4178 6420
644 363 776 433 1471

1898 368 2177 429 'l‘HEOD.
2228 369 2317 427 BA
2331 371 2635 439 LSAMON

3766 388 3904 451 1472

638 485 963 552 quentiusin
998 483 1216 539 civitate
1266 481 1493 544 versari,
1525 484 1578 535 in
1623 495 1729 551 qua
1768 489 1852 534 est
1888 482 2199 547 episcopus.

2331 488 2592 557 ἱυριακάς
2626 491 2701 559 μὴ
2728 492 3102 563 παραϐάλλειν
3145 494 3470 564 συχνότερον
3500 497 3559 548 ὲν
3601 499 3671 568 τῇ
3730 500 3898 551 πόλει

641 574 698 628 Si
755 579 922 641 enim,
958 575 1227 642 inquiunt,
1261 573 1363 627 hoc
1420 572 1494 625 ita
1560 570 1673 631 ﬁat,
1707 585 1805 624 nec
1864 569 1977 636 ipse
2026 569 2077 620 in
2116 568 2213 622 da-

639 682 824 721 mnum
859 665 1227 733 pccuniarimn
1288 662 1507 725 incidet,
1552 677 1617 715 eo
1655 661 1796 731 quod
1842 661 1893 713 in
1925 660 2044 728 ejus
2077 674 2213 729 pra:-

641 759 811 809 sentia
846 756 1052 809 fructus
1078 754 1404 822 colligantur
1431 772 1444 807 :
1478 767 1578 806 nec
1610 751 1845 821 regionis
1878 750 2040 821 500
2090 749 2208 818 epi-

641 863 837 916 se0pns
865 862 987 899 eum
1013 845 1338 914 arrogantiae
1365 844 1723 899 insimulabit.
1784 841 1907 896 limc
1963 856 2084 895 cum
2131 841 2204 895 ita

639 954 699 993 se
723 939 976 1005 habeam,
1004 952 1071 992 ne
1111 937 1318 992 dixeris
1348 951 1471 991 esse
1500 935 1866 990 necessarium
1936 935 2202 1002 episcopo

640 1030 733 1100 qni
784 1041 1031 1084 versatur
1088 1030 1143 1085 in
1202 1028 1635 1098 possessionibus
1698 1043 1817 1096 qua:
1878 1037 2005 1083 sunt
2060 1036 2214 1081 extra

640 1138 797 1175 suam
820 1122 1133 1187 ecclesiam,
1172 1122 1281 1176 illic
1304 1122 1483 1178 tribus
1534 1120 1830 1176 Dominicis
1891 1120 2103 1183 sedere,
2161 1127 2217 1173 et

641 1231 748 1269 non
781 1216 1040 1270 accedere
1076 1214 1129 1268 in
1166 1214 1351 1268 urbem
1403 1214 1459 1269 in
1515 1230 1621 1285 qua
1684 1220 1767 1268 est
1817 1213 1935 1282 ejus
1972 1212 2212 1283 regionis

639 1309 958 1375 episcopus;
1006 1305 1101 1359 sed
1157 1307 1442 1361 consilium
1505 1316 1706 1360 tantum
1731 1305 1868 1366 dari,
1924 1316 1978 1359 ut
2015 1305 2215 1360 vitetur

643 1398 980 1452 scandalum.
1009 1395 1066 1450 Si
1096 1401 1240 1450 enim
1262 1397 1396 1451 velit
1428 1404 1612 1463 postea
1653 1394 1706 1449 in
1759 1394 2033 1449 civitatem
2094 1407 2218 1460 pro—

643 1489 833 1552 ﬁcisci,
862 1498 916 1543 et
939 1504 1062 1542 eum
1120 1488 1263 1543 illius
1297 1487 1534 1563 regionis
1582 1485 1839 1555 episcopo
1872 1484 2218 1538 familiariter

643 1580 902 1650 colloqui,
946 1589 1000 1634 et
1032 1581 1084 1633 in
1121 1595 1247 1634 suas
1270 1577 1669 1632 ecclesiasticas
1729 1575 2100 1646 possessiones
2132 1590 2219 1629 re-

646 1672 785 1733 dire,
818 1688 925 1725 non
970 1669 1257 1725 vetabitur.
1300 1668 1394 1721 Est
1425 1666 1571 1721 enim
1626 1681 1820 1735 scopus
1854 1667 2109 1732 canonis,
2150 1681 2219 1721 ne

654 1763 799 1818 illius
833 1762 1075 1833 regionis
1105 1760 1394 1828 episcopus
1424 1759 1670 1813 turbetur
1700 1758 1767 1812 ab
1819 1758 2096 1826 episcopo,
2125 1757 2217 1827 qui

648 1855 787 1907 ultra
818 1871 925 1908 sua:
953 1855 1203 1909 ilicecesis
1240 1855 1373 1907 lines
1403 1853 1634 1915 accedit,
1666 1862 1719 1905 et
1744 1851 1811 1905 ab
1837 1851 1952 1920 ipso
1988 1852 2219 1906 fortasse

647 1946 850 2015 injuria
880 1945 1161 1999 aﬂiciatur.
1206 1944 1349 2014 Lege
1378 1954 1431 1998 et
1457 1959 1574 2011 qum
1629 1944 1679 1996 in
1716 1958 1926 1997 canone
1985 1943 2051 1997 16
2111 1943 2220 2010 pri-

649 2054 751 2092 tua:
779 2051 832 2091 et
866 2037 1113 2090 secumlaa
1146 2037 1332 2107 synodi
1386 2052 1415 2089 a
1486 2034 1641 2089 nobis
1709 2036 1912 2104 scripta
1973 2043 2118 2089 sunt.
2153 2033 2220 2089 Et

649 2139 771 2182 nota
794 2129 934 2197 quod
972 2130 1024 2182 in
1058 2128 1427 2181 immobilibus
1489 2126 1787 2180 alienarum
1864 2127 2217 2180 ecclesiarum

648 2220 1086 2286 possessionibus
1120 2219 1264 2272 illius
1295 2218 1528 2286 regionis
1589 2218 1879 2286 episcopus
1930 2218 2219 2284 episcopa-

649 2311 718 2364 Iia
769 2313 890 2381 jura
957 2320 1193 2365 excreet.
1262 2310 1336 2363 Ex
1385 2311 1539 2377 longa
1592 2320 1766 2361 autem
1831 2310 2221 2364 consuetudine

648 2420 789 2471 saepe
812 2404 1142 2473 synodaliter
1166 2406 1507 2465 continuata,
1542 2403 1771 2456 thronus
1827 2400 2220 2455 Constantino-

652 2496 998 2563 politanusiu
1035 2494 1278 2547 omnium
1332 2492 1686 2546 ecelesiarum
1756 2492 2069 2559 regionibus
2127 2492 2220 2544 dat

647 2588 737 2657 jus
759 2588 951 2655 ﬁgendi
998 2600 1238 2646 crucem,
1269 2595 1321 2637 et
1348 2600 1452 2637 non
1510 2584 1685 2637 solum
1730 2583 1781 2636 in
1813 2585 1877 2637 iis
1906 2583 2220 2638 relationem

655 2680 839 2737 habet.
872 2680 963 2732 sed
992 2689 1048 2733 et
1087 2680 1138 2731 in
1173 2677 1609 2745 possessionibus
1641 2691 1775 2744 quas
1808 2677 1967 2730 habet
1994 2676 2222 2730 ubicun—

651 2789 779 2841 que.
808 2770 1034 2837 Quidam
1068 2780 1243 2822 autem
1294 2769 1497 2831 dicunt,
1556 2770 1694 2820 hanc
1742 2778 1987 2821 sanctam
2041 2765 2221 2821 sedem

654 2865 757 2917 hoc
789 2862 878 2930 jns
910 2862 1132 2922 habere,
1169 2877 1273 2913 non
1306 2861 1479 2914 solum
1516 2858 1568 2910 in
1600 2858 2058 2923 posseSsionibus,
2088 2871 2224 2923 quas

652 2955 877 3009 dominii
924 2954 1046 3022 jure
1081 2953 1307 3016 obtinet,
1360 2953 1452 3006 sed
1509 2951 1672 3002 etiam
1733 2951 1785 3002 in
1854 2948 2226 3002 immobilibus

658 3048 1132 3108 monasteriorum,
1157 3061 1276 3114 qua:
1330 3045 1378 3097 ei
1436 3042 1675 3109 subjecta
1721 3051 1870 3101 sunt,
1920 3041 2226 3107 ubicunque

655 3156 719 3192 ea
755 3142 853 3191 sita
890 3140 1019 3192 sint.
1059 3136 1224 3191 Recte
1261 3148 1437 3189 autem
1462 3140 1772 3201 accepimus
1805 3134 2076 3202 liturgiam
2112 3133 2225 3186 sive
2253 3160 2300 3223 ο

658 3246 936 3284 sacrorum
969 3229 1388 3283 celebrationem
1416 3242 1514 3289 pro
1547 3230 1814 3278 oratione.
1859 3225 2025 3277 Sacra
2073 3222 2221 3275 enim

659 3324 958 3383 celebrare,
994 3337 1084 3373 seu
1136 3321 1470 3384 sacriﬁcare,
1509 3320 1624 3373 sine
1686 3317 1924 3387 episcopi
1992 3315 2225 3385 regionis

661 3412 1035 3480 permissioue,
1062 3424 1170 3463 non
1200 3419 1395 3478 potest.

738 3769 989 3823 Zt)N.\R.
1032 3766 1280 3835 Episcopi
1313 3767 1554 3834 quidam,
1598 3765 1774 3836 inquit
1802 3779 1998 3828 canon,
2035 3764 2085 3818 in
2113 3765 2234 3835 ejus

668 3864 840 3923 urbis,
877 3862 963 3915 cui
993 3869 1250 3925 pnesuut,
1287 3858 1599 3926 regionibus
1649 3857 1901 3926 proprias
1954 3857 2233 3928 (ecclesia-

670 3973 787 4010 rum
821 3956 1089 4016 videlicet,
1124 3969 1227 4005 non
1256 3963 1434 4004 autem
1473 3966 1610 4019 quas
1644 3950 1697 4003 in
1736 3951 1962 4019 privatis
1993 3951 2233 4019 ipsorum

670 4048 1024 4101 facultatibus
1076 4044 1402 4109 numerent),
1439 4044 1730 4096 admodum
1784 4045 2036 4110 exiguas;
2075 4041 2236 4095 iidem

673 4144 724 4195 in
769 4141 887 4193 aliis
942 4139 1249 4207 regionibus
1287 4138 1493 4206 amplas
1540 4152 1673 4191 sane
1731 4137 2101 4206 possessiones
2142 4137 2239 4190 ba-

674 4237 822 4298 hent,
866 4248 929 4286 ex
964 4248 1191 4300 quarum
1222 4229 1483 4284 fructibus
1509 4244 1801 4298 pauperum
1831 4228 2071 4297 inopiam
2108 4227 2239 4281 sub-

672 4327 878 4388 levare,
924 4322 1230 4377 necessaria
1282 4322 1516 4391 ipsorum
1572 4323 1765 4377 usibus
1806 4323 2235 4389 suppeditantes,

673 4430 893 4490 queant.
930 4420 1076 4482 Onus
1104 4418 1326 4485 proimle
1358 4416 1590 4476 fructus,
1650 4423 1709 4468 ut
1736 4414 2019 4481 colligant,
2058 4412 2108 4466 in
2146 4428 2240 4468 eas

2314 575 2433 652 ἐν
2463 586 2491 636 6
2520 583 2659 635 κατὰ
2709 584 2878 638 τόπον
2915 585 3065 637 ἐστὶν
3115 586 3452 649 ἐπίσκοπος’
3506 590 3706 642 τούτου
3760 591 3897 660 γάρ,

2315 675 2502 743 φασὶν,
2533 675 2674 727 οὕτω
2701 676 3009 743 γινομένου,
3042 676 3167 730 οὔτε
3196 679 3359 743 αὐτὸς
3389 681 3644 753 ὑποπέσῃ
3670 700 3902 750 χρημα-

2312 772 2439 841 τικῇ
2466 767 2661 841 ζημίᾳ,
2687 770 2775 823 διά
2800 771 2863 824 τὸ
2900 773 3042 825 κατά
3081 774 3386 842 παρουσίαν
3430 775 3602 827 αὐτοῦ
3634 775 3899 841 γενέσθαι

2315 862 2416 931 τὴν
2443 864 2782 934 συγκομιδὴν
2805 865 2913 917 τῶν
2936 866 3191 934 καρπῶν,
3221 866 3345 920 οὔτε
3400 870 3427 921 6
3457 868 3734 937 ἐγχώριος
3776 868 3901 922 ἐπί-

2318 973 2523 1020 σκοπος
2546 956 2871 1021 ἀλαζονείαν
2912 959 3089 1029 τούτῳ
3115 960 3515 1030 ἐπιγράφηται.
3552 960 3789 1014 τούτων
3811 960 3906 1015 οὖ-

2315 1065 2425 1112 τως
2460 1050 2715 1119 ἐχόντων,
2751 1051 2825 1121 μὴ
2852 1051 3015 1122 εἴπῃς
3042 1052 3445 1118 ἀναγκαστικὺν
3478 1051 3625 1105 εἶναι
3650 1054 3739 1123 τῷ
3774 1054 3898 1105 ἐπι-

2315 1139 2625 1211 δημήσαντι
2649 1144 2935 1210 ἐπισκόπῳ
2957 1144 3037 1208 είς
3093 1145 3163 1198 τά
3201 1147 3334 1212 παρ’
3372 1147 3593 1216 ἐνορίαν
3638 1148 3907 1217 κτήματα

2317 1238 2416 1304 τῆς
2450 1235 2751 1305 ἐκκλησίας
2797 1236 2965 1289 αὑτοῦ
3011 1238 3106 1289 ἐπὶ
3145 1239 3298 1309 τρισὶ
3358 1241 3671 1308 Κυριακαῖῖ
3713 1242 3906 1293 ἐκεῖσε

2319 1328 2621 1395 καθῆσθαι,
2653 1332 2751 1383 καὶ
2783 1332 2858 1400 μὴ
2906 1331 3285 1401 παραϐάλλειν
3333 1335 3391 1385 ἐν
3419 1337 3484 1402 τῇ
3538 1334 3703 1385 πόλει
3724 1327 3843 1403 ἐνῇ
3874 1333 3905 1384 6

2319 1418 2589 1490 ἐγχώριός
2614 1422 2764 1476 ἐστιν
2794 1423 3103 1493 ἀρχιερεὺς,
3138 1424 3277 1477 ἀλλά
3305 1424 3786 1493 συμϐουλευτικὸν
3816 1425 3909 1478 διὰ

2320 1513 2381 1567 τὸ
2412 1512 2861 1591 ἀσκανδάζιστον.
2894 1516 2957 1568 Ei
2988 1514 3096 1585 γὰρ
3124 1515 3269 1568 θέλει
3298 1516 3642 1570 ἀπεντεῦθεν
3674 1521 3761 1580 εἰς
3804 1518 3910 1587 τὴν

2320 1606 2477 1659 πόλιν
2500 1605 2759 1659 ἀπελθεῖν
2785 1609 2882 1662 καὶ
2903 1607 3262 1677 συνομιλῆσαι
3290 1609 3583 1677 εἰρηνικῶς
3611 1609 3690 1677 τῷ
3724 1610 3910 1678 ἐγχω-

2325 1697 2426 1767 ρίῳ
2453 1698 2725 1769 ἀρχιερεῖ,
2759 1701 2855 1753 καὶ
2878 1699 3237 1769 ὑποχωρῆσαι
3256 1702 3338 1765 είς
3361 1702 3429 1754 τὰ
3456 1701 3913 1769 ἐκκλησιαστικά

2253 1820 2292 1875 Β
2322 1792 2489 1845 αὐτοῦ
2521 1792 2801 1861 κτήματα,
2833 1793 2897 1846 οὑ
2921 1793 3321 1863 κωλυθήσεται.
3359 1795 3418 1847 Ὀ
3438 1796 3547 1863 γὰρ
3578 1797 3794 1858 σκοπὸς
3812 1798 3911 1849 τοῦ

2322 1887 2547 1947 κανόνος
2571 1884 2726 1939 οὐδέν
2755 1903 2810 1939 τι
2840 1886 3029 1959 ἔτερόν
3061 1889 3211 1941 ἐστιν
3232 1888 3349 1941 ἀλλ’
3380 1890 3412 1959 ἢ
3438 1889 3499 1941 τὸ
3519 1891 3595 1959 μὴ
3622 1892 3913 1960 ὀχλεῖσθαι

2322 1976 2415 2030 τὸν
2445 1977 2712 2048 ἐγχώριον
2732 1981 3035 2033 ἐπίσκοπον
3061 1982 3167 2035 ὑπὸ
3185 1983 3279 2035 τοῦ
3308 1985 3436 2052 παρ’
3468 1985 3693 2054 ἐνορίαν
3726 1988 3913 2037 ἐκεῖσε

2322 2067 2729 2138 ἀφικνουμένου
2758 2071 3090 2136 ἐπισκόπου,
3131 2073 3225 2125 καὶ
3260 2076 3393 2144 παρ’
3424 2076 3595 2126 αὑτοῦ
3629 2080 3769 2139 ἴσως
3820 2096 3916 2129 πε·-

2329 2158 2730 2229 ριυϐρίζεσθαι.
2750 2162 3089 2229 Ἀνάγνωσον
3119 2167 3214 2215 καὶ
3240 2164 3311 2217 τὰ
3328 2169 3385 2216 ἐν
3406 2164 3483 2228 ις’
3508 2167 3695 2218 κανόνι
3732 2167 3836 2234 τῆς
3866 2173 3915 2219 α’

2326 2256 2420 2305 καὶ
2445 2252 2487 2321 β’
2520 2253 2742 2306 συνόδου
2767 2256 3048 2324 γραφέντα
3082 2256 3215 2326 παρ’
3246 2257 3422 2325 ήμῶν.
3449 2258 3555 2308 Καὶ
3591 2258 3917 2327 σημείωσαι

2324 2346 2405 2399 ὄτι
2442 2347 2523 2409 είς
2561 2347 2661 2408 τὰς
2684 2348 2975 2416 ἀκινήτους
2999 2349 3219 2417 κτήσεις
3244 2349 3355 2401 τῶν
3373 2349 3675 2419 ἀλλοτρίων
3706 2353 3919 2419 ἐκκλη-

2325 2439 2457 2491 σιῶν
2479 2441 2507 2492 ό
2534 2438 2796 2509 ἐγχώριος
2828 2441 3129 2503 ἐπίσκοπος
3175 2442 3391 2511 ἐνεργεῖ
3436 2443 3506 2495 τὰ
3534 2446 3915 2513 ἀρχιερατικά

2323 2532 2528 2588 δίκαια.
2548 2533 2680 2586 Ἀπὸ
2714 2536 2936 2604 μακρᾶς
2963 2535 3018 2587 δὲ
3044 2536 3332 2606 συνηθείας
3354 2536 3755 2605 βεϐαιωθείσης
3784 2538 3920 2589 πολ-

2324 2626 2483 2687 λάκις
2513 2626 2809 2690 συνοδικῶς
2845 2630 2872 2679 6
2901 2629 3090 2697 θρόνος
3147 2633 3246 2699 τῆς
3281 2632 3916 2693 Κωνσταντινουπόλεως

2328 2723 2706 2793 σταυροπήγιά
2729 2743 2787 2777 τε
2810 2724 3025 2777 δίδωσιν
3056 2727 3136 2787 είς
3154 2725 3333 2790 πάσας
3351 2726 3450 2788 τὰς
3472 2726 3581 2778 τῶν
3602 2727 3919 2793 ἐκκλησιῶν

2329 2817 2575 2887 ἐνορίας,
2611 2819 2704 2871 καὶ
2740 2818 3021 2889 ἀναφορὰν
3056 2820 3169 2888 ἔχει
3218 2822 3278 2872 οὐ
3351 2823 3517 2889 μόνον
3547 2823 3607 2872 ἐν
3668 2822 3916 2882 τούτοις,

2332 2907 2473 2961 ἀλλά
2502 2910 2598 2961 καὶ
2626 2909 2713 2977 ἐφ’
2760 2904 2852 2973 αἷς
2886 2911 2998 2979 ἔχει
3041 2913 3322 2981 ἀκινήτοις
3372 2915 3638 2980 κτήσεσιν
3676 2915 3921 2980 baro-45+,-

2331 3018 2483 3059 ποτε.
2515 3005 2674 3063 Τινὲς
2709 3003 2766 3057 δὲ
2797 3004 3015 3071 λέγουσι
3072 3007 3135 3058 τι
3191 3007 3323 3059 αὐτὸ
3364 3007 3577 3058 δίκαιον
3618 3007 3776 3075 ἔχειν
3827 3010 3922 3059 τὸν

2334 3094 2497 3148 αὐτὸν
2532 3095 2689 3162 ἅγιον
2721 3097 2937 3166 θρόνον,
2957 3098 3019 3149 οὐ
3052 3098 3217 3165 μόνον
3270 3099 3349 3160 είς
3397 3099 3493 3158 τὰς
3534 3098 3919 3167 διαφερούσας

2332 3188 2509 3257 τούτῳ
2540 3190 2884 3259 κυριαρχικῷ
2912 3190 3110 3259 δικαίῳ
3137 3191 3383 3258 κτήσεις,
3409 3190 3543 3243 ἀλλὰ
3582 3197 3678 3244 καὶ
3730 3195 3817 3252 εἰς
3848 3194 3922 3243 τὰ

2330 3280 2565 3352 ἀκίνητα
2588 3282 2699 3333 τῶν
2725 3281 3099 3350 ὑποκειμένων
3124 3282 3301 3350 τούτῳ
3329 3283 3719 3351 μοναστηρίων
3746 3285 3921 3335 6m»-

2329 3372 2529 3442 δήποτε
2558 3373 2903 3443 διακείμενα.
2930 3374 3128 3436 Καλῶς
3163 3374 3220 3426 δὲ
3249 3375 3625 3440 ἐξελαϐόμεθα
3659 3376 3769 3444 τὴν
3808 3378 3921 3426 λει-

2331 3464 2597 3535 τουργίαν
2637 3467 2758 3519 ἀντὶ
2792 3467 2980 3535 εὐχῆς.
3014 3468 3367 3536 Λειτουργεῖν
3390 3468 3499 3536 γάρ
3530 3469 3655 3538 ἦτοι
3688 3470 3915 3538 ἱερουρ-

2332 3561 2449 3629 γεῖν
2484 3562 2652 3631 χωρὶς
2711 3562 3019 3632 ἐπιτροπῆς
3064 3562 3161 3615 τοῦ
3192 3562 3332 3616 κατά
3358 3562 3545 3632 χώραν
3604 3564 3923 3618 ἐπισκόπου

2344 3653 2609 3710 ἀδύνατόν
2632 3659 2804 3710 ἐστιν.

2406 3749 2651 3802 ΖΩΝΑΡ.
2679 3750 2801 3803 Τῶν
2823 3751 3138 3804 ἐπισκόπων
3169 3752 3339 3812 τινὲς,
3373 3751 3539 3819 φησιν
3568 3750 3599 3800 6
3623 3748 3840 3809 κανὼν,
3870 3751 3929 3803 ἐν

2335 3841 2454 3901 ταῖς
2476 3840 2686 3911 χώραις
2709 3841 2821 3894 τῶν
2867 3842 3078 3894 πόλεων
3101 3846 3159 3895 ἐν
3189 3838 3279 3904 αἷς
3310 3840 3737 3903 ἐπισκοποῦσιν,
3766 3842 3929 3909 ὀλίγα

2336 3941 2634 4011 κέκτηνται
2665 3942 2775 3997 ἴδια
2804 3943 2911 3996 τῶν
2944 3944 3255 4012 ἐκκλησιῶν
3278 3944 3482 4005 αὐτῶν,
3512 3944 3633 3997 ἀλλ’
3659 3945 3792 4012 οὐχὶ
3820 3948 3930 3998 ἴδια

2337 4032 2436 4101 τῆς
2455 4033 2661 4096 οἰκείας
2696 4034 3019 4105 περιουσίας
3039 4052 3052 4064 ·
3082 4036 3141 4088 ἐν
3170 4036 3225 4088 δέ
3255 4035 3471 4103 ἑτέραις
3494 4038 3714 4105 χώραις
3742 4038 3929 4106 ἔχουσι

2339 4124 2561 4191 κτήσεις
2594 4122 2860 4191 μεγάλας,
2897 4123 2956 4188 ἐξ
2994 4117 3071 4177 ὧν
3102 4125 3359 4179 δύνανται
3394 4126 3615 4194 βοηθεῖν
3668 4132 3793 4191 τοῖς
3829 4129 3929 4181 πέ-

2338 4232 2487 4285 νησι,
2519 4216 2757 4278 διδόντες
2783 4217 2971 4279 αὐτοῖς
2995 4218 3064 4269 τά
3095 4218 3233 4286 πρὸς
3291 4217 3504 4287 χρείαν,
3566 4218 3717 4272 ὥστε
3756 4223 3929 4287 ἀναγ-

2340 4310 2493 4361 καῖον
2528 4306 2669 4361 εἶναι
2695 4309 2878 4372 αὐτοῖς
2902 4309 3242 4379 ἀπέρχεσθαι
3280 4313 3399 4364 ἐκεῖ
3427 4311 3517 4387 διὰ
3570 4313 3679 4383 τὴν
3738 4316 3930 4369 collo.

2340 4401 2444 4470 γὴν
2467 4402 2575 4454 τῶν
2610 4403 2859 4473 καρπῶν.
2912 4403 3102 4465 Οὕτως
3152 4402 3264 4464 οὖν,
3316 4406 3473 4471 φησὶ,
3520 4409 3932 4477 συγχωρείσθω

674 4514 922 4581 regiones
950 4509 1240 4572 aliquando
1292 4509 1421 4577 ipsis
1484 4506 1792 4562 necessario
1827 4508 1899 4560 sit
1931 4520 2225 4560 commean-

2345 4496 2424 4556 είς
2454 4494 2648 4565 ἐτέραν
2679 4495 2898 4563 ἐνορίαν
2925 4494 3139 4561 διάγειν
3165 4494 3489 4557 ἐπίσκοπος,
3524 4497 3619 4549 ἵνα.
3654 4499 3752 4549 ἐπὶ
3782 4502 3933 4567 τρεῖς

674 4606 821 4658 dmn.
860 4603 1123 4671 Episcopo
1148 4602 1331 4671 igitur,
1357 4599 1548 4669 inquit,
1582 4602 1635 4653 in
1659 4613 1786 4653 suos
1814 4612 1970 4667 agros
1998 4597 2241 4665 proiecto

676 4698 872 4767 degere
917 4695 969 4748 in
1000 4693 1171 4747 aliena
1206 4691 1417 4747 ditione
1442 4692 1515 4745 ita
1557 4690 1734 4755 liceat,
1766 4698 1825 4742 ut
1876 4704 1942 4744 ne
1986 4689 2052 4742 ad
2083 4690 2243 4742 urba-

677 4806 807 4844 num
862 4787 1171 4855 episcopum
1223 4785 1384 4838 triqu
1433 4782 1897 4837 hebdomadarum
1954 4781 2238 4834 intervallo

676 4898 735 4936 sc.
763 4878 1042 4942 (νηπίω-ειη
1080 4877 1173 4932 sed
1216 4876 1268 4929 in
1317 4877 1430 4930 suis
1481 4889 1603 4929 sese
1646 4873 2078 4944 possessionibus
2113 4887 2245 4926 con-

681 4978 870 5037 tineat,
900 4987 965 5025 ac
991 4973 1042 5024 in
1070 4969 1423 5039 propinquam
1461 4971 1542 5022 eis
1597 4966 1884 5022 ecclesiam
1934 4966 2243 5029 conveniat,

679 5068 732 5120 in
765 5080 923 5133 quam
952 5065 1175 5132 populus
1203 5078 1229 5113 a
1266 5064 1584 5131 presbytero
1616 5059 1910 5113 convocari
1946 5060 2107 5121 solet,
2140 5057 2244 5110 ibi-

679 5174 783 5228 que
815 5159 1039 5224 liturgia:
1068 5165 1240 5212 vacet.
1267 5155 1522 5222 Liturgizc
1552 5169 1714 5223 porro
1739 5152 1956 5205 nomine
1983 5153 2085 5205 hoc
2104 5151 2242 5215 loco,

680 5268 787 5306 non
816 5266 1098 5304 sacrorum
1147 5247 1591 5309 celebrationem,
1649 5244 2028 5312 incruentique
2077 5243 2249 5296 sacri-

682 5344 1184 5401 ﬁeiiohlationem,
1240 5342 1333 5394 sed
1388 5350 1560 5393 statas
1630 5354 1839 5406 preces,
1895 5353 1959 5391 ac
1993 5338 2243 5407 hymnos,

683 5439 776 5506 qui
808 5437 1036 5491 solemni
1079 5449 1227 5488 more
1253 5434 1358 5486 Deo
1388 5433 1775 5491 concinuntur,
1807 5430 2033 5496 intelligi
2088 5443 2251 5496 opor-

685 5538 783 5584 tet.
810 5530 945 5582 Nam
978 5542 1130 5582 sacra
1158 5526 1355 5586 facere,
1417 5535 1508 5577 aut
1540 5524 1683 5577 aliud
1744 5520 2020 5592 quidpiam
2051 5519 2247 5573 summi

688 5621 971 5676 sacerdotii
1020 5635 1216 5674 munus
1243 5620 1292 5670 in
1317 5618 1485 5671 aliena
1541 5617 1759 5684 regione
1812 5614 1985 5675 obire,
2041 5613 2247 5680 absque

689 5713 827 5780 ejus,
854 5712 940 5780 qui
967 5723 1180 5780 praeest,
1203 5710 1440 5779 episc0pi
1473 5708 1747 5769 facultate,
1785 5707 1873 5774 qui
1902 5704 2112 5775 possit?
2147 5705 2250 5758 De-

695 5805 961 5875 positiouc
1009 5804 1232 5868 etenim,
1289 5803 1377 5872 qui
1436 5801 1485 5855 id
1540 5801 1751 5865 fecerit,
1808 5798 2067 5854 tricesimi
2119 5796 2252 5852 sexti

2345 4587 2648 4657 ἑϐδομάδας
2678 4587 2752 4657 μὴ
2780 4586 3098 4657 συνέρχοιτο
3120 4588 3199 4655 τῷ
3226 4589 3519 4656 ἐπισκόπῳ
3550 4590 3660 4657 τῆς
3691 4592 3933 4656 πόλεως,

2343 4678 2463 4732 ἀλλ’
2486 4680 2545 4731 ἐν
2570 4680 2680 4739 τοῖς
2709 4678 2896 4745 ἀγροῖς
2928 4677 3097 4730 αὑτοῦ
3126 4677 3312 4750 διάγῃ,
3348 4679 3444 4731 καὶ
3488 4681 3547 4732 ἐν
3581 4683 3653 4749 τῇ
3690 4681 3936 4751 πλησια-

2346 4769 2514 4840 ζούσῃ
2572 4770 2690 4821 ἐκεῖ
2720 4767 2987 4838 ἐκκλησίᾳ
3020 4768 3079 4819 ἐν
3172 4766 3542 4837 πρεσϐύτερος
3566 4771 3673 4840 τὴν
3703 4770 3933 4834 σύνιιξιν

2347 4860 2437 4914 τοῦ
2464 4858 2596 4912 λαοῦ
2631 4855 2890 4925 ποιεῖται,
2944 4858 3297 4928 συνέρχηται,
3354 4861 3447 4911 καὶ
3506 4859 3838 4932 λειτουργῇ.
3866 4864 3935 4915 Τὸ

2348 4953 2404 5005 δὲ
2434 4952 2770 5020 λειτουργεῖν
2793 4949 3028 5004 ἐνταῦθα
3055 4950 3177 5018 οὐχὶ
3204 4952 3263 5002 τὸ
3297 4951 3606 5019 ἱερουργεῖν
3639 4952 3739 5003 καὶ
3769 4970 3939 5021 προσ-

2351 5048 2541 5117 φέρειν
2567 5045 2666 5115 τὴν
2691 5043 3031 5113 ἀναίμακτον
3064 5042 3260 5095 θυσίαν
3300 5044 3546 5111 νοητέον,
3582 5043 3731 5095 ἀ).λά
3764 5045 3830 5097 τὸ
3854 5045 3937 5097 εὔ-

2347 5139 2563 5211 χεσθαι,
2595 5139 2688 5190 καὶ
2716 5136 2845 5199 τοὺς
2876 5134 3127 5197 συνήθεις
3158 5133 3363 5204 ὕμνους
3392 5133 3470 5203 τῷ
3502 5134 3629 5204 Θεῷ
3668 5138 3935 5205 ἀναπέμ-

2350 5248 2497 5284 πειν.
2534 5228 2657 5292 Πῶς
2717 5228 2825 5298 γὰρ
2877 5227 3234 5296 ίερουργῆσαι
3283 5226 3536 5296 ἠδύνατο,
3602 5228 3637 5298 ἥ
3696 5230 3837 5283 ἄλλο
3889 5248 3936 5281 τι

2350 5323 2576 5392 ποιῆσαι
2598 5320 2987 5392 ἀρχιερατικδν
3016 5318 3225 5372 δίκαιον
3259 5320 3339 5381 είς
3363 5318 3660 5389 ἀλλοτρίαν
3692 5324 3935 5390 ἑνορίαν,

2357 5426 2432 5495 μὴ
2465 5424 2617 5493 παρά
2651 5422 2744 5475 τοῦ
2790 5420 3091 5473 ἐπισκόπου
3127 5419 3227 5487 τῆς
3253 5420 3437 5489 χώρας
3482 5421 3645 5473 τοῦτο
3708 5422 3936 5490 ἐπιτρι-

2354 5519 2514 5583 πείς;
2550 5515 2705 5569 Κατά
2732 5513 2843 5583 γὰρ
2872 5513 2963 5568 τὸν
3003 5512 3094 5577 λς’
3116 5516 3315 5565 κανόνα
3349 5512 3456 5564 τῶν
3479 5512 3813 5565 ἀποστόλων
3842 5532 3934 5564 κσ-

2357 5608 2628 5680 θαιρεῖται
2656 5606 2683 5657 ὁ
2714 5604 2874 5657 τοῦτο
2935 5604 3195 5671 ποιήσας.
3245 5602 3356 5655 Καὶ
3389 5600 3449 5651 τὸ
3478 5600 3855 5670 συνέρχεσθαι
3886 5599 3937 5649 δὲ

2360 5702 2441 5762 είς
2471 5698 2792 5769 ἐκκλησίαν,
2820 5696 2914 5749 καὶ
2950 5693 3306 5761 συνεύχεσθαι
3325 5694 3439 5754 τοῖς
3483 5692 3675 5743 ἐκεῖσε
3703 5692 3933 5750 πιστοῖς,

2360 5794 2449 5849 διὰ
2486 5793 2664 5859 τοῦτο,
2697 5790 2883 5862 φασὶν,
2919 5788 3308 5859 ἐπιτρέπομεν,
3344 5786 3429 5839 ἵνα
3477 5783 3554 5853 μὴ
3612 5782 3751 5853 δοκῇ
3776 5784 3935 5853 χωρὶς
