4178 6420
315 382 426 443 ΗἹΣ

1405 379 1486 438 ΙΝ
1525 378 1688 439 CAN.
1732 377 1860 436 XIV
1900 376 2105 438 CONC.
2152 379 2438 439 SARDIC.

3411 383 3544 447 illi

309 495 680 558 συνελεύσεως
722 491 886 557 εἶναι,
922 496 1011 546 καὶ
1052 494 1368 564 προπκῳώῃ
1422 492 1556 560 πρὸς
1616 492 1705 542 τον
1738 491 1877 543 ἀνω·
1903 493 1951 552 Α
1981 491 2259 556 apostolici
2307 490 2531 545 canonis
2554 491 2772 544 decreto
2803 492 3017 545 multari
3044 493 3223 547 debet.
3286 495 3354 550 Ut.
3412 515 3542 557 νοω

306 589 450 654 τέρω
477 589 768 656 εἰρημένον
826 589 1050 650 κανόνα,
1103 587 1193 637 τὸν
1239 586 1566 654 ἀφορίζοντα
1607 584 1731 644 τοὺς
1782 579 1875 634 ἐπὶ

306 681 454 748 τρεῖς
486 679 788 747 ἑϐδομάδας
822 678 895 749 μὴ
951 679 1232 740 συνιόντας
1285 678 1364 739 εἰς
1423 675 1718 742 ἐκκλησίαν
1750 691 1762 704 ⁸
1797 672 1874 744 μὴ

311 771 518 836 μέντοι,
554 770 707 838 φασὶ,
735 770 1120 840 συνεχέστερον
1153 770 1231 831 είς
1253 771 1351 839 τὴν
1382 768 1533 821 πόλιν
1559 767 1656 836 τῆς
1691 765 1874 836 χώρας

309 861 529 930 ἐκείνης
568 863 946 932 παραγίνοιτο,
981 863 1064 915 ἶνα
1121 860 1264 914 οὕτω
1302 863 1438 930 μήτε
1496 859 1701 928 ζημίαν
1752 858 1874 911 τινὰ

311 957 519 1025 ὑποστῇ
550 957 611 1009 ἐκ
645 956 738 1008 τοῦ
778 957 851 1023 μὴ
881 959 1160 1025 ἐπιτηρεῖν
1210 956 1276 1006 τὰ
1306 955 1497 1015 οἰκεῖα,
1528 951 1622 1004 καὶ
1678 949 1738 1002 τὸ
1773 950 1874 1016 τῆς

306 1047 627 1109 ἀλαζονείας
664 1047 888 1119 ἐκκλίνῃ
922 1047 1172 1111 αἰτίαμα,
1213 1045 1404 1116 μὴδιά
1448 1045 1606 1108 δόξαν
1659 1040 1876 1111 νομιζό-

307 1154 472 1204 μενος
502 1140 726 1191 ἀπιέναι
753 1142 829 1202 εἰς
874 1141 1068 1208 ἑτέραν
1097 1139 1250 1190 πόλιν
1281 1138 1312 1207 ἦ
1365 1136 1572 1206 χώραν,
1627 1133 1767 1187 ὥστε
1797 1133 1874 1185 δι-

304 1229 550 1292 δάσκειν,
577 1233 670 1284 καὶ
699 1231 1085 1299 καταισχύνειν
1109 1229 1200 1281 τὸν
1228 1231 1285 1279 ἐν
1332 1229 1516 1298 ἐκείνῃ
1552 1224 1867 1278 ἐπίσκοπον.

1985 582 2039 638 in
2074 583 2360 637 ecclesiam
2391 583 2695 646 conveniat,
2731 583 2915 652 ibique
2941 599 3061 637 cum
3121 585 3369 640 fidelibus
3417 605 3544 659 pre-

1979 675 2180 729 cationi
2204 681 2377 739 vacet,
2410 672 2631 735 idcirco,
2664 672 2936 742 inquiunt,
2993 678 3379 742 permittimus,
3413 694 3479 734 ne
3511 698 3539 734 a

1979 768 2358 823 communione
2388 765 2594 819 alienus
2614 782 2733 820 esse
2781 766 3053 830 videatur,
3075 782 3209 823 neve
3263 773 3314 825 in
3367 789 3534 828 cano-

1981 877 2100 915 nem
2133 877 2292 931 supra
2319 864 2656 930 propositum
2687 859 2940 925 offendat,
3004 877 3098 930 per
3141 879 3300 931 quem
3341 870 3411 930 ei,
3449 871 3542 936 qui

1981 955 2155 1007 tribus
2188 952 2539 1006 hebdomadis
2565 952 2615 1005 in
2639 951 2925 1005 ecclesiam
2950 968 3054 1007 non
3087 962 3421 1025 convenerit,
3454 979 3543 1018 se-

1981 1044 2222 1112 gregatio
2264 1044 2461 1098 indicta
2491 1052 2612 1108 est,
2649 1056 2752 1097 non
2782 1053 2958 1096 tamen
2993 1046 3047 1097 ln
3073 1049 3257 1102 urbem
3279 1053 3398 1124 ejus
3456 1073 3542 1112 rc.

1980 1135 2152 1203 gionis
2182 1135 2512 1205 frequentius
2552 1147 2850 1205 commeet;
2883 1151 2941 1195 ut
2971 1141 3074 1197 hoc
3141 1155 3298 1214 pacto
3364 1162 3541 1219 neque

1981 1222 2269 1276 I'ucuIlnlcs
2330 1215 2599 1292 neglectas
2675 1225 2986 1299 detrimenti
3052 1231 3256 1300 aliquid
3313 1215 3543 1303 subeat,

306 1338 483 1391 neque
532 1329 851 1393 arrogantia:
885 1326 1357 1392 reprehensionem
1403 1323 1663 1383 incurrat,
1705 1317 1860 1387 quasi
1896 1315 2134 1385 gloriola:
2157 1321 2483 1403 ancnpmnlm
2535 1317 2713 1371 studio
2747 1318 2798 1371 in
2829 1319 3054 1374 alternam
3106 1327 3288 1379 urbem
3342 1338 3435 1383 aut
3461 1344 3546 1383 re-

307 1416 543 1485 gionem,
577 1417 797 1469 docendi
828 1429 1013 1482 causa,
1072 1433 1132 1471 ac
1169 1416 1302 1483 ejus,
1347 1417 1438 1483 qui
1488 1412 1541 1466 in
1577 1426 1637 1466 ea
1714 1409 1881 1476 degit,
1914 1407 2146 1477 episcopi
2187 1407 2469 1476 sugillandi
2499 1409 2880 1477 sitjprofectus.

306 1511 529 1564 ΔΡΙΣΤ.
577 1529 596 1562 ι
649 1512 980 1575 Ἐπίσκοπος
1034 1516 1255 1582 κτήσεις
1289 1509 1626 1580 κεκτημένος
1678 1507 1875 1577 61:590-

383 1620 402 1653 ι
462 1603 632 1669 ρίους,
669 1605 717 1653 εἰ
754 1601 935 1671 μέλλει
982 1604 1038 1655 ἐν
1068 1601 1296 1664 ταύταις
1357 1601 1515 1662 ἰέναι,
1581 1598 1656 1666 μὴ
1709 1597 1873 1647 πλέον

387 1715 406 1748 ι
453 1697 636 1748 ἐκεῖσε
675 1697 883 1766 μενέτω
926 1694 1225 1765 Κυριακῶν
1277 1691 1443 1762 τριῶν
1479 1690 1871 1790 δίαστήματος.
1905 1732 1948 1790 Β

393 1806 412 1840 ι
464 1789 619 1840 Οὕτω
645 1791 753 1858 γὰρ
785 1788 1014 1856 ήοὶκεία
1044 1787 1236 1841 τοῦτον
1265 1785 1464 1855 ποίμνη
1493 1780 1873 1850 καταπλουτή-

387 1899 404 1932 ι
452 1897 560 1944 σει,
595 1883 688 1932 καὶ
722 1881 885 1941 αὐτὸς
917 1881 1118 1946 ἀτυιξος
1144 1878 1411 1947 διαμένοι.
1453 1895 1470 1927 ι

387 1973 660 2042 Κτήματά
687 1990 834 2036 τινες
862 1971 971 2024 τῶν
1000 1971 1317 2024 ἐπισκόπων
1349 1970 1397 2021 εί
1424 1967 1597 2038 ἔχοιεν
1629 1965 1688 2018 ἐν
1717 1962 1874 2016 ἀλλο-

308 2063 494 2134 τρίαις
528 2065 860 2126 ἐπισκοπαῖς
904 2063 1155 2133 κείμενα,
1201 2062 1262 2114 οὐ
1293 2059 1588 2114 κωλύονται
1637 2055 1874 2126 ἀπέρχε-

313 2152 438 2205 σθαι
477 2154 556 2214 ei;
592 2154 922 2222 ἐπιτὴρησιν
951 2150 1178 2216 τούτων,
1215 2150 1309 2202 καὶ
1335 2147 1434 2218 τὴν
1465 2146 1732 2215 συλλογὴν
1763 2145 1874 2196 τῶν

308 2243 542 2312 καρπῶν
568 2243 858 2297 ποιεῖσθαι.
881 2241 1025 2312 Πλὴν
1047 2242 1140 2294 καὶ
1163 2235 1309 2294 οὗτοι
1341 2239 1502 2293 πλέον
1523 2238 1690 2309 τριῶν
1721 2237 1867 2290 ἐϐδο-

311 2336 497 2406 μάδων
524 2337 581 2388 ἐν
606 2335 912 2406 ἀλλοτρίαις
942 2334 1277 2405 ἐγχρονίζειν
1296 2331 1356 2385 οὐ
1385 2330 1834 2401 συγκεχώρηνται
1855 2344 1870 2358 ο

309 2425 398 2477 ἵνα
433 2427 570 2495 μήτε
620 2427 690 2477 τὰ
732 2425 830 2493 τῆς
880 2425 1175 2496 ἐκκλησίας
1218 2423 1397 2477 αὐτῶν
1441 2423 1740 2492 πράγματα
1787 2416 1876 2470 διὰ

310 2520 408 2586 τὴν
439 2518 705 2569 ἀπουσίαν
734 2518 912 2570 αὐτῶν
941 2517 1275 2580 ἀπόλωνται,
1311 2515 1452 2585 μήτε
1486 2513 1738 2583 ἔγκλημα
1782 2511 1878 2563 τύο

316 2625 416 2676 φου
450 2607 545 2660 καὶ
570 2607 890 2671 ἀλαζονείας
920 2609 1102 2671 αὐτοῖς
1136 2606 1512 2677 προσάψωσιν,
1535 2606 1628 2657 ἐπὶ
1669 2601 1876 2674 μακρό-

314 2717 474 2770 τερον
499 2703 557 2753 ἐν
587 2699 845 2770 ἀλλοτρίᾳ
884 2701 1033 2753 πόλει
1071 2698 1491 2768 ἐνδιατρίϐουσι.

898 2792 1137 2845 ΚΑΝΩΝ
1185 2789 1281 2845 Il".

321 2903 340 2936 ι
385 2889 568 2948 Ὀσιος
599 2886 902 2947 ἐπίσκοπος
954 2882 1110 2937 εἷπε·
1153 2885 1276 2938 Ἐάν
1312 2901 1392 2945 τις
1442 2883 1710 2944 διάκονος,
1756 2881 1878 2950 ἦτοι

393 2998 410 3028 ι
449 2979 838 3047 πρεσϐύτερος,
865 2978 895 3048 ἢ
927 2977 1020 3029 καί
1047 2994 1131 3038 τις
1161 2975 1268 3028 τῶν
1325 2974 1605 3045 κληρικῶν
1643 2971 1879 3024 ἀκοινὼ-

391 3089 408 3120 r
447 3088 608 3133 νητος
634 3071 888 3137 γένηται,
918 3071 1014 3121 καὶ
1053 3069 1190 3138 πρὸς
1231 3068 1425 3135 ἕτερον
1454 3067 1756 3136 ἐπίσκοπον
1787 3062 1878 3112 τὸν

389 3182 407 3214 ι
442 3162 620 3214 εἰδότα
661 3161 827 3213 αὑτὸν
857 3160 1174 3230 καταφύγῃ,
1228 3158 1565 3225 γινώσκοντα
1617 3157 1880 3206 ἀποκεκι-

390 3275 406 3306 ι
447 3255 647 3324 νῆσθαι
711 3254 873 3305 αὑτὸν
930 3255 1028 3320 τῆς
1074 3251 1362 3313 κοινωνίας
1414 3248 1564 3318 παρά
1601 3247 1696 3298 τοῦ
1747 3245 1878 3297 ἰδίου

395 3366 412 3398 ι
449 3347 776 3409 ἐπισκόπου,
805 3344 879 3414 μὴ
905 3345 1108 3414 χρῆναι
1129 3343 1208 3412 τῷ
1236 3343 1520 3410 ἐπισκόπῳ
1547 3339 1639 3391 καὶ
1666 3336 1880 3405 ἀδελφῴ

397 3459 413 3489 ι
452 3439 617 3493 αὑτοῦ
650 3437 810 3507 ὓϐριν
831 3434 1090 3488 ποιοῦντα
1116 3435 1377 3504 παρέχειν
1395 3432 1541 3498 αύτῷ
1571 3426 1878 3482 κοινωνίαν.

388 3549 405 3582 ι
445 3532 506 3584 EI
534 3531 591 3582 δέ
625 3530 889 3598 τολμήσοι
919 3526 1080 3579 τοῦτο
1131 3528 1375 3597 ποιῆσαι,
1407 3522 1725 3592 γινωσκέτω
1755 3535 1882 3572 συν-

386 3643 403 3673 (
444 3622 708 3675 ελθόντων
734 3620 1049 3672 ἐπισκόπων
1078 3617 1342 3688 ἀπολογίᾳ
1364 3615 1555 3669 ἐαυτὸν
1575 3611 1881 3666 ὑπεύθυνον

389 3733 406 3765 ι
444 3711 781 3766 καθεστάναι.
827 3729 844 3763 ι

383 3805 579 3858 ΒΑΛΣ.
615 3802 915 3871 Ἀνάγνωθι
945 3801 1037 3853 τὸν
1083 3799 1170 3870 ιβ’,
1226 3798 1309 3860 ιδ’,
1344 3796 1423 3869 λβ⁹
1449 3797 1542 3851 καὶ
1567 3796 1649 3865 λγ¹
1679 3796 1879 3849 κανόνα

312 3899 423 3950 τῶν
448 3896 621 3962 ἁγίων
639 3891 1104 3954 ἀποστόλων,³καὶ
1143 3895 1241 3960 τῆς
1279 3893 1336 3943 ἐν
1391 3887 1695 3958 Ἀντιοχείᾳ
1724 3887 1881 3939 συνό-

310 3991 401 4043 δου
426 3988 626 4040 κανόνα
649 3985 723 4051 ς’,
751 3986 816 4038 τὰ
839 3985 979 4038 αὑτά
1002 3984 1281 4053 λέγοντας.

385 4082 628 4134 ΖΩΝᾹΡ.
686 4078 857 4131 Τοῦτο
931 4077 1026 4129 καὶ
1082 4074 1440 4130 ἀποστολικοὶ
1499 4074 1724 4135 κανόνες
1784 4072 1879 4125 καὶ

317 4175 584 4226 συνοδικοὶ
616 4171 805 4222 πολλοὶ
837 4169 1178 4233 διετάξαντο.
1217 4167 1346 4222 Ὀτε
1393 4166 1502 4235 γὰρ
1530 4162 1612 4234 λβ⁹
1635 4164 1775 4216 καὶὸ
1798 4162 1878 4229 λγ⁸

313 4267 422 4318 τῶν
463 4265 637 4330 ἁγίων
662 4260 981 4314 ἀποστόλων
1011 4259 1211 4324 κανὼν,
1238 4259 1334 4312 καὶ
1357 4260 1386 4311 ό
1442 4263 1511 4326 ιγ’
1543 4255 1644 4325 τῆς
1665 4257 1722 4308 ἐν
1759 4254 1881 4307 Ἀν-

311 4357 518 4426 τ.οχεία
560 4355 776 4407 συνόδου
800 4356 868 4407 τά
887 4353 1026 4407 αύτά
1048 4351 1457 4405 τεθεσπίκασιν.

365 3228 379 3275 I

323 3757 344 3783 Ι

310 4533 533 4590 ΑΡΙΣΤ,
573 4552 590 4583 ι
635 4533 693 4584 Ὀ
740 4530 832 4582 τὸν
895 4529 1048 4598 παρὰ
1093 4527 1188 4580 τοῦ
1240 4528 1371 4580 ίδίου
1408 4526 1708 4580 ἐπισκόπου
1738 4526 1871 4594 ἀφο-

390 4647 406 4678 ι
451 4625 704 4696 ρισθὲντα
746 4624 1033 4686 κοινωνίας
1095 4623 1231 4693 μετὰ
1289 4620 1496 4690 γνῶσιν
1548 4619 1714 4685 ἀξιῶν
1771 4618 1873 4672 οὐκ

387 4739 403 4769 ι
444 4717 756 4778 ἀνεύθυνος.
787 4733 804 4766 ι

392 4812 449 4862 ’0
487 4811 543 4861 ἐν
585 4809 789 4878 είδήσει
819 4806 1112 4876 δεξάμενος
1136 4803 1225 4857 τὸν
1256 4803 1406 4870 παρά
1438 4803 1534 4856 τοῦ
1565 4803 1697 4856 ίδίου
1753 4804 1873 4855 ἐπι-

311 4903 516 4955 σκόπου
557 4899 924 4972 ἀφορισθέντα
946 4896 1339 4968 πρεσϐύτερον,
1373 4895 1406 4965 ἢ
1441 4894 1871 4963 διάκονον,ἢκαί

307 5009 429 5045 τινα
453 4991 562 5044 τῶν
594 4973 892 5061 κληρικῶν,
922 4987 1015 5040 καὶ
1035 4987 1499 5057 συγκοινωνήσας,
1524 4987 1644 5055 ἦτοι
1668 4986 1873 5038 συλλει-

309 5103 404 5137 του
415 5085 623 5154 ργήσας
643 5081 828 5152 αὐτῷ,
851 5081 951 5133 οὐκ
974 5078 1289 5146 ἀνεύθυνος,
1309 5078 1422 5131 ἀλλ’
1445 5078 1872 5148 ἀφορισθήσεται

312 5182 403 5231 καί
440 5178 624 5239 αὐτὸς,
662 5176 805 5227 κατά
848 5173 941 5227 τὸν
984 5171 1286 5226 δωδέκατον
1318 5169 1518 5223 κανόνα
1550 5170 1658 5223 τῶν
1702 5169 1872 5239 ἁγίων

313 5268 652 5323 ἀποστόλων.

878 5357 1114 5412 ΚΑΝΩΝ
1142 5359 1240 5410 LV.

321 5472 339 5506 ι
378 5453 446 5506 Εἰ
467 5470 549 5516 τις
581 5451 886 5512 ἐπίσκοπος
927 5449 1038 5520 (79)
1069 5447 1323 5518 ὀξύχολος
1371 5447 1701 5517 εὑρίσκοιτο,
1732 5449 1866 5518 ὅπερ

1979 1501 2208 1557 AlllST.
2245 1520 2264 1553 ι
2305 1502 2599 1573 Episcopus
2631 1505 2722 1570 qui
2772 1509 3143 1574 possessiones
3177 1512 3334 1568 habet
3377 1525 3534 1569 extra

2058 1595 2339 1651 «dimcesis
2381 1611 2491 1650 suae
2515 1595 2782 1660 limites,si
2812 1613 2904 1654 eas
2933 1600 3004 1655 sit
3029 1600 3400 1670 invisurus,ne
3425 1609 3546 1676 plus

2057 1706 2076 1740 ι
2108 1703 2270 1757 quam
2303 1689 2464 1743 trimn
2491 1688 2888 1745 Dominicarum
2944 1696 3120 1763 spatio
3181 1696 3250 1751 ibi
3305 1708 3543 1753 maneat.

2057 1800 2074 1833 ι
2113 1783 2203 1836 Sic
2230 1781 2372 1835 enim
2409 1782 2574 1850 ipsius
2597 1799 2726 1853 grex
2763 1800 2828 1839 eo
2853 1785 3080 1853 fruetur,
3113 1787 3335 1859 ipseque
3367 1790 3541 1848 fastu:

2057 1889 2077 1920 ι
2108 1873 2412 1940 suspicione
2435 1874 2656 1928 carebit.
2695 1894 2714 1926 ι

2051 1961 2220 2031 Siqui
2247 1964 2626 2035 episcoporum
2680 1971 3052 2037 possessiones
3089 1973 3140 2025 in
3197 1973 3386 2029 alienis
3427 1977 3541 2044 cpi-

1975 2055 2286 2122 scopatibus
2313 2059 2515 2124 positas
2552 2060 2808 2126 habeant,
2833 2063 2957 2116 illuc
2999 2064 3166 2129 adire,
3203 2079 3258 2118 ut
3301 2082 3392 2120 eas
3442 2069 3542 2121 ob-

1974 2153 2189 2197 servent
2218 2153 2271 2198 et
2312 2145 2520 2200 fructus
2551 2150 2824 2217 colligant,
2872 2169 2977 2206 non
3007 2155 3390 2221 prohibentur.
3429 2158 3536 2212 Sed

1976 2245 2032 2288 et
2061 2235 2113 2287 hi
2143 2236 2424 2306 plusquam
2460 2248 2569 2292 tres
2607 2241 2972 2298 Itebdomades
3005 2244 3058 2297 In
3081 2245 3277 2301 alienis
3327 2251 3543 2316 episco-

1978 2327 2194 2395 palibus
2243 2329 2520 2385 immorari
2582 2348 2686 2385 non
2741 2336 3146 2402 permittuntur.
3177 2336 3245 2392 Ut
3296 2355 3394 2393 nec
3428 2357 3538 2395 sum

1976 2419 2220 2474 ecclesia:
2244 2423 2456 2491 negOtia
2487 2439 2582 2493 per
2634 2425 2933 2479 absentiam
2965 2426 3119 2497 501
3155 2445 3340 2484 eorum
3389 2435 3546 2486 dam-

1981 2527 2104 2564 num
2143 2514 2435 2581 patiantur,
2497 2529 2595 2569 nec
2638 2517 2907 2586 superbiae
2947 2530 3003 2572 et
3052 2526 3426 2578 ostentationis
3453 2541 3546 2578 ac-

1977 2605 2318 2658 cusationem
2353 2607 2454 2660 sibi
2481 2606 2720 2676 alligant,
2753 2624 2819 2663 eo
2847 2611 2988 2678 quod
3013 2611 3133 2680 plus
3181 2615 3436 2682 temporis
3484 2617 3537 2669 in

1979 2695 2154 2750 aliena
2184 2697 2399 2751 civitate
2421 2709 2760 2754 consumant.

2535 2791 2763 2846 CANON
2841 2794 2982 2848 XIII.

1985 2898 2005 2933 ι
2048 2880 2205 2936 Osius
2239 2882 2524 2952 episcopus
2554 2884 2727 2939 dixit:
2768 2887 2822 2940 Si
2850 2889 2970 2956 quis
3001 2891 3272 2954 diaconus,
3307 2894 3388 2946 vel
3418 2908 3541 2961 pre-

2056 2991 2074 3024 ι
2107 2974 2305 3043 sbyter,
2345 2975 2426 3027 vel
2458 2976 2686 3030 clericus
2722 2979 2795 3032 sit
2823 2984 3350 3046 excommunicatus,
3388 2995 3440 3039 et
3475 2986 3540 3037 ad

2057 3086 2078 3119 ‹
2108 3067 2272 3120 alium
2307 3069 2639 3138 episcopum,
2671 3061 2753 3123 cui
2785 3081 2942 3124 notus
2973 3073 3061 3139 sit,
3095 3073 3420 3144 confugerit,
3452 3077 3540 3144 qui

2059 3176 2078 3210 ι
2109 3159 2211 3213 scit
2242 3173 2366 3213 eum
2400 3175 2429 3213 a
2468 3164 2687 3230 proprio
2715 3162 2965 3231 episcopo
3015 3179 3135 3218 esse
3167 3168 3545 3220 communione

2055 3268 2075 3302 ι
2109 3263 2348 3316 malum;
2407 3267 2510 3306 non
2564 3264 2812 3320 oportere
2858 3257 3110 3325 episcopo
3146 3267 3199 3310 et
3251 3258 3402 3311 fratri
3449 3275 3547 3312 suo

2057 3360 2075 3393 ι
2107 3343 2362 3412 iniuriam
2396 3343 2594 3411 facere,
2635 3358 2688 3400 et
2717 3348 2766 3400 ei
2800 3350 3230 3403 communionem
3281 3352 3543 3419 praebere.

2059 3453 2076 3486 ι
2107 3435 2199 3489 Sin
2233 3449 2411 3490 autem
2449 3438 2549 3490 hoc
2595 3438 2774 3492 facere
2807 3456 2974 3494 ausus
3013 3442 3195 3504 fuerit,
3233 3444 3390 3507 sciat,
3417 3461 3538 3498 cum

2054 3546 2072 3580 ι
2105 3527 2746 3600 convenerint‘tepiscopi,
2779 3533 3010 3600 seipsum
3044 3547 3263 3589 causam
3317 3550 3438 3591 esse
3467 3538 3550 3592 di-

2061 3638 2079 3672 (
2109 3629 2340 3675 clururn.
2379 3639 2398 3672 ι

2051 3797 2242 3853 BALS.
2289 3799 2428 3868 Lege
2457 3816 2716 3856 canonem
2755 3803 2841 3868 12,
2881 3805 2968 3870 14,
3023 3805 3092 3860 52
3123 3814 3177 3862 et
3206 3806 3276 3861 55
3322 3817 3541 3863 sancto-

1983 3904 2098 3942 rum
2129 3892 2512 3958 apostolornm,
2544 3903 2596 3948 et
2627 3893 2972 3951 Antiochenze
2993 3897 3181 3968 synodi
3203 3912 3462 3954 canonem
3487 3899 3540 3964 6,

1980 3982 2069 4051 qui
2101 3981 2289 4036 dicunt
2319 3985 2524 4038 eadem.

2050 4072 2306 4129 ZONAR.
2347 4075 2532 4131 Plures
2586 4078 2686 4132 hoc
2716 4078 2856 4133 idem
2914 4086 3028 4135 tum
3088 4082 3366 4151 apostolici
3423 4097 3534 4138 tum

1982 4168 2227 4237 synodici
2257 4183 2488 4223 canones
2523 4169 2827 4225 decrevere.
2857 4169 3052 4225 Eadem
3106 4188 3336 4243 namque
3363 4188 3416 4229 et
3447 4179 3542 4230 tri-

1980 4257 2182 4311 cesimo
2211 4257 2448 4312 secundo
2477 4267 2531 4311 et
2559 4258 2842 4314 trecesimo
2875 4261 3036 4314 tertio
3068 4271 3373 4317 sanctorum
3409 4281 3541 4334 apo-

1980 4347 2235 4402 stolorum
2267 4334 2497 4413 canone,
2521 4359 2575 4404 et
2606 4350 2952 4408 Antiocheua
2978 4354 3162 4421 synodi
3190 4355 3400 4411 decimo
3430 4367 3541 4412 ter-

1909 4436 1954 4492 D
1986 4440 2058 4492 tio
2085 4448 2281 4493 statuta
2311 4444 2569 4510 reperias.

1977 4529 2203 4584 ARIST.
2251 4547 2270 4581 ι
2311 4530 2410 4597 Qui
2441 4546 2469 4582 a
2498 4532 2718 4603 proprio
2736 4533 2989 4606 episcopo
3015 4540 3539 4594 excommunicatum

2049 4636 2068 4669 ι
2101 4620 2477 4674 communione
2525 4623 2702 4679 sciens
2755 4625 3027 4694 dignatur,
3089 4641 3192 4682 non
3254 4639 3337 4684 est
3387 4630 3545 4686 inno-

2048 4730 2068 4764 ε
2097 4725 2235 4765 ΧΙυδ.
2268 4730 2286 4763 ι

2044 4805 2144 4871 Qui
2179 4807 2574 4875 presbyterum,
2628 4809 2711 4864 vel
2760 4810 3048 4867 diaconum
3083 4814 3168 4868 vel
3199 4824 3255 4870 et
3301 4815 3537 4885 aliquem

1977 4896 2294 4951 clericorum
2350 4913 2380 4952 a
2433 4901 2651 4969 proprio
2707 4902 2964 4974 episcopo
3013 4909 3540 4963 excommunicatum

1978 4988 2155 5043 sciens
2183 4989 2476 5057 acceperit,
2509 5001 2564 5043 et
2619 4995 3123 5061 connnunicaverit,
3176 5005 3272 5051 aut
3315 5014 3437 5052 cum
3474 5013 3543 5053 eo

1978 5095 2129 5136 sacra
2187 5082 2472 5151 peregerit,
2531 5083 2757 5138 crimine
2811 5101 2913 5140 non
2973 5099 3149 5157 vacat,
3208 5093 3300 5144 sed
3348 5100 3402 5144 et
3430 5094 3546 5160 ipse

1981 5174 2368 5243 segregabitur,
2445 5175 2741 5231 secundum
2810 5186 3121 5236 sanctorum
3171 5183 3543 5250 apostolorum

1979 5279 2238 5320 canonem
2272 5265 2358 5320 l2.

2532 5360 2762 5417 CANON
2840 5363 2982 5419 XIV.

1971 5467 1990 5500 ι
2038 5448 2092 5553 δέ
2125 5448 2432 5507 inveniatur
2461 5452 2580 5522 quis
2609 5456 2892 5526 episcopus
2918 5457 2985 5512 ad
3037 5457 3168 5513 iram
3225 5475 3542 5530 pmpensus,

1478 5541 1680 5602 Guill.
1729 5541 2286 5622 Beveregii'uotee.

381 5646 491 5716 (79)
535 5647 601 5700 El
645 5662 734 5711 τις
778 5645 1132 5710 ἐπίσκοπος.
1174 5643 1309 5716 Huic
1353 5643 1516 5696 etiam
1571 5647 1764 5697 canoni
1821 5648 1874 5699 in

309 5715 496 5774 codice
516 5717 943 5772 Amerbachiano
960 5719 1102 5769 aliud
1126 5715 1335 5782 σχόλιον
1353 5727 1620 5765 annexum
1650 5716 1875 5768 habetur

1983 5646 2146 5719 αύτοῦ
2174 5648 2290 5698 ἐστι
2322 5647 2416 5719 καὶ
2449 5649 2759 5719 συγχύσεων
2788 5656 2878 5704 καὶ
2908 5652 3213 5706 σκανδάλων
3240 5655 3408 5717 αἴτιος
3438 5673 3451 5686 ο
3484 5656 3543 5710 τὸ

1987 5717 2085 5784 μὲν
2133 5719 2239 5785 γὰρ
2289 5718 2378 5768 τὸν
2431 5717 2897 5775 καταδικασθέντα
2943 5723 3046 5775 ὑπὸ
3096 5727 3190 5776 τού
3244 5726 3542 5780 ἐπισκόπου

315 5791 394 5846 lic
439 5803 498 5844 83
541 5788 770 5854 habens,
821 5784 986 5851 Οὗτος
1018 5787 1045 5838 ὁ
1081 5785 1259 5839 κανὼν
1311 5783 1572 5845 ἐναντίοις
1615 5787 1724 5847 τοῖς
1773 5787 1876 5856 πρὸ

1986 5783 2242 5855 κληρικὸν
2293 5787 2382 5839 ἐπὶ
2427 5787 2517 5841 τὸν
2565 5792 2737 5843 κοινὸν
2788 5793 3091 5865 ἐπιτρέχειν
3146 5798 3546 5865 μητροπολίτην
