4178 6420
342 343 393 407 14
410 343 475 405 Ti

1387 343 1460 402 IN
1501 343 1663 402 CAN.
1709 344 1839 402 XIV
1880 341 2088 402 CONC.
2145 346 2437 406 SARDlC.

3427 349 3568 415 1l78

344 455 620 512 ἐπελθέτω
658 456 685 507 6
718 454 1044 522 ἀφορισθεὶς
1093 453 1173 513 εἰς
1225 453 1316 505 τὸν
1357 455 1738 521 πλησιόχωρον
1796 467 1891 519 μη-

2010 464 2326 519 ερςιητςιιιιιδ
2358 458 2422 505 ad
2454 457 2926 524 metropolitanum
2961 459 3288 525 proximum,
3319 472 3367 512 nl
3407 481 3567 530 ιιι-κως

328 544 680 612 τρσττολίτην,
763 543 846 608 ἐφ’
905 537 948 609 ᾧ
1031 543 1336 613 τηρηθῆναι
1401 543 1528 611 παρ’
1581 541 1790 594 ἐκείνου
1839 539 1900 592 τὸ

331 637 583 703 πρᾶγμα.
621 634 824 686 Τούτου
878 635 933 686 δὲ
965 635 1287 703 γενομένου,
1352 634 1486 704 μηδὲ
1534 637 1560 686 6
1631 633 1898 704 ἀφορίσας

329 727 626 788 ἐπίσκοπος
685 727 1097 792 ἀγανακτείτω,
1154 728 1286 780 ἀλλὰ
1372 729 1586 796 φερέτω
1635 726 1896 794 γενναίως

327 820 428 889 τὴν
462 819 728 884 ἐξέτασιν,
775 823 868 874 καὶ
909 822 1252 891 καρτερείτω
1281 821 1313 890 ἢ
1347 824 1438 873 τὸν
1464 819 1765 890 σττγριγμὺν
1801 818 1895 870 τοῦ

329 911 668 980 ἀφορισμοῦ,
705 911 861 980 ἢτὴν
894 911 1202 983 διόρθωσιν.
1248 913 1335 975 Ὠς
1362 911 1416 964 δέ
1445 928 1588 972 τινος
1630 909 1893 973 εἰπόντος,

331 1004 590 1070 μεγάλως
623 1008 687 1056 ὲκ
717 1005 914 1057 τούτου
951 1003 1266 1074 βοηθεῖσθαι
1292 1005 1386 1056 τὸν
1427 1002 1790 1070 ἀφορισθέντα
1817 1003 1895 1061 εἰς

324 1098 387 1148 τὸ
416 1098 490 1166 μὴ
530 1098 917 1166 ἐμποδίζεσθαι
951 1097 1048 1169 τὴν
1076 1098 1363 1168 ἱερατικὴν
1403 1096 1570 1150 αὑτοῦ
1613 1096 1894 1165 ἐνέργειαν

329 1193 395 1241 ἐκ
425 1189 516 1242 τοῦ
557 1190 865 1261 ἁφορισμοῦ
911 1191 999 1244 διὰ
1033 1192 1158 1255 τοὺς
1190 1189 1422 1250 κανόνας
1456 1190 1580 1250 τοὺς
1613 1187 1891 1254 λέγοντας,

326 1285 434 1352 πρὸ
476 1284 772 1350 καταδίκης
831 1283 1076 1346 ἐντελοῦς
1118 1284 1322 1352 μηδένα
1372 1279 1890 1351 τιμωρεῖσθαι,φη-

327 1377 411 1425 σίν
444 1377 470 1425 6
527 1375 707 1427 κανών
743 1376 846 1440 ὃτι,
897 1373 999 1426 κᾶν
1058 1375 1377 1436 κοινωνικός
1419 1376 1567 1424 ἐστιν
1627 1373 1655 1424 ὁ
1703 1372 1896 1440 ἀφορι-

325 1468 476 1529 σθεὶς
504 1470 596 1520 καὶ
622 1469 688 1522 τὰ
724 1469 818 1521 τοῦ
854 1466 1166 1536 ἁφορισμοῦ
1221 1467 1325 1518 ὑπὸ
1381 1465 1626 1529 ἐξέτασιν
1674 1464 1892 1526 ἔπεσον,

323 1561 440 1612 ἁλλ’
470 1562 568 1614 οὐκ
602 1562 806 1630 ὀφείλει
831 1560 1222 1628 αὑτεκδίκητος
1257 1557 1507 1626 γίνεσθαι
1555 1557 1646 1609 καὶ
1682 1557 1894 1626 ἱερουρ-

321 1657 444 1721 γεῖν
478 1654 581 1722 πρὸ
608 1653 704 1705 τοῦ
734 1651 1115 1720 δικαιωθῆναι.
1156 1651 1218 1703 Ὀ
1245 1651 1355 1720 γὰρ
1389 1648 1635 1710 ἀθετῶν,
1691 1649 1879 1716 φησὶν,

327 1749 512 1818 ὑμᾶς,
549 1748 653 1817 ἐμὲ
677 1747 889 1802 ἀθετεῖ.
933 1746 1125 1799 Τοίνυν
1151 1746 1457 1814 ὀφείλουσιν
1486 1745 1532 1795 οἱ
1561 1744 1737 1795 λοιποὶ
1759 1741 1893 1809 κλη-

2005 542 2134 594 tium
2168 547 2235 596 ab
2270 558 2334 594 eo
2362 547 2721 599 examinetnr.
2755 546 2861 600 lloc
2889 558 3064 601 autem
3098 547 3244 602 faeto
3271 552 3358 617 qui
3393 567 3570 620 seg-e-

2001 639 2146 705 gavit
2174 639 2458 708 episcopus
2492 655 2596 695 non
2647 652 2990 708 succenseat,
3041 645 3134 699 sed
3183 660 3338 713 aequo
3386 647 3567 698 animo

1999 729 2140 784 ferat
2166 732 2642 797 i-xaininationem,
2693 744 2743 786 et
2781 736 3171 802 segregationis
3203 737 3569 789 conﬁrmatio-

2000 837 2143 888 nem,
2195 824 2274 876 vel
2318 824 2434 894 ejus
2471 825 2857 878 correctionem
2890 823 3016 879 forti
3051 831 3233 881 animo
3283 829 3561 882 sustineat.

1999 913 2274 982 Tanquam
2322 925 2501 969 autem
2537 916 2761 970 dixisset
2811 917 3026 983 aliquis,
3080 935 3325 987 magnum
3381 937 3443 973 ex
3500 939 3565 974 eo

1997 1008 2096 1069 iili,
2131 1011 2219 1076 qui
2257 1023 2572 1075 segregatus
2606 1018 2710 1075 cst,
2747 1011 3002 1064 auxilium
3057 1013 3257 1075 alTerri,
3297 1016 3436 1082 quod
3470 1032 3563 1067 sa-

1997 1098 2288 1151 cerdotalis
2323 1099 2522 1154 functio
2555 1118 2658 1155 non
2715 1103 3040 1170 impediatur
3089 1118 3117 1154 a
3167 1106 3560 1173 segregatione,

1999 1201 2214 1257 propter
2243 1207 2475 1247 canones
2522 1196 2610 1262 qui
2659 1194 2865 1258 dicunt,
2919 1204 3040 1248 ante
3088 1194 3382 1262 perfectam
3433 1214 3563 1248 cnn-

1997 1285 2394 1338 demnationem
2428 1290 2696 1340 neminem
2727 1289 2903 1355 puniri
2940 1289 3136 1342 debere
3165 1307 3180 1355 ;
3211 1290 3338 1341 dicit
3368 1307 3563 1356 ιιειιιυιι,

1995 1379 2138 1444 quod
2166 1378 2374 1430 etiamsi
2408 1379 2479 1430 sit
2534 1380 2967 1431 communicandi
3006 1390 3274 1448 potestate
3305 1380 3563 1448 pl‘u‘dllus

1995 1469 2082 1534 qui
2114 1477 2195 1520 est
2221 1469 2738 1534 excommunicatus,
2771 1479 2825 1523 et
2855 1470 2968 1538 ejus
2994 1472 3294 1539 segregatio
3332 1473 3396 1524 ad
3429 1487 3561 1524 exa-

1998 1558 2344 1612 minatiooem
2379 1561 2606 1626 recidit;
2640 1577 2742 1614 non
2777 1571 2954 1616 tamen
2989 1561 3091 1615 sibi
3128 1564 3281 1614 debet
3313 1577 3432 1616 eam
3464 1579 3561 1616 suo

1992 1650 2110 1716 jure
2141 1653 2398 1717 tribuere,
2448 1665 2500 1706 et
2550 1655 2880 1718 sacriﬁcare,
2935 1664 3226 1724 antequam
3269 1655 3358 1722 jus
3405 1673 3559 1710 suum

1997 1747 2322 1811 probaverit.
2355 1747 2457 1810 Qui
2480 1749 2615 1800 enim
2655 1765 2740 1801 vos
2774 1750 2995 1817 spernit,
3031 1750 3246 1817 inquit,
3296 1767 3374 1803 me
3417 1766 3564 1819 sper-

325 1815 493 1910 ρικοὶ,
522 1815 804 1901 οίήίδόντες
825 1839 1014 1891 τοῦτον
1039 1837 1440 1908 ,ἱερουργοῦντα
1474 1837 1611 1906 μετὰ
1646 1833 1702 1886 τὸ
1755 1836 1885 1900 ἀφο.

1993 1836 2066 1886 uit
2095 1835 2160 1887 ".
2205 1835 2408 1887 Debent
2453 1852 2581 1905 ergo
2616 1815 2821 1900 clerici,
2853 1839 2943 1906 qui
2981 1815 3118 1893 eum
3141 1841 3319 1892 vident
3352 1815 3560 1894 sae-riti-

324 1933 602 2003 ρισθῆναι,
637 1932 695 1998 ἐξ
738 1931 1041 2002 ὑπεροψίας
1084 1931 1204 2000 ᾔτοι
1233 1929 1573 1993 ἀλαζονείας,
1626 1927 1888 1997 ἐπιστρέ-

319 2045 446 2093 φειν
486 2025 651 2078 αὑτὸν
703 2026 784 2088 είς
841 2024 1174 2077 ταπείνωσιν
1224 2023 1572 2091 πικροτέροις
1624 2009 1885 2088 ῥήμασι-ἡ

318 2123 442 2188 ἦτοι
480 2119 879 2180 ὁνειδιστικοῖς,
909 2117 972 2170 οὑ
1035 2117 1141 2187 μὴν
1189 2120 1283 2169 καὶ
1335 2115 1694 2184 ὑϐριστικοῖςο
1746 2111 1889 2164 οὕτω

317 2209 432 2275 γὰρ
457 2207 670 2270 δόξουσι
690 2207 924 2274 ὑπήκοοι
949 2205 1043 2258 καὶ
1064 2205 1338 2274 ὑπηρέται
1369 2204 1477 2254 τῶν
1511 2200 1886 2254 ἑπισκοπικῶν

316 2300 644 2352 κελεύσεων.
687 2299 900 2368 Ὠσπερ
935 2299 1067 2366 γὰρ,
1131 2296 1286 2367 φησὶ,
1319 2295 1482 2366 χρέος
1540 2294 1651 2362 ἔχει
1686 2293 1713 2343 6
1764 2291 1886 2342 ἐπί-

316 2411 522 2454 σκοπος
569 2392 790 2462 ἀγαπᾷν
833 2392 960 2454 τοὺς
1009 2391 1304 2460 κληρικοὺς
1364 2386 1554 2452 αὑτοῦ,
1610 2384 1750 2438 οὕτω
1792 2384 1888 2436 καὶ

318 2488 473 2537 αὑτοι
502 2485 812 2552 ὀφείλουσιν
835 2484 1022 2536 ἄδολον
1076 2483 1175 2553 τὴν
1222 2481 1530 2549 ὑπηρεσίαν
1585 2478 1886 2546 ἀπονέμειν

316 2581 432 2639 τοῖς
459 2579 805 2638 ἐπισκόποις.
840 2576 933 2645 Μὴ
955 2577 1128 2637 εἴποις
1161 2575 1219 2628 δὲ
1241 2575 1455 2636 πολλοῖς
1476 2572 1703 2624 κανόσιν
1735 2573 1886 2620 ἐναν-

318 2672 572 2726 τιοῦσθαι
615 2671 708 2722 τὸν
732 2671 981 2740 παρόντα
999 2671 1223 2734 κανόνα,
1252 2669 1624 2736 διοριζόμενον
1664 2662 1886 2731 ἀνατρέ-

317 2783 438 2834 χειν
471 2766 562 2816 τὸν
595 2763 964 2832 ἀφορισθέντα
987 2764 1121 2834 πρὸς
1150 2763 1240 2815 τὸν
1271 2762 1648 2831 πλησιόχωρον
1683 2773 1884 2825 μητρο-

317 2857 571 2926 πολίτην,
602 2857 760 2924 εἴπερ
800 2857 827 2907 6
856 2856 1207 2925 ὲπαρχιὼτης
1242 2852 1650 2924 μητροπολίτης
1684 2849 1881 2916 ἀποδη-

323 2952 434 3016 μεῖ,
477 2949 559 3016 ἐφ’
609 2942 654 3014 ᾧ
695 2947 849 3016 παρὰ
901 2947 1092 2998 τούτου
1151 2944 1608 3010 κατεξετασθῆναι
1667 2941 1735 2992 τὰ
1787 2938 1883 2991 τοῦ

319 3040 649 3108 ἀφορισμοῦ.
690 3039 993 3107 Θεμάτισον
1018 3040 1127 3107 γὰρ
1165 3036 1198 3107 ἢ
1233 3037 1556 3104 ὲνταλθῆναι
1600 3035 1694 3086 τὸν
1743 3032 1883 3096 πλη-

1990 1938 2199 1982 cantem
2248 1940 2528 1998 postquam
2577 1942 2890 1998 segregatus
2938 1929 3121 1992 fuerit,
3182 1947 3245 1983 ex
3305 1933 3558 1997 superbia

1990 2021 2073 2074 vel
2131 2022 2459 2088 arrogantia,
2529 2037 2649 2074 cuni
2707 2023 2773 2073 ad
2830 2022 3187 2076 humilitatem
3247 2036 3562 2076 convertere

1992 2113 2167 2166 verbis
2200 2111 2569 2166 accrbioribos
2598 2125 2690 2165 seu
2722 2114 3170 2180 exprobratoriis,
3223 2129 3328 2167 non
3380 2123 3558 2167 tamen

1988 2205 2148 2256 etiam
2205 2203 2658 2256 contumeliosis:
2717 2202 2795 2256 sic
2864 2205 3006 2256 enim
3077 2204 3398 2257 videbuntur
3444 2221 3563 2258 esse

1990 2296 2217 2364 subjecti
2249 2305 2302 2344 et
2335 2295 2567 2347 ministri
2612 2295 2996 2364 episcopalium
3027 2300 3354 2365 jussionum.
3412 2299 3566 2352 Sicut

1989 2387 2154 2450 Cllillt,
2185 2386 2377 2453 inquit.
2419 2386 2574 2440 debet
2600 2388 2885 2457 episcopus
2913 2403 3040 2442 suos
3074 2389 3302 2444 clericos
3339 2389 3523 2444 amare
3544 2431 3559 2454 ,

1989 2481 2066 2534 sic
2096 2490 2149 2534 et
2196 2480 2295 2549 ipsi
2329 2480 2529 2534 debent
2575 2481 2708 2533 citra
2745 2479 2990 2535 fraudem
3017 2483 3285 2552 episcopis
3315 2484 3562 2537 millile-

1990 2573 2126 2627 rium
2173 2573 2449 2626 exhibere.
2506 2571 2582 2626 Ne
2629 2573 2834 2628 dixeris
2889 2584 3065 2627 autem
3105 2576 3246 2628 hunc
3300 2591 3561 2630 canonem

1989 2681 2107 2719 esse
2138 2666 2316 2719 multis
2351 2666 2649 2719 rationibus
2679 2668 3034 2731 contrarium,
3062 2675 3385 2722 statuentem
3412 2683 3562 2729 eum,

1987 2758 2076 2828 qui
2111 2767 2192 2810 est
2221 2759 2742 2824 exconnnunicatns,
2775 2758 2974 2812 debere
3007 2762 3072 2812 ad
3104 2761 3292 2814 vicina:
3323 2761 3562 2828 regionis

1990 2849 2459 2916 metropolitanum
2508 2865 2812 2914 recurrere,
2857 2853 2901 2904 si
2935 2852 3078 2905 absit
3111 2854 3559 2921 tnetroptditaous

1988 2943 2298 3012 provinciae,
2332 2953 2388 2995 ut
2431 2942 2498 2994 ab
2526 2957 2590 2996 eo
2621 2943 2964 2996 examinetur
3009 2945 3336 3010 segregatio.
3395 2942 3560 3012 Finge.

1987 3039 2130 3088 enim
2162 3033 2245 3087 vel
2279 3034 2520 3087 ﬁnitimae
2551 3036 2790 3102 regionis
2838 3035 3066 3088 antistiti
3099 3035 3165 3087 ab
3199 3022 3420 3088 absente
3453 3052 3562 3088 tne-

322 3136 590 3201 σιόχωρον
627 3131 892 3201 ἀρχιερέα
928 3135 1080 3200 παρὰ
1131 3131 1225 3180 τοΒ
1276 3129 1733 3197 ἀποδημήσαντος
1785 3143 1885 3194 μη-

1994 3126 2320 3197 tropolitano
2352 3126 2518 3179 fuisse
2559 3128 2892 3187 mandatum,
2924 3137 2979 3178 ιιι
3012 3142 3203 3179 causas
3255 3127 3558 3182 istiusmodi

317 3227 638 3297 τροπολίτου
701 3223 963 3276 τοιούτων
1025 3221 1331 3292 ἀκροᾶσθαι
1410 3217 1882 3289 ἐκκλησιαστικῶν

321 3318 634 3369 ὑποθέσεων
667 3315 992 3384 ἁνηκουσιῖιν
1025 3318 1088 3381 τῇ
1120 3315 1332 3365 ἐκείνου
1361 3314 1568 3382 ὲνορίᾳ,
1595 3311 1626 3381 ἢ
1667 3310 1883 3380 αίρετον

319 3409 664 3477 καταστῆναι
685 3409 874 3460 τοῦτον
897 3407 1160 3475 δικαστὴν
1196 3407 1346 3474 παρά
1377 3423 1431 3456 τε
1465 3403 1553 3456 τοῦ
1582 3404 1882 3455 ἐπισκόπου

323 3501 419 3553 καὶ
444 3500 538 3551 τοῦ
569 3499 857 3570 κληρικοῦ.
884 3498 1092 3558 ’Λλλως
1124 3500 1232 3566 γὰρ
1265 3498 1324 3548 οὑ
1358 3496 1584 3548 δύναται
1610 3500 1636 3547 6
1663 3495 1886 3562 πλησιό-

323 3611 496 3664 χωρος
536 3592 944 3662 μητροπολίτης
998 3590 1240 3650 δικάζειν
1282 3586 1643 3654 ἐπίσκοπονῆ
1693 3585 1883 3654 κληρι-

324 3689 418 3738 κὸν
447 3688 640 3754 ἑτέρας
667 3664 956 3752 ἐπαρχίας,
994 3680 1177 3742 καθὼς
1204 3681 1296 3732 καὶ
1323 3681 1381 3730 ὲν
1412 3684 1523 3741 τοῖς
1555 3679 1884 3747 προλαϐοῦσι

321 3777 544 3825 κανόσιν
581 3773 906 3841 εἰρήκαμεν.
936 3771 1076 3838 Πρὸς
1113 3771 1168 3822 δὲ
1206 3773 1300 3821 τιν
1365 3769 1494 3830 ἴσως
1531 3769 1884 3838 ἐρωτήσαντα

327 3882 408 3929 σε,
439 3865 560 3925 Πῶς
596 3865 654 3914 οὑ
677 3864 909 3931 τιμωρεῖ
935 3865 961 3913 6
989 3861 1174 3913 κανὼν
1202 3863 1294 3912 τὸν
1326 3862 1400 3930 μὴ
1437 3862 1773 3930 ἐμμείναντα
1808 3858 1885 3930 τῷ

323 3955 634 4024 ἀφορισμῷ,
673 3955 807 4006 ἀλλα
831 3954 1322 4022 καταφρονήσαντα
1346 3953 1537 4003 τούτου
1566 3953 1662 4036 ’καὶ
1683 3952 1888 4019 ἱερουρ-

323 4049 612 4118 γήσαντα;
658 4045 779 4097 εἰπὲ
831 4046 910 4096 ὅτι
941 4047 967 4096 ὁ
992 4043 1036 4097 κ’
1083 4047 1257 4096 κανὼν
1308 4044 1401 4113 τῆς
1440 4043 1720 4113 παρούσης
1757 4061 1884 4095 συν·

322 4142 444 4192 ὁδου
475 4140 678 4207 γενικῴ
714 4136 959 4206 τῷλόγῳ
996 4136 1372 4204 καθαιρεῖσθαι
1419 4136 1713 4203 διορίζεται
1764 4136 1886 4197 τοὺς

327 4233 776 4302 ’παραϐαίνοντας
806 4234 870 4282 τὰ
908 4234 965 4282 ὲν
999 4231 1176 4301 ταύτῃ
1221 4230 1582 4299 διορισθέντα.
1620 4228 1729 4281 Καὶ
1761 4228 1885 4280 ὁκθ¹

326 4325 506 4377 κανὼν
545 4324 641 4390 τῆς
683 4324 738 4374 ὲν
769 4321 1094 4391 Καρθαγένῃ
1131 4321 1352 4373 συνόδου
1380 4322 1444 4373 ὲκ
1491 4322 1656 4388 μόνης
1688 4320 1887 4390 ταύτης

326 4417 426 4484 τῆς
450 4417 631 4475 αἰτίας
681 4416 772 4465 τὸν
820 4412 1062 4465 τιιοῡτον
1098 4412 1471 4474 καταδικάζει,
1517 4411 1705 4480 ὥσπερ
1747 4414 1809 4463 iv
1840 4413 1888 4462 εί

1989 3220 2384 3276 ecclesiasticas
2421 3217 2487 3270 ad
2525 3234 2676 3272 suam
2730 3218 3061 3285 provinciam
3098 3220 3428 3286 pertinentes
3463 3235 3560 3271 au-
3644 3240 3650 3244 -
3710 3275 3716 3286 ⁸

1985 3315 2115 3378 dial,
2156 3312 2232 3366 vel
2278 3328 2399 3364 eum
2441 3311 2607 3364 fuisse
2638 3311 2863 3364 electum
2915 3310 3154 3378 judicent
3210 3312 3278 3364 ab
3310 3311 3561 3380 episcopo

1984 3416 2036 3460 et
2067 3405 2282 3459 clerico.
2319 3403 2501 3470 Neque
2537 3403 2678 3454 enim
2707 3403 2860 3455 aliter
2893 3410 3069 3470 potest
3103 3404 3291 3456 vicina:
3323 3404 3555 3469 regionis

1985 3497 2426 3562 metropolitanus
2448 3495 2692 3564 judicare
2716 3493 3021 3562 episcopum
3046 3493 3123 3546 vel
3147 3495 3402 3548 clericum
3424 3496 3560 3548 alius

1984 3588 2294 3657 provincia',
2333 3587 2784 3654 quemadmodum
2835 3586 2888 3638 in
2927 3583 3359 3652 praecedentibus
3391 3602 3558 3637 cano-

1985 3679 2142 3731 nibus
2171 3679 2424 3730 diximus.
2460 3675 2517 3728 Ei
2557 3687 2736 3729 autem
2770 3677 2859 3744 qui
2896 3687 2947 3729 te
2979 3675 3115 3730 forte
3170 3677 3556 3745 interrogavit:

1986 3766 2262 3831 Quou‘i'odo
2289 3782 2394 3818 non
2426 3766 2576 3833 punit
2609 3780 2780 3818 canon
2810 3781 2952 3828 eum,
2985 3768 3072 3832 qui
3106 3781 3157 3818 tn
3191 3779 3560 3834 segregatione

1989 3874 2092 3911 non
2125 3859 2410 3928 acquievit,
2442 3858 2532 3910 sed
2567 3873 2687 3910 eam
2724 3857 2978 3926 neglexit,
3012 3866 3068 3910 et
3111 3872 3263 3909 sacra
3313 3858 3556 3911 celebra-

1987 3952 2067 4003 vit
2095 3951 2202 4014 die,
2255 3951 2393 4017 quod
2425 3965 2596 4002 canon
2645 3948 2714 4000 20
2745 3949 3023 4016 ιιιαιειειιιίε
3075 3950 3262 4018 synodi
3323 3951 3556 4017 generali

1991 4056 2239 4097 sermone
2293 4041 2786 4108 COSJdCPOIIE‘ndOS
2839 4041 3082 4092 decernit
3132 4041 3245 4107 qui,
3311 4055 3428 4107 qua
3475 4042 3559 4092 hic

1990 4136 2204 4187 decreta
2234 4142 2360 4184 sunt
2395 4134 2887 4200 transgrediuntur.
2918 4127 2985 4184 Et
3014 4148 3187 4186 canon
3219 4133 3288 4186 29
3320 4133 3556 4186 ΟιιιιΙιιιη

1990 4225 2223 4292 ginensis
2255 4226 2442 4294 synodi
2475 4239 2538 4277 ex
2591 4225 2689 4278 hac
2725 4225 2835 4278 sola
2870 4240 3031 4278 causa
3064 4241 3183 4278 eum
3213 4230 3556 4289 condemnat,

1990 4318 2212 4387 perinde
2245 4332 2308 4370 ac
2336 4316 2380 4369 si
2407 4317 2550 4386 juste
2583 4317 2770 4370 fuisset
2821 4318 3118 4385 depositus.
3159 4316 3292 4370 l‘iota
3329 4332 3459 4385 ergo
3489 4334 3554 4371 ex

1990 4408 2236 4480 praesenti
2265 4423 2492 4470 canone,
2524 4411 2664 4476 quod
2723 4410 2867 4462 nulla
2919 4413 2976 4463 tit
3032 4410 3284 4479 episcopo
3340 4411 3557 4478 injuria,

327 4511 563 4575 εὐλόγως
597 4507 905 4574 ἀφωρίσθη.
955 4505 1270 4572 Σημείωσαι
1304 4501 1396 4556 οὖν
1437 4503 1546 4556 ἀπὸ
1570 4503 1664 4554 τοῦ
1686 4505 1885 4571 παρόν-

1993 4503 2035 4553 si
2066 4502 2134 4562 is,
2167 4497 2254 4564 qni
2287 4508 2369 4549 est
2403 4509 2736 4566 segregatus,
2770 4509 2978 4565 quazrat
3005 4501 3397 4567 scgregationis
3431 4516 3558 4553 eau-

327 4620 416 4664 τος
443 4600 662 4659 κανόνος
686 4600 767 4649 ὅτι
813 4597 913 4648 οὐκ
943 4597 1089 4646 ἐστιν
1145 4596 1456 4662 ὑϐριστικὸν
1491 4593 1580 4663 ’τῷ
1607 4597 1887 4664 ὲπισκόπῳ

327 4697 388 4746 τὸ
414 4695 504 4744 τὶν
533 4689 894 4759 ἀφορισθέντα
930 4685 1113 4755 ζητεῖν
1174 4682 1635 4752 κατεξετασθῆναι
1668 4685 1764 4754 τὴν
1803 4689 1890 4738 αί-

329 4787 448 4840 τίαν
473 4785 565 4836 τοῦ
597 4780 926 4851 ἀφορισμοῦ·
962 4780 1052 4830 καὶ
1071 4779 1175 4838 ὅτι,
1209 4778 1310 4829 κᾶν
1357 4777 1502 4838 ὅπως
1530 4775 1593 4828 ἂν
1616 4766 1884 4846 ἅφορισθῇ

327 4882 355 4928 6
404 4877 684 4946 κληρικὸς,
731 4872 938 4940 ὀφείλει
991 4869 1244 4940 δέχεσθαι
1285 4870 1376 4919 τὸν
1437 4851 1744 4938 ἀφορισμδν
1795 4873 1888 4920 καὶ

331 4970 621 5036 ἀναμένειν
655 4967 753 5033 τὴν
796 4965 1062 5029 ἐξέτασιν.
1108 4959 1385 5030 Θαυμὰξω
1433 4960 1489 5011 δὲ
1540 4960 1654 5022 πῶς
1705 4961 1766 5011 οὑ
1811 4961 1888 5012 δι-

331 5061 602 5130 ωρίσαντο
664 5058 714 5108 οἱ
767 5055 1004 5122 Πατέρες
1060 5053 1112 5105 τί
1175 5055 1383 5122 ὑφείλει
1420 5054 1686 5120 γίνεσθαι,
1720 5053 1816 5105 ἐὰν
1861 5055 1887 5104 ό

334 5157 564 5213 πάππας
591 5151 748 5216 λόγου
770 5152 930 5220 χάριν
959 5148 1196 5218 ἀφορίσῃ
1227 5148 1489 5217 κληρικὸν
1530 5146 1695 5198 αὑτοῦ
1725 5147 1888 5198 ἀνευ-

331 5248 528 5313 λόγως,
568 5247 658 5298 καὶ
685 5245 928 5296 αἰτιᾶται
964 5243 1058 5312 μὲν
1082 5243 1171 5292 τὸν
1204 5241 1507 5310 ἀφορισμὸν
1537 5242 1563 5291 6
1593 5239 1848 5307 κληρικός
1876 5254 1888 5266 ·

330 5339 390 5390 ού
413 5340 635 5390 δύναται
666 5336 721 5387 δὲ
777 5338 912 5404 πρὸς
973 5333 1196 5402 μείζονα
1243 5332 1458 5384 σύνοδον
1501 5329 1753 5382 ἀπελθεῖν
1800 5329 1892 5382 καὶ

332 5429 612 5498 προθεῖναι
643 5430 737 5497 τὴν
771 5427 1030 5480 αίτίασιν.
1067 5427 1147 5478 Τα
1209 5425 1392 5496 μέντοι
1440 5422 1679 5477 ἐνταῦθα
1722 5423 1888 5491 διορι-

1992 4609 2109 4648 sam
2159 4592 2494 4646 examinari:
2549 4602 2601 4644 et
2644 4591 2785 4660 quod
2859 4592 3347 4660 quomodocunque
3396 4595 3563 4646 fuerit

1993 4693 2304 4754 segregatus
2325 4683 2571 4746 clericus,
2598 4684 2757 4737 debet
2786 4683 3216 4751 segregationem
3250 4685 3560 4749 admittere,

1994 4785 2048 4827 et
2098 4783 2413 4842 exspectare
2464 4765 2949 4826 exanimationem:
3003 4771 3164 4826 Miror
3196 4783 3560 4841 antem,qoo-

1995 4865 2152 4917 modo
2177 4878 2282 4916 non
2315 4863 2573 4916 deliniant
2625 4861 2835 4925 Patres,
2867 4860 2994 4930 quid
3023 4865 3092 4916 sit
3141 4863 3474 4928 faciendum,
3507 4868 3551 4917 si

1995 4971 2150 5024 papa,
2191 4955 2334 5008 verbi
2371 4957 2563 5023 gratia,
2596 4954 2850 5008 clericum
2886 4971 3044 5030 syum
3077 4956 3275 5022 inju~te
3307 4972 3560 5025 segrega-

1997 5047 2152 5110 verit,
2183 5057 2236 5099 et
2289 5047 2714 5114 segregationem
2765 5038 2980 5116 quid'ent
3037 5050 3247 5102 incuset
3289 5051 3558 5114 clericus;

1998 5153 2100 5190 non
2132 5148 2307 5203 potest
2334 5144 2514 5190 autem
2545 5138 2611 5190 ad
2645 5137 2900 5206 majorem
2950 5140 3214 5208 synodum
3265 5141 3560 5208 proﬁcisci,

1998 5239 2050 5282 et
2083 5228 2478 5282 accusationem
2515 5243 2833 5298 proponere.
2871 5231 3000 5296 Qua:
3035 5243 3209 5286 autem
3240 5235 3306 5287 de
3339 5237 3560 5306 presby-

2001 5318 2130 5373 teris
2163 5330 2217 5370 et
2249 5319 2487 5373 diaconis
2518 5321 2603 5373 hic
2631 5329 2755 5373 sunt
2781 5319 3022 5386 delinita,
3058 5326 3122 5376 de
3157 5325 3374 5394 reliquis
3397 5326 3560 5380 etiam

1994 5408 2224 5474 clericis,
2253 5409 2382 5477 quin
2412 5419 2468 5464 et
2497 5409 2671 5475 laicis,
2702 5413 3016 5481 accipienda
3051 5427 3203 5468 sunt.

333 5524 526 5576 σθέντα
553 5523 712 5593 χάριν
734 5520 1120 5594 πρεσὸυτέρων
1143 5523 1238 5576 καὶ
1273 5520 1540 5575 διακόνων
1581 5519 1788 5591 ἐκληπτ
1811 5522 1898 5576 έον
1933 5525 2025 5578 καὶ
2060 5527 2141 5591 είς
2189 5529 2315 5593 τοὺς
2388 5529 2606 5594 λοιποὺς
2663 5531 2981 5602 κληρικοὺς,
3059 5531 3197 5587 ἀλλὰ
3282 5533 3383 5604 μὲν
3469 5539 3565 5594 καὶ

333 5616 570 5678 λαῖκούς.

441 5801 480 5834 ³⁸
519 5798 645 5856 Luc.
674 5818 728 5862 ι,
758 5802 842 5858 iii.
