4178 6420
686 369 823 434 1479

1949 367 2224 428 'l‘IIEOD.
2271 365 2364 424 BA
2374 364 2675 427 LSAMON

3829 367 3847 428 1
3864 365 3966 429 480

756 483 1010 541 ZONAR.
1049 485 1105 539 Si
1157 484 1276 553 quis
1328 484 1634 554 episcopus,
1669 483 1920 553 inquiunt
1955 482 2164 546 l’atres,
2199 482 2262 536 sit

2435 481 2679 535 ZQNAP.
2723 479 2854 534 Ἐὰν
2893 479 3221 545 ἐπίσκοπος,
3257 479 3424 548 φασὶν
3457 481 3509 532 οἱ
3537 479 3813 548 Πατέρες,
3837 481 3963 543 ὀξύς

679 583 746 630 ad
777 577 1110 632 iracundiam
1142 576 1454 642 proclivior,
1491 577 1779 644 (quamvis
1813 576 1948 630 tales
1979 576 2266 644 episcopos

681 685 804 724 csse
836 670 1245 736 haudquaquam
1275 669 1460 722 deceat
1489 670 1527 736 ).
1569 668 1722 736 isque
1755 669 2040 723 diaconum
2074 683 2267 736 quein-

683 764 852 830 piam,
883 771 976 813 aut
1028 760 1425 829 presbyterum,
1477 759 1528 812 in
1564 773 1658 814 eos
1695 759 2071 814 vehementius
2117 773 2268 812 com-

683 861 885 915 motus,
913 861 1061 904 extra
1093 851 1380 903 ecclesiam
1410 850 1612 918 ejiciat,
1636 851 1737 904 hoc
1766 859 1869 913 est,
1897 852 2269 919 segregatione

685 944 915 1010 puniat:
949 959 1014 996 nc
1046 942 1132 995 ille
1161 953 1404 1011 repente,
1458 942 1559 995 hoc
1610 951 1713 1003 est,
1749 943 1932 996 subito
1969 950 2024 995 ct
2059 941 2268 1010 absque

683 1050 847 1090 iansa
880 1034 1259 1089 communione
1305 1034 1587 1102 privetur,
1617 1035 2003 1104 providendum
2063 1034 2269 1088 scilicet

681 1136 736 1180 et
765 1130 1066 1181 curandum
1100 1138 1206 1182 εει.
1266 1125 1561 1196 Confugiat
1618 1141 1748 1180 vero
1808 1127 1877 1191 is,
1931 1127 2021 1196 qui
2058 1127 2266 1196 ejectus

681 1230 788 1284 est,
821 1223 886 1273 ad
922 1219 1396 1287 metropolitanum
1455 1219 1776 1290 provinciae,
1809 1232 1932 1273 eum
1985 1218 2264 1284 videlicet,

685 1311 776 1367 (Ili
811 1312 1095 1381 episcopus
1128 1325 1345 1382 quoque
1380 1311 1468 1366 ille
1495 1321 1684 1365 auctor
1715 1309 2106 1380 segregationis
2136 1309 2266 1362 sub-

680 1407 858 1472 jcctus
886 1415 1002 1470 est;
1039 1405 1299 1471 illumque
1335 1415 1484 1475 roget
1517 1413 1574 1456 ut
1624 1406 1921 1474 negotium,
1973 1402 2024 1456 id
2058 1401 2266 1456 Scilicet

684 1496 827 1563 quod
856 1509 1045 1549 contra
1079 1497 1252 1566 ipsum
1290 1497 1356 1549 ab
1387 1497 1642 1564 episcopo
1674 1507 1855 1549 actum
1895 1504 2002 1560 est,
2035 1494 2266 1563 diligen-

684 1601 766 1641 ter
796 1589 1093 1642 examinet.
1143 1586 1327 1656 Neque
1356 1603 1483 1641 vero
1533 1597 1627 1640 aut
1672 1587 1941 1656 supplices
1995 1585 2268 1655 negligere

683 1679 766 1730 las
789 1686 892 1742 est,
922 1687 1014 1730 aut
1061 1676 1368 1746 episcopus,
1425 1693 1454 1729 a
1490 1692 1598 1745 quo
1655 1676 1894 1746 irrogata
1959 1677 2265 1746 segregatio

681 1778 787 1831 cst,
818 1783 879 1822 ea
908 1769 1263 1837 inquisitione
1309 1769 1510 1822 oﬂ‘endi
1544 1810 1558 1832 ,
1599 1768 1729 1837 quin
1775 1769 1826 1822 id
1859 1769 2037 1838 potius
2070 1783 2266 1836 magno

684 1862 869 1916 animo
898 1860 1041 1916 ferre
1075 1862 1260 1925 debcl;
1307 1869 1365 1916 ut
1396 1862 1475 1916 vel
1509 1861 1860 1931 pronuntiata
1896 1862 2187 1924 sententia,
2213 1860 2260 1913 si

677 1957 826 2025 justa
861 1955 1046 2018 fuerit,
1079 1959 1470 2011 conﬁrmetur:
1513 1954 1616 2017 vel,
1653 1955 1696 2007 si
1728 1956 1796 2008 ab
1848 1954 2104 2023 mquitate
2151 1953 2264 2008 dis-

682 2047 1008 2115 crepaverit,
1061 2047 1388 2114 corrigatur.
1415 2046 1517 2112 Qui
1543 2045 1702 2116 503
1729 2060 1856 2100 vero
1885 2047 2263 2116 segregatione

682 2139 974 2192 damnatus
1007 2148 1110 2203 est,
1166 2146 1291 2192 ante
1324 2154 1502 2192 causa:
1556 2139 1921 2207 cognitionem
1976 2156 2043 2193 ne
2091 2153 2149 2192 se
2205 2139 2261 2192 in

681 2229 1120 2283 communionem
1156 2228 1394 2282 ﬁdelium
1429 2229 1770 2298 impudenter
1803 2231 2061 2284 insinuet.
2107 2230 2262 2295 Quod

686 2318 734 2372 si
771 2319 864 2388 qui
895 2335 960 2374 ex
987 2320 1203 2375 clericis
1256 2321 1398 2376 illius
1445 2321 1707 2390 episcOpi,
1743 2341 1767 2371 ιι
1803 2338 1911 2390 quo
1946 2332 2264 2392 segregatus

679 2419 786 2473 est,
819 2411 1086 2466 adversus
1144 2413 1322 2481 ipsum
1374 2413 1692 2467 insolentius
1738 2413 1918 2468 elIerri
1955 2414 2105 2469 illum
2151 2416 2266 2468 ani-

683 2501 1093 2567 madverterint,
1129 2503 1308 2556 verbis
1333 2517 1454 2556 eum
1475 2503 1869 2569 acerbioribus,
1898 2505 2260 2574 gravioribus,

681 2595 1136 2649 vehementiorem
1159 2594 1367 2649 scilicet
1385 2595 1814 2666 objurgationem
1837 2600 2261 2663 continentibus,

685 2683 1011 2748 detcrquere
1039 2697 1102 2736 ac
1133 2680 1370 2746 ﬂectere,
1404 2683 1507 2736 hoc
1528 2696 1634 2748 est,
1665 2687 1731 2738 ad
1767 2687 1934 2742 animi
1987 2688 2263 2743 remissio-

685 2786 808 2824 nem
865 2773 1285 2844 modestamque
1337 2775 1729 2843 subjectionein
1767 2792 2024 2833 revocare
2057 2795 2263 2835 conen-

684 2875 774 2916 tur
801 2880 814 2916 :
845 2865 990 2932 quod
1023 2866 1238 2934 quidem
1271 2881 1384 2931 cos,
1417 2879 1674 2938 tanquam
1708 2872 1965 2939 episcopo
1994 2885 2096 2926 suo
2126 2872 2261 2926 sub-

683 2954 984 3010 servientes
1045 2971 1108 3010 ac
1178 2959 1496 3028 morigeros,
1546 2971 1804 3030 praestare
1864 2965 2040 3020 decet.
2103 2965 2263 3021 Sicut

681 3047 854 3112 enim,
894 3048 1090 3116 inquit,
1121 3050 1363 3119 episcopi
1388 3068 1514 3121 erga
1553 3053 1829 3108 ministros
1849 3071 2003 3120 suos,
2033 3057 2263 3115 clericos

681 3139 956 3204 videlicet,
985 3143 1256 3196 sinceram
1286 3145 1450 3196 animi
1477 3144 1818 3201 all‘eclionem
1853 3163 1964 3217 pra:
1993 3165 2052 3204 se
2083 3151 2227 3206 ferre
2246 3193 2261 3218 ,

682 3229 763 3283 sic
799 3229 873 3284 illi
907 3232 1141 3285 vicissim
1174 3235 1442 3301 episcopis
1469 3235 1835 3289 ministerium
1888 3239 2030 3292 nulla
2079 3249 2266 3294 conta—

679 3322 842 3391 gione
899 3323 1003 3376 doli
1061 3326 1490 3379 contaminatum
1550 3337 1809 3396 praestare
1855 3331 2073 3384 debent.
2112 3331 2263 3398 Quod

679 3428 858 3470 autem
896 3418 972 3471 ait
1018 3433 1192 3472 canon
1249 3420 1432 3483 licere,
1466 3413 1694 3476 absente
1741 3426 2180 3492 metropolitano,
2213 3427 2264 3482 ei

677 3506 770 3574 qui
804 3520 1118 3577 segregatus
1141 3517 1246 3575 est,
1281 3511 1346 3564 ad
1377 3511 1690 3565 vicinioreni
1723 3513 2031 3582 episcopum
2057 3532 2256 3586 provo-

678 3615 827 3667 care,
881 3617 1156 3671 nunquam
1196 3614 1513 3672 usurpatum
1549 3604 1715 3660 fuisse
1765 3608 2054 3675 existimo;
2090 3613 2260 3667 nostri

677 3703 827 3747 certe
878 3697 1137 3765 temporis
1166 3697 1504 3751 consuetudo
1537 3713 1643 3752 non
1675 3699 1933 3757 admittit.
1971 3701 2258 3768 Quomodo

2371 572 2525 640 χολος
2551 569 2606 644 ᾖ,
2641 574 2761 644 ἢτοι
2817 573 3062 643 ὀργίλος,
3096 574 3144 624 εί
3178 574 3270 625 καὶ
3313 573 3416 625 οὐκ
3447 572 3728 641 ἐνδέχεται
3779 573 3961 624 τοιού-

2369 679 2494 725 τους
2525 660 2818 726 εἶναιτοὺς
2855 667 3214 727 ἐπισκόπους,
3245 667 3340 718 καὶ
3371 665 3618 734 κινηθεὶς
3657 667 3742 726 είς
3787 663 3961 732 θυμὸν

2370 755 2512 807 κατά
2547 754 2860 828 διακόνουῆ
2909 757 3288 826 πρεσϐυτέρου
3340 757 3550 829 ἐκϐάλῃ
3599 757 3705 827 τῆς
3758 759 3964 827 ἐκκλη-

2372 845 2494 908 σίας
2527 849 2668 911 τινὰ,
2718 847 2890 918 ᾕγουν
2936 849 3198 921 ἀφορίσῃ,
3236 849 3564 920 προνοητέον
3627 853 3751 920 ἦτοι
3803 868 3966 920 φρον-

2369 938 2602 1001 τιστέον,
2667 941 2743 1009 μὴ
2798 939 3016 1009 ἀθρόον,
3083 941 3256 1010 ἡγουν
3310 941 3595 1009 αἰφνιδίως
3654 945 3755 993 καὶ
3797 944 3965 1010 χωρῇ

2373 1030 2601 1108 σκοποῦ,
2629 1030 2724 1084 τὸν
2747 1033 2991 1086 τοιοῦτον
3019 1034 3118 1104 τῆς
3148 1036 3435 1097 κοινωνίας
3462 1036 3962 1104 ἀποπρεφείσθαι.

2372 1124 2788 1194 Καταφευγέτω
2815 1126 2872 1179 δὲ
2897 1127 2925 1178 6
2957 1127 3253 1197 ἐγκληθεὶς
3279 1128 3417 1198 πρὸς
3433 1129 3526 1180 τὸν
3542 1127 3964 1198 μητροπολίτην

2369 1216 2470 1284 τῆς
2533 1217 2828 1288 ἐπαρχίας,
2878 1211 2922 1285 ᾧ
2953 1219 3199 1289 δηλονότι
3267 1221 3556 1274 ὑπόκειται
3606 1221 3638 1271 6
3697 1221 3968 1287 ἀφορίσας

2371 1307 2696 1374 ἐπίσκοπος,
2729 1310 2825 1361 καὶ
2888 1310 3145 1376 ἀξιούτω,
3181 1311 3270 1364 ’ίνα
3327 1313 3459 1380 παρ’
3497 1312 3668 1365 αὑτοῦ
3715 1313 3969 1380 ἀκριϐῶς

2376 1399 2641 1471 ἐξετασθῇ
2695 1401 2756 1452 τὸ
2784 1403 3039 1471 πρᾶγμα,
3074 1405 3195 1474 ἦτοι
3226 1406 3261 1474 ἡ
3314 1405 3400 1458 ἐπ’
3450 1405 3602 1476 αὑτῷ
3629 1405 3842 1476 πρᾶξις
3875 1405 3969 1458 τοῦ

2372 1493 2699 1547 ἐπισκόπου.
2747 1494 2823 1546 Οὑ
2855 1495 2962 1565 χρὴ
3017 1496 3127 1564 γὰρ
3157 1496 3509 1568 παρορᾶσθαι
3539 1500 3673 1561 τοὺς
3703 1500 3971 1566 αἰτουμέ-

2373 1600 2520 1647 νους,
2550 1584 2647 1638 καὶ
2675 1585 2812 1656 μηδὲ
2831 1587 2860 1638 ό
2889 1587 3163 1659 ἀφορίσας
3200 1589 3504 1652 ἐπίσκοπος
3535 1591 3968 1657 ἀγανακτείτωο

2369 1675 2506 1728 ἀλλὰ
2528 1676 2748 1747 φερέτω
2777 1678 3050 1746 γενναίως
3081 1681 3186 1749 τὴν
3218 1680 3490 1748 ἐξέτασιν,
3538 1682 3633 1735 ἴνα
3665 1683 3698 1751 ἢ
3737 1686 3969 1753 κυρωθῇ

2373 1769 2718 1837 ήάπόφασις
2743 1770 2910 1823 αὑτοῦ
2938 1770 3126 1826 δικαία
3149 1771 3310 1837 οὖσα,
3360 1775 3392 1843 ἢ
3446 1774 3754 1844 διορθωθῇ,
3801 1775 3865 1828 Ὀ
3914 1776 3970 1828 δέ

2293 1847 2338 1907 Β
2369 1863 2752 1932 ἀφωρισμένος
2782 1862 2884 1915 οὑκ
2917 1863 3124 1931 ὀφείλει
3149 1865 3258 1936 πρὸ
3281 1865 3381 1936 τῆς
3409 1865 3776 1935 διαγνώσεως
3810 1869 3966 1920 ἀναι-

2366 1953 2474 2018 δῶς
2502 1955 2789 2026 προσιέναι
2820 1958 2885 2026 τῇ
2948 1957 3230 2028 κοινωνίᾳ.
3270 1958 3400 2011 Ἐὰν
3448 1960 3506 2012 δέ
3540 1961 3738 2013 ἴδωσιν
3804 1961 3968 2015 αὑτόν

2365 2061 2518 2109 τινες
2562 2047 2675 2099 τῶν
2705 2046 2989 2116 κληρικῶν
3022 2050 3117 2102 τοῦ
3148 2050 3515 2119 ἀφορίσαντος
3538 2052 3713 2104 αὑτὸν
3739 2053 3968 2104 ἐπισκό-

2370 2152 2476 2188 που
2516 2136 2886 2208 ἐπαιρόμενόν
2916 2155 2977 2191 τε
3005 2140 3098 2193 καὶ
3149 2139 3622 2210 ἀλαζονευόμενον
3675 2143 3833 2195 κατά
3873 2143 3966 2195 τοῦ

2365 2228 2736 2298 ἀφορίσαντος
2761 2230 2949 2294 αὑτὸν,
2981 2230 3296 2300 ὀφείλουσιν
3346 2233 3710 2302 ἐπιστρέφειν
3772 2237 3963 2298 αὑτὸν,

2363 2321 2643 2376 τουτέστιν
2666 2323 2747 2386 είς
2766 2324 3098 2377 ταπείνωσιν
3157 2325 3317 2393 ἄγειν
3356 2327 3449 2380 καὶ
3500 2328 3826 2398 ὑποταγὴν,
3875 2347 3964 2381 πι-

2370 2413 2656 2484 κροτέροις
2707 2415 2806 2469 καὶ
2855 2414 3183 2488 βαρυτέροις
3243 2420 3509 2489 ῥήμασιν,
3575 2420 3968 2480 όνειδιστικοῑς

2368 2505 2574 2577 δηλαδὴ
2603 2507 2700 2562 καὶ
2733 2507 3228 2573 ὲπεξελευστικοῖςο
3258 2511 3416 2565 τοῦτο
3461 2512 3516 2564 δὲ
3568 2515 3758 2564 ποιεῖν
3818 2516 3968 2578 ὀφεί-

2364 2596 2567 2664 λουσιν,
2592 2599 2670 2662 ὡς
2696 2599 3110 2669 ὑπηρετοῦντες
3140 2604 3237 2656 καὶ
3270 2604 3647 2669 ὑπακούοντες
3672 2606 3777 2658 τοῦ
3845 2609 3964 2658 ἐπι-

2369 2691 2580 2744 σκόπου
2639 2691 2842 2746 αὐτῶν.
2897 2694 3112 2766 Ὥσπερ
3165 2695 3295 2765 γὰρ,
3328 2697 3484 2766 φησὶ,
3543 2700 3709 2767 χρέος
3767 2700 3885 2767 ἔχει
3945 2703 3971 2752 ὀ

2366 2783 2666 2847 ἐπίσκοπος
2693 2785 3072 2840 ἐνδείκνυσθαι
3105 2787 3356 2858 καθαρὰν
3375 2789 3625 2842 διάθεσιν
3652 2791 3802 2859 πρὸς
3842 2793 3969 2854 τοὶς

2367 2874 2668 2944 ὑπηρέτας,
2696 2879 2815 2947 ἤτοι
2849 2877 2974 2942 τοὺς
3001 2879 3301 2948 κληρικοὺς
3331 2881 3521 2943 αὑτοῦ,
3559 2881 3748 2943 οὕτως
3777 2885 3969 2954 spesq-

2367 2965 2460 3018 λόν
2513 2968 2632 3019 ἐστι
2677 2967 2970 3032 κάκείνους
3024 2968 3268 3037 ὀφείλειν
3323 2971 3421 3036 τὴν
3475 2972 3797 3041 ὑπηρεσίαν
3857 2977 3968 3037 τοῖς

2367 3059 2695 3122 ἐπισκόποις
2724 3058 2912 3113 ἄδολον
2939 3061 3204 3117 ἐκτελεῖν.
3244 3062 3319 3114 Τὸ
3341 3063 3396 3115 δὲ
3425 3063 3609 3132 λέγειν
3637 3065 3733 3116 τὸν
3761 3067 3961 3118 κανόνα

2373 3154 2450 3223 μὴ
2503 3153 2868 3222 ἐνδημοῦντος
2916 3155 3011 3206 τοῦ
3063 3153 3466 3225 μητροπολίτου
3511 3157 3616 3218 τῆς
3679 3157 3962 3226 ἐπαρχίας

2371 3245 2746 3313 καταφεύγειν
2767 3245 2862 3297 τὸν
2897 3245 3267 3315 ἀφορισθέντα
3308 3247 3398 3298 ἐπὶ
3428 3247 3520 3299 τὸν
3540 3248 3957 3319 πλησιόχωρον,

2367 3331 2525 3402 οἶμαι
2551 3333 2824 3404 μηδέποτε
2849 3335 3167 3406 ἐνεργῆσαι,
3223 3336 3362 3398 τέως
3395 3337 3453 3388 δὲ
3497 3338 3594 3390 νῦν
3625 3340 3687 3391 οὑ
3717 3343 3958 3407 γίνεται.

2371 3427 2493 3489 Πῶς
2517 3427 2630 3495 γὰρ
2652 3429 2782 3498 παρ’
2806 3427 2994 3498 ἐτέρου
3025 3429 3451 3499 μητροπολίτου,
3479 3425 3639 3502 ᾧοὺχ
3664 3432 3960 3487 ὑπόκειται

2371 3522 2400 3573 ὁ
2431 3521 2702 3590 ἀφορίσας
2728 3522 3053 3585 ἐπίσκοπος,
3106 3522 3474 3591 πεισθήσεται
3524 3525 3960 3594 δοκιμασθῆναι,

2369 3615 2420 3667 εί
2448 3613 2673 3678 δικαίως
2698 3614 2977 3684 ἀφώρισεν
3030 3617 3063 3685 ἢ
3109 3617 3183 3686 μή
3209 3632 3226 3683 ;
3266 3618 3425 3687 Ζήτει
3454 3620 3548 3670 καὶ
3579 3619 3678 3689 τῆς
3711 3623 3775 3672 ἐν
3809 3623 3959 3690 Καρ-

2371 3706 2576 3777 θαγένη
2605 3708 2804 3761 κανόνα
2831 3705 2935 3763 κθ’.

675 3783 821 3835 enim
858 3783 926 3838 ab
975 3786 1144 3840 altero
1199 3789 1634 3857 metropolitano,
1688 3793 1776 3845 cui
1824 3793 2102 3860 subjectus
2134 3813 2236 3850 non
2298 3808 2383 3855 est
2436 3802 2729 3871 episcopus
2763 3802 3159 3872 segregationis
3207 3813 3418 3869 auctor,
3455 3805 3520 3858 de
3565 3819 3628 3858 ea
3697 3820 3958 3873 segrega-

681 3877 843 3942 tione,
873 3878 1066 3947 jurene
1109 3895 1178 3934 an
1212 3881 1467 3950 injuriarn
1517 3885 1729 3940 decreta
1804 3886 1989 3954 fuerit,
2045 3892 2400 3959 quaestionem
2471 3897 2657 3952 haberi
2719 3897 3050 3967 permittat?
3086 3895 3222 3952 Vide
3270 3898 3458 3968 synodi
3503 3899 3957 3970 Carthagiuensis

674 3986 935 4025 canonem
973 3971 1446 4028 undetricesimum

675 4083 903 4138 ARIST.
948 4103 965 4136 ι
1011 4087 1092 4140 Ab
1121 4086 1377 4141 iracundo
1411 4090 1820 4156 condemnatus,
1845 4093 1890 4146 si
1929 4094 2132 4148 auxilio
2169 4095 2250 4149 in-

755 4194 774 4227 ς
815 4178 1014 4248 digeat.
1050 4179 1345 4232 audiendus
1377 4196 1390 4231 :
1422 4182 1593 4234 donec
1626 4197 1761 4236 «vero
1792 4184 2053 4239 auxilium
2085 4188 2257 4257 impe-

755 4287 775 4320 r
813 4271 1054 4333 traverit,
1085 4273 1582 4328 excommunicatus
1617 4287 1850 4332 maneat.
1881 4294 1898 4327 ι

749 4360 850 4425 Qui
886 4362 952 4413 ab
977 4360 1228 4428 episcopo
1261 4363 1328 4414 ad
1367 4367 1498 4415 iram
1529 4363 1753 4418 forsitan
1783 4377 2053 4421 commoto
2079 4383 2260 4438 segre-

677 4464 835 4522 gatur
872 4453 1138 4516 clericus,
1172 4453 1215 4506 si
1248 4453 1314 4504 ad
1348 4455 1745 4523 nietrOpolitam
1771 4497 1784 4520 ,
1821 4461 1908 4511 cui
1964 4460 2254 4527 subjicitur

676 4547 985 4615 cpiscolius,
1015 4546 1243 4611 accedit,
1282 4555 1336 4598 ut
1375 4549 1767 4616 segregationis
1791 4566 2009 4605 causam
2047 4557 2252 4607 exami-

677 4650 804 4703 net;
867 4640 981 4692 sive
1009 4652 1072 4691 ea
1096 4639 1240 4706 justa
1291 4639 1400 4704 sit,
1434 4641 1548 4693 sive
1599 4657 1705 4694 non
1749 4644 1860 4709 sit,
1911 4646 2246 4703 admittetur.

676 4733 974 4801 Antequam
1011 4743 1185 4785 autem
1217 4733 1583 4800 examinetur,
1614 4745 1667 4788 et
1702 4748 1884 4790 notum
1911 4741 1981 4793 sit
2018 4756 2085 4794 an
2113 4743 2257 4810 jllsle

675 4833 986 4892 segregatus
1037 4823 1197 4876 fuerit
1245 4839 1456 4888 necne,
1510 4828 1576 4878 ad
1634 4832 2252 4903 communioneminon

674 4917 1010 4984 admittetur,
1037 4919 1130 4973 sed
1159 4919 1210 4972 in
1240 4935 1396 4987 poena
1429 4921 1686 4977 manebit.

1273 5099 1405 5153 CAN
1413 5099 1500 5154 ΟΝ
1545 5100 1658 5156 XV.

683 5211 705 5244 ‹
745 5189 801 5245 Si
831 5191 954 5262 quis
975 5191 1258 5261 episcopus
1301 5208 1366 5248 ex
1427 5194 1530 5247 alia
1577 5196 1814 5264 parmcia
1861 5197 1987 5252 velit
2024 5199 2259 5255 alienum

759 5302 779 5335 ι
818 5284 1145 5348 ministrum,
1181 5283 1295 5338 sine
1338 5300 1600 5339 consensu
1651 5287 1850 5355 proprii
1890 5291 2160 5359 episcopi,
2207 5292 2260 5346 in

759 5396 777 5428 ι
814 5378 991 5445 aliquo
1021 5377 1185 5446 gradu
1215 5381 1582 5443 constituere;
1616 5378 1770 5433 irrita
1795 5390 1848 5435 et
1883 5382 2092 5436 inllrma
2123 5386 2260 5452 ejus-

757 5487 773 5516 ι
810 5468 952 5522 modi
978 5468 1295 5521 constitutio
1323 5469 1683 5523 existimetur.
1728 5470 1782 5524 Si
1831 5472 1921 5539 qui
1949 5485 2125 5526 autem
2158 5478 2259 5529 hoc

751 5579 770 5610 ι
806 5559 906 5613 sibi
939 5559 1069 5628 ipsis
1097 5561 1457 5628 permiserint,
1490 5578 1519 5615 a
1569 5561 1829 5617 fratribus
1850 5573 1900 5618 et
1929 5567 2258 5635 coepiscopis

749 5669 766 5700 σ
802 5659 854 5702 et
882 5651 1162 5704 admoneri
1196 5663 1249 5705 et
1282 5653 1479 5722 corrigi
1510 5651 1722 5709 debent.
1745 5654 1941 5711 Omnes
1964 5658 2212 5711 dixerunt
2239 5675 2254 5712 :
2290 5733 2293 5737 _

757 5760 775 5791 ‹
813 5741 921 5796 lloc
971 5757 1182 5816 quoque
1234 5746 1510 5802 decretum
1569 5755 1676 5804 stet
1723 5747 1936 5804 ﬁrmum
1966 5757 2020 5805 et
2059 5749 2253 5806 immo-

753 5852 773 5886 ι
812 5833 931 5890 bile.
973 5855 990 5887 ι

2359 4077 2582 4132 ΑΡΙΣΤ.
2648 4094 2668 4128 ι
2721 4075 2780 4130 Ὀ
2843 4077 2976 4145 παρ’
3017 4077 3277 4148 όξυχόλου
3307 4078 3666 4145 κακάκριτος,
3729 4081 3954 4132 ἐπικου-

2439 4189 2456 4222 ι
2509 4170 2627 4240 ρίας
2651 4169 2928 4239 δεόμενος,
2980 4169 3081 4222 οὑκ
3109 4171 3362 4240 ἀνήκοος.
3398 4172 3564 4241 ’Δχρι
3595 4173 3653 4224 δέ
3685 4173 3795 4242 τῆς
3832 4177 3953 4226 ἐπι-

2438 4285 2456 4317 ι
2505 4264 2733 4335 κουρίας
2763 4265 2965 4336 δηλαδὴ
2998 4267 3385 4335 ἀκοινώνητος.
3419 4283 3442 4318 ι

2441 4361 2500 4413 Ὀ
2532 4359 2662 4427 παρ’
2697 4360 2994 4412 ἐπισκόπου
3026 4361 3106 4423 είς
3133 4359 3306 4430 θυμὸν
3327 4361 3400 4422 ὡς
3427 4360 3588 4431 ἔτυχε
3623 4366 3956 4434 κινουμένου

2363 4453 2690 4521 ἀφορισθεὶς
2723 4452 3006 4523 κληρικδς,
3031 4454 3077 4504 εί
3101 4452 3374 4524 προσέλθῃ
3405 4453 3482 4520 τῷ
3502 4459 3892 4529 μητροπολίτῃ

2357 4546 2385 4596 6
2417 4545 2715 4607 ἐπίσκοπος
2746 4539 3052 4609 ὑπόκειται,
3082 4544 3175 4596 ἐπὶ
3204 4545 3264 4597 τὸ
3292 4544 3548 4610 ἐξετάσαι
3611 4549 3716 4616 τὴν
3779 4554 3955 4604 αἰτίαν

2356 4637 2451 4690 τοῦ
2498 4637 2828 4707 ἀφορισμοῦ,
2877 4638 2987 4688 εἴτε
3044 4635 3266 4703 εὑλογός
3323 4639 3491 4698 ἐστιν,
3540 4641 3656 4691 εἶτε
3711 4645 3813 4696 καὶ
3856 4646 3956 4714 μὴν

2363 4727 2840 4797 παραδεχθήσεται
2867 4743 2881 4758 ·
2920 4726 3028 4796 πρὸ
3049 4726 3108 4780 δὲ
3139 4726 3233 4780 τοῦ
3283 4727 3646 4799 ἐξετασθῆναι
3683 4738 3789 4785 καὶ
3847 4735 3954 4787 δια-

2361 4820 2696 4889 γωσθῆναι,
2731 4821 2842 4874 είτε
2875 4819 3056 4883 καλῶς
3080 4820 3391 4890 ἀφωρίσθη,
3440 4822 3553 4874 εἴτε
3603 4826 3705 4876 καὶ
3748 4829 3850 4896 μὴ,
3898 4830 3954 4879 οὐ

2361 4911 2938 4983 παραδεχθήσεταιείς
2961 4914 3272 4980 κοινωνίαν,
3308 4913 3424 4966 ἀλλ’
3473 4915 3534 4967 ἐν
3565 4916 3649 4985 τῷ
3690 4919 3954 4989 ἐπιτιμίῳ

2356 5007 2529 5062 ἔσται.

2969 5101 3208 5156 ΚΔΝΩΝ
3241 5100 3342 5157 1Ε’.

2375 5213 2393 5246 ι
2431 5195 2498 5246 Ei
2520 5211 2603 5257 τις
2640 5194 2939 5263 ἐπίσκοπος
2981 5193 3040 5259 ἐξ
3094 5193 3284 5262 ἐτέρας
3347 5196 3650 5264 παροικίας
3714 5197 3949 5270 ﬂuuii-frg

2446 5303 2464 5334 σ
2497 5283 2776 5354 ἀλλότριον
2813 5285 3094 5354 ὑπηρέτην
3126 5285 3295 5355 χωρὶς
3333 5286 3433 5353 τῆς
3482 5291 3948 5356 συγκαταθέσεως

2441 5397 2458 5428 ι
2493 5377 2589 5430 τοῦ
2619 5377 2749 5430 ίδίου
2780 5377 3078 5429 ἐπισκόπου
3108 5378 3184 5439 εἷς
3203 5395 3322 5429 τινα
3345 5377 3554 5446 βαθμὸν
3580 5385 3946 5451 καταστῆσατ,

2444 5485 2462 5516 ι
2503 5467 2706 5538 ἄκυρος
2736 5467 2830 5519 καὶ
2861 5465 3116 5526 ἀὸέῦαιος
3160 5469 3192 5536 ὴ
3243 5467 3464 5537 τοιαύτη
3519 5469 3553 5538 ἡ
3606 5474 3948 5534 κα-ἀςτασις

2443 5576 2461 5608 ι
2504 5557 2799 5626 νομίζοιτο.
2839 5557 2903 5609 Εἰ
2933 5573 3076 5619 τινες
3105 5558 3148 5608 δ’
3181 5559 3247 5610 ἂν
3279 5558 3436 5612 τοῦτο
3461 5559 3678 5622 ἑαυτοῖς
3739 5565 3943 5631 ἐπιτρέο

2436 5669 2454 5701 ι
2497 5650 2693 5720 ψειαν,
2733 5650 2884 5720 παρὰ
2923 5649 3033 5702 τῶν
3078 5650 3323 5718 ἀδελφῶν
3373 5650 3468 5702 καὶ
3517 5655 3943 5706 συνεπισκόπων

2443 5765 2460 5797 ι
2495 5746 2588 5797 καὶ
2615 5745 3128 5814 ὑπομιμνήσκεσθαι
3168 5744 3264 5796 καὶ
3299 5742 3652 5812 διορθοῦσθαι
3701 5747 3945 5815 ὀφείλου-

2437 5857 2455 5889 r
2495 5855 2603 5890 σιν.
2641 5838 2914 5901 ’Δπαντες
2948 5839 3202 5909 εἰρήκασι
3228 5855 3239 5866 ·
3262 5839 3373 5890 Καὶ
3394 5834 3551 5902 οὗτος
3573 5840 3601 5891 ὀ
3621 5841 3755 5910 ὅρος
3779 5842 3944 5908 στήτω

2441 5948 2460 5982 ι
2496 5929 2811 5993 ἀσάλευτος.
2849 5947 2870 5982 ι
