4178 6420
282 408 416 472 1481

1411 412 1491 472 ΙΝ
1519 411 1688 475 CAN.
1724 412 1857 475 XVI
1885 410 2095 474 CONC.
2132 416 2436 478 SARDIC.

3360 420 3380 482 1
3392 419 3496 483 482

334 522 530 578 ΒΑΛΣ.
572 520 631 573 '0
669 516 733 585 ιζ’
794 520 975 575 κανὼν
1034 524 1135 593 τῆς
1184 524 1349 596 ἐκτης
1397 529 1641 594 συνόδου,
1680 543 1843 598 μετα-

2016 532 2211 587 BALS.
2242 534 2517 602 Septimus
2546 534 2787 588 decimus
2818 547 2991 589 canon
3020 545 3184 589 sextae
3213 534 3402 603 synodi
3430 530 3519 603 qui

258 614 587 683 γενέστερος
612 610 710 677 ὣν,
739 612 1122 683 καθαιρεῖσθαι
1156 614 1454 686 διορίζεται
1479 619 1572 672 καὶ
1599 618 1724 680 τοὺς
1751 618 1843 670 δεον

260 703 534 770 ξαμένους
568 703 662 756 καὶ
691 703 816 763 τοὺς
848 701 1159 772 δεχθέντας.
1196 706 1495 772 Ἀνάγνωθι
1526 708 1738 776 καὶτῆς
1781 710 1842 759 ἐν

258 793 473 864 Νικαίᾳ
508 792 727 845 συνόδου
757 793 960 847 κανόνα
994 793 1095 860 ις’,
1130 796 1229 867 τῆς
1280 797 1339 850 ἐν
1390 798 1721 869 Καρθαγένῃ
1768 799 1840 851 νδ¹

258 884 358 935 καὶ
381 886 431 948 ι(
464 881 601 953 (80).

334 977 584 1031 ΖΩΝΑΡ.
620 977 757 1048 Περὶ
786 978 981 1033 τούτου
1008 979 1105 1032 καὶ
1129 980 1158 1033 ὁ
1184 978 1259 1045 ις’
1285 978 1467 1033 κανὼν
1512 982 1611 1051 τῆς
1655 982 1714 1034 ἐν
1745 983 1842 1036 Νι·

255 1067 399 1136 καίᾳ
432 1067 661 1140 πρώτης
692 1071 936 1137 συνόδου,
973 1072 1068 1126 καὶ
1096 1074 1125 1125 δ
1161 1071 1227 1136 ιζ’
1249 1073 1347 1141 τῆς
1376 1079 1430 1137 ς’
1460 1074 1703 1139 συνόδου,
1748 1075 1843 1128 καὶ

252 1159 286 1210 ὁ
313 1160 411 1229 τῆς
444 1160 504 1212 ἐν
534 1161 869 1234 Καρθαγένῃ
892 1162 965 1216 νδ’
989 1163 1084 1216 καὶ
1135 1167 1186 1229 ι(
1219 1163 1581 1231 διαλέγονται,
1616 1165 1704 1218 ἵνα
1763 1166 1839 1235 μή

253 1264 345 1312 τις
371 1251 678 1316 ἐπίσκοπος
706 1256 897 1325 ἐτέρου
925 1255 1228 1309 ἐπισκόπου
1271 1257 1533 1325 κληρικὸν
1590 1258 1839 1330 δέχηται,

254 1338 291 1407 ἦ
326 1344 610 1411 χειροτονῇ
644 1342 811 1395 αὑτὸν
841 1344 924 1406 είς
951 1345 1174 1414 μείζονα
1216 1346 1473 1415 προάγων
1497 1346 1727 1416 βαθμόν.
1777 1349 1842 1401 Ei

252 1430 315 1482 δὲ
342 1434 738 1502 χειροτονήσει,
764 1434 970 1505 ἄκυρος
1004 1438 1037 1506 ὴ
1066 1437 1374 1507 χειροτονία
1412 1438 1520 1508 είη,
1577 1440 1628 1491 εἰ
1678 1439 1752 1509 μὴ
1810 1439 1840 1491 ὁ

253 1520 528 1591 πρότερος
556 1526 861 1589 ἐπίσκοπος
886 1528 980 1580 τοῦ
1008 1528 1274 1598 κληρικοῦ
1327 1530 1540 1583 ἐκείνου
1570 1531 1842 1603 ἐπιτρέψῃ

252 1610 361 1679 τὴν
388 1615 748 1683 χειροτονίαν.
786 1618 850 1670 Οί
894 1615 952 1669 δὲ
988 1617 1149 1670 τοῦτο
1175 1619 1389 1685 ἑαυτοῖς
1426 1621 1839 1692 ἐπιτρέψαντες,

250 1703 507 1756 τουτέστι
530 1706 592 1757 τὸ
621 1707 1013 1762 οἰκειώσασθαι
1056 1708 1089 1780 ἢ
1120 1708 1219 1763 καὶ
1246 1714 1624 1783 χειροτονῆσαι
1683 1713 1841 1767 ἀλλό-

253 1809 417 1865 τριον
443 1795 731 1866 κληρικὺν,
782 1798 1092 1869 ὀφείλουσιν
1141 1802 1663 1874 ὑπομιμνήσκεσθαι
1710 1808 1842 1877 περὶ

248 1887 453 1940 τούτου
478 1890 576 1941 καὶ
606 1888 955 1960 διορθοῦσθαι
982 1892 1133 1963 παρὰ
1156 1892 1268 1948 τῶν
1310 1893 1558 1963 ἀδελφῶν
1588 1897 1680 1949 καὶ
1711 1913 1837 1950 συν·
1865 1884 1913 1944 Β

250 1979 600 2039 επισκάπων.
645 1982 704 2034 '0
730 1982 785 2035 δὲ
812 1978 877 2034 ιλ¹
904 1981 1087 2037 κανὼν
1117 1983 1218 2053 τῆς
1270 1981 1323 2050 ς’
1378 1986 1621 2053 συνόδου,
1669 2005 1838 2058 μετα-

250 2069 592 2138 γενεστέρας
628 2068 797 2140 οὔσης
826 2071 979 2140 παρά
1023 2071 1231 2141 ταύτην
1255 2072 1354 2142 τὴν
1414 2072 1651 2139 σύνοδον,
1708 2076 1836 2140 τοὺς

249 2156 449 2209 ἔκτοτε
502 2157 672 2228 χωρὶς
729 2156 961 2229 γνώμης
1022 2161 1116 2214 τοῦ
1158 2161 1362 2213 οἰκείου
1406 2162 1709 2215 ἐπισκόπου
1755 2166 1837 2228 εἰς

250 2247 455 2315 ἐτέραν
490 2248 947 2318 μεταχωροῦντας
976 2250 1276 2321 ἐκκλησίαν
1312 2252 1698 2325 καθαιρεῖσθαι
1748 2270 1839 2308 κε-

248 2344 425 2411 λεύει,
458 2346 708 2410 καὶτοὺς
748 2345 1184 2417 ὑποδεξαμένους
1224 2348 1445 2413 αὐτούς.

251 2521 485 2579 ΑΡΙΣΤ.
533 2540 552 2573 ι
593 2521 698 2575 Τὸν
728 2522 1013 2593 ἀλλότριον
1057 2522 1339 2593 ὑπηρέτην
1394 2521 1675 2594 ἀλλότριος
1717 2524 1839 2594 δίχα

328 2629 347 2663 ι
380 2612 478 2682 τῆς
507 2612 719 2665 ἐκείνου
759 2614 986 2683 γνώμης
1037 2613 1323 2684 ἐμϐαθμον
1354 2614 1619 2677 καθιστάς
1654 2616 1840 2669 καθίσα

333 2721 352 2755 ι
389 2720 570 2774 τησιν,
609 2704 724 2758 ἀλλ’
751 2704 1024 2760 ἀϐέϐαιον.
1049 2723 1068 2755 ι

328 2880 405 2933 Οὐ
435 2880 517 2933 δεῖ
562 2878 866 2937 ἐπίσκοπον
899 2883 1184 2953 ἀλλότριον
1220 2884 1489 2954 κληρικὺν
1536 2885 1841 2956 παραδέχε-

248 2971 402 3036 σθαι,
434 2972 529 3025 καὶ
577 2976 659 3035 είς
692 2973 905 3044 βαθμόν
924 2991 1047 3028 τινα
1079 2975 1296 3028 τάττειν
1329 2976 1493 3029 αὐτὸν
1541 2976 1667 3029 ἄνευ
1699 2976 1841 3046 γνὼ-

246 3080 364 3133 μης
395 3063 487 3116 τοῦ
519 3064 650 3117 ἰδίου
686 3067 1011 3119 ἐπισκόπου.
1050 3068 1112 3121 Ei
1139 3067 1195 3119 δέ
1238 3066 1531 3130 τιςτοῦτο
1586 3070 1839 3138 ποιήσει,

245 3154 350 3205 καὶ
379 3154 469 3206 τὸν
498 3155 787 3225 ἀλλότριον
810 3159 869 3209 ἐν
891 3158 971 3229 τῷ
1005 3160 1122 3229 ίδίῳ
1154 3159 1345 3229 κλήρῳ
1396 3161 1837 3229 ἐγκαταστήσεν

243 3244 453 3315 ἄκυρος
510 3246 605 3301 καὶ
666 3248 924 3312 ἀϐέϐαιος
971 3251 1006 3321 ἡ
1060 3249 1289 3321 τοιαύτῃ
1342 3250 1496 3306 ἐσται
1557 3251 1835 3306 κατάστα-
1866 3234 1912 3298 C

248 3355 364 3399 σις.

851 3432 1090 3487 ΚΑΝΩΝ
1124 3435 1240 3502 ις’.

256 3543 276 3576 ι
336 3523 541 3587 Ἀέτιος
573 3522 879 3589 ἐπίσκοπος
904 3522 1059 3581 εἶπεν
1082 3542 1096 3558 ·
1135 3528 1249 3581 Οὐκ
1277 3529 1522 3598 ἀγνοεῖτε
1562 3531 1722 3585 ὁποία
1747 3534 1843 3587 καὶ

342 3634 361 3666 ι
402 3616 610 3686 πηλίκη
644 3618 906 3685 τυγχάνει
936 3618 971 3687 ή
1014 3616 1124 3671 τῶν
1157 3618 1608 3675 Θεσσαλονικέων
1636 3622 1839 3693 μητρό-

336 3725 354 3758 ι
392 3707 565 3768 πολις.
594 3705 864 3770 Πολλάκις
889 3710 1185 3779 τοιγαροῦν
1211 3712 1291 3773 είς
1312 3710 1484 3781 αὐτὴν
1510 3712 1617 3765 ἀπὸ
1638 3714 1840 3782 ἐτέρων

335 3817 353 3849 ι
395 3799 678 3868 ἐπαρχιῶν
718 3799 1086 3871 πρεσϐύτεροι
1139 3802 1234 3855 καὶ
1312 3802 1553 3857 διάκονοι
1603 3805 1839 3877 παραγί-

339 3910 358 3943 ι
395 3908 602 3957 νονται,
635 3892 733 3944 καὶ
787 3893 890 3945 οὐκ
936 3892 1271 3963 ἀρκούμενοι
1310 3892 1543 3966 βραχέος
1588 3895 1836 3968 διαγωγῇ

341 4002 359 4034 ι
396 3986 615 4054 χρόνου,
642 3985 1066 4054 ἐναπομένουσι,
1103 3986 1199 4038 καὶ
1226 3987 1447 4041 ἅπαντα
1506 3987 1599 4041 τὸν
1647 3990 1837 4059 χρόνον

340 4093 356 4124 ι
390 4074 579 4127 αὐτόθι
638 4072 922 4137 ποιοῦντες
963 4074 1323 4143 διατελοῦσιν,
1394 4076 1428 4147 ἢ
1485 4077 1640 4147 μόλις
1697 4081 1839 4149 μετὰ

340 4185 359 4216 ι
396 4166 655 4218 πλεῖστον
693 4166 885 4235 χρόνον
920 4169 1000 4230 είς
1027 4167 1127 4230 τάς
1160 4166 1373 4220 ἑαυτῶν
1402 4170 1690 4223 ἐπανιέναι
1740 4172 1836 4224 ἐκ·

344 4275 361 4307 ι
401 4256 633 4326 κλησίας
661 4256 1089 4323 ἀναγκάζονται.
1133 4259 1270 4329 Περὶ
1306 4258 1520 4311 τούτων
1578 4260 1671 4314 οὖν
1716 4263 1835 4331 ὁρι-

334 4366 351 4398 ι
392 4350 566 4400 στέον.
604 4349 790 4411 Ὀσιος
825 4349 1126 4412 ἐπίσκοπος
1166 4346 1358 4403 εἶπενο
1395 4344 1555 4404 Οὗτοι
1596 4354 1645 4403 oi
1695 4353 1833 4421 ὅροι,

337 4460 354 4491 ι
390 4440 441 4492 οῖ
468 4442 563 4494 καὶ
593 4440 685 4493 ἐπὶ
741 4441 851 4494 τῶν
893 4441 1213 4494 ἐπισκόπων
1262 4442 1581 4511 ὡρισμένοι,
1634 4443 1836 4511 φυλατ-

341 4555 357 4586 ι
399 4535 682 4589 τέσθωσαν
708 4536 803 4588 καὶ⁸
848 4534 942 4586 ἐπὶ
971 4532 1176 4587 τούτων
1209 4533 1317 4588 τῶν
1357 4535 1688 4604 προσώπων.

333 4626 524 4678 ΒΔΛΣ.
558 4626 671 4678 Kal.
692 4620 846 4687 οὗτος
872 4626 900 4676 ό
931 4625 1112 4677 κανὼν
1146 4626 1277 4695 περὶ
1304 4624 1411 4678 τῶν
1466 4628 1833 4699 μετατιθεμέο

256 4734 365 4769 ναν
390 4716 675 4788 κληρικῶν
704 4716 815 4769 ἀπὸ
856 4716 1065 4779 πόλεως
1094 4718 1174 4779 είς
1204 4716 1363 4769 πόλιν
1394 4717 1587 4788 ἑτέραν
1646 4718 1832 4789 διαγο-

258 4809 434 4878 ρεύει.
465 4809 578 4860 Καὶ
607 4806 883 4875 ἀνάγνωθι
913 4806 981 4861 τὰ
1026 4806 1157 4877 περὶ
1183 4805 1403 4870 τούτους
1451 4809 1733 4878 γραφέντα
1776 4810 1835 4863 ἐν

256 4900 538 4969 διαφόροις
568 4900 784 4956 κανόσι.

337 4992 586 5046 ΖΩΝΑΡ.
622 4993 732 5045 Καὶ
764 4984 920 5055 οὗτος
946 4992 974 5043 ὁ
1006 4990 1192 5045 κανὼν
1238 4992 1368 5062 περὶ
1407 4992 1518 5045 τῶν
1553 4992 1837 5063 μετατιθε-

260 5085 438 5158 μένων
480 5084 761 5154 κληρικῶν
793 5084 903 5137 ἀπὸ
949 5085 1158 5147 πόλεως
1192 5086 1274 5147 είς
1311 5084 1467 5138 πόλιν
1492 5086 1689 5157 ἐτέραν
1720 5086 1839 5141 δια-

258 5179 499 5249 τορεύει,
532 5181 628 5233 καὶ
647 5181 715 5235 τὰ
745 5181 846 5251 ήδη
881 5181 1009 5252 περὶ
1028 5180 1207 5235 αὐτῶν
1234 5179 1519 5252 ὡρισμένα
1548 5182 1837 5254 τηρεῖσθαι

258 5268 655 5328 διακελεύεται.

1946 632 2030 677 est
2057 625 2343 689 recentior,
2380 625 2532 695 jubet
2557 640 2650 681 eos
2682 627 2874 695 deponi
2934 635 2986 681 et
3044 628 3133 695 qui
3169 636 3525 695 susceperunt

1946 723 2001 767 et
2036 716 2126 783 qui
2155 718 2390 784 suscepti
2426 726 2570 773 sunt.
2610 718 2753 788 Lege
2786 728 2841 772 et
2872 717 3103 773 Nicaeum
3135 721 3325 789 synodi
3358 734 3524 775 cano-

1948 822 2069 861 nem
2104 808 2194 873 16,
2227 809 2672 876 Cartliaginensis
2696 824 2932 865 canones
2957 808 3027 864 64
3050 819 3104 864 et
3138 811 3234 864 90.

2023 985 2273 1041 ZONAh‘.
2309 988 2422 1043 [lac
2452 987 2517 1043 de
2545 1004 2601 1043 re
2622 989 2847 1044 Nicmnae
2870 969 3084 1060 quiaque
3110 992 3296 1061 prima!
3326 993 3520 1059 synodi

1949 1094 2130 1135 canon
2160 1082 2401 1135 decimus
2456 1088 2679 1145 sextus,
2720 1090 2774 1135 et
2831 1092 2999 1136 sexta
3053 1084 3240 1151 synodi
3280 1084 3523 1138 decimus

1946 1173 2228 1242 septimus,
2254 1182 2309 1228 et
2334 1172 2778 1243 Carthaginensis
2800 1174 3279 1242 quinquagesimus
3296 1185 3522 1244 quartus

1947 1274 2001 1319 ct
2032 1267 2411 1335 nonagesimus
2445 1266 2738 1321 disserunt.
2770 1264 2871 1331 Qui
2897 1266 3117 1333 quidem
3151 1281 3180 1319 a
3203 1281 3522 1335 quocunque

1946 1359 2198 1428 episcopo
2218 1359 2442 1414 alterius
2463 1359 2697 1429 episcopi
2739 1359 2999 1413 clericum
3049 1358 3308 1423 admitti,
3357 1368 3523 1427 atque

1948 1453 2017 1507 ab
2039 1466 2102 1507 eo
2129 1452 2194 1507 ad
2226 1452 2474 1507 altiorem
2500 1452 2709 1507 ordinis
2728 1453 2951 1520 gradum
2986 1450 3291 1519 promoveri
3314 1460 3522 1503 vetant.

1947 1545 2025 1599 Ac
2050 1545 2093 1599 si
2123 1546 2267 1613 quis,
2302 1544 2411 1597 nisi
2445 1543 2603 1612 primi
2631 1542 2895 1612 episcopi,
2920 1542 3079 1610 cujus
3105 1555 3135 1594 e
3174 1540 3379 1594 ditione
3407 1539 3523 1593 cle-

1947 1635 2093 1690 rieus
2118 1642 2221 1699 est,
2264 1633 2523 1688 facultate
2553 1633 2923 1687 intercedente
2954 1670 2970 1694 ,
3004 1639 3285 1700 promotus
3317 1628 3481 1682 fuerit
3504 1664 3521 1691 ,

1948 1724 2288 1780 collationem
2333 1726 2452 1794 ejus
2498 1723 2708 1780 ordinis
2755 1722 2966 1776 irritam
3022 1735 3146 1775 esse
3203 1722 3523 1775 decernunt.

1947 1818 2049 1884 Qui
2080 1831 2212 1872 vero
2233 1817 2334 1871 sibi
2366 1815 2471 1871 hoc
2499 1814 2844 1886 permiserint
2870 1854 2885 1879 ,
2910 1822 2967 1866 ut
2998 1813 3082 1867 vel
3131 1811 3367 1866 alienum
3412 1810 3525 1864 cle—

1944 1909 2114 1964 ricum
2148 1909 2252 1963 sibi
2282 1907 2583 1973 vindicent,
2617 1904 2700 1960 vel
2727 1905 2901 1959 eidem
2942 1903 3339 1958 ecclesiasticos
3376 1900 3525 1955 ordi-

1943 2015 2041 2056 nes
2074 2000 2397 2064 conferant,
2429 2013 2489 2053 ea
2519 2000 2584 2052 de
2616 2012 2676 2052 re
2705 2011 2736 2050 a
2777 1994 3038 2051 fratribus
3090 2002 3143 2050 et
3192 1992 3524 2062 coepiscopis

1943 2091 2222 2147 admoneri
2250 2100 2304 2145 et
2331 2088 2528 2157 corrigi
2564 2088 2778 2142 debent.
2814 2087 2992 2142 Sexta:
3016 2099 3147 2140 vero
3170 2084 3383 2155 synodi,
3402 2097 3526 2153 quae

1945 2185 2047 2239 hac
2077 2184 2342 2252 posterior
2371 2181 2493 2247 fuit,
2536 2180 2777 2235 decimus
2813 2179 3073 2248 septimus
3104 2190 3300 2243 canon,
3336 2177 3427 2244 qui
3454 2189 3524 2229 ex

1944 2290 2009 2331 eo
2037 2284 2275 2346 tempore
2300 2275 2507 2342 absque
2541 2271 2781 2342 episcopi
2814 2272 2898 2326 sui
2952 2269 3212 2324 facultate
3261 2270 3314 2323 in
3360 2268 3520 2321 aliam

1945 2367 2230 2423 ecclesiam
2285 2364 2646 2428 transierint,
2718 2363 2918 2431 quique
2984 2368 3244 2430 praeterea
3303 2357 3523 2413 eosdem

1947 2458 2269 2527 receperint,
2307 2456 2681 2525 segregatione
2730 2451 3041 2507 multandos
3094 2465 3214 2505 esse
3253 2448 3519 2502 decernit.

1946 2548 2175 2606 ABIST.
2217 2566 2237 2600 ι
2274 2548 2520 2601 Alienum
2546 2546 2858 2600 ministrum
2881 2583 2896 2608 ,
2932 2544 2975 2597 si
3013 2542 3219 2597 alienus
3267 2540 3403 2594 citra
3459 2538 3525 2591 il-

2026 2662 2045 2695 ι
2083 2643 2190 2697 lius
2221 2640 2461 2709 episcopi
2490 2651 2815 2693 consensum
2870 2636 2922 2689 in
2952 2634 3132 2703 aliquo
3176 2633 3345 2701 gradu
3394 2644 3525 2683 cono

2026 2752 2045 2785 ι
2085 2734 2294 2794 stituat,
2325 2729 2605 2786 constituit
2630 2727 2873 2798 quidem,
2904 2728 2998 2781 sed
3024 2724 3297 2780 ordinatio
3325 2731 3409 2777 est
3443 2723 3524 2775 in-

2028 2845 2047 2878 ι
2086 2825 2282 2879 valida.
2326 2841 2346 2874 ι

2019 2917 2135 2973 Non
2161 2923 2376 2986 oportet
2414 2915 2729 2982 episcopum
2777 2912 3013 2966 alienum
3068 2909 3324 2965 clericum
3381 2907 3526 2962 reci-

1953 3026 2103 3082 perc,
2136 3004 2275 3065 etin
2311 3009 2491 3078 aliquo
2519 3009 2688 3077 gradu
2724 3021 2846 3060 cum
2903 3004 3195 3065 collocare,
3241 3003 3355 3055 sine
3400 3014 3527 3068 pro-

1950 3104 2051 3175 prii
2078 3102 2317 3174 episcopi
2350 3102 2647 3155 voluntate.
2682 3098 2738 3152 Si
2779 3096 2898 3167 quis
2926 3103 3105 3150 autem
3158 3094 3261 3148 hoc
3295 3091 3522 3155 fecerit,

1952 3210 2007 3255 et
2036 3196 2266 3253 alienum
2294 3195 2348 3249 in
2384 3207 2479 3248 sua
2504 3191 2745 3247 Ecclesia
2773 3187 3136 3252 constituerit,
3164 3185 3321 3241 irrita
3354 3192 3408 3240 et
3438 3184 3525 3237 in.

1948 3292 2103 3347 ﬁrma
2141 3290 2244 3344 erit
2273 3284 2579 3342 istiusmodi
2608 3280 2953 3339 constitutio.

2425 3463 2586 3536 504
2607 3461 2835 3518 CANON
2874 3460 3012 3515 xw.

1949 3580 1967 3615 ι
2010 3560 2199 3616 Aetius
2231 3559 2517 3629 episcopus
2547 3557 2685 3611 dixit
2720 3574 2732 3608 :
2773 3554 2889 3609 Non
2928 3552 3191 3621 ignoratis
3222 3549 3523 3619 cujusmodi

2018 3671 2037 3704 ι
2077 3662 2131 3707 et
2164 3662 2365 3723 quanta
2425 3651 2496 3705 sit
2550 3646 3123 3704 Thessalonicensium
3181 3642 3522 3713 metropolis.

2027 3764 2044 3795 ι
2087 3746 2240 3813 Saepe
2270 3744 2454 3812 itaque
2483 3742 2549 3797 ad
2591 3756 2711 3795 eam
2736 3755 2802 3794 ex
2828 3739 2947 3793 aliis
2976 3736 3271 3807 provinciis
3304 3736 3526 3806 presby-

2024 3858 2042 3891 ι
2080 3839 2181 3893 teri
2211 3845 2265 3891 et
2298 3834 2508 3891 diaconi
2551 3835 2850 3896 accedunt;
2906 3837 2961 3885 et
3016 3828 3197 3883 brevis
3264 3825 3525 3893 temporis

2017 3948 2035 3981 ι
2079 3941 2228 3983 mora
2264 3940 2369 3979 non
2401 3924 2640 3979 contenti
2664 3960 2677 3986 ,
2718 3927 3058 3990 permanent,
3096 3925 3149 3971 et
3176 3930 3337 3971 omne
3387 3921 3527 3968 tem-

2022 4039 2040 4073 ι
2081 4036 2182 4091 pus
2210 4019 2320 4074 illic
2353 4025 2577 4087 agentes
2607 4015 2957 4083 transigunt;
3018 4011 3101 4063 vel
3164 4009 3250 4062 vix
3309 3993 3524 4061 tandem

2026 4134 2042 4167 ι
2085 4124 2206 4185 post
2228 4112 2520 4183 plurimum
2549 4119 2759 4179 tempus
2784 4108 2835 4161 in
2860 4120 2987 4160 suas
3028 4103 3292 4158 ecclesias
3326 4101 3523 4153 reverti

2018 4226 2036 4260 ι
2078 4215 2364 4276 coguntur.
2399 4201 2475 4256 De
2518 4201 2584 4255 iis
2641 4212 2771 4269 ergo
2818 4195 3185 4251 deﬁniendum
3225 4203 3326 4248 cst.
3361 4191 3526 4245 Osius

2018 4318 2035 4351 ι
2078 4298 2363 4368 episcopus
2398 4294 2533 4348 dixit
2564 4308 2578 4345 :
2618 4290 2691 4344 Ea
2720 4292 2961 4354 decreta,
2993 4302 3112 4357 qua:
3143 4284 3210 4340 de
3256 4284 3524 4354 episcopis

2016 4408 2033 4442 ι
2069 4387 2365 4443 constituta
2397 4391 2545 4450 sunt,
2572 4390 2856 4437 serventur
2901 4377 3067 4432 etiam
3114 4376 3167 4430 in
3219 4374 3523 4443 hujusmodi

2016 4498 2034 4531 ι
2071 4475 2344 4548 personis.
2385 4490 2405 4524 ›

2014 4655 2209 4715 BALS.
2248 4654 2346 4708 Hic
2375 4666 2589 4722 quoque
2615 4664 2789 4705 canon
2821 4648 2885 4704 de
2918 4647 3152 4713 clericis,
3179 4644 3270 4715 qui
3308 4658 3338 4697 a
3392 4644 3525 4696 civi-

1945 4756 2056 4802 tate
2109 4747 2162 4800 in
2204 4745 2363 4799 aliam
2392 4743 2665 4797 civitatem
2725 4748 3027 4806 transeunt,
3084 4737 3343 4806 loquitur.
3392 4732 3527 4788 Vide

1945 4856 2063 4911 qua:
2091 4842 2157 4895 de
2189 4852 2254 4893 eo
2284 4838 2482 4906 scripta
2518 4845 2645 4889 sunt
2673 4835 2724 4888 in
2753 4831 2983 4887 diversis
3018 4829 3337 4885 canonibus.

2016 5014 2268 5071 ZONAR.
2304 5013 2403 5069 Hic
2430 5026 2651 5083 quoque
2682 5026 2858 5066 canon
2899 5010 2966 5065 de
2996 5008 3208 5064 clericis
3244 5021 3309 5060 ex
3333 5006 3437 5059 alia
3469 5006 3520 5059 in

1946 5108 2109 5165 aliam
2136 5108 2322 5162 urbem
2384 5104 2751 5176 migrantibus
2803 5102 3079 5172 loquitur;
3132 5114 3360 5170 quaeque
3412 5098 3523 5167 jam

1946 5212 2072 5260 ante
2097 5202 2165 5260 de
2193 5202 2258 5259 iis
2294 5200 2594 5259 constituta
2630 5206 2757 5255 sunt
2790 5197 2995 5255 servari
3021 5194 3192 5264 jubet.

1488 5420 1683 5486 Guill.
1720 5424 2057 5509 Beveregii
2097 5434 2284 5490 note).

334 5564 445 5648 (80)
491 5564 606 5648 Τῆς
628 5564 698 5620 ἐν
718 5569 1065 5648 Καρθαγένῃ
1091 5569 1179 5625 γε*
1211 5572 1308 5648 καί
1353 5575 1427 5648 ιιτ.
1454 5573 1612 5648 [ισοοΛ
1637 5575 1835 5632 borum

263 5634 606 5709 Balsamonjs
649 5634 941 5694 verborum
970 5634 1177 5696 innms.
1215 5634 1553 5709 Elon'iensi,
1603 5646 1717 5701 hac
1749 5652 1829 5701 Ie-

263 5716 488 5777 guntur,
528 5707 639 5829 1:2;
670 5710 729 5760 ἐν
769 5710 1071 5781 ’Δντιοχείᾳ
1108 5716 1307 5765 κανόνα
1339 5714 1443 5837 κὲ’·
1472 5707 1573 5784 τῆς
1615 5718 1673 5768 ἐν
1700 5719 1844 5771 Χαλ·

263 5777 447 5837 κηδόνι
480 5794 549 5830 κα
616 5796 681 5830 να
714 5779 938 5833 δέκατον
984 5786 1079 5835 καὶ
1111 5781 1180 5834 κ’·
1204 5786 1364 5837 ἐνταῦ
1404 5803 1437 5837 α
1463 5787 1662 5837 κανόνα
1696 5788 1844 5837 ποῶ-

616 5796 681 5830 να
710 5779 938 5858 δέκατον
984 5779 1079 5858 καὶ
1111 5781 1180 5858 κ’·
1204 5779 1437 5858 ἐνταῦθα
1463 5779 1662 5858 κανόνα
1696 5788 1847 5858 πρῶ-

261 5777 447 5846 κηδόνι
480 5794 549 5830 κα

1947 5585 1996 5648 L,’
2026 5580 2227 5633 κανόνα
2266 5577 2328 5641 ιζ’
2380 5576 2474 5629 καὶ
2531 5578 2602 5631 κ’.
2644 5574 2846 5648 Synodi
2887 5569 3225 5648 ᾼῃίὶοςρε-ηίε
3274 5584 3523 5622 cauonem

1947 5640 2040 5704 2'2.
2070 5640 2513 5705 Chalcedonensis
2557 5640 2785 5700 cani“)
2812 5644 2980 5699 e120.
3038 5640 3213 5709 Hujus
3248 5654 3366 5707 syn.
3403 5655 3524 5693 can.

1953 5722 2005 5783 1,
2042 5721 2076 5773 2
2102 5730 2149 5773 et
2184 5721 2270 5773 15.
2323 5718 2525 5788 Synodi
2550 5716 2988 5788 Carlftagjnensis
3027 5712 3164 5788 Siet
3190 5712 3260 5765 90
3292 5719 3339 5762 et
3365 5720 3527 5788 sexta!

1953 5780 2143 5859 synodi
2182 5780 2439 5843 εαηοηέηι
2474 5789 2538 5841 17
2565 5800 2610 5841 ει
2637 5786 2729 5840 20.
2757 5780 3021 5859 'Seduharc
3066 5780 3383 5859 {Balsamoni
3404 5796 3526 5859 non

261 5844 371 5916 τον,
401 5844 469 5918 β’,
500 5854 563 5901 ιε’
599 5849 851 5903 συνόδουο
884 5852 1250 5923 Καρθαγένης
1297 5856 1369 5908 νδ⁹
1416 5859 1507 5911 καὶ
1554 5855 1602 5923 L,’
1629 5844 1844 5912 συνόδου

1956 5844 2321 5917 οἷλεοτὼεηόίι
2352 5868 2511 5915 sunt-
2550 5873 2729 5931 neque
2762 5859 2814 5912 in
2845 5857 2952 5910 alio
2980 5852 3170 5909 codice
3199 5857 3439 5906 exstant.

580 5941 847 6009 ΡΑτιιοι..
889 5946 1002 6008 Gn.
1042 5946 1389 6013 CXXXVII.

3088 5945 3155 6005 47
