4178 6420
735 424 873 489 148⁸5

2002 418 2277 480 THEOD.
2323 418 2727 483 BALSAMON

3872 417 4013 480 1484

792 526 1025 584 AltlST.
1052 546 1071 581 ι
1100 528 1229 595 Quae
1259 525 1327 582 de
1357 524 1585 597 longiori
1616 524 1993 595 episcoporum
2020 538 2172 579 mora
2203 526 2299 580 de-

2408 527 2626 581 ΑΡΙΣΤ.
2666 543 2685 577 ‹
2744 527 2807 580 Ol
2867 526 2960 580 ἐπὶ
2997 529 3097 599 τῆς
3146 527 3257 582 τῶν
3300 527 3622 584 ἐπισκόπων
3668 528 4013 599 βραδύτητος

800 641 819 675 ι
858 623 1004 677 finita
1034 629 1179 682 sunt,
1212 619 1277 674 de
1331 617 1664 689 presbyteris
1724 617 1885 673 etiam
1943 630 2009 671 ac
2065 616 2304 671 diaconis

797 731 816 765 ι
855 712 960 765 vim
994 710 1216 765 habent.
1263 726 1281 760 ι

793 804 1079 857 Decretum
1110 809 1193 854 est
1224 800 1533 868 episcopum
1576 811 1737 853 suum
1786 814 2001 871 gregem
2051 814 2155 854 non
2211 799 2305 852 de-

720 906 922 957 serere,
954 901 1010 947 et
1041 891 1093 945 in
1130 890 1302 945 aliena
1328 889 1551 943 civitate
1583 889 1868 957 plusquam
1905 900 2020 945 tres
2047 892 2306 960 septima-

720 999 817 1039 nas
850 998 1027 1053 agere.
1057 980 1199 1037 ldem
1233 981 1416 1051 itaque
1451 988 1504 1034 et
1525 980 1590 1035 de
1620 980 1952 1051 presbyteris
1976 989 2031 1036 et
2053 980 2307 1035 diaeonis

721 1090 961 1145 praesens
987 1088 1161 1128 canon
1195 1073 1475 1137 decernit;
1513 1080 1566 1127 et
1597 1085 1692 1126 eos
1720 1070 1975 1125 nimirum
2022 1070 2303 1139 plusquam

723 1177 833 1223 tres
870 1167 1201 1239 septimanas
1257 1164 1514 1220 ecclesias
1562 1177 1689 1217 suas
1744 1179 1854 1219 non
1911 1164 2305 1234 derelinquere.

1309 1337 1533 1395 CANON
1564 1337 1728 1393 XVII.

656 1456 671 1475 ι
727 1455 744 1487 ι
784 1435 896 1490 lloc
923 1446 1134 1503 quoque
1159 1431 1382 1500 placuit,
1414 1442 1472 1483 ιιι
1502 1432 1546 1483 si
1569 1431 1690 1500 quis
1718 1431 2004 1500 epise0pus
2039 1432 2145 1484 vim
2168 1446 2299 1499 pas—

795 1545 815 1579 ι
854 1540 947 1581 sus
979 1524 1175 1591 injuste
1206 1523 1412 1592 ejectus
1440 1525 1529 1588 sit,
1569 1524 1651 1579 vel
1703 1532 1924 1593 propter
1972 1522 2255 1577 scientiam
2281 1559 2297 1586 ,

794 1636 813 1669 ι
853 1617 933 1672 vel
966 1624 1187 1686 propter
1207 1615 1488 1670 catholicae
1532 1615 1790 1670 Ecclesiae
1852 1614 2251 1669 confessionem
2284 1654 2298 1679 ,

797 1726 815 1761 ι
849 1707 934 1763 vel
966 1714 1185 1776 propter
1226 1705 1471 1759 veritatis
1527 1704 1894 1760 defensionem
1926 1742 1942 1768 ,
2000 1713 2055 1759 et
2097 1704 2309 1774 fugiens

797 1818 816 1852 ι
859 1798 1181 1869 periculum,
1211 1796 1475 1852 innocens
1517 1807 1572 1850 et
1626 1796 1996 1853 exsecrationi
2034 1797 2307 1866 subjectus

796 1909 816 1945 ι
851 1892 906 1946 in
938 1890 1101 1945 aliam
1142 1886 1330 1944 urbem
1377 1891 1632 1953 venerit,
1685 1904 1751 1943 ne
1796 1888 2145 1959 prohibeatur
2188 1888 2301 1944 illic
2330 1870 2377 1931 Β

798 1998 819 2036 ι
851 1981 1033 2037 tandiu
1063 1995 1245 2049 agere;
1272 1980 1444 2036 donec
1480 1989 1809 2044 revertatur,
1844 1980 1926 2034 vel
1954 1996 1980 2032 a
2017 1978 2161 2035 facta
2194 1982 2294 2035 sibi

792 2089 816 2123 ι
851 2072 1043 2138 injuria
1096 2069 1266 2138 possit
1320 2069 1693 2123 liberationem
1748 2070 2037 2124 invenire.
2098 2070 2300 2125 Durant

797 2181 815 2215 ι
851 2163 994 2217 enim
1023 2170 1140 2225 est,
1178 2170 1342 2229 atque
1373 2160 1507 2215 adeo
1542 2160 1923 2230 gravissimum
1955 2199 1971 2226 ,
2006 2175 2130 2215 eum
2161 2200 2176 2227 ,
2208 2162 2299 2229 qui

796 2271 817 2307 ι
847 2252 1101 2322 injustam
1151 2250 1469 2319 ejectionem
1500 2264 1689 2318 passus
1723 2260 1844 2316 est,
1903 2266 1931 2303 a
1982 2252 2137 2307 nobis
2189 2267 2296 2306 non

796 2365 816 2400 ι
850 2346 1072 2414 suscipi.
1102 2345 1316 2401 lsenim
1347 2345 1503 2400 debet
1561 2361 1588 2398 a
1644 2348 1798 2399 nobis
1855 2346 2088 2414 plurima
2151 2348 2302 2401 beni-

796 2455 816 2488 ε
854 2435 1059 2504 gnitate
1085 2444 1142 2491 et
1178 2435 1513 2489 humanitate
1544 2435 1744 2503 excipi.
1783 2453 1800 2486 ι

790 2524 986 2579 BALS.
1042 2525 1177 2579 Cum
1228 2525 1441 2595 plurimi
1491 2539 1730 2581 canones
1790 2534 2036 2582 statuant
2074 2544 2177 2583 non
2207 2531 2297 2585 de-

722 2620 849 2673 bere
903 2617 1214 2688 episcopum
1268 2620 1320 2671 in
1376 2616 1551 2672 aliena
1599 2618 1814 2686 regione
1870 2619 2009 2673 ultra
2074 2629 2290 2692 tempus

724 2709 1047 2777 praefinitum
1075 2709 1321 2773 versari,
1360 2724 1505 2763 nunc
1559 2710 1743 2764 dicunt
1786 2709 1972 2765 Patres
2014 2712 2113 2766 hoc
2180 2728 2287 2767 non

723 2800 927 2854 habere
958 2800 1133 2853 locum
1174 2799 1227 2853 in
1263 2798 1530 2867 episc0pis
1560 2814 1625 2853 ex
1667 2800 1915 2855 ecclesiis
1945 2802 2058 2855 suis
2081 2801 2295 2870 ejectis,

723 2888 806 2940 vel
838 2896 1058 2957 propter
1094 2887 1401 2953 scientiam,
1422 2889 1474 2941 id
1509 2897 1613 2954 est,
1644 2890 1953 2945 divinorum
1984 2892 2293 2962 dogmatum

725 2978 919 3031 bonam
951 2978 1272 3044 doctrinam,
1304 2979 1543 3048 velquod
1576 2981 1933 3035 orthodoxam
1973 2981 2133 3037 fidem
2166 2999 2299 3039 con-

722 3070 998 3134 fiteantur,
1055 3070 1137 3124 vel
1179 3070 1319 3139 quod
1347 3084 1441 3125 eos
1473 3070 1764 3126 defendant
1794 3112 1809 3138 ,
1847 3073 1937 3141 qui
1995 3073 2192 3142 injuria
2223 3074 2303 3129 af-

722 3160 846 3214 fecti
881 3168 1046 3227 sunt;
1084 3162 1139 3215 et
1190 3161 1310 3215 ideo
1352 3171 1574 3230 prOpter
1626 3177 1877 3231 magnam
1925 3178 2143 3219 causam
2174 3205 2190 3231 ,
2240 3178 2295 3220 et

726 3265 980 3321 tanquam
1013 3252 1310 3321 periculum
1343 3254 1641 3320 fugientes,
1686 3262 1741 3306 ut
1769 3253 1857 3322 qui
1883 3254 1950 3308 ab
1977 3256 2055 3309 eis
2079 3294 2093 3320 ,
2130 3270 2159 3309 a
2189 3258 2306 3326 qui-

725 3346 826 3399 bus
860 3342 1071 3411 expulsi
1100 3352 1249 3405 sunt,
1273 3357 1371 3411 pro
1393 3343 1688 3395 exsecratis
1716 3343 2039 3409 habeantur,
2074 3346 2181 3399 sint
2213 3361 2307 3398 au-

725 3442 833 3487 tem
864 3448 1049 3487 revera
1071 3433 1311 3486 insontes
1341 3448 1355 3485 :
1389 3432 1482 3486 sed
1513 3432 1623 3486 sint
1655 3433 1707 3486 in
1756 3432 1878 3487 aliis
1914 3448 2128 3503 quoque
2171 3436 2309 3488 civi-

727 3526 927 3579 tatibus
949 3524 1065 3578 sine
1104 3524 1508 3594 impedimento,
1540 3524 1711 3578 donec
1745 3524 1905 3578 minae
1931 3525 2307 3591 periculirces-

724 3615 918 3677 sarint,
974 3624 1030 3666 et
1089 3612 1330 3681 potuerit
1392 3612 1680 3681 episcopus
1726 3613 1778 3667 in
1828 3614 2116 3669 ecclesiam
2176 3630 2298 3684 quae

725 3703 873 3757 illum
897 3704 1083 3758 sortita
1116 3712 1224 3764 est,
1253 3701 1447 3755 reverti
1476 3741 1492 3765 ,
1521 3702 1601 3755 vel
1649 3702 1697 3756 ei
1748 3702 1889 3757 facta
1944 3705 1998 3757 in
2043 3704 2306 3772 ejectione

730 3794 925 3862 injuria
952 3792 1226 3847 vindicata
1261 3792 1441 3846 fuerit.
1471 3791 1671 3845 Durum
1718 3801 1800 3847 est
1846 3792 1988 3846 enim
2031 3802 2085 3848 et
2147 3795 2304 3847 inhu-

726 3899 968 3949 manum,
1001 3899 1122 3938 eum
1154 3896 1258 3936 non
1298 3896 1417 3936 cum
1446 3883 1591 3937 omni
1645 3883 1979 3951 benignitate
2036 3898 2065 3936 a
2126 3883 2304 3937 fratri-

724 3977 823 4030 bus
851 3976 963 4030 suis
993 3974 1186 4042 excipi.
1217 3972 1397 4036 Qnare
1424 3984 1573 4036 nota,
1599 3973 1743 4040 quod
1778 3975 1845 4027 ab
1873 3974 2086 4028 urbium
2124 3975 2306 4044 regina

724 4067 918 4136 expelli
952 4080 1058 4118 non
1117 4063 1314 4117 debent
1363 4062 1664 4118 Orientales
1723 4065 1959 4134 episcopi
2007 4064 2097 4133 qui
2155 4064 2309 4120 sedes

724 4172 832 4211 non
867 4156 1085 4220 habent,
1125 4168 1317 4224 nempe
1354 4170 1475 4208 cum
1510 4154 1755 4209 ecclesia:
1803 4172 1831 4208 a
1864 4154 2117 4224 gentibus
2167 4153 2308 4209 deti-

726 4258 960 4303 neantur
999 4255 1098 4301 :et
1131 4247 1225 4315 qui
1270 4246 1338 4301 ab
1388 4246 1588 4315 iniquis
1629 4245 1975 4300 exactoribus
2022 4244 2306 4313 expellun—

726 4349 832 4404 tur,
861 4352 927 4393 eo
955 4338 1096 4407 quod
1122 4353 1220 4409 pro
1253 4340 1332 4393 eis
1360 4338 1560 4404 dicant,
1594 4336 1683 4407 qui
1727 4336 1921 4404 injuria
1978 4334 2303 4392 abiciuntur.

2485 634 2502 667 ι
2542 618 2658 687 ὅροι
2686 620 2782 670 καὶ
2813 620 2905 672 ἐπὶ
2936 619 3332 691 πρεσϐυτέρων
3365 622 3461 675 καὶ
3516 621 3793 675 ora.va
3821 624 3953 691 ἔχου
3968 641 4014 675 σι

2485 727 2501 759 ι
2544 709 2792 779 δύναμιν.
2822 729 2841 763 ι

2478 801 2733 869 Ὢρισται
2761 804 2855 857 τὸν
2891 804 3214 875 ἐπίσκοπον,
3242 805 3319 877 μὴ
3364 806 3461 876 τὴν
3495 807 3712 860 οίκείαν
3767 806 4013 875 ποίμνην

2408 894 2869 963 καταλιμπάνειν,
2910 898 3005 950 καὶ
3032 899 3089 952 ἐν
3121 899 3287 969 ἑτέρᾳ
3324 902 3475 953 πόλει
3504 900 3673 953 πλέον
3702 899 3883 969 τριῶν
3918 900 4011 952 £6-

2407 983 2658 1054 δομάδων
2685 987 3070 1059 ἐνδιατρίϐειν.
3105 991 3280 1044 Τοῦτο
3300 992 3430 1061 γοῦν
3458 992 3555 1046 καὶ
3592 993 3692 1045 ἐπὶ
3762 992 4009 1061 1:95:69-

2409 1074 2585 1145 τέρων
2617 1079 2710 1130 καὶ
2744 1080 3012 1137 διακόνων
3039 1084 3067 1137 ό
3099 1082 3291 1154 παρὼν
3326 1084 3499 1154 ὁρίζει
3554 1083 3776 1147 κανῶν,
3826 1086 3888 1137 τὸ
3935 1086 4007 1152 μὴ

2412 1165 2578 1219 πλέον
2608 1169 2777 1241 τριῶν
2805 1173 3119 1243 ἑϐδομάδων
3145 1176 3242 1231 καὶ
3265 1176 3463 1241 αὐτοὺς
3497 1173 3598 1240 τὰς
3634 1177 3858 1229 ἑαυτῶν
3920 1179 4009 1228 ἐκ-

2409 1259 2639 1329 κλησίας
2687 1265 3193 1336 ἀπολιμπάνεσθαι.

3026 1359 3261 1413 ΚΑΝΩΝ
3305 1360 3404 1413 1Ζ’.

2415 1494 2432 1525 ι
2472 1476 2582 1528 Καὶ
2605 1472 2764 1528 τοῦτο
2800 1474 3018 1543 ἤρεσεν,
3054 1473 3162 1535 ἵνα,
3197 1473 3253 1525 εἴ
3283 1490 3367 1536 τις
3398 1474 3704 1536 ἐπίσκοπος
3732 1474 3864 1545 βίαν
3887 1478 4011 1530 ὑποο

2478 1583 2495 1616 t
2535 1565 2724 1634 μείνας
2772 1564 2973 1621 ἀδίκως
3003 1562 3241 1633 ἐκϐληθῇ
3278 1563 3425 1632 aeta
3463 1564 3563 1633 τὴν
3596 1566 4005 1638 ἐπιστήμην,ῆ

2484 1675 2502 1709 t
2540 1655 2630 1709 διὰ
2649 1656 2747 1726 τὴν
2775 1654 3075 1726 ὁμολογίαν
3112 1656 3211 1721 τῆς
3248 1653 3541 1722 καθολικῆς
3579 1655 4007 1727 Ἐκκλησίας,ἧ

2486 1769 2504 1801 ι
2544 1750 2632 1802 διὰ
2666 1750 2765 1818 τὴν
2822 1748 2923 1816 τῆς
2954 1746 3214 1816 ἀληθείας
3245 1747 3510 1812 ἐκδικίαν,
3541 1748 3641 1800 καὶ
3669 1748 3901 1815 φεύγων
3926 1751 4012 1801 τὶν

2487 1860 2504 1893 ι
2542 1839 2809 1902 κίνδυνον,
2834 1838 3007 1900 ἀθῶος
3028 1839 3121 1891 καὶ
3141 1837 3568 1906 καθωσιωμένος
3596 1839 3678 1891 ὣν
3704 1841 3795 1901 είς
3820 1841 4010 1910 ἑτέραν

2487 1951 2506 1985 ι
2552 1932 2683 2003 ἔλθῃ
2722 1932 2901 1996 πόλιν,
2940 1930 3015 2000 μὴ
3037 1931 3315 1999 κωλύηται
3340 1931 3521 1982 ἐκεῖσε
3588 1932 3689 1982 ἐπὶ
3754 1931 4012 1985 τοσοῦτον

2488 2042 2507 2074 t
2545 2024 2775 2092 διάγειν,
2824 2024 2931 2086 ἒιως
2962 2025 3029 2076 ἂν
3074 2022 3374 2095 ἐπανέλθῃ,
3413 2024 3444 2092 ἢ
3492 2024 3593 2093 τῆς
3627 2025 3855 2095 ὕϐρεως
3915 2028 4011 2095 τῆς

2494 2134 2510 2166 ι
2547 2119 2851 2186 γενομένης
2886 2116 3038 2186 αὐτῷ
3080 2117 3411 2186 ἀπαλλαγὴν
3459 2118 3732 2187 εὑρέσθαι
3784 2120 4011 2189 δυνηθῇ.

2499 2225 2516 2257 r
2558 2207 2800 2279 Σκληρδν
2824 2207 2932 2278 γὰρ
2950 2208 3046 2261 καὶ
3071 2207 3378 2276 βαρύτατον
3406 2207 3635 2261 ἐλασίαν
3652 2210 3855 2263 ἄδικον
3880 2213 4011 2263 ὐποο

2489 2317 2507 2350 ι
2547 2300 2899 2368 μεμενηκότα
2928 2299 3002 2369 μὴ
3030 2299 3393 2368 ὑποδέχεσθαι
3423 2299 3516 2367 ὑφ’
3545 2302 3739 2369 ἡμῶν.
3771 2302 4011 2371 Πλείστη

2491 2406 2510 2439 ι
2551 2390 2659 2458 γὰρ
2690 2388 3072 2460 καλοκαγαθίᾳ
3104 2389 3195 2443 καὶ
3230 2391 3606 2463 φιλοφροσύνῃ
3642 2394 3869 2462 ὀφείλει
3913 2413 4015 2450 πα·

2486 2498 2505 2530 σ
2542 2480 2858 2552 ραδέχεσθαι
2879 2484 2906 2535 ό
2928 2480 3185 2546 τοιοῦτος.
3221 2501 3239 2534 ι

2481 2573 2679 2625 ΒΑΛΣ.
2708 2574 2991 2644 Διαφόρων
3026 2574 3268 2628 κανόνων
3306 2573 3707 2644 διοριζομένων
3775 2578 3857 2647 μὴ
3904 2578 4013 2631 διά-

2408 2681 2525 2732 γειν
2561 2664 2863 2719 ἐπίσκοπον
2893 2667 2971 2727 είς
3001 2667 3197 2735 ἑτέραν
3224 2665 3440 2733 ἐνορίαν
3467 2667 3747 2719 ἐπέκεινα
3796 2668 3896 2721 τοῦ
3928 2686 4011 2721 νε-

2408 2756 2742 2825 νομισμένου
2795 2759 3013 2827 καιροῦ,
3055 2756 3182 2826 ἄρτι
3236 2758 3401 2825 φασὶν
3439 2758 3488 2810 οί
3539 2758 3803 2829 Πατέρες
3856 2759 4011 2813 τοῦτο

2410 2848 2486 2918 μὴ
2516 2851 2737 2919 κρατεῖν
2770 2850 2850 2912 είς
2875 2848 3002 2912 τοὺς
3033 2849 3374 2911 ἐπισκόπους
3404 2850 3531 2911 τοὺς
3550 2850 4009 2919 ἐκϐαλλομένους

2404 2939 2511 2990 ἀπὸ
2539 2936 2647 2989 τῶν
2678 2938 2981 3007 ἐκκλησιῶν
3019 2938 3199 2990 αὐτῶν
3221 2977 3238 3003 ,
3262 2936 3307 3010 ᾗ
3338 2937 3449 3006 -Αδιὰ
3501 2937 3604 3008 τὴν
3663 2942 4008 3009 ἐπιστήμην,

2405 3028 2655 3082 τουτέστι
2687 3030 2787 3099 τὴν
2822 3029 2955 3099 περὶ
2982 3029 3052 3081 τὰ
3095 3029 3213 3081 θεῖα
3250 3028 3521 3098 δόγματα
3562 3031 3884 3085 σπουδαίαν
3942 3033 4013 3084 δι-

2404 3122 2724 3186 δασκαλίαν,
2746 3124 2778 3192 ἢ
2804 3122 2889 3176 δια
2918 3123 2977 3175 τὸ
3007 3122 3289 3192 ὁμολογεῖν
3310 3123 3407 3192 τὴν
3452 3121 3748 3192 όρθόδοξον
3798 3126 4002 3187 πίστιν,

2332 3214 2377 3277 C
2410 3214 2554 3284 ἣδιά
2577 3214 2637 3267 τὸ
2661 3215 2906 3268 ἐκδικεῖν
2943 3213 3070 3275 τοὺς
3117 3212 3507 3283 ἠδικημένους,
3555 3215 3876 3267 κάντεῦθεν
3930 3216 4011 3266 δια

2418 3305 2663 3375 μεγάλην
2695 3307 2872 3358 αἰτίαν
2910 3305 3003 3356 καὶ
3028 3304 3104 3365 ὡς
3138 3302 3442 3372 φεύγοντας
3472 3304 3564 3354 τὸν
3600 3304 3896 3369 κίνδυνον,
3928 3304 4009 3355 λο-

2416 3395 2739 3465 γιζομένους
2772 3396 2871 3464 μέν
2912 3394 3371 3462 καθωσιωμένους
3398 3393 3550 3462 παρὰ
3576 3394 3692 3445 τῶν
3715 3394 4011 3446 ἐκδαλλόνο

2413 3506 2521 3540 των
2551 3488 2773 3551 αὐτοὺς,
2799 3487 2957 3549 ὄντας
2975 3486 3033 3539 δέ
3061 3489 3128 3555 τῇ
3156 3486 3386 3556 ἀληθείᾳ
3408 3486 3621 3548 ἁθώους
3646 3500 3661 3514 ’
3696 3487 3826 3538 ἀλλ’
3846 3487 4011 3539 ἔστω-

2415 3596 2514 3633 σαν
2549 3578 2643 3631 καὶ
2704 3580 2783 3641 είς
2825 3578 3021 3648 ἐτέρας
3074 3577 3263 3639 πόλεις
3320 3577 3646 3639 ἀκωλύτως,
3702 3577 3827 3630 ἔστ’
3877 3581 4007 3647 ivi}

2415 3671 2614 3741 ἀπειλὴ
2650 3671 2742 3723 τοῦ
2776 3670 3029 3724 κινδύνου
3054 3670 3257 3739 παυθῇ,
3286 3670 3383 3722 καὶ
3406 3669 3609 3738 δυνηθῇ
3636 3672 3664 3722 ὁ
3692 3671 4006 3730 ἐπίσκοπος

2414 3765 2495 3825 είς
2524 3762 2623 3833 τὴν
2648 3762 2920 3832 λαχοῦσαν
2960 3763 3121 3815 αὑτὸν
3152 3762 3429 3826 ἀπελθεῖν,
3458 3762 3491 3831 ἢ
3528 3763 3806 3832 ἐκδικηθῇ
3867 3767 3902 3832 η
3950 3767 4007 3815 ἐκ

2414 3854 2511 3924 τῆς
2544 3854 2862 3916 ἀπελάσεως
2887 3855 3251 3924 ἐπιγενομένη
3294 3853 3472 3923 τούτῳ
3522 3854 3704 3925 ὕϐρις.
3758 3856 4005 3925 Σκληρῆν

2414 3945 2523 4014 γὰρ
2548 3946 2641 3997 καὶ
2675 3945 3097 4015 ἀφιλάνθρωπὸν
3128 3947 3242 3996 ἐστ;
3282 3943 3352 4015 μὴ
3380 3945 3843 4013 φιλοφρονεῖσθαι
3873 3948 4005 4014 μετά

2415 4037 2595 4107 πάσης
2629 4036 2968 4106 ἀγαθότητος
3000 4038 3091 4089 τὶν
3118 4036 3361 4088 τοιοῦτον
3393 4037 3545 4106 παρά
3575 4036 3689 4087 τῶν
3750 4040 4004 4091 συναδέλο

2414 4144 2530 4196 φων
2562 4126 2748 4193 αὑτοῦ.
2805 4127 2967 4179 Ὥστε
3025 4128 3331 4197 σημείωσαι
3385 4128 3468 4180 ὅτι
3531 4128 3635 4180 οὐκ
3685 4128 4003 4196 ὀφείλουσιν

2414 4220 2524 4274 ἀπὸ
2556 4219 2656 4289 τῆς
2682 4218 3072 4289 βασιλευούσης
3099 4219 3209 4271 τῶν
3272 4221 3481 4272 πόλεων
3532 4217 3911 4272 ἐκϐάλλεσθαι
3958 4222 4003 4271 oi

2412 4311 2720 4368 ἀνατολικοὶ
2753 4310 3067 4375 ἐπίσκοποι,
3099 4310 3147 4363 oi
3182 4311 3259 4379 μὴ
3289 4310 3508 4380 ἔχοντες
3544 4310 3905 4379 καθίσματα,
3933 4312 4002 4373 ὡς

2411 4404 2522 4455 τῶν
2553 4402 2858 4472 ἐκκλησιῶν
2891 4400 3074 4454 αὐτῶν
3102 4395 3504 4471 κατεχομένων
3544 4402 3703 4470 παρὰ
3758 4402 3877 4453 τῶν
3918 4404 4001 4453 ἐθ-

2414 4494 2554 4549 νῶν⁶
2582 4496 2677 4547 καὶ
2708 4494 2758 4545 οί
2790 4492 2942 4562 παρά
2971 4492 3081 4544 τῶν
3120 4492 3322 4545 ἀδίκων
3355 4491 3691 4561 πρακτόρων
3738 4490 4003 4562 διωκόμε-

801 4603 1047 4660 ZONAR.
1090 4604 1224 4660 Cum
1254 4604 1523 4673 episcopis
1574 4603 1628 4658 in
1680 4603 1838 4657 aliam
1885 4603 2072 4658 urbem
2129 4602 2304 4673 profe-

2411 4602 2514 4650 νοι,
2551 4584 2639 4637 διὰ
2665 4584 2727 4637 τὸ
2754 4584 2936 4652 λέγειν
2963 4584 3105 4651 ὺπέρ
3142 4583 3251 4635 τῶν
3280 4582 3681 4651 ἀδικουμένων.

724 4698 848 4762 clis,
884 4697 937 4751 in
970 4709 1073 4764 qua
1101 4695 1238 4749 alter
1270 4694 1555 4764 episcopus
1589 4693 1683 4759 sit,
1713 4693 1850 4747 ultra
1880 4702 1991 4749 tres
2016 4693 2310 4749 hebdoma-

727 4792 821 4843 das
869 4789 921 4842 in
968 4801 1032 4841 ea
1085 4785 1407 4841 commorari
1456 4784 1681 4838 vetitum
1741 4799 1860 4838 esse
1917 4783 2076 4852 hujus
2115 4783 2305 4855 synodi

727 4880 917 4933 Patres
952 4878 1003 4931 in
1036 4876 1405 4947 superioribus
1436 4875 1778 4929 deiiniverint
1800 4890 1814 4939 ;
1839 4874 1945 4929 hoc
2006 4875 2124 4929 loco
2170 4890 2306 4929 non-

724 4972 890 5027 nullis
912 4969 1306 5025 diuturniorem
1348 4967 1401 5021 in
1435 4965 1607 5021 aliena
1656 4965 1880 5021 civitate
1934 4980 2144 5020 moram
2197 4975 2307 5020 tra-

729 5062 891 5116 hendi
922 5059 1234 5114 facultatem
1266 5071 1386 5112 esse
1416 5056 1732 5113 decernunt.
1790 5055 1949 5126 505
2002 5053 2139 5111 Sunt
2178 5070 2307 5111 vero

725 5150 786 5214 ii,
813 5149 903 5219 qui
941 5162 1035 5217 per
1062 5147 1314 5218 injuriam
1342 5149 1408 5199 ab
1438 5145 1683 5200 ecclesiis
1723 5145 1840 5199 suis
1890 5143 2093 5213 depulsi
2140 5152 2303 5209 sunt;

726 5240 841 5294 sive
866 5253 1052 5292 casum
1089 5240 1233 5292 hunc
1266 5236 1371 5291 illis
1400 5235 1627 5290 scientia
1668 5233 2005 5300 conciliarit,
2050 5234 2174 5303 quia
2221 5234 2305 5287 ni-

724 5331 944 5397 mirum,
988 5339 1239 5397 tanquam
1321 5328 1443 5382 tidei
1493 5328 1740 5397 dogmata
1788 5326 2001 5396 egregie
2048 5326 2303 5380 callerent

723 5435 1050 5491 operamque
1076 5420 1263 5475 iisdem
1304 5419 1578 5474 tradendis
1624 5418 2015 5487 impenderent,
2077 5417 2295 5471 haereti-

722 5526 909 5567 corum
937 5509 1336 5579 conspiratione
1378 5508 1535 5578 ejecti
1594 5506 1793 5561 fuerint
1836 5506 2038 5576 :cujus
2091 5508 2303 5576 generis

724 5602 892 5657 multa
946 5602 1362 5671 imperatoribus
1425 5598 1741 5654 Constantio
1800 5607 1855 5652 et
1923 5595 2149 5653 Valente
2232 5599 2303 5652 ab

722 5694 941 5750 Arianis
972 5702 1181 5764 patrata
1218 5701 1379 5758 sunt;
1434 5690 1549 5746 sive
1594 5693 1664 5746 ob
1716 5689 1973 5746 Ecclesiae
2021 5687 2300 5745 catholica:

724 5783 1156 5847 confessionem,
1200 5784 1324 5853 quia
1377 5782 1583 5838 scilicet
1634 5795 1967 5852 quaecunque
2022 5780 2288 5835 catholica

723 5874 965 5932 iicciesia
1010 5872 1195 5945 tradit,
1220 5874 1282 5933 dc
1315 5874 1702 5933 incarnationis
1730 5872 1977 5931 videlicet
2014 5871 2290 5941 mysterio,

2481 4675 2729 4729 ΖΩΝΔΡ.
2773 4674 3056 4745 Ἀνωτέρω
3098 4673 3488 4742 διαταξάμενοι
3538 4674 3591 4724 οί
3632 4673 3737 4742 τῆς
3785 4674 3999 4727 συνόδου

2410 4768 2613 4837 ταύτης
2643 4765 2886 4835 Πατέρες
2920 4767 3045 4828 τοὺς
3082 4764 3351 4825 ἀπιόντας
3380 4765 3725 4826 ἐπισκόπους
3756 4768 3843 4826 είς
3891 4766 4000 4817 ἐτέ-

2412 4875 2512 4927 ραν
2545 4857 2697 4909 πόλιν
2729 4856 2962 4925 ἔχουσαν
2994 4857 3298 4909 ἐπίσκοπον
3331 4854 3407 4923 μὴ
3445 4854 3612 4907 πλέον
3661 4856 3780 4907 τῶν
3838 4857 3999 4925 τριῶν

2408 4948 2720 5017 ἑϐδομάδων
2759 4950 2875 5000 ἐκεῖ
2910 4947 3231 5019 διατρίϐειν,
3279 4945 3518 4999 ἐνταῦθά
3564 4962 3687 4998 τισι
3758 4947 3861 4999 καὶ
3912 4950 3998 4999 ἐπὶ

2409 5040 2544 5094 πολὺ
2578 5039 2911 5111 προσμένειν
2965 5036 3369 5109 συγχωροῦσιν.
3420 5030 3581 5089 Οὗτοι
3642 5036 3691 5089 δ’
3753 5040 3907 5088 εἰσὶν
3954 5038 3997 5088 οἱ

2407 5132 2606 5196 ἀδίκως
2630 5132 3019 5202 ἐκϐαλλόμενοι
3052 5129 3161 5183 τῶν
3212 5128 3524 5197 ἐκκλησιῶν
3566 5127 3764 5179 αὐτῶν
3823 5129 3858 5199 ἠ
3918 5128 3997 5180 Eii

2406 5226 2505 5296 τὴν
2556 5225 2894 5295 ἐπιστήμην,
2949 5223 3120 5292 ἦγουν
3179 5220 3255 5284 ὡς
3308 5219 3673 5289 ἐπιστάμενοι
3743 5220 3852 5288 τὴν
3897 5219 3996 5271 τῶν

2406 5315 2692 5386 δογμάτων
2718 5314 2817 5384 τῆς
2850 5313 3090 5373 πίστεως
3113 5309 3424 5380 ἀκρίϐειαν,
3452 5309 3551 5360 καὶ
3580 5310 3808 5378 ταύτην
3856 5308 3995 5361 atas-

2412 5424 2658 5472 σκοντες,
2687 5406 2782 5461 καὶ¹
2804 5405 2955 5476 παρὰ
2982 5401 3275 5473 αἱρετικῶν
3309 5401 3685 5467 ἐλαυνόμενοι,
3714 5395 3813 5453 οἷα
3845 5401 3993 5468 γεγόο

2406 5516 2531 5552 νασι
2572 5500 2724 5567 παρά
2744 5497 2851 5550 τῶν
2887 5493 3181 5566 ’Λρειανῶν
3206 5493 3299 5545 ἐπὶ
3342 5489 3437 5544 τοῦ
3476 5492 3881 5545 Κωνσταντίου
3910 5493 3990 5544 καὶ

2403 5589 2499 5643 τοῦ
2529 5589 2851 5654 Οὐάλεντος,
2881 5588 2915 5660 ἢ
2939 5586 3029 5640 διά
3057 5586 3158 5658 τὴν
3183 5583 3480 5655 ὁμολογίαν
3536 5582 3639 5651 τῆς
3694 5581 3992 5650 καθολικῆς

2417 5682 2768 5753 Ἐκκλησίας,
2802 5681 2877 5744 ὡς
2914 5676 3331 5750 ὁμολογοῦντες,
3365 5677 3466 5729 ⁸ὃσα
3494 5675 3528 5744 ἡ
3555 5674 3845 5744 καθολικὴ
3878 5674 3989 5726 Ἐκ·

2405 5776 2627 5843 κλησία,
2674 5776 2844 5843 ἡγουν
2895 5772 2996 5841 τὴν
3038 5769 3309 5839 ἐνσαρκον
3358 5764 3701 5834 οἰκονομίαν,
3764 5766 3862 5815 καὶ
3915 5764 3986 5815 ὅτι

2405 5868 2535 5931 θεὸς
2561 5865 2811 5936 ἀληθινός
2843 5864 2993 5919 ἐστιν
3016 5863 3044 5918 ό
3072 5859 3331 5929 Χριστὸς,
3363 5857 3455 5912 καὶ
3479 5856 3811 5930 διωκόμενοι
3835 5851 3985 5907 πόλει
