4178 6420
256 386 396 451 1485

1351 403 1428 462 IN
1457 404 1627 468 CAN.
1665 405 1800 465 XIX
1835 403 2043 465 CONC.
2073 409 2370 474 SARDIC.

3372 422 3505 492 i486

259 498 359 566 μέν
391 500 543 569 παρά
587 501 698 553 τῶν
737 502 1120 574 παλαιοτέρων
1167 508 1452 576 βασιλέων,
1495 513 1722 584 ὕστερον
1786 517 1843 568 δὲ

1955 519 2120 589 deque
2147 539 2270 579 vera
2299 525 2498 582 Christi
2529 529 2826 593 divinitate,
2857 533 3025 587 teneri
3071 548 3100 588 a
3153 549 3212 590 se
3269 538 3519 592 universa

260 590 355 640 ml.
389 591 542 659 παρά
571 592 664 646 τοῦ
709 594 1084 668 ’Ῑουλιανοῠ,ἥ
1126 599 1203 662 ὡς
1247 602 1386 671 ὑπὲρ
1424 605 1522 673 τῆς
1579 607 1836 676 ἀληθείας

253 681 530 747 λέγοντες,
569 686 665 735 καὶ
725 685 1101 754 ἀδικουμένων
1153 693 1246 743 καὶ
1296 695 1833 765 καταδυναστευομέ-

253 788 365 822 νων
395 772 868 844 ὑπερμαχοῦντες,
907 772 997 829 οἷα
1027 778 1104 849 τῷ
1137 782 1359 853 μεγάλῳ
1418 785 1688 858 Βασιλείῳ
1739 808 1835 856 γε-

254 864 449 928 γόνασι
484 868 577 918 καὶ
606 867 683 935 τῷ
714 869 1105 941 Χρυσοστόμῳ,
1136 875 1226 926 καλ.
1258 874 1439 939 ἄλλοις
1462 881 1696 942 πολλοῖς.
1731 884 1836 935 Τὸν

255 957 391 1023 γοῦν
421 957 562 1012 οὕτω
598 961 928 1028 διωκόμενον
961 965 1024 1016 ἐκ
1053 966 1151 1034 τῆς
1194 967 1491 1037 ἐκκλησίας
1521 974 1688 1026 αὑτοῦ
1720 975 1835 1028 ἀδί-

254 1065 372 1110 κως
399 1051 612 1118 ἀνάγκη
647 1054 727 1114 είς
752 1053 944 1124 ἑτέραν
984 1057 1144 1111 πόλιν
1176 1058 1400 1114 ἀπιέναι
1444 1064 1714 1132 φεύγοντα
1747 1067 1836 1120 τὸν

255 1139 524 1205 κίνδυνον,
555 1142 730 1194 ἀθῶον
775 1144 874 1212 μὲν
923 1147 1054 1199 ὄντα
1119 1150 1260 1202 κατά
1295 1151 1356 1203 τὸ
1421 1154 1581 1218 εὑθές
1641 1173 1700 1208 τε
1741 1159 1837 1210 καὶ

253 1232 487 1292 δίκαιον,
517 1233 941 1304 καθωσιωμένον
967 1239 1023 1291 δὲ
1052 1241 1142 1294 διὰ
1184 1241 1285 1308 τὴν
1344 1244 1667 1300 δυναστείαν
1726 1249 1837 1302 τῶν

253 1323 564 1375 διωκόντων
611 1325 797 1379 αὐτόν.
856 1329 1294 1399 Καθωσιωμένος
1350 1334 1396 1386 δ’
1450 1337 1596 1389 ἐστὶν
1652 1338 1680 1390 ὁ
1733 1340 1839 1408 ἀφ-

251 1430 560 1497 ωρισμένος
593 1431 672 1495 εὶς
707 1433 946 1489 κόλασιν.
967 1435 1072 1489 Τὸν
1113 1439 1371 1507 τοιοῦτον,
1395 1443 1559 1511 φησὶν
1583 1444 1612 1494 ό
1636 1446 1836 1513 κανὼν,

257 1519 336 1589 μὴ
376 1522 688 1576 κωλύεσθαι
718 1525 1020 1592 διατρίϐειν
1052 1530 1109 1581 ἐν
1137 1531 1302 1601 ἐτέρᾳ
1366 1534 1542 1598 πόλει,
1605 1537 1708 1599 ἕως
1760 1541 1840 1602 είς

253 1612 358 1680 τὴν
389 1615 600 1668 οἰκείαν
632 1617 906 1689 ἐπανέλθῃ
940 1620 1118 1683 πόλιν,
1151 1623 1242 1676 τὸν
1269 1624 1436 1694 φόϐον
1462 1627 1556 1680 τοῦ
1589 1630 1839 1685 κινδύνου

255 1706 538 1773 ἐκφυγὼν.
576 1707 608 1778 ἢ
663 1709 760 1778 τῆς
804 1709 1016 1780 ’ὕϐρεως
1049 1714 1149 1782 τῆς
1186 1717 1478 1787 γινομένης
1502 1718 1648 1790 αὑτῷ
1674 1723 1844 1774 ἀπαλ-

254 1799 467 1866 λαγείς.
499 1799 697 1869 Ὕϐριν
727 1801 781 1854 δὲ
825 1797 981 1871 οῐμαι
1025 1803 1125 1871 τὴν
1171 1806 1437 1862 ἀπέλασιν
1471 1810 1570 1880 τὴν
1624 1814 1689 1865 ἐκ
1749 1814 1843 1867 τοῦ

257 1887 454 1957 θρόνου
489 1889 658 1942 αὑτοῦ
684 1890 965 1960 ὀνομάζει.
1001 1893 1247 1965 Σκληρδν
1279 1901 1406 1967 γὰρ,
1442 1901 1594 1971 φησὶ.
1627 1904 1723 1954 καὶ
1759 1903 1844 1973 βα-

257 1981 516 2050 ρύτατον,
551 1981 643 2035 τὸν
673 1981 872 2046 ἀδίκως
895 1984 996 2054 τῆς
1033 1987 1246 2048 πόλεως
1290 1989 1456 2044 αὑτοῦ
1503 1992 1846 2050 ἀπελαθέντα

259 2073 341 2141 μὴ
410 2073 767 2144 ὑποδέχεσθαι
815 2076 967 2146 παρὰ
1047 2077 1157 2130 τῶν
1229 2085 1646 2139 συνεπισκόπων
1708 2089 1846 2156 μετά

256 2164 468 2234 πολλῆς
499 2165 907 2236 φιλοφροσύνης
939 2168 1035 2221 καὶ
1065 2170 1424 2243 ἀγαθότητος,
1450 2176 1619 2245 ᾕγουν
1647 2178 1848 2248 προθύ-

259 2274 380 2324 μως
405 2259 496 2310 καλ.
527 2258 745 2328 ἱλαρῶς.

1945 615 2322 683 proﬁterentur
2356 635 2368 670 :
2404 634 2506 688 qua
2552 635 2615 675 ex
2667 637 2828 676 causa
2883 625 3111 692 primum
3153 627 3402 695 quatiam
3451 628 3519 681 ab

1943 709 2178 778 antiquis
2214 709 2648 778 imperatoribus,
2705 724 2890 781 postea
2932 729 2960 766 a
3011 714 3227 772 Juliano
3280 719 3522 774 adversa:

1945 810 2291 874 tempestates
2314 805 2602 873 exstitere;
2629 808 2740 863 sive
2767 807 2836 863 ob
2859 808 3101 863 veritatis
3129 811 3517 877 patrocinium,

1947 913 2150 968 proque
2180 899 2244 952 iis
2271 897 2358 968 qui
2393 899 2750 967 potentiorum
2789 900 3067 955 dominatu
3114 900 3314 971 injuste
3337 903 3523 971 oppri-

1945 1005 2223 1044 merentur
2252 1000 2556 1058 susceptam
2584 991 2984 1046 dimicationem
3013 1031 3028 1057 ,
3055 994 3194 1061 quod
3241 993 3292 1047 in
3330 1010 3525 1062 magno

1945 1079 2162 1145 Basilio,
2195 1079 2600 1151 Cltrysostomo,
2637 1080 2864 1150 aliisque
2907 1082 3087 1135 multis
3121 1082 3377 1153 contigit,
3407 1083 3528 1138 fue-

1947 1174 2055 1228 rint
2084 1175 2376 1230 exturbati.
2427 1173 2744 1244 Quicunque
2799 1174 2966 1244 igitur
3027 1174 3126 1228 hac
3187 1176 3394 1229 ratione
3454 1175 3526 1229 ab

1948 1267 2174 1322 ecclesia
2205 1282 2299 1322 sua
2334 1282 2427 1336 per
2457 1267 2708 1336 injuriam
2741 1266 3033 1334 depellitur
3066 1306 3080 1329 ,
3119 1265 3173 1320 in
3232 1265 3393 1319 aliam
3433 1280 3528 1318 ur-

1947 1358 2068 1413 bem
2115 1359 2316 1413 vitandi
2370 1358 2594 1427 periculi
2643 1372 2801 1411 causa
2861 1358 3080 1412 secedat
3124 1372 3348 1412 necesse
3397 1366 3524 1422 est;

1950 1449 2200 1504 innoxius
2229 1451 2274 1502 is
2295 1449 2528 1518 quidem,
2559 1447 2603 1502 si
2642 1464 2727 1502 res
2757 1464 2906 1518 mqua
2941 1450 3094 1503 lance
3126 1449 3357 1504 libretur
3388 1490 3404 1514 ,
3435 1449 3531 1504 sed

1949 1544 2016 1596 ob
2043 1555 2228 1594 eorum
2273 1542 2607 1609 potentiam,
2655 1539 2748 1609 qni
2806 1541 3077 1594 hominem
3151 1541 3528 1606 insectantur,

1953 1633 2309 1688 exsecrationi
2358 1633 2651 1702 subjectus.
2706 1632 3072 1686 Exsecrationi
3130 1642 3312 1687 autem
3354 1631 3534 1700 subje-

1955 1736 2071 1781 ctus
2101 1733 2185 1781 est
2212 1727 2495 1793 quisquam
2525 1725 2790 1794 supplicio
2819 1725 3141 1780 destinatus.
3189 1722 3325 1779 IInic
3366 1725 3534 1794 igitur

1951 1819 2176 1884 homini,
2207 1821 2333 1871 dum
2366 1819 2417 1870 in
2446 1831 2596 1871 suam
2625 1816 2834 1882 urbem,
2859 1818 3063 1872 evitato
3103 1815 3328 1884 periculi
3358 1825 3531 1881 metu,

1949 1921 2043 1966 aut
2075 1908 2381 1981 ignominiae
2407 1917 2525 1961 nota
2559 1907 2787 1962 iilterato
2815 1946 2829 1971 ,
2863 1908 3057 1962 reverti
3111 1907 3271 1962 liceat
3307 1907 3533 1976 (notam

1949 2016 2110 2070 porro
2137 2000 2444 2070 ignominia:
2468 2041 2481 2063 ,
2518 2000 2658 2068 quod
2696 2015 2724 2052 a
2757 2014 2852 2053 sua
2887 1999 3015 2054 sede
3050 1997 3307 2070 depulsus
3341 2007 3530 2063 esset,

1954 2093 2054 2146 hoc
2089 2091 2206 2147 loco
2230 2091 2420 2159 opinor
2447 2091 2722 2159 intelligi),
2757 2091 2810 2144 in
2884 2091 3058 2146 aliena
3118 2083 3251 2146 urbe
3309 2075 3533 2158 degendl

1957 2183 2260 2238 facultatem
2298 2198 2420 2236 esse
2453 2197 2627 2236 canon
2664 2181 2929 2236 decernit.
2968 2181 3167 2235 Durum
3218 2181 3364 2236 enim
3392 2221 3406 2243 ,
3444 2179 3532 2236 in-

1954 2276 2092 2344 quit,
2123 2283 2177 2328 et
2208 2287 2370 2339 grave
2400 2272 2686 2327 admodum
2719 2273 2900 2336 fuerit,
2931 2273 2976 2327 si
3009 2272 3286 2327 hominem
3348 2288 3377 2326 a
3435 2287 3533 2328 sua

256 2350 482 2405 civitate
511 2367 606 2420 per
628 2353 881 2422 injuriam
916 2355 1219 2423 exclusum,
1263 2359 1426 2413 multa
1465 2375 1587 2415 cum
1636 2363 1973 2424 humanitate
1993 2382 2064 2421 ac
2091 2367 2356 2431 bonitate,
2410 2367 2510 2421 hoc
2560 2373 2663 2431 est,
2719 2372 2967 2436 prompto
3014 2363 3290 2434 alacrique
3334 2364 3538 2423 animo.

256 2445 565 2512 Coepist‘opi
599 2462 703 2499 non
735 2449 1027 2517 excipiant.

257 2535 492 2590 ΔΡΙΣΤ.
528 2554 546 2588 t
596 2534 824 2599 Ἀδίκως
886 2539 1188 2606 ἐπίσκοπος
1215 2544 1598 2616 ἐλαυνόμενος,
1648 2552 1696 2602 εἰ
1751 2553 1844 2606 ἐπὶ

348 2645 366 2675 ι
402 2627 501 2695 τῆς
529 2628 821 2699 ἀλλοτρίας
853 2630 1055 2700 διάγοι,
1105 2634 1346 2702 δεκτέος,
1377 2638 1483 2704 ἕως
1532 2642 1630 2712 τὴν
1687 2639 1847 2715 ὕϐριν

341 2735 361 2769 ι
396 2719 827 2776 ἐπανασώσαιτο.
862 2741 880 2774 ι

344 2828 364 2861 ‹
402 2810 506 2864 Τὸν
532 2812 701 2880 τῦφον
727 2814 820 2868 καὶ
850 2815 951 2885 τὴν
995 2815 1322 2880 ἀλαζονείαν
1351 2821 1402 2874 οἱ
1439 2821 1681 2894 Πατέρες
1733 2842 1849 2879 κω-

261 2902 488 2968 λύοντες
519 2905 863 2976 προσέταξαν
897 2907 974 2978 μὴ
998 2909 1087 2977 ἐφ’
1113 2910 1300 2964 ἱκανὸν
1328 2915 1521 2985 καιρὸν
1550 2916 1851 2972 ἐπίσκοπον

263 2995 332 3046 ἐν
355 2995 618 3066 ἀλλοτρίᾳ
647 2998 925 3069 ἐπισκοπῇ
973 2999 1309 3071 διατρίϐεινο
1370 3005 1418 3058 εί
1456 3005 1512 3058 δέ
1553 3023 1641 3070 τις
1693 3007 1726 3077 ἢ
1763 3008 1852 3061 διὰ

262 3087 371 3152 τὴν
393 3087 682 3154 ὁμολογίαν
713 3088 810 3158 τῆς
839 3090 1116 3160 ἡμετέρας
1155 3093 1414 3160 πίστεως,
1455 3096 1488 3167 ἢ
1520 3097 1606 3150 διά
1628 3098 1728 3168 τὴν
1757 3101 1853 3168 τῆς

263 3176 534 3246 ἀληθείας
561 3178 866 3247 ἐκδίκησιν,
914 3182 1012 3251 τῆς
1073 3183 1208 3246 ιδίας
1259 3185 1471 3246 πόλεως
1535 3187 1852 3260 ἐκϐληθείη,

1948 2552 2174 2610 ARIST.
2221 2570 2239 2602 ι
2276 2549 2570 2618 Episcopus
2613 2547 2809 2615 injuste
2844 2548 3118 2616 expulsus,
3160 2546 3204 2600 si
3257 2548 3310 2601 in
3362 2546 3535 2600 aliena

2028 2666 2049 2700 ‹
2083 2644 2360 2714 provincia
2392 2642 2575 2714 degat,
2612 2640 3010 2710 suscipiendus,
3050 2639 3223 2694 donec
3244 2637 3311 2692 ab
3343 2636 3540 2706 injuria

2030 2760 2050 2793 ι
2091 2740 2374 2795 liberetur.
2415 2757 2433 2789 ι
2957 2745 2960 2748 ’

2030 2835 2255 2890 Fastum
2291 2842 2347 2888 et
2377 2830 2793 2887 ostentationem
2849 2825 3198 2897 prohibentes
3224 2817 3414 2879 Patres
3439 2866 3454 2890 ,
3487 2825 3540 2878 in

1959 2925 2225 2981 mandatis
2260 2923 2526 2980 dederunt
2567 2923 2881 2990 episcopum
2920 2920 2971 2972 in
3025 2917 3203 2972 alieno
3229 2917 3540 2985 episcopatu

1959 3017 2184 3073 multum
2215 3015 2474 3086 temporis
2501 3031 2608 3069 non
2643 3016 2946 3068 absumere.
2981 3009 3038 3064 Si
3071 3009 3196 3078 quis
3245 3017 3424 3062 autem
3457 3006 3543 3060 vel

1958 3120 2178 3182 propter
2203 3108 2320 3163 fidei
2351 3114 2550 3162 nostrae
2589 3104 3008 3174 confessionem,
3053 3099 3136 3154 vel
3187 3105 3408 3168 propter
3449 3111 3545 3152 νε-

1963 3201 2138 3257 ritatis
2160 3197 2613 3263 vindicationem,
2641 3211 2735 3252 sua
2765 3194 2983 3249 civitate
3010 3192 3280 3261 ejiciatur,
3307 3197 3361 3246 et
3385 3188 3543 3244 aliam

266 3270 368 3321 καὶ
391 3271 470 3333 είς
509 3270 703 3339 ἑτέραν
737 3272 946 3343 ἀπέλθῃ
983 3276 1157 3340 πόλιν,
1192 3279 1252 3330 οὐ
1288 3279 1661 3348 κωλυθήσεται
1739 3284 1845 3337 ἐκεῖ

1958 3292 2114 3344 adeat
2147 3289 2440 3349 civitatem,
2479 3287 2552 3340 ibi
2588 3285 2786 3355 degere
2818 3297 2921 3337 non
2947 3279 3350 3350 prohibebitur,
3373 3290 3546 3346 usque

265 3361 500 3426 διάγειν,
533 3361 729 3433 μέχρις
776 3364 844 3418 ἂν
892 3367 1220 3438 ἀπαλλαγὴν
1271 3372 1456 3439 εὑρεῖν
1503 3374 1704 3443 δυνηθῇ
1758 3377 1854 3445 τῆς

268 3452 414 3518 πρὸς
435 3451 597 3506 αὑτὸν
626 3453 931 3525 γενομένης
977 3456 1214 3527 ὕϐρεως.

643 3606 645 3608 η
873 3547 1112 3600 ΚΑΝΩΝ
1144 3547 1253 3602 Ill'.

281 3649 303 3679 ι
339 3631 659 3697 Γαυδέντιος
693 3634 993 3700 ἐπίσκοπος
1021 3633 1208 3691 εἶπεν*
1245 3637 1429 3706 Οἶδας,
1480 3644 1674 3714 ἀδελφὲ
1739 3647 1860 3698 Ἀέ-

355 3741 374 3770 ο
409 3741 514 3787 τιε,
542 3724 617 3788 ὡς
645 3724 706 3778 τὸ
737 3727 1044 3797 τηνικαῦτά
1100 3747 1228 3783 ποτε
1284 3736 1722 3801 κατασταθέντος
1765 3739 1859 3790 σοῦ

357 3830 376 3862 ι
415 3813 722 3868 ἐπισκόπου
780 3817 813 3887 ἡ
879 3818 1072 3889 ε’ίρήνη
1123 3821 1310 3874 λοιπὸν
1355 3824 1726 3893 ἐϐράϐευσεν·
1774 3831 1861 3883 ἵνα

355 3922 374 3954 ι
416 3904 491 3973 μή
527 3923 649 3959 τινα
679 3906 908 3976 λείψανα
938 3911 1208 3977 δίχονοίας
1233 3914 1361 3984 περὶ
1385 3916 1494 3968 τῶν
1553 3918 1861 3989 ἐκκλησιῶν

363 4012 382 4043 ε
419 3995 780 4066 ἐναπομείνῃ,
839 3994 986 4061 ἔδοξε
1043 4000 1141 4051 καὶ
1197 4003 1324 4065 τοὺς
1375 4007 1527 4075 παρά
1577 4007 1861 4062 Μουσαίου

361 4100 378 4132 ι
416 4085 853 4149 κατασταθέντας
871 4088 965 4140 καὶ¹
994 4090 1119 4153 τοὺς
1141 4090 1292 4161 παρά
1319 4091 1679 4165 Εὑτυχιανοῦ,
1712 4099 1863 4151 ἐπει-

362 4193 379 4224 ι
418 4175 482 4245 δὴ
515 4176 697 4230 αὐτῶν
722 4179 949 4249 οὐδεμία
965 4182 1256 4253 εὑρίσκετο
1287 4187 1458 4253 αἰτία,
1494 4188 1702 4253 πάντας
1732 4190 1864 4243 ὑπο-

352 4284 370 4316 ι
409 4267 682 4338 δεχθῆναι.
737 4291 755 4322 ι

892 4364 1130 4418 ΚΑΝΩΝ
1165 4368 1264 4421 18⁸.

290 4469 309 4502 ι
356 4453 540 4515 "ﬂeto;
567 4453 867 4518 ἐπίσκοπος
892 4455 1048 4509 sine‘
1086 4459 1199 4527 Τῆς
1225 4460 1365 4529 ἐμῆς
1423 4462 1782 4533 μετριότητος
1830 4467 1863 4534 ἢ

1965 3382 2090 3434 dum
2122 3381 2188 3434 ab
2214 3379 2406 3448 injuria
2435 3378 2535 3433 sibi
2569 3377 2707 3430 facta
2741 3373 2957 3428 liberari
2987 3380 3182 3442 potest.

2533 3550 2761 3607 CANON
2795 3547 2978 3604 XVIII.

1978 3665 1994 3698 ι
2038 3647 2371 3701 Gaudentius
2401 3645 2689 3716 episcopus
2719 3643 2856 3696 dixit
2890 3658 2903 3695 :
2943 3642 3064 3696 Scis
3090 3681 3104 3704 ,
3152 3639 3321 3695 frater
3349 3637 3503 3693 Aetie
3529 3679 3546 3699 ,

2046 3759 2063 3790 ι
2100 3739 2240 3808 quod
2270 3747 2398 3810 tunc
2422 3777 2436 3801 ,
2464 3751 2590 3791 cum
2644 3736 2928 3805 episcopus
2960 3733 3286 3787 constitutus
3313 3743 3374 3786 es
3395 3770 3411 3796 ,
3444 3742 3544 3796 pax

2048 3849 2066 3879 ‹
2101 3829 2354 3896 deinceps
2396 3827 2601 3896 viguit;
2637 3841 2702 3880 ne
2738 3825 2929 3893 aliqua:
2959 3823 3353 3879 discordiarum
3416 3820 3549 3875 reli-

2049 3937 2067 3970 ι
2103 3919 2242 3987 quia:
2266 3918 2330 3972 de
2351 3918 2592 3973 ecclesiis
2625 3922 2958 3980 remaneant,
2984 3914 3160 3968 visum
3215 3919 3320 3978 est,
3361 3921 3421 3966 ut
3457 3911 3549 3980 qui

2052 4031 2069 4062 ι
2107 4025 2135 4063 a
2168 4009 2364 4063 Musam
2400 4016 2452 4061 et
2485 4005 2825 4078 Entychiano
2872 4004 3151 4059 constituti
3203 4011 3331 4056 sunt
3364 4043 3380 4068 ,
3426 4001 3550 4071 quia

2054 4121 2070 4152 ι
2111 4100 2256 4156 nulla
2291 4113 2476 4153 eorum
2508 4097 2664 4167 culpa
2693 4095 3069 4151 inveniebatur
3093 4133 3108 4158 ,
3153 4107 3346 4149 omnes
3381 4093 3553 4149 susciv-

2057 4214 2075 4246 ι
2115 4199 2392 4263 perentur.
2436 4208 2452 4241 ι

2571 4365 2800 4425 CANON
2825 4366 2970 4420 XIX.

1985 4486 2004 4520 ι
2044 4465 2203 4520 Osius
2233 4463 2520 4533 cpiscopus
2541 4460 2677 4516 dixit
2711 4475 2724 4511 :
2766 4458 2895 4514 Mea:
2919 4455 3308 4512 mediocritatis
3331 4457 3444 4511 haec
3472 4465 3555 4511 est

361 4563 378 4594 ι
415 4545 689 4613 ἀπόφασίς
720 4548 837 4599 ἐστι
863 4547 1068 4636 ἀὑτηο
1124 4549 1314 4618 ἐπειδὴ
1338 4551 1534 4621 ἥσυχοι
1589 4553 1683 4606 καὶ
1725 4555 1845 4606 ὑπο

2048 4579 2065 4611 ι
2104 4556 2391 4612 sententia.
2423 4554 2558 4620 Quia
2590 4553 2753 4621 quieti
2810 4560 2864 4605 et
2910 4549 3174 4618 patientes
3220 4563 3341 4602 esse
3390 4548 3555 4603 debe-

368 4655 384 4686 t
424 4637 705 4705 μονητικοὶ
735 4638 1026 4710 ὀφείλομεν
1059 4635 1221 4710 εἶναι.
1266 4642 1362 4694 καὶ
1388 4642 1585 4716 διαρκῆ
1614 4646 1704 4700 τὸν
1733 4646 1870 4716 πρὸς

374 4744 392 4778 t
429 4727 636 4790 πάντας
661 4727 806 4798 ἔχειν
844 4724 1049 4797 οἶκτον,
1094 4715 1243 4796 ἅπαξ
1275 4734 1406 4797 τοὺς
1445 4739 1528 4798 είς
1555 4715 1756 4807 κλῆρον
1780 4715 1873 4792 ἐκο

369 4837 387 4867 ι
426 4817 817 4888 κλησιαστικδν
840 4821 1224 4890 προαχθέντας
1272 4823 1378 4877 ὑπό
1406 4841 1572 4879 τινων
1626 4829 1873 4896 ἀδελφῶν

373 4926 389 4956 ι
425 4907 602 4977 ἡμῶν,
634 4909 683 4960 εί
740 4911 814 4980 μὴ
843 4908 1116 4979 βούλοιντο
1155 4912 1547 4984 ἐπανέρχεσθαι
1579 4916 1657 4978 είς
1681 4915 1745 4980 τις
1774 4934 1873 4970 και

369 5019 385 5048 ι
417 4999 844 5073 τωνομάσθησαν
901 5004 1216 5075 ἐκκλησίαις,
1249 5003 1343 5058 τοῦ
1396 5006 1588 5061 λοιποῦ
1628 5009 1702 5078 μὴ
1738 5011 1872 5063 ὑποα

376 5112 397 5144 ι
434 5094 714 5163 δέχεσθαι·
750 5096 1082 5165 Εὑτυχιανὸν
1110 5096 1167 5150 δέ
1215 5100 1356 5167 μήτε
1389 5098 1696 5154 ἐπισκόπου
1741 5104 1870 5155 ἐαυ-

380 5207 397 5237 ι
432 5186 508 5257 τῷ
530 5187 817 5243 διεκδικετν
870 5190 1042 5260 ὄνομα
1071 5206 1085 5221 °
1128 5191 1242 5244 ἀλλ’
1285 5193 1408 5246 οὑδέ
1467 5195 1743 5248 Μουσαῖον
1799 5195 1874 5258 ὡς

377 5299 395 5330 ι
430 5279 726 5335 ἐπίσκοπον
757 5281 1099 5352 νομίζεσθαι.
1144 5284 1207 5337 Ei
1248 5284 1304 5338 δέ
1342 5286 1538 5352 λαῖκὴν
1584 5293 1874 5341 κοινωνίαν

371 5389 388 5422 ι
427 5372 734 5440 ἀπαιτοῖεν,
771 5373 845 5443 μὴ
873 5377 1072 5444 χρῆναι
1107 5374 1293 5438 αὐτοῖς
1321 5377 1629 5445 ἀρνεῖσθαι.
1660 5377 1868 5449 Πάντες

372 5481 392 5514 ι
432 5459 628 5517 εἶπαν
672 5465 948 5536 Ἀρέσκει.

375 5553 578 5620 BAAY,
605 5555 679 5611 30
709 5557 987 5620 Μουσαῖος
1013 5558 1106 5612 καὶ
1131 5559 1159 5611 ὁ
1207 5559 1564 5629 Εὑτυχιανδς,
1594 5562 1874 5632 ἀχειροτό-

295 5663 447 5716 νητοι
472 5648 648 5712 ὅντες,
675 5648 750 5713 ὡς
780 5650 1075 5706 ἐπίσκοποι
1115 5652 1417 5724 κληρικούς
1471 5672 1626 5717 τινας
1661 5656 1875 5726 ἐχειρο-

2054 4670 2072 4702 ι
2113 4665 2251 4709 mus,
2287 4657 2340 4702 et
2368 4646 2720 4700 suilicientem
2753 4656 2878 4709 erga
2917 4653 3106 4695 omnes
3140 4637 3343 4694 habere
3390 4639 3555 4692 mise-

2053 4757 2072 4793 ι
2112 4739 2403 4795 ricordiam
2435 4752 2549 4802 eos,
2589 4735 2679 4806 qui
2707 4733 2872 4788 semel
2898 4735 2950 4786 iu
2986 4731 3190 4788 clerum
3213 4730 3554 4786 ‘ecclesiastio

2055 4852 2073 4884 ι
2113 4846 2234 4886 cum
2302 4830 2369 4883 ab
2425 4827 2694 4897 aliquibus
2749 4822 3008 4878 fratribus
3065 4824 3264 4877 nostris
3320 4823 3553 4891 promOti

2058 4943 2075 4975 ι
2114 4931 2261 4986 sunt,
2300 4921 2344 4974 si
2379 4918 2633 4973 nolintad
2661 4917 2917 4971 ecclesias
2948 4955 2963 4980 ,
3011 4916 3065 4970 in
3098 4931 3234 4986 quas
3290 4914 3554 4969 nominati

2056 5034 2074 5069 t
2117 5023 2244 5068 sunt
2274 5011 2469 5074 redire,
2502 5011 2756 5080 deinceps
2813 5025 2918 5065 non
2970 5008 3220 5064 admitti:
3258 5003 3554 5076 Eutycbia-

2054 5124 2072 5157 ι
2107 5121 2232 5159 num
2283 5112 2462 5159 autem
2520 5118 2591 5158 ne
2636 5102 2873 5170 episcOpi
2929 5100 3144 5169 quidem
3194 5098 3298 5154 sibi
3357 5112 3552 5154 nomen

2055 5212 2074 5244 ι
2109 5207 2405 5262 usurpare;
2456 5193 2547 5248 sed
2609 5206 2781 5262 neque
2839 5190 3097 5244 Musteum
3148 5199 3204 5244 et
3228 5188 3548 5258 episcopum
3590 5202 3594 5210 ·

2057 5305 2074 5338 ι
2113 5286 2435 5341 existimari.
2492 5285 2551 5339 Si
2623 5297 2800 5338 autem
2865 5285 3056 5343 laicam
3117 5281 3552 5338 communionem

2055 5395 2072 5427 ι
2112 5376 2423 5445 petiverint.
2456 5390 2562 5429 non
2617 5385 2868 5442 oportere
2901 5375 2981 5429 eis
3031 5371 3308 5441 denegari.
3356 5367 3555 5426 Omnes

2061 5485 2080 5518 ι
2121 5468 2374 5522 dixerunt
2407 5485 2418 5520 :
2450 5465 2654 5520 Placet.
2688 5484 2706 5516 ›

2051 5559 2247 5615 BALS.
2279 5558 2510 5614 Musaeus
2543 5568 2596 5613 et
2631 5546 3000 5627 l-Iutychianus
3032 5597 3047 5622 ,
3075 5572 3197 5612 cum
3233 5572 3339 5611 non
3375 5566 3557 5612 essent

1979 5652 2234 5715 ordinati,
2259 5661 2514 5720 tanquam
2554 5651 2792 5720 episcOpi
2823 5651 3054 5706 clericos
3096 5650 3305 5719 aliquos
3336 5650 3556 5705 ordina-

297 5735 553 5805 τόνησαν.
585 5738 694 5791 τοῦ
734 5739 866 5806 γοῦν
910 5739 1239 5796 Γαυδεντίου
1290 5741 1631 5814 ζητήσαντος
1655 5745 1744 5799 διὰ
1778 5744 1845 5815 τὴ

1980 5751 2124 5798 runt.
2162 5744 2298 5799 Cum
2329 5745 2510 5814 itaque
2543 5742 2878 5799 Gaudentius
2904 5743 3208 5813 petivisset,
3242 5752 3300 5796 ut
3335 5753 3554 5812 prepter

302 5828 443 5882 κατά
479 5827 610 5884 Θεὸν
670 5830 896 5902 εἰρήνην
951 5831 1207 5904 δεχθῆναι
1259 5834 1384 5899 τοὺς
1441 5835 1619 5919 παρὰ.
1665 5835 1872 5920 τούτων

1982 5851 2193 5908 pacem,
2252 5837 2506 5894 omnibus
2570 5834 2743 5892 modis
2801 5834 3106 5891 divinorum
3165 5841 3554 5902 prmcentorum
