4178 6420
274 374 297 439 ἱ
320 377 416 441 593

1378 384 1459 442 IN
1495 382 1662 443 CAN.
1705 382 1842 441 XXI
1885 380 2094 441 CONC.
2140 381 2441 444 SAllDlC.

3398 390 3531 455 1494

262 491 424 552 viva,
463 490 554 543 καὶ
592 490 824 543 ὲκλαϐοῦ
856 493 933 556 τὸ,
959 493 1086 554 Καὶ,
1114 492 1179 544 τὸ
1214 493 1513 562 προστεθὲν
1566 495 1687 547 ἀντὶ
1737 494 1851 556 τοῦ,

1963 492 2105 556 Seu;
2137 503 2188 545 et
2221 497 2306 548 dic
2350 507 2750 566 contemptores
2802 501 3048 556 amittere
3111 506 3369 559 honorem
3437 523 3530 562 seu

270 581 436 634 Ἠτοι
459 597 474 612 ⁸
525 582 619 634 καὶ
650 582 772 649 λέγε
806 584 1132 637 ἀποϐάλλειν
1161 586 1288 646 τοὺς
1322 584 1588 655 ἀθετητὰς
1641 587 1737 656 τὴν
1771 603 1851 637 τι·

268 672 384 741 μὴν
413 675 530 742 ήτοι
569 673 630 726 τὸ
659 674 875 744 ἀξίωμα
899 677 994 746 τῆς
1031 677 1364 744 ἐπισκοπῆς.

348 763 599 818 ΖΩΝΑΡ.
644 763 854 829 Ταῦτα,
915 767 1082 834 φησὶν
1134 769 1161 818 ὁ
1208 767 1408 831 κανὼν,
1458 769 1548 820 ἐπὶ
1605 770 1852 840 σωτηρία

274 853 591 920 ὁρισθέντα,
619 853 714 906 καὶ
741 856 882 907 κατὰ
912 856 971 907 τὸ
998 857 1208 925 πρέπον
1235 861 1299 928 τῇ
1329 859 1478 923 τάξει
1497 859 1588 910 καὶ
1615 861 1681 930 τῇ
1718 861 1849 928 τιμῇ

270 949 343 1014 τῇ
406 946 680 1016 ἱερατικῇ,
742 948 838 999 καὶ
886 947 1156 1016 θεάρεστα
1204 949 1332 1001 ὄντα
1391 951 1483 1002 καὶ
1542 951 1853 1020 ἀνθρώποις

279 1038 583 1104 ἀποδεκτά,
614 1039 713 1092 ούκ
749 1041 1081 1108 ἰσχύσουσιν,
1115 1041 1237 1094 οὐδὲ
1274 1045 1659 1112 κρατήσουσιν,
1695 1047 1740 1096 εὶ
1776 1045 1852 1113 μὴ

273 1133 375 1182 καὶ
408 1131 572 1196 φόϐος
604 1131 879 1185 κολάσεων
909 1136 1001 1185 καί
1027 1135 1322 1204 ἐπιτιμίων
1357 1139 1477 1198 ταῖς
1512 1136 1852 1204 ἀποφάσεσιν

272 1223 730 1292 ἐπακολουθήσει,
759 1225 897 1277 (Lota
930 1226 1214 1294 φοϐεῖσθαι
1245 1229 1366 1290 τοὺς
1393 1229 1849 1297 παραϐαίνοντας,

268 1316 364 1368 ὅτε
395 1317 910 1387 ἐπιτιμήθήσονται.
943 1319 1290 1388 Γινώσκομεν
1329 1319 1437 1388 γάρ
1465 1322 1546 1373 ὃτι
1593 1319 1853 1382 πολλάκις

267 1408 438 1460 τινῶν
461 1408 660 1476 ὀλίγων
691 1410 750 1474 ἐξ
790 1412 1174 1481 ἀναισχυντίας
1223 1414 1673 1482 παραϐαινόντων
1726 1415 1852 1475 τοὺς

271 1503 512 1562 κανόνας
549 1505 1028 1571 καταγινώσκεται
1073 1505 1134 1556 τὸ
1165 1505 1308 1557 θεῖον
1341 1505 1513 1574 ὄνομα
1565 1506 1665 1574 τῆς
1698 1505 1852 1574 ἱερω-

269 1592 466 1664 σύνης,
499 1595 559 1646 ού
591 1595 700 1647 τῶν
733 1595 1160 1666 ἁμαρτανόντων
1185 1597 1379 1667 ἱερέων
1412 1596 1573 1665 μόνον
1606 1593 1854 1664 βλασφή-

275 1689 597 1756 μουμένων,
631 1688 748 1740 ἀλλ’
781 1688 918 1757 ὁμοῦ
947 1688 1194 1741 πάντωνο
1251 1688 1338 1741 διὰ
1361 1689 1468 1757 γὰρ
1499 1689 1597 1757 τῆς
1626 1688 1854 1757 ἱερωσύ-

274 1799 379 1850 νης
416 1783 623 1842 πάντας
650 1782 775 1842 τοὺς
821 1782 990 1849 ἱερεῖς
1046 1782 1322 1850 ἐνέφηνεν.
1357 1781 1418 1831 Et
1447 1775 1540 1832 οὖν
1589 1779 1851 1849 τολμήσει

271 1891 363 1937 τις
398 1875 524 1927 ἄλλο
552 1893 601 1926 τι
623 1873 1029 1942 διαπράξασθαι
1083 1873 1235 1944 παρὰ
1287 1872 1354 1925 τὰ
1397 1873 1624 1938 δόξαντα.
1687 1875 1854 1925 πᾶσιν

272 1965 747 2033 ἀλαζονευόμενος
795 1965 891 2017 καὶ
928 1965 1312 2035 ἐπαιρόμενος,
1349 1963 1546 2034 καὶμὴ
1608 1965 1853 2018 σπεύδων

271 2055 357 2120 τῷ
380 2056 497 2125 Θεῴ
537 2056 757 2125 ἀρέσαι,
807 2058 1125 2123 γινωσκέτω
1191 2055 1273 2106 ὄτι
1320 2053 1619 2106 ὑπεύθυνον
1663 2055 1854 2106 ἑαυτὸν

276 2151 620 2219 καταστήσει
683 2148 991 2216 ἐγκλήματι
1059 2147 1380 2214 ἀπολογίας,
1442 2146 1722 2198 τουτέστιν
1792 2146 1852 2197 οὐ

277 2238 601 2308 μονομερῶς
631 2238 1119 2308 κατακριθήσεται,
1147 2238 1281 2290 ἀλλά
1313 2238 1407 2290 καὶ
1451 2237 1851 2307 έλκυσθήσεται

272 2329 358 2389 εἰς
381 2328 756 2397 δικαστήριον,
793 2330 887 2380 καὶ
920 2329 992 2390 ὡς
1016 2329 1266 2398 ἔγκλημα
1314 2332 1550 2396 ποιήσας
1582 2330 1856 2398 ἀπολογή-

277 2419 478 2472 σασθαι
514 2420 976 2490 ἀπαιτηθήσεται,
1004 2421 1097 2471 καὶ
1121 2421 1389 2473 ἀποϐαλεῖ
1412 2421 1648 2488 ἀξίωμα,
1688 2422 1855 2490 ἠγουν

278 2511 681 2583 στερηθήσιται
709 2513 807 2580 τῆς
839 2514 1004 2580 τιμῆς
1039 2513 1131 2565 τοῦ
1165 2513 1478 2583 ἀξιώματος
1501 2515 1599 2583 τῆς
1629 2515 1853 2566 ἐπισκο-

275 2605 415 2672 πῆς,
444 2605 612 2673 ῆγονν
641 2603 1132 2676 καθαιρεθήσεται.

876 2779 1116 2832 ΚΑΝΩΝ
1163 2777 1293 2832 KA'.

283 2889 300 2921 ι
349 2870 460 2924 Καὶ
487 2870 647 2923 τοῦτο
676 2870 733 2923 δὲ
757 2870 966 2923 ἐκεῖθεν
994 2870 1231 2939 μάλιστα
1249 2867 1526 2939 γνώριμον
1545 2870 1852 2938 γενήσεται,

361 2984 379 3015 ι
423 2969 516 3017 καὶ
554 2964 1001 3034 πληρωθήσεται,
1035 2963 1130 3016 ἐὰν
1162 2962 1394 3022 ἕκαστος
1430 2961 1611 3032 ἡμῶν,
1636 2964 1746 3015 τῶν
1798 2965 1856 3014 ὲν

359 3075 376 3104 ι
415 3060 532 3116 ταῖς
593 3055 871 3126 παρόδοις,
941 3057 1108 3124 ήγουν
1179 3054 1438 3123 καναλίῳ,
1498 3053 1856 3107 καθεστώτων

359 3167 377 3199 ι
417 3149 756 3212 ἐπισκόπων,
819 3147 1158 3215 θεασάμενος
1196 3145 1519 3209 ἐπίσκοπον,
1567 3144 1851 3215 ἐπιζήτοίη
1882 3169 1924 3227 C

354 3259 372 3290 ι
414 3240 511 3310 τὴν
545 3239 726 3292 αἰτίαν
758 3239 856 3308 τῆς
881 3239 1138 3307 παρόδου,
1187 3243 1280 3292 καὶ
1314 3237 1417 3290 ποῦ
1473 3237 1572 3305 τὴν
1625 3236 1855 3305 πορείαν

360 3352 380 3384 ι
419 3334 691 3384 ποιεῖται·
728 3333 825 3382 καὶ
858 3332 952 3383 ὲὰν
989 3331 1088 3399 μὲν
1120 3330 1255 3400 εὕρῃ
1288 3330 1452 3382 αὐτὸν
1493 3329 1588 3381 ἐπὶ
1621 3326 1853 3398 στρατό-

357 3441 376 3475 t
417 3424 576 3476 πεδον
634 3423 882 3481 ἀπιόντα,
935 3421 1259 3491 ἐπιζητήσει
1310 3420 1410 3482 τὰς
1466 3420 1707 3488 αἱρέσεις
1755 3417 1853 3480 τὰς

357 3534 376 3567 ι
421 3517 609 3568 ἐπάνω
668 3513 1063 3582 προκειμένας.
1104 3512 1221 3565 Κᾶν
1248 3512 1587 3580 κεκλημένος
1619 3511 1853 3579 ἀφικνῆ-

358 3627 374 3656 ι
420 3624 530 3671 ται,
559 3607 773 3658 ἀπιόντι
803 3604 951 3674 αύτῷ
984 3603 1151 3672 μηδὲν
1184 3604 1446 3672 ἐμπόδιον
1497 3603 1743 3670 γίγνοιτο
1763 3618 1777 3632 ο
1804 3601 1854 3652 εἱ

358 3719 375 3752 ι
414 3700 470 3753 δὲ
534 3699 856 3762 ἐπιδείξεως
914 3699 1094 3767 χάριν,
1171 3699 1353 3760 καθὼς
1411 3698 1732 3768 προείρηται
1785 3697 1851 3764 τῇ

357 3813 374 3845 ι
415 3793 660 3862 ὑμετέρᾳ
686 3792 958 3861 ἀγάπῃ,ἦ
991 3791 1080 3843 διά
1124 3808 1287 3843 τινων
1330 3791 1583 3856 ἀξιώσεις
1622 3788 1854 3841 σπουδά-

356 3905 373 3936 ι
413 3885 494 3949 ζει
522 3886 616 3937 ἐπὶ
649 3885 710 3935 τὸ
739 3883 1122 3953 στρατόπεδον,
1179 3885 1316 3953 μήτε
1343 3885 1458 3944 τοῖς
1516 3882 1840 3951 γράμμασιν

360 3996 378 4028 ι
425 3977 592 4031 αὑτοῦ
624 3976 986 4045 ὑπογράφειν,
1027 3977 1161 4044 μήτε
1194 3977 1472 4026 κοινωνεῖν
1502 3973 1578 4042 τῷ
1601 3973 1849 4039 τοιούτῳ.

346 4091 364 4122 ι
413 4069 689 4130 ’Ἅπαντες
715 4065 897 4119 εἱπαν·
935 4066 1238 4137 Ὁριζέσθω
1269 4069 1363 4118 καὶ
1396 4066 1577 4119 τοῦτο.
1613 4087 1631 4119 ι

351 4163 547 4216 ΒΑΛΣ.
598 4161 704 4213 Καὶ
753 4159 912 4212 τοῦτο
963 4159 1239 4229 γνώριμον
1297 4163 1606 4229 γενήσεται.
1661 4162 1852 4229 Τοῦτο,

279 4259 468 4320 τιοῐον;
513 4255 585 4304 Τὸ
617 4252 691 4322 μὴ
726 4251 1242 4320 καταγινώσκεσθαι
1278 4252 1378 4319 τὴν
1427 4254 1731 4324 ἱερωσύνην
1764 4255 1856 4308 διὰ

196 4359 198 4361 ’
279 4348 376 4416 τὴν
407 4345 514 4397 τῶν
545 4344 746 4410 ὀλίγων
776 4344 1187 4412 ἀναισχυντίαν.
1247 4345 1359 4397 Καὶ
1398 4344 1847 4415 πληρωθήσεταιι

275 4439 442 4503 Πὼς;
487 4437 614 4490 Ἑάν
644 4437 880 4498 ἕκαστος
936 4437 1094 4506 ἡμῶν
1143 4438 1251 4489 τῶν
1293 4438 1352 4489 ὲν
1411 4441 1532 4499 ταῖς
1593 4437 1852 4506 παρόδοις

1961 584 2283 651 dignitatem
2309 588 2669 655 episcopatus.

2027 759 2279 813 ZONAR.
2326 762 2598 817 Salutaria
2655 766 2765 820 haec
2809 768 3048 836 decreta,
3105 772 3278 840 inquit
3331 791 3529 839 canon,

1958 852 2099 905 Sacri
2151 854 2356 907 ordinis
2409 856 2606 910 decoro
2669 859 3028 929 dignitatique
3100 869 3531 932 accommodata,

1961 943 2175 1012 Deoqne
2205 954 2380 1013 grata,
2415 958 2468 997 et
2499 947 2810 1002 hominibus
2839 961 3084 1020 accepta,
3137 971 3410 1023 nunquam
3441 974 3533 1011 r0-

1960 1035 2058 1088 bur
2113 1050 2267 1087 suum
2324 1052 2386 1091 ac
2419 1042 2563 1092 vires
2615 1041 2973 1107 obtinebunt,
3028 1047 3128 1098 nisi
3192 1051 3534 1102 decretorum

1957 1129 2380 1198 promulgationi
2415 1147 2695 1200 plenarum
2736 1146 2910 1190 metus
2965 1139 3208 1202 accedat,
3243 1157 3377 1207 quas
3409 1145 3533 1211 sibi,
3611 1123 3622 1136 ’

1957 1222 2049 1287 qui
2083 1223 2195 1274 [nec
2231 1223 2574 1288 violaverint,
2617 1239 2830 1296 paratas
2856 1231 3180 1298 intelligant.
3214 1234 3342 1286 Illud
3380 1253 3534 1288 u.un-

1957 1326 2061 1379 que
2097 1314 2347 1369 novimus
2380 1319 2618 1381 evenire,
2657 1331 2712 1372 ut
2747 1324 2933 1390 paucis
2966 1324 3287 1392 quib‘usdam
3316 1327 3535 1382 decreta

1957 1417 2226 1456 canonum
2290 1420 2385 1472 per
2439 1405 2826 1474 impudentiam
2881 1412 3242 1479 violantibus,
3293 1416 3534 1468 divinum

1955 1496 2244 1548 sacerdotii
2277 1511 2468 1550 nomen
2502 1500 2816 1567 damnetur;
2852 1519 2949 1557 nec
2979 1504 3011 1556 ii
3045 1505 3244 1570 solum,
3285 1508 3374 1575 qui
3413 1523 3538 1574 pec-

1955 1597 2172 1650 carunt,
2210 1590 2302 1641 sed
2340 1604 2529 1644 omnes
2562 1592 2719 1644 simul
2771 1596 3084 1648 sacerdotes
3131 1596 3438 1665 (universus
3465 1599 3539 1651 si-

1957 1678 2173 1747 quidem
2212 1683 2502 1736 sacerdotii
2562 1685 2779 1739 nomine
2813 1685 3112 1754 signiﬁcari
3146 1687 3332 1757 voluit)
3373 1689 3539 1740 ntale-

1959 1771 2094 1824 dicis
2159 1772 2590 1827 obtreCIatorum
2659 1777 3133 1830 criminationibus
3208 1779 3537 1832 lacerentur.

1957 1862 2012 1917 Si
2053 1864 2176 1931 quis
2206 1865 2369 1934 igitur
2421 1869 2681 1921 adversus
2730 1882 2818 1932 ea,
2872 1884 2992 1936 qua:
3023 1870 3260 1923 unanimi
3295 1872 3538 1923 omnium

1959 1969 2222 2008 consensu
2261 1958 2474 2011 decreta
2507 1970 2627 2011 sunt
2653 1998 2666 2018 ,
2703 1961 3010 2028 arrogantia
3047 1977 3107 2015 ac
3143 1963 3394 2029 superbia
3424 1965 3537 2015 ela-

1961 2054 2068 2109 tus,
2104 2062 2279 2116 neque
2338 2051 2578 2102 numinis
2607 2050 2867 2118 obsequio
2897 2052 3205 2105 demerendi
3259 2055 3539 2106 studiosus

1957 2140 2247 2208 quidquam
2275 2141 2558 2194 admittere
2613 2142 2810 2194 aude‘at
2842 2161 2855 2194 :
2913 2144 3260 2210 semetipsum
3295 2147 3538 2200 criminis

1959 2227 2257 2282 defensioni
2289 2231 2585 2284 obnoxium
2619 2233 2974 2294 constituere,
3036 2233 3138 2286 hoc
3171 2243 3277 2295 est,
3335 2250 3437 2286 non
3475 2251 3536 2288 se

1957 2334 2280 2388 quacunque
2307 2322 2517 2376 ratione
2544 2323 3038 2387 condemnandum,
3070 2326 3163 2378 sed
3199 2328 3250 2376 iu
3278 2323 3538 2392 judicium

1959 2411 2305 2477 trahendum,
2362 2414 2520 2481 eique
2554 2415 2700 2468 velut
2736 2423 2951 2481 patrato
3030 2414 3272 2468 facinore
3322 2429 3539 2468 causam

1958 2516 2080 2556 esse
2134 2503 2438 2571 dicendam,
2497 2507 2921 2574 dignitatemque
2984 2505 3370 2572 abjiciendam,
3441 2510 3543 2559 hoc

1957 2603 2063 2656 est,
2103 2594 2396 2664 episcopali
2451 2612 2509 2651 se
2543 2597 2749 2651 honore
2779 2612 2841 2650 ac
2881 2597 3144 2666 dignitate
3195 2597 3540 2666 privandum,

1959 2683 2072 2736 sive
2107 2683 2444 2752 depositione
2481 2687 2814 2738 multandum
2848 2701 2967 2740 esse
3008 2686 3292 2755 intelligat.

2534 2777 2765 2832 CANON
2833 2777 2975 2833 XXI.

1965 2887 1980 2916 ι
2018 2865 2186 2923 Porro
2212 2875 2392 2922 autem
2425 2868 2530 2922 hoc
2570 2883 2789 2937 quoque
2826 2868 2977 2922 illinc
3024 2877 3129 2922 erit
3179 2869 3417 2923 maxime
3450 2885 3544 2922 no—

2039 2977 2057 3010 ι
2092 2968 2202 3012 tum
2241 2968 2290 3014 et
2325 2960 2758 3029 comprobatum,
2793 2962 2835 3014 si
2874 2962 3254 3030 unusquisque
3284 2974 3529 3017 nostrqu

2034 3068 2054 3102 ι
2086 3051 2176 3121 qui
2207 3053 2259 3106 in
2303 3054 2532 3106 transitu
2564 3068 2656 3106 seu
2689 3053 2864 3107 canali
2893 3056 3172 3108 constituti
3206 3069 3391 3108 sumus
3427 3056 3544 3122 epi-

2035 3157 2056 3194 t
2088 3143 2263 3209 scopi,
2314 3158 2436 3196 cum
2471 3144 2669 3197 viderit
2697 3144 3034 3214 episc0pum,
3087 3154 3294 3214 qumrat
3323 3161 3544 3200 causam

2037 3252 2055 3286 ι
2091 3235 2380 3301 adventus,
2411 3245 2464 3288 et
2492 3251 2598 3304 quo
2629 3237 2802 3306 pergit
2833 3256 2848 3292 :
2906 3246 2961 3290 et
2999 3238 3044 3290 si
3083 3254 3202 3292 eum
3242 3239 3456 3305 quidem
3492 3238 3544 3290 in

2040 3350 2057 3382 ι
2087 3343 2265 3386 castra
2302 3331 2736 3400 proﬁciscentem
2778 3329 3066 3392 invenerit,
3116 3341 3324 3398 quaret
3355 3332 3545 3382 condi-

2037 3442 2054 3473 ι
2089 3425 2262 3479 tiones
2283 3439 2404 3491 quae
2421 3423 2672 3488 superius
2697 3421 2988 3489 propositae
3020 3431 3166 3473 sunt.
3198 3421 3323 3474 Etsi
3353 3437 3548 3475 evoca-

2035 3534 2051 3565 ι
2087 3525 2173 3568 tus
2204 3515 2402 3577 veniat,
2424 3514 2471 3568 ei
2498 3512 2714 3566 abeunti
2741 3511 2871 3564 nihil
2903 3512 3268 3580 impedimenti
3299 3513 3428 3566 liat:
3461 3513 3544 3566 sin

2039 3622 2057 3655 ι
2093 3615 2273 3658 autem
2307 3602 2686 3656 ostentationis
2736 3602 2926 3670 gratia,
2965 3601 3417 3669 quemadmodum
3457 3615 3545 3652 te-

2044 3718 2060 3749 (
2097 3710 2222 3754 ειτσι
2254 3697 2528 3750 dilectioni
2563 3695 2814 3761 superius
2833 3694 3031 3747 dictum
3058 3701 3161 3754 est,
3206 3691 3288 3744 vel
3325 3701 3546 3760 propter

2042 3812 2059 3843 ‹
2095 3790 2401 3858 aliquorum
2438 3801 2628 3856 preces
2657 3786 2711 3838 in
2739 3795 2920 3839 castra
2965 3784 3230 3847 festinat;
3269 3799 3368 3837 nec
3401 3785 3544 3836 litte-

2043 3905 2060 3936 ι
2101 3883 2174 3936 ris
2209 3881 2325 3948 ejus
2359 3878 2691 3946 subscribat,
2729 3892 2828 3931 nec
2863 3892 2986 3930 cum
3035 3892 3098 3928 eo
3146 3878 3538 3931 communicet.

2043 3995 2060 4028 ι
2091 3977 2291 4027 (lmnes
2319 3972 2607 4026 dixerunt:
2645 3969 2756 4023 Hoc
2781 3983 2996 4037 quoque
3028 3967 3374 4021 decernatur.
3416 3989 3434 4021 ι

2034 4173 2230 4228 BALS.
2270 4174 2443 4226 Porro
2479 4171 2580 4225 hoc
2608 4185 2820 4238 quoque
2859 4181 3042 4222 notmn
3077 4171 3199 4224 erit.
3239 4170 3377 4236 Quid
3399 4172 3544 4225 hoc?

1961 4263 2077 4317 Non
2119 4263 2363 4317 damnari
2395 4261 3009 4329 sacerdotiumlpropter
3040 4276 3333 4329 paucorum
3367 4263 3544 4331 impu-

1963 4358 2219 4412 dentiam.
2246 4355 2310 4408 Et
2331 4354 2790 4424 comprobabitur.
2817 4353 3142 4418 Quomodo?
3178 4353 3230 4406 Si
3256 4357 3546 4421 unusquis-

1961 4463 2067 4517 que
2128 4454 2401 4509 nostrum,
2487 4443 2575 4512 qui
2612 4444 2664 4495 in
2719 4444 2955 4496 aditibus
3018 4443 3299 4496 constituti
3355 4459 3545 4500 sumus

275 4529 639 4584 καθεστώτων
678 4530 1019 4594 ἐπισκόπων,
1042 4529 1149 4581 τῶν
1199 4530 1258 4581 ὲν
1290 4531 1408 4591 ταῖς
1439 4529 1659 4581 πόλεσιν
1682 4529 1851 4582 ὄντων

1957 4536 2220 4604 episc0pi,
2282 4535 2374 4604 qui
2434 4548 2623 4588 sumus
2671 4532 2878 4586 scilicet
2939 4532 2993 4584 in
3027 4533 3276 4594 urbibus,
3337 4550 3454 4600 «pne
3490 4535 3542 4587 in

271 4625 474 4693 δηλαδὴ
500 4625 622 4684 ταῖς
651 4622 713 4688 ἐν
736 4623 856 4683 ταῖς
885 4621 1179 4690 δημοσίαις
1208 4623 1497 4691 κειμέναις
1527 4623 1686 4685 ὁδοῖς,
1731 4623 1850 4690 ἤτοι

273 4713 535 4781 καναλίῳ,
557 4711 622 4764 δι’
643 4707 719 4765 ὧν
747 4712 1060 4782 διέρχονται
1080 4713 1127 4763 οἱ
1156 4712 1487 4774 διοδεύοντες
1513 4711 1850 4778 ἀδιακόπως,

272 4803 347 4866 ὼς
373 4802 634 4865 διέξεισιν
687 4802 744 4855 ὲν
795 4801 1127 4870 ὑδραγωγίῳ
1162 4801 1222 4852 τὸ
1280 4800 1425 4868 ’ύδωρ
1459 4800 1708 4867 (κανάλις
1742 4800 1850 4869 γὰρ

274 4897 489 4964 ἀγωγὸς
531 4893 724 4957 ὓδατος
749 4894 970 4962 λέγεται
995 4907 1010 4922 °
1045 4894 1077 4963 ή
1107 4893 1163 4944 δὲ
1193 4892 1339 4956 λέξις
1381 4891 1690 4960 Ῥωμαϊκὴ)
1725 4891 1850 4943 θεα-

276 4989 510 5058 σάμενος
529 4989 827 5041 ἐπίσκοπον
852 4986 1084 5039 ἀπιόντα
1110 5003 1238 5047 που,
1262 4985 1519 5056 ὲκζητοίη
1549 4986 1646 5053 τὴν
1669 4985 1850 5039 αἰτίαν

273 5082 371 5151 τῆς
408 5081 671 5151 παρόδου,
725 5083 818 5133 καὶ
879 5078 974 5132 τοῦ
1026 5082 1124 5148 τὴν
1160 5081 1387 5149 πορείαν
1447 5081 1702 5141 ποιεῖται,
1756 5076 1851 5130 καὶ

274 5178 360 5231 διὰ
395 5177 480 5230 τί·
513 5176 657 5244 καὶὴ
687 5174 838 5227 αἰτία
867 5173 966 5242 τῆς
985 5171 1387 5239 καταγνώσεως
1409 5167 1851 5221 τῶνὲπισκόπων

276 5269 678 5338 κωλυθήσεται.
717 5266 825 5318 Καὶ
863 5265 957 5317 ὲάν
989 5264 1089 5333 μὲν
1127 5261 1241 5332 γνῷ
1276 5262 1438 5313 αὐτὸν
1469 5261 1561 5311 ἐπὶ
1593 5262 1652 5312 τὸ
1680 5275 1850 5328 στρα-

276 5360 500 5414 τόπεδον
533 5359 788 5418 ἀπιόντα,
814 5355 1116 5424 ὲκζητείτω
1139 5356 1238 5416 τὰς
1265 5353 1509 5424 αἱρέσεις
1531 5353 1631 5413 τὰς
1665 5351 1850 5404 ἐπάνω

276 5455 555 5521 κειμένας,
615 5451 785 5520 ἤγουν
824 5449 923 5509 τάς
977 5447 1077 5516 ήδη
1135 5445 1394 5516 ῥηθείσας
1441 5444 1735 5506 διαστίξεις
1793 5444 1850 5494 ὲν

280 5547 355 5616 τῷ
391 5545 603 5613 ἑϐδόμῳ
623 5545 716 5595 καὶ
761 5541 934 5610 ὀγδόῳ
973 5540 1066 5593 καὶ
1091 5539 1296 5607 ὲννάτῳ
1334 5537 1518 5590 κανόνι
1559 5537 1658 5605 τῆς
1696 5535 1841 5587 συνό-

276 5639 367 5692 duo
391 5637 616 5705 ταύτης.
653 5635 760 5687 Καὶ
796 5637 844 5686 εί
880 5635 978 5704 μὲν
1004 5631 1342 5701 καλούμενος
1374 5633 1460 5699 εἴη
1497 5631 1647 5698 παρά
1696 5629 1850 5696 βασι-

275 5732 433 5793 λέας,
468 5728 543 5798 μὴ
569 5726 910 5796 ἐμποδίζοιτο
938 5725 1158 5780 ἀπιέναι
1188 5739 1200 5752 ·
1236 5725 1282 5775 εί
1325 5723 1381 5775 δέ
1412 5740 1514 5775 που
1550 5724 1849 5792 ἀπέρχεται

276 5821 589 5887 ἐπιδείξεως
646 5823 819 5892 χάριν,
876 5820 1016 5873 ὥστε
1069 5818 1442 5884 ἐπιδέξασθαι
1505 5819 1597 5871 καὶ
1634 5817 1842 5883 διδάξαι

1959 4629 2062 4681 viis
2099 4635 2222 4680 sunt
2255 4624 2512 4694 publicis,
2550 4625 2664 4678 sive
2709 4625 2908 4688 canali,
2959 4639 3056 4692 per
3089 4639 3207 4693 qua:
3239 4626 3327 4692 qui
3364 4635 3543 4678 trans~

1952 4730 2082 4772 eunt
2136 4718 2251 4772 sine
2306 4717 2490 4769 labore
2549 4726 2849 4785 permeant,
2907 4727 2962 4768 ut
3027 4731 3164 4785 aqua
3233 4717 3427 4769 transit
3488 4719 3541 4770 in

1955 4809 2297 4878 aquaeductu.
2332 4806 2582 4876 (Canalis
2619 4809 2763 4860 enim
2801 4808 3151 4875 aqnazductus
3183 4808 3418 4861 dicitur:
3455 4817 3546 4860 est

1952 4910 2131 4954 autem
2152 4898 2453 4952 Romanum
2480 4897 2973 4967 vocabulumjcum
3008 4898 3202 4951 viderit
3224 4898 3542 4966 episcopum

1956 4993 2139 5061 aliquo
2171 4990 2630 5062 proﬁciscentem,
2665 5005 2871 5059 quazrat
2906 5006 3126 5044 causam
3163 4993 3452 5052 adventus,
3487 5001 3541 5044 et

1954 5099 2059 5152 quo
2079 5084 2272 5152 pergit,
2303 5094 2355 5137 et
2387 5099 2484 5137 cur
2513 5101 2525 5147 ;
2553 5093 2605 5136 et
2640 5098 2801 5136 causa
2831 5083 3298 5137 condemnatiouis
3332 5084 3542 5150 cpisco-

1957 5191 2144 5244 porum
2182 5176 2574 5242 prohibebitur.
2601 5175 2664 5228 Et
2689 5177 2732 5230 si
2765 5177 3076 5246 Cognoverit
3098 5177 3311 5244 quidem
3338 5194 3460 5228 eum
3487 5177 3542 5230 in

1955 5279 2127 5322 castra
2163 5270 2452 5337 proﬁcisci,
2489 5271 2738 5339 exquirat
2792 5272 3131 5325 conditiones
3165 5273 3412 5341 superius
3449 5287 3548 5339 ρος

1954 5365 2107 5426 sitas,
2141 5378 2233 5416 seu
2257 5362 2366 5431 jam
2401 5361 2575 5417 dictas
2607 5363 2988 5416 distinctiones
3016 5363 3068 5416 in
3099 5365 3400 5417 canonibus
3429 5364 3482 5426 7,
3508 5365 3542 5418 8

1954 5461 2008 5505 et
2030 5452 2060 5506 θ
2087 5452 2246 5521 hujus
2266 5453 2480 5518 synodi.
2519 5452 2583 5505 Et
2608 5453 2652 5505 si
2687 5452 2848 5505 fuerit
2877 5454 3095 5520 quidem
3128 5454 3193 5505 ab
3219 5455 3546 5522 imperatore

1955 5546 2271 5606 accersitus,
2312 5560 2377 5597 ne
2410 5546 2732 5614 impediatur
2762 5545 2914 5598 abire
2951 5562 2965 5598 ι
3021 5547 3106 5599 sin
3141 5558 3318 5599 autem
3355 5557 3546 5600 osten-

1957 5637 2173 5690 tationis
2202 5641 2376 5706 gratia
2431 5638 2609 5706 aliquo
2647 5637 3032 5706 proﬁciscitur,
3089 5648 3147 5690 ut
3205 5653 3264 5692 se
3303 5649 3543 5693 OSIentet

1955 5737 2006 5780 et
2051 5729 2246 5782 doceat
2276 5729 2328 5782 in
2363 5729 2536 5782 aliena
2571 5731 2814 5797 civitate,
2856 5741 2908 5785 et
2939 5733 3275 5801 episcopum,
3312 5732 3402 5799 qui
3433 5731 3544 5786 illic

1956 5822 2280 5877 constitutus
2311 5833 2393 5879 est
2423 5823 2687 5882 dedecore
2721 5826 2954 5893 alliciat;
3009 5835 3100 5880 aut
3138 5827 3188 5880 in
3223 5835 3399 5880 castra
3429 5825 3548 5881 sive
