4178 6420
737 363 870 425 1405

1988 361 2267 425 TilEOD.
2316 362 2404 420 BA
2417 359 2550 419 LSA
2563 361 2716 420 ΜοΝ

3851 359 3964 419 Ῑ-ίθϋ

726 479 794 530 ad
832 477 1213 545 imperatorem
1246 475 1629 544 proﬁciscitur,
1667 488 1856 544 preces
1887 490 1980 533 seu
2023 476 2312 546 petitiones
2345 480 2376 535 Α

2345 480 2383 535 Α
2416 474 2474 526 ὲν
2504 473 2644 543 ἄλλῃ
2673 473 2850 534 πύλει,
2885 475 2975 540 καὶ
3013 470 3374 540 καταιτχῦναι
3407 471 3497 522 τὸν
3530 469 3648 521 ἐκεῖ
3674 469 3967 521 καθεστῶτα

727 572 1048 635 oblaturus;
1110 585 1207 624 nec
1239 571 1433 625 litteris
1491 570 1612 639 ejus
1669 571 2002 636 subscribat,
2065 570 2308 640 paciﬁcis

728 661 934 715 scilicet
963 660 1185 726 litteris,
1215 675 1311 715 nec
1335 678 1455 716 cum
1483 677 1547 716 eo
1573 663 1970 728 communicet,
1998 671 2054 716 ut
2080 660 2170 730 qui
2196 659 2308 730 jam

635 770 637 772 ·
725 753 796 806 sit
826 765 855 805 a
883 765 1091 806 canone
1125 751 1428 823 depositus.»
1459 753 1673 807 Dictum
1707 762 1792 809 est
1831 753 1977 808 enim
2007 753 2058 806 in
2093 750 2305 806 decimo

727 857 935 904 canone
966 841 1318 898 Autiocbena:
1358 845 1586 914 synodi,
1640 859 1748 898 non
1781 858 1941 913 posse
1967 843 2201 913 aliquem
2239 842 2309 897 ad

729 934 1109 1003 imperatorem
1140 934 1431 1002 proﬁcisci,
1467 934 1630 1006 508
1657 935 1760 990 nisi
1797 935 2006 991 litteras
2038 945 2309 1004 metropo-

729 1025 883 1081 litani
916 1027 1232 1096 provincia,
1280 1036 1331 1082 et
1365 1027 1482 1097 ejus
1513 1027 1916 1096 episcoporum,
1968 1027 2197 1081 afferat:
2265 1025 2311 1081 is

735 1124 915 1172 autem
944 1117 1036 1190 qui
1067 1132 1170 1172 non
1197 1117 1270 1171 ita
1299 1115 1452 1184 facit“,
1483 1133 1511 1172 a
1549 1119 1815 1190 dignitate
1863 1118 2100 1173 excidat.
2135 1117 2201 1190 Et
2251 1117 2309 1171 in

735 1209 822 1263 bis
851 1186 1068 1278 quidem
1099 1208 1347 1261 consistit
1379 1223 1578 1264 canon.
1609 1186 1870 1264 Existimo
1913 1217 2094 1264 autem
2118 1248 2134 1274 ,
2163 1186 2310 1279 quod

733 1299 839 1353 illis
864 1299 1130 1368 episcopis
1162 1313 1484 1354 concessum
1535 1308 1617 1356 est
1651 1300 2045 1354 transeuntium
2102 1299 2312 1366 episco-

733 1404 923 1457 porum
960 1403 1159 1444 causas
1192 1388 1408 1446 curiose
1441 1390 1722 1460 indagare,
1773 1390 1865 1460 qui
1909 1390 2109 1444 habent
2138 1389 2228 1461 jus
2260 1385 2320 1450 Ii

2414 564 2739 627 ἐπίσκοπον,
2778 562 2935 632 ἢὲπὶ
2982 562 3042 614 τὸ
3101 561 3463 631 στρατόπεδον
3509 559 3836 629 πορεύεται,
3868 559 3968 627 ἤτοι

2414 656 2552 727 πρὸς
2590 655 2819 725 βασιλέα
2843 655 3086 717 ἄπεισιν,
3115 653 3392 717 ἀξιώσεις,
3415 652 3697 704 τουτέστιν
3725 652 3966 719 αἰτήσεις,

2414 745 2761 815 ποιούμενος,
2802 746 2937 816 μήτε
2974 747 3083 806 τοῖς
3149 745 3471 814 γράμμασιν
3545 741 3717 794 αὑτοῦ
3754 741 3968 808 ὑπογρα-

2414 837 2588 906 φέτω,
2649 838 2773 897 ταῖς
2819 838 3130 905 εἰρηνικαῖς
3174 835 3419 905 δηλονότι
3463 833 3799 897 ἐπιστολαῖς,
3855 834 3968 901 μήτε

2415 930 2748 984 κοινωνείτω
2779 927 2858 999 τῷ
2889 928 3139 996 τοιούτῳ,
3169 929 3244 990 ὡς
3274 930 3338 980 ὲκ
3359 926 3454 980 τοῦ
3496 927 3726 984 κανόνος
3754 925 3971 995 7.10133;-

2419 1019 2588 1090 μένῳ.
2624 1020 2855 1089 Είρηται
2905 1023 3012 1088 γὰρ
3043 1019 3102 1071 ὲν
3155 1020 3233 1087 τῷ
3289 1019 3502 1088 δεκάτῳ
3545 1018 3734 1070 κανόνι
3792 1015 3882 1081 τῆς
3925 1018 3970 1066 ἐν

2429 1110 2738 1180 Ἀντιοχείᾳ
2762 1111 2984 1162 συνόδου
3022 1108 3099 1180 μὴ
3128 1108 3391 1162 δύνασθαί
3421 1127 3544 1162 τινα
3597 1109 3738 1177 πρὸς
3776 1106 3970 1175 βασιλέα

2418 1203 2662 1267 ἀπιέναι,
2692 1205 2740 1255 εἰ
2780 1203 2858 1272 μὴ
2902 1203 3212 1272 γράμματα
3259 1202 3546 1272 κομίζεται
3596 1201 3693 1254 τοῦ
3727 1215 3970 1268 μητροτου

2419 1296 2566 1349 λίτου
2593 1297 2695 1364 τῆς
2725 1297 3016 1367 ἐπαρχίας,
3049 1297 3144 1348 καὶ
3175 1297 3285 1347 τῶν
3326 1297 3651 1349 ἐπισκόπων
3691 1294 3874 1360 αὐτῆς·
3899 1293 3973 1342 τὶν

2418 1384 2474 1437 δὲ
2529 1386 2602 1454 μὴ
2633 1383 2779 1436 οὕτω
2824 1385 3077 1437 ποιοῦντα
3132 1387 3422 1439 ἐκπίπτειν
3473 1385 3572 1455 τῆς
3620 1386 3780 1449 ἀξίας
3811 1382 3972 1435 αἰτοῦ.

734 1481 875 1545 illos,
906 1482 1340 1549 metropolitanis
1370 1482 1577 1537 scilicet
1605 1492 1660 1535 et
1703 1482 2049 1552 patriarcbis.
2084 1481 2138 1536 Si
2168 1467 2330 1536 enim»

2324 1497 2330 1522 ι
2421 1475 2532 1528 Καὶ
2563 1475 2633 1527 τὰ
2669 1475 2770 1544 μὲν
2796 1475 2890 1528 τοῦ
2922 1477 3145 1537 κανόνος
3175 1480 3234 1529 ἐν
3256 1478 3486 1540 τούτοις.
3547 1479 3780 1546 Νομίζω
3830 1476 3880 1527 δὲ
3908 1479 3974 1528 ὅτι

738 1581 964 1630 nonest
1011 1575 1230 1628 omnino
1283 1574 1580 1643 subjectus;
1630 1573 1721 1642 qui
1775 1575 1970 1627 transit
2006 1575 2312 1641 episc0pus,

736 1665 966 1719 antistiti
992 1665 1080 1732 qui
1129 1671 1217 1718 est
1248 1665 1299 1718 in
1335 1664 1592 1728 transitu,
1645 1678 1752 1717 non
1791 1665 2197 1718 examinabitnr
2246 1665 2314 1718 de

733 1756 905 1810 aditu.
956 1754 1023 1809 Ut
1075 1755 1119 1808 si
1157 1755 1443 1823 episcopus
1497 1751 1746 1806 Examilii
1793 1752 1877 1831 χει
1930 1751 2188 1817 Ιίτεὰεειὶ,
2223 1765 2316 1818 per

2422 1567 2656 1638 ἐκείνοις
2703 1571 2816 1633 τοῖς
2865 1569 3187 1632 ἐπισκόποις
3247 1569 3461 1639 ἐνεδόθη
3518 1571 3975 1638 πολυπραγμονεῖν

2422 1660 2523 1719 τὰς
2574 1661 2754 1724 αἰτίας
2816 1663 2926 1714 τῶν
2993 1661 3402 1730 παροδευόντων
3477 1662 3820 1724 ἐπισκόπων,
3885 1664 3977 1720 τοῖς

2421 1749 2603 1820 ἔχουσι
2632 1752 2844 1805 δίκαιον
2881 1752 3024 1804 κατά
3057 1752 3287 1814 τούτων,
3344 1753 3782 1823 μητροπολίταις
3813 1751 3976 1818 δηλον-

735 1843 1048 1899 lleracleam
1081 1843 1352 1909 Thracia,
1378 1844 1445 1895 ad
1477 1841 1695 1896 urbium
1743 1817 1984 1912 reginam
2024 1839 2309 1910 pervadat,
2346 1817 2385 1872 Β

2346 1817 2388 1872 Β
2419 1817 2500 1894 ότι
2536 1845 2630 1894 καὶ
2664 1845 3051 1915 πατριάρχαις.
3090 1845 3155 1897 Εἰ
3191 1846 3298 1915 γὰρ
3345 1817 3770 1914 οιίχ-ὐπόκειται
3808 1817 3977 1903 ὅλωςό

736 1945 882 1989 recte
915 1949 943 1987 a
975 1949 1075 1989 suo
1107 1933 1550 2003 metr0politano,
1580 1932 1794 1986 scilicet
1827 1931 2100 1986 Heracleas
2130 1932 2312 1986 archi-

733 2026 1010 2096 episcopo,
1041 2033 1264 2094 cogetur
1293 2026 1473 2080 dicere
1501 2039 1719 2088 causas,
1754 2034 1974 2093 propter
2000 2039 2134 2092 quas
2163 2023 2310 2079 Con-

735 2117 1146 2187 stantinopolim
1173 2116 1307 2185 petit
1335 2132 1349 2170 :
1382 2117 1425 2171 si
1455 2116 1577 2185 quis
1601 2126 1777 2198 autem
1809 2117 2114 2185 cpiscopus,
2148 2115 2308 2171 Thes-

735 2209 1063 2265 salonicensi
1097 2207 1382 2277 metropoli
1415 2207 1718 2276 subjectus.
1775 2222 1870 2275 per
1918 2208 2090 2275 ipsam
2147 2205 2318 2262 Hera-

736 2301 908 2354 cleam
944 2300 1009 2353 ad
1041 2299 1253 2353 urbium
1285 2298 1525 2366 reginam
1557 2299 1709 2347 vadat
1738 2335 1751 2358 ,
1780 2309 1808 2346 a
1843 2294 2313 2350 Tliessalonicensi

739 2391 952 2458 quidem
981 2389 1413 2453 examinabitur;
1444 2380 1774 2442 lleracleano
1805 2400 1931 2441 vero
1965 2401 2182 2441 causam
2208 2401 2318 2440 non

741 2482 905 2533 dicet.
966 2477 1270 2548 Episcopos
1305 2477 1476 2541 enim,
1522 2475 1611 2544 qui
1657 2483 1958 2540 transeunt,
1995 2475 2077 2529 sul
2111 2475 2320 2529 itineris

740 2570 1005 2624 rationem
1041 2568 1266 2622 reddere
1295 2566 1443 2620 omni
1477 2563 1751 2636 episcopo,
1780 2566 1871 2635 qui
1901 2575 1986 2619 cst
2020 2565 2074 2619 in
2106 2566 2319 2626 itinere,

751 2670 808 2713 ut
842 2659 970 2712 mibi
1008 2656 1228 2726 quidem
1263 2656 1494 2719 videtur,
1519 2665 1599 2708 est
1646 2655 1977 2709 contrarium
2002 2656 2324 2721 cauonibus,

741 2750 1157 2807 decernentibus
1181 2749 1604 2816 incontpetentcs
1631 2747 1906 2801 antistites
1929 2763 2034 2800 non
2052 2748 2249 2802 debere
2269 2762 2328 2802 se

743 2850 794 2902 in
825 2860 1021 2902 causas
1054 2845 1350 2927 alien'prum
1386 2843 1765 2912 episcoporum
1797 2841 2066 2908 ingerere.

2419 1934 2768 2004 διερχόμενος
2804 1938 3104 2001 ἐπίσκοπος
3124 1939 3204 2009 τῷ
3231 1940 3371 1991 κατά
3399 1939 3640 2007 πάροδον
3679 1939 3796 1989 δντι
3819 1940 3980 2005 ἀρχιε-

2422 2027 2529 2090 ρεῖ,
2551 2026 2652 2079 οὐκ
2674 2027 3108 2097 ἀνακριθήσεται
3140 2030 3269 2098 περί
3295 2029 3390 2098 τῆς
3406 2029 3672 2098 παρόδου.
3691 2027 3978 2089 Τουτέστιν,

2420 2116 2516 2168 ἐὰν
2548 2115 2846 2179 ἐπίσκοπος
2885 2116 3200 2187 Ἑξαμιλίου
3256 2120 3287 2189 ἢ
3359 2118 3678 2172 Ῥαιδεστοῦ
3733 2120 3980 2187 ἀνατρέχῃ

2424 2205 2511 2258 διὰ
2537 2207 2636 2274 τῆς
2684 2207 2970 2278 Θρᾳκικῆς
3011 2209 3343 2279 Ἡρακλείας
3375 2213 3453 2274 εἰς
3505 2215 3610 2279 τὴν
3655 2212 3767 2263 τῶν
3804 2213 3980 2263 πόλεων

2425 2296 3038 2366 βασιλεύουσαν,καλῶς
3067 2303 3220 2371 παρά
3258 2302 3352 2355 τοῦ
3388 2304 3793 2372 μητροπολίτου
3817 2303 3980 2365 αὑτοῦ,

2425 2391 2591 2459 ῆγουν
2626 2392 2720 2442 τοῦ
2765 2391 3115 2463 Ἡρακλείας,
3150 2395 3645 2463 ἀναγκασθήσεται
3697 2398 3866 2448 εἰπεῖν
3901 2398 3981 2458 τὰς

2427 2480 2602 2544 αἰτίας
2634 2481 2702 2534 δι’
2732 2481 2799 2545 ἂς
2833 2484 2912 2544 εἰς
2945 2483 3515 2539 Κωνσταντινούπολιν
3574 2486 3896 2555 ἀπέρχεται.
3931 2486 3978 2537 Ei

2427 2569 2484 2622 δέ
2514 2586 2596 2632 τις
2622 2572 2930 2635 ἐπίσκοπος
2953 2573 3323 2641 ὑποκείμενος
3354 2576 3429 2643 τῷ
3460 2577 3843 2648 μητροπολῐτῃ
3866 2575 3980 2626 Θεσ-

2428 2663 2718 2732 σαλονίκης
2749 2665 2839 2718 διὰ
2881 2666 2980 2735 τῆς
3012 2668 3185 2735 αὐτῆς
3225 2668 3550 2738 Ἡρακλείας
3581 2672 3661 2730 είς
3694 2669 3791 2738 τὴν
3848 2668 3978 2736 βασι-

2425 2753 2689 2808 λεύουσαν
2727 2757 3049 2826 ἀπέρχεται,
3107 2759 3259 2828 παρά
3304 2759 3405 2827 μὲν
3455 2758 3550 2810 τοῦ
3599 2760 3980 2826 Θεσσαλονίκης

2433 2843 2892 2915 ἁνακριθήσεται,
2929 2849 3080 2916 παρά
3117 2848 3173 2899 δὲ
3212 2848 3307 2900 τοῦ
3368 2847 3706 2917 Ἡρακλείας
3757 2851 3814 2901 οὐ
3855 2850 3983 2913 λογο·

741 2940 1184 3013 πραγηθήσεταιγ
1210 2939 1285 2990 Τὸ
1316 2937 1424 3005 γάρ
1454 2935 1654 2989 διδόναι
1683 2936 1879 3004 λόγους
1930 2936 2054 2998 τοὺς
2094 2935 2390 3006 παροδίτας
2417 2939 2758 3002 ἐπισκόπους
2795 2941 2898 3009 τῆς
2966 2941 3181 2994 ἑαυτῶν
3244 2943 3557 3010 ὁδοιπορίας
3633 2943 3774 3012 πρὸς
3832 2945 3980 2994 πάντα

746 3037 1002 3108 παρόδιον
1040 3035 1365 3100 ἐπίσκοπον,
1399 3032 1474 3096 ὡς
1533 3033 1658 3102 ἐμοὶ
1710 3032 1878 3094 δοκεῖ,
1909 3031 2152 3084 ἐναντίον
2207 3032 2326 3084 ἐστὶ
2351 3035 2463 3094 τοῖς
2511 3038 2720 3099 κανόσι,
2787 3039 2901 3102 τοῖς
2953 3037 3345 3108 διοριζομένοις

3427 3040 3550 3101 τοὺς
3617 3039 3978 3106 ἀπροσφόρους

745 3130 1020 3200 ἀρχιερεῖς
1057 3126 1132 3196 μὴ
1169 3124 1581 3194 παρεμϐάλλειν
1625 3126 1854 3187 ἑαυτοὺς
1906 3126 1986 3187 είς
2035 3126 2322 3188 ὑποθέσεις
2353 3116 2651 3196 ἀλλοτρίων
2679 3132 3014 3186 ἐπισκόπων.

818 3219 1070 3274 ΖΟΝΛΒ.
1115 3220 1282 3273 Porro
1327 3229 1508 3273 autem
1561 3221 1663 3273 hoc
1709 3235 1924 3289 quoque
1969 3229 2150 3273 notum
2190 3220 2318 3273 erit.
2347 3226 2388 3283 C

745 3313 887 3378 Quid
923 3312 1068 3366 hoc?
1102 3311 1217 3364 Non
1257 3312 1505 3364 datunari
1538 3312 1900 3365 sacerdotium
1935 3323 2153 3381 propter
2186 3327 2323 3381 pau-

747 3421 935 3458 corum
971 3403 1383 3470 impudentiam.
1413 3401 1477 3456 Et
1503 3403 1970 3472 comprobabitur.
2001 3403 2328 3469 Quomodo?

750 3495 806 3550 Si
844 3496 1216 3562 unusquisque
1250 3502 1492 3548 nostrum
1535 3494 1625 3562 qui
1679 3494 1730 3547 in
1786 3493 2021 3548 aditibus
2052 3494 2327 3549 constituti

748 3601 934 3641 sumus
960 3584 1226 3654 episcopi,
1258 3584 1348 3652 qui
1385 3598 1571 3638 sumus
1600 3584 1810 3638 scilicet
1841 3585 1894 3639 in
1932 3585 2177 3648 urbibus,
2206 3599 2326 3655 quae

751 3679 805 3732 in
869 3677 971 3731 viis
1009 3684 1137 3730 sunt
1199 3675 1450 3744 publicis,
1514 3675 1629 3728 sive
1659 3677 1856 3737 canali,
1913 3690 2006 3744 per
2037 3689 2180 3744 quae,
2237 3676 2326 3744 qui

755 3775 1062 3830 transeunt,
1092 3766 1215 3820 sine
1239 3765 1431 3820 labore
1462 3773 1762 3835 permeant,
1817 3775 1875 3819 ut
1929 3780 2069 3834 aqua
2131 3766 2331 3821 transit

751 3864 803 3916 iu
836 3859 1158 3930 aquaeductu
1223 3856 1451 3926 (canalis
1483 3856 1628 3911 enim
1678 3857 2032 3926 aquaeductus
2087 3858 2327 3912 dicitur:

752 3960 838 4005 est
871 3959 1051 4004 autem
1088 3949 1390 4001 Romanum
1428 3945 1776 4016 vocabulum)
1807 3961 1931 4000 cum
1975 3947 2172 4000 viderit
2215 3947 2333 4015 epi-

756 4053 980 4107 scopum
1007 4038 1188 4106 aliquo
1219 4036 1675 4105 proﬁciscentem,
1709 4046 1930 4104 quaerat
1964 4052 2181 4091 causam
2235 4035 2332 4089 ad-

757 4139 974 4192 ventus,
1005 4139 1059 4185 et
1089 4143 1198 4198 quo
1226 4125 1418 4198 pergit,
1455 4138 1509 4183 et
1541 4142 1678 4194 cur;
1710 4137 1764 4182 et
1795 4143 1959 4182 causa
1994 4131 2331 4183 condemna-

764 4222 927 4275 tionis
957 4222 1334 4290 episcoporum
1371 4219 1784 4288 prohibebitur:
1836 4228 1890 4273 et
1944 4220 1987 4273 si
2021 4221 2334 4289 cognoverit

760 4314 977 4384 quidem
1021 4326 1142 4365 eum
1176 4312 1227 4364 in
1259 4321 1435 4364 castra
1467 4310 1755 4379 proﬁcisci,
1786 4313 2031 4380 exquirat
2063 4311 2332 4364 conditio-

764 4418 859 4458 nes
890 4402 1137 4471 superius
1160 4401 1380 4470 positas,
1404 4414 1498 4455 seu
1530 4400 1640 4470 jam
1674 4400 1850 4454 dictas
1877 4400 2253 4471 distinctiones
2281 4400 2332 4452 in

763 4470 1016 4564 septimo,
1046 4501 1241 4546 octavo
1271 4501 1331 4544 et
1358 4505 1502 4544 nono
1538 4504 1750 4544 canone
1783 4470 1942 4557 liujifs
1995 4489 2203 4560 synodi.
2269 4488 2332 4543 Et

2499 3225 2742 3280 ΖΩΝΑΡ,
2796 3227 2906 3279 Καὶ
2939 3227 3097 3279 τοῦτο
3125 3227 3404 3297 γνώριμον
3459 3231 3778 3295 γενήσεται.
3816 3227 3979 3290 Τοῦτο,

2430 3318 2615 3380 ποῖον;
2667 3317 2739 3368 Τὸ
2775 3318 2850 3386 μὴ
2873 3319 3384 3386 καταγινώσκεσθαι
3429 3322 3530 3389 τὴν
3588 3321 3885 3388 ἱερωσύνην
3908 3318 3980 3371 διὰ

2429 3407 2526 3475 τὴν
2559 3406 2756 3474 ὀλίγων
2787 3411 3197 3478 ἀναισχυντίαν.
3236 3414 3347 3464 Καὶ
3381 3411 3829 3480 πληρωθήσεται,
3853 3412 3978 3473 min;

2443 3498 2569 3550 Ἐὰν
2595 3500 2824 3562 ἕκαστος
2851 3502 3008 3570 ἡμῶν
3038 3502 3144 3554 τῶν
3173 3505 3232 3554 ἐν
3263 3505 3379 3560 ταῖς
3415 3503 3682 3572 παρόδοις
3725 3501 3980 3555 καθεστώ-

2429 3604 2538 3640 των
2573 3591 2912 3655 ὲπισκόπων,
2937 3591 3046 3644 τῶν
3078 3594 3136 3645 ὲν
3169 3596 3288 3654 ταῖς
3331 3593 3554 3647 πόλεσιν
3609 3595 3782 3646 ὄντων
3809 3594 3980 3662 δηλαδὴ

2430 3679 2541 3732 τῶν
2567 3681 2624 3731 ὲν
2670 3683 2790 3743 ταῖς
2820 3682 3110 3751 δημοσίαις
3155 3685 3428 3753 κειμένων
3451 3685 3617 3748 ὁδοῖς,
3653 3687 3775 3754 ἦτοι
3838 3701 3980 3736 κανα-

2430 3767 2548 3837 λίῳ,
2575 3770 2651 3821 δι’
2683 3765 2758 3824 ὦν
2787 3771 3092 3841 διέρχονται
3118 3774 3167 3825 οἰ
3213 3773 3542 3835 διυδεύοντες
3577 3776 3900 3836 ἀδιακόπως,
3922 3774 3980 3834 ὡς

2431 3859 2627 3913 δίεισιν
2652 3861 2710 3913 ὲν
2734 3861 3064 3931 ὑδραγωγίῳ
3090 3863 3152 3914 τὸ
3183 3862 3327 3926 ὕδωρ
3367 3865 3621 3932 (κανάλις
3670 3868 3776 3933 γὰρ
3801 3864 3980 3931 ἀγωγὸς

2434 3950 2623 4012 ὓδατος
2650 3951 2892 4018 λέγεται,
2924 3954 2956 4021 ἠ
2989 3952 3045 4004 δὲ
3088 3953 3233 4017 λέξις
3281 3955 3626 4025 Ῥωμαϊκῇ),
3667 3962 3713 4007 εἰ
3742 3957 3828 4006 οὖν
3872 3958 3978 4005 Exa-

2435 4059 2557 4105 στος
2605 4044 2791 4113 ἡμῶν,
2821 4044 2976 4112 φασὶ,
3012 4045 3348 4114 θεασάμενος
3404 4049 3734 4112 ἐπίσκοπον,
3785 4050 3980 4099 amona

2434 4152 2558 4195 που,
2588 4136 2845 4204 ἐκζητοίη
2888 4137 2985 4204 τὴν
3013 4136 3194 4188 αἰτίαν
3225 4139 3322 4205 τῆς
3364 4140 3632 4204 παρόδου,
3671 4143 3764 4191 καὶ
3788 4138 3880 4191 ποῦ
3905 4139 3980 4202 τὴν

2435 4229 2665 4297 πορείαν
2697 4229 2930 4280 ποιεῖται
2956 4229 3047 4279 καὶ
3081 4229 3171 4280 διὰ
3208 4230 3284 4292 τί,
3323 4228 3417 4280 καὶ
3446 4231 3478 4298 ἡ
3538 4230 3693 4282 αἰτία
3724 4233 3816 4298 τῆς
3847 4246 3980 4280 κατα-

2435 4317 2688 4387 γνώσεως
2718 4317 2827 4370 τῶν
2855 4321 3168 4370 ἐπισκόπων
3210 4320 3591 4389 κωλυθήσεται
3619 4339 3633 4351 ο
3667 4324 3762 4373 καὶ
3790 4323 3877 4373 ἐὰν
3903 4321 3980 4387 μὲν

2435 4411 2549 4479 γνῷ
2583 4411 2745 4463 αὐτὸν
2776 4411 2867 4461 ἐπὶ
2912 4411 2973 4461 τὸ
3007 4410 3370 4492 στρατόπεδον
3413 4412 3682 4477 ἀπιόντα,
3717 4413 3980 4480 ὲκζητεξτω

2437 4500 2531 4560 τὰς
2564 4498 2926 4568 αἰρέσειςιτὰς
2956 4500 3143 4552 ὲπάνω
3199 4500 3457 4564 κειμένας
3480 4539 3497 4563 ,
3552 4503 3727 4568 ἤγουν
3757 4504 3847 4561 τὰς
3899 4501 3975 4567 ἠδη

762 4587 807 4639 si
846 4585 1008 4640 fuerit
1042 4583 1257 4652 quidem
1295 4581 1362 4635 ab
1399 4571 1726 4650 itnpeiatore
1773 4581 2089 4646 accersitus,
2122 4595 2188 4633 ne
2232 4581 2331 4634 im-
2365 4573 2409 4628 D

2328 4610 2331 4617 ·
2365 4573 2409 4628 D
2441 4589 2700 4659 ῥηθείσας
2729 4589 3021 4652 διαστίξεις
3046 4591 3104 4641 ἐν
3129 4589 3205 4659 τῷ
3243 4588 3284 4653 ζ’
3312 4589 3408 4642 καὶ
3433 4591 3484 4658 η’
3517 4593 3615 4643 καὶ
3637 4595 3681 4642 θ’
3711 4592 3881 4642 κανόνι
3905 4590 3978 4654 τῆς

762 4676 1011 4744 pediatur
1067 4673 1256 4725 abire:
1331 4671 1414 4726 sin
1472 4680 1649 4724 autem
1729 4670 2109 4724 ostentationis
2164 4671 2376 4739 gratia!

2326 4674 2376 4728 ιεῗ
2443 4682 2660 4734 συνόδου
2693 4683 2919 4752 ταύτης.
2963 4683 3080 4754 Καὶ
3113 4685 3161 4735 εἰ
3195 4684 3296 4750 μὲν
3340 4684 3687 4753 καλούμενος
3742 4687 3821 4754 εἴη
3860 4683 3976 4750 παρὰ

662 4803 693 4840 ,ρ
765 4768 946 4836 aliquo
970 4764 1359 4833 proﬁciscitur,
1384 4771 1442 4816 ut
1471 4776 1528 4816 se
1553 4755 1789 4816 'ostentet
1817 4770 1872 4815 et
1905 4763 2093 4815 doceat
2117 4762 2168 4815 in
2203 4761 2307 4814 alie

2440 4771 2727 4840 βασιλέως,
2753 4773 2829 4842 μὴ
2864 4753 3211 4842 ἐμποδίζοιτο
3241 4773 3461 4827 ἀπιέναι
3491 4790 3505 4803 ·
3539 4777 3590 4826 εἰ
3622 4776 3680 4828 δέ
3711 4753 3819 4826 που
3842 4774 3977 4836 ἀπέρ-

685 4891 698 4911 .
767 4873 835 4912 na
900 4857 1155 4917 civitate,
1189 4865 1241 4907 et
1283 4855 1532 4918 disserat,
1567 4867 1631 4906 ac
1687 4853 2024 4921 episcopum,
2078 4853 2168 4921 qui
2233 4853 2341 4906 illic

763 4949 1093 5001 constitutus
1120 4955 1222 5009 est,
1256 4944 1517 4998 dedecore
1545 4943 1775 5006 alliciat,
1801 4951 1895 4996 aut
1925 4944 1977 4996 in
2012 4953 2191 4996 castra
2226 4944 2340 4997 sive

765 5041 829 5092 ad
859 5040 1238 5106 imperatorem
1275 5035 1658 5102 proﬁciscitur,
1691 5049 1878 5103 preces
1911 5050 2003 5088 seu
2051 5035 2336 5104 petitiones

767 5129 1084 5193 oblaturus;
1143 5140 1241 5179 nec
1287 5125 1484 5178 litteris
1523 5126 1642 5194 ejus
1706 5125 2036 5190 subscribat,
2098 5125 2337 5194 paciﬁcis

766 5220 973 5274 scilicet
1009 5219 1226 5281 litteris,
1261 5233 1360 5271 nec
1416 5232 1536 5270 cum
1569 5233 1630 5272 eo
1689 5219 2071 5281 communicet,
2135 5227 2195 5271 ut
2245 5219 2335 5286 qui

762 5311 871 5377 jam
906 5311 1034 5362 sita
1096 5325 1301 5362 canone
1358 5309 1649 5376 depositus.
1711 5308 1919 5362 Dictum
1975 5317 2060 5363 est
2108 5311 2250 5364 enim
2284 5310 2337 5362 in

769 5403 981 5457 .lecinio
1013 5416 1216 5455 canone
1263 5401 1611 5456 Antiocbcna:
1645 5401 1856 5469 synodi,
1911 5415 2014 5454 non
2052 5415 2208 5468 posse
2237 5401 2339 5454 ali-

770 5507 929 5562 quem
963 5493 1026 5547 ad
1057 5493 1436 5559 imperatorem
1491 5491 1782 5558 proﬁcisci,
1820 5491 1922 5544 nisi
1975 5491 2184 5546 litteras
2221 5508 2334 5546 me-

772 5583 1082 5652 tropolitani
1131 5583 1421 5652 provincia:
1453 5591 1506 5634 et
1540 5581 1659 5649 ejus
1693 5581 2065 5648 episcoporum
2099 5581 2288 5636 aﬂ‘erat
2321 5601 2333 5636 :

771 5679 814 5730 is
853 5685 1051 5739 autem,
1082 5675 1173 5743 qui
1209 5687 1311 5725 non
1347 5673 1418 5724 ita
1459 5671 1605 5736 facit,
1641 5687 1668 5724 a
1702 5673 1961 5739 dignitate
1991 5671 2227 5728 excidat.

2440 4880 2598 4932 χεται
2628 4863 2942 4927 ἐπιδείξεως
2966 4865 3150 4933 χάριν,
3179 4864 3318 4916 ὥστε
3346 4865 3735 4929 ἐπιδείξασθαι
3760 4868 3845 4918 καὶ
3866 4866 3976 4917 διδά-

2443 4954 2528 5020 ξαι
2565 4957 2623 5008 ὲν
2654 4956 2791 5026 ἄλλῃ
2815 4957 2986 5019 πόλει,
3021 4956 3369 5019 διαλέξασθαί
3404 4974 3461 5008 τε
3511 4961 3608 5008 καὶ
3661 4959 3976 5026 καταισχῦισι

2443 5047 2537 5099 τὸν
2565 5050 2679 5100 ἐκεῖ
2731 5046 3048 5100 καθεστῶτα
3080 5047 3455 5116 ὲπίσκοπον,ἦ
3489 5050 3589 5100 ἐπὶ
3625 5051 3686 5101 τὶ
3727 5051 3978 5117 στρατόπε-

2431 5137 2531 5211 ρον
2580 5138 2942 5206 πεπόρευται,
2977 5139 3096 5208 ἦτοι
3129 5138 3264 5206 πρὸς
3294 5137 3519 5206 βασιλέα
3576 5139 3814 5200 ἄπεισιν,
3847 5139 3975 5200 diui:-

2447 5245 2580 5290 σεις,
2652 5229 2935 5279 τουτέστιν
2985 5227 3252 5296 αἰτήσεις,
3318 5229 3669 5294 ποιούμενος,
3723 5229 3847 5295 μήτε
3891 5225 3973 5283 εἰς

2447 5319 2774 5387 γράμμασιν
2801 5317 2966 5371 αυτοῦ
2996 5319 3386 5386 ὑπογραφέτω,
3415 5319 3537 5377 ταῖς
3567 5317 3861 5386 εἰρηνικαῖς
3903 5314 3973 5379 ξη-

2449 5409 2624 5461 λονότι
2648 5411 2981 5474 ἐπιστολαῖς,
3016 5410 3154 5478 μήτε
3183 5410 3511 5461 κοινωνείτω
3542 5409 3624 5476 τῷ
3662 5407 3888 5474 τοιούτῳ,
3918 5403 3971 5459 ὡς

2447 5501 2510 5552 ἐκ
2542 5501 2636 5553 τοῦ
2688 5502 2913 5563 κανόνος
2970 5501 3365 5572 καθῃρημένῳ.
3427 5500 3666 5570 Εἴρηται
3722 5501 3818 5565 γὰρ
3845 5500 3892 5548 ἐν
3918 5493 3969 5557 τῷ

2444 5590 2657 5660 δεκάτῳ
2687 5593 2872 5645 κανόνι
2910 5591 3010 5659 τῆς
3047 5595 3105 5643 ὲν
3145 5590 3446 5659 Ἀντιοχείᾳ
3475 5592 3705 5644 συνόδου
3751 5591 3818 5658 μὴ
3845 5587 3967 5640 6'3»:-

2448 5683 2573 5735 σθαί
2595 5702 2718 5737 τινα
2757 5684 2890 5754 πρὸς
2921 5683 3149 5752 βασιλέα
3180 5683 3426 5748 ἀπιέναι,
3476 5685 3524 5736 εἰ
3582 5685 3658 5753 μὴ
3714 5685 3964 5750 γραμματε

770 5767 1053 5838 κ’δμίξεταῖ
1083 5781 1172 5824 τυυ
1200 5781 1596 5844 μητροποι-ιτου
1625 5770 1720 5835 τῆς
1751 5767 2017 5835 ἐπαρχίας
2072 5770 2165 5830 καὶ
2211 5772 2318 5828 τῶν
2350 5777 2663 5834 ἐπισκόπων
2719 5779 2886 5848 αὐτῆς
2922 5795 2934 5808 ·
2972 5780 3064 5832 τὸν
3098 5778 3153 5830 δὲ
3217 5776 3294 5847 μὴ
3351 5777 3493 5830 οὕτω
3560 5777 3807 5830 ποιοῦντα
3851 5767 3966 5822 ἐκπέι

774 5867 1040 5936 nter/1i;
1072 5865 1221 5931 ἂξίπξ
1258 5864 1438 5918 αὑτοῦ.
