  <div class='ocr_page' id='page_1' title='image "/cluster/home/n/w/nwhite01/storage/ocr_20150623/137/nnc1.0046979786/800.png"; bbox 0 0 4178 6420; ppageno 0'>
   <div class='ocr_carea' id='block_1_1' title="bbox 267 422 403 486">
    <p class='ocr_par' dir='ltr' id='par_1_1' title="bbox 267 422 403 486">
     <span class='ocr_line' id='line_1_1' title="bbox 267 422 403 486; baseline -0.029 0"><span class='ocrx_word' id='word_1_1' title='bbox 267 422 403 486; x_wconf 72' lang='grc'><strong>1497</strong></span> 
     </span>
    </p>
   </div>
   <div class='ocr_carea' id='block_1_2' title="bbox 1384 409 2429 478">
    <p class='ocr_par' dir='ltr' id='par_1_2' title="bbox 1384 409 2429 478">
     <span class='ocr_line' id='line_1_2' title="bbox 1384 409 2429 478; baseline -0.01 -1"><span class='ocrx_word' id='word_1_2' title='bbox 1384 417 1457 478; x_wconf 81' lang='grc' dir='ltr'><strong>ΙΝ</strong></span> <span class='ocrx_word' id='word_1_3' title='bbox 1498 416 1664 478; x_wconf 83' lang='lat' dir='ltr'><strong>CAN.</strong></span> <span class='ocrx_word' id='word_1_4' title='bbox 1709 416 1842 475; x_wconf 77' lang='lat' dir='ltr'><strong>XXI</strong></span> <span class='ocrx_word' id='word_1_5' title='bbox 1886 410 2099 474; x_wconf 75' lang='lat' dir='ltr'><strong>CONC.</strong></span> <span class='ocrx_word' id='word_1_6' title='bbox 2134 409 2429 470; x_wconf 77' lang='lat' dir='ltr'><strong>SARDIC.</strong></span> 
     </span>
    </p>
   </div>
   <div class='ocr_carea' id='block_1_3' title="bbox 3365 396 3499 461">
    <p class='ocr_par' dir='ltr' id='par_1_3' title="bbox 3365 396 3499 461">
     <span class='ocr_line' id='line_1_3' title="bbox 3365 396 3499 461; baseline 0.015 -2"><span class='ocrx_word' id='word_1_7' title='bbox 3365 396 3499 461; x_wconf 70' lang='grc'><strong>1498</strong></span> 
     </span>
    </p>
   </div>
   <div class='ocr_carea' id='block_1_4' title="bbox 254 513 1831 605">
    <p class='ocr_par' dir='ltr' id='par_1_4' title="bbox 254 534 1825 605">
     <span class='ocr_line' id='line_1_4' title="bbox 254 534 1825 605; baseline -0.006 -10"><span class='ocrx_word' id='word_1_8' title='bbox 254 538 482 595; x_wconf 77' lang='grc' dir='ltr'><strong>ΔΡΙΣΤ.</strong></span> <span class='ocrx_word' id='word_1_9' title='bbox 523 554 542 587; x_wconf 75' lang='lat' dir='ltr'><strong>t</strong></span> <span class='ocrx_word' id='word_1_10' title='bbox 590 536 648 590; x_wconf 84' lang='grc'><strong>’0</strong></span> <span class='ocrx_word' id='word_1_11' title='bbox 676 535 741 588; x_wconf 75' lang='grc' dir='ltr'><strong>τὰ</strong></span> <span class='ocrx_word' id='word_1_12' title='bbox 776 536 955 598; x_wconf 70' lang='grc' dir='ltr'>καλῶς</span> <span class='ocrx_word' id='word_1_13' title='bbox 1004 536 1097 589; x_wconf 76' lang='grc' dir='ltr'><strong>καὶ</strong></span> <span class='ocrx_word' id='word_1_14' title='bbox 1128 534 1441 605; x_wconf 81' lang='grc' dir='ltr'>θεαρέστως</span> <span class='ocrx_word' id='word_1_15' title='bbox 1492 535 1825 603; x_wconf 65' lang='grc' dir='ltr'>ὲντςνεγμενα</span> 
     </span>
    </p>
   </div>
   <div class='ocr_carea' id='block_1_5' title="bbox 1933 513 3495 605">
    <p class='ocr_par' dir='ltr' id='par_1_5' title="bbox 1933 513 3495 591">
     <span class='ocr_line' id='line_1_5' title="bbox 1933 513 3495 591; baseline -0.011 -10"><span class='ocrx_word' id='word_1_16' title='bbox 1933 525 2150 582; x_wconf 81' lang='lat' dir='ltr'><strong>ARIST.</strong></span> <span class='ocrx_word' id='word_1_17' title='bbox 2199 543 2216 576; x_wconf 80' lang='grc' dir='ltr'><strong>ι</strong></span> <span class='ocrx_word' id='word_1_18' title='bbox 2248 525 2347 591; x_wconf 87' lang='lat' dir='ltr'><strong>Qui</strong></span> <span class='ocrx_word' id='word_1_19' title='bbox 2401 537 2463 576; x_wconf 90' lang='lat' dir='ltr'><strong>ea</strong></span> <span class='ocrx_word' id='word_1_20' title='bbox 2514 536 2630 591; x_wconf 65' lang='lat' dir='ltr'><strong>qua:</strong></span> <span class='ocrx_word' id='word_1_21' title='bbox 2685 517 2902 587; x_wconf 79' lang='lat' dir='ltr'><strong>pulchre</strong></span> <span class='ocrx_word' id='word_1_22' title='bbox 2932 528 2984 570; x_wconf 82' lang='lat' dir='ltr'><strong>et</strong></span> <span class='ocrx_word' id='word_1_23' title='bbox 3018 515 3125 570; x_wconf 89' lang='lat' dir='ltr'><strong>Deo</strong></span> <span class='ocrx_word' id='word_1_24' title='bbox 3158 520 3308 584; x_wconf 72' lang='lat' dir='ltr'><strong>grate</strong></span> <span class='ocrx_word' id='word_1_25' title='bbox 3356 513 3495 566; x_wconf 81' lang='lat' dir='ltr'><strong>edita</strong></span> 
     </span>
    </p>
   </div>
   <div class='ocr_carea' id='block_1_6' title="bbox 336 627 1826 699">
    <p class='ocr_par' dir='ltr' id='par_1_6' title="bbox 336 627 1826 699">
     <span class='ocr_line' id='line_1_6' title="bbox 336 627 1826 699; baseline -0.001 -17"><span class='ocrx_word' id='word_1_26' title='bbox 336 651 354 682; x_wconf 76' lang='grc' dir='ltr'><strong>ι</strong></span> <span class='ocrx_word' id='word_1_27' title='bbox 388 630 544 699; x_wconf 85' lang='grc' dir='ltr'>τύφῳ</span> <span class='ocrx_word' id='word_1_28' title='bbox 577 627 993 697; x_wconf 80' lang='grc' dir='ltr'>παρασαλεῦσαι</span> <span class='ocrx_word' id='word_1_29' title='bbox 1017 627 1356 698; x_wconf 79' lang='grc' dir='ltr'>πειρώμενος</span> <span class='ocrx_word' id='word_1_30' title='bbox 1384 628 1484 680; x_wconf 82' lang='grc' dir='ltr'>οὐκ</span> <span class='ocrx_word' id='word_1_31' title='bbox 1508 627 1826 687; x_wconf 72' lang='grc' dir='ltr'>ιπίσκοπος.</span> 
     </span>
    </p>
   </div>
   <div class='ocr_carea' id='block_1_7' title="bbox 336 720 1829 790">
    <p class='ocr_par' dir='ltr' id='par_1_7' title="bbox 336 720 1829 790">
     <span class='ocr_line' id='line_1_7' title="bbox 336 720 1829 790; baseline -0.004 -15"><span class='ocrx_word' id='word_1_32' title='bbox 336 742 357 775; x_wconf 73' lang='grc' dir='ltr'><strong>ι</strong></span> <span class='ocrx_word' id='word_1_33' title='bbox 399 721 745 789; x_wconf 82' lang='grc' dir='ltr'>Τεθεαμένος</span> <span class='ocrx_word' id='word_1_34' title='bbox 772 721 1074 783; x_wconf 81' lang='grc' dir='ltr'><strong>ἐπίσκοπος</strong></span> <span class='ocrx_word' id='word_1_35' title='bbox 1108 721 1409 773; x_wconf 79' lang='grc' dir='ltr'>ἐπίσκοπον</span> <span class='ocrx_word' id='word_1_36' title='bbox 1434 721 1725 790; x_wconf 79' lang='grc' dir='ltr'><strong>ἐρχόμενον</strong></span> <span class='ocrx_word' id='word_1_37' title='bbox 1751 720 1829 782; x_wconf 83' lang='grc' dir='ltr'>είς</span> 
     </span>
    </p>
   </div>
   <div class='ocr_carea' id='block_1_8' title="bbox 338 808 1829 882">
    <p class='ocr_par' dir='ltr' id='par_1_8' title="bbox 338 808 1829 882">
     <span class='ocr_line' id='line_1_8' title="bbox 338 808 1829 882; baseline -0.002 -17"><span class='ocrx_word' id='word_1_38' title='bbox 338 832 357 865; x_wconf 76' lang='grc' dir='ltr'><strong>ι</strong></span> <span class='ocrx_word' id='word_1_39' title='bbox 394 812 779 882; x_wconf 84' lang='grc' dir='ltr'>στρατόπεδον,</span> <span class='ocrx_word' id='word_1_40' title='bbox 797 810 1047 879; x_wconf 68' lang='grc' dir='ltr'>ἐμποδὼν</span> <span class='ocrx_word' id='word_1_41' title='bbox 1072 812 1147 881; x_wconf 85' lang='grc' dir='ltr'>μὴ</span> <span class='ocrx_word' id='word_1_42' title='bbox 1174 810 1425 879; x_wconf 74' lang='grc' dir='ltr'>γινέσθω,</span> <span class='ocrx_word' id='word_1_43' title='bbox 1455 812 1503 862; x_wconf 81' lang='lat' dir='ltr'><strong>si</strong></span> <span class='ocrx_word' id='word_1_44' title='bbox 1520 810 1672 877; x_wconf 82' lang='grc' dir='ltr'>γνοίη</span> <span class='ocrx_word' id='word_1_45' title='bbox 1690 808 1829 862; x_wconf 83' lang='grc' dir='ltr'>κατά</span> 
     </span>
    </p>
   </div>
   <div class='ocr_carea' id='block_1_9' title="bbox 343 900 1826 973">
    <p class='ocr_par' dir='ltr' id='par_1_9' title="bbox 343 900 1826 973">
     <span class='ocr_line' id='line_1_9' title="bbox 343 900 1826 973; baseline 0 -17"><span class='ocrx_word' id='word_1_46' title='bbox 343 924 361 956; x_wconf 77' lang='grc' dir='ltr'><strong>ι</strong></span> <span class='ocrx_word' id='word_1_47' title='bbox 396 923 447 956; x_wconf 90' lang='grc' dir='ltr'>τι</span> <span class='ocrx_word' id='word_1_48' title='bbox 483 904 593 957; x_wconf 83' lang='grc' dir='ltr'><strong>τῶν</strong></span> <span class='ocrx_word' id='word_1_49' title='bbox 620 902 1038 973; x_wconf 79' lang='grc' dir='ltr'><strong>προειρημένων</strong></span> <span class='ocrx_word' id='word_1_50' title='bbox 1091 903 1386 971; x_wconf 71' lang='grc' dir='ltr'>ἐρχόμενον</span> <span class='ocrx_word' id='word_1_51' title='bbox 1410 917 1422 930; x_wconf 93' lang='grc'><strong>·</strong></span> <span class='ocrx_word' id='word_1_52' title='bbox 1452 904 1501 955; x_wconf 73' lang='grc' dir='ltr'>εἰ</span> <span class='ocrx_word' id='word_1_53' title='bbox 1555 902 1600 955; x_wconf 78' lang='grc' dir='ltr'><strong>δ’</strong></span> <span class='ocrx_word' id='word_1_54' title='bbox 1632 900 1826 966; x_wconf 74' lang='grc' dir='ltr'><strong>ἄλλως,</strong></span> 
     </span>
    </p>
   </div>
   <div class='ocr_carea' id='block_1_10' title="bbox 347 993 1379 1068">
    <p class='ocr_par' dir='ltr' id='par_1_10' title="bbox 347 993 1379 1068">
     <span class='ocr_line' id='line_1_10' title="bbox 347 993 1379 1068; baseline -0.004 -18"><span class='ocrx_word' id='word_1_55' title='bbox 347 1015 367 1049; x_wconf 69' lang='grc' dir='ltr'><strong><em>ι</em></strong></span> <span class='ocrx_word' id='word_1_56' title='bbox 396 995 818 1068; x_wconf 81' lang='grc' dir='ltr'>προαγγελλέτω</span> <span class='ocrx_word' id='word_1_57' title='bbox 844 994 905 1047; x_wconf 83' lang='grc' dir='ltr'><strong>τὸ</strong></span> <span class='ocrx_word' id='word_1_58' title='bbox 930 993 1319 1064; x_wconf 81' lang='grc' dir='ltr'>ἀκοινώνητον.</span> <span class='ocrx_word' id='word_1_59' title='bbox 1360 1013 1379 1046; x_wconf 74' lang='grc' dir='ltr'><strong>ι</strong></span> 
     </span>
    </p>
   </div>
   <div class='ocr_carea' id='block_1_11' title="bbox 345 1172 1828 1246">
    <p class='ocr_par' dir='ltr' id='par_1_11' title="bbox 345 1172 1828 1246">
     <span class='ocr_line' id='line_1_11' title="bbox 345 1172 1828 1246; baseline -0.003 -17"><span class='ocrx_word' id='word_1_60' title='bbox 345 1176 405 1229; x_wconf 91' lang='lat'><strong>&#39;0</strong></span> <span class='ocrx_word' id='word_1_61' title='bbox 440 1175 515 1246; x_wconf 86' lang='grc' dir='ltr'>μὴ</span> <span class='ocrx_word' id='word_1_62' title='bbox 542 1175 829 1243; x_wconf 79' lang='grc' dir='ltr'><strong>φυλάττων</strong></span> <span class='ocrx_word' id='word_1_63' title='bbox 854 1175 924 1227; x_wconf 81' lang='grc' dir='ltr'><strong>τὰ</strong></span> <span class='ocrx_word' id='word_1_64' title='bbox 967 1172 1148 1237; x_wconf 83' lang='grc' dir='ltr'>καλῶς</span> <span class='ocrx_word' id='word_1_65' title='bbox 1178 1173 1272 1226; x_wconf 79' lang='grc' dir='ltr'>καὶ</span> <span class='ocrx_word' id='word_1_66' title='bbox 1318 1172 1627 1242; x_wconf 77' lang='grc' dir='ltr'>θεαρέστως</span> <span class='ocrx_word' id='word_1_67' title='bbox 1655 1190 1828 1226; x_wconf 77' lang='grc' dir='ltr'>καινιο</span> 
     </span>
    </p>
   </div>
   <div class='ocr_carea' id='block_1_12' title="bbox 263 1266 1827 1338">
    <p class='ocr_par' dir='ltr' id='par_1_12' title="bbox 263 1266 1827 1338">
     <span class='ocr_line' id='line_1_12' title="bbox 263 1266 1827 1338; baseline -0.006 -14"><span class='ocrx_word' id='word_1_68' title='bbox 263 1271 485 1333; x_wconf 78' lang='grc' dir='ltr'><strong>σθέντα,</strong></span> <span class='ocrx_word' id='word_1_69' title='bbox 514 1270 649 1323; x_wconf 77' lang='grc' dir='ltr'><strong>ἀλλά</strong></span> <span class='ocrx_word' id='word_1_70' title='bbox 675 1270 832 1338; x_wconf 85' lang='grc' dir='ltr'>τύφῳ</span> <span class='ocrx_word' id='word_1_71' title='bbox 858 1270 952 1322; x_wconf 76' lang='grc' dir='ltr'>καὶ</span> <span class='ocrx_word' id='word_1_72' title='bbox 970 1267 1262 1337; x_wconf 77' lang='grc' dir='ltr'>ἀλαζονείᾳ</span> <span class='ocrx_word' id='word_1_73' title='bbox 1291 1266 1372 1328; x_wconf 86' lang='grc' dir='ltr'>είς</span> <span class='ocrx_word' id='word_1_74' title='bbox 1396 1266 1579 1333; x_wconf 77' lang='grc' dir='ltr'>ἔτερόν</span> <span class='ocrx_word' id='word_1_75' title='bbox 1618 1280 1670 1316; x_wconf 82' lang='grc' dir='ltr'>τι</span> <span class='ocrx_word' id='word_1_76' title='bbox 1719 1282 1827 1332; x_wconf 84' lang='grc' dir='ltr'><strong>χω-</strong></span> 
     </span>
    </p>
   </div>
   <div class='ocr_carea' id='block_1_13' title="bbox 263 1358 1829 1436">
    <p class='ocr_par' dir='ltr' id='par_1_13' title="bbox 263 1358 1829 1436">
     <span class='ocr_line' id='line_1_13' title="bbox 263 1358 1829 1436; baseline -0.005 -19"><span class='ocrx_word' id='word_1_77' title='bbox 263 1368 383 1436; x_wconf 83' lang='grc' dir='ltr'>ρεῖν</span> <span class='ocrx_word' id='word_1_78' title='bbox 405 1363 622 1433; x_wconf 81' lang='grc' dir='ltr'>τολμῶν</span> <span class='ocrx_word' id='word_1_79' title='bbox 671 1365 804 1433; x_wconf 86' lang='grc' dir='ltr'>παρ’</span> <span class='ocrx_word' id='word_1_80' title='bbox 832 1361 995 1424; x_wconf 84' lang='grc' dir='ltr'>αὐτὰ,</span> <span class='ocrx_word' id='word_1_81' title='bbox 1030 1360 1127 1431; x_wconf 84' lang='grc' dir='ltr'><strong>τὴν</strong></span> <span class='ocrx_word' id='word_1_82' title='bbox 1175 1360 1343 1429; x_wconf 87' lang='grc' dir='ltr'>τιμὴν</span> <span class='ocrx_word' id='word_1_83' title='bbox 1376 1360 1470 1412; x_wconf 75' lang='grc' dir='ltr'>καὶ</span> <span class='ocrx_word' id='word_1_84' title='bbox 1516 1358 1576 1410; x_wconf 80' lang='grc' dir='ltr'><strong>τὸ</strong></span> <span class='ocrx_word' id='word_1_85' title='bbox 1612 1358 1829 1425; x_wconf 76' lang='grc' dir='ltr'>ἀξίωμα</span> 
     </span>
    </p>
   </div>
   <div class='ocr_carea' id='block_1_14' title="bbox 258 1448 1828 1524">
    <p class='ocr_par' dir='ltr' id='par_1_14' title="bbox 258 1448 1828 1524">
     <span class='ocr_line' id='line_1_14' title="bbox 258 1448 1828 1524; baseline -0.006 -16"><span class='ocrx_word' id='word_1_86' title='bbox 258 1457 361 1523; x_wconf 79' lang='grc' dir='ltr'><strong>τῆς</strong></span> <span class='ocrx_word' id='word_1_87' title='bbox 398 1454 707 1522; x_wconf 72' lang='grc' dir='ltr'>ἐπισκοπῆς</span> <span class='ocrx_word' id='word_1_88' title='bbox 735 1453 1196 1524; x_wconf 80' lang='grc' dir='ltr'><strong>ἀφαιρεθήσεται.</strong></span> <span class='ocrx_word' id='word_1_89' title='bbox 1243 1449 1403 1503; x_wconf 75' lang='grc' dir='ltr'>Ἐπεὶ</span> <span class='ocrx_word' id='word_1_90' title='bbox 1430 1449 1485 1501; x_wconf 85' lang='grc' dir='ltr'>δὲ</span> <span class='ocrx_word' id='word_1_91' title='bbox 1528 1448 1627 1517; x_wconf 77' lang='grc' dir='ltr'><strong>ἧδῆ</strong></span> <span class='ocrx_word' id='word_1_92' title='bbox 1660 1464 1828 1500; x_wconf 82' lang='grc' dir='ltr'>κεκα-</span> 
     </span>
    </p>
   </div>
   <div class='ocr_carea' id='block_1_15' title="bbox 258 1539 1829 1614">
    <p class='ocr_par' dir='ltr' id='par_1_15' title="bbox 258 1539 1829 1614">
     <span class='ocr_line' id='line_1_15' title="bbox 258 1539 1829 1614; baseline -0.007 -14"><span class='ocrx_word' id='word_1_93' title='bbox 258 1549 505 1600; x_wconf 83' lang='grc' dir='ltr'>νόνισται</span> <span class='ocrx_word' id='word_1_94' title='bbox 544 1547 617 1614; x_wconf 83' lang='grc' dir='ltr'>μὴ</span> <span class='ocrx_word' id='word_1_95' title='bbox 645 1546 819 1607; x_wconf 74' lang='grc' dir='ltr'><strong>ἄλλως</strong></span> <span class='ocrx_word' id='word_1_96' title='bbox 844 1542 1185 1614; x_wconf 78' lang='grc' dir='ltr'><strong>ἀπέρχεσθαι</strong></span> <span class='ocrx_word' id='word_1_97' title='bbox 1220 1539 1521 1594; x_wconf 79' lang='grc' dir='ltr'>ἐπίσκοπον</span> <span class='ocrx_word' id='word_1_98' title='bbox 1551 1541 1630 1601; x_wconf 81' lang='grc' dir='ltr'>είς</span> <span class='ocrx_word' id='word_1_99' title='bbox 1661 1556 1829 1608; x_wconf 80' lang='grc' dir='ltr'>στρα-</span> 
     </span>
    </p>
   </div>
   <div class='ocr_carea' id='block_1_16' title="bbox 257 1631 1825 1708">
    <p class='ocr_par' dir='ltr' id='par_1_16' title="bbox 257 1631 1825 1708">
     <span class='ocr_line' id='line_1_16' title="bbox 257 1631 1825 1708; baseline -0.007 -15"><span class='ocrx_word' id='word_1_100' title='bbox 257 1639 513 1701; x_wconf 80' lang='grc' dir='ltr'>τόπεδον,</span> <span class='ocrx_word' id='word_1_101' title='bbox 550 1640 599 1691; x_wconf 87' lang='grc' dir='ltr'><strong>εί</strong></span> <span class='ocrx_word' id='word_1_102' title='bbox 634 1636 711 1708; x_wconf 84' lang='grc' dir='ltr'>μὴ</span> <span class='ocrx_word' id='word_1_103' title='bbox 758 1636 1060 1705; x_wconf 78' lang='grc' dir='ltr'>βασιλικοῖς</span> <span class='ocrx_word' id='word_1_104' title='bbox 1088 1634 1382 1702; x_wconf 80' lang='grc' dir='ltr'>γράμμασι</span> <span class='ocrx_word' id='word_1_105' title='bbox 1426 1631 1783 1701; x_wconf 84' lang='grc' dir='ltr'>μετακαλοῖτο</span> <span class='ocrx_word' id='word_1_106' title='bbox 1810 1646 1825 1661; x_wconf 88' lang='grc'><strong>·</strong></span> 
     </span>
    </p>
   </div>
   <div class='ocr_carea' id='block_1_17' title="bbox 258 1724 1833 1801">
    <p class='ocr_par' dir='ltr' id='par_1_17' title="bbox 258 1724 1833 1801">
     <span class='ocr_line' id='line_1_17' title="bbox 258 1724 1833 1801; baseline -0.006 -17"><span class='ocrx_word' id='word_1_107' title='bbox 258 1732 345 1784; x_wconf 76' lang='grc' dir='ltr'><strong>δεῖ</strong></span> <span class='ocrx_word' id='word_1_108' title='bbox 377 1732 466 1783; x_wconf 86' lang='grc' dir='ltr'><strong>τὸν</strong></span> <span class='ocrx_word' id='word_1_109' title='bbox 491 1731 842 1801; x_wconf 88' lang='grc' dir='ltr'>διερχόμενον</span> <span class='ocrx_word' id='word_1_110' title='bbox 871 1727 1177 1781; x_wconf 76' lang='grc' dir='ltr'>ἐπίσκοπον</span> <span class='ocrx_word' id='word_1_111' title='bbox 1227 1726 1327 1793; x_wconf 80' lang='grc' dir='ltr'><strong>τὴν</strong></span> <span class='ocrx_word' id='word_1_112' title='bbox 1364 1724 1551 1777; x_wconf 89' lang='grc' dir='ltr'>αίτίαν</span> <span class='ocrx_word' id='word_1_113' title='bbox 1606 1724 1833 1777; x_wconf 84' lang='grc' dir='ltr'>ἀπαιτεῖ</span> 
     </span>
    </p>
   </div>
   <div class='ocr_carea' id='block_1_18' title="bbox 2008 604 3497 683">
    <p class='ocr_par' dir='ltr' id='par_1_18' title="bbox 2008 604 3497 683">
     <span class='ocr_line' id='line_1_18' title="bbox 2008 604 3497 683; baseline -0.012 -12"><span class='ocrx_word' id='word_1_114' title='bbox 2008 638 2026 670; x_wconf 77' lang='grc' dir='ltr'><strong>ι</strong></span> <span class='ocrx_word' id='word_1_115' title='bbox 2061 625 2205 679; x_wconf 91' lang='lat' dir='ltr'><strong>sunt,</strong></span> <span class='ocrx_word' id='word_1_116' title='bbox 2234 630 2341 683; x_wconf 74' lang='lat' dir='ltr'><strong>pra:</strong></span> <span class='ocrx_word' id='word_1_117' title='bbox 2375 614 2514 667; x_wconf 82' lang='lat' dir='ltr'><strong>fastu</strong></span> <span class='ocrx_word' id='word_1_118' title='bbox 2545 610 2876 666; x_wconf 76' lang='lat' dir='ltr'><strong>labefactare</strong></span> <span class='ocrx_word' id='word_1_119' title='bbox 2905 616 3155 669; x_wconf 87' lang='lat' dir='ltr'><strong>conatur,</strong></span> <span class='ocrx_word' id='word_1_120' title='bbox 3187 604 3497 672; x_wconf 82' lang='lat' dir='ltr'><strong>episc0patu</strong></span> 
     </span>
    </p>
   </div>
   <div class='ocr_carea' id='block_1_19' title="bbox 2007 691 3502 772">
    <p class='ocr_par' dir='ltr' id='par_1_19' title="bbox 2007 691 3502 772">
     <span class='ocr_line' id='line_1_19' title="bbox 2007 691 3502 772; baseline -0.012 -11"><span class='ocrx_word' id='word_1_121' title='bbox 2007 727 2027 761; x_wconf 77' lang='grc' dir='ltr'><strong>ι</strong></span> <span class='ocrx_word' id='word_1_122' title='bbox 2060 709 2281 765; x_wconf 78' lang='lat' dir='ltr'><strong>excidit.</strong></span> <span class='ocrx_word' id='word_1_123' title='bbox 2342 704 2634 772; x_wconf 83' lang='lat' dir='ltr'><strong>EpiscOpus</strong></span> <span class='ocrx_word' id='word_1_124' title='bbox 2666 702 2754 768; x_wconf 91' lang='lat' dir='ltr'><strong>qui</strong></span> <span class='ocrx_word' id='word_1_125' title='bbox 2813 699 3125 768; x_wconf 86' lang='lat' dir='ltr'><strong>episc0pum</strong></span> <span class='ocrx_word' id='word_1_126' title='bbox 3187 693 3383 747; x_wconf 79' lang='lat' dir='ltr'><strong>viderit</strong></span> <span class='ocrx_word' id='word_1_127' title='bbox 3434 691 3502 743; x_wconf 84' lang='lat' dir='ltr'><strong>ad</strong></span> 
     </span>
    </p>
   </div>
   <div class='ocr_carea' id='block_1_20' title="bbox 2006 786 3502 867">
    <p class='ocr_par' dir='ltr' id='par_1_20' title="bbox 2006 786 3502 867">
     <span class='ocr_line' id='line_1_20' title="bbox 2006 786 3502 867; baseline -0.014 -13"><span class='ocrx_word' id='word_1_128' title='bbox 2006 821 2024 854; x_wconf 77' lang='grc' dir='ltr'><strong>ι</strong></span> <span class='ocrx_word' id='word_1_129' title='bbox 2058 811 2233 857; x_wconf 88' lang='lat' dir='ltr'><strong>castra</strong></span> <span class='ocrx_word' id='word_1_130' title='bbox 2263 798 2719 867; x_wconf 77' lang='lat' dir='ltr'><strong>proﬁciscentem,</strong></span> <span class='ocrx_word' id='word_1_131' title='bbox 2765 790 2808 844; x_wconf 90' lang='lat' dir='ltr'><strong>si</strong></span> <span class='ocrx_word' id='word_1_132' title='bbox 2866 786 3084 842; x_wconf 87' lang='lat' dir='ltr'><strong>sciverit</strong></span> <span class='ocrx_word' id='word_1_133' title='bbox 3115 799 3237 838; x_wconf 91' lang='lat' dir='ltr'><strong>eum</strong></span> <span class='ocrx_word' id='word_1_134' title='bbox 3286 790 3502 851; x_wconf 90' lang='lat' dir='ltr'><strong>propter</strong></span> 
     </span>
    </p>
   </div>
   <div class='ocr_carea' id='block_1_21' title="bbox 2008 874 3500 961">
    <p class='ocr_par' dir='ltr' id='par_1_21' title="bbox 2008 874 3500 961">
     <span class='ocr_line' id='line_1_21' title="bbox 2008 874 3500 961; baseline -0.013 -16"><span class='ocrx_word' id='word_1_135' title='bbox 2008 912 2027 945; x_wconf 76' lang='grc' dir='ltr'><strong>ι</strong></span> <span class='ocrx_word' id='word_1_136' title='bbox 2058 895 2293 961; x_wconf 84' lang='lat' dir='ltr'><strong>aliquam</strong></span> <span class='ocrx_word' id='word_1_137' title='bbox 2326 906 2389 944; x_wconf 82' lang='lat' dir='ltr'><strong>ex</strong></span> <span class='ocrx_word' id='word_1_138' title='bbox 2428 886 2602 942; x_wconf 85' lang='lat' dir='ltr'><strong>causis</strong></span> <span class='ocrx_word' id='word_1_139' title='bbox 2634 882 2903 953; x_wconf 66' lang='lat' dir='ltr'><strong>praedictis</strong></span> <span class='ocrx_word' id='word_1_140' title='bbox 2934 880 3263 940; x_wconf 90' lang='lat' dir='ltr'><strong>venientem,</strong></span> <span class='ocrx_word' id='word_1_141' title='bbox 3298 889 3365 928; x_wconf 85' lang='lat' dir='ltr'><strong>ne</strong></span> <span class='ocrx_word' id='word_1_142' title='bbox 3398 874 3500 927; x_wconf 90' lang='lat' dir='ltr'><strong>im-</strong></span> 
     </span>
    </p>
   </div>
   <div class='ocr_carea' id='block_1_22' title="bbox 2009 963 3501 1053">
    <p class='ocr_par' dir='ltr' id='par_1_22' title="bbox 2009 963 3501 1053">
     <span class='ocr_line' id='line_1_22' title="bbox 2009 963 3501 1053; baseline -0.015 -15"><span class='ocrx_word' id='word_1_143' title='bbox 2009 1004 2027 1037; x_wconf 82' lang='grc' dir='ltr'><strong>ι</strong></span> <span class='ocrx_word' id='word_1_144' title='bbox 2062 986 2366 1053; x_wconf 83' lang='lat' dir='ltr'><strong>pedimento</strong></span> <span class='ocrx_word' id='word_1_145' title='bbox 2396 980 2442 1033; x_wconf 93' lang='lat' dir='ltr'><strong>ei</strong></span> <span class='ocrx_word' id='word_1_146' title='bbox 2477 978 2585 1043; x_wconf 88' lang='lat' dir='ltr'><strong>sit;</strong></span> <span class='ocrx_word' id='word_1_147' title='bbox 2640 976 2725 1031; x_wconf 88' lang='lat' dir='ltr'><strong>sin</strong></span> <span class='ocrx_word' id='word_1_148' title='bbox 2779 973 2954 1037; x_wconf 85' lang='lat' dir='ltr'><strong>aliter,</strong></span> <span class='ocrx_word' id='word_1_149' title='bbox 2986 963 3501 1025; x_wconf 77' lang='lat' dir='ltr'><strong>excommunicatio-</strong></span> 
     </span>
    </p>
   </div>
   <div class='ocr_carea' id='block_1_23' title="bbox 2009 1067 2639 1127">
    <p class='ocr_par' dir='ltr' id='par_1_23' title="bbox 2009 1067 2639 1127">
     <span class='ocr_line' id='line_1_23' title="bbox 2009 1067 2639 1127; baseline -0.013 0"><span class='ocrx_word' id='word_1_150' title='bbox 2009 1093 2028 1126; x_wconf 76' lang='grc' dir='ltr'><strong>ι</strong></span> <span class='ocrx_word' id='word_1_151' title='bbox 2064 1088 2183 1127; x_wconf 88' lang='lat' dir='ltr'><strong>nem</strong></span> <span class='ocrx_word' id='word_1_152' title='bbox 2212 1073 2261 1125; x_wconf 82' lang='lat' dir='ltr'><strong>ei</strong></span> <span class='ocrx_word' id='word_1_153' title='bbox 2291 1067 2588 1124; x_wconf 85' lang='lat' dir='ltr'><strong>denuntiet.</strong></span> <span class='ocrx_word' id='word_1_154' title='bbox 2620 1084 2639 1117; x_wconf 74' lang='grc' dir='ltr'><strong>ι</strong></span> 
     </span>
    </p>
   </div>
   <div class='ocr_carea' id='block_1_24' title="bbox 2002 1190 3500 1272">
    <p class='ocr_par' dir='ltr' id='par_1_24' title="bbox 2002 1190 3500 1272">
     <span class='ocr_line' id='line_1_24' title="bbox 2002 1190 3500 1272; baseline -0.013 -12"><span class='ocrx_word' id='word_1_155' title='bbox 2002 1206 2102 1272; x_wconf 91' lang='lat' dir='ltr'><strong>Qui</strong></span> <span class='ocrx_word' id='word_1_156' title='bbox 2133 1219 2193 1258; x_wconf 87' lang='lat' dir='ltr'><strong>ea</strong></span> <span class='ocrx_word' id='word_1_157' title='bbox 2223 1218 2341 1271; x_wconf 67' lang='lat' dir='ltr'><strong>qum</strong></span> <span class='ocrx_word' id='word_1_158' title='bbox 2372 1200 2595 1271; x_wconf 83' lang='lat' dir='ltr'><strong>pulchre</strong></span> <span class='ocrx_word' id='word_1_159' title='bbox 2644 1207 2698 1251; x_wconf 86' lang='lat' dir='ltr'><strong>et</strong></span> <span class='ocrx_word' id='word_1_160' title='bbox 2752 1195 2860 1250; x_wconf 88' lang='lat' dir='ltr'><strong>Deo</strong></span> <span class='ocrx_word' id='word_1_161' title='bbox 2896 1204 3046 1263; x_wconf 78' lang='lat' dir='ltr'><strong>grate</strong></span> <span class='ocrx_word' id='word_1_162' title='bbox 3094 1190 3298 1245; x_wconf 89' lang='lat' dir='ltr'><strong>sancita</strong></span> <span class='ocrx_word' id='word_1_163' title='bbox 3352 1199 3500 1252; x_wconf 87' lang='lat' dir='ltr'><strong>sunt,</strong></span> 
     </span>
    </p>
   </div>
   <div class='ocr_carea' id='block_1_25' title="bbox 1930 1282 3499 1359">
    <p class='ocr_par' dir='ltr' id='par_1_25' title="bbox 1930 1282 3499 1359">
     <span class='ocr_line' id='line_1_25' title="bbox 1930 1282 3499 1359; baseline -0.01 -8"><span class='ocrx_word' id='word_1_164' title='bbox 1930 1313 2035 1352; x_wconf 90' lang='lat' dir='ltr'><strong>non</strong></span> <span class='ocrx_word' id='word_1_165' title='bbox 2068 1296 2337 1357; x_wconf 77' lang='lat' dir='ltr'><strong>observat,</strong></span> <span class='ocrx_word' id='word_1_166' title='bbox 2371 1294 2462 1346; x_wconf 89' lang='lat' dir='ltr'><strong>sed</strong></span> <span class='ocrx_word' id='word_1_167' title='bbox 2510 1305 2619 1359; x_wconf 79' lang='lat' dir='ltr'><strong>pra:</strong></span> <span class='ocrx_word' id='word_1_168' title='bbox 2647 1289 2787 1342; x_wconf 82' lang='lat' dir='ltr'><strong>fastu</strong></span> <span class='ocrx_word' id='word_1_169' title='bbox 2822 1298 2873 1340; x_wconf 92' lang='lat' dir='ltr'><strong>et</strong></span> <span class='ocrx_word' id='word_1_170' title='bbox 2910 1284 3222 1353; x_wconf 79' lang='lat' dir='ltr'><strong>arrogantia</strong></span> <span class='ocrx_word' id='word_1_171' title='bbox 3256 1282 3321 1335; x_wconf 88' lang='lat' dir='ltr'><strong>ad</strong></span> <span class='ocrx_word' id='word_1_172' title='bbox 3350 1282 3499 1335; x_wconf 82' lang='lat' dir='ltr'><strong>aliud</strong></span> 
     </span>
    </p>
   </div>
   <div class='ocr_carea' id='block_1_26' title="bbox 1934 1373 3503 1459">
    <p class='ocr_par' dir='ltr' id='par_1_26' title="bbox 1934 1373 3503 1459">
     <span class='ocr_line' id='line_1_26' title="bbox 1934 1373 3503 1459; baseline -0.01 -20"><span class='ocrx_word' id='word_1_173' title='bbox 1934 1400 2128 1459; x_wconf 78' lang='lat' dir='ltr'><strong>praeter</strong></span> <span class='ocrx_word' id='word_1_174' title='bbox 2159 1402 2220 1440; x_wconf 92' lang='lat' dir='ltr'><strong>ea</strong></span> <span class='ocrx_word' id='word_1_175' title='bbox 2271 1384 2550 1439; x_wconf 85' lang='lat' dir='ltr'><strong>discedere</strong></span> <span class='ocrx_word' id='word_1_176' title='bbox 2590 1394 2754 1434; x_wconf 89' lang='lat' dir='ltr'><strong>ausus</strong></span> <span class='ocrx_word' id='word_1_177' title='bbox 2795 1376 2975 1442; x_wconf 82' lang='lat' dir='ltr'><strong>fuerit,</strong></span> <span class='ocrx_word' id='word_1_178' title='bbox 3029 1376 3290 1429; x_wconf 84' lang='lat' dir='ltr'><strong>honorem</strong></span> <span class='ocrx_word' id='word_1_179' title='bbox 3319 1381 3374 1426; x_wconf 89' lang='lat' dir='ltr'><strong>et</strong></span> <span class='ocrx_word' id='word_1_180' title='bbox 3424 1373 3503 1424; x_wconf 88' lang='lat' dir='ltr'><strong>di-</strong></span> 
     </span>
    </p>
   </div>
   <div class='ocr_carea' id='block_1_27' title="bbox 1932 1464 3499 1549">
    <p class='ocr_par' dir='ltr' id='par_1_27' title="bbox 1932 1464 3499 1549">
     <span class='ocr_line' id='line_1_27' title="bbox 1932 1464 3499 1549; baseline -0.011 -19"><span class='ocrx_word' id='word_1_181' title='bbox 1932 1479 2187 1549; x_wconf 76' lang='lat' dir='ltr'><strong>guitatem</strong></span> <span class='ocrx_word' id='word_1_182' title='bbox 2268 1472 2634 1543; x_wconf 89' lang='lat' dir='ltr'><strong>episcopalem</strong></span> <span class='ocrx_word' id='word_1_183' title='bbox 2693 1468 2922 1521; x_wconf 87' lang='lat' dir='ltr'><strong>amittet.</strong></span> <span class='ocrx_word' id='word_1_184' title='bbox 2996 1464 3260 1530; x_wconf 84' lang='lat' dir='ltr'><strong>Quoniam</strong></span> <span class='ocrx_word' id='word_1_185' title='bbox 3320 1468 3499 1515; x_wconf 79' lang='lat' dir='ltr'><strong>autem</strong></span> 
     </span>
    </p>
   </div>
   <div class='ocr_carea' id='block_1_28' title="bbox 1932 1556 3498 1633">
    <p class='ocr_par' dir='ltr' id='par_1_28' title="bbox 1932 1556 3498 1633">
     <span class='ocr_line' id='line_1_28' title="bbox 1932 1556 3498 1633; baseline -0.012 -8"><span class='ocrx_word' id='word_1_186' title='bbox 1932 1572 2200 1625; x_wconf 83' lang='lat' dir='ltr'><strong>sancitum</strong></span> <span class='ocrx_word' id='word_1_187' title='bbox 2229 1574 2333 1630; x_wconf 86' lang='lat' dir='ltr'><strong>est,</strong></span> <span class='ocrx_word' id='word_1_188' title='bbox 2369 1564 2679 1633; x_wconf 86' lang='lat' dir='ltr'><strong>episcopum</strong></span> <span class='ocrx_word' id='word_1_189' title='bbox 2712 1575 2816 1613; x_wconf 92' lang='lat' dir='ltr'><strong>non</strong></span> <span class='ocrx_word' id='word_1_190' title='bbox 2851 1559 3008 1612; x_wconf 89' lang='lat' dir='ltr'><strong>aliter</strong></span> <span class='ocrx_word' id='word_1_191' title='bbox 3052 1556 3118 1609; x_wconf 86' lang='lat' dir='ltr'><strong>ad</strong></span> <span class='ocrx_word' id='word_1_192' title='bbox 3166 1565 3340 1607; x_wconf 88' lang='lat' dir='ltr'><strong>castra</strong></span> <span class='ocrx_word' id='word_1_193' title='bbox 3369 1568 3498 1623; x_wconf 83' lang='lat' dir='ltr'><strong>pro-</strong></span> 
     </span>
    </p>
   </div>
   <div class='ocr_carea' id='block_1_29' title="bbox 1932 1648 3499 1727">
    <p class='ocr_par' dir='ltr' id='par_1_29' title="bbox 1932 1648 3499 1727">
     <span class='ocr_line' id='line_1_29' title="bbox 1932 1648 3499 1727; baseline -0.014 -7"><span class='ocrx_word' id='word_1_194' title='bbox 1932 1662 2229 1727; x_wconf 81' lang='lat' dir='ltr'><strong>ﬁcisci,nisi</strong></span> <span class='ocrx_word' id='word_1_195' title='bbox 2257 1660 2447 1714; x_wconf 82' lang='lat' dir='ltr'><strong>litteris</strong></span> <span class='ocrx_word' id='word_1_196' title='bbox 2470 1654 2831 1725; x_wconf 83' lang='lat' dir='ltr'><strong>imperatoriis</strong></span> <span class='ocrx_word' id='word_1_197' title='bbox 2849 1658 3177 1713; x_wconf 86' lang='lat' dir='ltr'><strong>accersatur,</strong></span> <span class='ocrx_word' id='word_1_198' title='bbox 3196 1648 3499 1715; x_wconf 81' lang='lat' dir='ltr'><strong>episcopus,</strong></span> 
     </span>
    </p>
   </div>
   <div class='ocr_carea' id='block_1_30' title="bbox 1933 1746 3500 1825">
    <p class='ocr_par' dir='ltr' id='par_1_30' title="bbox 1933 1746 3500 1825">
     <span class='ocr_line' id='line_1_30' title="bbox 1933 1746 3500 1825; baseline -0.012 -18"><span class='ocrx_word' id='word_1_199' title='bbox 1933 1757 2073 1825; x_wconf 83' lang='lat' dir='ltr'><strong>apud</strong></span> <span class='ocrx_word' id='word_1_200' title='bbox 2102 1767 2257 1820; x_wconf 81' lang='lat' dir='ltr'><strong>quem</strong></span> <span class='ocrx_word' id='word_1_201' title='bbox 2293 1748 2527 1811; x_wconf 75' lang='lat' dir='ltr'><strong>divertit,</strong></span> <span class='ocrx_word' id='word_1_202' title='bbox 2558 1747 2624 1799; x_wconf 89' lang='lat' dir='ltr'><strong>ab</strong></span> <span class='ocrx_word' id='word_1_203' title='bbox 2652 1746 2909 1814; x_wconf 89' lang='lat' dir='ltr'><strong>episcopo</strong></span> <span class='ocrx_word' id='word_1_204' title='bbox 2941 1749 3247 1795; x_wconf 84' lang='lat' dir='ltr'><strong>transeunte</strong></span> <span class='ocrx_word' id='word_1_205' title='bbox 3281 1751 3500 1791; x_wconf 82' lang='lat' dir='ltr'><strong>causam</strong></span> 
     </span>
    </p>
   </div>
   <div class='ocr_carea' id='block_1_31' title="bbox 265 1812 1831 1931">
    <p class='ocr_par' dir='ltr' id='par_1_31' title="bbox 265 1812 1831 1931">
     <span class='ocr_line' id='line_1_31' title="bbox 265 1812 1831 1893; baseline -0.005 -17"><span class='ocrx_word' id='word_1_206' title='bbox 265 1826 396 1876; x_wconf 86' lang='grc' dir='ltr'>σθαι</span> <span class='ocrx_word' id='word_1_207' title='bbox 426 1824 525 1893; x_wconf 80' lang='grc' dir='ltr'><strong>τῆς</strong></span> <span class='ocrx_word' id='word_1_208' title='bbox 561 1823 802 1892; x_wconf 86' lang='grc' dir='ltr'>παρόδου</span> <span class='ocrx_word' id='word_1_209' title='bbox 832 1821 983 1890; x_wconf 86' lang='grc' dir='ltr'>παρὰ</span> <span class='ocrx_word' id='word_1_210' title='bbox 1004 1821 1099 1872; x_wconf 85' lang='grc' dir='ltr'><strong>τοῦ</strong></span> <span class='ocrx_word' id='word_1_211' title='bbox 1127 1820 1447 1880; x_wconf 77' lang='grc' dir='ltr'>ἐπισκόπου,</span> <span class='ocrx_word' id='word_1_212' title='bbox 1487 1835 1545 1870; x_wconf 84' lang='grc' dir='ltr'><strong>εν</strong></span> <span class='ocrx_word' id='word_1_213' title='bbox 1575 1812 1619 1884; x_wconf 80' lang='grc' dir='ltr'>ᾧ</span> <span class='ocrx_word' id='word_1_214' title='bbox 1667 1834 1831 1869; x_wconf 85' lang='grc' dir='ltr'>κατα-</span> 
     </span>
     <span class='ocr_line' id='line_1_32' title="bbox 265 1911 1831 1931; baseline 0 0"><span class='ocrx_word' id='word_1_215' title='bbox 265 1917 279 1931; x_wconf 75' lang='lat'><strong><em>\</em></strong></span> <span class='ocrx_word' id='word_1_216' title='bbox 313 1917 325 1931; x_wconf 77' lang='grc' dir='ltr'><strong>Ι</strong></span> <span class='ocrx_word' id='word_1_217' title='bbox 568 1917 579 1931; x_wconf 80' lang='grc' dir='ltr'>ι</span> <span class='ocrx_word' id='word_1_218' title='bbox 642 1917 654 1931; x_wconf 76' lang='lat' dir='ltr'><strong>l</strong></span> <span class='ocrx_word' id='word_1_219' title='bbox 730 1916 745 1931; x_wconf 79' lang='lat'><strong><em>\</em></strong></span> <span class='ocrx_word' id='word_1_220' title='bbox 822 1913 863 1931; x_wconf 60' lang='lat' dir='ltr'><strong>,l</strong></span> <span class='ocrx_word' id='word_1_221' title='bbox 894 1913 935 1931; x_wconf 39' lang='grc' dir='ltr'>ν]</span> <span class='ocrx_word' id='word_1_222' title='bbox 968 1929 1031 1931; x_wconf 32' lang='grc' dir='ltr'>κ-ε</span> <span class='ocrx_word' id='word_1_223' title='bbox 1095 1911 1249 1931; x_wconf 38' lang='grc' dir='ltr'>μνθᾲὶη</span> <span class='ocrx_word' id='word_1_224' title='bbox 1295 1911 1718 1931; x_wconf 65' lang='lat' dir='ltr'><strong>__-__,____I__-._</strong></span> <span class='ocrx_word' id='word_1_225' title='bbox 1754 1911 1831 1931; x_wconf 64' lang='lat' dir='ltr'><strong>-I-</strong></span> 
     </span>
    </p>
   </div>
   <div class='ocr_carea' id='block_1_32' title="bbox 1933 1812 3506 1931">
    <p class='ocr_par' dir='ltr' id='par_1_32' title="bbox 1933 1831 3506 1910">
     <span class='ocr_line' id='line_1_33' title="bbox 1933 1831 3506 1910; baseline -0.015 -9"><span class='ocrx_word' id='word_1_226' title='bbox 1933 1846 2131 1901; x_wconf 84' lang='lat' dir='ltr'><strong>itineris</strong></span> <span class='ocrx_word' id='word_1_227' title='bbox 2175 1854 2415 1910; x_wconf 66' lang='lat' dir='ltr'><strong>quaerere</strong></span> <span class='ocrx_word' id='word_1_228' title='bbox 2447 1837 2642 1903; x_wconf 86' lang='lat' dir='ltr'><strong>debet;</strong></span> <span class='ocrx_word' id='word_1_229' title='bbox 2676 1844 2727 1889; x_wconf 90' lang='lat' dir='ltr'><strong>et</strong></span> <span class='ocrx_word' id='word_1_230' title='bbox 2753 1836 2797 1888; x_wconf 89' lang='lat' dir='ltr'><strong>si</strong></span> <span class='ocrx_word' id='word_1_231' title='bbox 2833 1848 2952 1887; x_wconf 89' lang='lat' dir='ltr'><strong>eum</strong></span> <span class='ocrx_word' id='word_1_232' title='bbox 2980 1831 3245 1885; x_wconf 86' lang='lat' dir='ltr'><strong>invenerit</strong></span> <span class='ocrx_word' id='word_1_233' title='bbox 3267 1842 3332 1881; x_wconf 91' lang='lat' dir='ltr'><strong>eo</strong></span> <span class='ocrx_word' id='word_1_234' title='bbox 3354 1838 3506 1879; x_wconf 88' lang='lat' dir='ltr'><strong>more</strong></span> 
     </span>
    </p>
   </div>
   <div class='ocr_carea' id='block_1_33' title="bbox 262 1911 1831 2002">
    <p class='ocr_par' dir='ltr' id='par_1_33' title="bbox 262 1911 1831 1982">
     <span class='ocr_line' id='line_1_34' title="bbox 262 1911 1831 1982; baseline -0.006 -13"><span class='ocrx_word' id='word_1_235' title='bbox 262 1917 421 1969; x_wconf 82' lang='grc' dir='ltr'>λύσει</span> <span class='ocrx_word' id='word_1_236' title='bbox 446 1933 459 1948; x_wconf 78' lang='grc' dir='ltr'><strong>ο</strong></span> <span class='ocrx_word' id='word_1_237' title='bbox 496 1917 589 1968; x_wconf 83' lang='grc' dir='ltr'>καὶ</span> <span class='ocrx_word' id='word_1_238' title='bbox 608 1917 656 1968; x_wconf 82' lang='grc' dir='ltr'><strong>εί</strong></span> <span class='ocrx_word' id='word_1_239' title='bbox 687 1916 785 1982; x_wconf 77' lang='grc' dir='ltr'>μὲν</span> <span class='ocrx_word' id='word_1_240' title='bbox 810 1913 1036 1982; x_wconf 78' lang='grc' dir='ltr'>εὑρήσει</span> <span class='ocrx_word' id='word_1_241' title='bbox 1087 1911 1250 1963; x_wconf 82' lang='grc' dir='ltr'>αὐτὸν</span> <span class='ocrx_word' id='word_1_242' title='bbox 1292 1911 1718 1979; x_wconf 78' lang='grc' dir='ltr'>τοιουτοτρόπως</span> <span class='ocrx_word' id='word_1_243' title='bbox 1752 1911 1831 1972; x_wconf 84' lang='grc' dir='ltr'>είς</span> 
     </span>
    </p>
   </div>
   <div class='ocr_carea' id='block_1_34' title="bbox 1933 1911 3493 2002">
    <p class='ocr_par' dir='ltr' id='par_1_34' title="bbox 1936 1918 3493 2002">
     <span class='ocr_line' id='line_1_35' title="bbox 1936 1918 3493 2002; baseline -0.013 -12"><span class='ocrx_word' id='word_1_244' title='bbox 1936 1937 2003 1990; x_wconf 84' lang='lat' dir='ltr'><strong>ad</strong></span> <span class='ocrx_word' id='word_1_245' title='bbox 2034 1944 2208 1989; x_wconf 88' lang='lat' dir='ltr'><strong>castra</strong></span> <span class='ocrx_word' id='word_1_246' title='bbox 2240 1931 2689 2002; x_wconf 82' lang='lat' dir='ltr'><strong>proﬁciscentem,</strong></span> <span class='ocrx_word' id='word_1_247' title='bbox 2738 1926 2871 1979; x_wconf 85' lang='lat' dir='ltr'><strong>nihil</strong></span> <span class='ocrx_word' id='word_1_248' title='bbox 2898 1924 2946 1978; x_wconf 92' lang='lat' dir='ltr'><strong>ei</strong></span> <span class='ocrx_word' id='word_1_249' title='bbox 2979 1920 3341 1991; x_wconf 90' lang='lat' dir='ltr'><strong>impedimenti</strong></span> <span class='ocrx_word' id='word_1_250' title='bbox 3379 1918 3493 1982; x_wconf 81' lang='lat' dir='ltr'><strong>ﬁat,</strong></span> 
     </span>
    </p>
   </div>
   <div class='ocr_carea' id='block_1_35' title="bbox 261 1998 1830 2078">
    <p class='ocr_par' dir='ltr' id='par_1_35' title="bbox 261 1998 1830 2078">
     <span class='ocr_line' id='line_1_36' title="bbox 261 1998 1830 2078; baseline -0.007 -17"><span class='ocrx_word' id='word_1_251' title='bbox 261 2010 326 2061; x_wconf 79' lang='grc' dir='ltr'><strong>τὸ</strong></span> <span class='ocrx_word' id='word_1_252' title='bbox 379 2006 745 2078; x_wconf 82' lang='grc' dir='ltr'>στρατόπεδον</span> <span class='ocrx_word' id='word_1_253' title='bbox 795 2004 1191 2073; x_wconf 85' lang='grc' dir='ltr'>ἀπερχόμενον,</span> <span class='ocrx_word' id='word_1_254' title='bbox 1263 2002 1406 2054; x_wconf 86' lang='grc' dir='ltr'><strong>κατά</strong></span> <span class='ocrx_word' id='word_1_255' title='bbox 1464 2000 1632 2069; x_wconf 79' lang='grc' dir='ltr'>μηδὲν</span> <span class='ocrx_word' id='word_1_256' title='bbox 1684 1998 1830 2069; x_wconf 78' lang='grc' dir='ltr'><strong>αὐτῷ</strong></span> 
     </span>
    </p>
   </div>
   <div class='ocr_carea' id='block_1_36' title="bbox 261 2092 1830 2171">
    <p class='ocr_par' dir='ltr' id='par_1_36' title="bbox 261 2092 1830 2171">
     <span class='ocr_line' id='line_1_37' title="bbox 261 2092 1830 2171; baseline -0.006 -18"><span class='ocrx_word' id='word_1_257' title='bbox 261 2101 523 2171; x_wconf 76' lang='grc' dir='ltr'>ἐμποδὼν</span> <span class='ocrx_word' id='word_1_258' title='bbox 552 2098 825 2166; x_wconf 86' lang='grc' dir='ltr'>γίνεσθαι,</span> <span class='ocrx_word' id='word_1_259' title='bbox 851 2095 988 2149; x_wconf 85' lang='grc' dir='ltr'><strong>ἀλλά</strong></span> <span class='ocrx_word' id='word_1_260' title='bbox 1018 2096 1111 2148; x_wconf 81' lang='grc' dir='ltr'>καὶ</span> <span class='ocrx_word' id='word_1_261' title='bbox 1146 2095 1285 2164; x_wconf 84' lang='grc' dir='ltr'><strong>μετά</strong></span> <span class='ocrx_word' id='word_1_262' title='bbox 1306 2092 1471 2162; x_wconf 71' lang='grc' dir='ltr'>τιμῆς</span> <span class='ocrx_word' id='word_1_263' title='bbox 1522 2093 1830 2160; x_wconf 75' lang='grc' dir='ltr'>ἐκπέμπειν</span> 
     </span>
    </p>
   </div>
   <div class='ocr_carea' id='block_1_37' title="bbox 262 2184 1833 2257">
    <p class='ocr_par' dir='ltr' id='par_1_37' title="bbox 262 2184 1833 2257">
     <span class='ocr_line' id='line_1_38' title="bbox 262 2184 1833 2257; baseline -0.007 -13"><span class='ocrx_word' id='word_1_264' title='bbox 262 2193 452 2255; x_wconf 77' lang='grc' dir='ltr'>αὐτὸν,</span> <span class='ocrx_word' id='word_1_265' title='bbox 483 2192 578 2241; x_wconf 80' lang='grc' dir='ltr'>καὶ</span> <span class='ocrx_word' id='word_1_266' title='bbox 601 2189 835 2257; x_wconf 78' lang='grc' dir='ltr'>γράφειν</span> <span class='ocrx_word' id='word_1_267' title='bbox 868 2189 978 2248; x_wconf 84' lang='grc' dir='ltr'><strong>τοῖς</strong></span> <span class='ocrx_word' id='word_1_268' title='bbox 1008 2186 1065 2236; x_wconf 85' lang='grc' dir='ltr'>ὲν</span> <span class='ocrx_word' id='word_1_269' title='bbox 1106 2184 1343 2251; x_wconf 70' lang='grc' dir='ltr'>ἐπαρχίᾳ</span> <span class='ocrx_word' id='word_1_270' title='bbox 1394 2184 1485 2234; x_wconf 76' lang='grc' dir='ltr'>καὶ</span> <span class='ocrx_word' id='word_1_271' title='bbox 1523 2184 1633 2245; x_wconf 81' lang='grc' dir='ltr'><strong>τοῖς</strong></span> <span class='ocrx_word' id='word_1_272' title='bbox 1671 2198 1833 2234; x_wconf 78' lang='grc' dir='ltr'>συνα-</span> 
     </span>
    </p>
   </div>
   <div class='ocr_carea' id='block_1_38' title="bbox 262 2269 1828 2348">
    <p class='ocr_par' dir='ltr' id='par_1_38' title="bbox 262 2269 1828 2348">
     <span class='ocr_line' id='line_1_39' title="bbox 262 2269 1828 2348; baseline -0.008 -16"><span class='ocrx_word' id='word_1_273' title='bbox 262 2282 482 2347; x_wconf 77' lang='grc' dir='ltr'>δέλφοις</span> <span class='ocrx_word' id='word_1_274' title='bbox 510 2277 676 2331; x_wconf 76' lang='grc' dir='ltr'>αὐτοῦ</span> <span class='ocrx_word' id='word_1_275' title='bbox 708 2278 874 2329; x_wconf 84' lang='grc' dir='ltr'>πᾶσιν</span> <span class='ocrx_word' id='word_1_276' title='bbox 905 2273 1261 2342; x_wconf 82' lang='grc' dir='ltr'>ὑποδέχεσθαι</span> <span class='ocrx_word' id='word_1_277' title='bbox 1286 2271 1449 2324; x_wconf 81' lang='grc' dir='ltr'>αὑτὸν</span> <span class='ocrx_word' id='word_1_278' title='bbox 1477 2269 1828 2348; x_wconf 63' lang='grc' dir='ltr'>ἀδιακρίτως,</span> 
     </span>
    </p>
   </div>
   <div class='ocr_carea' id='block_1_39' title="bbox 266 2363 1833 2440">
    <p class='ocr_par' dir='ltr' id='par_1_39' title="bbox 266 2363 1833 2440">
     <span class='ocr_line' id='line_1_40' title="bbox 266 2363 1833 2440; baseline -0.007 -17"><span class='ocrx_word' id='word_1_279' title='bbox 266 2373 345 2432; x_wconf 65' lang='grc' dir='ltr'>ὠ,</span> <span class='ocrx_word' id='word_1_280' title='bbox 369 2373 467 2440; x_wconf 78' lang='grc' dir='ltr'><strong>τὴν</strong></span> <span class='ocrx_word' id='word_1_281' title='bbox 487 2369 715 2440; x_wconf 81' lang='grc' dir='ltr'>πορείαν</span> <span class='ocrx_word' id='word_1_282' title='bbox 746 2366 1070 2435; x_wconf 83' lang='grc' dir='ltr'>ποιούμενον</span> <span class='ocrx_word' id='word_1_283' title='bbox 1102 2363 1399 2426; x_wconf 86' lang='grc' dir='ltr'>κανονικῶς</span> <span class='ocrx_word' id='word_1_284' title='bbox 1428 2379 1487 2413; x_wconf 90' lang='grc' dir='ltr'>τε</span> <span class='ocrx_word' id='word_1_285' title='bbox 1518 2364 1610 2413; x_wconf 72' lang='grc' dir='ltr'>καὶ</span> <span class='ocrx_word' id='word_1_286' title='bbox 1632 2363 1833 2413; x_wconf 85' lang='grc' dir='ltr'>ἀσκαν-</span> 
     </span>
    </p>
   </div>
   <div class='ocr_carea' id='block_1_40' title="bbox 263 2453 1836 2526">
    <p class='ocr_par' dir='ltr' id='par_1_40' title="bbox 263 2453 1836 2526">
     <span class='ocr_line' id='line_1_41' title="bbox 263 2453 1836 2526; baseline -0.01 -8"><span class='ocrx_word' id='word_1_287' title='bbox 263 2467 520 2518; x_wconf 67' lang='grc' dir='ltr'>δά&gt;.ιστον</span> <span class='ocrx_word' id='word_1_288' title='bbox 544 2479 558 2495; x_wconf 85' lang='grc'><strong>·</strong></span> <span class='ocrx_word' id='word_1_289' title='bbox 587 2464 635 2513; x_wconf 80' lang='grc' dir='ltr'><strong>εί</strong></span> <span class='ocrx_word' id='word_1_290' title='bbox 669 2462 715 2513; x_wconf 77' lang='grc' dir='ltr'><strong>δ’</strong></span> <span class='ocrx_word' id='word_1_291' title='bbox 745 2459 918 2521; x_wconf 81' lang='grc' dir='ltr'><strong>ἄλλως</strong></span> <span class='ocrx_word' id='word_1_292' title='bbox 968 2457 1192 2526; x_wconf 85' lang='grc' dir='ltr'>εὑρήσει</span> <span class='ocrx_word' id='word_1_293' title='bbox 1225 2453 1413 2506; x_wconf 80' lang='grc' dir='ltr'>τοῦτον</span> <span class='ocrx_word' id='word_1_294' title='bbox 1456 2454 1535 2514; x_wconf 82' lang='grc' dir='ltr'>εἰς</span> <span class='ocrx_word' id='word_1_295' title='bbox 1561 2453 1622 2504; x_wconf 84' lang='grc' dir='ltr'><strong>τὸ</strong></span> <span class='ocrx_word' id='word_1_296' title='bbox 1669 2469 1836 2521; x_wconf 84' lang='grc' dir='ltr'>στρα-</span> 
     </span>
    </p>
   </div>
   <div class='ocr_carea' id='block_1_41' title="bbox 264 2544 1836 2620">
    <p class='ocr_par' dir='ltr' id='par_1_41' title="bbox 264 2544 1836 2620">
     <span class='ocr_line' id='line_1_42' title="bbox 264 2544 1836 2620; baseline -0.01 -12"><span class='ocrx_word' id='word_1_297' title='bbox 264 2556 497 2609; x_wconf 72' lang='grc' dir='ltr'>τόπεδον</span> <span class='ocrx_word' id='word_1_298' title='bbox 554 2551 974 2620; x_wconf 81' lang='grc' dir='ltr'>ἀφικνούμενον,</span> <span class='ocrx_word' id='word_1_299' title='bbox 1026 2548 1131 2617; x_wconf 83' lang='grc' dir='ltr'><strong>ἢδί</strong></span> <span class='ocrx_word' id='word_1_300' title='bbox 1160 2546 1444 2609; x_wconf 75' lang='grc' dir='ltr'>ἐπίδειξιν,</span> <span class='ocrx_word' id='word_1_301' title='bbox 1480 2545 1510 2613; x_wconf 82' lang='grc' dir='ltr'>ἢ</span> <span class='ocrx_word' id='word_1_302' title='bbox 1558 2544 1646 2598; x_wconf 80' lang='grc' dir='ltr'>διὰ</span> <span class='ocrx_word' id='word_1_303' title='bbox 1674 2561 1836 2596; x_wconf 84' lang='grc' dir='ltr'>τινων</span> 
     </span>
    </p>
   </div>
   <div class='ocr_carea' id='block_1_42' title="bbox 1936 2009 3506 2080">
    <p class='ocr_par' dir='ltr' id='par_1_42' title="bbox 1936 2009 3506 2080">
     <span class='ocr_line' id='line_1_43' title="bbox 1936 2009 3506 2080; baseline -0.015 1"><span class='ocrx_word' id='word_1_304' title='bbox 1936 2027 2031 2080; x_wconf 78' lang='lat' dir='ltr'><strong>sed</strong></span> <span class='ocrx_word' id='word_1_305' title='bbox 2058 2040 2180 2078; x_wconf 90' lang='lat' dir='ltr'><strong>cum</strong></span> <span class='ocrx_word' id='word_1_306' title='bbox 2213 2022 2416 2076; x_wconf 86' lang='lat' dir='ltr'><strong>honore</strong></span> <span class='ocrx_word' id='word_1_307' title='bbox 2444 2034 2565 2074; x_wconf 91' lang='lat' dir='ltr'><strong>eum</strong></span> <span class='ocrx_word' id='word_1_308' title='bbox 2590 2015 3009 2075; x_wconf 87' lang='lat' dir='ltr'><strong>transmittat,et</strong></span> <span class='ocrx_word' id='word_1_309' title='bbox 3040 2011 3105 2065; x_wconf 85' lang='lat' dir='ltr'><strong>ad</strong></span> <span class='ocrx_word' id='word_1_310' title='bbox 3140 2024 3233 2065; x_wconf 88' lang='lat' dir='ltr'><strong>eos</strong></span> <span class='ocrx_word' id='word_1_311' title='bbox 3266 2009 3359 2077; x_wconf 89' lang='lat' dir='ltr'><strong>qui</strong></span> <span class='ocrx_word' id='word_1_312' title='bbox 3380 2013 3506 2060; x_wconf 89' lang='lat' dir='ltr'><strong>sunt</strong></span> 
     </span>
    </p>
   </div>
   <div class='ocr_carea' id='block_1_43' title="bbox 1939 2102 3504 2184">
    <p class='ocr_par' dir='ltr' id='par_1_43' title="bbox 1939 2102 3504 2184">
     <span class='ocr_line' id='line_1_44' title="bbox 1939 2102 3504 2184; baseline -0.015 -13"><span class='ocrx_word' id='word_1_313' title='bbox 1939 2117 1993 2171; x_wconf 90' lang='lat' dir='ltr'><strong>in</strong></span> <span class='ocrx_word' id='word_1_314' title='bbox 2033 2112 2306 2184; x_wconf 82' lang='lat' dir='ltr'><strong>provincia</strong></span> <span class='ocrx_word' id='word_1_315' title='bbox 2336 2123 2627 2178; x_wconf 87' lang='lat' dir='ltr'><strong>omnesque</strong></span> <span class='ocrx_word' id='word_1_316' title='bbox 2657 2107 2852 2160; x_wconf 80' lang='lat' dir='ltr'><strong>fratres</strong></span> <span class='ocrx_word' id='word_1_317' title='bbox 2882 2118 3010 2158; x_wconf 87' lang='lat' dir='ltr'><strong>suos</strong></span> <span class='ocrx_word' id='word_1_318' title='bbox 3039 2102 3259 2162; x_wconf 87' lang='lat' dir='ltr'><strong>scribat,</strong></span> <span class='ocrx_word' id='word_1_319' title='bbox 3286 2105 3351 2151; x_wconf 90' lang='lat' dir='ltr'><strong>ut</strong></span> <span class='ocrx_word' id='word_1_320' title='bbox 3379 2110 3504 2150; x_wconf 90' lang='lat' dir='ltr'><strong>eum</strong></span> 
     </span>
    </p>
   </div>
   <div class='ocr_carea' id='block_1_44' title="bbox 1938 2189 3505 2273">
    <p class='ocr_par' dir='ltr' id='par_1_44' title="bbox 1938 2189 3505 2273">
     <span class='ocr_line' id='line_1_45' title="bbox 1938 2189 3505 2273; baseline -0.013 -11"><span class='ocrx_word' id='word_1_321' title='bbox 1938 2209 2147 2263; x_wconf 87' lang='lat' dir='ltr'><strong>sincere</strong></span> <span class='ocrx_word' id='word_1_322' title='bbox 2172 2204 2458 2273; x_wconf 82' lang='lat' dir='ltr'><strong>excipiant,</strong></span> <span class='ocrx_word' id='word_1_323' title='bbox 2494 2210 2553 2254; x_wconf 92' lang='lat' dir='ltr'><strong>ut</strong></span> <span class='ocrx_word' id='word_1_324' title='bbox 2584 2201 2673 2269; x_wconf 91' lang='lat' dir='ltr'><strong>qui</strong></span> <span class='ocrx_word' id='word_1_325' title='bbox 2702 2199 2804 2251; x_wconf 92' lang='lat' dir='ltr'><strong>iter</strong></span> <span class='ocrx_word' id='word_1_326' title='bbox 2835 2195 2997 2251; x_wconf 76' lang='lat' dir='ltr'><strong>faciat</strong></span> <span class='ocrx_word' id='word_1_327' title='bbox 3022 2191 3277 2247; x_wconf 89' lang='lat' dir='ltr'><strong>canonice</strong></span> <span class='ocrx_word' id='word_1_328' title='bbox 3309 2197 3363 2243; x_wconf 89' lang='lat' dir='ltr'><strong>et</strong></span> <span class='ocrx_word' id='word_1_329' title='bbox 3387 2189 3505 2242; x_wconf 83' lang='lat' dir='ltr'><strong>sine</strong></span> 
     </span>
    </p>
   </div>
   <div class='ocr_carea' id='block_1_45' title="bbox 1949 2282 3505 2361">
    <p class='ocr_par' dir='ltr' id='par_1_45' title="bbox 1949 2282 3505 2361">
     <span class='ocr_line' id='line_1_46' title="bbox 1949 2282 3505 2361; baseline -0.014 -7"><span class='ocrx_word' id='word_1_330' title='bbox 1949 2298 2225 2355; x_wconf 77' lang='lat' dir='ltr'><strong>seandalo.</strong></span> <span class='ocrx_word' id='word_1_331' title='bbox 2260 2296 2412 2361; x_wconf 85' lang='lat' dir='ltr'><strong>Quod</strong></span> <span class='ocrx_word' id='word_1_332' title='bbox 2462 2295 2507 2348; x_wconf 89' lang='lat' dir='ltr'><strong>si</strong></span> <span class='ocrx_word' id='word_1_333' title='bbox 2539 2308 2661 2346; x_wconf 89' lang='lat' dir='ltr'><strong>eum</strong></span> <span class='ocrx_word' id='word_1_334' title='bbox 2698 2289 2959 2344; x_wconf 86' lang='lat' dir='ltr'><strong>invenerit</strong></span> <span class='ocrx_word' id='word_1_335' title='bbox 3005 2287 3160 2339; x_wconf 88' lang='lat' dir='ltr'><strong>aliter</strong></span> <span class='ocrx_word' id='word_1_336' title='bbox 3210 2282 3277 2338; x_wconf 89' lang='lat' dir='ltr'><strong>ad</strong></span> <span class='ocrx_word' id='word_1_337' title='bbox 3328 2289 3505 2335; x_wconf 88' lang='lat' dir='ltr'><strong>castra</strong></span> 
     </span>
    </p>
   </div>
   <div class='ocr_carea' id='block_1_46' title="bbox 1946 2370 3507 2451">
    <p class='ocr_par' dir='ltr' id='par_1_46' title="bbox 1946 2370 3507 2451">
     <span class='ocr_line' id='line_1_47' title="bbox 1946 2370 3507 2451; baseline -0.013 -7"><span class='ocrx_word' id='word_1_338' title='bbox 1946 2394 2261 2451; x_wconf 86' lang='lat' dir='ltr'><strong>abeuntem,</strong></span> <span class='ocrx_word' id='word_1_339' title='bbox 2297 2384 2377 2438; x_wconf 90' lang='lat' dir='ltr'><strong>vel</strong></span> <span class='ocrx_word' id='word_1_340' title='bbox 2408 2382 2789 2438; x_wconf 89' lang='lat' dir='ltr'><strong>ostentationis</strong></span> <span class='ocrx_word' id='word_1_341' title='bbox 2821 2379 3015 2446; x_wconf 78' lang='lat' dir='ltr'><strong>gratia,</strong></span> <span class='ocrx_word' id='word_1_342' title='bbox 3050 2377 3131 2429; x_wconf 86' lang='lat' dir='ltr'><strong>vel</strong></span> <span class='ocrx_word' id='word_1_343' title='bbox 3162 2383 3380 2444; x_wconf 89' lang='lat' dir='ltr'><strong>propter</strong></span> <span class='ocrx_word' id='word_1_344' title='bbox 3409 2370 3507 2423; x_wconf 87' lang='lat' dir='ltr'><strong>ali-</strong></span> 
     </span>
    </p>
   </div>
   <div class='ocr_carea' id='block_1_47' title="bbox 1943 2465 3502 2549">
    <p class='ocr_par' dir='ltr' id='par_1_47' title="bbox 1943 2465 3502 2549">
     <span class='ocr_line' id='line_1_48' title="bbox 1943 2465 3502 2549; baseline -0.01 -19"><span class='ocrx_word' id='word_1_345' title='bbox 1943 2495 2172 2549; x_wconf 88' lang='lat' dir='ltr'><strong>quorum</strong></span> <span class='ocrx_word' id='word_1_346' title='bbox 2208 2491 2423 2547; x_wconf 88' lang='lat' dir='ltr'><strong>preces,</strong></span> <span class='ocrx_word' id='word_1_347' title='bbox 2455 2489 2575 2543; x_wconf 72' lang='lat' dir='ltr'><strong>qua:</strong></span> <span class='ocrx_word' id='word_1_348' title='bbox 2625 2473 2689 2525; x_wconf 85' lang='lat' dir='ltr'><strong>ad</strong></span> <span class='ocrx_word' id='word_1_349' title='bbox 2725 2473 2895 2539; x_wconf 88' lang='lat' dir='ltr'><strong>ipsum</strong></span> <span class='ocrx_word' id='word_1_350' title='bbox 2927 2478 2982 2520; x_wconf 93' lang='lat' dir='ltr'><strong>ut</strong></span> <span class='ocrx_word' id='word_1_351' title='bbox 3030 2465 3362 2520; x_wconf 88' lang='lat' dir='ltr'><strong>sacerdotem</strong></span> <span class='ocrx_word' id='word_1_352' title='bbox 3392 2474 3502 2515; x_wconf 88' lang='lat' dir='ltr'><strong>non</strong></span> 
     </span>
    </p>
   </div>
   <div class='ocr_carea' id='block_1_48' title="bbox 1946 2552 3501 2644">
    <p class='ocr_par' dir='ltr' id='par_1_48' title="bbox 1946 2552 3501 2644">
     <span class='ocr_line' id='line_1_49' title="bbox 1946 2552 3501 2644; baseline -0.013 -19"><span class='ocrx_word' id='word_1_353' title='bbox 1946 2572 2239 2644; x_wconf 76' lang='lat' dir='ltr'><strong>pertinent,</strong></span> <span class='ocrx_word' id='word_1_354' title='bbox 2272 2568 2319 2621; x_wconf 91' lang='lat' dir='ltr'><strong>ei</strong></span> <span class='ocrx_word' id='word_1_355' title='bbox 2350 2581 2415 2620; x_wconf 91' lang='lat' dir='ltr'><strong>ne</strong></span> <span class='ocrx_word' id='word_1_356' title='bbox 2464 2562 2844 2623; x_wconf 88' lang='lat' dir='ltr'><strong>communicet,</strong></span> <span class='ocrx_word' id='word_1_357' title='bbox 2883 2567 2977 2612; x_wconf 89' lang='lat' dir='ltr'><strong>aut</strong></span> <span class='ocrx_word' id='word_1_358' title='bbox 3014 2558 3206 2610; x_wconf 74' lang='lat' dir='ltr'><strong>litteris</strong></span> <span class='ocrx_word' id='word_1_359' title='bbox 3237 2554 3355 2622; x_wconf 84' lang='lat' dir='ltr'><strong>ejus</strong></span> <span class='ocrx_word' id='word_1_360' title='bbox 3376 2552 3501 2607; x_wconf 38' lang='lat' dir='ltr'><strong>sub,</strong></span> 
     </span>
    </p>
   </div>
   <div class='ocr_carea' id='block_1_49' title="bbox 268 2633 1831 2728">
    <p class='ocr_par' dir='ltr' id='par_1_49' title="bbox 268 2633 1831 2713">
     <span class='ocr_line' id='line_1_50' title="bbox 268 2633 1831 2713; baseline -0.01 -13"><span class='ocrx_word' id='word_1_361' title='bbox 268 2647 553 2713; x_wconf 71' lang='grc' dir='ltr'>ἀξιώσεις,</span> <span class='ocrx_word' id='word_1_362' title='bbox 619 2643 693 2713; x_wconf 79' lang='grc' dir='ltr'>μὴ</span> <span class='ocrx_word' id='word_1_363' title='bbox 735 2645 1045 2712; x_wconf 81' lang='grc' dir='ltr'>ἀνηκουσας</span> <span class='ocrx_word' id='word_1_364' title='bbox 1104 2638 1275 2706; x_wconf 82' lang='grc' dir='ltr'>αὐτῷ,</span> <span class='ocrx_word' id='word_1_365' title='bbox 1328 2636 1401 2698; x_wconf 78' lang='grc' dir='ltr'>ὼς</span> <span class='ocrx_word' id='word_1_366' title='bbox 1455 2636 1723 2704; x_wconf 82' lang='grc' dir='ltr'>ἀρχιερεῖ,</span> <span class='ocrx_word' id='word_1_367' title='bbox 1760 2633 1831 2702; x_wconf 84' lang='grc' dir='ltr'>μὴ</span> 
     </span>
    </p>
   </div>
   <div class='ocr_carea' id='block_1_50' title="bbox 1933 2633 3357 2728">
    <p class='ocr_par' dir='ltr' id='par_1_50' title="bbox 1945 2633 3357 2728">
     <span class='ocr_line' id='line_1_51' title="bbox 1945 2633 3357 2728; baseline -0.013 -11"><span class='ocrx_word' id='word_1_368' title='bbox 1945 2633 2172 2727; x_wconf 70' lang='lat' dir='ltr'><strong>scribat,</strong></span> <span class='ocrx_word' id='word_1_369' title='bbox 2208 2633 2298 2713; x_wconf 81' lang='lat' dir='ltr'><strong>aut</strong></span> <span class='ocrx_word' id='word_1_370' title='bbox 2326 2656 2637 2728; x_wconf 88' lang='lat' dir='ltr'><strong>provisione</strong></span> <span class='ocrx_word' id='word_1_371' title='bbox 2676 2654 2850 2721; x_wconf 74' lang='lat' dir='ltr'><strong>aliqua</strong></span> <span class='ocrx_word' id='word_1_372' title='bbox 2885 2653 3057 2721; x_wconf 88' lang='lat' dir='ltr'><strong>ipsum</strong></span> <span class='ocrx_word' id='word_1_373' title='bbox 3092 2650 3357 2719; x_wconf 74' lang='lat' dir='ltr'><strong>dignetur.</strong></span> 
     </span>
    </p>
   </div>
   <div class='ocr_carea' id='block_1_51' title="bbox 272 2725 1832 2804">
    <p class='ocr_par' dir='ltr' id='par_1_51' title="bbox 272 2725 1832 2804">
     <span class='ocr_line' id='line_1_52' title="bbox 272 2725 1832 2804; baseline -0.026 6"><span class='ocrx_word' id='word_1_374' title='bbox 272 2739 553 2792; x_wconf 66' lang='grc' dir='ltr'><strong>κοινωνεῖν</strong></span> <span class='ocrx_word' id='word_1_375' title='bbox 572 2732 791 2804; x_wconf 71' lang='grc' dir='ltr'><strong>αὖτῷνῆ</strong></span> <span class='ocrx_word' id='word_1_376' title='bbox 821 2737 934 2794; x_wconf 82' lang='grc' dir='ltr'>τοῖς</span> <span class='ocrx_word' id='word_1_377' title='bbox 966 2730 1290 2799; x_wconf 83' lang='grc' dir='ltr'>γράμμασιν</span> <span class='ocrx_word' id='word_1_378' title='bbox 1312 2725 1474 2779; x_wconf 80' lang='grc' dir='ltr'>αὑτοῦ</span> <span class='ocrx_word' id='word_1_379' title='bbox 1495 2726 1832 2794; x_wconf 67' lang='grc' dir='ltr'>ὑπογράφειν</span> 
     </span>
    </p>
   </div>
   <div class='ocr_carea' id='block_1_52' title="bbox 271 2820 1339 2907">
    <p class='ocr_par' dir='ltr' id='par_1_52' title="bbox 271 2820 1339 2907">
     <span class='ocr_line' id='line_1_53' title="bbox 271 2820 1339 2907; baseline -0.007 -26"><span class='ocrx_word' id='word_1_380' title='bbox 271 2844 306 2907; x_wconf 64' lang='grc' dir='ltr'><strong>ἦ</strong></span> <span class='ocrx_word' id='word_1_381' title='bbox 340 2831 589 2899; x_wconf 73' lang='grc' dir='ltr'>προνοίας</span> <span class='ocrx_word' id='word_1_382' title='bbox 624 2828 766 2888; x_wconf 67' lang='grc' dir='ltr'>τινος</span> <span class='ocrx_word' id='word_1_383' title='bbox 796 2824 930 2887; x_wconf 79' lang='grc' dir='ltr'><strong>ὅλως</strong></span> <span class='ocrx_word' id='word_1_384' title='bbox 954 2824 1115 2878; x_wconf 72' lang='grc' dir='ltr'>αὑτὸν</span> <span class='ocrx_word' id='word_1_385' title='bbox 1134 2820 1339 2887; x_wconf 77' lang='grc' dir='ltr'>ἀξιοῦν.</span> 
     </span>
    </p>
   </div>
  </div>
