4056 6380
456 299 515 364 11
1491 352 1502 362 .
1925 304 2058 368 NO']

2106 309 2271 373 .TIA.
3160 318 3163 325 ’
3644 303 3708 366 1‘2

510 418 857 491 Septuaginta
887 419 1101 476 circiter
1122 417 1277 475 annis
1302 424 1423 489 post
1454 417 1609 476 Joan.
1650 414 1920 479 zenaram
1953 425 2252 480 canonibus
2278 424 2663 481 ecclesiasticis
2691 422 3026 480 illustrandis
3075 421 3314 480 animum
3351 419 3555 490 appulit
3582 418 3707 474 Bal-

435 523 647 574 samon,
671 509 762 579 qui
794 511 990 580 passim
1021 509 1252 564 libenter
1280 508 1396 577 ejus
1419 509 1598 566 verbis
1627 518 1682 565 et
1711 513 1998 567 sententiis
2032 513 2105 583 (ο)
2144 514 2331 580 utitur,
2361 523 2415 569 et
2446 513 2613 568 semel
2643 514 2825 568 laudat
2853 514 3016 567 etiam
3063 511 3131 568 de
3177 510 3417 573 nomine,
3453 509 3503 561 in
3544 507 3709 563 scho-

434 596 522 651 liis
551 598 616 651 ad
650 597 941 667 Epistulam
982 597 1299 651 canonicam
1334 595 1392 651 S.
1422 596 1725 662 Athanasii,
1760 607 1891 653 tom.
1929 600 1968 654 ll
1998 600 2036 654 S

2114 602 2255 656 odici
2287 601 2659 671 Beveregiani,
2695 615 2818 672 pag.
2843 602 2911 655 57
2942 618 2956 656 :
2992 597 3473 668 ’Υπερφυέστατος
3497 597 3709 658 ἐκεῖνος

434 685 697 756 Ζωναρᾶς
720 684 900 753 σοφῶς
929 686 1023 738 καὶ
1052 682 1387 756 ὑπερδεξίως
1427 686 1521 738 καὶ
1553 685 1630 749 ὡς
1660 685 1761 739 οὐκ
1796 686 1862 741 ἄν
1885 704 1969 751 τις
2006 705 2036 741 κ

2114 689 2334 751 ιττόνως
2355 688 2695 758 ἡρμήνευσε.
2733 686 2888 743 Unde
2928 687 3184 741 falluntur
3215 725 3230 751 ,
3260 684 3351 754 qui
3381 699 3502 738 cum
3533 680 3707 735 Natali

432 773 741 828 Alexandro
772 771 871 841 (p),
904 769 1283 827 Balsamonem
1308 781 1433 827 ante
1457 770 1682 828 Zonaras
1712 783 1954 844 tempora
1982 773 2231 830 ﬂoruisse
2256 812 2273 840 ,
2300 775 2651 830 verisimilius
2682 783 2875 844 putant
2904 790 2919 841 ;
2956 786 3117 843 atque
3150 774 3196 829 si
3233 772 3407 826 aetatis
3439 774 3700 823 rationem

431 876 551 930 quae
585 860 684 931 ipsi
722 860 889 931 probe
920 868 1037 915 erat
1059 860 1297 929 cognita,
1326 860 1527 915 habere
1550 861 1810 918 voluisset
1835 862 2184 934 Beveregius,
2219 861 2445 918 Zonaras
2474 864 2680 918 scholia
2708 863 3160 926 Balsamonianis,
3189 870 3247 916 ut
3282 863 3339 915 lit
3372 863 3422 914 in
3456 875 3557 911 ms.
3590 858 3695 909 Ba-

431 950 519 1005 sil.
552 966 658 1006 non
684 951 798 1004 hmc
835 949 942 1003 illis
972 949 1023 1001 in
1057 948 1320 1018 praeclaro
1351 949 1440 1002 illo
1470 964 1569 1005 suo
1599 952 1862 1021 synodico
1896 951 2268 1021 praemisisset.
2302 950 2406 1006 Sed
2437 952 2745 1007 auctoritati
2794 961 2850 1005 et
2879 949 3173 1004 eruditioni
3227 947 3565 1001 Balsamonis
3591 947 3706 1013 pri-

432 1053 577 1091 mum
610 1037 787 1092 locum
816 1036 1118 1091 concedere
1147 1036 1357 1091 maluit.
1390 1035 1575 1107 itaque
1605 1039 1744 1093 idem
1776 1039 2082 1093 Balsamoni
2117 1050 2170 1092 et
2198 1038 2422 1095 Zonara:
2445 1039 2671 1094 seboliis
2711 1038 2944 1108 subjecit
2988 1038 3192 1093 scholia
3224 1037 3395 1090 Alexii
3423 1032 3658 1088 Aristeni
3687 1072 3706 1098 ,

431 1127 609 1197 magni
637 1125 928 1189 (economi,
955 1124 1083 1180 licet
1107 1135 1161 1180 et
1190 1123 1279 1180 ille
1315 1122 1470 1196 (post
1502 1124 1769 1181 Zonaram
1806 1128 2024 1198 quidem
2053 1168 2069 1195 ,
2111 1128 2236 1198 sed)
2282 1140 2408 1184 ante
2440 1120 2820 1184 Balsam'onem
2864 1129 2996 1183 circ.
3029 1143 3119 1181 an.
3142 1127 3244 1181 Ch.
3284 1125 3442 1191 1150,
3473 1124 3708 1189 scripse-

429 1216 519 1281 rit,
550 1224 601 1269 et
625 1216 779 1269 abeo
811 1214 1059 1269 laudetur
1087 1215 1155 1268 ad
1184 1228 1307 1269 can.
1340 1214 1372 1268 6
1399 1213 1754 1283 apostolicum
1812 1225 1868 1270 et
1928 1216 1995 1271 ad
2052 1214 2369 1272 Trullanum
2426 1232 2637 1273 xxxvn.
2700 1215 2911 1272 Zonara
2964 1218 3130 1270 etiam
3178 1214 3538 1283 antiquiorem
3573 1210 3705 1264 facit

425 1303 679 1366 Allatins,
715 1302 791 1356 De
818 1317 1095 1367 consensu,
1131 1312 1265 1365 ete.,
1299 1316 1421 1372 pag.
1454 1300 1579 1356 419.
1620 1302 1700 1356 Ab
1735 1303 1945 1365 eodem.
1969 1319 2023 1374 p.
2059 1304 2182 1370 191,
2213 1315 2342 1359 ante
2365 1303 2699 1360 Aristenum.
2728 1304 2996 1359 Zonaram
3030 1312 3085 1357 ct
3116 1300 3491 1359 Balsamonem
3526 1297 3703 1365 epito-

426 1402 603 1447 mator
634 1405 901 1446 canonum
940 1391 1071 1445 satis
1101 1391 1357 1459 antiquus
1389 1388 1609 1446 Graecus
1643 1390 1859 1444 citatur.
1894 1390 2038 1446 Idem
2065 1432 2081 1459 ,
2136 1409 2189 1462 p.
2233 1393 2339 1447 551
2367 1433 2383 1459 ,
2418 1394 2496 1449 ait
2552 1407 2616 1447 ex
2653 1391 2844 1447 Alexio
2878 1404 2973 1447 sua
3026 1390 3269 1445 hausisse
3300 1387 3699 1442 Balsamonem.

426 1482 641 1553 (ΡΑιιιι.)
680 1483 753 1538 De
780 1489 967 1536 nostro
997 1478 1310 1542 Theodoro,
1340 1479 1459 1534 viro
1479 1479 1620 1549 juris
1649 1480 2004 1555 ecclesiastici
2034 1480 2698 1555 consultissimo,confer.
2735 1480 2901 1536 Gerh.
2941 1495 3041 1534 von
3096 1476 3396 1538 Mastricht,
3436 1473 3574 1528 Ilist.
3605 1473 3704 1541 ju-

314 1612 319 1615 -
430 1577 502 1626 ris
550 1572 734 1627 eccles.
802 1587 857 1624 ιι.
892 1570 996 1625 559
1026 1583 1148 1637 sqq.
1176 1582 1231 1637 p.
1276 1567 1404 1636 377,
1442 1566 1506 1623 G.
1532 1568 1694 1632 Cave,
1728 1554 1868 1622 "ist.
1904 1568 2067 1623 litter.
2112 1567 2215 1623 SS.
2255 1554 2618 1623 Ecclesftom.
2661 1567 2724 1635 ll,
2752 1584 2870 1638 pag.
2900 1567 3115 1621 216-—
3143 1564 3333 1619 Ell.du
3367 1562 3486 1628 Pin,
3520 1558 3699 1616 Nouv.

426 1659 551 1715 bibl.
586 1669 718 1716 tom.
748 1658 843 1724 1X,
876 1675 928 1730 p.
952 1657 1079 1723 201,
1101 1659 1139 1713 f.
1170 1657 1277 1712 vol.
1308 1653 1375 1721 X,
1410 1671 1462 1726 p.
1503 1656 1636 1724 191;
1669 1657 1730 1711 C.
1771 1655 1968 1711 Oudin.
2005 1656 2209 1712 Comm.
2241 1658 2303 1710 de
2331 1655 2431 1711 SS.
2468 1654 2669 1713 Eccles.
2702 1669 2833 1711 tom.
2868 1648 2930 1720 ll,
2965 1672 3018 1725 p.
3051 1654 3213 1720 1606,
3239 1667 3359 1723 sqq.
3385 1650 3520 1722 (qui,
3554 1649 3699 1704 nulla

422 1747 790 1804 vero-reddita
822 1747 1055 1812 ratione,
1079 1745 1330 1815 nulloque
1356 1744 1597 1801 adducto
1641 1754 1805 1809 teste,
1835 1744 2181 1800 Theodorum
2210 1745 2524 1821 pronuntiat
2556 1755 2825 1800 mortuum
2851 1757 2968 1800 esse
2992 1754 3261 1813 provecta:
3286 1743 3482 1803 aetatis,
3511 1756 3561 1793 a.
3594 1738 3697 1792 Ch.

429 1839 585 1903 1214,
619 1848 743 1893 cum
772 1836 984 1892 titulum
1014 1833 1397 1906 patriarchalis
1424 1832 1683 1889 Ecclesia:
1715 1833 2070 1890 Antiochense
2098 1848 2193 1903 per
2225 1848 2398 1889 annos
2425 1833 2495 1889 28
2527 1832 2866 1904 tenuisset);
2895 1831 3057 1886 Joau.
3103 1829 3338 1885 Fabricii
3373 1827 3519 1882 Hist.
3567 1825 3674 1878 bibl

421 1924 641 1980 Fabric.
675 1926 730 1981 in
761 1933 914 1994 parte
946 1937 1008 1989 ιι,
1048 1936 1172 1991 pag.
1202 1921 1306 1977 357
1343 1936 1487 1993 seq.,
1516 1920 1605 1977 ubi
1638 1935 1668 1975 a
1699 1936 1821 1991 pag.
1863 1920 1969 1977 535
2007 1922 2336 1993 Synodicon,
2377 1923 2493 1978 sive
2527 1922 2827 1977 Pandeclas
2881 1932 3147 1976 canonum
3195 1933 3269 1973 ss.
3326 1915 3697 1986 apostolorqu

418 2015 489 2069 ab
514 2012 755 2070 Ecclesia
790 2018 1316 2082 receptorum,etc.,
1352 2024 1449 2080 per
1473 2006 1616 2064 Guil.
1647 2006 1998 2078 Beveregiurn
2039 2008 2216 2064 Oxon.
2253 2007 2409 2076 1672,
2448 2008 2540 2064 fol.
2579 2021 2709 2066 tom.
2744 2009 2792 2064 ll
2826 2017 3105 2074 recenset;
3158 2014 3212 2062 et
3274 2021 3396 2075 pag.
3451 2003 3554 2059 537
3581 2039 3597 2067 ,
3631 2003 3701 2057 de

420 2103 711 2158 Theodoro
741 2100 1062 2156 Balsamone
1095 2099 1244 2165 agit;
1276 2111 1341 2151 ac
1367 2112 1491 2167 pag.
1524 2095 1650 2164 358,
1681 2096 1819 2153 alios
1850 2097 1917 2153 de
1945 2106 2132 2153 nostro
2170 2098 2380 2161 laudat;
2418 2095 2769 2169 llaruberger.
2800 2099 2849 2153 in
2882 2096 3184 2151 Zuverlau.
3216 2092 3420 2148 Nachr.
3444 2100 3588 2162 part.
3619 2105 3696 2144 tv.

418 2207 540 2262 pag.
570 2188 955 2259 290-291,qui
990 2186 1151 2253 alios,
1186 2202 1388 2241 annum
1418 2186 1607 2241 mortis
1637 2186 1906 2242 Theodori
1937 2185 2023 2241 vel
2054 2183 2208 2251 1180,
2239 2185 2320 2241 vel
2356 2186 2515 2255 1203,
2566 2186 2649 2241 vel
2703 2185 2864 2250 1214,
2898 2187 3244 2256 designantes
3296 2181 3498 2236 refutat
3540 2196 3554 2235 :
3596 2192 3698 2233 nec

420 2293 600 2337 tenacti
626 2280 762 2335 certi
815 2276 1022 2346 aliquid
1047 2275 1281 2330 delinire
1306 2287 1556 2340 conatur,
1586 2275 1681 2330 sed
1712 2272 2109 2340 tantummodo,
2149 2274 2326 2344 ipsum
2354 2278 2530 2331 adhuc
2564 2285 2684 2342 post
2744 2291 2833 2329 an.
2887 2274 3027 2329 119‘2
3072 2274 3125 2328 in
3165 2271 3302 2326 vivis
3346 2268 3545 2333 fuisse,
3596 2267 3696 2321 de-

415 2369 623 2435 clarat;
658 2365 902 2423 Christu.
937 2362 1163 2420 Godofr.
1193 2360 1515 2429 lloll‘utanu,
1550 2362 1605 2416 in
1634 2361 1867 2418 Historia
1897 2361 2039 2432 juris
2071 2354 2690 2430 Romano-Justinianei,
2723 2371 2863 2433 part.
2895 2377 2935 2426 1,
2963 2362 3055 2416 lib.
3091 2374 3174 2425 ιιι,
3198 2371 3320 2427 cap.
3356 2357 3408 2423 6,
3444 2354 3470 2427 §
3503 2356 3535 2410 6
3560 2361 3613 2410 et
3641 2352 3699 2417 7,

415 2473 537 2529 pag.
568 2456 675 2512 715
698 2455 825 2510 716.
873 2468 1036 2524 sqq.;
1064 2482 1133 2493 ——
1158 2448 1319 2508 Joan.
1347 2450 1484 2521 Aug.
1515 2447 1711 2514 Baclt.,
1740 2450 1792 2505 itt
1831 2448 2070 2505 Historia
2094 2452 2535 2521 jurisprudentia’
2565 2450 2841 2513 Romanae,
2876 2450 2969 2505 lib.
3005 2463 3083 2515 tv,
3115 2462 3235 2517 cap.
3265 2446 3301 2498 ‘2
3330 2485 3345 2509 ,
3379 2446 3407 2516 §
3439 2443 3528 2509 11,
3566 2459 3693 2513 pag.

415 2549 522 2604 654
545 2562 665 2617 seq.
694 2544 828 2601 etm-
859 2544 894 2600 5
920 2544 1060 2613 Aug.
1090 2540 1308 2600 Comei-
1344 2538 1703 2597 SIOCKInann.
1750 2537 1912 2609 Lips.
1951 2539 2115 2608 1796,
2150 2541 2184 2597 8
2211 2560 2227 2609 ;
2256 2571 2326 2582 ——
2358 2543 2605 2607 Saxiuut,
2631 2541 2683 2594 in
2718 2539 2995 2594 Ouomast.
3022 2539 3251 2592 litterar.
3290 2546 3432 2605 part.
3472 2548 3534 2598 ιι,
3570 2547 3697 2600 pag.

412 2636 518 2691 266
547 2650 689 2707 seq.,
720 2634 809 2705 qui
846 2642 1088 2693 nostrum
1121 2632 1268 2689 circa
1296 2648 1386 2687 an.
1422 2630 1557 2687 1179
1591 2631 1826 2686 maxime
1848 2628 2119 2695 ﬂoruisse,
2153 2629 2362 2695 scribit,
2409 2641 2462 2686 et
2512 2638 2706 2700 praeter
2763 2628 2920 2695 alios,
2953 2641 3089 2698 quos
3122 2626 3279 2690 citat,
3320 2623 3467 2693 Pagii
3503 2619 3693 2677 Critic.

410 2724 613 2781 3am".
644 2740 734 2779 an.
770 2720 931 2791 1179,
964 2720 1107 2785 XXI,
1130 2721 1333 2776 laudat.
1366 2719 1588 2791 (Hann)

1591 2858 1854 2915 Theodori
1893 2856 2234 2914 Balsamonia
2279 2859 2499 2928 scripta.

484 2979 526 3034 1.
557 2976 769 3035 Scholia
820 2977 874 3030 in
933 2974 1171 3030 Canam:
1203 2972 1555 3029 conciliorum
1606 2970 1963 3041 Patrumque,
1996 2978 2051 3026 et
2081 2968 2234 3026 ltiSCe
2264 2972 2603 3036 praemissqu
2636 2968 2811 3026 Photii
2845 2970 3171 3041 patriarchae
3227 2966 3685 3039 Nomocanonem,

410 3068 526 3123 sire
554 3066 731 3135 legum
776 3062 1255 3134 imperatoriarum
1282 3069 1339 3117 et
1370 3060 1862 3116 ecclesiasticorum
1905 3072 2175 3113 canonum
2211 3060 2580 3115 concordiam.
2614 3058 2727 3115 lloe
2767 3061 3096 3129 praecipuum
3137 3072 3294 3128 opus,
3335 3058 3492 3125 jussu
3520 3059 3691 3128 impe-

408 3155 609 3210 ratoris
636 3152 899 3207 Manuclis
926 3149 1212 3217 Comncni,
1253 3148 1347 3219 qui
1379 3164 1468 3201 an.
1503 3146 1640 3201 1180
1671 3147 1805 3200 obiit
1849 3154 1901 3201 et
1927 3147 2250 3217 patriarclne
2306 3146 2464 3202 CPol.
2513 3146 2788 3202 Michaelis
2844 3146 3113 3210 Anchiali,
3152 3162 3241 3200 an.
3277 3146 3678 3200 1177defuncti

406 3251 721 3312 susceptum
756 3257 785 3296 a
818 3239 1143 3294 Balsatnone
1173 3237 1352 3291 adhuc
1384 3236 1638 3298 diacono,
1666 3235 1808 3303 quod
1846 3237 2155 3304 patriarcha
2179 3235 2289 3305 jam
2319 3236 2691 3292 Antioclzcnus
2724 3236 2787 3289 ad
2822 3236 3139 3291 umbilicum
3174 3237 3423 3304 perduxit
3447 3234 3689 3291 ctGeore

406 3332 494 3402 gio
530 3330 807 3401 Xipltilino
842 3328 932 3401 (ab
957 3343 1046 3383 an.
1080 3325 1242 3396 1192)
1276 3324 1600 3394 patriarchae
1621 3323 1782 3378 CPol.
1802 3324 2093 3379 dedicarit.
2119 3325 2314 3379 Tutum
2346 3325 2552 3394 primus
2579 3324 2770 3379 Latine
2799 3341 2861 3379 ex
2887 3324 3043 3378 Joan.
3076 3323 3221 3379 Tillii
3249 3323 3435 3378 codice
3464 3338 3678 3377 versum

406 3421 574 3478 :didit
608 3418 906 3475 Gentiauus
936 3414 1222 3481 llervetus,
1253 3413 1428 3468 Paris.
1462 3412 1623 3477 1561,
1658 3413 1750 3467 fol.
1783 3412 1972 3466 Graece
2005 3422 2061 3467 et
2085 3412 2274 3467 Latine
2305 3428 2428 3492 cum
2463 3413 2679 3468 llerveti
2711 3408 2967 3469 versione
3005 3413 3211 3468 Fronto
3243 3415 3487 3479 Duemus,
3522 3412 3682 3478 ibid.,

404 3508 565 3573 1620,
600 3508 687 3561 fol.
720 3505 1017 3575 lutegriore
1050 3504 1238 3558 codice
1268 3502 1321 3555 in
1348 3490 1729 3554 Νοιιιοὲαηοηε
1761 3516 1892 3556 usus
1924 3512 2008 3555 εει
2056 3501 2322 3557 llenricus
2368 3490 2630 3572 iAgylaeus
2664 3544 2679 3569 ,
2738 3518 2859 3558 cum
2912 3503 3065 3571 cujus
3108 3504 3360 3557 versione
3402 3506 3562 3571 (eam
3591 3517 3678 3555 an.

403 3596 567 3661 1562,
604 3594 701 3649 fol.
733 3590 1291 3648 Basilitaeexcudcrat
1320 3588 1612 3659 Oporinos)
1656 3588 1943 3644 emendata
1978 3591 2104 3643 hinc
2135 3591 2256 3644 inde
2283 3605 2345 3646 ac
2375 3591 2618 3660 snppleta
2655 3590 3077 3645 Nomocanonem
3112 3590 3316 3658 Photii,
3348 3591 3685 3647 Balsatnonis

402 3683 625 3740 scholiis
656 3682 1007 3744 illustratum,
1046 3678 1234 3732 Graece
1268 3693 1333 3732 ex
1365 3678 1486 3733 cod.
1522 3678 1650 3731 bibl.
1678 3676 1937 3732 Palatina:
1969 3678 2204 3747 vulgavit
2230 3679 2493 3734 llenricus
2521 3679 2781 3736 Justellus
2822 3678 2994 3733 Paris.
3028 3680 3189 3747 1615,
3228 3681 3297 3747 4;
3362 3690 3527 3750 atque
3584 3693 3673 3734 se-

402 3773 593 3830 cundis
622 3772 770 3827 curis
788 3770 981 3826 collata
1016 3768 1253 3823 editione
1278 3767 1402 3820 anui
1434 3765 1592 3833 1626,
1621 3776 1674 3821 et
1702 3765 2070 3821 llazariniano
2122 3768 2327 3832 codice,
2393 3783 2495 3824 nec
2552 3784 2658 3824 non
2713 3768 2888 3822 Photii
2947 3770 3263 3838 praefatione
3307 3784 3371 3822 ex
3418 3782 3518 3821 ms.
3550 3765 3683 3821 bibl.

404 3863 608 3918 Bodlei.
637 3860 945 3930 praemissa,
977 3855 1149 3912 Paris.
1183 3856 1312 3911 1661
1352 3853 1445 3910 fol.
1484 3858 1536 3911 in
1564 3856 1905 3911 bibliotheca:
1933 3856 2225 3911 Canonieae
2258 3867 2403 3913 tumo
2434 3858 2673 3911 secundo
2700 3874 2750 3927 p.
2778 3857 2905 3912 785.
2960 3858 3180 3913 Scholia
3216 3871 3343 3911 vero
3370 3857 3419 3910 in
3443 3869 3679 3909 canones

401 3950 755 4005 conciliorum
785 3950 844 4001 ac
881 3946 1102 4001 Patrum
1132 3946 1292 4016 lange
1325 3944 1615 4015 integriora
1651 3960 1717 4000 ex
1742 3945 2025 4000 codicibus
2056 3945 2349 4001 Bodleiano
2373 3988 2387 4014 ,
2454 3946 2740 4002 [Etonensi
2790 3957 2846 4003 et
2895 3946 3191 4002 Basilcensi
3238 3944 3674 4000 Amerbachiano

400 4039 661 4092 habemus
690 4034 879 4091 Graece
905 4044 957 4089 et
993 4033 1187 4089 Latine
1216 4034 1432 4103 vulgata
1461 4034 1514 4088 in
1553 4034 1772 4088 laudato
1809 4032 1954 4090 Guil.
2016 4035 2291 4103 Beveregii
2358 4036 2621 4107 synodico
2670 4036 2849 4092 Oxon.
2889 4034 3028 4089 1672
3063 4034 3158 4090 fol.
3209 4034 3420 4089 duobus
3462 4034 3674 4088 velum.

400 4142 508 4181 una
539 4142 661 4183 cum
693 4125 927 4182 scholiis»
953 4123 1110 4180 Joau.
1144 4122 1370 4178 Zonaras
1404 4132 1459 4178 et
1483 4122 1661 4178 Alcxii
1692 4123 1927 4179 Aristeui
1963 4125 2017 4178 in
2056 4125 2277 4178 eosdem
2304 4136 2541 4180 canones
2597 4135 2651 4179 et
2706 4124 2943 4179 Matthaei
2999 4122 3261 4177 Blastaris
3326 4120 3680 4192 Syntagmate

396 4231 667 4274 canonum
702 4217 878 4286 legum
909 4214 1271 4284 alphabetico.
1304 4213 1377 4269 De
1399 4212 1589 4268 eodiee
1623 4211 1821 4283 insigni
1849 4214 2097 4268 C-csareo
2128 4210 2289 4282 hujus
2318 4216 2499 4282 oneris
2530 4215 2649 4269 vide
2691 4207 3040 4269 Lambecium
3080 4210 3167 4279 V1,
3198 4226 3319 4282 pag.
3356 4200 3439 4265 ‘51
3510 4225 3627 4281 seq.
3658 4226 3678 4277 ;

397 4307 567 4362 FAIR.
592 4321 639 4361 s.
670 4320 724 4375 p.
757 4320 842 4360 ιιι.
875 4318 998 4373 sqq.
1042 4320 1099 4357 ιι.
1122 4318 1172 4369 Δι,
1205 4318 1328 4358 cum
1356 4300 1533 4356 Photii
1567 4299 1968 4367 Nomocaaone,
2001 4301 2092 4358 ed.
2129 4302 2337 4358 Kollar.
2386 4303 2499 4375 (ubi
2559 4301 2813 4359 Lambee.
2866 4303 3186 4371 comprobat
3235 4300 3500 4372 judicium
3531 4299 3677 4355 Phil.

396 4395 619 4459 Labbci,
646 4393 699 4448 in
735 4401 887 4449 torno
914 4392 978 4445 11.
1014 4390 1240 4445 Dissert.
1271 4390 1335 4444 de
1355 4390 1537 4457 script.
1562 4390 1952 4453 ecclesiasticis,
1981 4406 2034 4461 p.
2070 4391 2176 4447 596
2205 4407 2287 4461 sq.
2322 4392 2487 4446 latum
2509 4433 2525 4459 ,
2555 4392 2901 4446 Theodorum
2938 4390 3312 4448 Balsamonem
3339 4434 3353 4457 ,
3419 4392 3681 4448 Rotuana:

360 4553 365 4557 ρ
395 4482 546 4541 lich
577 4482 810 4547 hostem,
838 4479 894 4535 in
924 4478 1038 4535 suis
1062 4476 1486 4533 Commentariis
1516 4477 1685 4532 multa
1711 4474 1975 4533 ell'utiisse
2005 4480 2063 4534 in
2088 4479 2460 4535 defensionem
2514 4479 2774 4535 falsorum
2828 4481 3192 4551 quorumdam
3240 4496 3534 4535 canonum.
3564 4483 3581 4547 )
3616 4481 3674 4536 lu

391 4572 514 4628 eod.
542 4567 652 4625 vol.
680 4585 733 4641 p.
764 4568 891 4632 114,
919 4568 1219 4636 eodemque
1246 4567 1369 4621 cod.
1406 4564 1494 4630 15,
1528 4582 1581 4621 ιι.
1612 4564 1668 4633 2,
1702 4575 1832 4622 sunt
1858 4582 2096 4623 canones
2127 4580 2440 4626 sanctorum
2473 4568 2865 4640 apostolorum,
2894 4571 3280 4640 variorumque
3312 4571 3672 4625 conciliorum

393 4658 723 4731 generalium
770 4666 825 4712 et
855 4655 1296 4727 provincialium,
1339 4663 1477 4710 utet
1508 4654 1850 4712 diversorum
1885 4666 2016 4713 vett.
2042 4658 2265 4713 Patrum
2293 4658 2536 4727 epistolae
2563 4659 2858 4726 canonica,
2885 4674 3006 4714 cum
3037 4656 3307 4713 Theodori
3335 4659 3679 4716 Balsamouis

391 4745 817 4804 Commentariis
846 4743 1220 4814 amplissimis,
1249 4742 1339 4798 ubi
1373 4740 1629 4799 Lambec.
1661 4750 1908 4812 adnotat,
1934 4746 2116 4800 omnia
2147 4746 2370 4813 quidem
2400 4747 2549 4801 edita
2590 4760 2711 4813 esse
2738 4746 2799 4800 in
2841 4747 2929 4801 ed.
2972 4747 3148 4802 Paris.
3178 4748 3319 4803 16'20
3346 4786 3360 4813 ,
3424 4749 3515 4803 fol.
3553 4764 3672 4818 pag.

388 4832 979 4913 23-_1088;bencliclo
1008 4842 1186 4888 tamen
1215 4830 1368 4888 illius
1389 4831 1510 4889 cod.
1541 4833 1850 4895 Vindobou.
1873 4848 2037 4907 posse
2067 4834 2249 4891 multis
2282 4833 2418 4891 locis
2447 4834 2727 4891 emendari
2760 4848 2824 4891 ac
2866 4836 3125 4908 suppleri.
3154 4866 3221 4878 —
3249 4838 3306 4892 1n
3360 4841 3480 4893 cod.
3525 4838 3678 4906 256',

318 4934 319 4937 “
399 4944 457 4983 ιι.
490 4924 544 4990 7,
569 4934 697 4980 sunt
720 4936 958 4979 canones
988 4921 1209 4993 quidam
1236 4932 1559 4989 sanctorum
1586 4922 1976 4993 apostolorum,
2009 4938 2132 4979 cum
2161 4924 2501 4995 expositione
2527 4920 2798 4980 Theodori
2843 4923 3078 4982 Balsam.
3114 4924 3177 4981 γ.
3227 4926 3483 4983 Lambee.
3513 4926 3578 4993 V,
3616 4944 3671 4998 p.

391 5006 522 5079 563,
549 5011 645 5082 qui
686 5012 740 5068 in
764 5011 876 5067 vol.
908 5008 1003 5077 111,
1032 5025 1156 5082 pag.
1198 5008 1293 5076 76,
1332 5010 1723 5080 interpretatur
1751 5011 1792 5066 '1‘
1800 5010 1962 5067 beod.
1998 5009 2239 5067 Balsam.
2263 5011 2442 5067 locum
2473 5013 2529 5067 in
2557 5012 2921 5083 explicatione
2954 5015 3155 5072 decimi
3199 5016 3416 5088 septimi
3446 5018 3677 5073 canonis

391 5101 606 5161 concilii
636 5098 949 5157 Laudiceni.
978 5127 1050 5140 —
1078 5099 1137 5154 1n
1172 5100 1297 5156 cod.
1330 5097 1593 5155 Βιθυνίδι.
1630 5097 1872 5165 Balsam,
1905 5112 1954 5156 s.
1983 5096 2268 5170 Expositio
2303 5103 2357 5156 in
2380 5102 2556 5158 Photii
2586 5098 2881 5160 Nomocan.
2909 5113 2965 5160 et
3010 5104 3239 5175 reliqua,
3282 5114 3421 5161 teste
3479 5104 3673 5162 Pluere

405 5192 461 5249 in
491 5186 687 5251 ltiner.
717 5205 809 5259 per
834 5186 1065 5265 Hispali.
1090 5196 1212 5263 pag.
1253 5186 1375 5243 191.
1407 5217 1477 5226 —-
1508 5183 1572 5240 In
1598 5185 1718 5241 cod.
1750 5185 1977 5244 Barocc.
2005 5211 2007 5219 λ

2078 5188 2132 5255 1,
2167 5190 2342 5245 PhOtii
2390 5190 2641 5247 Canones
2688 5204 2814 5247 cum
2854 5193 3163 5248 Conuuent.
3189 5191 3566 5261 Balsamonis,
3618 5204 3674 5251 et

388 5284 680 5341 Balsamon
708 5283 761 5336 lu
795 5295 1034 5337 canones
1052 5278 1442 5350 apostolorum.
1480 5304 1552 5318 -
1576 5272 1638 5332 ιιι
1672 5274 1797 5332 eod.
1824 5275 2050 5336 Barocc.
2085 5276 2192 5335 205
2221 5278 2386 5336 iidem
2415 5279 2558 5346 libri,
2583 5288 2748 5351 atque
2779 5296 3018 5338 canones
3044 5290 3100 5338 et
3121 5283 3366 5354 epistolae
3392 5283 3672 5340 canonica

456 5520 535 5587 (υ)
568 5518 859 5574 Cnrrector
897 5528 951 5572 et
974 5518 1263 5601 plagiarius
1294 5514 1517 5597 Zonara:
1546 5515 1743 5570 dicitur
1780 5514 1972 5569 Balsa-
2110 5590 2113 5595 Α
2156 5513 2231 5636 Sp)
2258 5514 2463 5597 Natalis
2495 5516 2653 5599 tiles.
2686 5517 2822 5572 Hist.
2842 5502 3055 5572 ‘Eeeles.
3094 5532 3223 5575 saec.
3255 5516 3323 5572 X1
3356 5525 3411 5571 at
3440 5515 3555 5582 ΧΠ,
3611 5534 3664 5587 p.

456 5606 512 5636 ιιι
542 5604 570 5636 ει
601 5588 841 5636 Νειηὸηο
882 5588 1209 5636 Knalenliull
1240 5604 1291 5636 tn
1325 5596 1471 5636 notis
1493 5586 1558 5636 ad
1593 5587 1712 5636 Act.
1743 5600 1851 5636 xw.
1877 5586 1969 5636 95.
2083 5584 2145 5636 51
2192 5622 2213 5636 .
2243 5587 2307 5636 6⁸
2337 5591 2469 5636 edit.
2497 5604 2549 5636 ιιι
2586 5589 2677 5636 fol.
2709 5605 2724 5636 :
2759 5605 2781 5636 ι
2813 5586 3190 5636 Balsamonem
3214 5608 3277 5636 ex
3313 5588 3522 5636 Zonara
3551 5605 3664 5636 ιιιιι.

389 5584 571 5647 multa
600 5588 841 5645 Neriene
882 5584 1209 5645 Knatcnbull
1238 5588 1291 5641 in
1325 5587 1471 5641 nmis
1493 5586 1558 5641 ad
1592 5587 1712 5641 Act.
1743 5600 1852 5652 xw,
1877 5586 1969 5639 25.
2083 5584 2213 5645 517.
2243 5587 2307 5641 6⁸
2337 5588 2469 5641 edit.
2497 5590 2549 5641 in
2585 5589 2677 5643 fol.
2709 5605 2724 5641 :
2759 5605 2781 5639 ι
2813 5586 3190 5645 Balsamonem
3214 5608 3278 5646 ex
3313 5588 3522 5643 Zonara
3550 5584 3671 5642 tua.

383 5659 585 5717 Confer
623 5660 915 5723 Allatium,
948 5662 1022 5714 De
1047 5668 1295 5713 consensu
1326 5694 1341 5721 ,
1373 5668 1478 5711 etc.
1504 5692 1520 5723 ,
1559 5672 1681 5726 pag.
1717 5656 1864 5727 175;
1916 5666 1972 5711 et
2085 5664 2323 5722 malum,
2362 5657 2499 5712 falso
2527 5658 2801 5727 conjicere
2850 5660 3103 5714 videntur
3147 5662 3346 5716 eruditi
3382 5659 3522 5713 viri:
3558 5658 3667 5714 imo

382 5732 473 5787 W.
500 5732 561 5783 E.
602 5728 862 5784 Tentzelii
898 5732 1125 5787 Disserl.
1156 5732 1218 5785 de
1261 5727 1455 5794 (ηιρῖςὲ
1515 5728 1779 5795 baptismo
1826 5726 1970 5780 Con-
2080 5727 2265 5799 potius
2296 5727 2438 5783 lntnc
2465 5744 2533 5799 ex
2557 5726 2882 5787 Ba’lsamone
2922 5731 3172 5788 transisse
3193 5732 3437 5787 duxerim
3466 5767 3479 5793 ,
3506 5745 3664 5799 quem

379 5800 599 5859 stantini
631 5801 829 5872 Magni,
861 5799 889 5873 δ
926 5800 1011 5857 16.
2082 5805 2208 5852 ante
2244 5797 2422 5869 ipsum
2453 5798 2697 5878 floruisse
2727 5800 3078 5859 verisimilius
3098 5809 3200 5861 est.
3238 5820 3260 5855 ι
