2028 3197
203 151 235 183 15
936 154 1106 186 NOTlTlA-
1793 157 1824 192 16

202 209 288 243 libris,
302 208 448 245 Carolique
463 209 604 238 Annibalis
618 209 752 242 Fahrotti.
768 210 813 246 qui
832 211 983 239 versionem
1001 220 1063 240 cum
1078 211 1180 241 Graecis
1194 220 1261 241 mss.
1281 213 1404 247 contulit,
1422 213 1495 242 notis
1508 213 1665 249 prodierunt
1679 215 1706 243 in
1725 215 1758 243 ll.
1776 216 1825 243 .Iu-

199 254 269 282 stclli
285 253 356 281 Bibl.
369 252 505 281 Canonica
526 258 591 280 tom.
610 253 644 286 ll,
661 261 722 289 pag.
736 254 817 282 1223.
832 254 920 283 Paris.
937 255 1016 288 1661,
1035 256 1082 283 l‘ol.
1098 255 1165 283 Vide
1179 259 1206 284 et
1219 256 1376 284 Fabrottutn
1392 257 1424 284 ad
1440 257 1646 285 Constantinum
1660 258 1824 293 Manassem,

199 306 259 334 pag.
279 297 341 330 193,
357 297 402 324 ubi
417 297 451 324 de
467 296 560 324 codice
578 305 627 325 ms.
649 296 755 333 (ιιἈιιιι.)
771 297 848 326 Couf.
865 298 944 331 infra,
959 299 1013 326 vol.
1032 299 1097 333 Xll;
1113 307 1139 334 p.
1153 300 1215 333 103,
1228 299 1285 328 Jos.
1298 300 1365 329 Mar.
1382 300 1501 329 Suaresii
1516 300 1602 329 Notit.
1621 301 1800 330 Basilieorum
1815 321 1824 336 ,

202 342 245 371 ed.
264 341 295 369 D.
312 341 412 369 Christi
429 340 503 369 Frid.
521 340 618 374 Publii,
636 340 709 376 Lips.
726 341 812 374 1801,
831 341 857 373 8,
876 341 890 378 §
908 342 934 375 9,
949 350 1010 378 pag.
1035 343 1079 371 28,
1106 357 1138 364 -ι
1151 343 1248 371 Exstat
1267 343 1433 371 Balsamouis
1450 343 1578 372 Collectio
1595 345 1822 372 constitutionuiu

199 386 282 413 variis
298 386 324 413 iu
341 384 419 412 codd.
438 393 453 412 e
467 384 515 412 Gr.
534 383 685 413 Viudobon.
704 385 749 418 16,
764 394 793 415 ιι.
811 386 829 413 3
843 386 1014 413 Novellarunt
1032 386 1262 415 Constitutiouum
1280 387 1345 418 imp.
1360 386 1505 414 Justiniaui
1524 386 1533 413 l
1551 387 1673 421 Epilome
1693 388 1824 415 ecclesia-

200 431 278 460 stica,
296 437 310 456 a
325 428 468 456 Theodoro
486 427 601 460 Balsam,
615 429 775 463 composita,
790 434 817 456 et
832 429 858 457 in
882 437 963 465 capp.
987 431 1124 466 octoginta
1138 435 1240 466 septem
1256 432 1352 459 diviSa.
1372 431 1403 459 V.
1419 431 1545 459 Latnhee.
1564 431 1598 459 Vl
1611 452 1619 464 ,
1635 437 1705 466 part.
1723 432 1743 464 Ι,
1759 439 1821 466 pag.

200 473 252 501 118
265 481 325 508 sqq.
345 473 388 500 ed.
405 472 507 500 Kollar.
522 472 611 507 Atque
624 471 750 501 Lambec.
766 473 915 507 adnotavit,
931 479 1039 502 exstare
1059 475 1167 509 quidem
1187 475 1213 502 id
1228 475 1385 510 opusculum
1411 475 1437 502 in
1458 474 1540 502 Voelli
1566 480 1593 502 et
1615 475 1721 503 Justelli
1750 475 1821 503 Bibl.

199 517 247 546 Gr.
267 517 326 544 Lat.
340 515 414 543 luris
428 516 552 544 canonici
570 520 624 543 vet.
642 521 706 543 tom.
723 516 756 550 ll,
773 517 981 552 p.1512-1561,
993 516 1039 544 sed
1055 517 1132 551 longe
1144 516 1234 548 aliter,
1250 524 1329 552 quam
1346 517 1371 543 in
1386 517 1548 544 hoclcodice
1559 517 1660 544 Caesar.
1678 517 1750 549 (sed.
1766 517 1820 544 vid.

199 562 282 597 paulo
299 566 359 596 post
372 560 405 588 de
424 560 504 587 codd.
520 558 632 587 Tauriu.
650 565 676 588 et
690 559 839 596 Marciano)
855 561 975 588 Fabrott.
993 564 1082 587 autetn
1100 559 1128 586 in
1152 559 1240 587 l'route
1256 564 1356 587 monet.
1373 564 1481 587 exstare
1498 560 1525 587 in
1546 560 1634 587 Valic.
1650 561 1711 587 cod.
1728 560 1780 588 856
1795 565 1823 587 (Ἰ

199 604 314 633 Palatiu.
329 605 390 632 cod.
406 603 458 631 226
473 603 523 631 Gr.
536 603 675 631 simillima
688 603 829 631 Paratitla.
844 603 1002 631 —Florent.
1017 603 1045 630 in
1059 603 1121 630 cod.
1138 602 1267 630 Laurent.
1282 603 1309 636 8,
1326 612 1353 630 ιι.
1370 603 1414 636 56,
1430 604 1497 638 plut.
1511 603 1538 636 9,
1557 608 1584 630 et
1601 604 1661 631 eod.
1681 604 1725 636 13,
1742 613 1768 632 n.
1785 604 1819 632 15

198 658 258 685 sqq.
276 650 342 685 plut.
357 649 405 681 56,
418 649 451 676 de
465 648 562 683 quibus
582 647 613 675 V.
634 648 747 676 Bandin.
762 650 789 676 in
803 648 864 677 Cat.
882 649 962 677 codd.
978 648 1024 676 Gr.
1044 647 1126 676 Laur.
1141 647 1163 680 l,
1179 655 1241 683 pag.
1259 648 1322 680 102,
1341 653 1367 675 et
1386 653 1451 676 tom.
1466 647 1499 682 ll,
1517 655 1544 683 p.
1558 647 1777 676 Sid—Taurini
1791 649 1820 677 in

197 696 258 727 cod,
275 701 329 729 reg.
347 693 384 720 26
401 692 447 727 qui
459 691 581 720 continet
603 692 678 719 varia
694 692 830 720 Theodor.
847 692 963 720 Balsam.
983 691 1084 727 Opusc.
1104 692 1379 727 juridico-canouica,
1398 699 1477 726 quem
1500 692 1639 720 coniector
1662 697 1716 720 cat.
1741 694 1820 721 codd.

197 747 239 774 gr.
253 738 333 771 Taur,
348 745 376 772 p.
391 736 425 764 96
440 744 501 771 sqq.
517 739 610 764 curate
625 736 787 772 copioseque
803 741 937 764 recenset.
955 736 1077 763 Primum
1100 739 1191 763 tuonet
1207 740 1300 763 contra
1323 735 1485 768 Nesselium,
1500 736 1526 763 in
1545 735 1606 763 Cat.
1622 737 1686 764 bibl.
1704 736 1819 764 Vindob.

197 787 265 818 part.
283 790 313 813 ιι,
330 789 356 816 ρ.
374 780 420 813 22,
436 788 464 814 ιι,
480 780 508 808 5.
526 780 581 813 (cui
608 785 698 808 tamen
713 780 780 815 jam,
805 785 834 808 ut
852 781 977 813 vidimus,
995 779 1100 815 praeivit
1115 777 1256 814 Lambec.)
1273 778 1463 811 alﬂrmanteut,
1478 779 1545 807 illud
1569 779 1738 808 Balsamonis
1753 787 1821 815 opus

197 827 225 854 in
242 827 302 854 cod.
321 825 434 853 Vindoh.
449 829 556 852 exstare
572 824 598 852 iu
616 823 700 852 Voelli
716 829 744 852 et
758 823 862 852 Justelli
880 823 1047 851 Bibliotheca
1060 842 1069 855 ,
1086 827 1152 850 tom.
1173 822 1206 850 ll.
1226 822 1320 857 Longe
1345 822 1423 851 aliter
1446 827 1535 851 tamen
1560 823 1713 859 expositum
1738 828 1819 859 atque

197 873 344 902 diversum,
357 869 432 897 valde
447 876 559 900 errare;
576 872 603 896 et
619 872 762 901 tractatus,
779 868 824 903 qui
838 867 903 895 editi
918 866 1027 894 fuerunt
1037 875 1052 894 a
1066 867 1159 895 Voello
1172 871 1199 894 et
1212 866 1336 899 Justello,
1351 866 1418 894 alios
1432 874 1543 903 prorsus
1553 874 1613 896 esse
1627 872 1654 895 et
1668 867 1814 896 distinctos

195 916 230 943 ab
245 922 326 950 opere
344 914 371 941 iu
384 913 446 941 cod.
463 913 577 940 'l‘aurin.
594 912 723 948 (quocum
737 913 799 940 cod.
816 912 945 940 Laurent.
969 915 1145 944 memoratus,
1162 911 1255 945 paucis
1272 911 1348 938 initio
1364 912 1488 946 exceptis
1501 932 1508 945 ,
1525 912 1681 944 concordat.
1696 912 1820 940 animad-

194 963 318 988 vertente
332 958 444 985 Bandin.
460 957 479 984 l.
495 956 533 991 c.)
550 955 629 989 Hinc,
646 956 718 989 quod
748 956 776 983 id
803 956 920 991 primqu
952 954 1111 990 opusculum
1128 955 1267 990 (nimirum
1287 954 1331 988 87,
1350 955 1440 989 priora
1460 955 1588 991 capitula)
1606 956 1818 990 praetermissum

193 1003 245 1031 fuit
260 1003 286 1030 in
296 993 383 1030 γοεΗῖ
393 1005 420 1028 et
432 999 537 1029 Justelli
552 999 621 1027 Bibl.
637 1000 711 1034 (nam
727 999 815 1027 iuhac
829 999 943 1034 reliqua,
960 1006 1020 1034 quae
1031 1004 1045 1025 a
1062 997 1127 1025 fullo
1144 997 1197 1025 100
1213 998 1341 1033 deinceps
1355 1002 1505 1032 sequuntur
1520 998 1547 1026 in
1562 1000 1665 1031 codice,
1683 1003 1745 1026 sunt
1761 999 1820 1026 vui-

193 1046 278 1083 gata),
293 1046 432 1073 confector
457 1044 517 1072 Cat.
536 1043 629 1071 titulos
652 1042 819 1078 singulorum
841 1043 959 1078 capitum
977 1049 1009 1069 ex
1031 1041 1093 1069 cod.
1112 1041 1224 1075 protulit
1240 1049 1301 1076 pag.
1319 1041 1431 1070 96-107.
1449 1056 1485 1062 —-
1507 1042 1537 1069 In
1553 1042 1645 1070 codice
1660 1042 1706 1075 26,
1725 1049 1739 1069 a
1754 1041 1820 1070 folio

192 1091 256 1123 262,
269 1090 297 1118 2.
314 1089 347 1117 1⁷.
365 1088 445 1117 cata].
459 1088 506 1116 cit.
525 1095 551 1123 p.
568 1086 629 1115 198.
646 1101 679 1107 —
696 1086 815 1114 Venetiis
832 1088 858 1114 iu
871 1087 933 1114 cod.
950 1085 1088 1113 Marciano
1104 1084 1169 1113 269.
1188 1084 1220 1114 ν.
1231 1085 1291 1113 Cat.
1309 1086 1389 1114 codd.
1403 1085 1451 1114 Gr.
1463 1086 1546 1114 Marc.
1564 1094 1589 1122 p.
1603 1087 1648 1115 98.
1667 1086 1722 1114 Sed
1736 1086 1819 1117 multo

193 1134 350 1163 distinctius
371 1133 508 1160 recensuit
522 1140 583 1159 eum
600 1131 653 1159 cel.
667 1130 781 1164 Morelli,
799 1130 826 1158 iu
843 1129 910 1158 bibl.
926 1137 990 1158 mss.
1006 1128 1054 1156 Gr.
1071 1134 1098 1157 et
1119 1128 1177 1156 Lat.
1195 1130 1218 1162 Ι,
1242 1137 1303 1165 pag.
1319 1129 1366 1162 97,
1383 1137 1480 1165 nempe
1496 1130 1589 1158 insunt
1606 1139 1613 1157 :
1632 1130 1660 1157 1°
1681 1130 1819 1158 Constitu-

194 1180 292 1211 tiones,
305 1185 339 1206 es
354 1178 387 1205 iis
405 1178 524 1209 selectte,
541 1183 611 1210 quas
627 1180 690 1210 post
704 1174 874 1202 Novellarum
890 1174 1011 1202 codicem
1024 1173 1195 1203 Justinianus
1212 1173 1305 1206 edidit,
1321 1170 1372 1201 sub
1390 1180 1466 1208 capp.
1479 1173 1525 1206 87,
1543 1174 1663 1210 syllogcn
1676 1195 1684 1207 ,
1701 1182 1715 1201 a
1730 1173 1820 1201 Theo-

192 1225 259 1250 doro
275 1221 392 1248 Balsam.
408 1221 580 1252 adornatam,
598 1218 728 1252 clItciunt,
743 1218 849 1253 qualem
865 1218 975 1246 exhibet
991 1218 1052 1245 cod.
1068 1217 1260 1249 Taurinensis,
1276 1221 1303 1244 et
1318 1224 1378 1251 quae
1394 1217 1495 1252 sylloge
1510 1224 1525 1244 a
1545 1217 1691 1246 Lambecio
1710 1218 1736 1245 in
1756 1219 1818 1245 cod.

193 1266 345 1294 Vindobon.
361 1271 475 1291 memor.
492 1271 540 1298 pro
556 1262 680 1297 sequenti
699 1262 866 1290 Balsamonis
879 1270 960 1297 opere
974 1269 1116 1296 perperam
1132 1260 1224 1289 habita
1242 1265 1294 1288 est.
1318 1260 1416 1288 Exstat
1438 1268 1544 1296 quoque
1571 1261 1598 1288 in
1619 1262 1680 1289 cod.
1705 1261 1819 1289 Coisliu.
1835 1294 1843 1297 _

192 1318 253 1345 pag.
268 1309 311 1341 87,
329 1308 398 1336 Bibl.
412 1307 594 1335 Coisliniaute.
622 1306 651 1333 2’
667 1305 739 1333 XXV
755 1306 966 1333 Constitutiones
981 1307 1070 1341 legum
1086 1305 1207 1332 civilium
1222 1313 1255 1332 ex
1271 1303 1391 1333 Noveilis
1403 1304 1569 1338 Iustiniani,
1586 1309 1614 1332 ut
1629 1305 1655 1332 in
1667 1306 1727 1333 cod.
1743 1304 1817 1332 Tau-

192 1355 243 1382 tiu.
262 1361 289 1389 p.
308 1351 370 1379 10-1.
386 1352 466 1379 catal.
484 1355 511 1377 et
526 1349 657 1377 Laurent.
672 1357 716 1384 ap.
733 1349 846 1376 Bandin.
865 1349 885 1382 Ι,
901 1356 928 1384 p.
944 1348 1007 1382 178,
1025 1357 1054 1376 ιι.
1072 1347 1152 1383 7-25)
1169 1350 1228 1376 dua:
1244 1349 1416 1376 collectiones
1441 1357 1501 1376 eum
1528 1350 1614 1377 titulis
1641 1350 1738 1383 tribus,
1756 1356 1815 1385 quae

192 1399 333 1426 continent
347 1394 516 1423 Balsamonis
537 1392 730 1420 Collectionem
744 1391 901 1420 Constituit.
917 1392 1174 1425 ecclesiasticarum,
1187 1393 1274 1420 tribus
1286 1392 1362 1420 libris
1378 1393 1546 1426 distinctam,
1564 1394 1672 1429 qualem
1688 1394 1752 1422 bibl.
1767 1395 1817 1421 Ju-

193 1442 263 1469 stelli
278 1439 476 1476 complectitur.
491 1451 528 1458 --
541 1437 628 1465 Paris.
646 1437 673 1463 in
689 1437 750 1464 cod.
766 1436 845 1468 1555,
864 1441 947 1471 atque
962 1444 1022 1471 cap.
1040 1436 1071 1463 1t
1089 1442 1116 1464 et
1132 1437 1165 1463 12
1181 1436 1208 1464 in
1233 1436 1294 1464 cod.
1317 1435 1397 1470 1532,
1417 1444 1444 1464 n.
1470 1437 1516 1470 51,
1543 1437 1609 1465 bibl.
1632 1437 1707 1472 publ.
1736 1437 1816 1465 Cout‘.

193 1486 275 1513 ctiam
293 1484 325 1511 D.
338 1484 417 1517 Casp.
435 1482 532 1510 Achat.
547 1480 629 1514 Beck,
647 1482 684 1508 De
699 1479 817 1508 Novellis
831 1479 928 1507 Leonis
941 1480 1022 1515 Ang.,
1040 1485 1094 1510 etc.
1112 1481 1157 1509 ed.
1181 1481 1214 1509 ι).
1237 1480 1301 1509 Car.
1327 1480 1402 1509 Frid.
1416 1481 1564 1516 Zcperuick
1577 1501 1585 1515 ,
1605 1482 1677 1510 Itala:
1695 1482 1774 1516 1779,
1788 1483 1817 1516 8,

192 1539 221 1566 p.
233 1529 282 1562 27;
298 1528 389 1562 ibique
404 1532 461 1554 uot.
476 1524 658 1561 Zeperuickii,
674 1529 701 1552 et
718 1525 788 1552 hunc
803 1533 829 1559 p.
846 1523 909 1551 562.
927 1523 1042 1561 (Ηλκι.)

228 1572 271 1601 ιιι.
292 1573 431 1606 Responsa
447 1569 520 1597 varia
535 1574 562 1596 ct
576 1568 750 1603 imperatoria
766 1567 853 1595 edicta
868 1575 965 1596 causas
978 1569 1179 1597 ecclesiasticas
1193 1568 1354 1604 spectantia,
1369 1576 1428 1604 quae
1443 1574 1550 1597 exstant
1564 1570 1590 1597 in
1607 1569 1676 1598 libro
1690 1570 1812 1598 secando

192 1619 265 1647 luris
281 1615 507 1646 Graeco-Romani
533 1621 547 1641 a
570 1613 674 1649 Marqu.
692 1612 811 1641 Frehero
836 1613 931 1642 Grtece
951 1619 979 1642 et
996 1613 1053 1640 Lat.
1071 1613 1135 1640 editi
1164 1611 1289 1640 Fraucof.
1306 1612 1387 1646 1596,
1408 1613 1455 1641 ubi
1471 1613 1639 1642 Balsamonis
1654 1621 1752 1642 neuneu
1769 1621 1817 1642 oc-

193 1662 280 1692 currit
296 1668 304 1688 ι

229 1708 257 1735 1.
273 1706 341 1741 Περὶ
356 1704 403 1732 τοῦ
418 1703 563 1740 ἐφειμένον
578 1701 648 1730 εἶναι
673 1702 711 1737 τῷ
738 1702 854 1737 βασιλεῖ,
870 1702 983 1737 ἀνάγειν
998 1703 1030 1729 τὰ

1014 1703 1047 1733 ὰς
1061 1701 1217 1733 ὲπισκοπὰς
1232 1700 1272 1733 εις
1290 1701 1473 1737 μητροπόλεις
1490 1701 1534 1737 (s).
1558 1701 1635 1734 Quod
1658 1702 1814 1737 imperatori

193 1745 348 1787 permissum
363 1749 397 1777 sit
417 1749 579 1784 episcopatus
597 1748 624 1775 in
639 1747 795 1780 metropoles
809 1747 919 1781 erigere,
937 1754 964 1781 p.
984 1746 1046 1773 130.

228 1795 258 1822 2.
270 1794 338 1830 Περὶ
351 1793 441 1828 γάμου
460 1792 535 1823 θείας
551 1792 598 1819 καὶ
614 1791 728 1827 ἀνεψιᾶς
744 1791 813 1826 μετὰ
827 1790 902 1817 θείου
915 1790 962 1817 καὶ
974 1791 1029 1824 ἀνει

1013 1790 1085 1826 ξψιοῦ
1101 1790 1133 1826 (1)
1158 1798 1165 1816 :
1192 1789 1231 1817 De
1247 1789 1343 1827 nuptiis
1359 1789 1450 1816 amitm
1462 1793 1486 1816 et
1501 1789 1596 1822 fratris
1618 1790 1682 1824 [ilic
1705 1790 1814 1825 legitimi

195 1847 254 1867 cum
269 1838 324 1874 ﬁlio
340 1837 432 1872 fratris
451 1841 476 1863 et
490 1842 586 1870 patruo
604 1835 738 1869 ineundis,
763 1842 815 1870 pag
833 1834 894 1862 158.
909 1834 1002 1870 (Fann.
1020 1834 1122 1869 (Gonf.
1149 1835 1209 1862 cod.
1234 1832 1350 1860 Nanian.
1364 1833 1427 1867 229,
1448 1841 1474 1860 n.
1490 1833 1516 1866 1,
1530 1838 1557 1861 et
1579 1832 1639 1861 Cat.
1663 1834 1742 1861 codd.
1765 1833 1813 1861 Gr.

196 1884 265 1910 Nan.
282 1890 308 1914 p.
326 1881 390 1908 425.
407 1879 519 1914 (Ιιιιιι.)

229 1891 265 1910 ιιι.
282 1890 308 1917 p.
326 1890 390 1908 αὖ.
407 1890 519 1914 ututs.)

229 1927 257 1954 5.
274 1925 342 1962 Περὶ
362 1924 417 1951 τῶν
436 1922 630 1959 ψηφισθέντων
646 1923 685 1955 εἰς
706 1922 755 1954 τὰς
774 1921 947 1955 Ἀνατολικὰς
980 1921 1028 1948 Ἐκ

1013 1920 1143 1956 “Mela;
1168 1920 1207 1957 (ιι)
1234 1928 1241 1949 :
1268 1920 1308 1948 De
1333 1921 1420 1948 electis
1436 1921 1469 1948 ad
1497 1921 1647 1949 Orientales
1672 1919 1814 1955 Ecclesiaa,

214 1978 258 1998 az.
280 1969 343 1998 158.

195 1978 258 2042 WE:
353 2012 534 2049 δικαστηρίου
549 2012 604 2038 τῶν
620 2011 761 2047 κληρικῶν
786 2010 822 2046 (ιν)
841 2019 848 2038 :
863 2010 902 2038 De
915 2010 974 2045 [oro
992 2020 996 2037 ι

483 2012 534 2039 ιίου
549 2012 604 2038 τῶν
620 2011 761 2047 κληρικῶν
786 2010 822 2046 (ιν)
841 2019 848 2038 :
863 2010 902 2038 De
915 2010 974 2045 [oro
992 2010 1159 2041 clericorum,
1177 2016 1203 2043 p.
1224 2009 1284 2037 1'59.

231 2058 258 2086 5.
279 2058 347 2094 Περὶ
358 2057 406 2085 τοῦ
422 2054 627 2092 πατριαρχιχοῦ
645 2055 751 2083 δικαίου
767 2056 815 2082 ἐπὶ
830 2055 864 2082 τὰ
881 2054 1032 2090 μοναστήρι

1012 2062 1052 2081 sta
1068 2053 1107 2089 (τι)
1123 2060 1132 2080 .'
1148 2053 1186 2080 De
1196 2053 1259 2088 jure
1281 2053 1458 2088 g-atriarcltico
1477 2054 1505 2081 in
1521 2053 1692 2085 monasteria,
1706 2060 1733 2088 p.
1752 2052 1813 2080 HO.

194 2102 294 2140 11³³1⁵18-
311 2102 336 2129 in
354 2103 414 2130 cod.
429 2102 509 2133 1332,
526 2108 553 2128 ιι.
570 2099 629 2136 15.]

229 2146 257 2174 6.
273 2146 342 2180 Περὶ
354 2144 580 2179 διδασκάλωλωὶ
595 2151 604 2170 .‘
622 2143 659 2171 De
672 2144 834 2176 doc/oribus,
850 2150 878 2177 p.
895 2142 956 2170 145.

230 2190 259 2219 -'l.
275 2190 343 2225 Περὶ
357 2188 551 2223 δικαιωμάτων
579 2188 633 2214 τῶν
656 2187 815 2222 ἁπανταχοῦ
845 2186 999 2222 ἐκκλησιῶν
1018 2185 1030 2210 ὲ

1018 2185 1065 2211 ἐπὶ
1086 2186 1119 2221 τῇ
1138 2187 1240 2221 κατοχῇ
1254 2186 1307 2213 τῶν
1323 2186 1460 2221 ἀκινήτων
1484 2184 1522 2222 (ι)
1536 2193 1549 2214 ‘:
1570 2185 1608 2212 De
1630 2186 1813 2213 instrumentis

194 2230 322 2262 omnium,
338 2236 397 2264 qute
414 2229 517 2263 ubique,
530 2227 698 2255 ecclesiarum
720 2227 750 2254 ob
766 2228 953 2262 possessionem
971 2229 1154 2260 immobilium.
1170 2237 1197 2265 p.
1215 2230 1277 2258 149.

231 2275 257 2302 8.
277 2273 343 2309 Περὶ
361 2272 473 2308 ἡμερῶν
489 2272 640 2307 ἀπράκτων
660 2270 697 2306 (a)
714 2280 721 2299 :
741 2270 779 2298 De
793 2270 876 2305 feriis,
903 2278 965 2307 pag.
981 2272 1032 2299 160

1015 2272 1043 2299 0.
1069 2272 1176 2307 (Fame)
1203 2273 1403 2301 Eruditissimis
1426 2274 1537 2301 scholiis
1562 2280 1576 2300 a
1602 2272 1762 2300 Balsamone
1788 2272 1814 2300 in

194 2317 348 2346 Summario
365 2317 397 2344 ad
418 2315 543 2343 Novellas
558 2314 685 2342 illustrari
701 2322 717 2342 a
730 2313 801 2342 Man.
816 2314 954 2343 Comneuo
970 2317 1188 2345 constitutionem
1209 2317 1241 2345 de
1259 2316 1346 2349 feriis,
1361 2325 1413 2344 nou
1429 2317 1559 2345 dithtctur
1573 2316 1631 2343 Nic.
1647 2316 1811 2348 Conmenus,

195 2369 222 2397 ρ.
238 2360 301 2393 588,
318 2359 470 2387 Balsamoui
489 2358 558 2386 alias
575 2358 703 2392 iniquior.

229 2404 275 2432 ιν.
294 2404 428 2438 Responsa
442 2403 476 2430 ad
491 2404 647 2439 quaestiones
661 2401 755 2429 LXIV
767 2403 919 2434 canonicas,
940 2403 997 2432 sive
1014 2403 1051 2431 De
1077 2404 1139 2440 jure
1163 2405 1357 2438 ecclesiastico,
1374 2404 1528 2439 propositas
1551 2412 1566 2431 a
1591 2404 1682 2431 Marco
1699 2403 1816 2431 Alexan-

194 2449 273 2476 drino
287 2448 455 2484 patriarcha.
468 2447 632 2474 Prodicruut
646 2446 672 2474 in
687 2446 748 2480 jure
762 2446 892 2474 Orientali
918 2453 980 2473 cum
995 2448 1121 2476 versione
1143 2449 1287 2477 Euimuudi
1305 2448 1433 2476 Bonelldii
1454 2449 1527 2476 edito
1546 2456 1591 2476 an.
1606 2449 1687 2482 1575,
1701 2449 1728 2481 8,
1745 2447 1814 2482 apud

194 2492 340 2519 llcnricum
357 2490 534 2526 Stephanum,
552 2491 622 2518 libro
639 2490 727 2522 tertio,
742 2489 836 2517 Graece
851 2497 877 2524 p.
890 2489 1023 2522 237-300,
1039 2494 1066 2517 et.
1078 2489 1174 2519 Latine
1189 2499 1250 2527 pag.
1265 2491 1397 2520 263-509.
1414 2491 1448 2519 Et
1465 2493 1491 2519 in
1507 2491 1571 2519 Jure
1582 2492 1816 2520 Graeco-Romano

193 2536 349 2570 Marquardi
364 2535 486 2567 Frelteri,
500 2534 569 2562 libro
585 2534 690 2569 quinto,
709 2541 769 2568 pag.
784 2533 904 2561 562-591
920 2533 1057 2569 (Fraucol.
1089 2533 1167 2567 1596,
1185 2534 1253 2571 fol.).
1270 2535 1316 2563 ubi
1331 2535 1442 2570 p.,588,
1455 2535 1549 2563 lacuna
1561 2536 1706 2571 supplenda
1720 2534 1815 2570 κυρίου

180 2579 342 2612 ιΝικολάου,
357 2583 387 2605 ιιι
400 2586 434 2606 ex
447 2578 615 2605 Balsantouis
628 2584 763 2605 canonum
778 2576 944 2604 Collectione
956 2577 1110 2606 observavit
1120 2578 1282 2612 Cotelerius,
1295 2584 1363 2608 tom.
1377 2579 1397 2611 Ι,
1415 2580 1447 2607 ad
1458 2579 1553 2607 Patres
1570 2579 1742 2614 apostolicos,
1753 2586 1815 2613 pag.

194 2623 256 2651 526.
272 2623 310 2650 Ex
323 2624 456 2658 protentio
471 2622 596 2658 colligas,
610 2629 637 2650 ιι.
653 2621 684 2649 C.
700 2620 770 2649 1205
782 2620 884 2655 scripta
900 2620 986 2649 fuisse
997 2620 1156 2658 Responsa;
1172 2623 1218 2650 sed
1233 2630 1375 2651 numerum
1387 2627 1543 2659 corruptum
1558 2630 1627 2658 esse,
1642 2631 1694 2651 non
1709 2622 1813 2650 dubitat

232 2738 265 2771 (s)
281 2737 347 2774 Cum
369 2735 494 2774 versione
511 2733 763 2774 Lat-inahlﬁuimttndi
779 2733 976 2774 Bonclidiirex-
1174 2733 1220 2774 Gr.
1235 2741 1260 2768 p.
1277 2734 1389 2774 ;_Lat.
1409 2743 1434 2770 p.

196 2768 289 2810 statin
306 2772 365 2806 ejus
378 2770 441 2797 lure
454 2770 587 2796 orientali.
603 2769 649 2810 lib:
668 2776 675 2794 ι
692 2770 751 2800 GL,
766 2777 791 2803 p.
804 2768 855 2801 61;
875 2768 933 2795 Lat.
950 2775 976 2802 p.

199 2807 244 2838 46,
263 2806 348 2833 Paris.
370 2805 450 2837 1573,
468 2812 512 2838 ap.
532 2804 613 2831 llenr.
631 2804 810 2838 btephanum,
827 2803 853 2830 8.

703 2770 751 2800 ;t-.,
766 2777 791 2803 p.
804 2768 855 2801 61;
875 2768 933 2795 Lat.
950 2775 976 2802 p.
1067 2771 1106 2802 (π)
1123 2769 1160 2795 Id.
1177 2769 1223 2796 Gr.
1240 2777 1265 2801 p.
1280 2769 1324 2802 7t;
1342 2768 1444 2804 Lal.'p.
1461 2771 1504 2797 51.

703 2805 810 2835 bunum,
827 2803 853 2830 8.
1069 2799 1107 2838 ty)
1123 2804 1161 2831 Id.
1178 2804 1224 2831 Gr.
1239 2811 1266 2838 p.
1281 2804 1328 2836 61;
1344 2804 1403 2831 Lat.
1416 2813 1439 2838 p.
1456 2806 1502 2832 41.

199 2807 244 2838 46,
263 2806 348 2833 Paris.
370 2806 450 2837 1575,
468 2812 512 2842 ap.
532 2806 613 2831 llenr.
631 2806 810 2838 Stephanum,
827 2806 853 2830 ὃ.

231 2843 261 2874 (ι)
279 2841 307 2867 ld
322 2841 368 2868 Gr.
386 2848 411 2874 p.
429 2840 480 2871 10;
498 2839 557 2866 Lat.
576 2847 602 2874 p.
616 2839 660 2865 29.

231 2877 269 2908 tu)
285 2876 332 2903 Gr.
350 2875 514 2907 Bouelidius,
530 2882 556 2908 p.
574 2873 624 2908 62,
646 2873 704 2902 Lat.
720 2881 746 2908 p.
764 2874 808 2901 15.

728 2811 810 2835 ιιιιιιιι,
827 2806 853 2830 ὃ.
1069 2806 1107 2838 ty)
1123 2806 1161 2831 Id.
1178 2806 1224 2831 Gr.
1239 2811 1266 2838 p.
1281 2806 1328 2836 61;
1344 2806 1403 2831 Lat.
1416 2813 1439 2839 p.
1456 2806 1502 2832 41.

1069 2841 1107 2908 (3;
1126 2839 1164 2868 ιιι,
1177 2839 1223 2866 Gr.
1238 2846 1264 2873 p.
1282 2840 1347 2873 109;
1365 2840 1424 2867 Lat.
1439 2849 1463 2875 p.
1482 2841 1529 2881 79.

728 2881 746 2902 ).
764 2874 808 2901 15.
1069 2878 1096 2908 (α
1123 2874 1160 2902 ld.
1175 2874 1221 2903 Gr.
1237 2882 1261 2908 p.
1279 2875 1329 2908 80;
1350 2875 1407 2903 Lat.
1426 2884 1451 2908 p.
1472 2876 1515 2903 58.

231 2873 269 2911 (ιλ)
285 2876 332 2903 Gr.
350 2873 514 2907 Bo’uelidius,
530 2882 556 2909 p.
574 2873 624 2910 6'23
646 2873 704 2902 Lat.
720 2881 746 2909 p.
764 2874 808 2901 15.
1069 2873 1107 2908 (ιι)
1123 2874 1160 2902 ld.
1175 2874 1221 2903 Gr.
1237 2882 1261 2909 p.
1279 2875 1329 2909 80;
1350 2875 1407 2903 Lat.
1426 2873 1451 2911 p.
1472 2876 1515 2903 58.
