2028 3197
213 201 248 236 1⁸1
770 209 774 213 ’
931 202 1014 233 ΝΟΤῖ

1033 203 1101 233 ΓΙΑ.
1803 201 1834 233 18

206 258 334 292 Atlatins,
353 265 383 295 p.
400 258 464 292 705,
482 259 516 288 de
532 266 677 292 consensu,
694 264 720 288 et
734 266 826 288 verum
840 266 886 287 an.
904 260 983 292 1195,
999 260 1209 289 restituendum.
1229 260 1336 296 (FABR.)
1350 275 1385 281 —
1399 261 1490 292 Paris.
1508 261 1535 289 in
1551 266 1652 297 septem
1669 261 1749 290 codd.
1765 261 1833 288 bibl.

207 302 320 337 publ.—
336 302 484 338 Sexaginta
497 310 545 331 sex
571 303 746 338 quaestiones,
760 308 813 331 etc.
832 304 946 330 Vindob.
964 303 990 330 in
1004 304 1064 331 cod.
1080 305 1125 336 15,
1147 304 1191 331 11.
1214 303 1245 332 γ.
1265 304 1391 332 Lambec.
1408 304 1439 333 Vl
1452 325 1459 336 .
1484 310 1556 340 part.
1579 313 1608 339 ι,
1634 313 1694 340 pag.
1715 304 1776 332 106.
1799 319 1836 326 —

207 345 313 374 Monac.
330 346 358 373 in
372 347 434 374 cod.
447 345 544 374 Bavar.
561 346 607 374 85.
631 346 663 374 V.
679 347 774 374 Hardt.
794 348 820 375 in
836 346 938 375 Aretini
954 346 1122 383 Beytraegen,
1139 352 1203 380 etc.,
1220 348 1299 381 1804,
1315 353 1384 383 part.
1398 356 1424 380 ν,
1439 356 1499 384 pag.
1516 349 1549 375 17
1566 354 1593 376 et
1605 349 1686 377 18.—
1698 349 1793 376 Venet.
1809 349 1834 375 in

206 389 270 416 cod.
285 389 405 417 Nanian.
418 389 473 417 238
487 390 532 422 15,
547 390 580 418 V.
595 390 655 424 Cat.
674 391 753 418 codd.
764 390 813 420 Gr.
829 390 898 418 Nan.
912 398 974 426 pag.
990 390 1053 418 4'20.
1066 406 1102 411 —-
1122 391 1243 419 Florent.
1258 391 1284 419 in
1299 393 1360 420 cod.
1373 392 1503 420 Laurent.
1520 393 1548 425 ‘2,
1566 401 1593 420 n.
1609 393 1657 424 96,
1672 393 1742 428 plut.
1762 392 1788 424 5,
1808 396 1836 418 et

205 432 271 460 cod.
286 432 330 464 40,
347 440 376 460 n.
393 433 425 460 61
447 432 477 460 V.
494 433 610 461 Bandin.
625 438 680 461 cat.
697 434 744 461 cit.
760 434 779 466 l,
793 441 856 469 pag.
871 433 904 460 10
919 439 945 461 et
962 433 1007 461 78.
1026 436 1072 463 ulti
1088 436 1210 463 adnotat.
1226 437 1251 463 in
1266 437 1401 470 versione,
1417 444 1477 471 qua:
1492 445 1506 464 ιι
1524 437 1687 464 Leunclavio
1703 437 1748 464 lib.
1765 444 1792 468 ν,
1808 443 1835 470 p.

209 475 279 509 562,
299 475 423 510 aitet-tur,
442 477 527 504 multa
543 477 705 512 reprehendi
722 485 736 505 a
751 477 809 505 Jac.
827 477 966 512 Gretsero,
983 477 1052 513 Opp.
1067 485 1132 507 tum.
1148 479 1233 514 XVII,
1249 487 1275 515 p.
1290 480 1336 514 16,
1353 480 1396 508 ed.
1410 480 1640 509 Ratishon.—-LX
1654 481 1834 514 Quaestiones,

204 524 273 553 etc.,
298 519 452 555 Mosquensi
480 520 525 552 52,
551 528 577 549 n.
601 521 647 548 15.
663 520 694 549 V.
721 521 838 549 Matthati
866 520 950 549 NOIlI.‘
978 531 1005 557 p.
1035 524 1080 557 51,
1097 523 1145 552 lol.
1172 525 1251 559 paulo
1282 525 1359 552 aliter
1385 525 1411 552 in
1441 526 1485 554 ed.
1499 525 1525 553 in
1540 526 1567 559 8,
1580 533 1606 561 p.
1622 526 1667 558 47,
1682 525 1746 552 ibid.
1760 533 1786 552 n.
1802 524 1836 551 55

204 565 387 599 Balsamonis,
403 567 513 602 εἰσῆλθε
527 568 558 594 τὸ
571 567 680 603 ἀξίωμά
698 575 757 594 σου·
773 573 800 595 et
812 568 930 603 ejusdem
945 569 1005 598 alia.

329 566 387 599 tuis,
403 567 513 602 εἰσῆλθε
527 568 558 594 τὸ
571 567 680 603 ἀξίωμά
698 575 757 594 σου·
773 573 800 595 et
812 568 930 603 ejusdem
945 569 1006 598 alia.
1021 570 1130 607 (ll/mn.)

245 609 278 637 ν.
295 610 417 637 Μελὲται
440 611 501 646 ἦτοι
528 611 701 647 ἀποκρίσεις·
726 611 912 639 Meditationes
936 614 988 640 sive
1016 614 1046 642 Rt

1034 616 1159 650 Tcspunsa.
1187 616 1214 642 1°
1238 616 1327 651 Χάριν
1350 616 1405 642 τῶν
1429 616 1638 651 πατριάρχικῶν
1665 615 1835 650 προνομιῶν·

206 652 249 680 De
261 654 476 688 patriarcharum
490 655 644 690 privilegiis,
659 661 725 684 tom.
738 655 784 684 Vll
798 657 873 684 luris
887 656 1071 684 Greco-Rom.
1085 665 1111 692 p.
1127 657 1190 685 ΗΞ.
1205 657 1310 693 (911111.)
1324 658 1352 685 111
1365 658 1426 686 cod.
1443 658 1596 693 Mosqueusi
1619 658 1663 691 52,
1681 666 1708 686 n.
1728 658 1761 685 59
1775 665 1836 692 sqq.

207 703 269 725 sec.
289 696 409 725 Hattbaei
422 697 506 726 Notit.
527 705 554 733 p.
573 699 608 726 55
622 699 664 727 ed.
684 700 711 727 in
728 700 773 728 fol.
787 704 850 728 sunt
870 701 999 733 Μελέται,
1012 704 1077 731 etc.,
1097 701 1122 733 1,
1144 702 1171 732 4,
1188 701 1204 728 5
1215 705 1242 728 et
1255 701 1282 728 6.
1296 702 1457 729 —Vindob.
1478 702 1503 728 in
1520 702 1579 729 cod.
1594 702 1696 729 Caesar.
1711 701 1755 733 15,
1768 708 1794 727 ιι.
1808 701 1836 733 1,

211 745 278 769 sunt
289 740 408 770 Balsam.
423 742 552 770 meditata
569 743 625 770 sive
640 751 769 778 responsa
783 744 969 771 ecclesiastica
983 749 1055 777 octo,
1069 752 1083 772 e
1097 745 1195 780 quibus
1208 746 1329 781 quinque
1340 750 1448 773 exstant
1462 747 1488 773 in
1499 746 1608 774 Freheri
1618 746 1685 773 Jure
1696 745 1837 772 (In-Rom.

207 784 271 821 pag.
290 784 426 820 412-178;
443 786 546 822 reliqua
565 788 615 816 tria
635 788 670 816 ibi
688 789 796 820 desunt,
818 790 932 817 docente
949 789 1075 817 Lambec.
1096 789 1147 816 vol.
1164 789 1210 820 Vl,
1226 794 1296 824 part.
1312 797 1331 822 ι,
1348 797 1410 824 pag.
1428 790 1487 821 115,
1510 790 1554 817 ubi
1571 797 1679 824 quoque
1695 797 1720 816 ν.
1734 788 1838 816 Kollar.

210 833 271 856 not.
286 829 359 857 Inter
373 837 405 857 ea
418 837 479 865 quae
498 838 552 859 non
565 832 636 859 edita
651 837 724 865 sunt,
742 838 783 860 est
798 833 918 867 Epistula
932 834 964 860 de
986 833 1052 860 libro
1079 833 1263 860 mathemalicu
1279 841 1330 860 non
1354 833 1474 868 legendo,
1490 836 1561 868 ῖίιιιε
1586 838 1675 861 tamen
1699 832 1836 867 reperitur

208 880 322 908 quoque
334 873 362 901 in
377 875 438 902 cod.
453 874 541 904 Paris.
558 875 639 909 155‘2,
653 884 680 904 ιι.
698 877 733 904 48
756 877 822 904 bibl.
837 877 911 912 publ.
928 878 966 912 (in
984 884 1037 911 quo
1053 877 1134 904 etiam
1149 881 1257 904 exstant
1281 881 1383 911 septem
1409 876 1549 911 Responsa
1576 877 1688 904 secund.
1712 876 1838 904 ordinem

210 915 324 945 Fabric.
348 921 375 945 et
399 917 495 946 Venet.
513 919 540 946 in
563 920 624 947 cod.
646 919 782 948 Marciano
799 920 861 952 168,
885 921 910 948 in
933 927 1011 956 qu0(

1038 921 1064 948 d.
1083 924 1146 948 sunt
1169 924 1298 955 praeterea
1321 920 1451 953 Μελέται,
1469 929 1496 948 n.
1513 920 1540 954 2,
1558 921 1585 955 4,
1605 921 1623 948 5
1640 925 1667 948 et
1682 919 1709 952 7,
1724 927 1738 946 a
1755 919 1837 947 Fabr.

207 960 336 995 signatas.
352 960 411 988 Vid.
429 966 483 989 cat.
497 962 575 990 codd.
590 963 638 990 Gr.
657 963 740 991 Marc.
758 971 784 997 p.
801 964 845 996 96,
863 968 889 991 et
908 964 980 991 cont.
998 963 1080 996 infra,
1098 964 1152 990 vol.
1168 963 1227 997 ΧΠ,
1242 972 1269 998 p.
1286 963 1350 991 491.
1368 963 1480 999 (Hasta)

243 1005 284 1033 2⁸.
309 1006 399 1043 Χάριν
414 1007 469 1034 τῶν
481 1007 529 1034 δύο
543 1007 690 1047 ὸφφικὶων,
711 1009 757 1037 τοῦ
772 1018 800 1036 τε
816 1009 1024 1045 χαρτοφύλακος
1040 1018 1044 1037 :

1040 1010 1087 1037 καὶ
1104 1010 1151 1037 τοῦ
1168 1010 1373 1046 πρωτεκδίκου·
1389 1010 1430 1039 De
1441 1011 1543 1039 duobus
1557 1012 1659 1047 ofﬁciis,
1677 1012 1837 1039 cltarlularii

206 1057 240 1077 ac
256 1050 336 1084 primi
354 1049 512 1085 defensoris,
527 1059 555 1087 p.
568 1044 631 1080 153.
855 1044 858 1045 ν
879 1048 936 1052 λ’*

244 1093 283 1120 5ο.
309 1093 398 1129 Χάριν
410 1094 458 1121 τοῦ
472 1095 639 1131 λαληθέντος
655 1097 807 1130 συνοδικῶς
827 1097 996 1133 ζητήματος,
1013 1097 1078 1134 περὶ
1090 1094 1149 1130 τοῦ,
1167 1098 1190 1125 e!
1203 1098 1255 1134 χρὴ
1271 1099 1318 1125 τὸν
1332 1098 1414 1126 αὑτὸν
1432 1099 1476 1126 καὶ
1492 1099 1540 1126 ἕνα
1556 1099 1618 1126 δυσὶ
1630 1098 1839 1133 δισεξαδέλφαις

208 1137 400 1165 συνάπτεσθαι
413 1146 420 1154 ·
435 1135 474 1166 De
487 1139 631 1174 disceptata
645 1141 673 1167 in
687 1142 787 1176 synodo
799 1143 953 1176 quastione,
972 1150 1034 1168 num
1046 1151 1114 1169 unus
1127 1147 1151 1169 et
1168 1143 1236 1169 idem
1262 1143 1365 1169 duabus
1380 1143 1493 1170 sobrinis
1508 1144 1587 1179 jungi
1603 1144 1708 1175 debeat,
1734 1152 1761 1177 p.
1775 1143 1838 1170 465.

207 1179 318 1215 (Fam)
337 1181 368 1209 ln
386 1182 448 1209 cod.
462 1181 575 1210 Barocc.
590 1183 783 1212 149.—Paris.
801 1186 826 1212 in
845 1186 923 1214 codd.
940 1186 1007 1213 1527

1038 1195 1064 1213 n.
1082 1186 1126 1217 15,
1140 1191 1167 1213 et
1182 1186 1272 1219 1551,
1292 1195 1321 1214 n.
1335 1187 1388 1219 4ος
1410 1187 1565 1214 Vindohon.
1583 1187 1609 1214 in
1627 1187 1689 1214 cod.
1708 1187 1751 1218 15,
1765 1195 1794 1215 n.
1810 1187 1836 1219 9.

206 1231 244 1256 ex
259 1231 315 1260 quo
329 1223 513 1260 Responsum,
533 1226 559 1254 in
578 1227 690 1255 Frcheri
704 1228 770 1255 Jure
783 1228 831 1256 Gr.
850 1229 925 1256 Rom.
942 1233 1009 1257 tum.
1026 1229 1048 1262 1,
1060 1237 1087 1265 p.
1100 1230 1153 1257 465
1169 1231 1283 1263 editum,
1308 1237 1389 1265 posse
1410 1231 1548 1258 emendari
1564 1239 1596 1258 ac
1611 1231 1744 1266 suppleri,
1759 1231 1840 1258 Lam-

206 1270 272 1298 boc.
291 1268 334 1304 Vl,
348 1274 419 1304 part.
435 1278 455 1303 ι,
469 1278 497 1304 p.
516 1271 578 1304 105,
598 1275 726 1306 testatur,
752 1277 779 1301 et
811 1273 838 1301 in
865 1274 927 1301 cod.
954 1273 1019 1306 270,
1034 1282 1064 1302 n.
1082 1274 1109 1307 8,
1129 1274 1263 1310 Excerpta
1281 1282 1295 1302 a
1326 1274 1456 1302 Simeone
1472 1275 1636 1304 Thessalon.
1662 1276 1745 1310 fama,
1770 1280 1838 1303 teste

206 1312 339 1346 Lambec.
355 1312 388 1347 ν,
406 1321 432 1348 p.
450 1314 515 1342 455.
535 1314 650 1351 (111111.)

243 1357 284 1385 4⁵.
315 1357 462 1394 Ἐπιστολὴ
477 1359 561 1394 χάριν
576 1359 630 1386 τῶν
643 1360 791 1395 διδομένων
808 1360 989 1396 θυμιαμάτων
1006 1361 1083 1397 παρὰ
1099 1361 1146 1388 τοῦ
1167 1363 1340 1399 πατριάρχου
1372 1363 1443 1390 κατὰ
1464 1363 1512 1399 τὴν
1531 1363 1640 1400 ἡμέραν
1654 1363 1703 1400 τῆς
1717 1363 1839 1399 κατηχή-

209 1409 302 1434 σιωςν
319 1401 440 1435 Epistula
453 1403 485 1430 de
499 1404 622 1438 incensis,
637 1413 696 1439 qua!
711 1413 726 1432 α
740 1406 894 1438 patriarcha
910 1407 970 1433 dari
984 1406 1066 1433 solent
1082 1414 1111 1432 eo
1123 1407 1165 1433 die
1179 1415 1228 1442 quo
1244 1407 1385 1435 catechesis
1407 1408 1527 1440 habetur,
1545 1415 1570 1443 p.
1588 1407 1650 1435 170.

245 1443 286 1472 5‘.
314 1444 424 1479 Μελέτη
440 1446 522 1480 χάριν
535 1446 585 1481 τῆς
600 1447 640 1478 εἰς
656 1447 720 1478 τοὺς
736 1447 826 1479 θείους
839 1449 921 1480 ναοὺς
938 1449 993 1475 τῶν
1009 1451 1200 1485 μοναστηρίων
1214 1451 1362 1487 γινομένης
1375 1451 1572 1487 μετακλήσεως
1586 1451 1630 1480 διὰ
1643 1451 1839 1488 σημαντηρίων

207 1487 312 1524 τριῶν·
329 1487 488 1515 Medianum
506 1489 538 1516 de
555 1492 746 1524 convocatione,
759 1500 818 1527 qua:
829 1492 859 1526 ﬁt
878 1493 913 1519 ad
930 1500 1020 1520 sacras
1038 1495 1256 1521 monasteriorum
1275 1495 1344 1522 ardes
1364 1503 1411 1529 per
1431 1497 1484 1522 tria
1505 1496 1592 1531 signa,
1607 1504 1634 1532 p.
1649 1496 1711 1524 476.
1729 1495 1838 1530 (1711111.)

207 1532 240 1560 In
252 1531 315 1560 eod.
330 1531 456 1559 Nanisno
467 1533 532 1565 228,
547 1542 576 1562 n.
590 1534 616 1562 5.
630 1535 664 1562 V.
679 1534 740 1563 Cat.
756 1536 833 1563 codd.
851 1536 898 1564 Gr.
914 1536 1008 1564 Naniat

479 1533 532 1565 128.
547 1542 576 1562 n.
590 1534 616 1562 5.
630 1535 664 1562 V.
679 1534 740 1563 Cat.
756 1536 833 1563 codd.
851 1536 898 1564 Gr.
914 1536 1030 1564 Nanian.
1047 1544 1075 1571 p.
1090 1538 1152 1566 U9.
1169 1537 1280 1573 (111111.)

245 1575 287 1604 6°.
316 1575 463 1613 Ἐπιστολὴ
479 1577 560 1613 χάριν
579 1578 635 1605 τῶν
658 1579 826 1614 ὁφειλουσῶν
849 1580 987 1608 τελεῖσθαι
1005 1582 1140 1616 νηστειῶν
1165 1583 1282 1609 ἑκάστου
1303 1583 1399 1616 ἔτους,
1424 1584 1582 1619 πεμφθεῖσα
1597 1584 1665 1620 πρὸς
1687 1585 1750 1617 τοὺς
1776 1584 1839 1611 ’Λν-

206 1621 330 1655 τιοχεῐς·
349 1620 470 1655 Epistula
488 1622 520 1649 de
534 1623 657 1658 jejuniis,
674 1632 733 1659 quin
758 1625 850 1660 peragi
870 1625 961 1652 debent
983 1634 1027 1660 per
1047 1626 1165 1661 singulos
1190 1636 1286 1661 annos,
1311 1628 1392 1655 missa
1412 1628 1446 1655 ad
1464 1628 1662 1659 Antiotlteuses,
1677 1633 1706 1655 et:
1720 1629 1836 1663 primum

206 1663 305 1691 Graec
318 1671 351 1691 ac
367 1663 465 1693 Latine
477 1666 549 1693 edita
564 1675 577 1693 a
592 1667 672 1695 Joan.
689 1667 812 1702 Baptista
826 1668 966 1703 Cuteleriu,
986 1674 1051 1697 tom.
1068 1669 1090 1697 ll
1108 1670 1271 1698 Illanument.
1299 1671 1425 1699 Ecclesia:
1447 1673 1531 1700 Gram.
1552 1681 1577 1708 p.
1600 1672 1732 1705 492-511,
1748 1673 1836 1700 Paris.

206 1707 292 1740 1681.
304 1707 518 1746 1.(Eaax.)[V.
537 1709 653 1738 Bandini
668 1711 728 1739 Cat.
743 1712 821 1739 codd.
843 1713 892 1740 Gr.
909 1713 1037 1741 Laurent.
1051 1713 1072 1746 l,
1096 1715 1180 1749 p.11,
1197 1723 1223 1742 n.
1235 1715 1288 1748 99;
1309 1721 1336 1743 et
1353 1724 1379 1750 p.
1397 1717 1442 1748 78,
1461 1724 1489 1744 n.
1509 1717 1558 1750 60;
1575 1722 1602 1744 et
1615 1716 1711 1744 Lamb.
1728 1716 1783 1744 vol.
1804 1717 1835 1750 V,

206 1759 237 1787 ρ.
250 1751 305 1779 558
319 1759 361 1787 sq.
373 1760 401 1780 n.
419 1753 465 1785 1‘2,
482 1753 574 1787 ibique
589 1754 691 1782 Kollar.
708 1755 735 1782 ln
749 1756 808 1784 cod.
826 1756 912 1784 Paris.
934 1757 1013 1787 1518.
1034 1766 1060 1785 n.
1074 1758 1117 1785 41.
1137 1757 1267 1795 (Han.)]
1292 1759 1402 1786 Tumum
1429 1761 1583 1795 synodicum
1609 1760 1724 1795 appellat
1740 1760 1834 1788 Balsa-

208 1801 274 1822 non
287 1794 321 1823 ad
337 1794 506 1831 interrogata
524 1796 609 1824 Marci
623 1798 702 1826 Alex.
721 1804 818 1834 quam.
836 1799 881 1831 55,
896 1805 923 1827 et
943 1801 1039 1835 paucis
1056 1803 1167 1829 mutatis
1178 1794 1265 1829 etiam
1282 1805 1315 1829 ad
1334 1794 1517 1831 Theodosium
1544 1794 1726 1839 Sarpeiotem,
1740 1812 1836 1831 mona-

207 1839 290 1866 chum
307 1838 334 1867 in
349 1839 418 1868 valle
435 1840 465 1868 S.
480 1841 609 1868 Auxentii
627 1843 739 1870 missum
755 1851 769 1870 a
787 1851 816 1871 se
835 1847 953 1871 testatur
981 1845 1007 1871 in
1024 1844 1157 1878 Responso
1177 1846 1271 1881 synodi
1302 1845 1384 1874 CPol.
1411 1847 1458 1873 sub
1483 1847 1597 1874 Nicolao
1617 1847 1771 1882 patriarcha
1797 1849 1831 1874 ait

206 1883 379 1918 quaestionem
407 1884 512 1911 tertiam
529 1886 716 1912 monachorum
738 1887 922 1922 quorumdam,
942 1888 1018 1921 cujus
1040 1895 1155 1923 partem,
1173 1891 1267 1919 Latine
1292 1896 1394 1918 tantum
1411 1893 1444 1920 ab
1467 1892 1583 1920 llerveto
1608 1893 1721 1925 editam,
1737 1891 1832 1920 Graece

208 1934 280 1956 mle.
295 1928 367 1962 regis
383 1927 574 1956 Christianiss.
586 1929 660 1957 dedit
672 1931 742 1958 idem
756 1930 910 1959 Cotelcrius
922 1932 947 1959 in
965 1932 1042 1960 Notis
1056 1934 1088 1960 ad
1104 1933 1321 1962 Consututiones
1334 1936 1450 1971 apostol.
1466 1936 1512 1964 lib.
1528 1944 1553 1970 ν,
1567 1945 1627 1972 cap.
1647 1937 1694 1966 20.

246 1970 285 1999 ⁵1⁸.
318 1971 466 2008 Ἐπιστολὴ
481 1972 563 2008 χάριν
577 1974 632 2001 τῶν
653 1975 815 2011 ῥασοφόρων
827 1985 833 1992 ·
847 1976 966 2011 Epistula
978 1977 1009 2004 de
1023 1986 1047 2004 ra

1038 1978 1232 2014 asophoris(b),
1248 1980 1305 2008 sive
1319 1970 1459 2008 monachis
1483 1981 1515 2008 ad
1538 1970 1723 2009 Theodosium
1741 1989 1837 2009 mona-

206 2014 290 2042 chum
301 2014 466 2052 καθηγητὴν
481 2016 537 2043 τῶν
549 2017 620 2044 κατὰ
635 2018 774 2046 Παπὶκιον
797 2021 986 2056 μοναστηριων
1002 2029 1007 2056 ι

1035 2022 1175 2055 inpositum
1192 2023 1293 2057 Papicii
1318 2024 1560 2052 monasteriorum.
1586 2025 1662 2052 Edita
1684 2025 1718 2052 ab
1741 2026 1835 2053 eodem

206 2059 355 2094 Coteleriu,
372 2065 439 2088 tom.
456 2060 490 2088 lll
507 2061 672 2091 Monumeat.
688 2071 750 2098 pag.
768 2064 833 2098 475,
849 2065 910 2098 191,
929 2065 1015 2093 Paris.
1031 2065 1109 2098 1686,
1126 2066 1153 2093 1.
1170 2066 1278 2102 (Fiam)
1301 2067 1454 2096 Vindobon.
1473 2068 1500 2095 in
1518 2068 1578 2096 cod.
1595 2069 1628 2095 15
1645 2067 1747 2097 Caesar.
1765 2077 1791 2096 ιι.
1808 2071 1835 2096 Δ.

206 2103 242 2132 V.
258 2103 387 2132 Lambee.
402 2104 446 2138 Vl,
463 2110 535 2141 part.
551 2115 572 2138 ι,
585 2115 646 2142 pag.
665 2108 728 2140 115,
743 2109 787 2136 ubi
803 2109 905 2137 Kollar.
922 2110 949 2137 in
964 2114 1020 2137 not.
1041 2116 1074 2135 ex
1091 2108 1220 2137 Cotclerii
1238 2111 1309 2145 loco,
1339 2118 1355 2138 a
1372 2111 1498 2140 Fabricio
1514 2111 1572 2147 jam
1589 2113 1685 2146 citato,
1700 2113 1835 2141 aduotatt.

207 2147 243 2176 de
255 2147 366 2182 Papicio
378 2153 406 2176 et
422 2150 581 2184 rasophoris
596 2156 737 2187 excerptas
751 2153 877 2180 reddidit.
894 2153 1007 2189 (111111.)

241 2189 371 2220 Nicolaus
384 2191 539 2221 Comnenus
550 2193 714 2229 Papadopoli
734 2196 759 2223 in
772 2196 987 2224 Prtenotionibus
1003 2198 1200 2234 mystagugicis,
1213 2207 1274 2235 pag.
1289 2200 1315 2233 5,
1332 2201 1396 2227 citat
1410 2200 1591 2236 Athenagora:
1607 2201 1790 2229 testimonium
1803 2209 1837 2230 ex

205 2235 377 2264 Balsamonis
393 2235 520 2269 Respuns.
535 2238 569 2265 ad
585 2239 664 2272 epist.
680 2239 768 2274 Cypri,
786 2248 840 2275 quo
855 2247 955 2275 mouet,
971 2241 1149 2270 ordinationis
1165 2244 1302 2278 negotium
1320 2246 1489 2280 negotiorum
1504 2235 1627 2273 omnium
1648 2245 1677 2273 in
1708 2246 1830 2274 Ecclesia

206 2279 356 2323 maximum
369 2287 402 2307 ac
415 2280 615 2309 divinissimum
631 2283 664 2310 ab
682 2283 747 2317 ipsis
761 2283 843 2311 fuisse
860 2285 980 2312 habitum
997 2286 1137 2320 apostolis.
1153 2287 1263 2323 (FABB.)

240 2322 273 2369 111
362 2323 452 2369 P_aris.
464 2324 536 2369 bibl.
556 2326 630 2360 pubi.
649 2327 729 2361 1528,
745 2336 774 2355 η.
786 2328 817 2355 2|
837 2336 897 2363 sqq.
921 2329 1090 2357 Balsamouis
1107 2331 1211 2359 scholia
1235 2332 1268 2359 ad
1292 2333 1424 2369 quasdam
1440 2332 1565 2369 Gregorii
1590 2332 1833 2365 Ncocmsariensis,

206 2366 361 2411 Athanasii.
377 2366 481 2402 Basilii,
498 2368 622 2404 Gregorii
638 2369 764 2406 Nysseni,
779 2377 845 2405 etc.,
864 2373 1009 2407 Epistolas.
1024 2388 1059 2393 --
1074 2373 1142 2402 Tres
1164 2366 1487 2411 Balsamonis'Epistolre,
1498 2366 1535 2404 vin
1555 2377 1616 2405 cod.
1633 2377 1754 2406 Naniano
1768 2378 1834 2411 281,

206 2411 311 2454 11.121.
320 2410 386 2439 μνία.
398 2411 459 2454 Gai.
471 2413 550 2440 codd.
566 2413 614 2441 Gr.
634 2414 701 2442 Nan.
717 2423 743 2450 p.
756 2416 810 2443 470
839 2415 907 2443 Add.
922 2424 1003 2451 supra

611 2434 614 2441 .
634 2414 701 2442 Nan.
717 2423 743 2450 p.
756 2416 810 2443 470
839 2415 907 2443 Add.
922 2424 1014 2451 supra,
1032 2418 1085 2445 vol.
1100 2418 1154 2450 Vll,
1172 2427 1198 2454 p.
1215 2419 1279 2452 655,
1294 2421 1345 2448 sub
1363 2410 1412 2447 tiu.

241 2451 562 2484 Belumonii‘Carmina.
580 2458 676 2486 νθηιη.
695 2459 721 2486 in
739 2460 800 2487 οοιι.
819 2460 876 2488 bib.
900 2459 1045 2488 Marciana:
1069 2462 1130 2489 521.
1150 2451 1181 2490 νζ
1199 2463 1259 2491 Cat.
1272 2451 1364 2491 codd.
1382 2464 1431 2492 Gr.
1451 2465 1536 2492 Marc.
1551 2473 1578 2499 ῃ.
1595 2465 1660 2493 ess.
1679 2481 1714 2486 —
1728 2465 1832 2494 Versus

206 2499 406 2535 quinquaginta
425 2500 535 2529 iambicl
562 2503 591 2529 in
617 2502 746 2538 Lapidem
758 2503 914 2538 quemdam,
943 2509 995 2532 etc.
1011 2505 1131 2534 Floreat.
1148 2506 1175 2533 in
1192 2507 1252 2534 cod.
1269 2506 1398 2535 Laurent.
1431 2507 1465 2540 V,
1480 2517 1506 2536 ιι.
1521 2509 1566 2536 27.
1579 2508 1613 2536 V.
1637 2509 1753 2538 Bandin.
1772 2510 1832 2537 Cat.

208 2542 289 2570 codd.
300 2541 351 2571 Gr.
364 2541 448 2571 Laur.
461 2543 494 2576 ll,
505 2551 534 2579 p.
549 2544 612 2572 665.

241 2585 565 2634 ὢηιήἮςῐιιοοςωί,
581 2589 734 2634 orientalis,
752 2594 780 2617 et
797 2590 914 2624 Claudii,
929 2597 1042 2620 auctore
1057 2592 1214 2628 Theodoro,
1228 2595 1384 2630 patriarcha
1400 2597 1584 2634 Antiocheno,
1595 2599 1622 2627 in
1638 2600 1700 2628 cod.
1719 2600 1830 2629 Selden.

206 2629 254 2662 62.
272 2637 296 2658 ε.
308 2638 336 2665 n.
354 2630 436 2664 5271,
454 2631 480 2659 in
493 2631 554 2660 Cat.
568 2632 646 2660 codd.
664 2634 779 2668 Anglire,
793 2639 860 2667 etc.,
875 2640 943 2663 tom.
958 2635 980 2663 l.

222 2673 515 2721 kDiogysiiet-chiep.
525 2675 714 2710 Alexandrini,
728 2677 850 2712 Epistula
876 2679 910 2707 de
933 2679 998 2707 hora
1013 2680 1110 2714 jejunii
1125 2681 1256 2715 Pasehae,
1286 2690 1348 2710 cum
1368 2683 1574 2714 Commentario
1605 2687 1784 2721 Balsamonis,
1804 2689 1832 2716 ln

207 2716 280 2750 Bibl.
295 2718 376 2754 Patr.
387 2719 482 2752 Paris.
497 2721 578 2755 1575,
593 2722 649 2749 vol.
663 2721 674 2750 1
683 2730 692 2755 ;
710 2722 777 2751 ibid.
794 2723 875 2758 1589,
889 2724 943 2753 vol.
959 2724 1003 2758 111,
1021 2725 1070 2753 Gr.
1084 2733 1116 2754 ac
1132 2726 1211 2759 Lat.;
1230 2727 1296 2755 ibid.
1309 2728 1362 2756 vol.
1378 2727 1400 2761 l,
1411 2736 1438 2764 p.
1452 2729 1515 2762 275,
1530 2730 1578 2758 l'ol.
1595 2731 1707 2768 (111111.)
1739 2756 1746 2764 ,

200 2811 203 2820 ¹
241 2811 281 2848 (b)
484 2814 566 2842 etiam
593 2815 764 2858 ρασεγδύται,
790 2825 854 2846 raso
872 2818 931 2847 sive
946 2818 1043 2847 viliore
1061 2826 1151 2854 panno
1166 2820 1263 2849 induti.
1296 2821 1363 2851 Vide
1379 2823 1475 2859 Cungii
1508 2822 1630 2852 Glorior.
1661 2826 1689 2851 et
1721 2823 1830 2852 Catule-

206 2847 289 2878 rittttt.
304 2848 350 2878 hh.
365 2857 395 2878 ut
441 2854 577 2878 unumst.
596 2859 622 2878 ι).
636 2851 700 2878 659.
1730 2866 1733 2869 ι

206 2847 289 2883 riunt,
304 2848 350 2880 lib.
365 2847 395 2879 ut
409 2847 577 2878 lonumu.
593 2847 622 2887 'p.
636 2851 700 2880 659.
758 2847 763 2852 ’

14 3152 230 3197 Xvir-aes.
242 3190 246 3192 .
