4056 6390
408 328 473 391 l9
1467 339 1639 402 GUII
1655 386 1675 405 .
1705 338 2119 403 BEVEREGII
2150 341 2562 409 PREFATIO.
3591 343 3663 410 20

1317 493 1541 511 mo..-

1548 495 3648 521 mm

1499 683 1664 774 EX
1750 685 2558 781 PBJEFATIONE

987 905 1926 1029 GUILIELMI
2077 921 3096 1042 BEVEREGII

1185 1155 1254 1216 lu
1289 1153 1624 1218 Pandectis
1659 1175 1990 1234 canonum,
2024 1158 2064 1220 2
2097 1156 2224 1220 vol.
2258 1155 2417 1221 folio
2449 1161 2686 1225 Oxonii
2721 1162 2894 1224 1672.

479 1491 629 1547 Jurls
664 1493 910 1548 can‘onici
956 1496 1194 1550 studium
1239 1495 1564 1554 duodecimo
1611 1502 1880 1572 prmeipue
1926 1505 2124 1560 saeculo
2151 1508 2202 1560 in
2233 1504 2458 1564 Oriente
2493 1510 2684 1579 viguit,
2722 1523 2829 1578 quo
2859 1513 3116 1563 currente
3150 1514 3260 1561 tres
3303 1503 3661 1562 eruditissimi

411 1583 536 1647 viri,
571 1581 888 1637 Theodorus
919 1582 1226 1650 Balsamon,
1278 1585 1517 1644 Joannes
1567 1589 1808 1645 Zonaras
1845 1601 1898 1645 et
1925 1591 2146 1646 Alexins
2185 1593 2473 1649 Aristenus
2503 1594 2839 1659 claruerunt,
2865 1593 2956 1664 qui
2986 1609 3176 1648 omnes
3215 1593 3484 1662 egregiam
3533 1593 3661 1647 huic

412 1673 489 1724 rei
521 1686 741 1739 operam
777 1671 1064 1726 dederunt.
1101 1672 1306 1729 Horum
1337 1675 1519 1746 itaque
1549 1677 1884 1746 singulorum
1917 1680 2123 1734 scholia
2176 1681 2230 1734 in
2265 1681 2366 1736 hoc
2400 1681 2538 1736 libro
2568 1681 2912 1747 exhibemus,
2967 1681 3128 1748 idque
3173 1694 3236 1734 ea
3283 1678 3555 1742 methodo,
3603 1688 3665 1732 ut

410 1756 608 1822 singuli
637 1772 873 1811 canones
901 1760 1064 1812 trium
1093 1758 1317 1814 istorum
1343 1761 1703 1830 interpretum
1727 1769 2118 1820 commentaria
2147 1767 2250 1822 sibi
2276 1782 2482 1821 annexa
2512 1769 2768 1823 habeant.
2793 1769 2851 1822 In
2882 1769 3078 1837 quibus
3104 1776 3281 1822 tamen
3316 1764 3664 1835 disponendis

411 1842 658 1898 ordinem
694 1847 978 1915 temporis,
1014 1862 1122 1914 quo
1157 1847 1385 1916 quisque
1413 1851 1650 1918 scripsit,
1695 1867 1801 1906 non
1845 1854 2220 1918 observamus,
2274 1858 2367 1910 sed
2417 1855 2766 1911 Theodorum
2811 1856 3212 1919 Balsamonem,
3273 1855 3366 1924 qui
3418 1861 3665 1922 tempore

411 1945 719 1999 postremus
751 1935 874 2000 fuit,
919 1938 1094 2005 primo
1131 1937 1180 1990 in
1217 1937 1332 1993 loco
1359 1940 1764 2001 constituimus.
1799 1943 2056 1998 nimirum
2083 1946 2153 1998 ob
2176 1961 2447 1999 summam
2494 1946 2610 2014 ejus
2639 1946 2692 1998 in
2739 1945 2886 2000 hisce
2935 1946 3130 1999 studiis
3168 1943 3572 2004 auctoritatem,
3611 1949 3667 1994 et

412 2027 709 2080 maximam
744 2028 795 2081 in
830 2027 1071 2083 Ecclesia
1107 2029 1462 2100 dignitatem;
1500 2046 1622 2085 nam
1669 2034 1980 2101 patriarcha
2015 2034 2135 2098 fuit,
2184 2041 2242 2087 ut
2286 2049 2408 2086 mox
2459 2032 2835 2088 ostendemus.
2889 2032 2964 2086 De
3011 2030 3236 2102 singulis
3281 2039 3459 2082 autem
3517 2027 3667 2081 hisce

411 2116 741 2181 scholiastis,
775 2132 910 2186 quos
938 2119 1152 2172 edimus
1178 2119 1369 2174 ordine
1404 2135 1562 2188 quem
1602 2122 1654 2175 in
1687 2123 1828 2175 libro
1862 2131 2151 2192 occupant,
2178 2120 2316 2174 ratio
2347 2121 2555 2190 pariter
2588 2128 2748 2190 atque
2781 2119 3115 2175 consuetudo
3153 2117 3414 2188 postulat,
3443 2125 3500 2170 ut
3530 2129 3666 2168 nou-

406 2203 540 2257 nihil
565 2204 665 2258 hoc
692 2203 813 2258 loco
832 2205 1249 2273 praemittamus.

481 2316 800 2372 Theodorus
828 2315 1115 2374 Balsamon
1147 2318 1615 2390 Constantinopoli
1645 2321 1914 2377 oriundus
1945 2332 2048 2377 est.
2095 2302 2216 2390 ipse
2245 2322 2390 2376 enim
2424 2335 2481 2376 se
2513 2319 3179 2386 Coustantiuopolitanum
3216 2319 3450 2390 appellat
3497 2319 3550 2375 in
3588 2321 3668 2376 al-

411 2413 524 2458 tera
553 2403 1002 2472 interpretatione
1032 2406 1472 2461 duodetricesimi
1523 2407 1746 2462 canonis
1777 2407 2012 2463 Chalced

2064 2411 2261 2474 nensis,
2303 2410 2534 2465 dicens:
2580 2405 2723 2476 Ἐγὼ
2776 2408 2834 2461 δὲ
2880 2409 3527 2476 Κωνσταντινουπολιτης
3589 2408 3666 2462 ὢν

410 2492 907 2564 ἀκραιφνέστατος,
942 2495 1036 2547 καὶ
1066 2492 1160 2546 τοῦ
1193 2495 1498 2562 ἁγιωτάτου
1530 2493 1722 2564 θρόνου
1752 2496 1852 2564 τῆς
1893 2498 2526 2560 Κωνσταντινουπό).εως
2557 2497 2723 2567 μέρος
2755 2495 3020 2564 γεγονώς.
3065 2495 3176 2566 Ego
3208 2513 3342 2555 vero.
3380 2513 3497 2550 cum
3529 2496 3666 2552 Con-

412 2580 918 2643 stantinopolitanus
944 2582 1070 2634 civis
1096 2582 1192 2635 sim
1228 2583 1618 2652 integerrimus,
1655 2591 1701 2635 et
1750 2585 2066 2637 sanctissimi
2101 2586 2274 2638 throni
2317 2584 2888 2650 Constantinopolitani
2931 2601 3054 2652 pars
3085 2583 3280 2652 factus.
3321 2583 3475 2639 Unde
3503 2584 3665 2638 simul

412 2668 685 2738 colligitur
707 2682 829 2721 eum
865 2669 917 2722 in
950 2670 1054 2723 ista
1087 2667 1327 2726 Ecclesia
1359 2671 1536 2739 primo
1565 2671 1877 2725 ordinatum
1938 2672 2129 2726 fuisse.
2187 2671 2454 2726 Nimirum
2500 2672 2785 2737 diaconus,
2837 2671 3225 2742 nomophylax,
3287 2682 3450 2740 atque
3501 2671 3664 2724 etiam

413 2755 811 2826 cbartnpbylax
845 2755 1001 2811 istius
1034 2756 1294 2812 Ecclesiae
1342 2757 1466 2821 fuit,
1513 2769 1572 2810 ut
1622 2767 1769 2828 patet
1799 2774 1862 2812 ex
1905 2759 2263 2829 inscriptione
2317 2759 2774 2812 Constitutionum
2824 2757 3313 2812 ecclesiasticarum
3360 2773 3496 2826 quas
3548 2757 3668 2825 ipse

414 2843 652 2913 collegit,
678 2858 796 2912 quae
827 2844 878 2898 in
919 2842 1106 2898 codice
1136 2860 1238 2900 ms.
1267 2843 1469 2900 Nicolai
1507 2844 1788 2911 Peirescii,
1821 2850 2094 2903 senatoris
2124 2847 2609 2914 Aquissextiensis,
2645 2863 2673 2900 a
2702 2847 2898 2902 Carolo
2927 2846 3190 2900 Annibale
3228 2845 3463 2900 Fabroto
3485 2845 3536 2898 in
3562 2860 3666 2898 no-

413 2932 484 2986 tis
515 2933 579 2985 ad
611 2933 828 2987 easdem
860 2931 1292 2988 Constitutiones
1317 2935 1503 2998 citato,
1530 2933 1606 2988 sic
1633 2951 1689 2989 se
1727 2935 1888 2989 habet
1927 2955 1939 2992 :
1973 2937 2014 2989 Θ

2063 2935 2255 3006 ὶδώρου
2279 2936 2527 2990 διακόνου
2559 2937 2659 3007 τῆς
2686 2935 2999 3005 ἁγιωτάτης
3023 2935 3119 2988 τοῦ
3151 2933 3288 2988 Θεοῦ
3335 2934 3665 3003 Ἐκκλησξας

411 3020 816 3090 νομοφύλακος,
850 3023 943 3075 καὶ
967 3023 1406 3093 χαρτοφύλακος,
1450 3023 1545 3078 καὶ
1575 3024 1794 3094 πρώτου
1823 3025 1932 3079 τῶν
1962 3025 2308 3095 Βλαχερνῶν,
2339 3024 2432 3078 τοῦ
2483 3023 2874 3095 Βαλσαμῶνος.
2921 3023 3019 3076 τοῦ
3060 3023 3198 3093 μετὰ
3237 3022 3464 3092 χρόνους
3511 3021 3665 3084 τινὰς

412 3112 700 3178 γεγονότος
736 3112 1078 3184 πατριάρχου
1113 3112 1463 3174 Θεουπόλεως
1496 3113 1740 3184 μεγάλης
1781 3115 2014 3184 Ἀντιοχε

2064 3132 2136 3176 ις.
2171 3111 2426 3166 Theodori
2456 3113 2665 3166 diaconi
2698 3112 3043 3166 sanctissimo:
3077 3111 3172 3166 Dei
3207 3110 3458 3164 Ecclesia
3485 3123 3666 3163 nomo-

413 3201 651 3270 pltylacis
680 3213 724 3255 et
750 3199 1194 3271 chartaphylacis,
1218 3212 1267 3256 et
1295 3203 1452 3272 primi
1484 3201 1902 3256 Blachernarum
1937 3199 2296 3262 Balsamonis,
2323 3207 2440 3267 post
2468 3199 2666 3269 aliquot
2697 3216 2815 3254 vero
2843 3216 3010 3254 annos
3042 3199 3358 3262 patriarchae
3387 3195 3666 3263 Theopolis

422 3306 629 3358 magan
663 3291 978 3344 Antiochia.
1019 3289 1150 3357 Quae
1179 3291 1367 3344 eadem
1405 3290 1515 3345 fere
1539 3289 1803 3344 habentur
1825 3301 1879 3345 et
1905 3291 1956 3344 in
1995 3288 2352 3358 inscriptione
2405 3288 2566 3355 hujus
2604 3289 2783 3357 operis
2817 3305 2938 3344 mox
2971 3288 3213 3344 citanda.
3254 3287 3396 3354 Quin
3437 3286 3602 3340 etiam
3633 3299 3666 3339 ιι

415 3376 706 3432 Pbilotheo
741 3379 1051 3447 patriarcha
1090 3377 1141 3430 in
1179 3377 1528 3432 Refntatione
1558 3381 2000 3432 exsecrationum
2049 3377 2117 3430 ab
2151 3375 2562 3445 Harmenopulo
2611 3377 2942 3445 scriptarum
2975 3379 3002 3430 ὁ
3039 3377 3201 3444 σοφὸς
3228 3373 3542 3444 νομοφύλαξ
3571 3387 3667 3442 ap-

411 3461 665 3537 pellatur.
697 3460 814 3528 Ipse.
842 3462 1004 3516 etiam
1043 3477 1101 3516 se
1131 3461 1604 3531 chartophylacem
1642 3460 1808 3515 fuisse
1837 3464 1889 3514 in
1935 3461 2163 3520 scboliis
2192 3465 2258 3518 ad
2289 3466 2522 3533 primum
2567 3467 2757 3537 synodi
2800 3464 3032 3521 Nicaenae
3066 3482 3081 3519 ι
3115 3478 3379 3519 canouem
3437 3469 3667 3517 testatus

410 3559 518 3613 est,
552 3533 647 3606 bis.
672 3551 872 3614 verbis,
904 3551 1014 3603 Καὶ
1043 3550 1130 3602 ὅτε
1155 3549 1214 3602 τὸ
1249 3547 1727 3620 χαρτοφυλακικὺν
1762 3550 2012 3620 ὲνήργουπ

2069 3551 2330 3620 ὁφφίκιον
2371 3553 2465 3604 καὶ
2502 3533 2641 3622 μετὰ
2669 3551 2730 3605 τὺ
2770 3551 3228 3622 πατρίιαρκεῦσαι.
3269 3550 3310 3604 Ε
3346 3550 3544 3620 quibus
3580 3547 3664 3603 ul-

411 3640 558 3693 timis
592 3641 769 3694 verbis
801 3654 860 3693 se.
890 3637 1254 3707 patriarcham
1289 3639 1452 3691 etiam
1482 3637 1650 3692 fuisse
1679 3637 1838 3691 ﬁdem
1872 3637 2034 3704 facit;
2072 3640 2377 3694 Antiochia:
2409 3640 2640 3702 scilicet,
2673 3655 2835 3710 quam
2873 3640 3288 3709 patriarchalem
3316 3639 3500 3692 sedem
3536 3650 3661 3689 eum

411 3741 710 3794 occupasse
739 3725 927 3780 lsaacii
959 3725 1148 3792 Angeli
1179 3725 1386 3790 diebus,
1422 3726 1516 3796 qui
1550 3727 1818 3793 imperare
1870 3727 2033 3794 carpit
2081 3741 2224 3782 anno
2280 3728 2491 3782 Domini
2527 3728 2665 3782 1185
2692 3745 2760 3783 ex
2791 3728 2992 3782 Niceten
3036 3725 3316 3782 Chouiata:
3367 3723 3666 3778 Annalibus

413 3815 713 3880 discimus;
755 3815 844 3882 qui
878 3814 1153 3867 memoriae
1183 3813 1426 3876 tradidit,
1459 3823 1516 3866 ιιι
1545 3814 1720 3867 dictus
1749 3814 2041 3882 imperator
2065 3814 2116 3868 in
2149 3816 2331 3871 animo
2358 3815 2566 3871 habens
2603 3816 2917 3870 Dositheum
2947 3813 3310 3884 patriarcham
3345 3810 3664 3879 Hierosoly-

409 3904 677 3959 mitanum
704 3902 770 3954 ad
803 3899 985 3954 sedem
1011 3899 1662 3970 Constanlittopolitanam
1697 3900 1908 3955 Leontii
1938 3901 2147 3970 expulsi
2199 3904 2318 3958 loco
2366 3918 2708 3972 promovere,
2759 3913 2814 3957 et
2869 3907 3072 3959 certior
3125 3903 3301 3956 factus
3343 3901 3444 3954 hoc
3477 3908 3663 3953 contra

416 4005 655 4047 canones
685 4003 823 4055 esse,
857 3989 920 4044 ad
955 3987 1330 4042 Balsamonem
1362 3989 1786 4056 Antiocbenum,
1817 4000 1999 4057 utpote
2023 3992 2146 4060 jure
2180 3990 2446 4045 canonico
2479 3990 2993 4045 exercitatissimum
3029 4005 3088 4044 se
3117 3988 3432 4053 contulerit,
3474 3989 3541 4041 de
3567 3989 3670 4040 hac

416 4097 478 4135 re
506 4077 852 4133 consulturus
877 4095 892 4134 :
932 4075 1102 4139 Εἰδὼς
1129 4076 1184 4128 δὲ
1210 4079 1338 4141 τοὺς
1362 4076 1592 4142 κανόνας
1618 4077 1777 4131 τοῦτο
1818 4078 1890 4148 μὴ
1921 4077 2368 4149 συγχωροῦντας,
2403 4078 2646 4147 μέτεισιν
2681 4077 2933 4142 ὑπούλως
2971 4077 3062 4130 τὸν
3089 4076 3344 4130 διέποντα
3362 4074 3452 4126 τὸν
3479 4073 3667 4142 ϐρόνον

416 4165 513 4221 τοῦ
547 4165 684 4220 Θεοῦ
714 4167 926 4231 πόλεως
961 4167 1204 4237 μεγάλης
1248 4167 1603 4235 ’Δντιοχείας,
1641 4167 1916 4238 Θεόδωρον
1962 4168 2054 4220 τὸν
2095 4166 2428 4236 Βαλσαμὼν,
2465 4167 2635 4237 ἄνδρα
2659 4167 2764 4220 ὑπὸ
2785 4166 2913 4230 τοὺς
2954 4166 3077 4220 τότε
3109 4164 3320 4228 πάντας
3350 4164 3482 4216 ὄντα
3510 4175 3670 4230 νομο-

411 4254 598 4325 τριὸἦ.
627 4254 780 4320 Quod
822 4271 938 4306 cum
967 4269 1194 4308 canones
1229 4270 1331 4306 non
1356 4258 1657 4323 permittere
1686 4257 1948 4322 sciret,ad
1984 4256 2314 4310 Theodorum
2353 4255 2718 4309 Balsamonem
2751 4256 2994 4308 thronum
3043 4253 3138 4306 Dei
3178 4253 3405 4333 civitatis
3464 4264 3670 4319 magna:

413 4343 706 4399 Antiochiet
725 4341 1204 4407 administrantem,
1244 4343 1410 4395 virum
1445 4359 1507 4395 ea
1555 4353 1708 4396 attate
1754 4360 1916 4410 supra
1964 4359 2139 4397 omnes
2192 4343 2324 4396 alios
2365 4344 2510 4411 juris
2567 4343 3016 4397 consultissimum
3070 4341 3287 4396 subdole
3339 4338 3561 4392 accedit.
3605 4339 3669 4392 Et

413 4434 604 4502 paucis
641 4430 943 4498 interjectis
974 4428 1182 4495 scribit,
1215 4439 1270 4484 ut
1303 4432 1444 4484 idem
1483 4431 1776 4499 imperator
1809 4447 1930 4486 cum
1961 4433 2289 4486 Balsamone
2325 4433 2640 4503 colloquens
2674 4433 3014 4487 simulaverit
3057 4448 3114 4486 se
3137 4447 3258 4486 eum
3289 4431 3525 4484 voluisse
3556 4433 3668 4482 Anc

414 4521 614 4575 tiocbia
647 4518 1177 4588 Constantinopolim
1213 4518 1528 4572 transferre.
1581 4520 1691 4572 Καὶ
1725 4519 1933 4573 τοιαῦθ’
1971 4520 2016 4572 ἔτ

2065 4537 2133 4592 ρα
2160 4521 2586 4590 σχετλιαπικῶς
2608 4520 3153 4592 προαναὸαλόμενος,
3201 4520 3454 4588 ἐπήγαγε
3497 4519 3667 4570 πάλαι

418 4618 518 4686 μὲν
553 4614 843 4686 βούλεσθαι
875 4616 1224 4685 μετενεγκεῖν
1255 4615 1420 4668 αὑτὸν
1463 4615 1529 4668 ὲκ
1575 4615 1676 4683 τῆς
1719 4616 2050 4685 Ἀντιοχέων
2119 4617 2454 4688 Ἐκκλησίας
2503 4620 2583 4682 εἰς
2631 4618 2731 4689 τὴν
2791 4618 3187 4688 οἰκουμενικὴν
3245 4614 3539 4687 περιωπὴν
3587 4614 3665 4677 ὡς

413 4705 606 4776 λύχνον
645 4704 748 4773 τῆς
772 4705 884 4756 τῶν
905 4703 1085 4773 νόμων
1106 4703 1444 4774 τηλαυγείας
1479 4704 1809 4774 πάμφωτον.
1851 4703 1980 4759 Haec
2010 4731 2015 4758 t

2091 4705 2143 4759 id
2169 4722 2332 4776 genus
2381 4707 2492 4762 alia
2525 4723 2626 4760 non
2659 4708 2775 4761 sine
2813 4719 2994 4776 questu
3048 4704 3306 4774 prcefatus
3366 4703 3661 4771 subjuna‘it,

421 4796 544 4848 olim
577 4795 739 4863 fuisse
769 4793 864 4846 sibi
890 4794 944 4845 in
972 4792 1149 4845 animo
1178 4792 1327 4842 illum
1356 4808 1420 4844 ex
1447 4792 1773 4846 Antiochena
1811 4791 2052 4848 Ecclesia
2078 4793 2147 4847 ad
2171 4798 2542 4848 mcumenicant
2581 4795 2909 4864 dignitatern,
2949 4804 3007 4846 ut
3052 4795 3314 4847 illustrem
3347 4791 3530 4860 legalis
3569 4807 3670 4858 pu-

423 4885 596 4938 ritatis
619 4883 888 4935 lucernam
922 4883 1232 4948 transferre.
1264 4879 1442 4934 Nicet.
1475 4881 1724 4934 tJbOniat.
1756 4882 1809 4935 in
1853 4881 2025 4936 lsaac.
2058 4883 2246 4953 Augel.
2278 4884 2372 4938 lib.
2408 4900 2468 4938 ll.
2499 4883 2540 4936 E
2571 4884 2766 4953 quibus
2791 4882 2952 4936 simul
2983 4891 3198 4937 constat
3217 4882 3409 4951 quanti
3435 4882 3670 4935 nominis

420 4982 584 5042 atque
618 4972 668 5023 in
697 4971 818 5040 jure
847 4969 1112 5024 canonico
1138 4968 1482 5022 auctoritatis
1517 4966 1837 5023 Theodorus
1873 4969 1963 5023 hic
1989 4970 2366 5025 Antiochenus
2404 4980 2517 5024 tum
2547 4970 2757 5024 dierum
2814 4969 2997 5025 fuerit.
3043 4969 3146 5035 Qui
3201 4968 3560 5024 nihilominus
3601 4969 3670 5022 ad

423 5059 679 5113 thronum
715 5056 816 5112 sibi
849 5056 1197 5112 commissum
1238 5070 1514 5125 nunquam
1548 5058 1812 5113 accedere
1839 5061 2038 5128 potuit,
2089 5057 2298 5113 Latinis
2339 5067 2469 5112 tunc
2509 5058 2771 5127 temporis
2821 5059 3164 5113 Antiochiam
3217 5057 3546 5121 tenentibus,
3605 5071 3672 5111 ac

419 5154 706 5224 propterea
735 5145 915 5199 omnia
945 5143 1334 5209 ecclesiastica,
1367 5158 1488 5214 quae
1510 5143 1579 5199 ad
1605 5145 2038 5214 patriarchatum
2069 5161 2226 5202 suum
2255 5146 2599 5214 pertinebant
2639 5145 2857 5218 negotia
2903 5143 3374 5215 Constantitmpoli
3433 5144 3669 5198 admini-

421 5243 600 5289 strare
631 5243 854 5288 coactus
885 5239 992 5287 est.

492 5343 648 5398 llunc
675 5358 838 5413 porro
868 5341 1216 5397 Theodorum
1249 5342 1628 5399 Balsamonem
1661 5343 1784 5412 jure
1811 5341 2079 5397 canonico
2113 5341 2318 5414 pariter
2340 5357 2405 5398 ac
2435 5343 2584 5398 civili
2631 5343 3116 5398 instructissimum
3167 5341 3360 5413 fuisse,
3407 5357 3514 5396 non
3555 5351 3668 5395 tam

422 5449 489 5489 ex
520 5433 749 5486 aliorum
782 5430 1134 5495 testimoniis,
1166 5446 1329 5499 quam
1359 5446 1423 5485 ex
1457 5431 1572 5487 suis
1604 5432 1770 5501 ipsius
1793 5432 2057 5501 operibus
2091 5439 2328 5487 constat.
2361 5431 2527 5486 Mults
2574 5431 2846 5501 siquidem
2874 5432 3204 5501 composuit,
3238 5444 3358 5499 qua:
3392 5431 3571 5483 omnia
3603 5432 3670 5483 ad

421 5519 906 5592 juriSprudentiam
944 5527 1212 5586 spectant.
1249 5518 1347 5573 llic
1384 5520 1528 5574 enim
1564 5531 1756 5574 auctor
1795 5520 1894 5573 fuit
1927 5517 2274 5575 collectionis
2318 5518 2462 5572 illius
2501 5517 2960 5574 Constitutionqu
3007 5519 3519 5580 ecclesiasticarum,
3551 5533 3672 5587 quin

423 5609 528 5660 sub
562 5605 940 5660 Paratitlorum
967 5606 1186 5659 nomine
1217 5620 1243 5658 a
1273 5604 1480 5660 Joanne
1503 5604 1831 5662 Leunclavio
1871 5607 2049 5677 primo
2074 5607 2265 5661 Latine
2289 5608 2432 5663 edita
2466 5618 2572 5670 est,
2603 5619 2656 5662 et
2687 5616 2868 5676 postea
2903 5605 3095 5662 Grace
3125 5622 3155 5660 a
3179 5606 3376 5662 Carolo
3407 5606 3671 5660 Annibale

424 5694 661 5750 Fabroto
698 5691 749 5745 εἰ.
780 5693 868 5757 Ο..
900 5701 962 5746 ut
991 5694 1131 5747 idem
1169 5691 1438 5747 Fabrotus
1466 5693 1517 5746 in
1553 5696 1698 5749 notis
1725 5696 1992 5764 probavit.
2038 5695 2310 5750 Plurimos
2333 5696 2493 5749 etiam
2533 5704 2797 5749 tractatus
2824 5695 3171 5765 conscripsit,
3221 5705 3279 5749 ut
3330 5695 3394 5749 de
3443 5694 3674 5764 patriar-

423 5783 650 5837 charum
683 5780 978 5850 privilegiis
1003 5797 1018 5852 ;
1049 5781 1116 5836 de
1143 5781 1352 5837 duobus
1381 5780 1486 5838 illis
1512 5779 1702 5840 olliciis
1731 5783 2170 5854 chartopbylacis
2202 5793 2252 5838 et
2277 5783 2436 5852 primi
2465 5783 2770 5840 defensoris
2795 5799 2810 5846 ;
2843 5783 2908 5840 de
2938 5785 3236 5852 quaestione
3263 5783 3389 5850 ista,
3426 5782 3506 5835 An
3533 5798 3672 5838 unus
