2028 3193
185 189 223 221 25
725 172 1057 218 GUIL.‘BEVEIREGII
1073 171 1284 215 ruerint).
1770 169 1807 202 ξε

186 254 251 275 em
265 239 440 274 insidentia
456 246 590 274 nonnullis
612 246 743 274 codicibus
758 255 874 274 errarem
890 246 1028 280 scriptum
1051 245 1121 271 circa
1136 243 1259 271 Celestini
1278 248 1371 269 nomen
1393 239 1516 273 (namque
1533 244 1580 271 pro
1596 234 1709 280 Calestio
1726 232 1806 260 Cele-

186 291 277 320 stino:
291 291 406 318 insertus
422 292 472 326 est)
484 291 562 318 dictis
577 291 682 325 scriptis
697 299 727 318 tte
739 291 856 317 animum
871 279 1001 317 advertas.
1018 288 1087 315 Nam
1106 288 1251 315 Celestinus
1271 293 1338 320 papa
1349 290 1404 312 erat
1422 279 1757 326 Romanusporthodoxns,
1773 281 1804 326 ut

185 341 271 372 supra
283 335 384 362 dictum
399 339 440 363 (st
481 334 612 363 Cslcstius
623 322 682 362 uero
699 342 758 362 cum
777 333 900 361 Nestorio
918 333 1054 364 sentiebat,
1069 333 1120 359 sive
1145 331 1286 358 Itwreticux
1300 334 1366 356 erat.
1385 327 1449 361 Qua:
1465 328 1526 372 ipsa
1537 323 1705 372 Balsamouis
1717 322 1804 372 Iverba

186 366 301 407 ex'stanl
314 379 342 407 in
357 379 468 407 scholiis
482 379 542 414 ejus
555 379 588 406 ad
605 379 720 413 primum
746 378 841 414 synodi
856 378 999 413 Ephesiute
1018 384 1162 405 canoncm.
1183 374 1325 402 Matthaaus
1340 372 1475 399 Blastares
1491 370 1584 414 etiarm-
1595 369 1621 395 in
1635 366 1806 414 alphabetico

185 423 274 458 ipsius
287 409 722 459 syntagmatefb'aacvBalsamonis
749 409 850 450 scholia
866 409 916 448 non
933 421 998 449 citat
1010 422 1099 453 modo,
1116 421 1163 447 sed
1176 424 1203 446 et
1218 417 1332 446 subinde
1348 415 1519 459 transcribit.
1535 412 1604 445 Quin
1618 411 1703 459 etiam
1717 409 1806 459 Isido-

186 474 242 495 ηδ’
254 455 402 499 “cientur,
419 468 453 494 ad
471 466 596 494 Latinam
610 474 687 495 suam
703 474 838 494 canonum
854 466 1007 492 Versiouem
1028 464 1225 495 exornandam,
1242 462 1318 489 hisce
1334 458 1536 488 commentariis
1553 463 1617 483 usus
1627 459 1678 482 est.
1697 455 1720 481 Is
1733 455 1805 499 enim

185 518 247 539 sua:
261 510 415 538 tiuodccinti
426 511 538 538 canonis
554 511 648 546 synodi
670 509 835 545 Gangrensis
847 509 964 536 version't
981 509 1038 536 hrec
1055 507 1206 540 interserit,
1219 507 1300 534 Beros
1315 505 1420 532 videtur
1433 502 1577 546 Balsalnon
1598 500 1733 533 episcopus
1751 496 1805 523 Λη-

186 554 326 582 tiochus
343 554 414 582 hunc
432 554 518 581 locum
542 544 841 589 ἱη-ιεγρτειαπείυοεαγε
852 557 933 580 vestes
948 560 981 580 ea:
995 553 1078 579 serico
1098 556 1244 578 contextus.
1271 549 1302 576 Et
1321 549 1356 575 ita
1385 547 1492 575 quidem
1511 544 1698 571 Balsamanem
1711 547 1805 568 vocem

185 597 298 633 Βήρως
312 598 524 633 interpretatum
541 604 613 630 esse,
628 603 661 624 ex
680 597 792 625 scholiis
806 596 865 630 ejus
880 596 906 623 in
924 595 1025 623 dictum
1040 603 1170 622 canoucm
1188 593 1326 621 elttcescit.

195 660 198 666 .
222 630 252 669 HA
269 630 495 676 tetuporevantem
506 647 562 675 quo
579 645 767 668 consummata
787 644 848 667 sunt
862 638 1018 666 doctissima
1043 639 1099 666 hate
1116 638 1282 665 Batsamonis
1298 638 1323 664 in
1345 636 1566 663 Nomocauouem
1585 630 1684 676 Photii,
1696 634 1724 657 et
1740 636 1804 655 con-

187 674 505 720 ciliorum'Patrumqtte
516 674 638 712 canones
655 684 862 720 commentaria,
878 683 1090 718 quadringentos
1108 681 1302 717 propemodum
1330 687 1415 707 annos
1443 679 1513 705 inter
1532 676 1641 703 Graecos
1656 674 1806 703 latuerunt,

185 730 293 758 latinis
308 729 447 764 plerisque
459 718 602 763 incognita
617 738 624 756 :
639 718 725 756 donec
742 728 894 756 Gentianus
905 727 1048 758 Hcrvetus,
1064 726 1198 758 Tridenti,
1214 733 1274 752 cum
1293 724 1437 752 concilium
1456 722 1490 748 ibi
1509 721 1665 750 haberetur,
1685 725 1807 764 cornuto-

185 781 264 806 rans,
280 761 476 802 ct-scmtratttm
489 761 583 802 eorum
602 778 697 801 nactus
712 773 851 808 exemplar
868 780 880 798 a
895 771 1001 799 Joanne
1029 770 1108 803 Tilio,
1120 770 1247 805 episcopo
1268 767 1418 800 Brioceusi,
1435 765 1500 793 illttd
1517 764 1552 791 La
1560 764 1616 791 tinc
1634 762 1723 789 vet-tit.
1742 761 1807 808 Quae

186 805 353 852 eiussersio
377 818 439 845 sine
457 817 553 846 Graeco
583 822 670 850 textu,
690 825 704 845 a
731 805 875 845 Guiliclmo
899 815 1012 843 Morelio
1037 814 1149 841 Lutetiae
1164 813 1329 841 Parisiorum
1346 812 1416 847 typis
1439 810 1565 837 mandata
1588 807 1639 834 iuit
1662 813 1736 852 anno
1755 805 1807 831 [ιο-

187 850 255 889 Inibi
267 860 348 889 1561.
363 860 431 888 Post
452 861 553 889 multos
569 866 659 888 atttetn
686 868 772 887 annos
795 859 945 894 bibliopola
960 858 1127 885 Parisienses
1141 857 1264 884 Grtecum
1290 855 1427 891 quoddam
1451 853 1589 881 consecuti
1610 850 1807 894 apngraphum,

189 904 258 932 illud
275 912 329 932 una
345 911 407 931 cum
428 905 558 939 praedicta
573 904 681 932 Herveti
696 904 820 931 versione
841 904 867 930 in
880 892 1028 937 publicam
1058 902 1145 928 lucem
1170 900 1333 931 emiserunt,
1348 898 1462 925 Lutetiae
1486 896 1740 939 Parisiorumauuo
1756 892 1809 919 Do—

188 948 258 976 mini
275 947 356 976 1610.
375 948 410 976 Et.
425 936 482 976 haec
494 949 604 984 quidem
621 948 715 980 editio,
731 955 817 983 eaque
832 936 901 978 sola,
923 946 956 973 ab
970 953 1002 972 eo
1014 953 1100 979 usque
1116 948 1235 978 tempore
1255 944 1396 970 doctorum
1410 942 1535 968 tttanibtts
1552 940 1614 966 trita
1631 938 1689 964 fuit.
1709 936 1808 984 V_crum

186 993 329 1021 enimvero
354 993 417 1020 licet
443 993 477 1020 ad
494 980 573 1020 istam
599 980 785 1020 exarttandam
811 992 958 1018 editionem
977 990 1171 1020 Parisiensem,
1187 988 1270 1014 tttnlta
1285 994 1317 1013 ex
1336 994 1400 1013 mss.
1421 984 1570 1013 Vaticanis.
1587 987 1613 1009 et
1629 980 1757 1009 uounttlla
1774 986 1806 1006 ex

186 1037 288 1065 codice
307 1036 446 1064 haedum
457 1036 569 1064 Achillis
585 1035 693 1069 Harlaai,
710 1035 788 1069 primi
805 1036 831 1062 iu
845 1041 970 1066 suprema
989 1034 1064 1060 curia
1082 1033 1228 1060 Parisieusi
1245 1031 1384 1066 pratsidis,
1401 1030 1514 1057 collecta
1530 1027 1647 1058 fuerint;
1664 1024 1809 1059 quamplu-

188 1081 262 1108 tinta
276 1084 368 1107 tamen
386 1079 414 1107 in
439 1088 470 1108 ea
484 1081 572 1108 doctis
593 1081 682 1108 adhuc
707 1081 859 1108 desiderata
876 1085 947 1108 sunt.
964 1079 1053 1106 Multae
1075 1077 1146 1104 enim
1165 1076 1266 1103 lacuum
1282 1076 1307 1101 itt
1335 1075 1392 1108 ipso
1408 1074 1504 1100 Graeco
1520 1076 1594 1099 textu
1618 1070 1718 1097 relicta:
1731 1073 1808 1098 sunt.

190 1131 280 1158 quas
295 1123 371 1151 nullo
382 1124 529 1158 exemplari
541 1124 636 1152 Graeco
652 1125 770 1160 suppleri
786 1129 912 1158 poterant
926 1133 932 1151 :
948 1129 975 1150 et
990 1123 1041 1157 ipsi
1056 1122 1176 1148 editores
1192 1120 1308 1153 ingenue
1331 1118 1462 1147 fatentur,
1476 1124 1504 1143 se
1518 1116 1545 1142 in
1562 1112 1809 1160 nullutuiucidisse

187 1156 341 1202 perfectum
357 1172 384 1194 et
405 1156 542 1202 expletum
560 1156 841 1198 codicem—braecum.
857 1167 903 1202 qui
924 1156 1045 1194 Latinam
1064 1164 1171 1191 llerreti
1193 1165 1344 1189 vet-sionem
1362 1165 1494 1195 aequaret,
1509 1167 1590 1194 quant
1617 1157 1703 1185 nihilo
1719 1156 1809 1202 secius

187 1200 382 1240 ξκίιιίδυοτιηὶῑ-
395 1200 455 1244 Otto
475 1212 576 1239 factum
601 1217 654 1245 est,
678 1216 707 1239 ut
727 1212 798 1239 inter
811 1200 934 1238 Graioum
958 1215 1061 1237 textum
1081 1213 1108 1236 et
1132 1207 1254 1235 Latinam
1274 1207 1437 1236 versionem,
1453 1203 1662 1239 quamplurint‘ts
1686 1202 1712 1228 in
1741 1200 1808 1227 locis

188 1254 303 1282 minime
312 1255 471 1287 conveniat,
488 1262 548 1282 cum
563 1255 702 1290 exemplar
717 1263 770 1290 quo
789 1262 854 1282 usus
868 1259 909 1281 est
924 1254 1073 1281 Gentiauus
1092 1252 1225 1280 llervetus
1241 1259 1313 1278 nunc
1331 1250 1418 1284 plura,
1435 1257 1507 1276 nunc
1523 1248 1650 1282 pauciora
1668 1245 1807 1290 habuerit,

186 1305 272 1333 quam
286 1297 353 1326 illud
367 1299 439 1333 quod
453 1299 512 1334 ejus
524 1299 640 1326 versioni
657 1289 847 1334 adiunxerant.
860 1298 894 1325 Et
915 1297 960 1325 ubi
983 1299 1094 1326 totidem
1110 1297 1252 1332 utrobique
1272 1300 1335 1323 sunt
1363 1293 1516 1323 sentcntiae,
1530 1299 1627 1320 sensus
1642 1296 1734 1318 tamen
1757 1289 1802 1316 hic

186 1350 272 1382 atque
284 1346 322 1373 ibi
335 1345 404 1374 alius
420 1353 491 1380 saepe
509 1347 730 1382 deprehenditur.

222 1389 398 1424 Cumitnque
424 1389 588 1418 Parisicusis
614 1391 712 1418 horum
739 1391 909 1418 Balsamonis
927 1391 953 1418 in
969 1398 1086 1419 canones
1101 1390 1359 1419 commentariorum
1384 1387 1467 1415 editio
1496 1386 1565 1414 adeo
1595 1384 1688 1412 mutila
1715 1382 1810 1412 fuerit.

186 1438 272 1469 atque
288 1433 459 1468 imperfecta,
475 1441 583 1461 summo
598 1436 635 1461 rei
648 1436 786 1463 canonica:
800 1435 983 1462 emolumento
1000 1436 1108 1466 accidit,
1127 1440 1156 1461 ut
1172 1439 1249 1461 vetus
1269 1433 1413 1460 admodum
1423 1437 1449 1458 ct
1469 1430 1633 1465 completum
1653 1427 1809 1455 eorumdent

187 1477 333 1512 exemplar
349 1477 375 1505 itt
392 1477 605 1513 locupletissima
620 1484 713 1507 nostra
730 1479 897 1507 bibliotheca
922 1479 1066 1506 Bodleiana
1089 1478 1200 1506 Oxoniae
1216 1478 1387 1507 haberemus,
1402 1475 1472 1510 quod
1487 1472 1691 1509 quadringentis
1703 1471 1812 1498 circiter

188 1521 293 1551 abhinc
311 1522 400 1554 annis,
415 1527 444 1548 ut
458 1529 492 1549 ex
509 1522 618 1556 charta,
637 1523 853 1557 cbaracteribus,
869 1524 1005 1559 ligaturis,
1023 1523 1136 1557 aliisque
1156 1520 1311 1548 istiusmodi
1326 1519 1496 1553 antiquitatis
1511 1518 1619 1545 iudiciis
1635 1516 1809 1550 conjicimns,

188 1566 310 1602 eleganti
329 1574 412 1594 manu
428 1572 572 1595 exaratum
593 1569 669 1603 prelo
694 1569 802 1596 tandem
821 1569 966 1603 aliquando
995 1567 1171 1601 subjecintus,
1186 1569 1213 1593 et
1239 1564 1339 1600 publici
1366 1563 1416 1590 ltoc
1437 1563 1463 1589 itt
1485 1569 1567 1596 opere
1590 1560 1659 1594 juris
1686 1559 1810 1586 fecimus.

188 1611 288 1646 Neque
303 1612 376 1639 enim
394 1611 435 1639 fas
447 1617 517 1645 erat,
536 1617 566 1639 ut
580 1617 634 1640 tam
656 1614 807 1647 pretiosum
826 1613 895 1647 juris
911 1612 1033 1640 canonici
1049 1611 1192 1645 κειμήλιον
1209 1610 1234 1637 in
1251 1617 1301 1636 una
1323 1608 1485 1635 bibliotheca
1501 1606 1603 1633 diutius
1621 1606 1719 1632 lttlcrel
1735 1613 1742 1631 :
1758 1611 1812 1638 quo

187 1654 342 1683 noo'tnodo
357 1661 461 1689 omnes,
479 1663 540 1691 qua:
554 1656 581 1683 in
599 1657 684 1691 priori
701 1656 811 1685 luerunt
830 1657 960 1689 editione,
981 1657 1084 1683 lacunae
1101 1654 1229 1689 suppleta!
1246 1659 1326 1686 sunt;
1342 1659 1435 1679 verum
1454 1652 1535 1678 etiam
1546 1650 1598 1676 alia
1614 1648 1812 1684 quamplurima

188 1698 230 1727 ibi
241 1698 408 1732 desiderata,
426 1699 471 1727 hic
494 1700 704 1734 interseruntur,
721 1705 748 1728 et
763 1702 853 1728 omnia
865 1700 922 1728 fere
939 1707 1023 1735 usque
1044 1699 1113 1726 adeo
1131 1698 1322 1729 emendantur,
1337 1701 1365 1723 ttt
1382 1702 1446 1723 vera
1465 1695 1636 1722 Balsatuonis
1648 1691 1813 1719 Autioclteni

189 1741 220 1771 in
238 1748 360 1770 «Iones
369 1743 567 1770 commentaria
582 1750 653 1770 nunc
667 1744 785 1778 primum
802 1743 828 1770 in
841 1743 926 1771 lucem
940 1745 1040 1771 emissa
1052 1743 1212 1770 videantur.

226 1797 270 1825 Δΰ
293 1796 424 1833 majorem
446 1802 537 1826 tamen
553 1799 645 1834 operis
668 1803 794 1827 ornatum
815 1799 920 1827 dttobus
936 1799 996 1827 aliis
1009 1800 1164 1827 earumdem
1194 1799 1365 1826 scholiornm
1392 1797 1532 1825 codicibus
1556 1802 1623 1823 mss.
1640 1794 1680 1822 usi
1705 1800 1808 1824 sumus.

190 1840 361 1873 Bloniensi.
378 1847 406 1870 et
422 1842 662 1876 Amerbachiano;
680 1850 795 1878 qttorum
810 1843 875 1871 illttd
893 1843 1061 1877 amplissimo
1072 1843 1131 1871 viro
1146 1842 1283 1870 Ricltardo
1298 1843 1423 1877 Allcstry,
1439 1841 1493 1869 SS.
1510 1840 1651 1875 theologia:
1665 1835 1813 1874 professori

191 1885 271 1921 regio
287 1884 316 1912 in
332 1885 478 1914 Academia
491 1885 653 1919 Oxonieusi,
670 1891 698 1914 et
713 1887 814 1922 regalis
830 1887 935 1922 collegii
952 1887 1069 1915 Etenim
1087 1888 1228 1915 constituti
1260 1887 1388 1922 praefecto
1407 1890 1546 1921 acceptum
1563 1884 1676 1911 ferimus
1695 1892 1701 1910 :
1719 1887 1812 1916 utpote

190 1929 241 1964 qui
257 1935 352 1957 curam
374 1929 507 1958 adhibere
526 1930 654 1965 dignatus
676 1934 728 1962 est,
743 1936 773 1958 ut
789 1931 928 1958 variantes
949 1939 981 1958 ex
1004 1931 1100 1959 codice
1126 1939 1175 1959 ms.
1193 1932 1219 1958 in
1245 1931 1408 1958 bibliotheca
1430 1930 1549 1964 ejusdem
1570 1928 1677 1963 collegii
1696 1926 1814 1961 reposito

189 1972 328 2000 lectiones
343 1972 547 2008 colligerentur.
574 1974 650 2001 Alter
666 1974 752 2001 codex
782 1982 834 2001 uts.
861 1982 914 2009 quo
930 1973 1013 2008 adjuti
1044 1982 1148 2008 sumus,
1164 1980 1207 2003 est
1224 1979 1345 2002 vetustus
1362 1974 1406 2001 ille
1420 1979 1446 2001 et
1462 1973 1584 2008 insignis,
1601 1972 1646 2007 qui
1665 1972 1691 1998 in
1707 1970 1814 2005 publica

191 2015 351 2044 Academia:
371 2015 536 2044 Bastleensis
555 2017 720 2044 bibliotheca
735 2021 837 2049 exstat,
858 2018 901 2045 cui
930 2025 991 2044 eum
1007 2018 1177 2045 clarissimtts
1191 2019 1231 2045 vir
1258 2017 1373 2045 Basilius
1404 2016 1601 2044 Amerhacltius
1618 2017 1644 2050 (ιι
1672 2013 1748 2046 cujus
1764 2021 1816 2040 no-

194 2060 273 2087 mitte
289 2059 527 2087 Amrbacltianum
541 2061 719 2096 appellamus)
736 2061 824 2096 legato
837 2061 909 2088 dedit
925 2068 996 2088 anno
1016 2060 1120 2088 Domini
1147 2061 1227 2089 1595.
1242 2062 1299 2095 Quo
1322 2061 1392 2088 inter
1409 2061 1473 2092 alia,
1494 2058 1664 2086 Balsamouis
1692 2057 1771 2084 simul
1790 2061 1817 2083 ct

191 2101 311 2131 locarat
326 2103 353 2131 in
371 2111 490 2132 canones
515 2104 724 2136 commentaria,
748 2105 834 2131 nitido
851 2110 877 2132 et
901 2109 1009 2132 vetusto
1031 2105 1190 2132 charactere
1203 2105 1351 2139 descripta,
1366 2104 1557 2136 continentur;
1575 2103 1621 2130 sed
1637 2101 1742 2129 Zouara
1756 2108 1817 2135 per-

192 2150 279 2182 petno
294 2145 447 2175 Balsamoui
460 2148 611 2182 praemisso.
628 2147 714 2181 Huius
731 2148 862 2182 elegantis
886 2148 987 2175 codicis
1001 2148 1213 2176 usum-fructum
1231 2148 1438 2175 honoratissimi
1460 2147 1531 2174 illius
1545 2146 1698 2173 Academia!
1716 2152 1812 2179 proce-

192 2198 240 2219 res
255 2190 292 2219 ad
307 2191 378 2219 hanc
387 2191 536 2219 editionem
548 2191 732 2218 adornandam
746 2192 929 2227 permiserunt
946 2191 1024 2219 nobis
1044 2193 1226 2220 exhibendum
1247 2201 1294 2227 per
1315 2200 1422 2219 mantntt
1439 2197 1466 2219 et
1483 2191 1644 2218 industriam
1658 2189 1809 2217 doctissimi

192 2235 247 2263 viri
260 2234 492 2270 dominiloannis
507 2235 642 2270 Rodolplti
662 2235 819 2268 Wetstenii,
843 2237 902 2270 lilii,
925 2237 970 2271 qui
997 2242 1071 2265 tanta
1098 2238 1161 2270 (ide,
1177 2242 1250 2264 tanta
1267 2237 1406 2272 diligentia
1424 2244 1477 2264 tus.
1503 2237 1584 2262 istum
1612 2235 1734 2262 codicem
1752 2241 1815 2261 cunt

191 2278 398 2307 Parisiensibns
408 2279 577 2307 Balsatuouis
596 2285 624 2307 et
645 2279 758 2307 Zonaras
777 2280 939 2308 etlitionibus
954 2281 1082 2312 contulit.
1102 2286 1130 2308 ιιι
1146 2289 1224 2315 pares
1253 2281 1277 2308 ei
1291 2281 1390 2316 gratias
1414 2280 1521 2308 referre
1537 2286 1708 2314 nequaquam
1727 2278 1818 2311 possi-

193 2326 276 2357 πω,
290 2330 378 2358 neque
395 2330 446 2351 nos
469 2323 552 2356 solos,
567 2331 661 2350 verum
675 2327 703 2350 et
719 2331 815 2351 omnes
830 2324 1024 2359 omninojuris
1036 2325 1161 2353 canonici
1176 2325 1312 2354 studiosos
1331 2326 1382 2352 hoc
1405 2324 1538 2359 singulari
1559 2323 1643 2358 ipsius
1660 2322 1753 2349 ofﬁcio
1765 2322 1815 2349 sibi

192 2367 222 2394 in
241 2369 377 2402 aeternum
400 2367 542 2394 devinctos
570 2364 690 2394 habebit.
711 2367 813 2394 Omnes
834 2368 905 2395 enim
938 2369 1030 2396 varias
1048 2370 1178 2397 lectiones
1198 2369 1411 2404 exquisitissime
1424 2369 1552 2404 collegit;
1568 2373 1594 2393 et
1611 2368 1692 2394 multa
1706 2367 1817 2401 insuper

193 2410 310 2446 antiqua
332 2410 494 2445 incanones
506 2411 610 2438 scholia
629 2418 645 2438 e
662 2411 754 2439 codice
769 2411 821 2439 isto
834 2411 991 2446 exscripsit,
1009 2419 1068 2447 quae
1086 2420 1135 2439 nec
1153 2413 1179 2440 in
1201 2412 1380 2445 Balsamonis,
1393 2420 1444 2440 nec
1466 2411 1579 2439 Zonaras
1600 2411 1817 2441 couttttetttariis,

193 2465 246 2487 nec
259 2458 327 2491 alio,
343 2464 474 2494 quantum
496 2458 608 2491 scimus,
625 2460 719 2487 codice
735 2460 878 2487 habentur.
892 2459 948 2487 Hoc
960 2467 1027 2488 sane
1044 2461 1187 2488 dolendum
1200 2465 1252 2493 est,
1271 2461 1342 2496 quod
1358 2460 1449 2487 nescio
1461 2467 1516 2494 qtto
1535 2459 1588 2486 lato
1604 2464 1738 2486 accurata:
1754 2460 1813 2485 istae

195 2501 384 2535 coiiecliones,
400 2509 452 2537 per
465 2502 604 2530 biennium
626 2501 685 2530 fere
707 2503 732 2530 in
751 2504 846 2530 itinere
863 2504 1010 2538 haerentes,
1023 2505 1111 2532 serius
1130 2504 1164 2531 ad
1182 2512 1279 2531 manus
1295 2510 1403 2531 nostras
1419 2508 1613 2538 pervenerunt,
1630 2510 1710 2537 quant
1730 2507 1758 2528 ttt
1775 2501 1818 2528 di-

194 2552 240 2574 cta
252 2546 358 2575 scholia
376 2546 427 2581 ipsi
447 2547 539 2582 operis
565 2547 644 2581 huius
667 2548 774 2582 corpori
791 2549 847 2575 suis
874 2548 901 2576 in
919 2549 987 2577 locis
1009 2548 1135 2577 interseri
1158 2553 1295 2583 poterant.
1310 2548 1351 2575 Ne
1363 2548 1424 2583 quis
1438 2553 1527 2574 tamen
1552 2547 1586 2574 de
1601 2547 1635 2573 iis
1650 2547 1761 2574 oumiuo
1774 2546 1817 2573 hic

194 2591 359 2620 desideratis
373 2597 601 2626 conquereretur,
620 2600 650 2620 ea
662 2593 764 2625 omnia,
781 2592 876 2620 Latine
892 2593 972 2620 etiam
986 2601 1001 2620 a
1017 2593 1095 2621 nobis
1105 2600 1195 2625 versa.
1212 2593 1432 2620 annotationibus
1459 2592 1634 2624 inseruimus,
1653 2591 1686 2617 ad
1706 2591 1816 2618 eosdem

195 2636 285 2664 relata
297 2642 430 2669 «nona,
447 2635 547 2671 quibus
561 2636 587 2663 in
602 2637 695 2664 codice
709 2637 926 2665 Amerbachiauo
944 2637 1063 2672 ascripta
1080 2641 1153 2664 sunt.
1173 2635 1212 2663 Ex
1224 2636 1312 2663 variis
1324 2639 1414 2663 autem
1434 2635 1597 2662 lectionibus
1614 2642 1662 2668 pro
1677 2638 1818 2668 comperto

196 2679 341 2712 habemus,
357 2679 478 2708 codicem
495 2679 579 2707 illum
595 2679 842 2707 Amerbachianum
859 2687 919 2707 cum
936 2680 1084 2709 Bodleiano
1099 2685 1196 2708 nostro
1213 2681 1372 2715 plerumqtte
1395 2679 1556 2711 convenire,
1572 2678 1654 2705 etiant
1678 2677 1722 2704 ubi
1740 2676 1819 2703 l‘ari-

194 2722 295 2751 εἰωεῆ
311 2721 400 2751 edttio
419 2723 456 2750 ab
469 2726 585 2758 utroque
599 2722 760 2757 discrepat:
779 2724 849 2751 adeo
874 2727 904 2751 ut
919 2725 990 2752 inter
1002 2725 1158 2752 innumeras
1174 2725 1247 2757 illas,
1266 2731 1334 2759 quas
1362 2724 1531 2751 clarissimus
1547 2723 1598 2755 vir,
1617 2729 1668 2749 nts.
1681 2721 1816 2749 Atuerlta-

194 2766 323 2794 cbianum
334 2773 399 2794 cum
414 2766 619 2796 Parisiensibus
630 2767 774 2796 codicibus
797 2767 952 2801 conferens,
976 2769 1068 2797 varias
1094 2769 1204 2803 collegit
1230 2768 1375 2801 lectiones,
1390 2775 1451 2795 raro
1468 2767 1612 2794 admodum
1641 2765 1706 2796 ulla,
1720 2769 1815 2790 ttotatu

193 2811 290 2839 saltem
304 2810 400 2847 digna,
414 2817 552 2844 occurrat,
563 2819 624 2847 quae
639 2819 653 2839 a
677 2812 771 2840 codice
789 2819 882 2840 nostro
898 2813 942 2841 ltic
965 2814 1098 2848 impresso
1123 2813 1249 2841 dissidet.
1266 2812 1344 2846 Quod
1363 2813 1433 2839 idem
1453 2815 1481 2839 et
1501 2812 1536 2837 de
1551 2809 1645 2838 codice
1657 2808 1812 2836 Etoniettsi

195 2853 341 2887 dicendum
355 2858 411 2885 est.
425 2853 550 2889 Namque
564 2855 636 2882 inter
647 2860 704 2884 tres
719 2856 803 2885 hosce
821 2857 930 2885 codices
946 2858 1047 2893 optitue
1059 2858 1202 2891 convenit;
1219 2855 1446 2892 quemadmodum
1474 2854 1502 2882 iu
1513 2852 1735 2882 annotationibus
1746 2851 1815 2879 mul-

197 2896 278 2927 totios
290 2897 442 2931 observare
452 2897 528 2933 licet,
543 2898 588 2927 ubi
601 2903 656 2928 trcs
673 2900 756 2929 hosce
770 2900 877 2930 codices
899 2908 927 2930 se
943 2901 1058 2931 invicem
1072 2902 1266 2931 continuantes
1281 2907 1354 2935 saepe
1371 2898 1558 2934 producimus.
1572 2898 1644 2928 lntcr
1655 2905 1704 2927 eos
1723 2900 1813 2925 autem
