  <div class='ocr_page' id='page_1' title='image "/cluster/home/n/w/nwhite01/storage/ocr_20150623/137:no.1/coo.31924054870427/021.png"; bbox 0 0 4056 6388; ppageno 0'>
   <div class='ocr_carea' id='block_1_1' title="bbox 406 322 3668 396">
    <p class='ocr_par' dir='ltr' id='par_1_1' title="bbox 406 322 3668 396">
     <span class='ocr_line' id='line_1_1' title="bbox 406 322 3668 396; baseline -0.001 0"><span class='ocrx_word' id='word_1_1' title='bbox 406 334 477 396; x_wconf 76' lang='grc'><strong>27</strong></span> <span class='ocrx_word' id='word_1_2' title='bbox 1499 326 1709 389; x_wconf 88' lang='lat' dir='ltr'><strong>GUiL.</strong></span> <span class='ocrx_word' id='word_1_3' title='bbox 1750 324 1945 388; x_wconf 82' lang='lat' dir='ltr'><strong>BEVE</strong></span> <span class='ocrx_word' id='word_1_4' title='bbox 1958 322 2173 389; x_wconf 79' lang='lat' dir='ltr'><strong>REGII</strong></span> <span class='ocrx_word' id='word_1_5' title='bbox 2212 325 2635 390; x_wconf 66' lang='lat' dir='ltr'><strong>PREFATIO.</strong></span> <span class='ocrx_word' id='word_1_6' title='bbox 3598 330 3668 394; x_wconf 76' lang='grc'><strong>28</strong></span> 
     </span>
    </p>
   </div>
   <div class='ocr_carea' id='block_1_2' title="bbox 408 441 3658 515">
    <p class='ocr_par' dir='ltr' id='par_1_2' title="bbox 408 441 3658 515">
     <span class='ocr_line' id='line_1_2' title="bbox 408 441 3658 515; baseline -0.002 -6"><span class='ocrx_word' id='word_1_7' title='bbox 408 463 464 509; x_wconf 88' lang='lat' dir='ltr'><strong>et</strong></span> <span class='ocrx_word' id='word_1_8' title='bbox 490 450 851 509; x_wconf 76' lang='lat' dir='ltr'><strong>Parisiensem</strong></span> <span class='ocrx_word' id='word_1_9' title='bbox 872 448 1167 508; x_wconf 75' lang='lat' dir='ltr'><strong>editionem</strong></span> <span class='ocrx_word' id='word_1_10' title='bbox 1200 445 1427 503; x_wconf 70' lang='lat' dir='ltr'><strong>militum</strong></span> <span class='ocrx_word' id='word_1_11' title='bbox 1449 446 1783 503; x_wconf 76' lang='lat' dir='ltr'><strong>discriminis</strong></span> <span class='ocrx_word' id='word_1_12' title='bbox 1809 444 2011 515; x_wconf 87' lang='lat' dir='ltr'><strong>passim</strong></span> <span class='ocrx_word' id='word_1_13' title='bbox 2030 441 2297 509; x_wconf 89' lang='lat' dir='ltr'><strong>occurrit,</strong></span> <span class='ocrx_word' id='word_1_14' title='bbox 2337 450 2391 499; x_wconf 91' lang='lat' dir='ltr'><strong>et</strong></span> <span class='ocrx_word' id='word_1_15' title='bbox 2419 443 2627 501; x_wconf 90' lang='lat' dir='ltr'><strong>idcirco</strong></span> <span class='ocrx_word' id='word_1_16' title='bbox 2668 442 2883 505; x_wconf 81' lang='lat' dir='ltr'><strong>etiamsi</strong></span> <span class='ocrx_word' id='word_1_17' title='bbox 2932 443 3184 501; x_wconf 89' lang='lat' dir='ltr'><strong>Latinam</strong></span> <span class='ocrx_word' id='word_1_18' title='bbox 3227 445 3485 503; x_wconf 81' lang='lat' dir='ltr'><strong>Gentiani</strong></span> <span class='ocrx_word' id='word_1_19' title='bbox 3518 446 3658 503; x_wconf 85' lang='lat' dir='ltr'><strong>lier-</strong></span> 
     </span>
    </p>
   </div>
   <div class='ocr_carea' id='block_1_3' title="bbox 411 533 3670 610">
    <p class='ocr_par' dir='ltr' id='par_1_3' title="bbox 411 533 3670 610">
     <span class='ocr_line' id='line_1_3' title="bbox 411 533 3670 610; baseline 0 -19"><span class='ocrx_word' id='word_1_20' title='bbox 411 540 524 597; x_wconf 75' lang='lat' dir='ltr'><strong>veti</strong></span> <span class='ocrx_word' id='word_1_21' title='bbox 552 540 880 608; x_wconf 86' lang='lat' dir='ltr'><strong>versionem,</strong></span> <span class='ocrx_word' id='word_1_22' title='bbox 911 538 1091 610; x_wconf 87' lang='lat' dir='ltr'><strong>quoad</strong></span> <span class='ocrx_word' id='word_1_23' title='bbox 1118 536 1239 607; x_wconf 84' lang='lat' dir='ltr'><strong>ejus</strong></span> <span class='ocrx_word' id='word_1_24' title='bbox 1276 535 1393 592; x_wconf 80' lang='lat' dir='ltr'><strong>ﬁeri</strong></span> <span class='ocrx_word' id='word_1_25' title='bbox 1419 535 1620 604; x_wconf 89' lang='lat' dir='ltr'><strong>potuit,</strong></span> <span class='ocrx_word' id='word_1_26' title='bbox 1645 535 1882 590; x_wconf 83' lang='lat' dir='ltr'><strong>retinere</strong></span> <span class='ocrx_word' id='word_1_27' title='bbox 1903 533 2274 599; x_wconf 71' lang='lat' dir='ltr'><strong>eniteremur;</strong></span> <span class='ocrx_word' id='word_1_28' title='bbox 2305 547 2425 591; x_wconf 89' lang='lat' dir='ltr'><strong>eam</strong></span> <span class='ocrx_word' id='word_1_29' title='bbox 2453 541 2637 593; x_wconf 86' lang='lat' dir='ltr'><strong>tamen</strong></span> <span class='ocrx_word' id='word_1_30' title='bbox 2666 535 3087 605; x_wconf 86' lang='lat' dir='ltr'><strong>quamplurimis</strong></span> <span class='ocrx_word' id='word_1_31' title='bbox 3118 537 3173 592; x_wconf 92' lang='lat' dir='ltr'><strong>in</strong></span> <span class='ocrx_word' id='word_1_32' title='bbox 3205 536 3342 593; x_wconf 92' lang='lat' dir='ltr'><strong>locis</strong></span> <span class='ocrx_word' id='word_1_33' title='bbox 3376 537 3670 594; x_wconf 87' lang='lat' dir='ltr'><strong>immutare</strong></span> 
     </span>
    </p>
   </div>
   <div class='ocr_carea' id='block_1_4' title="bbox 411 621 3670 694">
    <p class='ocr_par' dir='ltr' id='par_1_4' title="bbox 411 621 3670 694">
     <span class='ocr_line' id='line_1_4' title="bbox 411 621 3670 694; baseline 0.002 -15"><span class='ocrx_word' id='word_1_34' title='bbox 411 629 585 685; x_wconf 68' lang='lat' dir='ltr'><strong>coacti</strong></span> <span class='ocrx_word' id='word_1_35' title='bbox 609 642 826 694; x_wconf 72' lang='lat' dir='ltr'><strong>senius,</strong></span> <span class='ocrx_word' id='word_1_36' title='bbox 855 638 917 683; x_wconf 94' lang='lat' dir='ltr'><strong>ut</strong></span> <span class='ocrx_word' id='word_1_37' title='bbox 944 628 1137 684; x_wconf 70' lang='lat' dir='ltr'><strong>Graeco</strong></span> <span class='ocrx_word' id='word_1_38' title='bbox 1161 639 1283 683; x_wconf 84' lang='lat' dir='ltr'><strong>eam</strong></span> <span class='ocrx_word' id='word_1_39' title='bbox 1317 623 1487 678; x_wconf 81' lang='lat' dir='ltr'><strong>textui</strong></span> <span class='ocrx_word' id='word_1_40' title='bbox 1522 637 1551 678; x_wconf 84' lang='lat' dir='ltr'><strong>a</strong></span> <span class='ocrx_word' id='word_1_41' title='bbox 1582 622 1741 681; x_wconf 87' lang='lat' dir='ltr'><strong>nobis</strong></span> <span class='ocrx_word' id='word_1_42' title='bbox 1766 621 1916 679; x_wconf 89' lang='lat' dir='ltr'><strong>edito</strong></span> <span class='ocrx_word' id='word_1_43' title='bbox 1948 623 2353 694; x_wconf 84' lang='lat' dir='ltr'><strong>adaptaremns.</strong></span> <span class='ocrx_word' id='word_1_44' title='bbox 2392 623 2459 683; x_wconf 88' lang='lat' dir='ltr'><strong>Et</strong></span> <span class='ocrx_word' id='word_1_45' title='bbox 2487 625 2579 683; x_wconf 89' lang='lat' dir='ltr'><strong>ubi</strong></span> <span class='ocrx_word' id='word_1_46' title='bbox 2605 625 2908 684; x_wconf 86' lang='lat' dir='ltr'><strong>Gentianus</strong></span> <span class='ocrx_word' id='word_1_47' title='bbox 2938 627 3206 685; x_wconf 87' lang='lat' dir='ltr'><strong>Hervetus</strong></span> <span class='ocrx_word' id='word_1_48' title='bbox 3238 644 3459 686; x_wconf 84' lang='lat' dir='ltr'><strong>sensum</strong></span> <span class='ocrx_word' id='word_1_49' title='bbox 3494 630 3670 689; x_wconf 85' lang='lat' dir='ltr'><strong>alicu-</strong></span> 
     </span>
    </p>
   </div>
   <div class='ocr_carea' id='block_1_5' title="bbox 404 710 3671 789">
    <p class='ocr_par' dir='ltr' id='par_1_5' title="bbox 404 710 3671 789">
     <span class='ocr_line' id='line_1_5' title="bbox 404 710 3671 789; baseline 0.001 -17"><span class='ocrx_word' id='word_1_50' title='bbox 404 716 499 788; x_wconf 85' lang='lat' dir='ltr'><strong>jus</strong></span> <span class='ocrx_word' id='word_1_51' title='bbox 532 717 658 784; x_wconf 81' lang='lat' dir='ltr'><strong>loci,</strong></span> <span class='ocrx_word' id='word_1_52' title='bbox 690 717 839 789; x_wconf 83' lang='lat' dir='ltr'><strong>quod</strong></span> <span class='ocrx_word' id='word_1_53' title='bbox 859 730 1003 786; x_wconf 63' lang='lat' dir='ltr'><strong>sape</strong></span> <span class='ocrx_word' id='word_1_54' title='bbox 1028 714 1249 779; x_wconf 89' lang='lat' dir='ltr'><strong>accidit,</strong></span> <span class='ocrx_word' id='word_1_55' title='bbox 1278 712 1419 768; x_wconf 87' lang='lat' dir='ltr'><strong>male</strong></span> <span class='ocrx_word' id='word_1_56' title='bbox 1450 711 1737 777; x_wconf 75' lang='lat' dir='ltr'><strong>intellexit,</strong></span> <span class='ocrx_word' id='word_1_57' title='bbox 1770 710 1857 767; x_wconf 92' lang='lat' dir='ltr'><strong>vel</strong></span> <span class='ocrx_word' id='word_1_58' title='bbox 1887 712 2077 769; x_wconf 82' lang='lat' dir='ltr'><strong>saltem</strong></span> <span class='ocrx_word' id='word_1_59' title='bbox 2118 728 2229 768; x_wconf 87' lang='lat' dir='ltr'><strong>non</strong></span> <span class='ocrx_word' id='word_1_60' title='bbox 2267 712 2408 770; x_wconf 84' lang='lat' dir='ltr'><strong>bene</strong></span> <span class='ocrx_word' id='word_1_61' title='bbox 2439 714 2734 785; x_wconf 82' lang='lat' dir='ltr'><strong>expressit,</strong></span> <span class='ocrx_word' id='word_1_62' title='bbox 2771 731 2874 772; x_wconf 89' lang='lat' dir='ltr'><strong>nos</strong></span> <span class='ocrx_word' id='word_1_63' title='bbox 2900 718 3210 773; x_wconf 76' lang='lat' dir='ltr'><strong>versionem</strong></span> <span class='ocrx_word' id='word_1_64' title='bbox 3254 715 3373 787; x_wconf 87' lang='lat' dir='ltr'><strong>ejus</strong></span> <span class='ocrx_word' id='word_1_65' title='bbox 3400 719 3671 777; x_wconf 87' lang='lat' dir='ltr'><strong>emenda-.</strong></span> 
     </span>
    </p>
   </div>
   <div class='ocr_carea' id='block_1_6' title="bbox 411 801 3629 871">
    <p class='ocr_par' dir='ltr' id='par_1_6' title="bbox 411 801 3629 871">
     <span class='ocr_line' id='line_1_6' title="bbox 411 801 3629 871; baseline 0.002 -14"><span class='ocrx_word' id='word_1_66' title='bbox 411 806 612 871; x_wconf 88' lang='lat' dir='ltr'><strong>vimus,</strong></span> <span class='ocrx_word' id='word_1_67' title='bbox 642 815 700 861; x_wconf 89' lang='lat' dir='ltr'><strong>et</strong></span> <span class='ocrx_word' id='word_1_68' title='bbox 726 803 1125 862; x_wconf 78' lang='lat' dir='ltr'><strong>emendationis</strong></span> <span class='ocrx_word' id='word_1_69' title='bbox 1158 802 1464 858; x_wconf 86' lang='lat' dir='ltr'><strong>istiusmodi</strong></span> <span class='ocrx_word' id='word_1_70' title='bbox 1490 801 1759 857; x_wconf 86' lang='lat' dir='ltr'><strong>rationem</strong></span> <span class='ocrx_word' id='word_1_71' title='bbox 1788 801 1842 856; x_wconf 93' lang='lat' dir='ltr'><strong>in</strong></span> <span class='ocrx_word' id='word_1_72' title='bbox 1875 801 2321 858; x_wconf 84' lang='lat' dir='ltr'><strong>annotationibus</strong></span> <span class='ocrx_word' id='word_1_73' title='bbox 2348 812 2408 858; x_wconf 91' lang='lat' dir='ltr'><strong>ut</strong></span> <span class='ocrx_word' id='word_1_74' title='bbox 2436 802 2731 871; x_wconf 82' lang='lat' dir='ltr'><strong>plurimum</strong></span> <span class='ocrx_word' id='word_1_75' title='bbox 2762 804 3119 863; x_wconf 85' lang='lat' dir='ltr'><strong>reddidimus.</strong></span> <span class='ocrx_word' id='word_1_76' title='bbox 3618 806 3629 817; x_wconf 82' lang='grc'><em>“</em></span> 
     </span>
    </p>
   </div>
   <div class='ocr_carea' id='block_1_7' title="bbox 486 889 3669 967">
    <p class='ocr_par' dir='ltr' id='par_1_7' title="bbox 486 889 3669 967">
     <span class='ocr_line' id='line_1_7' title="bbox 486 889 3669 967; baseline 0.001 -18"><span class='ocrx_word' id='word_1_77' title='bbox 486 893 766 951; x_wconf 71' lang='lat' dir='ltr'><strong>[lactentis</strong></span> <span class='ocrx_word' id='word_1_78' title='bbox 795 896 863 950; x_wconf 79' lang='lat' dir='ltr'><strong>de</strong></span> <span class='ocrx_word' id='word_1_79' title='bbox 884 894 1230 958; x_wconf 83' lang='lat' dir='ltr'><strong>Balsamone,</strong></span> <span class='ocrx_word' id='word_1_80' title='bbox 1258 900 1313 947; x_wconf 86' lang='lat' dir='ltr'><strong>et</strong></span> <span class='ocrx_word' id='word_1_81' title='bbox 1337 891 1567 948; x_wconf 85' lang='lat' dir='ltr'><strong>eruditis</strong></span> <span class='ocrx_word' id='word_1_82' title='bbox 1597 890 1717 961; x_wconf 86' lang='lat' dir='ltr'><strong>ejus</strong></span> <span class='ocrx_word' id='word_1_83' title='bbox 1767 890 1824 946; x_wconf 90' lang='lat' dir='ltr'><strong>in</strong></span> <span class='ocrx_word' id='word_1_84' title='bbox 1854 904 2092 947; x_wconf 82' lang='lat' dir='ltr'><strong>canones</strong></span> <span class='ocrx_word' id='word_1_85' title='bbox 2128 891 2561 947; x_wconf 87' lang='lat' dir='ltr'><strong>commentariis.</strong></span> <span class='ocrx_word' id='word_1_86' title='bbox 2591 889 2851 962; x_wconf 88' lang='lat' dir='ltr'><strong>Sequitur</strong></span> <span class='ocrx_word' id='word_1_87' title='bbox 2888 891 3159 961; x_wconf 84' lang='lat' dir='ltr'><strong>Zonaras,</strong></span> <span class='ocrx_word' id='word_1_88' title='bbox 3186 897 3278 967; x_wconf 81' lang='lat' dir='ltr'><strong>qui</strong></span> <span class='ocrx_word' id='word_1_89' title='bbox 3330 896 3432 953; x_wconf 90' lang='lat' dir='ltr'><strong>sub</strong></span> <span class='ocrx_word' id='word_1_90' title='bbox 3479 896 3669 954; x_wconf 77' lang='lat' dir='ltr'><strong>Alexio</strong></span> 
     </span>
    </p>
   </div>
   <div class='ocr_carea' id='block_1_8' title="bbox 410 977 3669 1059">
    <p class='ocr_par' dir='ltr' id='par_1_8' title="bbox 410 977 3669 1059">
     <span class='ocr_line' id='line_1_8' title="bbox 410 977 3669 1059; baseline 0.002 -25"><span class='ocrx_word' id='word_1_91' title='bbox 410 980 625 1039; x_wconf 81' lang='lat' dir='ltr'><strong>Joanne</strong></span> <span class='ocrx_word' id='word_1_92' title='bbox 652 982 933 1039; x_wconf 64' lang='lat' dir='ltr'><strong>Coananeno</strong></span> <span class='ocrx_word' id='word_1_93' title='bbox 956 981 1162 1046; x_wconf 79' lang='lat' dir='ltr'><strong>ﬂoruit,</strong></span> <span class='ocrx_word' id='word_1_94' title='bbox 1197 990 1255 1036; x_wconf 91' lang='lat' dir='ltr'><strong>et</strong></span> <span class='ocrx_word' id='word_1_95' title='bbox 1276 995 1520 1036; x_wconf 88' lang='lat' dir='ltr'><strong>summos</strong></span> <span class='ocrx_word' id='word_1_96' title='bbox 1550 980 1603 1035; x_wconf 89' lang='lat' dir='ltr'><strong>in</strong></span> <span class='ocrx_word' id='word_1_97' title='bbox 1635 979 1867 1050; x_wconf 90' lang='lat' dir='ltr'><strong>imperio</strong></span> <span class='ocrx_word' id='word_1_98' title='bbox 1900 977 2163 1034; x_wconf 88' lang='lat' dir='ltr'><strong>Orientali</strong></span> <span class='ocrx_word' id='word_1_99' title='bbox 2201 981 2439 1036; x_wconf 84' lang='lat' dir='ltr'><strong>honores</strong></span> <span class='ocrx_word' id='word_1_100' title='bbox 2469 981 2640 1051; x_wconf 78' lang='lat' dir='ltr'><strong>gessit</strong></span> <span class='ocrx_word' id='word_1_101' title='bbox 2670 992 2846 1038; x_wconf 76' lang='lat' dir='ltr'><strong>:‘nam</strong></span> <span class='ocrx_word' id='word_1_102' title='bbox 2889 999 3116 1054; x_wconf 86' lang='lat' dir='ltr'><strong>magnus</strong></span> <span class='ocrx_word' id='word_1_103' title='bbox 3136 985 3462 1059; x_wconf 83' lang='lat' dir='ltr'><strong>drungarins</strong></span> <span class='ocrx_word' id='word_1_104' title='bbox 3490 987 3669 1055; x_wconf 74' lang='lat' dir='ltr'><strong>viglre,</strong></span> 
     </span>
    </p>
   </div>
   <div class='ocr_carea' id='block_1_9' title="bbox 408 1067 3667 1149">
    <p class='ocr_par' dir='ltr' id='par_1_9' title="bbox 408 1067 3667 1149">
     <span class='ocr_line' id='line_1_9' title="bbox 408 1067 3667 1149; baseline 0.001 -23"><span class='ocrx_word' id='word_1_105' title='bbox 408 1080 465 1129; x_wconf 90' lang='lat' dir='ltr'><strong>et</strong></span> <span class='ocrx_word' id='word_1_106' title='bbox 498 1073 923 1139; x_wconf 83' lang='lat' dir='ltr'><strong>protoasecretis</strong></span> <span class='ocrx_word' id='word_1_107' title='bbox 947 1070 1067 1133; x_wconf 81' lang='lat' dir='ltr'><strong>fuit,</strong></span> <span class='ocrx_word' id='word_1_108' title='bbox 1097 1070 1212 1125; x_wconf 87' lang='lat' dir='ltr'><strong>sive</strong></span> <span class='ocrx_word' id='word_1_109' title='bbox 1239 1069 1447 1138; x_wconf 91' lang='lat' dir='ltr'><strong>primus</strong></span> <span class='ocrx_word' id='word_1_110' title='bbox 1474 1084 1505 1123; x_wconf 89' lang='lat' dir='ltr'><strong>a</strong></span> <span class='ocrx_word' id='word_1_111' title='bbox 1532 1068 1781 1124; x_wconf 85' lang='lat' dir='ltr'><strong>secretis.</strong></span> <span class='ocrx_word' id='word_1_112' title='bbox 1819 1067 1948 1125; x_wconf 87' lang='lat' dir='ltr'><strong>Post</strong></span> <span class='ocrx_word' id='word_1_113' title='bbox 1974 1068 2179 1139; x_wconf 83' lang='lat' dir='ltr'><strong>aliquot</strong></span> <span class='ocrx_word' id='word_1_114' title='bbox 2213 1078 2394 1125; x_wconf 87' lang='lat' dir='ltr'><strong>autem</strong></span> <span class='ocrx_word' id='word_1_115' title='bbox 2427 1084 2600 1126; x_wconf 87' lang='lat' dir='ltr'><strong>annos</strong></span> <span class='ocrx_word' id='word_1_116' title='bbox 2633 1071 2976 1129; x_wconf 65' lang='lat' dir='ltr'><strong>saecularium</strong></span> <span class='ocrx_word' id='word_1_117' title='bbox 3004 1084 3269 1149; x_wconf 69' lang='lat' dir='ltr'><strong>pertaesus</strong></span> <span class='ocrx_word' id='word_1_118' title='bbox 3299 1075 3667 1145; x_wconf 77' lang='lat' dir='ltr'><strong>negotiorum,</strong></span> 
     </span>
    </p>
   </div>
   <div class='ocr_carea' id='block_1_10' title="bbox 411 1154 3671 1230">
    <p class='ocr_par' dir='ltr' id='par_1_10' title="bbox 411 1154 3671 1230">
     <span class='ocr_line' id='line_1_10' title="bbox 411 1154 3671 1230; baseline 0.002 -20"><span class='ocrx_word' id='word_1_119' title='bbox 411 1159 477 1211; x_wconf 86' lang='lat' dir='ltr'><strong>ad</strong></span> <span class='ocrx_word' id='word_1_120' title='bbox 504 1159 864 1213; x_wconf 88' lang='lat' dir='ltr'><strong>monasticam</strong></span> <span class='ocrx_word' id='word_1_121' title='bbox 920 1158 1089 1211; x_wconf 86' lang='lat' dir='ltr'><strong>vitam</strong></span> <span class='ocrx_word' id='word_1_122' title='bbox 1136 1157 1393 1223; x_wconf 88' lang='lat' dir='ltr'><strong>secessit,</strong></span> <span class='ocrx_word' id='word_1_123' title='bbox 1447 1170 1610 1227; x_wconf 92' lang='lat' dir='ltr'><strong>quam</strong></span> <span class='ocrx_word' id='word_1_124' title='bbox 1653 1155 1982 1221; x_wconf 81' lang='lat' dir='ltr'><strong>transigcns,</strong></span> <span class='ocrx_word' id='word_1_125' title='bbox 2028 1154 2197 1211; x_wconf 87' lang='lat' dir='ltr'><strong>multa</strong></span> <span class='ocrx_word' id='word_1_126' title='bbox 2234 1156 2479 1224; x_wconf 88' lang='lat' dir='ltr'><strong>scripsit,</strong></span> <span class='ocrx_word' id='word_1_127' title='bbox 2509 1157 2709 1228; x_wconf 85' lang='lat' dir='ltr'><strong>quibus</strong></span> <span class='ocrx_word' id='word_1_128' title='bbox 2767 1167 3019 1229; x_wconf 85' lang='lat' dir='ltr'><strong>posteros</strong></span> <span class='ocrx_word' id='word_1_129' title='bbox 3042 1159 3146 1217; x_wconf 84' lang='lat' dir='ltr'><strong>sibi</strong></span> <span class='ocrx_word' id='word_1_130' title='bbox 3199 1160 3468 1230; x_wconf 80' lang='lat' dir='ltr'><strong>obligatos</strong></span> <span class='ocrx_word' id='word_1_131' title='bbox 3500 1171 3671 1219; x_wconf 88' lang='lat' dir='ltr'><strong>tenet.</strong></span> 
     </span>
    </p>
   </div>
   <div class='ocr_carea' id='block_1_11' title="bbox 409 1242 3668 1319">
    <p class='ocr_par' dir='ltr' id='par_1_11' title="bbox 409 1242 3668 1319">
     <span class='ocr_line' id='line_1_11' title="bbox 409 1242 3668 1319; baseline 0.001 -20"><span class='ocrx_word' id='word_1_132' title='bbox 409 1244 599 1302; x_wconf 81' lang='lat' dir='ltr'><strong>Primo</strong></span> <span class='ocrx_word' id='word_1_133' title='bbox 620 1246 770 1302; x_wconf 86' lang='lat' dir='ltr'><strong>enim</strong></span> <span class='ocrx_word' id='word_1_134' title='bbox 804 1244 1173 1303; x_wconf 77' lang='lat' dir='ltr'><strong>universalem</strong></span> <span class='ocrx_word' id='word_1_135' title='bbox 1206 1244 1535 1314; x_wconf 81' lang='lat' dir='ltr'><strong>conscripsit</strong></span> <span class='ocrx_word' id='word_1_136' title='bbox 1566 1243 1849 1299; x_wconf 79' lang='lat' dir='ltr'><strong>historiam</strong></span> <span class='ocrx_word' id='word_1_137' title='bbox 1896 1256 1927 1298; x_wconf 89' lang='lat' dir='ltr'><strong>a</strong></span> <span class='ocrx_word' id='word_1_138' title='bbox 1964 1242 2169 1297; x_wconf 90' lang='lat' dir='ltr'><strong>mundo</strong></span> <span class='ocrx_word' id='word_1_139' title='bbox 2202 1244 2423 1314; x_wconf 79' lang='lat' dir='ltr'><strong>condito</strong></span> <span class='ocrx_word' id='word_1_140' title='bbox 2458 1260 2636 1315; x_wconf 90' lang='lat' dir='ltr'><strong>usque</strong></span> <span class='ocrx_word' id='word_1_141' title='bbox 2663 1248 2731 1301; x_wconf 89' lang='lat' dir='ltr'><strong>ad</strong></span> <span class='ocrx_word' id='word_1_142' title='bbox 2766 1247 2943 1301; x_wconf 82' lang='lat' dir='ltr'><strong>Alesii</strong></span> <span class='ocrx_word' id='word_1_143' title='bbox 2994 1248 3259 1304; x_wconf 88' lang='lat' dir='ltr'><strong>Comneni</strong></span> <span class='ocrx_word' id='word_1_144' title='bbox 3299 1248 3668 1319; x_wconf 83' lang='lat' dir='ltr'><strong>imperatoris,</strong></span> 
     </span>
    </p>
   </div>
   <div class='ocr_carea' id='block_1_12' title="bbox 409 1328 3669 1406">
    <p class='ocr_par' dir='ltr' id='par_1_12' title="bbox 409 1328 3669 1406">
     <span class='ocr_line' id='line_1_12' title="bbox 409 1328 3669 1406; baseline 0.001 -16"><span class='ocrx_word' id='word_1_145' title='bbox 409 1335 513 1395; x_wconf 86' lang='lat' dir='ltr'><strong>sub</strong></span> <span class='ocrx_word' id='word_1_146' title='bbox 538 1350 648 1403; x_wconf 81' lang='lat' dir='ltr'><strong>quo</strong></span> <span class='ocrx_word' id='word_1_147' title='bbox 680 1335 839 1401; x_wconf 71' lang='lat' dir='ltr'><strong>visit,</strong></span> <span class='ocrx_word' id='word_1_148' title='bbox 869 1334 1103 1398; x_wconf 85' lang='lat' dir='ltr'><strong>obitum,</strong></span> <span class='ocrx_word' id='word_1_149' title='bbox 1134 1334 1238 1401; x_wconf 69' lang='lat' dir='ltr'><strong>hoc</strong></span> <span class='ocrx_word' id='word_1_150' title='bbox 1269 1344 1378 1397; x_wconf 88' lang='lat' dir='ltr'><strong>est,</strong></span> <span class='ocrx_word' id='word_1_151' title='bbox 1429 1347 1601 1401; x_wconf 87' lang='lat' dir='ltr'><strong>usque</strong></span> <span class='ocrx_word' id='word_1_152' title='bbox 1644 1332 1709 1388; x_wconf 87' lang='lat' dir='ltr'><strong>ad</strong></span> <span class='ocrx_word' id='word_1_153' title='bbox 1763 1346 1964 1391; x_wconf 88' lang='lat' dir='ltr'><strong>annum</strong></span> <span class='ocrx_word' id='word_1_154' title='bbox 2016 1329 2232 1386; x_wconf 85' lang='lat' dir='ltr'><strong>Domini</strong></span> <span class='ocrx_word' id='word_1_155' title='bbox 2279 1332 2439 1389; x_wconf 84' lang='grc'><strong>1118.</strong></span> <span class='ocrx_word' id='word_1_156' title='bbox 2472 1328 2792 1402; x_wconf 81' lang='lat' dir='ltr'><strong>Elegantem</strong></span> <span class='ocrx_word' id='word_1_157' title='bbox 2812 1338 2979 1393; x_wconf 83' lang='lat' dir='ltr'><strong>etiam</strong></span> <span class='ocrx_word' id='word_1_158' title='bbox 3003 1338 3308 1393; x_wconf 88' lang='lat' dir='ltr'><strong>orationem</strong></span> <span class='ocrx_word' id='word_1_159' title='bbox 3338 1337 3669 1406; x_wconf 86' lang='lat' dir='ltr'><strong>composuit,</strong></span> 
     </span>
    </p>
   </div>
   <div class='ocr_carea' id='block_1_13' title="bbox 406 1419 3673 1497">
    <p class='ocr_par' dir='ltr' id='par_1_13' title="bbox 406 1419 3673 1497">
     <span class='ocr_line' id='line_1_13' title="bbox 406 1419 3673 1497; baseline 0.001 -19"><span class='ocrx_word' id='word_1_160' title='bbox 406 1440 529 1494; x_wconf 68' lang='lat' dir='ltr'><strong>qua:</strong></span> <span class='ocrx_word' id='word_1_161' title='bbox 551 1424 891 1485; x_wconf 80' lang='lat' dir='ltr'><strong>inscribitur,</strong></span> <span class='ocrx_word' id='word_1_162' title='bbox 909 1423 1161 1479; x_wconf 77' lang='grc' dir='ltr'><strong>Ἰωάννου</strong></span> <span class='ocrx_word' id='word_1_163' title='bbox 1194 1423 1289 1478; x_wconf 81' lang='grc' dir='ltr'>τοῦ</span> <span class='ocrx_word' id='word_1_164' title='bbox 1316 1424 1551 1491; x_wconf 84' lang='grc' dir='ltr'>Ζωναρᾶ</span> <span class='ocrx_word' id='word_1_165' title='bbox 1573 1419 1669 1475; x_wconf 80' lang='grc' dir='ltr'>τοῦ</span> <span class='ocrx_word' id='word_1_166' title='bbox 1695 1419 1983 1489; x_wconf 78' lang='grc' dir='ltr'><strong>γεγονότος</strong></span> <span class='ocrx_word' id='word_1_167' title='bbox 2017 1420 2260 1488; x_wconf 79' lang='grc' dir='ltr'><strong>μεγάλου</strong></span> <span class='ocrx_word' id='word_1_168' title='bbox 2283 1419 2653 1492; x_wconf 81' lang='grc' dir='ltr'>δρουγγαρίου</span> <span class='ocrx_word' id='word_1_169' title='bbox 2684 1423 2781 1493; x_wconf 84' lang='grc' dir='ltr'>τῆς</span> <span class='ocrx_word' id='word_1_170' title='bbox 2814 1424 3014 1494; x_wconf 83' lang='grc' dir='ltr'>Βίγλης</span> <span class='ocrx_word' id='word_1_171' title='bbox 3044 1427 3141 1480; x_wconf 79' lang='grc' dir='ltr'>καὶ</span> <span class='ocrx_word' id='word_1_172' title='bbox 3170 1427 3673 1497; x_wconf 81' lang='grc' dir='ltr'>πρωτοασηκρῆτις</span> 
     </span>
    </p>
   </div>
   <div class='ocr_carea' id='block_1_14' title="bbox 405 1506 2007 1584">
    <p class='ocr_par' dir='ltr' id='par_1_14' title="bbox 405 1507 2007 1582">
     <span class='ocr_line' id='line_1_14' title="bbox 405 1507 2007 1582; baseline -0.004 -18"><span class='ocrx_word' id='word_1_173' title='bbox 405 1512 564 1581; x_wconf 80' lang='grc' dir='ltr'><strong>λόγος</strong></span> <span class='ocrx_word' id='word_1_174' title='bbox 596 1511 735 1582; x_wconf 84' lang='grc' dir='ltr'>πρὸς</span> <span class='ocrx_word' id='word_1_175' title='bbox 781 1511 911 1575; x_wconf 80' lang='grc' dir='ltr'>τοὺς</span> <span class='ocrx_word' id='word_1_176' title='bbox 957 1510 1056 1581; x_wconf 87' lang='grc' dir='ltr'>τὴν</span> <span class='ocrx_word' id='word_1_177' title='bbox 1088 1512 1327 1580; x_wconf 78' lang='grc' dir='ltr'>φυσικὴν</span> <span class='ocrx_word' id='word_1_178' title='bbox 1357 1513 1456 1580; x_wconf 83' lang='grc' dir='ltr'>τῆς</span> <span class='ocrx_word' id='word_1_179' title='bbox 1504 1512 1673 1580; x_wconf 86' lang='grc' dir='ltr'>γονῆς</span> <span class='ocrx_word' id='word_1_180' title='bbox 1718 1507 1921 1579; x_wconf 79' lang='grc' dir='ltr'>ὲκροὴν</span> <span class='ocrx_word' id='word_1_181' title='bbox 1956 1507 2007 1576; x_wconf 58' lang='grc' dir='ltr'><strong>με</strong></span> 
     </span>
    </p>
   </div>
   <div class='ocr_carea' id='block_1_15' title="bbox 2070 1506 3672 1584">
    <p class='ocr_par' dir='ltr' id='par_1_15' title="bbox 2070 1508 3672 1584">
     <span class='ocr_line' id='line_1_15' title="bbox 2070 1508 3672 1584; baseline 0.006 -25"><span class='ocrx_word' id='word_1_182' title='bbox 2070 1523 2174 1576; x_wconf 64' lang='lat' dir='ltr'><strong>sua.</strong></span> <span class='ocrx_word' id='word_1_183' title='bbox 2234 1508 2599 1577; x_wconf 70' lang='grc' dir='ltr'>ἡγουμένους,</span> <span class='ocrx_word' id='word_1_184' title='bbox 2634 1508 2864 1566; x_wconf 79' lang='lat' dir='ltr'><strong>Joannis</strong></span> <span class='ocrx_word' id='word_1_185' title='bbox 2902 1509 3152 1579; x_wconf 73' lang='lat' dir='ltr'><strong>Zonarat,</strong></span> <span class='ocrx_word' id='word_1_186' title='bbox 3177 1516 3357 1584; x_wconf 87' lang='lat' dir='ltr'><strong>magni</strong></span> <span class='ocrx_word' id='word_1_187' title='bbox 3402 1514 3672 1582; x_wconf 84' lang='lat' dir='ltr'><strong>quondam</strong></span> 
     </span>
    </p>
   </div>
   <div class='ocr_carea' id='block_1_16' title="bbox 405 1596 3671 1672">
    <p class='ocr_par' dir='ltr' id='par_1_16' title="bbox 405 1596 3671 1672">
     <span class='ocr_line' id='line_1_16' title="bbox 405 1596 3671 1672; baseline 0 -17"><span class='ocrx_word' id='word_1_188' title='bbox 405 1601 686 1669; x_wconf 86' lang='lat' dir='ltr'><strong>drungarii</strong></span> <span class='ocrx_word' id='word_1_189' title='bbox 720 1600 893 1668; x_wconf 68' lang='lat' dir='ltr'><strong>uiglw,</strong></span> <span class='ocrx_word' id='word_1_190' title='bbox 922 1610 968 1653; x_wconf 83' lang='lat' dir='ltr'><strong>et</strong></span> <span class='ocrx_word' id='word_1_191' title='bbox 1014 1600 1173 1668; x_wconf 88' lang='lat' dir='ltr'><strong>primi</strong></span> <span class='ocrx_word' id='word_1_192' title='bbox 1215 1616 1246 1653; x_wconf 91' lang='lat' dir='ltr'><strong>a</strong></span> <span class='ocrx_word' id='word_1_193' title='bbox 1289 1600 1503 1654; x_wconf 77' lang='lat' dir='ltr'><strong>secretis</strong></span> <span class='ocrx_word' id='word_1_194' title='bbox 1555 1598 1729 1653; x_wconf 79' lang='lat' dir='ltr'><strong>oratio</strong></span> <span class='ocrx_word' id='word_1_195' title='bbox 1758 1598 1828 1651; x_wconf 85' lang='lat' dir='ltr'><strong>ad</strong></span> <span class='ocrx_word' id='word_1_196' title='bbox 1874 1612 1987 1661; x_wconf 90' lang='lat' dir='ltr'><strong>eos,</strong></span> <span class='ocrx_word' id='word_1_197' title='bbox 2019 1596 2109 1664; x_wconf 86' lang='lat' dir='ltr'><strong>qui</strong></span> <span class='ocrx_word' id='word_1_198' title='bbox 2143 1596 2442 1650; x_wconf 76' lang='lat' dir='ltr'><strong>naturalem</strong></span> <span class='ocrx_word' id='word_1_199' title='bbox 2487 1599 2705 1653; x_wconf 78' lang='lat' dir='ltr'><strong>seminis</strong></span> <span class='ocrx_word' id='word_1_200' title='bbox 2762 1601 3009 1672; x_wconf 62' lang='lat' dir='ltr'><strong>eﬁiuzum</strong></span> <span class='ocrx_word' id='word_1_201' title='bbox 3049 1602 3434 1657; x_wconf 69' lang='lat' dir='ltr'><strong>inmunditiam</strong></span> <span class='ocrx_word' id='word_1_202' title='bbox 3468 1602 3671 1658; x_wconf 58' lang='lat' dir='ltr'><strong>existi.</strong></span> 
     </span>
    </p>
   </div>
   <div class='ocr_carea' id='block_1_17' title="bbox 408 1692 3654 1767">
    <p class='ocr_par' dir='ltr' id='par_1_17' title="bbox 408 1692 3654 1767">
     <span class='ocr_line' id='line_1_17' title="bbox 408 1692 3654 1767; baseline 0.002 -21"><span class='ocrx_word' id='word_1_203' title='bbox 408 1708 576 1751; x_wconf 77' lang='lat' dir='ltr'><strong>mani.</strong></span> <span class='ocrx_word' id='word_1_204' title='bbox 615 1696 808 1752; x_wconf 79' lang='lat' dir='ltr'><strong>Exstat</strong></span> <span class='ocrx_word' id='word_1_205' title='bbox 841 1696 896 1751; x_wconf 92' lang='lat' dir='ltr'><strong>in</strong></span> <span class='ocrx_word' id='word_1_206' title='bbox 929 1692 1558 1750; x_wconf 71' lang='lat' dir='ltr'><strong>Juris—Grceco-Rmnaui</strong></span> <span class='ocrx_word' id='word_1_207' title='bbox 1588 1694 1682 1749; x_wconf 86' lang='lat' dir='ltr'><strong>lib.</strong></span> <span class='ocrx_word' id='word_1_208' title='bbox 1715 1708 1767 1749; x_wconf 88' lang='lat' dir='ltr'><strong>v.</strong></span> <span class='ocrx_word' id='word_1_209' title='bbox 1805 1692 1946 1760; x_wconf 85' lang='lat' dir='ltr'><strong>Quin</strong></span> <span class='ocrx_word' id='word_1_210' title='bbox 1978 1692 2143 1748; x_wconf 84' lang='lat' dir='ltr'><strong>etiam</strong></span> <span class='ocrx_word' id='word_1_211' title='bbox 2174 1692 2444 1761; x_wconf 81' lang='lat' dir='ltr'><strong>majorum</strong></span> <span class='ocrx_word' id='word_1_212' title='bbox 2478 1693 2630 1763; x_wconf 86' lang='lat' dir='ltr'><strong>jussu</strong></span> <span class='ocrx_word' id='word_1_213' title='bbox 2670 1705 2726 1751; x_wconf 91' lang='lat' dir='ltr'><strong>et</strong></span> <span class='ocrx_word' id='word_1_214' title='bbox 2766 1697 3065 1752; x_wconf 75' lang='lat' dir='ltr'><strong>andcornm</strong></span> <span class='ocrx_word' id='word_1_215' title='bbox 3096 1712 3261 1753; x_wconf 90' lang='lat' dir='ltr'><strong>snasn</strong></span> <span class='ocrx_word' id='word_1_216' title='bbox 3313 1697 3654 1767; x_wconf 82' lang='lat' dir='ltr'><strong>compulsus,</strong></span> 
     </span>
    </p>
   </div>
   <div class='ocr_carea' id='block_1_18' title="bbox 409 1782 3673 1857">
    <p class='ocr_par' dir='ltr' id='par_1_18' title="bbox 409 1782 3673 1857">
     <span class='ocr_line' id='line_1_18' title="bbox 409 1782 3673 1857; baseline 0.001 -21"><span class='ocrx_word' id='word_1_217' title='bbox 409 1782 683 1838; x_wconf 89' lang='lat' dir='ltr'><strong>canonico</strong></span> <span class='ocrx_word' id='word_1_218' title='bbox 712 1782 1028 1838; x_wconf 62' lang='lat' dir='ltr'><strong>Graecinum</strong></span> <span class='ocrx_word' id='word_1_219' title='bbox 1046 1783 1154 1851; x_wconf 87' lang='lat' dir='ltr'><strong>juri</strong></span> <span class='ocrx_word' id='word_1_220' title='bbox 1191 1782 1604 1850; x_wconf 84' lang='lat' dir='ltr'><strong>interpretando</strong></span> <span class='ocrx_word' id='word_1_221' title='bbox 1634 1783 1909 1853; x_wconf 72' lang='lat' dir='ltr'><strong>egregiam</strong></span> <span class='ocrx_word' id='word_1_222' title='bbox 1934 1794 2158 1848; x_wconf 88' lang='lat' dir='ltr'><strong>operam</strong></span> <span class='ocrx_word' id='word_1_223' title='bbox 2201 1783 2447 1847; x_wconf 88' lang='lat' dir='ltr'><strong>navavit,</strong></span> <span class='ocrx_word' id='word_1_224' title='bbox 2478 1783 2621 1852; x_wconf 89' lang='lat' dir='ltr'><strong>quod</strong></span> <span class='ocrx_word' id='word_1_225' title='bbox 2658 1783 2938 1840; x_wconf 88' lang='lat' dir='ltr'><strong>eruditum</strong></span> <span class='ocrx_word' id='word_1_226' title='bbox 2967 1799 3106 1854; x_wconf 90' lang='lat' dir='ltr'><strong>opus</strong></span> <span class='ocrx_word' id='word_1_227' title='bbox 3133 1800 3163 1838; x_wconf 85' lang='lat' dir='ltr'><strong>a</strong></span> <span class='ocrx_word' id='word_1_228' title='bbox 3194 1798 3255 1839; x_wconf 88' lang='lat' dir='ltr'><strong>se</strong></span> <span class='ocrx_word' id='word_1_229' title='bbox 3298 1786 3673 1857; x_wconf 87' lang='lat' dir='ltr'><strong>conscriptum</strong></span> 
     </span>
    </p>
   </div>
   <div class='ocr_carea' id='block_1_19' title="bbox 405 1869 3673 1943">
    <p class='ocr_par' dir='ltr' id='par_1_19' title="bbox 405 1869 3673 1943">
     <span class='ocr_line' id='line_1_19' title="bbox 405 1869 3673 1943; baseline 0.001 -18"><span class='ocrx_word' id='word_1_230' title='bbox 405 1873 490 1927; x_wconf 87' lang='lat' dir='ltr'><strong>sic</strong></span> <span class='ocrx_word' id='word_1_231' title='bbox 515 1872 834 1938; x_wconf 81' lang='lat' dir='ltr'><strong>inscripsit;</strong></span> <span class='ocrx_word' id='word_1_232' title='bbox 869 1872 1168 1943; x_wconf 84' lang='grc' dir='ltr'>Ἐξήγησις</span> <span class='ocrx_word' id='word_1_233' title='bbox 1199 1871 1309 1926; x_wconf 88' lang='grc' dir='ltr'><strong>τῶν</strong></span> <span class='ocrx_word' id='word_1_234' title='bbox 1340 1871 1505 1940; x_wconf 75' lang='grc' dir='ltr'>ἱερῶν</span> <span class='ocrx_word' id='word_1_235' title='bbox 1547 1872 1641 1925; x_wconf 73' lang='grc' dir='ltr'>καὶ</span> <span class='ocrx_word' id='word_1_236' title='bbox 1686 1869 1849 1924; x_wconf 79' lang='grc' dir='ltr'>θείων</span> <span class='ocrx_word' id='word_1_237' title='bbox 1892 1870 2140 1925; x_wconf 83' lang='grc' dir='ltr'>κανόνων</span> <span class='ocrx_word' id='word_1_238' title='bbox 2172 1870 2285 1925; x_wconf 84' lang='grc' dir='ltr'><strong>τῶν</strong></span> <span class='ocrx_word' id='word_1_239' title='bbox 2326 1888 2388 1924; x_wconf 81' lang='grc' dir='ltr'><strong>τε</strong></span> <span class='ocrx_word' id='word_1_240' title='bbox 2419 1872 2594 1940; x_wconf 72' lang='grc' dir='ltr'>ἁγίων</span> <span class='ocrx_word' id='word_1_241' title='bbox 2634 1871 2728 1928; x_wconf 68' lang='grc' dir='ltr'>καὶ</span> <span class='ocrx_word' id='word_1_242' title='bbox 2763 1871 2981 1928; x_wconf 79' lang='grc' dir='ltr'>σεπτῶν</span> <span class='ocrx_word' id='word_1_243' title='bbox 3026 1873 3368 1939; x_wconf 81' lang='grc' dir='ltr'>ἀποστόλων,</span> <span class='ocrx_word' id='word_1_244' title='bbox 3407 1874 3502 1927; x_wconf 76' lang='grc' dir='ltr'>καὶ</span> <span class='ocrx_word' id='word_1_245' title='bbox 3555 1874 3673 1929; x_wconf 88' lang='grc' dir='ltr'><strong>τῶν</strong></span> 
     </span>
    </p>
   </div>
   <div class='ocr_carea' id='block_1_20' title="bbox 408 1957 3670 2034">
    <p class='ocr_par' dir='ltr' id='par_1_20' title="bbox 408 1957 3670 2034">
     <span class='ocr_line' id='line_1_20' title="bbox 408 1957 3670 2034; baseline 0.002 -22"><span class='ocrx_word' id='word_1_246' title='bbox 408 1960 577 2032; x_wconf 74' lang='grc' dir='ltr'>ἱερῶν</span> <span class='ocrx_word' id='word_1_247' title='bbox 637 1960 1038 2031; x_wconf 80' lang='grc' dir='ltr'>οἰκουμενικῶν</span> <span class='ocrx_word' id='word_1_248' title='bbox 1088 1961 1345 2022; x_wconf 82' lang='grc' dir='ltr'>συνόδων,</span> <span class='ocrx_word' id='word_1_249' title='bbox 1398 1959 1537 2013; x_wconf 79' lang='grc' dir='ltr'>ἀλλὰ</span> <span class='ocrx_word' id='word_1_250' title='bbox 1580 1958 1688 2028; x_wconf 85' lang='grc' dir='ltr'><strong>μὴν</strong></span> <span class='ocrx_word' id='word_1_251' title='bbox 1721 1958 1818 2013; x_wconf 74' lang='grc' dir='ltr'>καὶ</span> <span class='ocrx_word' id='word_1_252' title='bbox 1857 1960 1969 2013; x_wconf 87' lang='grc' dir='ltr'><strong>τῶν</strong></span> <span class='ocrx_word' id='word_1_253' title='bbox 2014 1957 2257 2011; x_wconf 83' lang='grc' dir='ltr'>τοπικῶν</span> <span class='ocrx_word' id='word_1_254' title='bbox 2290 1958 2410 2029; x_wconf 76' lang='grc' dir='ltr'>ἤτοι</span> <span class='ocrx_word' id='word_1_255' title='bbox 2452 1960 2719 2029; x_wconf 78' lang='grc' dir='ltr'><strong>μερικῶν,</strong></span> <span class='ocrx_word' id='word_1_256' title='bbox 2765 1960 2862 2016; x_wconf 76' lang='grc' dir='ltr'>καὶ</span> <span class='ocrx_word' id='word_1_257' title='bbox 2893 1961 3103 2015; x_wconf 76' lang='grc' dir='ltr'>λοιπῶν</span> <span class='ocrx_word' id='word_1_258' title='bbox 3137 1961 3313 2031; x_wconf 85' lang='grc' dir='ltr'>ἁγίων</span> <span class='ocrx_word' id='word_1_259' title='bbox 3371 1962 3670 2034; x_wconf 76' lang='grc' dir='ltr'>Πατέρων,</span> 
     </span>
    </p>
   </div>
   <div class='ocr_carea' id='block_1_21' title="bbox 405 2045 3672 2122">
    <p class='ocr_par' dir='ltr' id='par_1_21' title="bbox 405 2045 3672 2122">
     <span class='ocr_line' id='line_1_21' title="bbox 405 2045 3672 2122; baseline 0.001 -21"><span class='ocrx_word' id='word_1_260' title='bbox 405 2048 705 2118; x_wconf 77' lang='grc' dir='ltr'>πονηθεῖσα</span> <span class='ocrx_word' id='word_1_261' title='bbox 748 2048 970 2120; x_wconf 78' lang='grc' dir='ltr'><strong>⁹ιωάννῃ</strong></span> <span class='ocrx_word' id='word_1_262' title='bbox 1003 2048 1225 2119; x_wconf 85' lang='grc' dir='ltr'>μοναχῷ</span> <span class='ocrx_word' id='word_1_263' title='bbox 1246 2048 1326 2119; x_wconf 83' lang='grc' dir='ltr'>τῷ</span> <span class='ocrx_word' id='word_1_264' title='bbox 1350 2048 1600 2119; x_wconf 79' lang='grc' dir='ltr'>Ζωναρᾷ,</span> <span class='ocrx_word' id='word_1_265' title='bbox 1618 2046 1698 2118; x_wconf 83' lang='grc' dir='ltr'><strong>τῷ</strong></span> <span class='ocrx_word' id='word_1_266' title='bbox 1726 2045 1977 2115; x_wconf 83' lang='grc' dir='ltr'>γεγονότι</span> <span class='ocrx_word' id='word_1_267' title='bbox 2004 2046 2229 2118; x_wconf 79' lang='grc' dir='ltr'>μεγάλῳ</span> <span class='ocrx_word' id='word_1_268' title='bbox 2252 2047 2606 2119; x_wconf 82' lang='grc' dir='ltr'>δρουγγαρίῳ</span> <span class='ocrx_word' id='word_1_269' title='bbox 2632 2050 2729 2119; x_wconf 77' lang='grc' dir='ltr'>τῆς</span> <span class='ocrx_word' id='word_1_270' title='bbox 2755 2050 2983 2120; x_wconf 83' lang='grc' dir='ltr'>Βίγλης,</span> <span class='ocrx_word' id='word_1_271' title='bbox 3024 2049 3119 2104; x_wconf 83' lang='grc' dir='ltr'>καὶ</span> <span class='ocrx_word' id='word_1_272' title='bbox 3149 2051 3672 2122; x_wconf 80' lang='grc' dir='ltr'>πρωτοασηκρῆτις.</span> 
     </span>
    </p>
   </div>
   <div class='ocr_carea' id='block_1_22' title="bbox 407 2135 3675 2208">
    <p class='ocr_par' dir='ltr' id='par_1_22' title="bbox 407 2135 3675 2208">
     <span class='ocr_line' id='line_1_22' title="bbox 407 2135 3675 2208; baseline 0.001 -18"><span class='ocrx_word' id='word_1_273' title='bbox 407 2135 686 2204; x_wconf 73' lang='lat' dir='ltr'><strong>Expositio</strong></span> <span class='ocrx_word' id='word_1_274' title='bbox 717 2152 991 2191; x_wconf 86' lang='lat' dir='ltr'><strong>sacrorum</strong></span> <span class='ocrx_word' id='word_1_275' title='bbox 1034 2138 1430 2205; x_wconf 73' lang='lat' dir='ltr'><strong>divinorumque</strong></span> <span class='ocrx_word' id='word_1_276' title='bbox 1462 2151 1751 2201; x_wconf 88' lang='lat' dir='ltr'><strong>canonum,</strong></span> <span class='ocrx_word' id='word_1_277' title='bbox 1777 2144 1885 2191; x_wconf 89' lang='lat' dir='ltr'><strong>tam</strong></span> <span class='ocrx_word' id='word_1_278' title='bbox 1912 2144 2217 2190; x_wconf 86' lang='lat' dir='ltr'><strong>sanctorum</strong></span> <span class='ocrx_word' id='word_1_279' title='bbox 2246 2145 2297 2190; x_wconf 87' lang='lat' dir='ltr'><strong>et</strong></span> <span class='ocrx_word' id='word_1_280' title='bbox 2329 2140 2746 2193; x_wconf 83' lang='lat' dir='ltr'><strong>venerandorum</strong></span> <span class='ocrx_word' id='word_1_281' title='bbox 2776 2139 3140 2208; x_wconf 85' lang='lat' dir='ltr'><strong>apostolorum</strong></span> <span class='ocrx_word' id='word_1_282' title='bbox 3159 2181 3172 2202; x_wconf 93' lang='lat'><strong>,</strong></span> <span class='ocrx_word' id='word_1_283' title='bbox 3205 2156 3367 2208; x_wconf 83' lang='lat' dir='ltr'><strong>quant</strong></span> <span class='ocrx_word' id='word_1_284' title='bbox 3395 2155 3675 2193; x_wconf 78' lang='lat' dir='ltr'><strong>sacrarum</strong></span> 
     </span>
    </p>
   </div>
   <div class='ocr_carea' id='block_1_23' title="bbox 405 2223 3674 2295">
    <p class='ocr_par' dir='ltr' id='par_1_23' title="bbox 405 2223 3674 2295">
     <span class='ocr_line' id='line_1_23' title="bbox 405 2223 3674 2295; baseline 0 -15"><span class='ocrx_word' id='word_1_285' title='bbox 405 2228 848 2281; x_wconf 76' lang='lat' dir='ltr'><strong>secumenicarum</strong></span> <span class='ocrx_word' id='word_1_286' title='bbox 886 2226 1232 2295; x_wconf 75' lang='lat' dir='ltr'><strong>symdorum,</strong></span> <span class='ocrx_word' id='word_1_287' title='bbox 1263 2226 1354 2281; x_wconf 82' lang='lat' dir='ltr'><strong>sed</strong></span> <span class='ocrx_word' id='word_1_288' title='bbox 1386 2236 1433 2280; x_wconf 84' lang='lat' dir='ltr'><strong>et</strong></span> <span class='ocrx_word' id='word_1_289' title='bbox 1467 2224 1718 2280; x_wconf 86' lang='lat' dir='ltr'><strong>locolium</strong></span> <span class='ocrx_word' id='word_1_290' title='bbox 1753 2226 1863 2280; x_wconf 75' lang='lat' dir='ltr'><strong>sive</strong></span> <span class='ocrx_word' id='word_1_291' title='bbox 1885 2223 2312 2293; x_wconf 61' lang='lat' dir='ltr'><strong>particularum.</strong></span> <span class='ocrx_word' id='word_1_292' title='bbox 2333 2226 2755 2294; x_wconf 81' lang='lat' dir='ltr'><strong>reliquorumque</strong></span> <span class='ocrx_word' id='word_1_293' title='bbox 2794 2238 3099 2282; x_wconf 84' lang='lat' dir='ltr'><strong>sanctorum</strong></span> <span class='ocrx_word' id='word_1_294' title='bbox 3126 2227 3374 2290; x_wconf 82' lang='lat' dir='ltr'><strong>Patrum,</strong></span> <span class='ocrx_word' id='word_1_295' title='bbox 3399 2227 3674 2281; x_wconf 80' lang='lat' dir='ltr'><strong>elaborata</strong></span> 
     </span>
    </p>
   </div>
   <div class='ocr_carea' id='block_1_24' title="bbox 408 2313 3674 2385">
    <p class='ocr_par' dir='ltr' id='par_1_24' title="bbox 408 2313 3674 2385">
     <span class='ocr_line' id='line_1_24' title="bbox 408 2313 3674 2385; baseline -0.001 -16"><span class='ocrx_word' id='word_1_296' title='bbox 408 2331 502 2385; x_wconf 83' lang='lat' dir='ltr'><strong>per</strong></span> <span class='ocrx_word' id='word_1_297' title='bbox 527 2315 792 2369; x_wconf 74' lang='lat' dir='ltr'><strong>Joannem</strong></span> <span class='ocrx_word' id='word_1_298' title='bbox 822 2314 1095 2370; x_wconf 75' lang='lat' dir='ltr'><strong>Zonaram</strong></span> <span class='ocrx_word' id='word_1_299' title='bbox 1116 2316 1461 2381; x_wconf 75' lang='lat' dir='ltr'><strong>monachum,</strong></span> <span class='ocrx_word' id='word_1_300' title='bbox 1499 2315 1589 2382; x_wconf 88' lang='lat' dir='ltr'><strong>qui</strong></span> <span class='ocrx_word' id='word_1_301' title='bbox 1622 2313 1719 2379; x_wconf 80' lang='lat' dir='ltr'><strong>fuit</strong></span> <span class='ocrx_word' id='word_1_302' title='bbox 1753 2314 1879 2366; x_wconf 84' lang='lat' dir='ltr'><strong>olim</strong></span> <span class='ocrx_word' id='word_1_303' title='bbox 1910 2329 2134 2383; x_wconf 88' lang='lat' dir='ltr'><strong>magnus</strong></span> <span class='ocrx_word' id='word_1_304' title='bbox 2173 2314 2502 2385; x_wconf 76' lang='lat' dir='ltr'><strong>drungarius</strong></span> <span class='ocrx_word' id='word_1_305' title='bbox 2560 2316 2747 2385; x_wconf 69' lang='lat' dir='ltr'><strong>rigide,</strong></span> <span class='ocrx_word' id='word_1_306' title='bbox 2776 2326 2824 2369; x_wconf 89' lang='lat' dir='ltr'><strong>et</strong></span> <span class='ocrx_word' id='word_1_307' title='bbox 2852 2317 3057 2381; x_wconf 87' lang='lat' dir='ltr'><strong>primus</strong></span> <span class='ocrx_word' id='word_1_308' title='bbox 3090 2332 3124 2368; x_wconf 92' lang='lat' dir='ltr'><strong>a</strong></span> <span class='ocrx_word' id='word_1_309' title='bbox 3154 2316 3392 2370; x_wconf 82' lang='lat' dir='ltr'><strong>secretis.</strong></span> <span class='ocrx_word' id='word_1_310' title='bbox 3427 2313 3533 2383; x_wconf 86' lang='lat' dir='ltr'><strong>Ipsi</strong></span> <span class='ocrx_word' id='word_1_311' title='bbox 3573 2330 3674 2368; x_wconf 82' lang='lat' dir='ltr'><strong>an-</strong></span> 
     </span>
    </p>
   </div>
   <div class='ocr_carea' id='block_1_25' title="bbox 415 2400 3671 2474">
    <p class='ocr_par' dir='ltr' id='par_1_25' title="bbox 415 2400 3671 2474">
     <span class='ocr_line' id='line_1_25' title="bbox 415 2400 3671 2474; baseline -0 -18"><span class='ocrx_word' id='word_1_312' title='bbox 415 2412 523 2457; x_wconf 87' lang='lat' dir='ltr'><strong>tem</strong></span> <span class='ocrx_word' id='word_1_313' title='bbox 548 2404 699 2472; x_wconf 90' lang='lat' dir='ltr'><strong>operi</strong></span> <span class='ocrx_word' id='word_1_314' title='bbox 726 2403 868 2456; x_wconf 80' lang='lat' dir='ltr'><strong>hunc</strong></span> <span class='ocrx_word' id='word_1_315' title='bbox 896 2402 1272 2472; x_wconf 68' lang='lat' dir='ltr'><strong>prrelationem</strong></span> <span class='ocrx_word' id='word_1_316' title='bbox 1300 2401 1587 2471; x_wconf 77' lang='lat' dir='ltr'><strong>praemisit,</strong></span> <span class='ocrx_word' id='word_1_317' title='bbox 1616 2415 1780 2470; x_wconf 88' lang='lat' dir='ltr'><strong>quam</strong></span> <span class='ocrx_word' id='word_1_318' title='bbox 1812 2415 1910 2455; x_wconf 89' lang='lat' dir='ltr'><strong>suo</strong></span> <span class='ocrx_word' id='word_1_319' title='bbox 1943 2400 2066 2457; x_wconf 88' lang='lat' dir='ltr'><strong>loco</strong></span> <span class='ocrx_word' id='word_1_320' title='bbox 2099 2405 2526 2471; x_wconf 65' lang='lat' dir='ltr'><strong>praetermissam</strong></span> <span class='ocrx_word' id='word_1_321' title='bbox 2569 2404 2661 2459; x_wconf 92' lang='lat' dir='ltr'><strong>hic</strong></span> <span class='ocrx_word' id='word_1_322' title='bbox 2690 2418 2963 2474; x_wconf 83' lang='lat' dir='ltr'><strong>apponere</strong></span> <span class='ocrx_word' id='word_1_323' title='bbox 2990 2404 3168 2459; x_wconf 85' lang='lat' dir='ltr'><strong>visum</strong></span> <span class='ocrx_word' id='word_1_324' title='bbox 3197 2412 3304 2457; x_wconf 87' lang='lat' dir='ltr'><strong>est.</strong></span> <span class='ocrx_word' id='word_1_325' title='bbox 3324 2402 3387 2455; x_wconf 85' lang='grc' dir='ltr'><strong>Ἦ</strong></span> <span class='ocrx_word' id='word_1_326' title='bbox 3434 2403 3671 2474; x_wconf 78' lang='grc' dir='ltr'>δήλωσις</span> 
     </span>
    </p>
   </div>
   <div class='ocr_carea' id='block_1_26' title="bbox 404 2488 3724 2564">
    <p class='ocr_par' dir='ltr' id='par_1_26' title="bbox 404 2488 3724 2564">
     <span class='ocr_line' id='line_1_26' title="bbox 404 2488 3724 2564; baseline 0.001 -22"><span class='ocrx_word' id='word_1_327' title='bbox 404 2489 517 2544; x_wconf 86' lang='grc' dir='ltr'><strong>τῶν</strong></span> <span class='ocrx_word' id='word_1_328' title='bbox 546 2490 721 2558; x_wconf 88' lang='grc' dir='ltr'>λόγων</span> <span class='ocrx_word' id='word_1_329' title='bbox 747 2506 841 2544; x_wconf 88' lang='grc' dir='ltr'><strong>σου</strong></span> <span class='ocrx_word' id='word_1_330' title='bbox 870 2492 1061 2559; x_wconf 66' lang='grc' dir='ltr'>φωτιιῖ</span> <span class='ocrx_word' id='word_1_331' title='bbox 1085 2489 1181 2543; x_wconf 78' lang='grc' dir='ltr'>καὶ</span> <span class='ocrx_word' id='word_1_332' title='bbox 1229 2491 1463 2547; x_wconf 84' lang='grc' dir='ltr'>συνετιεί</span> <span class='ocrx_word' id='word_1_333' title='bbox 1488 2488 1739 2557; x_wconf 81' lang='grc' dir='ltr'>νηπίους,</span> <span class='ocrx_word' id='word_1_334' title='bbox 1762 2488 1898 2558; x_wconf 69' lang='grc' dir='ltr'>πρὸς</span> <span class='ocrx_word' id='word_1_335' title='bbox 1918 2489 2013 2542; x_wconf 68' lang='grc' dir='ltr'>τὸν</span> <span class='ocrx_word' id='word_1_336' title='bbox 2032 2490 2166 2544; x_wconf 80' lang='grc' dir='ltr'>Θεόν</span> <span class='ocrx_word' id='word_1_337' title='bbox 2192 2507 2360 2561; x_wconf 84' lang='grc' dir='ltr'>φησιν</span> <span class='ocrx_word' id='word_1_338' title='bbox 2379 2494 2407 2544; x_wconf 86' lang='grc' dir='ltr'>ὁ</span> <span class='ocrx_word' id='word_1_339' title='bbox 2430 2492 2739 2564; x_wconf 82' lang='grc' dir='ltr'>προφήτης,</span> <span class='ocrx_word' id='word_1_340' title='bbox 2766 2492 2863 2546; x_wconf 73' lang='grc' dir='ltr'>καὶ</span> <span class='ocrx_word' id='word_1_341' title='bbox 2892 2492 3179 2562; x_wconf 85' lang='grc' dir='ltr'>θεοπάτωρ</span> <span class='ocrx_word' id='word_1_342' title='bbox 3206 2492 3389 2547; x_wconf 75' lang='grc' dir='ltr'>Δαϐίδ.</span> <span class='ocrx_word' id='word_1_343' title='bbox 3421 2492 3594 2560; x_wconf 77' lang='grc' dir='ltr'>Λόγος</span> <span class='ocrx_word' id='word_1_344' title='bbox 3617 2493 3676 2545; x_wconf 73' lang='grc' dir='ltr'>δὲ</span> <span class='ocrx_word' id='word_1_345' title='bbox 3719 2522 3724 2526; x_wconf 90' lang='grc'><strong>-</strong></span> 
     </span>
    </p>
   </div>
   <div class='ocr_carea' id='block_1_27' title="bbox 405 2576 3676 2650">
    <p class='ocr_par' dir='ltr' id='par_1_27' title="bbox 405 2576 3676 2650">
     <span class='ocr_line' id='line_1_27' title="bbox 405 2576 3676 2650; baseline 0 -18"><span class='ocrx_word' id='word_1_346' title='bbox 405 2579 503 2633; x_wconf 82' lang='grc' dir='ltr'>τοῦ</span> <span class='ocrx_word' id='word_1_347' title='bbox 537 2579 677 2633; x_wconf 82' lang='grc' dir='ltr'>Θεοῦ</span> <span class='ocrx_word' id='word_1_348' title='bbox 705 2580 933 2642; x_wconf 70' lang='grc' dir='ltr'>εἰκότως</span> <span class='ocrx_word' id='word_1_349' title='bbox 1004 2578 1072 2635; x_wconf 83' lang='grc' dir='ltr'>ἄν</span> <span class='ocrx_word' id='word_1_350' title='bbox 1119 2595 1207 2642; x_wconf 89' lang='grc' dir='ltr'><strong>τις</strong></span> <span class='ocrx_word' id='word_1_351' title='bbox 1240 2577 1437 2633; x_wconf 75' lang='grc' dir='ltr'>καὶτὰ</span> <span class='ocrx_word' id='word_1_352' title='bbox 1474 2577 1585 2631; x_wconf 86' lang='grc' dir='ltr'><strong>τῶν</strong></span> <span class='ocrx_word' id='word_1_353' title='bbox 1638 2576 1801 2630; x_wconf 82' lang='grc' dir='ltr'>θείων</span> <span class='ocrx_word' id='word_1_354' title='bbox 1828 2578 2147 2635; x_wconf 74' lang='grc' dir='ltr'>ἀποστόλων</span> <span class='ocrx_word' id='word_1_355' title='bbox 2193 2583 2289 2633; x_wconf 63' lang='grc' dir='ltr'><strong>καὶ⁵</strong></span> <span class='ocrx_word' id='word_1_356' title='bbox 2347 2580 2612 2650; x_wconf 78' lang='grc' dir='ltr'>Πατέρων</span> <span class='ocrx_word' id='word_1_357' title='bbox 2671 2579 2952 2648; x_wconf 85' lang='grc' dir='ltr'>λογίσαιτο</span> <span class='ocrx_word' id='word_1_358' title='bbox 3000 2581 3375 2649; x_wconf 75' lang='grc' dir='ltr'>διατάγματα,</span> <span class='ocrx_word' id='word_1_359' title='bbox 3428 2581 3552 2633; x_wconf 77' lang='grc' dir='ltr'>ἐπεὶ</span> <span class='ocrx_word' id='word_1_360' title='bbox 3595 2580 3676 2650; x_wconf 85' lang='grc' dir='ltr'><strong>τῷ</strong></span> 
     </span>
    </p>
   </div>
   <div class='ocr_carea' id='block_1_28' title="bbox 406 2664 3679 2739">
    <p class='ocr_par' dir='ltr' id='par_1_28' title="bbox 406 2664 3679 2739">
     <span class='ocr_line' id='line_1_28' title="bbox 406 2664 3679 2739; baseline 0.001 -18"><span class='ocrx_word' id='word_1_361' title='bbox 406 2667 535 2734; x_wconf 69' lang='grc' dir='ltr'>θεῖ-ε)</span> <span class='ocrx_word' id='word_1_362' title='bbox 576 2665 859 2738; x_wconf 78' lang='grc' dir='ltr'>Πνεύματι</span> <span class='ocrx_word' id='word_1_363' title='bbox 917 2665 1277 2737; x_wconf 63' lang='grc' dir='ltr'>ἐνηχουμενοι</span> <span class='ocrx_word' id='word_1_364' title='bbox 1338 2666 1539 2719; x_wconf 77' lang='grc' dir='ltr'>ἐκεῖνοι</span> <span class='ocrx_word' id='word_1_365' title='bbox 1598 2665 1761 2717; x_wconf 78' lang='grc' dir='ltr'>ταυτὶ</span> <span class='ocrx_word' id='word_1_366' title='bbox 1810 2664 2149 2730; x_wconf 81' lang='grc' dir='ltr'>διετάξαντο.</span> <span class='ocrx_word' id='word_1_367' title='bbox 2194 2667 2261 2720; x_wconf 76' lang='lat' dir='ltr'><strong>El</strong></span> <span class='ocrx_word' id='word_1_368' title='bbox 2286 2685 2372 2732; x_wconf 83' lang='grc' dir='ltr'><strong>τις</strong></span> <span class='ocrx_word' id='word_1_369' title='bbox 2430 2667 2525 2721; x_wconf 74' lang='grc' dir='ltr'>οὖν</span> <span class='ocrx_word' id='word_1_370' title='bbox 2572 2668 2866 2739; x_wconf 77' lang='grc' dir='ltr'>ποιήσαιτο</span> <span class='ocrx_word' id='word_1_371' title='bbox 2912 2669 3012 2739; x_wconf 82' lang='grc' dir='ltr'>τὴν</span> <span class='ocrx_word' id='word_1_372' title='bbox 3062 2668 3174 2722; x_wconf 87' lang='grc' dir='ltr'><strong>τῶν</strong></span> <span class='ocrx_word' id='word_1_373' title='bbox 3227 2668 3389 2739; x_wconf 78' lang='grc' dir='ltr'>ἱερῶν</span> <span class='ocrx_word' id='word_1_374' title='bbox 3431 2668 3679 2724; x_wconf 83' lang='grc' dir='ltr'>κανόνων</span> 
     </span>
    </p>
   </div>
   <div class='ocr_carea' id='block_1_29' title="bbox 407 2752 3677 2827">
    <p class='ocr_par' dir='ltr' id='par_1_29' title="bbox 407 2752 3677 2827">
     <span class='ocr_line' id='line_1_29' title="bbox 407 2752 3677 2827; baseline 0.001 -20"><span class='ocrx_word' id='word_1_375' title='bbox 407 2755 729 2825; x_wconf 75' lang='grc' dir='ltr'>σαφήνειαν,</span> <span class='ocrx_word' id='word_1_376' title='bbox 781 2754 880 2809; x_wconf 81' lang='grc' dir='ltr'>καὶ</span> <span class='ocrx_word' id='word_1_377' title='bbox 922 2754 1014 2808; x_wconf 74' lang='grc' dir='ltr'><strong>τὸν</strong></span> <span class='ocrx_word' id='word_1_378' title='bbox 1046 2754 1255 2809; x_wconf 82' lang='grc' dir='ltr'>τούτων</span> <span class='ocrx_word' id='word_1_379' title='bbox 1305 2752 1433 2807; x_wconf 74' lang='grc' dir='ltr'>νοῦν</span> <span class='ocrx_word' id='word_1_380' title='bbox 1477 2752 1794 2818; x_wconf 72' lang='grc' dir='ltr'>ἀναπτύξας</span> <span class='ocrx_word' id='word_1_381' title='bbox 1830 2753 2117 2823; x_wconf 82' lang='grc' dir='ltr'>δηλώσειε,</span> <span class='ocrx_word' id='word_1_382' title='bbox 2170 2756 2366 2824; x_wconf 82' lang='grc' dir='ltr'>φωτιεῐ</span> <span class='ocrx_word' id='word_1_383' title='bbox 2413 2756 2543 2819; x_wconf 79' lang='grc' dir='ltr'>τοὺς</span> <span class='ocrx_word' id='word_1_384' title='bbox 2584 2755 2653 2809; x_wconf 84' lang='grc' dir='ltr'><strong>δι’</strong></span> <span class='ocrx_word' id='word_1_385' title='bbox 2702 2758 2988 2827; x_wconf 76' lang='grc' dir='ltr'>ἁπλότητα</span> <span class='ocrx_word' id='word_1_386' title='bbox 3026 2757 3124 2811; x_wconf 74' lang='grc' dir='ltr'>καὶ</span> <span class='ocrx_word' id='word_1_387' title='bbox 3162 2756 3470 2813; x_wconf 84' lang='grc' dir='ltr'>ἀπλαστίαν</span> <span class='ocrx_word' id='word_1_388' title='bbox 3524 2756 3677 2826; x_wconf 59' lang='grc' dir='ltr'><strong>⁴ιγθῶν</strong></span> 
     </span>
    </p>
   </div>
   <div class='ocr_carea' id='block_1_30' title="bbox 405 2840 3675 2916">
    <p class='ocr_par' dir='ltr' id='par_1_30' title="bbox 405 2840 3675 2916">
     <span class='ocr_line' id='line_1_30' title="bbox 405 2840 3675 2916; baseline -0.001 -16"><span class='ocrx_word' id='word_1_389' title='bbox 405 2843 804 2916; x_wconf 74' lang='grc' dir='ltr'>νηπιάζοντας,</span> <span class='ocrx_word' id='word_1_390' title='bbox 832 2844 923 2897; x_wconf 74' lang='grc' dir='ltr'>καὶ</span> <span class='ocrx_word' id='word_1_391' title='bbox 964 2844 1039 2915; x_wconf 79' lang='grc' dir='ltr'><strong>μὴ</strong></span> <span class='ocrx_word' id='word_1_392' title='bbox 1078 2842 1396 2912; x_wconf 77' lang='grc' dir='ltr'>πεφυκότας</span> <span class='ocrx_word' id='word_1_393' title='bbox 1442 2841 1537 2895; x_wconf 82' lang='grc' dir='ltr'>τοῦ</span> <span class='ocrx_word' id='word_1_394' title='bbox 1582 2840 1783 2912; x_wconf 84' lang='grc' dir='ltr'>βάθους</span> <span class='ocrx_word' id='word_1_395' title='bbox 1822 2840 2158 2907; x_wconf 73' lang='grc' dir='ltr'>ἐξικνεῖσθαι</span> <span class='ocrx_word' id='word_1_396' title='bbox 2189 2842 2301 2896; x_wconf 89' lang='grc' dir='ltr'><strong>τῶν</strong></span> <span class='ocrx_word' id='word_1_397' title='bbox 2329 2844 2576 2900; x_wconf 78' lang='grc' dir='ltr'>κανόνων</span> <span class='ocrx_word' id='word_1_398' title='bbox 2614 2845 2725 2899; x_wconf 88' lang='grc' dir='ltr'><strong>τῶν</strong></span> <span class='ocrx_word' id='word_1_399' title='bbox 2754 2846 2939 2916; x_wconf 78' lang='grc' dir='ltr'>ιερῶν.</span> <span class='ocrx_word' id='word_1_400' title='bbox 2976 2846 3076 2900; x_wconf 81' lang='grc' dir='ltr'><strong>Διὰ</strong></span> <span class='ocrx_word' id='word_1_401' title='bbox 3119 2845 3296 2900; x_wconf 80' lang='grc' dir='ltr'>ταῦτά</span> <span class='ocrx_word' id='word_1_402' title='bbox 3349 2862 3440 2915; x_wconf 79' lang='grc' dir='ltr'>μοι</span> <span class='ocrx_word' id='word_1_403' title='bbox 3493 2846 3675 2916; x_wconf 79' lang='grc' dir='ltr'>ἐγχει-</span> 
     </span>
    </p>
   </div>
   <div class='ocr_carea' id='block_1_31' title="bbox 407 2930 3675 3006">
    <p class='ocr_par' dir='ltr' id='par_1_31' title="bbox 407 2930 3675 3006">
     <span class='ocr_line' id='line_1_31' title="bbox 407 2930 3675 3006; baseline 0 -19"><span class='ocrx_word' id='word_1_404' title='bbox 407 2934 607 3006; x_wconf 82' lang='grc' dir='ltr'>ρητέον</span> <span class='ocrx_word' id='word_1_405' title='bbox 631 2933 708 3003; x_wconf 80' lang='grc' dir='ltr'>τῷ</span> <span class='ocrx_word' id='word_1_406' title='bbox 735 2932 909 3004; x_wconf 72' lang='grc' dir='ltr'>ἔργῳ,</span> <span class='ocrx_word' id='word_1_407' title='bbox 943 2932 1019 2996; x_wconf 85' lang='grc' dir='ltr'>ὡς</span> <span class='ocrx_word' id='word_1_408' title='bbox 1058 2933 1139 2996; x_wconf 73' lang='grc' dir='ltr'><strong>εἰς</strong></span> <span class='ocrx_word' id='word_1_409' title='bbox 1170 2931 1442 3001; x_wconf 70' lang='grc' dir='ltr'>ὠφέλειαν</span> <span class='ocrx_word' id='word_1_410' title='bbox 1491 2932 1623 2993; x_wconf 74' lang='grc' dir='ltr'>ἴσως</span> <span class='ocrx_word' id='word_1_411' title='bbox 1658 2930 1902 3002; x_wconf 74' lang='grc' dir='ltr'>ἐσομένῳ</span> <span class='ocrx_word' id='word_1_412' title='bbox 1947 2931 2186 2996; x_wconf 78' lang='grc' dir='ltr'>πολλοῖς,</span> <span class='ocrx_word' id='word_1_413' title='bbox 2235 2932 2336 2990; x_wconf 77' lang='grc' dir='ltr'>καὶ</span> <span class='ocrx_word' id='word_1_414' title='bbox 2385 2932 2462 2996; x_wconf 82' lang='grc' dir='ltr'><strong>ὡς</strong></span> <span class='ocrx_word' id='word_1_415' title='bbox 2508 2932 2744 3005; x_wconf 84' lang='grc' dir='ltr'>δύναμις</span> <span class='ocrx_word' id='word_1_416' title='bbox 2802 2933 3013 3005; x_wconf 79' lang='grc' dir='ltr'>ἑκάστῃ</span> <span class='ocrx_word' id='word_1_417' title='bbox 3063 2934 3297 3005; x_wconf 72' lang='grc' dir='ltr'>διαταγῇ</span> <span class='ocrx_word' id='word_1_418' title='bbox 3342 2933 3455 2987; x_wconf 85' lang='grc' dir='ltr'><strong>τῶν</strong></span> <span class='ocrx_word' id='word_1_419' title='bbox 3511 2934 3675 3005; x_wconf 76' lang='grc' dir='ltr'>ἱερῶν</span> 
     </span>
    </p>
   </div>
   <div class='ocr_carea' id='block_1_32' title="bbox 403 3019 3678 3094">
    <p class='ocr_par' dir='ltr' id='par_1_32' title="bbox 403 3019 3678 3094">
     <span class='ocr_line' id='line_1_32' title="bbox 403 3019 3678 3094; baseline -0.001 -16"><span class='ocrx_word' id='word_1_420' title='bbox 403 3024 744 3088; x_wconf 80' lang='grc' dir='ltr'>ἀποστόλων,</span> <span class='ocrx_word' id='word_1_421' title='bbox 780 3022 877 3078; x_wconf 76' lang='grc' dir='ltr'>καὶ</span> <span class='ocrx_word' id='word_1_422' title='bbox 916 3022 1133 3076; x_wconf 84' lang='grc' dir='ltr'>σεπτῶν</span> <span class='ocrx_word' id='word_1_423' title='bbox 1179 3021 1464 3090; x_wconf 78' lang='grc' dir='ltr'>Ηατέρων,</span> <span class='ocrx_word' id='word_1_424' title='bbox 1530 3020 1734 3090; x_wconf 80' lang='grc' dir='ltr'>μᾶλλον</span> <span class='ocrx_word' id='word_1_425' title='bbox 1786 3021 1993 3090; x_wconf 72' lang='grc' dir='ltr'>μέντοι,</span> <span class='ocrx_word' id='word_1_426' title='bbox 2043 3020 2121 3086; x_wconf 83' lang='grc' dir='ltr'><strong>ὡς</strong></span> <span class='ocrx_word' id='word_1_427' title='bbox 2163 3019 2231 3075; x_wconf 70' lang='grc' dir='ltr'>ἂν</span> <span class='ocrx_word' id='word_1_428' title='bbox 2279 3020 2398 3091; x_wconf 87' lang='grc' dir='ltr'>δοίη</span> <span class='ocrx_word' id='word_1_429' title='bbox 2450 3020 2613 3089; x_wconf 73' lang='grc' dir='ltr'>Θεὸς,</span> <span class='ocrx_word' id='word_1_430' title='bbox 2657 3023 2969 3087; x_wconf 73' lang='grc' dir='ltr'>ἰδιάζουσαν</span> <span class='ocrx_word' id='word_1_431' title='bbox 3024 3025 3280 3094; x_wconf 76' lang='grc' dir='ltr'>ποιητέον</span> <span class='ocrx_word' id='word_1_432' title='bbox 3334 3021 3431 3076; x_wconf 73' lang='grc' dir='ltr'>καὶ</span> <span class='ocrx_word' id='word_1_433' title='bbox 3488 3039 3678 3076; x_wconf 79' lang='grc' dir='ltr'>συντι-</span> 
     </span>
    </p>
   </div>
   <div class='ocr_carea' id='block_1_33' title="bbox 404 3107 3678 3183">
    <p class='ocr_par' dir='ltr' id='par_1_33' title="bbox 404 3107 3678 3183">
     <span class='ocr_line' id='line_1_33' title="bbox 404 3107 3678 3183; baseline -0 -18"><span class='ocrx_word' id='word_1_434' title='bbox 404 3113 701 3183; x_wconf 76' lang='grc' dir='ltr'>τμημένην</span> <span class='ocrx_word' id='word_1_435' title='bbox 730 3114 1021 3182; x_wconf 78' lang='grc' dir='ltr'>ἐξήγησιν.</span> <span class='ocrx_word' id='word_1_436' title='bbox 1057 3112 1148 3181; x_wconf 70' lang='grc' dir='ltr'><strong>Μή</strong></span> <span class='ocrx_word' id='word_1_437' title='bbox 1175 3127 1260 3173; x_wconf 86' lang='grc' dir='ltr'><strong>τις</strong></span> <span class='ocrx_word' id='word_1_438' title='bbox 1298 3109 1356 3165; x_wconf 80' lang='grc' dir='ltr'>δέ</span> <span class='ocrx_word' id='word_1_439' title='bbox 1389 3126 1481 3179; x_wconf 88' lang='grc' dir='ltr'>μοι</span> <span class='ocrx_word' id='word_1_440' title='bbox 1516 3107 1814 3177; x_wconf 85' lang='grc' dir='ltr'>καταγνοίη</span> <span class='ocrx_word' id='word_1_441' title='bbox 1857 3108 2194 3178; x_wconf 79' lang='grc' dir='ltr'>προπέτειαν</span> <span class='ocrx_word' id='word_1_442' title='bbox 2213 3124 2228 3141; x_wconf 77' lang='grc' dir='ltr'><strong>ο</strong></span> <span class='ocrx_word' id='word_1_443' title='bbox 2255 3109 2318 3164; x_wconf 82' lang='grc' dir='ltr'>οὐ</span> <span class='ocrx_word' id='word_1_444' title='bbox 2362 3109 2472 3181; x_wconf 82' lang='grc' dir='ltr'>γὰρ</span> <span class='ocrx_word' id='word_1_445' title='bbox 2502 3109 2597 3180; x_wconf 72' lang='grc' dir='ltr'><strong>ἀφ’</strong></span> <span class='ocrx_word' id='word_1_446' title='bbox 2627 3111 2824 3169; x_wconf 77' lang='grc' dir='ltr'>ἑαυτοῦ</span> <span class='ocrx_word' id='word_1_447' title='bbox 2846 3111 2921 3181; x_wconf 82' lang='grc' dir='ltr'>τῷ</span> <span class='ocrx_word' id='word_1_448' title='bbox 2948 3112 3224 3183; x_wconf 73' lang='grc' dir='ltr'>πονήματι</span> <span class='ocrx_word' id='word_1_449' title='bbox 3254 3111 3514 3183; x_wconf 71' lang='grc' dir='ltr'>ἐγχειρῶ,</span> <span class='ocrx_word' id='word_1_450' title='bbox 3538 3110 3678 3165; x_wconf 80' lang='grc' dir='ltr'>ἀλλὰ</span> 
     </span>
    </p>
   </div>
   <div class='ocr_carea' id='block_1_34' title="bbox 404 3195 3679 3272">
    <p class='ocr_par' dir='ltr' id='par_1_34' title="bbox 404 3195 3679 3272">
     <span class='ocr_line' id='line_1_34' title="bbox 404 3195 3679 3272; baseline -0.003 -17"><span class='ocrx_word' id='word_1_451' title='bbox 404 3200 785 3272; x_wconf 71' lang='grc' dir='ltr'>παρακληθεὶς</span> <span class='ocrx_word' id='word_1_452' title='bbox 814 3198 1204 3268; x_wconf 77' lang='grc' dir='ltr'>ὑπέκυψα,καὶ</span> <span class='ocrx_word' id='word_1_453' title='bbox 1234 3196 1313 3269; x_wconf 84' lang='grc' dir='ltr'><strong>τῷ</strong></span> <span class='ocrx_word' id='word_1_454' title='bbox 1338 3197 1488 3269; x_wconf 87' lang='grc' dir='ltr'>πόνῳ</span> <span class='ocrx_word' id='word_1_455' title='bbox 1526 3197 1736 3252; x_wconf 77' lang='grc' dir='ltr'>δέδωκα</span> <span class='ocrx_word' id='word_1_456' title='bbox 1764 3195 2024 3266; x_wconf 78' lang='grc' dir='ltr'>ἐμαυτὸν,</span> <span class='ocrx_word' id='word_1_457' title='bbox 2066 3196 2155 3251; x_wconf 84' lang='grc' dir='ltr'><strong>ἴνα</strong></span> <span class='ocrx_word' id='word_1_458' title='bbox 2190 3196 2267 3267; x_wconf 82' lang='grc' dir='ltr'><strong>μὴ</strong></span> <span class='ocrx_word' id='word_1_459' title='bbox 2296 3197 2364 3252; x_wconf 87' lang='grc' dir='ltr'><strong>δι’</strong></span> <span class='ocrx_word' id='word_1_460' title='bbox 2411 3200 2680 3271; x_wconf 66' lang='grc' dir='ltr'>ἀνηκοΐαν</span> <span class='ocrx_word' id='word_1_461' title='bbox 2736 3199 3077 3271; x_wconf 87' lang='grc' dir='ltr'>κατακριθῶ.</span> <span class='ocrx_word' id='word_1_462' title='bbox 3125 3200 3434 3256; x_wconf 79' lang='lat' dir='ltr'><strong>Declaratio</strong></span> <span class='ocrx_word' id='word_1_463' title='bbox 3478 3216 3679 3255; x_wconf 63' lang='lat' dir='ltr'><strong>sermo-</strong></span> 
     </span>
    </p>
   </div>
   <div class='ocr_carea' id='block_1_35' title="bbox 410 3283 3671 3357">
    <p class='ocr_par' dir='ltr' id='par_1_35' title="bbox 410 3283 3671 3357">
     <span class='ocr_line' id='line_1_35' title="bbox 410 3283 3671 3357; baseline 0 -14"><span class='ocrx_word' id='word_1_464' title='bbox 410 3305 540 3344; x_wconf 83' lang='lat' dir='ltr'><strong>nunt</strong></span> <span class='ocrx_word' id='word_1_465' title='bbox 584 3299 795 3344; x_wconf 88' lang='lat' dir='ltr'><strong>tuorum</strong></span> <span class='ocrx_word' id='word_1_466' title='bbox 827 3288 1122 3355; x_wconf 83' lang='lat' dir='ltr'><strong>illuminat,</strong></span> <span class='ocrx_word' id='word_1_467' title='bbox 1156 3298 1205 3343; x_wconf 87' lang='lat' dir='ltr'><strong>et</strong></span> <span class='ocrx_word' id='word_1_468' title='bbox 1234 3286 1561 3341; x_wconf 82' lang='lat' dir='ltr'><strong>intellectum</strong></span> <span class='ocrx_word' id='word_1_469' title='bbox 1591 3286 1684 3339; x_wconf 86' lang='lat' dir='ltr'><strong>dat</strong></span> <span class='ocrx_word' id='word_1_470' title='bbox 1711 3284 1971 3354; x_wconf 80' lang='lat' dir='ltr'><strong>parvulis.</strong></span> <span class='ocrx_word' id='word_1_471' title='bbox 2007 3283 2139 3341; x_wconf 65' lang='lat' dir='ltr'><strong>Ha’c</strong></span> <span class='ocrx_word' id='word_1_472' title='bbox 2172 3284 2281 3341; x_wconf 86' lang='lat' dir='ltr'><strong>Deo</strong></span> <span class='ocrx_word' id='word_1_473' title='bbox 2312 3286 2440 3343; x_wconf 81' lang='lat' dir='ltr'><strong>dicit</strong></span> <span class='ocrx_word' id='word_1_474' title='bbox 2479 3290 2732 3357; x_wconf 65' lang='lat' dir='ltr'><strong>propheta</strong></span> <span class='ocrx_word' id='word_1_475' title='bbox 2762 3298 2813 3347; x_wconf 89' lang='lat' dir='ltr'><strong>et</strong></span> <span class='ocrx_word' id='word_1_476' title='bbox 2840 3290 3049 3345; x_wconf 78' lang='lat' dir='ltr'><strong>divinus</strong></span> <span class='ocrx_word' id='word_1_477' title='bbox 3074 3298 3230 3357; x_wconf 83' lang='lat' dir='ltr'><strong>pater</strong></span> <span class='ocrx_word' id='word_1_478' title='bbox 3266 3289 3464 3345; x_wconf 80' lang='lat' dir='ltr'><strong>David.</strong></span> <span class='ocrx_word' id='word_1_479' title='bbox 3497 3288 3671 3345; x_wconf 86' lang='lat' dir='ltr'><strong>Porro</strong></span> 
     </span>
    </p>
   </div>
   <div class='ocr_carea' id='block_1_36' title="bbox 404 3372 3674 3450">
    <p class='ocr_par' dir='ltr' id='par_1_36' title="bbox 404 3372 3674 3450">
     <span class='ocr_line' id='line_1_36' title="bbox 404 3372 3674 3450; baseline 0 -19"><span class='ocrx_word' id='word_1_480' title='bbox 404 3377 505 3435; x_wconf 88' lang='lat' dir='ltr'><strong>Dei</strong></span> <span class='ocrx_word' id='word_1_481' title='bbox 530 3393 795 3433; x_wconf 79' lang='lat' dir='ltr'><strong>sermones</strong></span> <span class='ocrx_word' id='word_1_482' title='bbox 826 3376 1013 3431; x_wconf 76' lang='lat' dir='ltr'><strong>merito</strong></span> <span class='ocrx_word' id='word_1_483' title='bbox 1043 3376 1161 3447; x_wconf 82' lang='lat' dir='ltr'><strong>quis</strong></span> <span class='ocrx_word' id='word_1_484' title='bbox 1191 3385 1238 3431; x_wconf 84' lang='lat' dir='ltr'><strong>et</strong></span> <span class='ocrx_word' id='word_1_485' title='bbox 1266 3374 1617 3444; x_wconf 83' lang='lat' dir='ltr'><strong>probabiliter</strong></span> <span class='ocrx_word' id='word_1_486' title='bbox 1655 3374 1855 3428; x_wconf 70' lang='lat' dir='ltr'><strong>dixerit</strong></span> <span class='ocrx_word' id='word_1_487' title='bbox 1888 3389 2002 3429; x_wconf 87' lang='lat' dir='ltr'><strong>esse</strong></span> <span class='ocrx_word' id='word_1_488' title='bbox 2040 3372 2346 3431; x_wconf 83' lang='lat' dir='ltr'><strong>divinorum</strong></span> <span class='ocrx_word' id='word_1_489' title='bbox 2372 3376 2733 3446; x_wconf 78' lang='lat' dir='ltr'><strong>apostolorum</strong></span> <span class='ocrx_word' id='word_1_490' title='bbox 2762 3378 3088 3447; x_wconf 76' lang='lat' dir='ltr'><strong>Petrumque</strong></span> <span class='ocrx_word' id='word_1_491' title='bbox 3117 3379 3518 3450; x_wconf 71' lang='lat' dir='ltr'><strong>praceptiones,</strong></span> <span class='ocrx_word' id='word_1_492' title='bbox 3548 3379 3674 3445; x_wconf 87' lang='lat' dir='ltr'><strong>quia</strong></span> 
     </span>
    </p>
   </div>
   <div class='ocr_carea' id='block_1_37' title="bbox 404 3460 3676 3537">
    <p class='ocr_par' dir='ltr' id='par_1_37' title="bbox 404 3460 3676 3537">
     <span class='ocr_line' id='line_1_37' title="bbox 404 3460 3676 3537; baseline -0 -18"><span class='ocrx_word' id='word_1_493' title='bbox 404 3466 586 3520; x_wconf 85' lang='lat' dir='ltr'><strong>divino</strong></span> <span class='ocrx_word' id='word_1_494' title='bbox 619 3467 725 3534; x_wconf 88' lang='lat' dir='ltr'><strong>ipsi</strong></span> <span class='ocrx_word' id='word_1_495' title='bbox 757 3466 923 3537; x_wconf 72' lang='lat' dir='ltr'><strong>aﬁlati</strong></span> <span class='ocrx_word' id='word_1_496' title='bbox 967 3465 1209 3534; x_wconf 88' lang='lat' dir='ltr'><strong>doctique</strong></span> <span class='ocrx_word' id='word_1_497' title='bbox 1240 3462 1445 3534; x_wconf 84' lang='lat' dir='ltr'><strong>Spiritu</strong></span> <span class='ocrx_word' id='word_1_498' title='bbox 1477 3463 1576 3516; x_wconf 79' lang='lat' dir='ltr'><strong>hoc</strong></span> <span class='ocrx_word' id='word_1_499' title='bbox 1605 3462 1976 3519; x_wconf 85' lang='lat' dir='ltr'><strong>instituerunt.</strong></span> <span class='ocrx_word' id='word_1_500' title='bbox 2016 3460 2078 3517; x_wconf 85' lang='lat' dir='ltr'><strong>Si</strong></span> <span class='ocrx_word' id='word_1_501' title='bbox 2107 3462 2225 3531; x_wconf 87' lang='lat' dir='ltr'><strong>quis</strong></span> <span class='ocrx_word' id='word_1_502' title='bbox 2246 3463 2411 3532; x_wconf 79' lang='lat' dir='ltr'><strong>igitur</strong></span> <span class='ocrx_word' id='word_1_503' title='bbox 2446 3464 2855 3520; x_wconf 82' lang='lat' dir='ltr'><strong>elucidationem</strong></span> <span class='ocrx_word' id='word_1_504' title='bbox 2879 3482 3156 3520; x_wconf 83' lang='lat' dir='ltr'><strong>sacrorum</strong></span> <span class='ocrx_word' id='word_1_505' title='bbox 3185 3481 3449 3520; x_wconf 82' lang='lat' dir='ltr'><strong>canonum</strong></span> <span class='ocrx_word' id='word_1_506' title='bbox 3472 3466 3676 3537; x_wconf 76' lang='lat' dir='ltr'><strong>fecerit,</strong></span> 
     </span>
    </p>
   </div>
   <div class='ocr_carea' id='block_1_38' title="bbox 405 3549 3680 3625">
    <p class='ocr_par' dir='ltr' id='par_1_38' title="bbox 405 3549 3680 3625">
     <span class='ocr_line' id='line_1_38' title="bbox 405 3549 3680 3625; baseline -0.001 -15"><span class='ocrx_word' id='word_1_507' title='bbox 405 3554 813 3625; x_wconf 84' lang='lat' dir='ltr'><strong>eorumdentque</strong></span> <span class='ocrx_word' id='word_1_508' title='bbox 840 3556 1157 3610; x_wconf 80' lang='lat' dir='ltr'><strong>sententiam</strong></span> <span class='ocrx_word' id='word_1_509' title='bbox 1194 3569 1436 3609; x_wconf 85' lang='lat' dir='ltr'><strong>reserans</strong></span> <span class='ocrx_word' id='word_1_510' title='bbox 1468 3550 1783 3615; x_wconf 87' lang='lat' dir='ltr'><strong>declararit,</strong></span> <span class='ocrx_word' id='word_1_511' title='bbox 1819 3549 1900 3604; x_wconf 81' lang='lat' dir='ltr'><strong>his</strong></span> <span class='ocrx_word' id='word_1_512' title='bbox 1936 3549 2146 3619; x_wconf 84' lang='lat' dir='ltr'><strong>quidem</strong></span> <span class='ocrx_word' id='word_1_513' title='bbox 2170 3559 2312 3606; x_wconf 88' lang='lat' dir='ltr'><strong>certe</strong></span> <span class='ocrx_word' id='word_1_514' title='bbox 2363 3552 2543 3609; x_wconf 88' lang='lat' dir='ltr'><strong>lumen</strong></span> <span class='ocrx_word' id='word_1_515' title='bbox 2588 3554 2855 3619; x_wconf 84' lang='lat' dir='ltr'><strong>intulerit,</strong></span> <span class='ocrx_word' id='word_1_516' title='bbox 2888 3554 2981 3624; x_wconf 84' lang='lat' dir='ltr'><strong>qui</strong></span> <span class='ocrx_word' id='word_1_517' title='bbox 3014 3568 3109 3622; x_wconf 85' lang='lat' dir='ltr'><strong>per</strong></span> <span class='ocrx_word' id='word_1_518' title='bbox 3137 3553 3530 3622; x_wconf 79' lang='lat' dir='ltr'><strong>simplicitatem</strong></span> <span class='ocrx_word' id='word_1_519' title='bbox 3558 3569 3680 3607; x_wconf 88' lang='lat' dir='ltr'><strong>mo-</strong></span> 
     </span>
    </p>
   </div>
   <div class='ocr_carea' id='block_1_39' title="bbox 366 3636 3678 3715">
    <p class='ocr_par' dir='ltr' id='par_1_39' title="bbox 366 3636 3678 3715">
     <span class='ocr_line' id='line_1_39' title="bbox 366 3636 3678 3715; baseline -0 -18"><span class='ocrx_word' id='word_1_520' title='bbox 366 3702 378 3715; x_wconf 83' lang='lat'><em>_</em></span> <span class='ocrx_word' id='word_1_521' title='bbox 406 3659 628 3713; x_wconf 89' lang='lat' dir='ltr'><strong>rumque</strong></span> <span class='ocrx_word' id='word_1_522' title='bbox 653 3642 939 3699; x_wconf 82' lang='lat' dir='ltr'><strong>ruditatem</strong></span> <span class='ocrx_word' id='word_1_523' title='bbox 971 3653 1094 3699; x_wconf 88' lang='lat' dir='ltr'><strong>sunt</strong></span> <span class='ocrx_word' id='word_1_524' title='bbox 1126 3644 1265 3697; x_wconf 79' lang='lat' dir='ltr'><strong>velut</strong></span> <span class='ocrx_word' id='word_1_525' title='bbox 1296 3640 1551 3710; x_wconf 86' lang='lat' dir='ltr'><strong>infantes,</strong></span> <span class='ocrx_word' id='word_1_526' title='bbox 1583 3638 1729 3693; x_wconf 82' lang='lat' dir='ltr'><strong>haud</strong></span> <span class='ocrx_word' id='word_1_527' title='bbox 1754 3639 1881 3692; x_wconf 87' lang='lat' dir='ltr'><strong>dum</strong></span> <span class='ocrx_word' id='word_1_528' title='bbox 1911 3636 2045 3691; x_wconf 87' lang='lat' dir='ltr'><strong>satis</strong></span> <span class='ocrx_word' id='word_1_529' title='bbox 2074 3638 2188 3709; x_wconf 88' lang='lat' dir='ltr'><strong>apti</strong></span> <span class='ocrx_word' id='word_1_530' title='bbox 2209 3639 2261 3691; x_wconf 88' lang='lat' dir='ltr'><strong>in</strong></span> <span class='ocrx_word' id='word_1_531' title='bbox 2298 3654 2577 3696; x_wconf 88' lang='lat' dir='ltr'><strong>sacrorum</strong></span> <span class='ocrx_word' id='word_1_532' title='bbox 2618 3657 2881 3698; x_wconf 83' lang='lat' dir='ltr'><strong>canonum</strong></span> <span class='ocrx_word' id='word_1_533' title='bbox 2919 3642 3345 3712; x_wconf 73' lang='lat' dir='ltr'><strong>profunditatem</strong></span> <span class='ocrx_word' id='word_1_534' title='bbox 3377 3650 3678 3709; x_wconf 85' lang='lat' dir='ltr'><strong>penetrare.</strong></span> 
     </span>
    </p>
   </div>
   <div class='ocr_carea' id='block_1_40' title="bbox 407 3724 3679 3799">
    <p class='ocr_par' dir='ltr' id='par_1_40' title="bbox 407 3724 3679 3799">
     <span class='ocr_line' id='line_1_40' title="bbox 407 3724 3679 3799; baseline 0 -16"><span class='ocrx_word' id='word_1_535' title='bbox 407 3728 698 3799; x_wconf 83' lang='lat' dir='ltr'><strong>Propterea</strong></span> <span class='ocrx_word' id='word_1_536' title='bbox 752 3729 883 3784; x_wconf 87' lang='lat' dir='ltr'><strong>mihi</strong></span> <span class='ocrx_word' id='word_1_537' title='bbox 934 3729 1248 3784; x_wconf 86' lang='lat' dir='ltr'><strong>sumendum</strong></span> <span class='ocrx_word' id='word_1_538' title='bbox 1280 3728 1383 3798; x_wconf 82' lang='lat' dir='ltr'><strong>fuit</strong></span> <span class='ocrx_word' id='word_1_539' title='bbox 1418 3728 1515 3781; x_wconf 87' lang='lat' dir='ltr'><strong>hoc</strong></span> <span class='ocrx_word' id='word_1_540' title='bbox 1554 3743 1684 3795; x_wconf 88' lang='lat' dir='ltr'><strong>opus</strong></span> <span class='ocrx_word' id='word_1_541' title='bbox 1716 3726 1769 3781; x_wconf 89' lang='lat' dir='ltr'><strong>in</strong></span> <span class='ocrx_word' id='word_1_542' title='bbox 1815 3741 2028 3793; x_wconf 86' lang='lat' dir='ltr'><strong>manus,</strong></span> <span class='ocrx_word' id='word_1_543' title='bbox 2065 3733 2124 3778; x_wconf 87' lang='lat' dir='ltr'><strong>ut</strong></span> <span class='ocrx_word' id='word_1_544' title='bbox 2148 3726 2271 3780; x_wconf 85' lang='lat' dir='ltr'><strong>usui</strong></span> <span class='ocrx_word' id='word_1_545' title='bbox 2303 3724 2537 3795; x_wconf 87' lang='lat' dir='ltr'><strong>fortasse</strong></span> <span class='ocrx_word' id='word_1_546' title='bbox 2587 3728 2831 3798; x_wconf 88' lang='lat' dir='ltr'><strong>futurum</strong></span> <span class='ocrx_word' id='word_1_547' title='bbox 2889 3728 3093 3795; x_wconf 79' lang='lat' dir='ltr'><strong>multis,</strong></span> <span class='ocrx_word' id='word_1_548' title='bbox 3136 3738 3194 3783; x_wconf 87' lang='lat' dir='ltr'><strong>ut</strong></span> <span class='ocrx_word' id='word_1_549' title='bbox 3236 3730 3399 3785; x_wconf 86' lang='lat' dir='ltr'><strong>etiam</strong></span> <span class='ocrx_word' id='word_1_550' title='bbox 3424 3744 3521 3797; x_wconf 88' lang='lat' dir='ltr'><strong>pro</strong></span> <span class='ocrx_word' id='word_1_551' title='bbox 3562 3745 3679 3787; x_wconf 80' lang='lat' dir='ltr'><strong>mea</strong></span> 
     </span>
    </p>
   </div>
   <div class='ocr_carea' id='block_1_41' title="bbox 404 3812 3675 3890">
    <p class='ocr_par' dir='ltr' id='par_1_41' title="bbox 404 3812 3675 3890">
     <span class='ocr_line' id='line_1_41' title="bbox 404 3812 3675 3890; baseline -0 -17"><span class='ocrx_word' id='word_1_552' title='bbox 404 3821 548 3874; x_wconf 83' lang='lat' dir='ltr'><strong>virili</strong></span> <span class='ocrx_word' id='word_1_553' title='bbox 581 3820 647 3874; x_wconf 87' lang='lat' dir='ltr'><strong>sit</strong></span> <span class='ocrx_word' id='word_1_554' title='bbox 701 3834 1026 3890; x_wconf 61' lang='lat' dir='ltr'><strong>unaqua’que</strong></span> <span class='ocrx_word' id='word_1_555' title='bbox 1060 3833 1334 3872; x_wconf 88' lang='lat' dir='ltr'><strong>sacrorum</strong></span> <span class='ocrx_word' id='word_1_556' title='bbox 1377 3814 1742 3885; x_wconf 88' lang='lat' dir='ltr'><strong>apostolorum</strong></span> <span class='ocrx_word' id='word_1_557' title='bbox 1795 3812 2124 3883; x_wconf 73' lang='lat' dir='ltr'><strong>Petrumque</strong></span> <span class='ocrx_word' id='word_1_558' title='bbox 2182 3812 2604 3871; x_wconf 83' lang='lat' dir='ltr'><strong>venerandorum</strong></span> <span class='ocrx_word' id='word_1_559' title='bbox 2656 3817 2936 3888; x_wconf 85' lang='lat' dir='ltr'><strong>dispositio</strong></span> <span class='ocrx_word' id='word_1_560' title='bbox 2985 3827 3135 3885; x_wconf 79' lang='lat' dir='ltr'><strong>nota,</strong></span> <span class='ocrx_word' id='word_1_561' title='bbox 3176 3817 3409 3872; x_wconf 69' lang='lat' dir='ltr'><strong>maxime</strong></span> <span class='ocrx_word' id='word_1_562' title='bbox 3441 3819 3675 3886; x_wconf 79' lang='lat' dir='ltr'><strong>quidem,</strong></span> 
     </span>
    </p>
   </div>
   <div class='ocr_carea' id='block_1_42' title="bbox 403 3902 3679 3983">
    <p class='ocr_par' dir='ltr' id='par_1_42' title="bbox 403 3902 3679 3983">
     <span class='ocr_line' id='line_1_42' title="bbox 403 3902 3679 3983; baseline -0.001 -18"><span class='ocrx_word' id='word_1_563' title='bbox 403 3922 559 3983; x_wconf 85' lang='lat' dir='ltr'><strong>prout</strong></span> <span class='ocrx_word' id='word_1_564' title='bbox 591 3910 797 3967; x_wconf 81' lang='lat' dir='ltr'><strong>dederit</strong></span> <span class='ocrx_word' id='word_1_565' title='bbox 829 3913 937 3980; x_wconf 88' lang='lat' dir='ltr'><strong>ipse</strong></span> <span class='ocrx_word' id='word_1_566' title='bbox 970 3909 1135 3974; x_wconf 85' lang='lat' dir='ltr'><strong>Deus,</strong></span> <span class='ocrx_word' id='word_1_567' title='bbox 1171 3909 1493 3978; x_wconf 86' lang='lat' dir='ltr'><strong>peculiarem</strong></span> <span class='ocrx_word' id='word_1_568' title='bbox 1523 3906 2050 3975; x_wconf 84' lang='lat' dir='ltr'><strong>compendiosamque</strong></span> <span class='ocrx_word' id='word_1_569' title='bbox 2092 3902 2296 3971; x_wconf 82' lang='lat' dir='ltr'><strong>faciens</strong></span> <span class='ocrx_word' id='word_1_570' title='bbox 2343 3908 2758 3965; x_wconf 83' lang='lat' dir='ltr'><strong>enarrationem.</strong></span> <span class='ocrx_word' id='word_1_571' title='bbox 2804 3906 3003 3962; x_wconf 90' lang='lat' dir='ltr'><strong>Nullus</strong></span> <span class='ocrx_word' id='word_1_572' title='bbox 3035 3920 3210 3964; x_wconf 83' lang='lat' dir='ltr'><strong>autem</strong></span> <span class='ocrx_word' id='word_1_573' title='bbox 3246 3924 3328 3963; x_wconf 86' lang='lat' dir='ltr'><strong>me</strong></span> <span class='ocrx_word' id='word_1_574' title='bbox 3366 3910 3679 3964; x_wconf 83' lang='lat' dir='ltr'><strong>condemnet</strong></span> 
     </span>
    </p>
   </div>
   <div class='ocr_carea' id='block_1_43' title="bbox 404 3992 3678 4069">
    <p class='ocr_par' dir='ltr' id='par_1_43' title="bbox 404 3992 3678 4069">
     <span class='ocr_line' id='line_1_43' title="bbox 404 3992 3678 4069; baseline -0.002 -13"><span class='ocrx_word' id='word_1_575' title='bbox 404 4001 702 4056; x_wconf 80' lang='lat' dir='ltr'><strong>insolentia:</strong></span> <span class='ocrx_word' id='word_1_576' title='bbox 738 4000 813 4055; x_wconf 84' lang='lat' dir='ltr'><strong>rel</strong></span> <span class='ocrx_word' id='word_1_577' title='bbox 846 3999 1191 4054; x_wconf 75' lang='lat' dir='ltr'><strong>temeritatis.</strong></span> <span class='ocrx_word' id='word_1_578' title='bbox 1224 3996 1334 4051; x_wconf 88' lang='lat' dir='ltr'><strong>Nec</strong></span> <span class='ocrx_word' id='word_1_579' title='bbox 1358 3998 1497 4052; x_wconf 88' lang='lat' dir='ltr'><strong>enim</strong></span> <span class='ocrx_word' id='word_1_580' title='bbox 1523 4013 1641 4053; x_wconf 79' lang='lat' dir='ltr'><strong>mea</strong></span> <span class='ocrx_word' id='word_1_581' title='bbox 1673 4002 1858 4064; x_wconf 81' lang='lat' dir='ltr'><strong>sponte</strong></span> <span class='ocrx_word' id='word_1_582' title='bbox 1884 3992 2055 4049; x_wconf 85' lang='lat' dir='ltr'><strong>labori</strong></span> <span class='ocrx_word' id='word_1_583' title='bbox 2080 4008 2271 4051; x_wconf 85' lang='lat' dir='ltr'><strong>manus</strong></span> <span class='ocrx_word' id='word_1_584' title='bbox 2314 3994 2581 4059; x_wconf 87' lang='lat' dir='ltr'><strong>admolior</strong></span> <span class='ocrx_word' id='word_1_585' title='bbox 2600 4011 2621 4065; x_wconf 86' lang='lat'><strong>;</strong></span> <span class='ocrx_word' id='word_1_586' title='bbox 2651 3996 2745 4052; x_wconf 90' lang='lat' dir='ltr'><strong>sed</strong></span> <span class='ocrx_word' id='word_1_587' title='bbox 2782 4005 3005 4069; x_wconf 87' lang='lat' dir='ltr'><strong>rogatus</strong></span> <span class='ocrx_word' id='word_1_588' title='bbox 3038 3998 3411 4065; x_wconf 76' lang='lat' dir='ltr'><strong>obscwndavi,</strong></span> <span class='ocrx_word' id='word_1_589' title='bbox 3436 3998 3678 4066; x_wconf 84' lang='lat' dir='ltr'><strong>negotio-</strong></span> 
     </span>
    </p>
   </div>
   <div class='ocr_carea' id='block_1_44' title="bbox 405 4085 1939 4161">
    <p class='ocr_par' dir='ltr' id='par_1_44' title="bbox 405 4085 1939 4161">
     <span class='ocr_line' id='line_1_44' title="bbox 405 4085 1939 4161; baseline -0.005 -14"><span class='ocrx_word' id='word_1_590' title='bbox 405 4107 504 4161; x_wconf 88' lang='lat' dir='ltr'><strong>que</strong></span> <span class='ocrx_word' id='word_1_591' title='bbox 534 4106 614 4145; x_wconf 80' lang='lat' dir='ltr'><strong>me</strong></span> <span class='ocrx_word' id='word_1_592' title='bbox 646 4089 793 4157; x_wconf 81' lang='lat' dir='ltr'><strong>dedi,</strong></span> <span class='ocrx_word' id='word_1_593' title='bbox 824 4106 886 4144; x_wconf 87' lang='lat' dir='ltr'><strong>ne</strong></span> <span class='ocrx_word' id='word_1_594' title='bbox 921 4096 1135 4159; x_wconf 87' lang='lat' dir='ltr'><strong>propter</strong></span> <span class='ocrx_word' id='word_1_595' title='bbox 1161 4085 1575 4143; x_wconf 86' lang='lat' dir='ltr'><strong>inobedientiam</strong></span> <span class='ocrx_word' id='word_1_596' title='bbox 1599 4099 1939 4156; x_wconf 84' lang='lat' dir='ltr'><strong>coarguerer.</strong></span> 
     </span>
    </p>
   </div>
   <div class='ocr_carea' id='block_1_45' title="bbox 478 4199 3679 4271">
    <p class='ocr_par' dir='ltr' id='par_1_45' title="bbox 478 4199 3679 4271">
     <span class='ocr_line' id='line_1_45' title="bbox 478 4199 3679 4271; baseline -0.002 -10"><span class='ocrx_word' id='word_1_597' title='bbox 478 4206 537 4261; x_wconf 87' lang='lat' dir='ltr'><strong>in</strong></span> <span class='ocrx_word' id='word_1_598' title='bbox 574 4206 727 4261; x_wconf 87' lang='lat' dir='ltr'><strong>hisce</strong></span> <span class='ocrx_word' id='word_1_599' title='bbox 755 4211 939 4260; x_wconf 83' lang='lat' dir='ltr'><strong>autem</strong></span> <span class='ocrx_word' id='word_1_600' title='bbox 973 4201 1200 4261; x_wconf 88' lang='lat' dir='ltr'><strong>scholiis</strong></span> <span class='ocrx_word' id='word_1_601' title='bbox 1227 4201 1281 4256; x_wconf 93' lang='lat' dir='ltr'><strong>in</strong></span> <span class='ocrx_word' id='word_1_602' title='bbox 1316 4214 1555 4258; x_wconf 84' lang='lat' dir='ltr'><strong>canones</strong></span> <span class='ocrx_word' id='word_1_603' title='bbox 1575 4200 1995 4269; x_wconf 82' lang='lat' dir='ltr'><strong>componendis,</strong></span> <span class='ocrx_word' id='word_1_604' title='bbox 2030 4199 2260 4257; x_wconf 63' lang='lat' dir='ltr'><strong>Zonaras</strong></span> <span class='ocrx_word' id='word_1_605' title='bbox 2301 4200 2447 4257; x_wconf 84' lang='lat' dir='ltr'><strong>aliud</strong></span> <span class='ocrx_word' id='word_1_606' title='bbox 2488 4209 2656 4271; x_wconf 85' lang='lat' dir='ltr'><strong>atque</strong></span> <span class='ocrx_word' id='word_1_607' title='bbox 2686 4199 2995 4256; x_wconf 83' lang='lat' dir='ltr'><strong>Balsamoni</strong></span> <span class='ocrx_word' id='word_1_608' title='bbox 3032 4201 3370 4270; x_wconf 87' lang='lat' dir='ltr'><strong>propositum</strong></span> <span class='ocrx_word' id='word_1_609' title='bbox 3422 4200 3544 4257; x_wconf 79' lang='lat' dir='ltr'><strong>fuit.</strong></span> <span class='ocrx_word' id='word_1_610' title='bbox 3577 4199 3679 4255; x_wconf 83' lang='lat' dir='ltr'><strong>Hic</strong></span> 
     </span>
    </p>
   </div>
   <div class='ocr_carea' id='block_1_46' title="bbox 407 4287 3678 4361">
    <p class='ocr_par' dir='ltr' id='par_1_46' title="bbox 407 4287 3678 4361">
     <span class='ocr_line' id='line_1_46' title="bbox 407 4287 3678 4361; baseline -0.002 -11"><span class='ocrx_word' id='word_1_611' title='bbox 407 4296 555 4351; x_wconf 87' lang='lat' dir='ltr'><strong>enim</strong></span> <span class='ocrx_word' id='word_1_612' title='bbox 591 4293 769 4349; x_wconf 83' lang='lat' dir='ltr'><strong>civilis</strong></span> <span class='ocrx_word' id='word_1_613' title='bbox 798 4305 955 4361; x_wconf 67' lang='lat' dir='ltr'><strong>aeque</strong></span> <span class='ocrx_word' id='word_1_614' title='bbox 976 4306 1041 4346; x_wconf 87' lang='lat' dir='ltr'><strong>ac</strong></span> <span class='ocrx_word' id='word_1_615' title='bbox 1071 4288 1317 4345; x_wconf 87' lang='lat' dir='ltr'><strong>canonici</strong></span> <span class='ocrx_word' id='word_1_616' title='bbox 1339 4287 1481 4357; x_wconf 80' lang='lat' dir='ltr'><strong>juris</strong></span> <span class='ocrx_word' id='word_1_617' title='bbox 1507 4288 1969 4354; x_wconf 86' lang='lat' dir='ltr'><strong>consultissimus,</strong></span> <span class='ocrx_word' id='word_1_618' title='bbox 1992 4290 2281 4359; x_wconf 82' lang='lat' dir='ltr'><strong>utriusque</strong></span> <span class='ocrx_word' id='word_1_619' title='bbox 2337 4289 2687 4344; x_wconf 86' lang='lat' dir='ltr'><strong>concordiam</strong></span> <span class='ocrx_word' id='word_1_620' title='bbox 2715 4290 3085 4358; x_wconf 87' lang='lat' dir='ltr'><strong>persequitur,</strong></span> <span class='ocrx_word' id='word_1_621' title='bbox 3113 4299 3439 4358; x_wconf 88' lang='lat' dir='ltr'><strong>apparentes</strong></span> <span class='ocrx_word' id='word_1_622' title='bbox 3469 4289 3678 4344; x_wconf 83' lang='lat' dir='ltr'><strong>discre-</strong></span> 
     </span>
    </p>
   </div>
   <div class='ocr_carea' id='block_1_47' title="bbox 411 4376 3677 4455">
    <p class='ocr_par' dir='ltr' id='par_1_47' title="bbox 411 4376 3677 4455">
     <span class='ocr_line' id='line_1_47' title="bbox 411 4376 3677 4455; baseline -0.003 -14"><span class='ocrx_word' id='word_1_623' title='bbox 411 4386 630 4455; x_wconf 89' lang='lat' dir='ltr'><strong>pantias</strong></span> <span class='ocrx_word' id='word_1_624' title='bbox 661 4382 963 4453; x_wconf 88' lang='lat' dir='ltr'><strong>componit,</strong></span> <span class='ocrx_word' id='word_1_625' title='bbox 1000 4390 1056 4437; x_wconf 90' lang='lat' dir='ltr'><strong>et</strong></span> <span class='ocrx_word' id='word_1_626' title='bbox 1086 4381 1382 4437; x_wconf 88' lang='lat' dir='ltr'><strong>canonicas</strong></span> <span class='ocrx_word' id='word_1_627' title='bbox 1407 4380 1738 4451; x_wconf 71' lang='lat' dir='ltr'><strong>quaestiones</strong></span> <span class='ocrx_word' id='word_1_628' title='bbox 1776 4395 1806 4434; x_wconf 89' lang='lat' dir='ltr'><strong>a</strong></span> <span class='ocrx_word' id='word_1_629' title='bbox 1846 4395 1907 4435; x_wconf 89' lang='lat' dir='ltr'><strong>se</strong></span> <span class='ocrx_word' id='word_1_630' title='bbox 1942 4389 2121 4437; x_wconf 89' lang='lat' dir='ltr'><strong>motas</strong></span> <span class='ocrx_word' id='word_1_631' title='bbox 2150 4376 2430 4434; x_wconf 85' lang='lat' dir='ltr'><strong>multoties</strong></span> <span class='ocrx_word' id='word_1_632' title='bbox 2459 4376 2637 4433; x_wconf 80' lang='lat' dir='ltr'><strong>solvit.</strong></span> <span class='ocrx_word' id='word_1_633' title='bbox 2682 4377 2751 4431; x_wconf 81' lang='lat' dir='ltr'><strong>At</strong></span> <span class='ocrx_word' id='word_1_634' title='bbox 2778 4376 3024 4431; x_wconf 88' lang='lat' dir='ltr'><strong>Zonaras</strong></span> <span class='ocrx_word' id='word_1_635' title='bbox 3054 4392 3084 4431; x_wconf 92' lang='lat' dir='ltr'><strong>e</strong></span> <span class='ocrx_word' id='word_1_636' title='bbox 3135 4388 3327 4432; x_wconf 89' lang='lat' dir='ltr'><strong>contra</strong></span> <span class='ocrx_word' id='word_1_637' title='bbox 3355 4378 3486 4447; x_wconf 89' lang='lat' dir='ltr'><strong>ipsis</strong></span> <span class='ocrx_word' id='word_1_638' title='bbox 3512 4393 3677 4433; x_wconf 85' lang='lat' dir='ltr'><strong>cano-</strong></span> 
     </span>
    </p>
   </div>
   <div class='ocr_carea' id='block_1_48' title="bbox 413 4463 3673 4539">
    <p class='ocr_par' dir='ltr' id='par_1_48' title="bbox 413 4463 3673 4539">
     <span class='ocr_line' id='line_1_48' title="bbox 413 4463 3673 4539; baseline -0.003 -9"><span class='ocrx_word' id='word_1_639' title='bbox 413 4490 546 4530; x_wconf 90' lang='lat' dir='ltr'><strong>num</strong></span> <span class='ocrx_word' id='word_1_640' title='bbox 568 4472 754 4529; x_wconf 82' lang='lat' dir='ltr'><strong>verbis</strong></span> <span class='ocrx_word' id='word_1_641' title='bbox 785 4481 841 4526; x_wconf 90' lang='lat' dir='ltr'><strong>et</strong></span> <span class='ocrx_word' id='word_1_642' title='bbox 866 4469 1052 4527; x_wconf 85' lang='lat' dir='ltr'><strong>sensui</strong></span> <span class='ocrx_word' id='word_1_643' title='bbox 1080 4470 1507 4539; x_wconf 87' lang='lat' dir='ltr'><strong>interpretandis</strong></span> <span class='ocrx_word' id='word_1_644' title='bbox 1533 4469 1728 4524; x_wconf 87' lang='lat' dir='ltr'><strong>stricte</strong></span> <span class='ocrx_word' id='word_1_645' title='bbox 1757 4467 2020 4535; x_wconf 67' lang='lat' dir='ltr'><strong>adhzerct,</strong></span> <span class='ocrx_word' id='word_1_646' title='bbox 2055 4480 2183 4523; x_wconf 87' lang='lat' dir='ltr'><strong>raro</strong></span> <span class='ocrx_word' id='word_1_647' title='bbox 2213 4464 2505 4526; x_wconf 85' lang='lat' dir='ltr'><strong>admodum</strong></span> <span class='ocrx_word' id='word_1_648' title='bbox 2528 4464 2596 4519; x_wconf 90' lang='lat' dir='ltr'><strong>ad</strong></span> <span class='ocrx_word' id='word_1_649' title='bbox 2630 4464 2821 4521; x_wconf 83' lang='lat' dir='ltr'><strong>civiles</strong></span> <span class='ocrx_word' id='word_1_650' title='bbox 2850 4465 2996 4532; x_wconf 81' lang='lat' dir='ltr'><strong>leges</strong></span> <span class='ocrx_word' id='word_1_651' title='bbox 3031 4464 3361 4535; x_wconf 88' lang='lat' dir='ltr'><strong>digrediens.</strong></span> <span class='ocrx_word' id='word_1_652' title='bbox 3401 4463 3539 4520; x_wconf 86' lang='lat' dir='ltr'><strong>Hinc</strong></span> <span class='ocrx_word' id='word_1_653' title='bbox 3574 4466 3673 4532; x_wconf 73' lang='lat' dir='ltr'><strong>;llt,</strong></span> 
     </span>
    </p>
   </div>
   <div class='ocr_carea' id='block_1_49' title="bbox 408 4552 3677 4636">
    <p class='ocr_par' dir='ltr' id='par_1_49' title="bbox 408 4552 3677 4636">
     <span class='ocr_line' id='line_1_49' title="bbox 408 4552 3677 4636; baseline -0.003 -17"><span class='ocrx_word' id='word_1_654' title='bbox 408 4566 557 4636; x_wconf 88' lang='lat' dir='ltr'><strong>quod</strong></span> <span class='ocrx_word' id='word_1_655' title='bbox 588 4563 879 4618; x_wconf 87' lang='lat' dir='ltr'><strong>Balsamon</strong></span> <span class='ocrx_word' id='word_1_656' title='bbox 908 4570 1080 4616; x_wconf 88' lang='lat' dir='ltr'><strong>totum</strong></span> <span class='ocrx_word' id='word_1_657' title='bbox 1110 4559 1337 4615; x_wconf 68' lang='lat' dir='ltr'><strong>Zonaraz</strong></span> <span class='ocrx_word' id='word_1_658' title='bbox 1370 4557 1826 4614; x_wconf 81' lang='lat' dir='ltr'><strong>commentarium</strong></span> <span class='ocrx_word' id='word_1_659' title='bbox 1860 4558 2089 4613; x_wconf 91' lang='lat' dir='ltr'><strong>totidem</strong></span> <span class='ocrx_word' id='word_1_660' title='bbox 2118 4569 2511 4624; x_wconf 88' lang='lat' dir='ltr'><strong>nonnunquam</strong></span> <span class='ocrx_word' id='word_1_661' title='bbox 2542 4553 2727 4609; x_wconf 85' lang='lat' dir='ltr'><strong>verbis</strong></span> <span class='ocrx_word' id='word_1_662' title='bbox 2752 4554 3118 4622; x_wconf 75' lang='lat' dir='ltr'><strong>transcribet;</strong></span> <span class='ocrx_word' id='word_1_663' title='bbox 3149 4552 3483 4623; x_wconf 78' lang='lat' dir='ltr'><strong>superﬂuum</strong></span> <span class='ocrx_word' id='word_1_664' title='bbox 3515 4555 3677 4608; x_wconf 85' lang='lat' dir='ltr'><strong>nimi-</strong></span> 
     </span>
    </p>
   </div>
   <div class='ocr_carea' id='block_1_50' title="bbox 411 4642 3675 4723">
    <p class='ocr_par' dir='ltr' id='par_1_50' title="bbox 411 4642 3675 4723">
     <span class='ocr_line' id='line_1_50' title="bbox 411 4642 3675 4723; baseline -0.003 -14"><span class='ocrx_word' id='word_1_665' title='bbox 411 4669 532 4709; x_wconf 85' lang='lat' dir='ltr'><strong>rum</strong></span> <span class='ocrx_word' id='word_1_666' title='bbox 553 4652 832 4723; x_wconf 87' lang='lat' dir='ltr'><strong>jndicans,</strong></span> <span class='ocrx_word' id='word_1_667' title='bbox 858 4650 964 4706; x_wconf 86' lang='lat' dir='ltr'><strong>alia</strong></span> <span class='ocrx_word' id='word_1_668' title='bbox 994 4648 1223 4706; x_wconf 65' lang='lat' dir='ltr'><strong>Zonarm</strong></span> <span class='ocrx_word' id='word_1_669' title='bbox 1248 4646 1411 4703; x_wconf 88' lang='lat' dir='ltr'><strong>dictis</strong></span> <span class='ocrx_word' id='word_1_670' title='bbox 1443 4645 1666 4711; x_wconf 86' lang='lat' dir='ltr'><strong>addere,</strong></span> <span class='ocrx_word' id='word_1_671' title='bbox 1708 4659 1831 4701; x_wconf 84' lang='lat' dir='ltr'><strong>cum</strong></span> <span class='ocrx_word' id='word_1_672' title='bbox 1875 4644 2011 4700; x_wconf 84' lang='lat' dir='ltr'><strong>nihil</strong></span> <span class='ocrx_word' id='word_1_673' title='bbox 2042 4647 2097 4699; x_wconf 88' lang='lat' dir='ltr'><strong>in</strong></span> <span class='ocrx_word' id='word_1_674' title='bbox 2136 4644 2231 4698; x_wconf 90' lang='lat' dir='ltr'><strong>tali</strong></span> <span class='ocrx_word' id='word_1_675' title='bbox 2264 4656 2476 4699; x_wconf 88' lang='lat' dir='ltr'><strong>canone</strong></span> <span class='ocrx_word' id='word_1_676' title='bbox 2521 4650 2803 4706; x_wconf 84' lang='lat' dir='ltr'><strong>occurrat,</strong></span> <span class='ocrx_word' id='word_1_677' title='bbox 2836 4643 2904 4697; x_wconf 89' lang='lat' dir='ltr'><strong>de</strong></span> <span class='ocrx_word' id='word_1_678' title='bbox 2944 4656 3054 4710; x_wconf 85' lang='lat' dir='ltr'><strong>quo</strong></span> <span class='ocrx_word' id='word_1_679' title='bbox 3083 4656 3148 4696; x_wconf 84' lang='lat' dir='ltr'><strong>ex</strong></span> <span class='ocrx_word' id='word_1_680' title='bbox 3186 4642 3398 4710; x_wconf 77' lang='lat' dir='ltr'><strong>legibus</strong></span> <span class='ocrx_word' id='word_1_681' title='bbox 3440 4642 3675 4713; x_wconf 88' lang='lat' dir='ltr'><strong>politicis</strong></span> 
     </span>
    </p>
   </div>
   <div class='ocr_carea' id='block_1_51' title="bbox 409 4728 3663 4811">
    <p class='ocr_par' dir='ltr' id='par_1_51' title="bbox 409 4728 3663 4811">
     <span class='ocr_line' id='line_1_51' title="bbox 409 4728 3663 4811; baseline -0.004 -13"><span class='ocrx_word' id='word_1_682' title='bbox 409 4751 465 4798; x_wconf 90' lang='lat' dir='ltr'><strong>et</strong></span> <span class='ocrx_word' id='word_1_683' title='bbox 523 4740 895 4811; x_wconf 87' lang='lat' dir='ltr'><strong>imperiiiabus</strong></span> <span class='ocrx_word' id='word_1_684' title='bbox 940 4736 1423 4795; x_wconf 88' lang='lat' dir='ltr'><strong>constitutionibus</strong></span> <span class='ocrx_word' id='word_1_685' title='bbox 1450 4733 1750 4805; x_wconf 79' lang='lat' dir='ltr'><strong>disputatio</strong></span> <span class='ocrx_word' id='word_1_686' title='bbox 1784 4733 2129 4800; x_wconf 81' lang='lat' dir='ltr'><strong>instituatur,</strong></span> <span class='ocrx_word' id='word_1_687' title='bbox 2183 4731 2290 4787; x_wconf 87' lang='lat' dir='ltr'><strong>hoc</strong></span> <span class='ocrx_word' id='word_1_688' title='bbox 2316 4740 2423 4798; x_wconf 90' lang='lat' dir='ltr'><strong>est,</strong></span> <span class='ocrx_word' id='word_1_689' title='bbox 2467 4730 2602 4785; x_wconf 91' lang='lat' dir='ltr'><strong>nihil</strong></span> <span class='ocrx_word' id='word_1_690' title='bbox 2630 4728 2778 4800; x_wconf 88' lang='lat' dir='ltr'><strong>quod</strong></span> <span class='ocrx_word' id='word_1_691' title='bbox 2811 4730 2879 4785; x_wconf 89' lang='lat' dir='ltr'><strong>ad</strong></span> <span class='ocrx_word' id='word_1_692' title='bbox 2910 4744 3069 4786; x_wconf 88' lang='lat' dir='ltr'><strong>suum</strong></span> <span class='ocrx_word' id='word_1_693' title='bbox 3102 4730 3442 4799; x_wconf 91' lang='lat' dir='ltr'><strong>propositum</strong></span> <span class='ocrx_word' id='word_1_694' title='bbox 3488 4731 3663 4801; x_wconf 88' lang='lat' dir='ltr'><strong>perti-</strong></span> 
     </span>
    </p>
   </div>
   <div class='ocr_carea' id='block_1_52' title="bbox 412 4817 3672 4894">
    <p class='ocr_par' dir='ltr' id='par_1_52' title="bbox 412 4817 3672 4894">
     <span class='ocr_line' id='line_1_52' title="bbox 412 4817 3672 4894; baseline -0.005 -8"><span class='ocrx_word' id='word_1_695' title='bbox 412 4838 559 4886; x_wconf 86' lang='lat' dir='ltr'><strong>neat.</strong></span> <span class='ocrx_word' id='word_1_696' title='bbox 584 4830 830 4885; x_wconf 84' lang='lat' dir='ltr'><strong>Snbinde</strong></span> <span class='ocrx_word' id='word_1_697' title='bbox 857 4829 1025 4885; x_wconf 86' lang='lat' dir='ltr'><strong>etiam</strong></span> <span class='ocrx_word' id='word_1_698' title='bbox 1056 4826 1285 4882; x_wconf 63' lang='lat' dir='ltr'><strong>Zonaras</strong></span> <span class='ocrx_word' id='word_1_699' title='bbox 1328 4822 1840 4894; x_wconf 86' lang='lat' dir='ltr'><strong>interpretationem</strong></span> <span class='ocrx_word' id='word_1_700' title='bbox 1880 4821 2058 4878; x_wconf 84' lang='lat' dir='ltr'><strong>celato</strong></span> <span class='ocrx_word' id='word_1_701' title='bbox 2099 4820 2322 4875; x_wconf 85' lang='lat' dir='ltr'><strong>nomine</strong></span> <span class='ocrx_word' id='word_1_702' title='bbox 2356 4818 2721 4888; x_wconf 80' lang='lat' dir='ltr'><strong>perstringit;</strong></span> <span class='ocrx_word' id='word_1_703' title='bbox 2757 4832 2935 4887; x_wconf 87' lang='lat' dir='ltr'><strong>neque</strong></span> <span class='ocrx_word' id='word_1_704' title='bbox 2987 4817 3140 4873; x_wconf 88' lang='lat' dir='ltr'><strong>ullibi</strong></span> <span class='ocrx_word' id='word_1_705' title='bbox 3172 4817 3293 4888; x_wconf 88' lang='lat' dir='ltr'><strong>ejus</strong></span> <span class='ocrx_word' id='word_1_706' title='bbox 3337 4819 3672 4873; x_wconf 89' lang='lat' dir='ltr'><strong>mentionem</strong></span> 
     </span>
    </p>
   </div>
   <div class='ocr_carea' id='block_1_53' title="bbox 412 4909 3681 4991">
    <p class='ocr_par' dir='ltr' id='par_1_53' title="bbox 412 4909 3681 4991">
     <span class='ocr_line' id='line_1_53' title="bbox 412 4909 3681 4991; baseline -0.004 -16"><span class='ocrx_word' id='word_1_707' title='bbox 412 4920 568 4984; x_wconf 82' lang='lat' dir='ltr'><strong>iacit,</strong></span> <span class='ocrx_word' id='word_1_708' title='bbox 599 4928 964 4991; x_wconf 73' lang='lat' dir='ltr'><strong>praeterquam</strong></span> <span class='ocrx_word' id='word_1_709' title='bbox 990 4914 1405 4974; x_wconf 75' lang='lat' dir='ltr'><strong>commentariis</strong></span> <span class='ocrx_word' id='word_1_710' title='bbox 1427 4913 1496 4969; x_wconf 90' lang='lat' dir='ltr'><strong>ad</strong></span> <span class='ocrx_word' id='word_1_711' title='bbox 1513 4913 1803 4983; x_wconf 82' lang='lat' dir='ltr'><strong>epistolam</strong></span> <span class='ocrx_word' id='word_1_712' title='bbox 1827 4911 2149 4967; x_wconf 85' lang='lat' dir='ltr'><strong>canonicam</strong></span> <span class='ocrx_word' id='word_1_713' title='bbox 2170 4910 2348 4966; x_wconf 85' lang='lat' dir='ltr'><strong>sancti</strong></span> <span class='ocrx_word' id='word_1_714' title='bbox 2369 4909 2651 4965; x_wconf 82' lang='lat' dir='ltr'><strong>Athanasii</strong></span> <span class='ocrx_word' id='word_1_715' title='bbox 2685 4910 2752 4963; x_wconf 87' lang='lat' dir='ltr'><strong>ad</strong></span> <span class='ocrx_word' id='word_1_716' title='bbox 2776 4909 3052 4974; x_wconf 83' lang='lat' dir='ltr'><strong>Ammnm,</strong></span> <span class='ocrx_word' id='word_1_717' title='bbox 3078 4910 3168 4965; x_wconf 84' lang='lat' dir='ltr'><strong>ubi</strong></span> <span class='ocrx_word' id='word_1_718' title='bbox 3186 4924 3310 4965; x_wconf 91' lang='lat' dir='ltr'><strong>eum</strong></span> <span class='ocrx_word' id='word_1_719' title='bbox 3334 4916 3491 4965; x_wconf 90' lang='lat' dir='ltr'><strong>voeat</strong></span> <span class='ocrx_word' id='word_1_720' title='bbox 3510 4909 3681 4981; x_wconf 82' lang='grc' dir='ltr'>ὕπερ-</span> 
     </span>
    </p>
   </div>
   <div class='ocr_carea' id='block_1_54' title="bbox 412 4996 2014 5081">
    <p class='ocr_par' dir='ltr' id='par_1_54' title="bbox 412 5001 2014 5081">
     <span class='ocr_line' id='line_1_54' title="bbox 412 5001 2014 5081; baseline -0.008 -16"><span class='ocrx_word' id='word_1_721' title='bbox 412 5011 717 5081; x_wconf 75' lang='grc' dir='ltr'>φυιστατον</span> <span class='ocrx_word' id='word_1_722' title='bbox 777 5010 988 5062; x_wconf 74' lang='grc' dir='ltr'>ἐκεῖνον</span> <span class='ocrx_word' id='word_1_723' title='bbox 1025 5006 1307 5075; x_wconf 71' lang='grc' dir='ltr'>Ζωναρίν,</span> <span class='ocrx_word' id='word_1_724' title='bbox 1335 5018 1538 5057; x_wconf 89' lang='lat' dir='ltr'><strong>summe</strong></span> <span class='ocrx_word' id='word_1_725' title='bbox 1589 5001 2014 5056; x_wconf 69' lang='lat' dir='ltr'><strong>mellentissimt</strong></span> 
     </span>
    </p>
   </div>
   <div class='ocr_carea' id='block_1_55' title="bbox 2075 4996 3677 5081">
    <p class='ocr_par' dir='ltr' id='par_1_55' title="bbox 2075 4996 3677 5067">
     <span class='ocr_line' id='line_1_55' title="bbox 2075 4996 3677 5067; baseline -0.002 -15"><span class='ocrx_word' id='word_1_726' title='bbox 2075 5016 2091 5052; x_wconf 86' lang='grc' dir='ltr'><strong>ι</strong></span> <span class='ocrx_word' id='word_1_727' title='bbox 2120 4999 2274 5055; x_wconf 87' lang='lat' dir='ltr'><strong>illum</strong></span> <span class='ocrx_word' id='word_1_728' title='bbox 2322 4996 2616 5063; x_wconf 85' lang='lat' dir='ltr'><strong>Zonarum,</strong></span> <span class='ocrx_word' id='word_1_729' title='bbox 2649 5011 2887 5067; x_wconf 90' lang='lat' dir='ltr'><strong>eumque</strong></span> <span class='ocrx_word' id='word_1_730' title='bbox 2941 4998 3140 5051; x_wconf 89' lang='lat' dir='ltr'><strong>dictam</strong></span> <span class='ocrx_word' id='word_1_731' title='bbox 3174 4996 3461 5067; x_wconf 87' lang='lat' dir='ltr'><strong>epistolam</strong></span> <span class='ocrx_word' id='word_1_732' title='bbox 3496 4996 3677 5067; x_wconf 80' lang='grc' dir='ltr'>σοφῶς</span> 
     </span>
    </p>
   </div>
   <div class='ocr_carea' id='block_1_56' title="bbox 412 5082 2014 5170">
    <p class='ocr_par' dir='ltr' id='par_1_56' title="bbox 412 5090 2014 5170">
     <span class='ocr_line' id='line_1_56' title="bbox 412 5090 2014 5170; baseline -0.007 -17"><span class='ocrx_word' id='word_1_733' title='bbox 412 5102 510 5154; x_wconf 78' lang='grc' dir='ltr'>καὶ</span> <span class='ocrx_word' id='word_1_734' title='bbox 550 5095 908 5170; x_wconf 75' lang='grc' dir='ltr'>ὑπερδιξίως,</span> <span class='ocrx_word' id='word_1_735' title='bbox 932 5095 1029 5150; x_wconf 76' lang='grc' dir='ltr'>καὶ</span> <span class='ocrx_word' id='word_1_736' title='bbox 1048 5094 1125 5158; x_wconf 87' lang='grc' dir='ltr'>ὼς</span> <span class='ocrx_word' id='word_1_737' title='bbox 1144 5094 1247 5147; x_wconf 78' lang='grc' dir='ltr'>οὐκ</span> <span class='ocrx_word' id='word_1_738' title='bbox 1281 5092 1350 5148; x_wconf 76' lang='grc' dir='ltr'>ἄν</span> <span class='ocrx_word' id='word_1_739' title='bbox 1382 5107 1464 5156; x_wconf 84' lang='grc' dir='ltr'><strong>τις</strong></span> <span class='ocrx_word' id='word_1_740' title='bbox 1496 5090 1846 5161; x_wconf 83' lang='grc' dir='ltr'>κρειττόνως,</span> <span class='ocrx_word' id='word_1_741' title='bbox 1877 5090 2014 5157; x_wconf 73' lang='lat' dir='ltr'><strong>sapic</strong></span> 
     </span>
    </p>
   </div>
   <div class='ocr_carea' id='block_1_57' title="bbox 2078 5082 3680 5170">
    <p class='ocr_par' dir='ltr' id='par_1_57' title="bbox 2078 5082 3680 5154">
     <span class='ocr_line' id='line_1_57' title="bbox 2078 5082 3680 5154; baseline -0.002 -14"><span class='ocrx_word' id='word_1_742' title='bbox 2078 5096 2166 5152; x_wconf 72' lang='lat' dir='ltr'><strong>ter,</strong></span> <span class='ocrx_word' id='word_1_743' title='bbox 2192 5092 2242 5140; x_wconf 83' lang='lat' dir='ltr'><strong>et</strong></span> <span class='ocrx_word' id='word_1_744' title='bbox 2268 5084 2654 5154; x_wconf 84' lang='lat' dir='ltr'><strong>peraptissime,</strong></span> <span class='ocrx_word' id='word_1_745' title='bbox 2683 5090 2840 5154; x_wconf 84' lang='lat' dir='ltr'><strong>atque</strong></span> <span class='ocrx_word' id='word_1_746' title='bbox 2881 5083 2959 5138; x_wconf 87' lang='lat' dir='ltr'><strong>ita</strong></span> <span class='ocrx_word' id='word_1_747' title='bbox 2991 5096 3048 5138; x_wconf 83' lang='lat' dir='ltr'><strong>ut</strong></span> <span class='ocrx_word' id='word_1_748' title='bbox 3079 5097 3231 5137; x_wconf 85' lang='lat' dir='ltr'><strong>nemo</strong></span> <span class='ocrx_word' id='word_1_749' title='bbox 3270 5082 3479 5151; x_wconf 87' lang='lat' dir='ltr'><strong>melius,</strong></span> <span class='ocrx_word' id='word_1_750' title='bbox 3514 5084 3680 5138; x_wconf 85' lang='lat' dir='ltr'><strong>inter-</strong></span> 
     </span>
    </p>
   </div>
   <div class='ocr_carea' id='block_1_58' title="bbox 413 5184 3655 5258">
    <p class='ocr_par' dir='ltr' id='par_1_58' title="bbox 413 5184 3655 5258">
     <span class='ocr_line' id='line_1_58' title="bbox 413 5184 3655 5258; baseline -0.001 -17"><span class='ocrx_word' id='word_1_751' title='bbox 413 5196 565 5258; x_wconf 83' lang='lat' dir='ltr'><strong>preta</strong></span> <span class='ocrx_word' id='word_1_752' title='bbox 575 5198 684 5241; x_wconf 90' lang='lat' dir='ltr'><strong>tum</strong></span> <span class='ocrx_word' id='word_1_753' title='bbox 716 5200 842 5241; x_wconf 86' lang='lat' dir='ltr'><strong>esse</strong></span> <span class='ocrx_word' id='word_1_754' title='bbox 868 5184 1127 5238; x_wconf 81' lang='lat' dir='ltr'><strong>allirmat.</strong></span> <span class='ocrx_word' id='word_1_755' title='bbox 2854 5257 2859 5258; x_wconf 13' lang='grc' dir='ltr'><strong>γ</strong></span> <span class='ocrx_word' id='word_1_756' title='bbox 3046 5257 3054 5258; x_wconf 14' lang='lat'><em>7</em></span> <span class='ocrx_word' id='word_1_757' title='bbox 3636 5225 3655 5258; x_wconf 13' lang='grc' dir='ltr'><strong>ί.</strong></span> 
     </span>
    </p>
   </div>
   <div class='ocr_carea' id='block_1_59' title="bbox 485 5257 3680 5342">
    <p class='ocr_par' dir='ltr' id='par_1_59' title="bbox 485 5257 3680 5342">
     <span class='ocr_line' id='line_1_59' title="bbox 485 5257 3680 5342; baseline -0.005 -14"><span class='ocrx_word' id='word_1_758' title='bbox 485 5275 628 5342; x_wconf 84' lang='lat' dir='ltr'><strong>Quin</strong></span> <span class='ocrx_word' id='word_1_759' title='bbox 677 5273 842 5329; x_wconf 83' lang='lat' dir='ltr'><strong>etiam</strong></span> <span class='ocrx_word' id='word_1_760' title='bbox 886 5270 1181 5326; x_wconf 65' lang='lat' dir='ltr'><strong>Mattheus</strong></span> <span class='ocrx_word' id='word_1_761' title='bbox 1220 5268 1493 5325; x_wconf 85' lang='lat' dir='ltr'><strong>Blastares</strong></span> <span class='ocrx_word' id='word_1_762' title='bbox 1517 5266 1752 5322; x_wconf 66' lang='lat' dir='ltr'><strong>Zonaras</strong></span> <span class='ocrx_word' id='word_1_763' title='bbox 1796 5262 2008 5319; x_wconf 75' lang='lat' dir='ltr'><strong>scholia</strong></span> <span class='ocrx_word' id='word_1_764' title='bbox 2050 5260 2288 5316; x_wconf 83' lang='lat' dir='ltr'><strong>subinde</strong></span> <span class='ocrx_word' id='word_1_765' title='bbox 2350 5259 2505 5323; x_wconf 87' lang='lat' dir='ltr'><strong>citat,</strong></span> <span class='ocrx_word' id='word_1_766' title='bbox 2542 5258 2762 5313; x_wconf 85' lang='lat' dir='ltr'><strong>nomine</strong></span> <span class='ocrx_word' id='word_1_767' title='bbox 2790 5257 2957 5313; x_wconf 90' lang='lat' dir='ltr'><strong>etiam</strong></span> <span class='ocrx_word' id='word_1_768' title='bbox 3008 5257 3132 5327; x_wconf 89' lang='lat' dir='ltr'><strong>ejus</strong></span> <span class='ocrx_word' id='word_1_769' title='bbox 3176 5272 3569 5326; x_wconf 80' lang='lat' dir='ltr'><strong>nonnunquam</strong></span> <span class='ocrx_word' id='word_1_770' title='bbox 3612 5257 3680 5311; x_wconf 90' lang='lat' dir='ltr'><strong>iis</strong></span> 
     </span>
    </p>
   </div>
   <div class='ocr_carea' id='block_1_60' title="bbox 416 5344 2018 5436">
    <p class='ocr_par' dir='ltr' id='par_1_60' title="bbox 416 5355 1997 5436">
     <span class='ocr_line' id='line_1_60' title="bbox 416 5355 1997 5436; baseline -0.008 -16"><span class='ocrx_word' id='word_1_771' title='bbox 416 5365 659 5436; x_wconf 63' lang='lat' dir='ltr'><strong>praeﬁxo,</strong></span> <span class='ocrx_word' id='word_1_772' title='bbox 694 5372 753 5418; x_wconf 90' lang='lat' dir='ltr'><strong>ut</strong></span> <span class='ocrx_word' id='word_1_773' title='bbox 785 5363 867 5418; x_wconf 93' lang='lat' dir='ltr'><strong>lit.</strong></span> <span class='ocrx_word' id='word_1_774' title='bbox 902 5360 967 5429; x_wconf 88' lang='lat' dir='ltr'><strong>E,</strong></span> <span class='ocrx_word' id='word_1_775' title='bbox 990 5375 1112 5429; x_wconf 87' lang='lat' dir='ltr'><strong>cap.</strong></span> <span class='ocrx_word' id='word_1_776' title='bbox 1143 5360 1205 5414; x_wconf 86' lang='grc'><strong>11</strong></span> <span class='ocrx_word' id='word_1_777' title='bbox 1234 5376 1250 5413; x_wconf 90' lang='lat'><strong>:</strong></span> <span class='ocrx_word' id='word_1_778' title='bbox 1282 5358 1346 5412; x_wconf 82' lang='lat' dir='ltr'><strong>El</strong></span> <span class='ocrx_word' id='word_1_779' title='bbox 1397 5359 1579 5428; x_wconf 83' lang='grc' dir='ltr'>μήπου</span> <span class='ocrx_word' id='word_1_780' title='bbox 1630 5371 1719 5418; x_wconf 83' lang='grc' dir='ltr'><strong>τις</strong></span> <span class='ocrx_word' id='word_1_781' title='bbox 1773 5355 1942 5420; x_wconf 78' lang='grc' dir='ltr'>εἴποι,</span> <span class='ocrx_word' id='word_1_782' title='bbox 1968 5355 1997 5407; x_wconf 83' lang='grc' dir='ltr'>ὁ</span> 
     </span>
    </p>
   </div>
   <div class='ocr_carea' id='block_1_61' title="bbox 2076 5344 3678 5436">
    <p class='ocr_par' dir='ltr' id='par_1_61' title="bbox 2076 5344 3678 5421">
     <span class='ocr_line' id='line_1_61' title="bbox 2076 5344 3678 5421; baseline -0.004 -18"><span class='ocrx_word' id='word_1_783' title='bbox 2076 5349 2324 5421; x_wconf 70' lang='grc' dir='ltr'>τερφυὴς</span> <span class='ocrx_word' id='word_1_784' title='bbox 2372 5348 2432 5402; x_wconf 78' lang='grc' dir='ltr'>δὲ</span> <span class='ocrx_word' id='word_1_785' title='bbox 2477 5346 2638 5401; x_wconf 81' lang='grc' dir='ltr'>τοῦτό</span> <span class='ocrx_word' id='word_1_786' title='bbox 2666 5364 2801 5417; x_wconf 82' lang='grc' dir='ltr'>φησι</span> <span class='ocrx_word' id='word_1_787' title='bbox 2856 5348 3138 5417; x_wconf 81' lang='grc' dir='ltr'>Ζωναρᾶς,</span> <span class='ocrx_word' id='word_1_788' title='bbox 3172 5344 3257 5400; x_wconf 87' lang='lat' dir='ltr'><strong>Ne</strong></span> <span class='ocrx_word' id='word_1_789' title='bbox 3310 5345 3447 5414; x_wconf 86' lang='lat' dir='ltr'><strong>forte</strong></span> <span class='ocrx_word' id='word_1_790' title='bbox 3485 5345 3678 5398; x_wconf 70' lang='lat' dir='ltr'><strong>dixerit</strong></span> 
     </span>
    </p>
   </div>
   <div class='ocr_carea' id='block_1_62' title="bbox 416 5436 3681 5524">
    <p class='ocr_par' dir='ltr' id='par_1_62' title="bbox 416 5436 3681 5524">
     <span class='ocr_line' id='line_1_62' title="bbox 416 5436 3681 5524; baseline -0.005 -19"><span class='ocrx_word' id='word_1_791' title='bbox 416 5454 702 5524; x_wconf 74' lang='lat' dir='ltr'><strong>quispiam,</strong></span> <span class='ocrx_word' id='word_1_792' title='bbox 734 5452 953 5522; x_wconf 84' lang='lat' dir='ltr'><strong>insignis</strong></span> <span class='ocrx_word' id='word_1_793' title='bbox 988 5460 1164 5503; x_wconf 80' lang='lat' dir='ltr'><strong>autem</strong></span> <span class='ocrx_word' id='word_1_794' title='bbox 1195 5448 1292 5501; x_wconf 81' lang='lat' dir='ltr'><strong>hoc</strong></span> <span class='ocrx_word' id='word_1_795' title='bbox 1329 5446 1460 5500; x_wconf 84' lang='lat' dir='ltr'><strong>dicit</strong></span> <span class='ocrx_word' id='word_1_796' title='bbox 1490 5443 1756 5509; x_wconf 86' lang='lat' dir='ltr'><strong>Zonaras,</strong></span> <span class='ocrx_word' id='word_1_797' title='bbox 1790 5442 2001 5498; x_wconf 86' lang='lat' dir='ltr'><strong>scilicet</strong></span> <span class='ocrx_word' id='word_1_798' title='bbox 2038 5444 2093 5497; x_wconf 90' lang='lat' dir='ltr'><strong>in</strong></span> <span class='ocrx_word' id='word_1_799' title='bbox 2127 5456 2253 5513; x_wconf 83' lang='lat' dir='ltr'><strong>syn.</strong></span> <span class='ocrx_word' id='word_1_800' title='bbox 2283 5438 2545 5496; x_wconf 82' lang='lat' dir='ltr'><strong>Cbalced.</strong></span> <span class='ocrx_word' id='word_1_801' title='bbox 2579 5454 2705 5495; x_wconf 90' lang='lat' dir='ltr'><strong>can.</strong></span> <span class='ocrx_word' id='word_1_802' title='bbox 2734 5438 2827 5493; x_wconf 74' lang='lat'><strong>‘28.</strong></span> <span class='ocrx_word' id='word_1_803' title='bbox 2861 5438 3014 5493; x_wconf 80' lang='lat' dir='ltr'><strong>Alias</strong></span> <span class='ocrx_word' id='word_1_804' title='bbox 3047 5451 3173 5524; x_wconf 76' lang='lat' dir='ltr'><strong>raro</strong></span> <span class='ocrx_word' id='word_1_805' title='bbox 3226 5436 3534 5524; x_wconf 84' lang='lat' dir='ltr'><strong>invenimus</strong></span> <span class='ocrx_word' id='word_1_806' title='bbox 3562 5436 3681 5524; x_wconf 77' lang='lat' dir='ltr'><strong>haec</strong></span> 
     </span>
    </p>
   </div>
   <div class='ocr_carea' id='block_1_63' title="bbox 417 5521 3681 5603">
    <p class='ocr_par' dir='ltr' id='par_1_63' title="bbox 417 5521 3681 5603">
     <span class='ocr_line' id='line_1_63' title="bbox 417 5521 3681 5603; baseline -0.006 -8"><span class='ocrx_word' id='word_1_807' title='bbox 417 5521 649 5597; x_wconf 67' lang='lat' dir='ltr'><strong>Zonaras</strong></span> <span class='ocrx_word' id='word_1_808' title='bbox 706 5521 1097 5596; x_wconf 84' lang='lat' dir='ltr'><strong>commentaria</strong></span> <span class='ocrx_word' id='word_1_809' title='bbox 1146 5538 1217 5591; x_wconf 90' lang='lat' dir='ltr'><strong>ab</strong></span> <span class='ocrx_word' id='word_1_810' title='bbox 1264 5532 1559 5603; x_wconf 83' lang='lat' dir='ltr'><strong>antiquiori</strong></span> <span class='ocrx_word' id='word_1_811' title='bbox 1593 5531 1778 5602; x_wconf 86' lang='lat' dir='ltr'><strong>aliquo</strong></span> <span class='ocrx_word' id='word_1_812' title='bbox 1824 5529 2076 5596; x_wconf 63' lang='lat' dir='ltr'><strong>laudata;</strong></span> <span class='ocrx_word' id='word_1_813' title='bbox 2114 5528 2216 5585; x_wconf 85' lang='lat' dir='ltr'><strong>nisi</strong></span> <span class='ocrx_word' id='word_1_814' title='bbox 2252 5529 2397 5599; x_wconf 89' lang='lat' dir='ltr'><strong>quod</strong></span> <span class='ocrx_word' id='word_1_815' title='bbox 2435 5541 2740 5596; x_wconf 74' lang='lat' dir='ltr'><strong>aiionymus</strong></span> <span class='ocrx_word' id='word_1_816' title='bbox 2780 5525 3003 5594; x_wconf 83' lang='lat' dir='ltr'><strong>quidam</strong></span> <span class='ocrx_word' id='word_1_817' title='bbox 3042 5539 3073 5579; x_wconf 84' lang='lat' dir='ltr'><strong>a</strong></span> <span class='ocrx_word' id='word_1_818' title='bbox 3111 5523 3294 5585; x_wconf 85' lang='lat' dir='ltr'><strong>Leone</strong></span> <span class='ocrx_word' id='word_1_819' title='bbox 3346 5522 3568 5589; x_wconf 78' lang='lat' dir='ltr'><strong>Aliatio,</strong></span> <span class='ocrx_word' id='word_1_820' title='bbox 3606 5521 3681 5577; x_wconf 83' lang='lat' dir='ltr'><strong>De</strong></span> 
     </span>
    </p>
   </div>
   <div class='ocr_carea' id='block_1_64' title="bbox 422 5610 3682 5700">
    <p class='ocr_par' dir='ltr' id='par_1_64' title="bbox 422 5610 3682 5700">
     <span class='ocr_line' id='line_1_64' title="bbox 422 5610 3682 5700; baseline -0.005 -17"><span class='ocrx_word' id='word_1_821' title='bbox 422 5641 677 5700; x_wconf 82' lang='lat' dir='ltr'><strong>perpetua</strong></span> <span class='ocrx_word' id='word_1_822' title='bbox 718 5628 1063 5685; x_wconf 78' lang='lat' dir='ltr'><strong>consensione</strong></span> <span class='ocrx_word' id='word_1_823' title='bbox 1090 5624 1345 5679; x_wconf 62' lang='lat' dir='ltr'><strong>Ecclesia</strong></span> <span class='ocrx_word' id='word_1_824' title='bbox 1377 5620 1739 5679; x_wconf 77' lang='lat' dir='ltr'><strong>Occidentalis</strong></span> <span class='ocrx_word' id='word_1_825' title='bbox 1773 5628 1824 5674; x_wconf 87' lang='lat' dir='ltr'><strong>et</strong></span> <span class='ocrx_word' id='word_1_826' title='bbox 1861 5617 2182 5685; x_wconf 83' lang='lat' dir='ltr'><strong>Orientalis,</strong></span> <span class='ocrx_word' id='word_1_827' title='bbox 2211 5615 2307 5672; x_wconf 83' lang='lat' dir='ltr'><strong>lib.</strong></span> <span class='ocrx_word' id='word_1_828' title='bbox 2340 5630 2401 5681; x_wconf 90' lang='lat' dir='ltr'><strong>tt,</strong></span> <span class='ocrx_word' id='word_1_829' title='bbox 2430 5629 2553 5685; x_wconf 85' lang='lat' dir='ltr'><strong>cap.</strong></span> <span class='ocrx_word' id='word_1_830' title='bbox 2584 5615 2675 5677; x_wconf 82' lang='grc'>10,</span> <span class='ocrx_word' id='word_1_831' title='bbox 2707 5615 2928 5679; x_wconf 85' lang='lat' dir='ltr'><strong>citatus,</strong></span> <span class='ocrx_word' id='word_1_832' title='bbox 3117 5612 3184 5668; x_wconf 84' lang='lat' dir='ltr'><strong>de</strong></span> <span class='ocrx_word' id='word_1_833' title='bbox 3214 5611 3283 5667; x_wconf 87' lang='lat' dir='ltr'><strong>iis</strong></span> <span class='ocrx_word' id='word_1_834' title='bbox 3308 5613 3507 5700; x_wconf 85' lang='lat' dir='ltr'><strong>habent</strong></span> <span class='ocrx_word' id='word_1_835' title='bbox 3536 5610 3682 5700; x_wconf 54' lang='grc' dir='ltr'><strong>ετξ·</strong></span> 
     </span>
    </p>
   </div>
   <div class='ocr_carea' id='block_1_65' title="bbox 418 5697 3681 5782">
    <p class='ocr_par' dir='ltr' id='par_1_65' title="bbox 418 5697 3681 5782">
     <span class='ocr_line' id='line_1_65' title="bbox 418 5697 3681 5782; baseline -0.007 -9"><span class='ocrx_word' id='word_1_836' title='bbox 418 5697 671 5782; x_wconf 73' lang='grc' dir='ltr'>λευταῖος</span> <span class='ocrx_word' id='word_1_837' title='bbox 718 5718 775 5771; x_wconf 75' lang='grc' dir='ltr'>δὲ</span> <span class='ocrx_word' id='word_1_838' title='bbox 822 5716 1046 5769; x_wconf 79' lang='grc' dir='ltr'>πάντων</span> <span class='ocrx_word' id='word_1_839' title='bbox 1093 5713 1189 5767; x_wconf 80' lang='grc' dir='ltr'>καὶ</span> <span class='ocrx_word' id='word_1_840' title='bbox 1237 5713 1267 5766; x_wconf 82' lang='grc' dir='ltr'><strong>ὁ</strong></span> <span class='ocrx_word' id='word_1_841' title='bbox 1304 5709 1619 5780; x_wconf 77' lang='grc' dir='ltr'>θαυμαστὸς</span> <span class='ocrx_word' id='word_1_842' title='bbox 1660 5708 1922 5778; x_wconf 81' lang='grc' dir='ltr'>Ζωναρᾶς</span> <span class='ocrx_word' id='word_1_843' title='bbox 1975 5705 2210 5775; x_wconf 74' lang='grc' dir='ltr'>μουσικὸς</span> <span class='ocrx_word' id='word_1_844' title='bbox 2254 5703 2513 5773; x_wconf 79' lang='grc' dir='ltr'>Ἰωάννης</span> <span class='ocrx_word' id='word_1_845' title='bbox 2557 5702 2684 5766; x_wconf 79' lang='grc' dir='ltr'>τοὺς</span> <span class='ocrx_word' id='word_1_846' title='bbox 2715 5700 2897 5765; x_wconf 84' lang='grc' dir='ltr'>Θείους</span> <span class='ocrx_word' id='word_1_847' title='bbox 2950 5700 3048 5753; x_wconf 76' lang='grc' dir='ltr'>καὶ</span> <span class='ocrx_word' id='word_1_848' title='bbox 3080 5699 3263 5772; x_wconf 70' lang='grc' dir='ltr'>ἱεροὺς</span> <span class='ocrx_word' id='word_1_849' title='bbox 3308 5698 3543 5760; x_wconf 79' lang='grc' dir='ltr'>κανόνας</span> <span class='ocrx_word' id='word_1_850' title='bbox 3569 5697 3681 5751; x_wconf 87' lang='grc' dir='ltr'><strong>τῶν</strong></span> 
     </span>
    </p>
   </div>
   <div class='ocr_carea' id='block_1_66' title="bbox 426 5784 3682 5875">
    <p class='ocr_par' dir='ltr' id='par_1_66' title="bbox 426 5784 3682 5875">
     <span class='ocr_line' id='line_1_66' title="bbox 426 5784 3682 5875; baseline -0.006 -14"><span class='ocrx_word' id='word_1_851' title='bbox 426 5809 600 5875; x_wconf 82' lang='grc' dir='ltr'>ἁγίων</span> <span class='ocrx_word' id='word_1_852' title='bbox 650 5806 746 5863; x_wconf 73' lang='grc' dir='ltr'>καὶ</span> <span class='ocrx_word' id='word_1_853' title='bbox 810 5802 1191 5875; x_wconf 73' lang='grc' dir='ltr'>πανιυφήμων</span> <span class='ocrx_word' id='word_1_854' title='bbox 1231 5798 1569 5870; x_wconf 71' lang='grc' dir='ltr'>ἀποστόλων,</span> <span class='ocrx_word' id='word_1_855' title='bbox 1634 5797 1729 5853; x_wconf 75' lang='grc' dir='ltr'>καὶ</span> <span class='ocrx_word' id='word_1_856' title='bbox 1789 5795 1898 5851; x_wconf 81' lang='grc' dir='ltr'><strong>τῶν</strong></span> <span class='ocrx_word' id='word_1_857' title='bbox 1942 5794 2087 5851; x_wconf 69' lang='grc' dir='ltr'>ἑπτὰ</span> <span class='ocrx_word' id='word_1_858' title='bbox 2136 5794 2309 5866; x_wconf 79' lang='grc' dir='ltr'>ἁγίων</span> <span class='ocrx_word' id='word_1_859' title='bbox 2389 5788 2791 5864; x_wconf 75' lang='grc' dir='ltr'>οἰκουμενικῶν</span> <span class='ocrx_word' id='word_1_860' title='bbox 2845 5788 3101 5858; x_wconf 81' lang='grc' dir='ltr'>συνόδων,</span> <span class='ocrx_word' id='word_1_861' title='bbox 3150 5790 3244 5846; x_wconf 79' lang='grc' dir='ltr'>καί</span> <span class='ocrx_word' id='word_1_862' title='bbox 3299 5789 3519 5846; x_wconf 84' lang='grc' dir='ltr'>πάντων</span> <span class='ocrx_word' id='word_1_863' title='bbox 3570 5784 3682 5857; x_wconf 78' lang='grc' dir='ltr'><strong>τῶν</strong></span> 
     </span>
    </p>
   </div>
  </div>
