4056 6414
354 379 424 447 99
1399 388 1609 453 GUIL.
1637 381 2056 449 BEVEREGII
2096 385 2510 449 PBEFATIO.
3547 384 3619 447 30

355 497 530 567 ἁγίων
580 497 848 570 Πατέρων
885 501 919 569 ή
931 500 1049 570 μῶν
1083 500 1424 568 σαφέστατα
1445 504 1540 556 καὶ
1571 501 1949 556 εὐλαϐέστατα
1994 498 2434 571 ἐξηγησάμενος.
2468 498 2563 554 καὶ
2597 496 2838 570 οὐδαμοῦ
2876 497 2969 552 sint
2995 497 3189 552 adadv
3214 497 3289 562 ὡς
3319 495 3612 567 ὀρθόδοξον

351 586 609 656 ὠνόμασε
637 601 654 619 ⁶
712 586 916 656 μᾶλλον
952 587 1008 641 δὲ
1051 589 1147 641 καὶ
1174 588 1252 658 τῷ
1292 589 1594 658 ἀναθέματι
1649 589 2025 642 καθυπέίαλεν
2064 592 2190 652 τοὺς
2243 589 2310 642 τὰ
2351 589 2474 658 ὅρια
2526 587 2786 657 Πατέρων
2845 587 3196 649 σαλεύοντας,
3230 587 3325 639 καὶ
3356 585 3620 654 ἀθέτησιν

353 673 654 738 ποιοῦντας
676 673 789 728 τῶν
821 674 984 729 Θιίων
1014 676 1281 732 κανόνων.
1314 675 1568 734 Omnium
1601 691 1722 731 vero
1770 688 1955 744 postret

2011 695 2086 744 tta,
2115 687 2164 733 et
2220 676 2554 732 admirabilis
2590 676 2681 730 ille
2727 673 2968 730 Joannes
3006 673 3248 728 Zonaras
3301 673 3613 737 monachus,

353 766 565 822 diuinos
596 784 888 839 sacrosque
917 785 1144 826 canones
1175 784 1483 830 sanctorum
1526 781 1574 828 et
1607 773 1994 842 pet-illustrium
2033 773 2419 842 apostolorum,
2471 781 2522 827 et
2558 783 2751 838 septem
2799 780 3106 825 sanctarum
3151 771 3600 824 tecttmenieorum

351 857 703 923 synodorunt.
735 868 786 912 et
829 861 1066 914 omnium
1112 872 1419 916 sanctorum
1450 862 1673 915 Patrum
1727 870 2052 924 nostrorum,
2086 862 2380 915 clarissim
2409 870 2458 914 et
2488 861 2725 928 piissime
2767 859 3170 936 interpretatus,
3212 859 3359 910 nullo
3407 857 3461 910 in
3499 856 3614 908 loco

356 959 556 1010 papam
589 944 942 999 orthodoantm
973 948 1173 1001 uocauit
1199 963 1219 1002 :
1253 950 1341 1002 sed
1372 965 1460 1003 eos
1493 949 1689 1015 potius,
1725 949 1814 1018 qui
1848 951 2099 1003 terminos
2138 949 2364 1002 Patrum
2407 957 2788 1009 transmosent,
2817 957 2864 999 et
2912 961 3094 999 sacros
3139 961 3366 998 canones
3399 957 3613 1013 perver-

356 1041 504 1096 lunt,
537 1033 869 1087 anathemati
910 1035 1154 1104 subjecit.
1183 1037 1263 1090 Ex
1297 1050 1408 1105 quo
1440 1046 1620 1091 tamen
1654 1051 1764 1090 uno
1799 1035 2114 1091 testimonio
2146 1036 2278 1090 satis
2309 1034 2528 1090 abunde
2569 1043 2810 1102 constat,
2837 1033 3026 1105 quanti
3072 1033 3188 1089 haec
3221 1047 3490 1086 canonum
3516 1044 3618 1084 ex-

355 1118 558 1188 positio
591 1135 622 1173 α
653 1119 864 1178 Joanne
895 1121 1109 1176 Zonora
1133 1122 1439 1188 elaborata,
1476 1124 1620 1193 apud
1651 1122 1872 1178 Graecos
1891 1139 2024 1179 suos
2045 1122 2316 1176 aestimata
2357 1122 2545 1176 fuerit.

426 1207 588 1272 Quod
614 1211 681 1264 ad
713 1210 925 1279 priores
961 1211 1155 1265 borum
1188 1209 1416 1266 Zonaras
1439 1212 1492 1265 in
1525 1226 1770 1266 canones
1795 1212 2310 1266 commentariorum
2359 1209 2628 1266 editiones
2669 1217 2902 1278 spectat,
2931 1206 3109 1278 primo
3152 1207 3371 1276 quidem
3402 1204 3609 1262 scholia

353 1297 474 1362 eius
503 1297 558 1350 in
586 1312 830 1355 canones
861 1301 1234 1368 apostolorum
1268 1301 1378 1355 sola
1413 1299 1612 1355 Latine
1665 1315 1824 1355 versa
1849 1311 1904 1354 et
1929 1301 1986 1354 in
2018 1299 2191 1354 lucem
2224 1298 2422 1353 emissa
2454 1309 2582 1353 sunt
2619 1313 2763 1353 anno
2801 1297 3012 1352 Domini
3052 1295 3192 1352 1558
3222 1311 3318 1364 per
3344 1293 3608 1349 Joannem

356 1383 712 1452 Quintinum,
750 1387 804 1440 in
833 1387 1124 1443 Academia
1153 1386 1447 1442 Parisiensi
1475 1388 1614 1456 juris
1636 1389 1886 1442 canonici
1930 1395 2061 1443 tunc
2086 1388 2355 1459 temporis
2385 1389 2778 1456 professorem.
2818 1388 3014 1442 Postea
3047 1387 3316 1440 Antonius
3350 1384 3606 1438 Salmatia

353 1475 788 1528 commentarios
844 1475 961 1545 ejus
987 1477 1150 1530 etiam
1195 1477 1249 1529 in
1305 1491 1543 1530 canones
1569 1477 1924 1530 conciliorum
1970 1477 2164 1530 Latine
2197 1493 2383 1532 versos
2445 1477 2614 1531 edidit
2649 1476 2958 1551 Mediolani,
3008 1489 3153 1528 anno
3200 1473 3410 1527 Domini
3445 1472 3606 1526 1618.

359 1557 574 1614 Latinae
605 1562 765 1630 cujus
811 1563 1049 1617 versioni
1087 1566 1451 1634 typographus
1483 1563 1814 1618 Pa‘risiensis
1836 1564 2086 1619 Graecum
2122 1566 2284 1618 etiam
2327 1574 2530 1619 textum
2555 1581 2620 1619 ex
2649 1565 2839 1618 codice
2875 1578 2978 1617 ms.
3015 1563 3066 1616 in
3102 1561 3428 1615 bibliotheca
3465 1564 3608 1628 regis

350 1647 814 1704 Christianissimi
845 1659 1088 1717 erutum,
1116 1652 1344 1718 addidit,
1368 1660 1423 1706 et
1449 1652 1724 1721 evulgavit
1749 1652 1974 1705 Lutetia:
1998 1651 2331 1706 Parisiorum
2363 1668 2504 1706 anno
2531 1653 2742 1706 Domini
2772 1651 2930 1706 l6l8.
2965 1649 3072 1704 Sed
3095 1650 3272 1702 adhuc
3303 1649 3608 1701 desiderata

348 1746 516 1792 erant
543 1739 938 1792 commentaria
962 1739 1082 1808 ejus
1115 1740 1167 1793 in
1200 1741 1494 1794 canonicas
1530 1751 1844 1794 sanctorum
1882 1739 2103 1794 Patrum
2146 1741 2425 1809 epistolas,
2465 1754 2582 1807 quae
2614 1749 2902 1810 propterea
2949 1739 3150 1791 ibidem
3183 1737 3448 1804 impressa
3477 1745 3606 1788 sunt

346 1839 457 1879 una
488 1840 611 1879 cum
639 1826 698 1880 S.
719 1826 970 1895 Gregorii
999 1826 1461 1885 Neocmsariensis
1502 1829 1621 1883 sive
1648 1827 2066 1900 Thaumaturgi,
2098 1828 2317 1882 Macarii
2347 1826 2615 1898 Egyptii,
2643 1835 2697 1880 et
2739 1826 2923 1880 Basilii
2961 1825 3122 1880 1622.
3158 1823 3308 1878 Adeo
3337 1832 3396 1875 ut
3423 1822 3607 1877 omnia

347 1912 582 1968 Zonaras
609 1914 661 1968 in
702 1930 942 1970 canones
972 1918 1387 1980 commentaria,
1422 1925 1548 1972 ante
1578 1918 1718 1972 hanc
1749 1927 1990 1973 nostram
2030 1932 2218 1971 eorum
2251 1917 2546 1970 editionem
2572 1913 2964 1978 Oxouiensem,
2999 1912 3160 1968 simul
3187 1910 3436 1980 nuspiam
3477 1923 3605 1976 pro-

343 2001 574 2054 dierint.
606 2001 685 2054 Ad
713 2003 854 2057 hanc
887 2013 1070 2058 autem
1107 2004 1482 2059 exornandam
1526 2005 1843 2067 editionem,
1872 2020 1985 2059 non
2033 2005 2196 2058 modo
2223 2003 2561 2058 variantibus
2617 2002 2937 2057 lectionibus
2966 2016 3034 2056 ex
3090 2002 3276 2056 codice
3308 1998 3527 2054 lienrici
3565 1997 3605 2053 ll

343 2089 656 2159 insignibus
684 2101 902 2159 ornato,
935 2103 989 2147 et
1020 2109 1083 2147 ex
1118 2095 1286 2148 altero
1325 2094 1415 2148 illo
1443 2094 1674 2162 Augusti
1701 2094 1974 2160 Gallandi,
2009 2094 2064 2148 in
2117 2091 2415 2146 Parisieusi
2455 2090 2577 2144 foro
2605 2088 2877 2156 advocati,
2911 2092 2963 2142 in
2999 2090 3372 2158 supplemento
3407 2087 3472 2140 ad
3508 2085 3612 2138 Pa-

345 2179 637 2234 risiensem
667 2180 958 2236 editionem
981 2182 1242 2243 collectis.
1273 2183 1356 2236 usi
1389 2199 1597 2249 sumus,
1631 2200 1820 2238 verum
1851 2185 2016 2238 etiam
2041 2180 2350 2236 consultum
2381 2179 2580 2234 ivimus
2612 2179 2893 2248 antiquum
2927 2192 3030 2230 ms.
3058 2177 3299 2231 codicem
3330 2177 3381 2229 in
3413 2175 3609 2230 biblio-

345 2267 510 2321 theca
553 2279 738 2322 nostra
776 2269 1096 2333 Bodleiana,
1125 2286 1235 2340 quo
1263 2287 1454 2325 omnes
1487 2273 1759 2327 habentur
1787 2271 2162 2344 apostolorum
2188 2284 2427 2324 canones
2474 2284 2578 2322 una
2611 2283 2731 2321 cum
2764 2266 2991 2320 Zonarze
3014 2275 3069 2320 et
3091 2264 3431 2319 Balsatnouis
3457 2278 3609 2317 com-

346 2356 639 2410 mentariis
662 2357 728 2410 iis
749 2358 1002 2412 annexis.
1030 2355 1256 2411 Summo
1288 2369 1470 2413 autem
1504 2370 1829 2414 ornamento
1851 2361 1978 2414 huic
1997 2367 2206 2413 nostra;
2238 2357 2461 2412 editioni
2494 2355 2621 2419 fuit,
2658 2356 2827 2410 codex
2855 2355 2944 2408 ille
2974 2353 3446 2407 Amerhachianus
3476 2362 3605 2404 ante

341 2453 836 2507 commemoratus,
859 2460 924 2498 ex
960 2461 1068 2514 quo
1106 2446 1380 2502 variantes
1419 2448 1684 2502 lectiones
1710 2463 1808 2515 per
1837 2450 2093 2502 universa
2127 2447 2356 2501 Zonaras
2395 2461 2502 2500 non
2534 2459 2694 2500 secus
2722 2460 2786 2499 ac
2815 2444 3158 2499 Baisamonis
3182 2441 3603 2502 commentaria,

346 2531 691 2586 clarissimus
719 2532 824 2597 vir,
852 2530 979 2587 Joh.
1008 2531 1146 2587 Rod.
1181 2529 1521 2590 Wetstenius
1548 2538 1916 2605 supradictus,
1954 2538 2239 2592 nobiscum
2267 2537 2676 2592 communicare
2699 2536 2953 2605 dignatus
2981 2544 3088 2590 est.
3114 2534 3324 2598 Quibus
3354 2530 3608 2586 omnibus

342 2618 634 2673 codicibus
669 2635 880 2674 summa
918 2622 1197 2690 diligentia
1229 2632 1283 2676 et
1305 2622 1568 2678 ﬁdelitate
1597 2624 1740 2678 inter
1769 2639 1829 2680 se
1858 2624 2094 2692 collatis,
2125 2625 2367 2693 perfecta
2394 2623 2614 2679 tandem
2647 2631 2702 2677 et
2725 2623 2994 2694 completa
3031 2621 3256 2677 Joannis
3283 2620 3511 2674 Zonaras
3548 2619 3605 2671 in

341 2720 541 2761 omnes
571 2709 966 2776 apostolorum,
1004 2710 1386 2776 conciliorum,
1423 2723 1478 2765 et
1509 2709 1732 2764 Patrum
1763 2728 1999 2768 canones
2029 2712 2442 2775 commentaria,
2476 2727 2581 2765 una
2613 2726 2738 2765 cum
2789 2711 3061 2780 prioribus
3096 2710 3306 2765 Latinis
3331 2708 3604 2764 versioui-

341 2793 472 2858 bus,
501 2797 599 2850 sed
622 2795 930 2851 innumeris
950 2797 1008 2851 in
1029 2797 1163 2853 locis
1196 2800 1519 2864 emendatis,
1550 2809 1604 2852 et
1626 2799 1817 2855 Graeco
1842 2802 2014 2857 textui
2046 2801 2204 2872 longe
2246 2801 2835 2856 accommodatior-ibus
2866 2801 3105 2857 edimus.

421 2914 555 2970 Post
587 2905 923 2972 Balsamonis
956 2927 1010 2972 et
1046 2916 1273 2974 Zonarae
1305 2922 1717 2985 commentaria,
1748 2921 1984 2992 epitome
2021 2923 2283 2993 cujusque
2332 2922 2580 2985 canonis,
2635 2929 2690 2976 et
2740 2919 2914 2974 Alexii
2965 2917 3204 2974 Arisleni
3260 2915 3313 2971 in
3362 2913 3606 2969 eamdem

342 3002 565 3057 scholia
591 3005 697 3058 hoc
723 3019 891 3072 opere
921 3007 1272 3064 exhibentur.
1305 3007 1580 3074 Quantum
1612 3010 1786 3079 primo
1818 3010 1882 3063 ad
1919 3025 2186 3065 canunnm
2237 3009 2510 3081 epitomen
2562 3018 2794 3080 spectat,
2842 3023 2905 3063 ea
2952 3008 3146 3079 partim
3188 3007 3240 3060 in
3284 3003 3607 3058 Bibliotheca

341 3091 500 3146 luris
551 3094 794 3147 canonici
851 3096 1036 3150 ueteris
1095 3096 1239 3150 edita
1281 3106 1387 3162 est,
1445 3097 1605 3167 idque
1657 3098 1760 3154 sub
1792 3099 1964 3169 ipsius
1990 3098 2166 3154 Alexii
2207 3099 2448 3154 Aristeni
2482 3099 2722 3164 nomine,
2777 3097 3003 3168 perinde
3047 3095 3302 3150 nimirum
3353 3108 3418 3148 ac
3472 3092 3517 3147 si
3561 3092 3607 3146 is

343 3183 618 3252 epitomes
646 3185 802 3240 istius
829 3195 1020 3240 auctor
1053 3185 1263 3241 fuisset.
1302 3185 1407 3241 Sed
1445 3187 1614 3242 multa
1650 3198 1798 3255 sunt,
1830 3203 1949 3259 qua:
1983 3187 2070 3243 isti
2101 3188 2339 3258 Opinioni
2374 3185 2736 3257 refragantur.
2775 3186 2975 3241 Eadem
3007 3184 3151 3238 enim
3181 3182 3440 3252 epitome,
3480 3179 3608 3235 licet

342 3270 454 3325 alio
482 3271 838 3327 conciliorum
870 3272 1063 3328 ordine
1094 3274 1404 3340 observato,
1435 3276 1598 3330 etiam
1630 3273 1886 3347 Symeoni
1919 3275 2231 3348 Logothetze
2259 3278 2312 3331 in
2357 3276 2545 3332 eadem
2595 3276 2928 3331 Bibliotheca
2980 3271 3316 3330 attribuitur.
3372 3270 3445 3324 At
3489 3267 3604 3321 veri

347 3373 578 3428 prorsus
607 3359 875 3416 dissimile
906 3369 1012 3427 est,
1043 3371 1101 3416 ut
1132 3364 1294 3418 ambo
1328 3378 1569 3419 canones
1600 3364 1651 3418 in
1684 3363 1955 3433 epitomen
1984 3366 2289 3438 redigentes
2321 3366 2375 3419 in
2420 3365 2609 3421 eadem
2645 3364 2810 3418 verba
2845 3361 3244 3429 conspirarent.
3287 3357 3395 3412 Nec
3449 3357 3606 3410 video

345 3445 599 3514 quidem,
634 3463 740 3517 quo
767 3449 891 3517 jure
920 3448 1033 3504 haec
1063 3451 1310 3520 epitome
1346 3452 1543 3505 utrivis
1572 3467 1760 3506 eorum
1804 3453 2127 3507 ascribatur.
2158 3453 2303 3508 Sane
2351 3451 2542 3506 Alexio
2585 3451 2840 3506 Aristeno
2889 3448 3091 3505 ascribi
3148 3447 3356 3516 nequit,
3407 3444 3605 3514 quippe

345 3535 443 3604 qui
478 3549 600 3589 eam
632 3551 1021 3605 nonnunquam
1059 3537 1356 3605 redarguit,
1405 3548 1458 3592 et
1490 3550 1771 3594 auctorem
1813 3539 1952 3606 ejus,
2001 3540 2311 3610 quicunque
2369 3541 2582 3596 demum
2641 3540 2687 3596 is
2735 3538 2919 3604 fuerit,
2970 3551 3236 3592 canonem
3294 3549 3400 3588 non
3460 3541 3605 3587 recte

345 3621 686 3678 intellexisse
741 3622 956 3687 asserit,
1019 3633 1080 3678 ut
1137 3624 1194 3677 in
1255 3624 1481 3679 scholiis
1531 3626 1648 3696 ejus
1706 3628 1771 3680 ad
1834 3627 2102 3696 epitomen
2146 3627 2371 3683 canonis
2433 3627 2712 3696 apostolici
2767 3641 2908 3681 Lxxv
2960 3625 3113 3692 dicit,
3142 3623 3203 3678 '0
3233 3624 3324 3678 τὸν
3358 3621 3603 3693 παρόντα

345 3711 646 3780 move-titiam;
669 3710 871 3764 κανόνα
899 3711 960 3764 οὔ
1016 3709 1202 3777 καλῶς
1240 3712 1430 3766 τοῦτον
1461 3714 1672 3784 ἐνόησε,
1706 3714 1812 3780 Qui
1849 3733 1943 3786 syn

2001 3716 2096 3768 tsin
2135 3717 2410 3783 prwscntis
2446 3716 2662 3769 canonis
2693 3716 2841 3784 fecit,
2872 3730 2988 3768 eum
3022 3729 3124 3766 non
3156 3712 3279 3766 bene
3304 3708 3557 3764 intellexit
3586 3722 3603 3761 :

343 3810 396 3852 et
431 3802 496 3853 ad
521 3802 798 3868 epitomen
826 3800 1210 3855 undevicesimi
1245 3802 1469 3856 canonis
1497 3805 1684 3872 synodi
1718 3804 1945 3874 Ancyra:

2001 3845 2011 3867 ,
2040 3805 2134 3864 ait,
2180 3803 2238 3858 Ὀ
2265 3804 2399 3872 γοῦν
2440 3804 2732 3874 συνοψίσας
2759 3803 2849 3856 τὸν
2876 3802 3120 3871 παρόντα
3149 3799 3351 3853 κανόνα
3380 3798 3472 3850 τὸν
3507 3795 3603 3865 μὲν

345 3888 402 3939 ὲν
439 3887 918 3957 πλάτεικειμενον
952 3888 1264 3958 ἀφορισμὺν
1295 3889 1406 3942 τῶν
1435 3889 1803 3960 διγάμων,τῷ
1847 3891 2132 3946 ἀθετοῦντι
2182 3892 2282 3965 τὴν
2319 3894 2628 3964 παρθενίαν
2674 3892 3016 3966 παρέδραμε,
3075 3888 3179 3956 Qui
3217 3887 3377 3958 hujus
3431 3886 3606 3950 itaque

343 3978 570 4031 canonis
605 3978 856 4045 synopsin
897 3975 1042 4044 fecit,
1073 3979 1405 4046 digamorum
1440 3981 1851 4049 segregotionem
1887 3980 1944 4034 in
1973 3981 2263 4036 latitudine
2295 3985 2520 4048 positam
2552 3983 2604 4036 in
2652 3999 2771 4037 eum
2803 3982 2894 4051 qui
2921 3980 3194 4034 caelibatus
3229 3975 3604 4045 professionem

342 4067 562 4118 irritam
610 4066 754 4135 fecit,
798 4066 1096 4120 transtulit.
1132 4065 1282 4120 Adeo
1311 4077 1370 4120 ut
1413 4067 1530 4123 sole
1561 4068 1862 4122 meridiano
1888 4069 2087 4123 clarius
2122 4069 2417 4136 elucescat,
2462 4071 2709 4125 Alexium
2769 4070 3079 4125 Aristeuum
3123 4065 3284 4136 hujus
3332 4074 3602 4119 canonum

343 4155 623 4222 cpitomes
659 4161 938 4208 auctorem
975 4167 1082 4210 non
1113 4154 1308 4211 fuisse.

415 4263 682 4330 Quisnam
714 4263 898 4333 itaque
926 4264 1188 4331 epitomes
1217 4264 1379 4334 hujus
1411 4267 1525 4321 sive
1566 4264 1992 4321 abbreviationis
2023 4279 2291 4319 canonum
2323 4273 2516 4320 auctor
2545 4262 2668 4325 fuit,
2714 4263 2894 4318 minus
2931 4271 3267 4328 compertum
3317 4257 3602 4312 habemus.

343 4350 460 4406 Hoc
493 4351 684 4405 saltem
722 4361 974 4405 constare
1006 4352 1243 4418 videtur,
1284 4354 1426 4423 quod
1459 4338 1524 4408 ea
1573 4356 1661 4407 diu
1710 4366 1834 4410 ante
1880 4354 2188 4407 Aristeuum
2243 4352 2519 4407 memoriae
2561 4351 2907 4407 sublevanda».
2966 4364 3126 4404 causa
3177 4345 3426 4402 confecta
3482 4341 3601 4406 fttit,

345 4451 515 4507 atque
551 4439 688 4493 adeo
717 4447 778 4492 ut
807 4454 1194 4509 nonnunquam
1241 4445 1408 4495 totius
1440 4443 1681 4509 cujusvis
1731 4443 1958 4496 canonis
1990 4442 2163 4494 vicem
2203 4439 2496 4508 suppleret,
2545 4437 2771 4507 ejusque
2824 4437 2943 4493 loco
2989 4439 3272 4490 citaretur.
3316 4431 3483 4498 Cujus
3525 4430 3601 4484 rei

342 4529 561 4582 illustre
585 4526 848 4580 habemus
878 4528 1182 4593 exemplum
1219 4528 1269 4580 in
1303 4527 1508 4583 Nicolai
1544 4529 1866 4599 Hydruutini
1899 4529 2012 4599 (qui
2044 4529 2145 4582 sub
2173 4528 2361 4582 Alexio
2388 4527 2596 4594 Angelo
2621 4523 2822 4596 ﬂoruit)
2858 4525 3064 4580 scholio
3103 4539 3169 4578 ex
3197 4521 3378 4575 Leone
3406 4519 3604 4572 Allalio

343 4615 602 4684 superius
631 4614 819 4678 citato,
851 4616 994 4682 quod
1027 4614 1106 4667 sic
1136 4615 1347 4686 incipit,
1385 4615 1609 4685 Σχό).ιον
1656 4617 1930 4671 Νικολάου

1991 4615 2291 4687 ῐδροῦντος,
2325 4616 2454 4687 περὶ
2483 4614 2811 4669 Κελεστίνου
2874 4612 2969 4666 καὶ
3029 4609 3330 4666 Κελεστίου
3395 4607 3593 4659 παπῶν

352 4703 604 4772 Ῥώμης.
674 4699 736 4754 Ὀ
771 4701 1044 4771 εὑρίσκων
1078 4701 1136 4754 ἐν
1184 4703 1264 4773 τῷ
1303 4703 1448 4756 τέλει
1487 4703 1579 4756 τοῦ
1614 4707 1879 4773 τετάρτου
1922 4705 2168 4768 κανόνος,
2204 4705 2302 4775 τῆς
2353 4705 2411 4756 ὲν
2473 4701 2687 4771 Ἐφέσῳ
2743 4700 2909 4769 ἁγίας
2971 4699 3214 4762 συνόδου,
3248 4696 3447 4758 οἵτινες
3492 4692 3600 4744 τῶν

343 4790 632 4861 κληρικῶν
678 4789 1062 4863 Κελεστενῳῆ
1122 4789 1403 4860 Νεστηρέῳ
1469 4793 1931 4863 συμφρονήσωσιν
2005 4791 2355 4862 καθαιρετέοι
2391 4831 2406 4852 ,
2479 4791 2554 4861 μὴ
2617 4787 3045 4858 ἀναγινωσκέτω
3097 4783 3410 4852 Κελεστίνῳ
3459 4778 3601 4853 μετὰ

340 4879 440 4932 τοῦ
478 4896 537 4944 ν,
567 4876 704 4929 ἀλλὰ
743 4877 1024 4946 Κελεστίῳ
1079 4879 1252 4950 χωρὶς
1308 4880 1401 4931 τοῦ
1452 4897 1508 4933 ν.
1557 4880 1625 4932 'U
1660 4881 1770 4950 γὰρ
1817 4880 2141 4942 Κελεστῖνος
2172 4879 2329 4947 ἅγιος
2366 4874 2436 4951 ἦν
2467 4879 2564 4932 καὶ
2629 4875 2912 4946 ὀρθόδοξος
2959 4877 3148 4938 nam;
3195 4873 3441 4942 Ῥώμης.
3484 4869 3512 4920 ὁ
3544 4867 3602 4920 δὲ

344 4967 642 5026 Κελέστιος
675 4958 743 5035 ἦν
770 4965 1070 5035 αἱρετικὸς.
1101 4964 1368 5021 Scholium
1419 4966 1630 5020 Nicoloi
1670 4967 1946 5039 Ilydruuti.

2031 4967 2093 5020 de
2125 4966 2385 5021 Celestino
2416 4975 2464 5021 et
2501 4966 2724 5020 Celestio
2750 4965 2903 5034 papis'
2935 4961 3210 5017 Romanis.
3239 4960 3344 5026 Qui
3389 4955 3599 5028 oﬂ'endit

345 5055 404 5107 in
440 5055 549 5122 [ine
583 5053 763 5121 quarti
791 5054 1011 5106 canonis
1047 5065 1245 5109 sancta’
1277 5055 1556 5125 Ephesium
1585 5057 1797 5126 synodi,
1831 5056 2037 5120 clerici,
2072 5055 2163 5124 qui
2215 5055 2490 5109 Celestino
2528 5054 2644 5109 sive
2697 5053 2946 5108 Nestorio
2980 5050 3379 5111 consenserint,
3432 5045 3600 5113 depo-

345 5140 537 5206 nendi,
569 5157 632 5193 ne
662 5141 802 5209 legat
835 5139 1093 5196 Celestino
1128 5159 1244 5195 cum
1275 5160 1331 5209 n,
1360 5147 1449 5198 sed
1486 5144 1707 5199 (.‘elestio
1734 5145 1846 5198 sine
1875 5161 1928 5197 n.
1967 5141 2214 5214 Namque
2244 5140 2543 5198 Celestinus
2573 5153 2788 5198 sanctus
2837 5150 2950 5195 erat
3001 5149 3051 5194 et
3096 5137 3422 5194 orthodoxus
3461 5150 3602 5206 papa

342 5227 549 5294 Ποντίαν,
581 5225 837 5282 Celestius
867 5244 1045 5283 autem
1069 5230 1358 5285 hereticus.
1389 5231 1491 5285 Ista
1524 5232 1665 5287 enim
1697 5234 1882 5298 verba,
1909 5235 1944 5287 0'

1995 5248 2133 5296 τινες
2165 5235 2274 5285 τῶν
2304 5231 2587 5303 κληρικῶν
2633 5231 2947 5302 Κελεστὶνῳ
2981 5231 3012 5301 ἢ
3043 5227 3322 5299 Νεστορεῳ
3347 5240 3597 5296 συμφρο-

345 5318 616 5386 νήσωσιν,
649 5315 1020 5385 καθαιρετέοι,
1053 5317 1106 5372 in
1139 5317 1258 5386 ipso
1285 5329 1484 5389 quarto
1511 5333 1718 5375 canone
1747 5321 1936 5388 synodi

1997 5319 2269 5391 Ephesius!
2315 5336 2422 5376 non
2472 5322 2856 5388 inveniuntur;
2909 5321 3003 5376 sed
3046 5319 3101 5375 in
3157 5319 3393 5388 epitome
3441 5313 3599 5366 istius

344 5402 574 5459 canonis
607 5417 769 5473 quam
802 5404 890 5458 hic
919 5403 1260 5471 exhibemus,
1291 5406 1516 5460 totidem
1549 5407 1730 5462 verbis
1758 5409 2042 5478 leguntur;
2068 5407 2175 5464 nisi
2207 5411 2350 5477 quod
2377 5425 2473 5479 pro
2503 5409 2561 5463 οἵ
2589 5425 2759 5476 τινες,
2795 5410 2850 5464 in
2881 5417 3071 5464 nostro
3100 5406 3288 5462 codice
3326 5400 3595 5456 levissima

344 5492 654 5546 mutatione
683 5493 958 5548 scribatur
987 5492 1038 5546 st
1064 5508 1229 5556 τινες.
1275 5493 1432 5549 Unde
1461 5495 1640 5564 palam
1676 5506 1761 5552 est
1797 5498 1967 5566 ipsam
2001 5498 2271 5565 epitomen
2311 5496 2400 5551 hic
2429 5497 2609 5562 citari,
2643 5497 2805 5567 idque
2837 5500 2940 5552 sub
2971 5499 3189 5551 nomine
3222 5493 3388 5548 totius
3428 5503 3597 5541 cano-

345 5581 450 5634 nis.
485 5579 638 5635 Adeo
666 5589 724 5633 ut
755 5581 872 5636 haec
900 5593 1169 5636 canonum
1209 5582 1460 5652 synopsis
1503 5581 1639 5651 legis
1680 5584 1852 5638 vicem
1882 5586 1951 5640 iis
1981 5584 2320 5654 supplevisse
2368 5585 2642 5651 videatur,
2691 5586 2888 5656 quibus
2934 5584 3132 5654 inteng
3180 5594 3418 5638 canones
3453 5575 3598 5632 haud

346 5677 550 5736 prasto
571 5675 779 5723 essent.
806 5667 874 5722 Et
902 5668 1051 5734 hinc,
1086 5669 1140 5723 ni
1167 5668 1344 5733 fallor,
1376 5679 1482 5736 est,
1513 5673 1656 5740 quod
1689 5687 1831 5728 nunc
1858 5673 2036 5729 Alexii
2069 5675 2332 5739 Aristoni,
2362 5689 2506 5730 nunc
2527 5674 2820 5747 Symeonis
2845 5673 3182 5743 Logotbetaz,
3219 5680 3273 5724 et
3307 5664 3598 5736 aliquando

345 5755 573 5809 forsitan
605 5755 842 5812 aliorum
877 5757 1096 5811 nomina
1131 5757 1233 5813 sibi
1262 5757 1518 5830 inscripta
1552 5759 1770 5828 habeat,
1801 5776 1832 5815 a
1865 5761 2062 5830 quibus
2090 5763 2156 5816 ad
2205 5763 2474 5831 privatum
2524 5777 2684 5818 usum
2737 5763 3013 5832 descripta
3059 5759 3178 5814 fuit.
3226 5757 3320 5813 Vel
3367 5753 3594 5812 forsitan

345 5844 488 5912 quod
548 5843 785 5915 Synteou
846 5844 1167 5915 Logothcta,
1227 5859 1332 5904 non
1387 5847 1570 5906 minus
1618 5863 1778 5915 quam
1837 5849 2058 5908 Alexius
2119 5850 2427 5915 Aristenus.
2481 5848 2689 5908 scholia
2746 5850 2799 5908 in
2857 5863 2994 5906 eam
3026 5846 3215 5918 edidit,
3270 5860 3391 5917 qua:
3430 5841 3594 5900 modo
