4056 6442
416 383 477 449 31
842 383 849 388 ’
1490 387 1699 451 GUIL.
1743 390 2164 454 BEVEREGII
2196 389 2609 454 PPCEFATIO.
3603 388 3676 451 33

422 501 728 572 perierunt.
786 502 855 559 Et
898 517 1000 561 nos
1049 505 1195 561 enim
1242 505 1497 564 Aristoni
1534 523 1731 565 nomen
1760 511 1827 567 ad
1855 510 2125 582 epitomen
2159 523 2226 569 eo
2258 518 2467 566 tantum
2508 507 2727 565 nomine
2780 509 3133 582 prteﬂximns,
3187 506 3332 581 quod
3401 503 3494 562 ille
3546 519 3665 561 eam

419 590 811 657 interpretatus
842 600 947 647 est.
2174 584 2184 595 ’
3420 600 3425 603 ’

500 679 663 733 Istam
692 690 871 733 autem
898 681 1179 751 antiquam
1207 697 1475 740 canonum
1507 685 1973 743 abbreviationem
2002 684 2187 759 magni
2214 684 2342 741 olim
2371 682 2573 739 factam
2608 683 2799 750 fuisse,
2830 701 2897 744 ex
2924 700 2990 741 eo
3020 692 3254 751 constat,
3281 683 3426 756 quod
3450 678 3675 738 Alexins

422 764 710 821 Aristonus
741 776 954 822 tantum
988 783 1173 836 operte
1196 782 1251 825 et
1276 771 1483 827 laboris
1510 771 1563 826 in
1589 787 1652 828 ea
1684 774 2087 845 interpretanda
2113 773 2536 842 consumpserit.
2564 772 2751 844 Neque
2782 775 2929 831 enim
2959 774 3013 830 in
3047 789 3107 831 re
3138 773 3291 829 nihili
3345 786 3405 828 se
3438 781 3546 826 tam
3580 769 3671 823 diu

427 853 744 907 exercuisse
770 857 1077 913 censendus
1104 865 1209 913 est.
1258 857 1372 915 Neo
1394 873 1586 929 parum
1630 862 1760 915 huic
1792 876 1892 930 pro
1926 862 2149 932 antiqua
2196 861 2359 931 huius
2402 860 2676 930 epitomes
2724 862 3052 918 auctoritate
3103 871 3425 932 argumento
3475 858 3674 915 exinde

424 940 712 1001 accrescit.
743 943 890 1011 quod
922 944 1209 1002 Aristonus
1244 961 1363 1002 eam
1394 948 1617 1005 scholiis
1643 948 1919 1003 illustrare
1945 950 2196 1020 dignatus
2229 958 2335 1015 est,
2365 948 2533 1004 etiam
2564 960 2688 1019 post
2737 950 3011 1020 divulgata
3052 952 3266 1006 erudita
3312 951 3403 1006 illa
3447 946 3672 1005 Joannis

428 1026 666 1084 Zonaras
691 1031 745 1084 in
780 1031 1021 1102 integros
1052 1047 1291 1091 canones
1313 1039 1727 1103 commentaria,
1760 1039 2051 1096 Aristonus
2078 1037 2222 1093 enim
2255 1036 2465 1092 Zonara
2494 1037 2766 1108 posterior
2795 1038 3014 1101 claruit,
3066 1039 3158 1094 sed
3191 1037 3433 1093 anterior
3477 1035 3670 1089 Balsa-

428 1126 615 1178 mone,
647 1114 728 1167 vel
760 1116 953 1171 saltem
986 1118 1173 1172 eadem
1217 1128 1395 1174 aetate.
1442 1121 1731 1177 Balsamon
1782 1124 1925 1178 enim
1975 1137 2097 1179 eum
2141 1126 2588 1180 commemoravit
2636 1125 2691 1179 in
2754 1139 2851 1180 sua
2899 1126 3039 1181 sexti
3104 1125 3325 1181 canonis
3390 1118 3670 1192 apostolici

424 1198 912 1269 interpretatione,
972 1204 1062 1258 ubi
1124 1205 1246 1269 ait,
1299 1206 1423 1261 Ὀτι
1485 1209 1582 1264 καὶ
1632 1209 1724 1263 τὸν
1769 1210 2026 1282 ὕπέρτιμι

2070 1228 2073 1249 ι
2131 1212 2342 1266 δκεῖνον
2391 1211 2488 1265 καὶ
2522 1211 2696 1282 μέγαν
2726 1211 3033 1282 οἰκονόμον,
3081 1211 3174 1266 τὸν
3218 1208 3539 1281 Ἀριστηνδν
3583 1207 3672 1261 διὰ

425 1287 923 1359 τριακονθημέρων
982 1290 1427 1363 ὲπιφωνημάτων
1479 1295 1648 1367 τριῶν
1679 1297 2071 1369 ἑπεφωνήσατο
2128 1300 2163 1370 ἠ
2222 1299 2357 1368 ἁγία
2411 1299 2630 1364 σύνοδος
2695 1300 3045 1370 ἀποσχέσθαι
3108 1300 3206 1354 τοῦ
3266 1296 3673 1354 δικαιοδοτικοῦ

425 1374 713 1443 ὀφφικίου.
746 1374 889 1431 Nam
928 1388 979 1432 et
1010 1379 1474 1446 incomparabilem
1502 1382 1679 1450 illum,
1717 1394 1765 1439 et
1801 1401 2046 1454 maguum
2076 1402 2401 1441 mouentum
2438 1386 2765 1454 Aristeaum,
2820 1388 2990 1442 tribus
3034 1388 3258 1457 publicis
3308 1402 3439 1441 xxx.
3468 1386 3673 1438 dierum

432 1462 621 1517 edictis
654 1481 686 1517 a
710 1464 854 1533 juris
882 1464 1092 1520 dicendi
1120 1468 1288 1537 oﬂicio
1317 1486 1521 1525 cessare
1547 1470 1709 1540 jussit
1740 1483 1925 1527 sancta
1976 1475 2231 1545 synodus.
2281 1472 2384 1529 Ubi
2437 1476 2604 1528 etiam
2659 1475 2942 1539 observes,
3006 1485 3211 1545 quanto
3262 1475 3352 1530 hic
3399 1473 3578 1529 ofﬁcio
3618 1471 3674 1527 in

433 1548 676 1605 Ecclesia
731 1552 1331 1623 Constaminnpolitana
1382 1555 1599 1613 {uinctus
1644 1565 1751 1623 est,
1799 1575 1923 1615 cum
1974 1576 2202 1633 magnus
2263 1562 2315 1616 in
2367 1576 2430 1617 ea
2485 1575 2800 1617 (economns
2851 1562 3051 1629 fuerit;
3108 1564 3235 1617 item
3290 1570 3496 1633 quanto
3549 1575 3672 1615 eum

429 1638 609 1708 elogio
648 1639 930 1696 Balsamon
962 1652 1142 1706 ornat,
1168 1644 1473 1716 ὑπέρτιμον
1506 1647 1784 1718 appellans
1816 1666 1831 1703 :
1870 1664 2033 1718 quam
2064 1649 2418 1707 honoriﬁcam
2451 1648 2568 1718 eius
2602 1651 2930 1707 mentionem
2983 1650 3123 1705 idem
3171 1649 3459 1704 Balsamon
3506 1648 3673 1703 etiam

430 1726 487 1780 in
540 1727 765 1782 scholiis
810 1731 928 1786 suis
955 1732 1021 1785 ad
1056 1735 1244 1801 synodi
1277 1732 1550 1791 Trnllante
1584 1752 1845 1793 canonem
1877 1739 1945 1793 37
1978 1738 2026 1793 fa

2072 1741 2127 1808 it,
2160 1742 2247 1796 bis
2278 1742 2474 1807 verbis,
2508 1740 2850 1807 Προεόάλετο
2878 1740 2985 1811 γὰρ
3030 1740 3121 1794 τὸν
3153 1737 3399 1792 τοιοῦτον
3469 1734 3674 1790 κανόνα

428 1815 458 1867 δ
493 1813 795 1887 ὑπέρημος
824 1819 1032 1882 ἐκεῖνος
1085 1819 1253 1891 κῦρος
1285 1823 1525 1889 Ἀλέξιος
1549 1824 1578 1877 ὁ
1626 1826 1946 1897 Ἀριστηνὸς
1998 1829 2139 1882 κατὰ
2166 1829 2261 1883 τοῦ
2310 1830 2616 1899 ἁγιωτάτου
2646 1829 2858 1882 ἐκείνου
2902 1828 3244 1899 πατριάρχου
3281 1822 3547 1896 Ἱεροσολύ
3560 1838 3677 1893 μων

431 1904 607 1973 κυροῦ
647 1905 788 1975 Νικη
801 1907 989 1976 φόρου.
1014 1907 1167 1964 Hunc
1188 1910 1324 1964 enim
1358 1927 1608 1967 canonem
1644 1914 2074 1982 incomporabilis
2102 1916 2193 1972 ille
2221 1918 2466 1971 dominus
2495 1918 2711 1972 Alezius
2740 1916 3017 1971 Aristenus
3051 1923 3239 1969 contra
3280 1912 3675 1967 sanctissimum

432 1992 582 2046 illum
609 1996 975 2062 patriarcham
1010 1995 1560 2068 Hierosolymitanum
1593 1999 1956 2070 Nicephorum
1989 2006 2238 2072 protulit.
2270 2004 2374 2061 Ubi
2404 2006 2580 2062 obiter
2624 2006 2790 2060 etiam
2821 2004 3166 2060 observatum
3202 2002 3384 2067 velim,
3412 2008 3674 2069 quantum

430 2083 486 2137 in
518 2082 640 2151 jure
670 2086 939 2141 canonico
975 2087 1384 2155 interpretando
1412 2105 1609 2145 nomen
1642 2091 1867 2147 Alexius
1909 2094 2194 2150 Aristonus
2242 2103 2373 2149 tunc
2400 2095 2609 2148 dierum
2646 2092 2903 2157 habebat,
2934 2107 3057 2147 cum
3091 2089 3374 2146 consultus
3404 2097 3574 2151 esset,
3623 2095 3679 2139 et

431 2170 486 2225 in
521 2171 625 2226 isto
649 2173 775 2241 jure
811 2184 1001 2229 contra
1048 2176 1413 2245 patriarcham
1456 2180 1837 2247 responderet.
1872 2181 1950 2237 Ex
1984 2182 2102 2237 istis
2156 2183 2382 2251 insuper
2425 2181 2607 2236 verbis
2641 2179 2898 2249 colligere
2941 2186 3047 2245 est,
3094 2178 3293 2247 quibus
3346 2174 3678 2244 temporibus

431 2259 523 2315 ille
556 2260 757 2316 ﬂoruit.
809 2261 1051 2331 Namque
1086 2262 1430 2333 Nicephorus
1482 2266 1572 2321 ille
1608 2266 2160 2340 Hierosolymitanns,
2189 2279 2379 2325 contra
2408 2284 2568 2335 quem
2593 2269 2885 2323 Aristonus
2921 2268 3089 2323 istum
3124 2280 3387 2321 canonem
3429 2262 3676 2333 protulit,

433 2351 642 2417 synodo
671 2349 921 2405 interfuit
949 2351 1423 2422 Constantinopoli
1458 2353 1747 2409 celebratae
1782 2372 1926 2410 anno
1957 2357 2143 2412 mundi
2173 2357 2339 2421 (ιδ-ιι,
2372 2359 2490 2412 sive
2512 2355 2741 2419 Christi,
2779 2354 2943 2425 1166,
2977 2363 3037 2409 ut
3069 2370 3134 2409 ex
3183 2350 3679 2421 subscriptionihus

432 2444 601 2504 patet,
633 2451 770 2505 quas
795 2436 904 2491 Leo
928 2438 1161 2494 Allatins
1189 2438 1380 2504 edidit,
1415 2439 1489 2494 De
1529 2449 1781 2509 perpetua
1822 2459 2061 2499 censeas.
2100 2442 2304 2499 Ecclcs.
2340 2443 2699 2499 Occidentalt's
2743 2450 2792 2496 et
2827 2441 3117 2496 Orientalis
3154 2440 3247 2495 lib.
3294 2441 3386 2504 Η,
3422 2452 3544 2507 cap.
3587 2436 3675 2489 ιθ.

434 2520 482 2576 Is
513 2531 632 2576 erat
658 2539 832 2579 annus
861 2523 1126 2581 Manuelis
1152 2526 1415 2581 Comneni
1445 2544 1599 2593 xxm,
1631 2529 1785 2598 cujus
1813 2530 2160 2598 imperatoris
2190 2531 2341 2599 iussu
2396 2529 2687 2583 Balsamon
2745 2543 2841 2583 sua
2892 2528 2947 2582 in
2997 2541 3235 2582 canones
3290 2524 3677 2580 commentaria

437 2625 726 2681 aggressus
759 2620 862 2674 est.
898 2623 956 2667 ut
1004 2627 1036 2669 e
1069 2614 1394 2683 supradictis
1424 2616 1612 2686 liquet.
1666 2614 1779 2671 Sub
1813 2617 2002 2673 eodem
2037 2618 2200 2688 igitur
2228 2618 2557 2687 imperatore
2590 2615 2900 2670 Aristenum
2950 2614 3113 2669 etiam
3154 2612 3419 2669 claruisse
3468 2621 3677 2664 certum

432 2701 798 2757 estzetiamsi
833 2700 943 2756 Leo
972 2701 1204 2757 Allatius
1261 2712 1498 2759 tractatu
1551 2704 1617 2759 de
1660 2715 1817 2760 (etate
1866 2715 1915 2760 et
1969 2706 2289 2770 interstitiis,
2328 2706 2382 2761 in
2433 2705 2727 2760 collatione
2771 2702 3024 2758 ordinum
3058 2703 3225 2757 etiam
3273 2700 3411 2769 apud
3462 2697 3688 2754 Graecos

433 2788 737 2854 servandis,
771 2805 893 2845 eum
922 2791 1077 2861 jussu
1109 2791 1332 2847 Joannis
1371 2790 1658 2861 Conineni,
1689 2793 1782 2864 qui
1812 2793 2119 2850 Manuelem
2170 2792 2455 2865 proximus
2498 2792 2555 2849 in
2607 2790 2838 2863 imperio
2888 2790 3191 2861 pmcessit,
3240 2787 3680 2844 Nomocauonem

434 2890 592 2931 suum
624 2877 861 2935 edidisse
892 2880 1217 2935 asseruerit.

506 2987 677 3042 Porro
711 2988 826 3044 haec
857 2989 1030 3044 Alexii
1063 2989 1300 3045 Aristoni
1330 2991 1384 3045 in
1412 2990 1612 3047 dictam
1645 3006 1919 3049 canonum
1947 2993 2202 3066 synopsin
2240 2993 2658 3056 commentaria,
2704 2992 2764 3047 in
2812 2990 3002 3047 codice
3060 3004 3165 3044 ms.
3230 3002 3387 3057 quem
3440 2984 3685 3046 edimus,

435 3074 518 3131 sic
578 3074 838 3144 inscripta
892 3087 1055 3139 sunt,
1088 3077 1471 3148 Νομοκάνονον
1503 3081 1601 3134 σὺν
1660 3080 1781 3150 Θεῷ
1824 3083 2034 3151 ὲρμηνε

2079 3082 2163 3136 Div
2217 3081 2373 3153 παρὰ
2421 3080 2525 3135 τοῦ
2569 3079 2990 3149 θεοφιλεστάτου
3044 3075 3426 3147 νομοφύλακος
3485 3072 3681 3143 κυρίου

451 3162 695 3229 Ἀλεξίου
759 3164 853 3218 τοῦ
897 3164 1240 3237 Ἀριστηνοῦ,
1299 3166 1759 3235 Nomocanonum,
1790 3168 1899 3223 Dea
1948 3170 2053 3224 ossi

2086 3178 2243 3234 tents,
2310 3171 2713 3237 interpretatum
2754 3183 2847 3236 per
2895 3166 3008 3220 Deo
3071 3163 3449 3219 charissimunt
3496 3176 3685 3214 nomo-

438 3253 710 3322 pkylacem
737 3251 1008 3307 dominum
1034 3254 1280 3308 Alexium
1311 3254 1640 3309 Aristeuum.
1672 3255 1770 3313 Ubi
1804 3255 1977 3327 primo
2008 3258 2300 3312 observare
2327 3255 2475 3320 licet,
2502 3256 2643 3310 hanc
2672 3255 2847 3323 ipsam
2871 3266 3137 3310 canonum
3170 3253 3223 3307 in
3257 3251 3523 3320 epitomen
3553 3262 3687 3302 con-

439 3350 734 3396 tractornm
792 3340 1163 3396 collectionem
1194 3342 1560 3411 νομοκὰνονον
1598 3342 1776 3398 vocari
1819 3363 1833 3399 :
1881 3358 1989 3412 quo
2043 3344 2263 3401 nomine
2312 3345 2480 3399 etiam
2527 3343 2862 3413 integrorum
2921 3355 3189 3397 canonum
3246 3337 3491 3395 collectio
3544 3350 3690 3406 saepe

436 3438 813 3498 nuncupatur.
879 3426 1090 3494 Nemo,
1148 3428 1368 3496 fateor,
1426 3429 1639 3484 inﬁcias
1696 3440 1827 3497 cat,
1889 3432 2020 3501 quin
2072 3441 2285 3487 veteres
2337 3431 2644 3488 istiusmodi
2699 3431 2846 3485 solos
2879 3430 3088 3496 libros,
3124 3427 3321 3498 quibus
3379 3426 3534 3495 νόμοι
3590 3422 3687 3478 καὶ

444 3517 673 3579 stay-ﬁve;
722 3516 867 3585 leges
896 3516 1084 3571 civiles
1114 3525 1170 3570 et
1217 3532 1457 3572 canones
1510 3518 1869 3574 ecclesiasdci
1920 3520 2046 3574 sinu

2135 3520 2348 3576 collecti
2403 3531 2553 3587 sunt,
2588 3520 2958 3591 νομοκανὸνας
3008 3518 3365 3589 appellarint;
3421 3514 3685 3586 quemad-

445 3606 663 3659 modum
698 3602 937 3660 Joannes
969 3604 1348 3660 Antiochenns
1379 3605 1576 3661 librum
1606 3607 1799 3673 istum,
1833 3622 1939 3677 quo
1967 3622 2205 3663 canones
2230 3608 2379 3665 solos
2413 3610 2466 3664 in
2498 3609 2892 3679 quinquaginta
2944 3607 3127 3663 titulos
3170 3603 3422 3673 digessit,
3478 3600 3689 3671 simpli-

440 3692 579 3747 citer
610 3692 943 3763 συναγωγὴν
976 3693 1083 3746 τῶν
1137 3692 1382 3746 κανόνων
1416 3692 1666 3760 vocavit;
1699 3693 1859 3749 istum
1891 3702 2042 3748 auten

2080 3735 2092 3761 ,
2124 3711 2233 3766 quo
2261 3696 2560 3753 canonibus
2586 3695 2974 3752 ecclesiasticis
3012 3694 3156 3764 leges
3198 3690 3574 3761 imperatorias
3626 3697 3682 3743 et

441 3780 634 3835 civiles
684 3781 958 3848 adiunxit,
1007 3782 1346 3851 νομοκανόνα
1402 3782 1757 3851 nuncupavit.
1820 3782 1885 3838 Et
1935 3785 2005 3838 ob
2061 3786 2306 3840 eamdem
2358 3785 2523 3840 etiam
2558 3784 2822 3839 rationem
2875 3782 3056 3838 Photii
3097 3781 3447 3837 Nomocanon
3486 3789 3685 3831 nomen

441 3864 584 3921 istud
638 3865 862 3922 sortitus
916 3875 1050 3922 est:
1096 3883 1255 3939 quem
1309 3868 1594 3924 Balsamon
1656 3871 1711 3926 in
1767 3870 2087 3940 praefatione
2133 3875 2201 3927 ad
2270 3876 2542 3940 eumdem,
2574 3873 2738 3929 etiam
2768 3872 3147 3943 ,vopouavovov
3205 3869 3458 3939 appellat.
3486 3864 3686 3922 Verum

442 3954 724 4010 enimvero
758 3954 962 4024 qumvis
989 3956 1321 4025 integrorum
1351 3973 1619 4014 canonum
1645 3959 1893 4037 collectio
1922 3962 2288 4031 νομοκάνονον
2322 3963 2489 4019 etiam
2539 3976 2925 4027 nonnunquam
2976 3960 3125 4015 audit
3154 3976 3169 4014 :
3217 3957 3360 4028 quod
3408 3956 3577 4012 miror
3620 3959 3689 4010 ab

444 4040 555 4095 ullo
594 4057 828 4110 unquam
864 4046 1188 4114 denegatum
1216 4043 1406 4113 fuisse,
1440 4061 1563 4101 cum
1600 4047 1717 4103 haec
1745 4063 1850 4105 vox
1901 4049 1958 4105 in
1988 4049 2096 4106 isto
2121 4065 2285 4107 sensu
2319 4051 2389 4108 ab
2435 4055 2551 4122 ipso
2582 4050 2904 4105 Balsamone
2949 4063 3095 4117 saepe
3149 4055 3472 4116 usurpetnr;
3524 4050 3584 4100 ut
3630 4042 3688 4098 in

444 4129 753 4185 Nomoran.
790 4130 947 4190 Phot.
984 4136 1066 4188 tit.
1106 4133 1158 4197 Ι.
1194 4149 1313 4203 cap.
1340 4135 1373 4190 9
1405 4135 1502 4202 ait,
1539 4136 1717 4201 Αὐτὸς
1751 4138 2012 4208 ἐπέμεινε

2086 4139 2255 4208 γέγων,
2305 4138 2382 4210 μὴ
2424 4138 2635 4193 δίκαιον
2663 4133 2805 4192 εἶναι
2848 4135 3080 4208 κεραίαν
3105 4133 3439 4204 ἀθετηθῆναι
3489 4132 3555 4186 ὲκ
3579 4130 3688 4185 τῶν

442 4218 505 4273 ἐν
528 4218 607 4290 τῷ
656 4218 1025 4291 Νομοκανόνῳ
1060 4223 1489 4293 γεγραμμένων,
1519 4222 1598 4293 τῷ
1618 4226 1692 4288 ὡς
1717 4225 2057 4297 θεογράφους
2086 4228 2299 4292 πλάκας
2330 4227 2482 4298 παρὰ
2510 4229 2573 4297 τῇ
2602 4226 2901 4297 Ἐκκλησία
2930 4223 3283 4293 λογιζομένῳ.
3311 4220 3431 4291 Ipse
3462 4221 3689 4290 perstitit

442 4305 644 4367 dicens.
676 4322 776 4360 non
808 4323 1013 4387 ceq_uum
1042 4326 1152 4363 esse
1188 4320 1243 4363 ut
1274 4309 1351 4365 uel
1379 4328 1513 4381 apex
1548 4312 1846 4368 aboleretur
1872 4331 1937 4368 ea:
1966 4315 2053 4381 iis,
2082 4335 2200 4387 qua:
2234 4318 2288 4371 in
2326 4316 2705 4371 Nomocanone
2732 4316 2931 4384 scripta
2964 4322 3109 4379 sunt,
3156 4312 3294 4382 quod
3328 4313 3498 4366 instar
3548 4310 3687 4364 divi-
3774 4340 3795 4351 »κ

445 4411 639 4449 nurum
707 4379 1012 4449 tabula'rnm
1062 4399 1127 4449 ab
1177 4379 1421 4452 Ecclesia
1473 4408 1769 4469 reputatur.
1830 4398 1930 4455 Ubi
1967 4379 2347 4473 Νομοκάνονον
2378 4420 2576 4474 corpus
2626 4379 2893 4458 canonum
2946 4379 3448 4456 ecclesiasticornm
3502 4406 3689 4467 aperte

445 4482 735 4549 signiﬁcat,
761 4485 1214 4555 quemadmodum
1244 4486 1375 4540 etin
1400 4485 1645 4555 ejusdem
1674 4487 2013 4544 Balsamonis
2041 4492 2261 4549 scholiis
2277 4493 2344 4548 ad
2363 4492 2553 4565 synodi
2574 4491 2848 4546 Trullanze
2871 4504 3133 4544 canonem
3156 4487 3180 4540 1
3216 4486 3464 4550 dicentis,
3488 4484 3570 4541 Τὰ
3588 4484 3697 4555 μὲν

444 4571 724 4642 νεόγραφα
742 4572 1122 4643 Νομοκάνονα,
1141 4572 1216 4638 ὠς
1249 4575 1324 4645 μὴ
1344 4574 1541 4645 ἔχοντα
1570 4576 1667 4630 καὶ
1692 4576 2016 4646 ὑπογραφάς
2043 4575 2152 4629 τῶν
2205 4574 2513 4645 ὲκθεμένων
2564 4574 2663 4637 τὰς
2713 4573 2964 4634 συνόδους
2995 4568 3257 4642 βασιλέων
3282 4567 3376 4623 καὶ
3433 4569 3691 4638 πατέρων

447 4660 800 4732 παρέδραμον
828 4676 842 4692 ⁶
900 4660 1237 4732 ἐψηλάφησα
1290 4662 1348 4715 δὲ
1386 4663 1781 4734 παλαιόγραφα
1813 4663 2049 4732 Νομοκά·

2089 4679 2191 4716 ινα.
2255 4662 2320 4717 Et
2379 4663 2459 4717 sic
2515 4661 2719 4730 passim
2778 4660 2942 4726 alibi;
2993 4668 3050 4712 ut
3098 4655 3233 4711 nihil
3313 4655 3517 4709 certius
3571 4666 3691 4708 esse

449 4750 640 4817 possit,
675 4765 837 4819 quam
889 4750 1040 4820 ipsas
1106 4767 1376 4806 canonum
1409 4752 1761 4808 collectiones
1787 4755 2133 4821 νομοκάνονα
2162 4752 2412 4807 vocitari.
2449 4749 2558 4806 Hoc
2596 4761 2775 4805 autem
2832 4762 3028 4803 nomen
3078 4746 3239 4800 etiam
3276 4743 3490 4815 synopsi
3524 4756 3691 4799 cano-

448 4853 578 4892 num
628 4840 696 4891 ah
746 4838 938 4895 Alexio
969 4840 1220 4896 Aristeno
1264 4841 1635 4908 interpretata:
1680 4844 2000 4912 inscriptum
2058 4853 2165 4908 est,
2209 4848 2270 4896 ut
2311 4854 2377 4895 ex
2414 4839 2568 4894 titulo
2616 4837 2863 4905 superius
2889 4835 3058 4889 citato
3098 4842 3333 4895 constat,
3367 4832 3508 4901 quod
3541 4829 3693 4898 prius

446 4930 749 5002 expositam
809 4937 1051 4983 nostram
1111 4929 1176 4982 de
1229 4929 1330 4982 hac
1366 4943 1635 4984 canonum
1687 4930 1922 5000 epitome
1953 4931 2275 4984 sententiam
2321 4927 2537 4998 egregie
2565 4925 2894 4988 conllrmat;
2928 4937 3049 4976 cum
3081 4922 3193 4976 haec
3226 4921 3415 4974 eodem
3453 4919 3689 4983 nomine,

448 5034 558 5089 quo
594 5018 707 5087 ipsa
755 5016 1086 5087 integrorum
1144 5030 1421 5072 canonum
1471 5016 1744 5082 collectio,
1789 5018 2150 5084 νομοκάνονον
2202 5014 2432 5076 scilicet,
2487 5010 2830 5081 appelletur:
2869 5008 3129 5062 nimirum
3187 5007 3329 5074 quod
3386 5013 3557 5060 totum
3606 5004 3696 5073 jus

448 5107 779 5162 canonicum
815 5106 866 5159 in
912 5121 977 5159 ea
1012 5120 1117 5158 non
1156 5119 1313 5159 secus
1342 5114 1506 5173 atque
1550 5105 1603 5160 in
1649 5106 1781 5175 ipsis
1820 5106 2120 5160 cauonibus
2165 5102 2405 5157 exhiberi
2460 5113 2780 5170 persuasum
2828 5104 2992 5150 esset.
3042 5094 3154 5150 Hoc
3201 5098 3387 5164 itaque
3432 5092 3695 5147 Nomoca-

452 5209 654 5250 nonum
710 5192 932 5248 Alexius
988 5191 1277 5246 Aristonus
1326 5191 1716 5262 interpretatus
1764 5201 1866 5259 est,
1919 5193 2011 5262 qui

2090 5208 2115 5245 ιι
2156 5190 2510 5259 inscriptione
2545 5185 2963 5255 θεοφιλέστατος
2998 5181 3313 5254 νομοφύλαξ
3360 5182 3692 5246 nominatur,

451 5298 612 5352 quem
674 5280 839 5336 etiam
902 5295 1157 5350 magnum
1209 5294 1550 5336 (economum
1614 5279 1905 5351 aliquando
1957 5279 2149 5347 fuisse,
2208 5276 2549 5333 Balsamonis
2606 5273 2771 5329 verba
2816 5272 3065 5343 superius
3121 5270 3336 5326 laudata
3391 5270 3548 5325 [idem
3602 5267 3697 5322 ia-

454 5371 625 5426 ciunt.

531 5477 661 5533 llaec
703 5478 940 5533 Aristeni
993 5477 1046 5531 in
1100 5475 1543 5532 Nomocanonum
1596 5476 1966 5532 abbreviatum
2020 5474 2224 5549 scholia
2274 5490 2383 5530 non
2436 5473 2655 5530 memini
2687 5474 2755 5528 ab
2788 5469 3083 5541 antiquiori
3129 5469 3384 5539 quopiam
3436 5468 3700 5537 scriptore

452 5575 881 5621 commemorata
915 5577 1039 5620 esse
1068 5563 1153 5620 vel
1183 5564 1427 5631 laudata;
1461 5564 1563 5619 nisi
1603 5563 1745 5634 quod
1778 5564 2097 5620 scholiastes
2125 5562 2181 5619 in
2214 5564 2402 5621 codice
2429 5561 2866 5617 Amerbachiano
2896 5557 3155 5614 nonnulla
3187 5572 3253 5612 es
3312 5557 3379 5611 iis
3421 5566 3699 5611 mutuatus

453 5667 598 5717 esse,
626 5661 680 5706 et
724 5652 1010 5707 Balsamon
1053 5665 1118 5707 ea
1160 5666 1547 5722 nonnunquam
1596 5652 1795 5708 citasse
1840 5640 2110 5716 videatur,
2144 5662 2200 5707 nt
2234 5651 2290 5706 in
2322 5649 2766 5705 annotationibus
2811 5646 3038 5702 subinde
3084 5646 3428 5701 observatum
3484 5651 3587 5699 est.
3622 5644 3699 5697 Ex

456 5740 877 5806 recentioribus,
905 5739 1185 5796 Gilbertus
1214 5738 1601 5797 Genebrardus
1646 5739 1785 5794 libro
1844 5737 1919 5794 De
1968 5737 2235 5794 Trinitate
2285 5737 2533 5793 Alesium
2581 5737 2892 5791 Aristenum
2937 5733 3092 5799 citat,
3137 5746 3372 5801 eumque
3415 5730 3700 5786 diaconum

455 5825 717 5884 Ecclesiae
742 5828 1364 5903 Constantinopolitanae:
1408 5829 1577 5891 fuisse
1624 5829 1879 5889 allirmat.
1920 5825 2027 5885 Leo
2081 5826 2312 5883 Allatius
2362 5829 2480 5883 haec
2528 5823 2735 5883 scholia
2789 5836 2933 5892 saepe
2980 5819 3190 5888 laudat,
3247 5819 3341 5876 sed
3384 5831 3453 5875 ex
3500 5816 3698 5874 biblio-
