2028 3195
162 172 199 205 33
691 172 797 204 GUIL.
813 172 1021 205 BEVEREGII
1038 171 1248 203 PREFATIO.
1760 170 1796 206 34

164 229 579 268 “Memmiana:
603 231 679 260 enim
703 232 822 260 antehae
847 233 921 261 edita
941 232 1062 261 luerunt.
1081 232 1124 260 Ad
1150 232 1223 260 hanc
1248 235 1339 259 autem
1372 236 1494 260 nostram
1523 238 1619 261 eorum
1646 231 1794 261 editionem

164 274 382 310 perpoliendsm.
401 279 518 310 quatuor
547 274 587 302 usi
613 281 707 302 smnus
728 275 870 303 codicibus
892 283 958 303 mss.
983 283 1096 310 quomm
1122 284 1203 303 unum
1229 275 1369 302 nobiseum
1393 276 1606 303 communicavit
1628 275 1797 305 clarissimus

163 318 208 346 vir
224 316 353 359 Joannes
366 318 499 359 Pearsgn,
521 317 571 346 SS.
590 318 888 354 theologimprofessor
903 319 1102 354 Margareticus
1128 318 1155 346 in
1172 319 1349 346 universitate
1373 318 1604 354 Cantabrigiensi,
1628 319 1676 355 qui
1700 320 1727 347 in
1756 321 1798 347 bi-

163 349 506 411 hliotheea
523 349 825 403 Trinitatis,‘cui-ipse
842 349 992 398 praefectus
1016 368 1058 391 est
1083 364 1109 391 in
1132 364 1228 391 eadem
1251 362 1440 396 universitate,
1465 349 1689 391 codicem'lslum
1713 364 1800 391 nitide

162 397 506 440 esmtum‘inv‘nlcns;
519 398 645 434 eumdem
668 407 747 435 nobis
772 397 868 435 Latine
883 407 1044 434 vertendum
1069 410 1219 434 concedere
1244 407 1372 442 dignatus
1398 411 1451 439 est,
1477 411 1505 434 et
1528 406 1567 434 sic
1593 408 1707 441 primam
1735 407 1799 435 huic

166 449 276 478 edendo
292 450 370 485 operi
385 450 559 478 occasionem
577 451 701 485 prabuit.
722 451 774 478 Isle
789 455 879 478 autem
893 452 979 478 codex
994 458 1008 478 e
1024 451 1103 486 longe
1119 450 1261 478 vctustiori
1279 451 1304 478 in
1321 450 1486 478 bibliotheca
1512 451 1661 478 Bodleiana
1684 451 1799 478 Omnia:

164 494 326 529 exscriptus
341 493 441 528 fuerat,
455 501 537 531 quem
552 499 696 530 propterea
711 502 784 529 saepe
797 495 942 523 consulere
957 502 1101 525 necessum
1125 495 1280 522 habuimus.
1298 494 1367 527 Quin
1390 499 1418 521 et
1433 494 1515 521 alium
1533 494 1716 528 suppeditavit
1730 495 1799 521 insi-

166 538 319 574 gnissimus
334 538 376 566 vir
391 537 512 566 Thomas
537 532 647 570 Broin.
671 537 721 565 SS.
746 538 890 574 theologia
911 539 1062 573 professor,
1088 543 1115 565 et
1139 538 1251 573 capellae
1270 537 1351 573 regias
1376 537 1556 566 Windesoritc
1581 538 1797 572 praebendarins.

164 581 235 610 Cum
261 590 330 622 opus
357 589 451 610 autem
477 590 545 618 pene
572 583 606 610 ad
631 583 790 611 umbilicum
820 583 978 617 perductum
1003 582 1095 613 fuerit.
1119 583 1189 609 alius
1212 583 1239 609 in
1267 582 1424 616 supradicta
1457 581 1620 609 bibliotheca
1651 580 1798 608 Bodleiana

481 633 533 663 ms.
559 626 678 668 eleganti
693 632 721 655 et
734 632 840 655 vetusto
855 627 1015 654 charactere
1030 631 1159 654 cxaratus
1175 635 1182 653 :
1202 634 1217 654 e
1233 629 1287 661 quo
1302 626 1431 654 nonnulla
1447 630 1576 660 excerpta
1591 629 1667 657 sunt,
1685 632 1746 659 quae
1770 625 1798 652 iu

365 631 456 667 tot!“
481 633 533 663 tua.
559 631 678 668 eleganti
693 632 721 655 et
734 632 840 655 vetusto
855 631 1015 654 charactere
1030 631 1159 654 cxaratus
1175 635 1182 653 :
1202 634 1217 654 e
1233 633 1287 661 quo
1302 631 1431 654 nonnulla
1447 631 1576 660 excerpta
1591 631 1667 657 sunt,
1685 632 1746 659 quae
1770 632 1789 652 tl

164 668 230 702 IIIS
243 670 251 675 “
306 663 613 704 ἅευιᾶειωαωιπν
627 679 660 698 ac
673 670 787 709 proinde
811 675 876 706 post
896 671 1044 699 canonicas
1063 670 1202 705 epistolas,
1226 670 1259 702 ad
1275 677 1342 704 quas
1357 669 1505 707 pertinent.
1535 669 1568 696 iu‘
1579 669 1699 704 secundo
1714 673 1789 706 tonio

164 714 296 743 eduntur.
312 714 411 742 Eorum
426 719 516 742 autem
529 715 718 742 collectionem
734 716 837 749 pariter
852 718 933 750 atque
949 715 1102 741 versionem
1117 714 1176 740 viro
1192 713 1286 740 multis
1302 713 1457 740 nominibus
1472 712 1631 739 honorando
1647 711 1678 738 D.
1696 711 1796 739 Joannl

165 757 237 791 Fel],
254 757 284 787 S.
298 758 330 786 Τ.
349 757 392 791 P.,
409 758 537 787 Ecclesiae
553 758 716 787 eathedralis
731 759 832 787 Christi
863 759 964 786 decano
979 759 1006 786 in
1021 757 1204 785 Universilate
1216 756 1364 785 Oxoniensi
1379 756 1518 789 debemus,
1532 756 1578 792 qui
1592 756 1627 783 ad
1642 756 1795 783 uberiorem

165 802 250 839 hujus
265 798 358 837 operis
371 803 504 830 ornatum’
514 802 632 836 curavit,
648 807 677 830 ut
696 803 759 830 illud
779 811 847 838 opus
865 811 878 830 a
900 803 981 830 docto
996 802 1113 837 quodam
1137 802 1196 829 viro
1212 801 1239 828 in
1256 801 1351 828 eadem
1369 800 1517 828 Academia
1541 800 1728 835 perﬁceretur.
1743 799 1797 827 Sed

163 850 195 874 et
208 846 298 874 eidem
312 846 395 874 etiam
412 847 545 881 pra-clara
563 847 717 875 eruditione
734 851 762 874 et
786 847 885 882 insigni
902 848 1003 882 pictate
1026 847 1086 874 viro
1112 850 1270 874 accuratam
1294 847 1377 872 totius
1403 845 1516 880 hujusce
1536 845 1626 879 operis
1654 844 1798 872 editionem

162 889 323 926 respublica
350 889 484 918 canonica
511 895 652 926 acceptam
682 891 794 924 referat,
821 892 921 927 quippe
944 890 1022 926 cujus
1036 890 1121 918 solius
1138 897 1204 918 cura
1226 894 1307 925 atque
1325 889 1438 917 consilio
1463 889 1490 916 iu
1509 889 1637 917 omnibus
1665 888 1799 921 adhibito,

163 939 298 963 accurate
311 935 380 963 adeo
395 939 422 963 et
438 935 522 971 polite
537 935 637 970 prodit.

201 989 246 1018 Ad
273 989 376 1018 calcem
403 990 487 1017 totius
512 989 603 1023 operis
628 989 821 1017 annotationes
848 988 1036 1023 subjnnximus
1052 989 1111 1025 (a);
1139 989 1165 1016 in
1197 989 1296 1023 quibus
1330 988 1394 1023 quid
1423 988 1610 1023 prmstitimus,
1632 987 1673 1015 vel
1704 988 1800 1015 saltem

165 1038 302 1069 prestare
323 1033 412 1060 conati
442 1040 547 1065 Stratus,
569 1034 666 1067 paucis
694 1033 881 1067 expediemus.
901 1032 993 1061 Primo
1017 1035 1089 1061 enim
1110 1034 1188 1061 nobis
1214 1034 1326 1060 minime
1346 1034 1514 1068 propositum
1537 1032 1598 1065 fuit,
1632 1033 1658 1060 in
1679 1032 1802 1067 singulos

167 1084 291 1106 canones
315 1083 470 1111 eorumque
484 1076 586 1104 scholia
606 1077 817 1105 commentarios
836 1077 927 1110 edere,
942 1078 1013 1112 quod
1026 1086 1117 1112 opera:
1135 1077 1212 1105 nobis
1227 1077 1343 1112 pretium
1361 1076 1430 1104 haud
1454 1077 1540 1104 visum
1559 1081 1612 1104 est.
1634 1076 1673 1103 Ac
1689 1075 1802 1111 proinde

167 1120 325 1149 istiusmodi
339 1122 528 1148 tantummodo
543 1118 622 1154 locis,
646 1129 707 1156 qua:
729 1121 886 1148 obscuriora
907 1122 964 1148 visa
982 1127 1053 1154 sunt,
1075 1129 1134 1155 quae
1154 1129 1297 1156 perperam
1324 1122 1357 1148 ab
1382 1120 1442 1148 aliis
1457 1120 1603 1151 intellecta,
1629 1124 1675 1146 aut
1693 1119 1801 1153 majoris

165 1164 312 1198 momenti,
328 1169 355 1192 et
369 1163 566 1199 frequentioris
582 1165 608 1191 in
628 1164 822 1193 ecclesiasticis
834 1165 1009 1192 discutiendis
1023 1165 1219 1192 controversiis
1234 1172 1312 1197 usus,
1331 1164 1524 1195 dilucidandis,
1539 1162 1711 1190 vindicandis
1728 1168 1755 1189 et
1769 1163 1802 1190 ad

165 1208 319 1244 genuinum
351 1208 471 1243 ipsorum
497 1215 607 1235 sensum
635 1208 824 1240 restituendis,
851 1213 952 1241 totam,
977 1210 1065 1243 qualis
1088 1208 1179 1244 qualis
1201 1208 1271 1240 fuit,
1297 1215 1407 1243 operam
1434 1208 1594 1235 locavimns.
1621 1206 1690 1234 llinc
1718 1207 1801 1234 etiam

165 1252 308 1280 variantes
334 1251 438 1287 passim
466 1251 597 1279 lectiones
622 1259 655 1279 ex
676 1251 816 1278 codicibus
832 1257 887 1278 tam
914 1259 979 1279 mss.
1003 1261 1082 1287 quam
1107 1252 1249 1287 impressis
1271 1272 1278 1285 ,
1304 1251 1507 1283 adnotavimus;
1529 1250 1580 1277 alia
1606 1251 1686 1277 etiam
1705 1258 1801 1285 quam-

165 1296 288 1332 plurima
302 1295 419 1328 scholia,
437 1303 499 1331 quae
514 1300 542 1322 ιιι
557 1303 645 1330 neque
661 1296 695 1322 ad
716 1295 900 1329 Balsamonis,
917 1304 966 1323 nec
982 1296 1105 1328 Zonaras,
1122 1303 1173 1323 nec
1187 1295 1307 1323 Aristeni
1332 1295 1484 1331 ἑρμηνείας
1501 1294 1676 1328 pertinentia,
1696 1295 1721 1320 in
1744 1294 1802 1328 ipso

164 1341 262 1377 operis
285 1347 399 1375 corpore
424 1340 549 1368 consulto
576 1341 760 1375 przetertnissa
782 1345 861 1373 sunt,
887 1347 920 1367 ex
947 1348 1011 1367 mss.
1038 1340 1190 1367 Bodleianis
1211 1344 1237 1366 et
1263 1339 1502 1367 Amerbachiano.
1532 1338 1565 1364 ad
1598 1345 1663 1364 suos
1690 1345 1802 1372 qua:ch

169 1392 296 1414 canones
309 1385 381 1413 inter
396 1385 589 1413 annotationcs
605 1385 790 1420 apposuimns.
802 1384 938 1419 Quidquid
950 1385 1031 1412 etiam
1047 1384 1208 1412 scholiastes
1224 1385 1249 1410 in
1267 1383 1438 1411 Constantini
1455 1382 1648 1415 llarnn-nopuli
1664 1382 1801 1416 epitonu-n

165 1438 306 1461 canonum
320 1430 556 1464 conscripserunt,
571 1431 604 1457 ad
625 1430 712 1457 locum
726 1428 816 1457 itidem
830 1429 956 1464 quodque
969 1437 1046 1457 suum
1061 1428 1257 1463 congessimus.
1272 1428 1346 1454 Adeo
1363 1431 1391 1454 ut
1404 1426 1471 1453 nihil
1494 1433 1509 1453 a
1521 1425 1624 1454 Grtc'cis
1637 1426 1802 1460 quibuslibet

165 1477 195 1504 iu
216 1474 272 1503 hoc
287 1473 414 1502 canonici
429 1474 550 1509 ipsorum
565 1473 636 1508 juris
650 1480 749 1508 corpus
764 1473 948 1508 conscriptum
963 1472 996 1500 ad
1013 1471 1138 1500 notitiam
1155 1476 1277 1500 nostram
1299 1470 1434 1506 pervenit,
1448 1470 1519 1505 quod
1536 1478 1588 1497 nou
1611 1470 1636 1496 iu
1655 1471 1704 1497 hoc
1719 1470 1800 1496 unico

163 1526 251 1556 opere
266 1518 410 1547 collectus:
427 1518 578 1547 exhibetur.

198 1605 238 1638 ιο)
249 1605 329 1634 Notas
340 1605 426 1634 textui
441 1606 601 1639 subiecimus,
620 1608 662 1634 sed
677 1606 776 1632 delectu
789 1606 881 1632 habito.
896 1607 964 1632 Eon.
978 1606 1053 1632 Pun.
