4056 6384
503 338 577 402 85
1762 329 2045 391 THEOD.
2088 328 2495 390 BALSAIION
3688 325 3759 387 36

809 554 1957 856 THEODOBI
2078 661 3475 870 BALSAMONIS

1061 1160 1065 1163 λ
1241 994 2093 1135 ιοιναιιε,
2166 990 3057 1110 Δηιετεινι

505 1234 641 1404 ΙΝ
736 1231 1337 1407 CANONES
1440 1228 1624 1398 SS.
1727 1222 2744 1406 APOSTOLORUM,
2861 1216 3770 1390 CONCIL|0RUM

1102 1550 1230 1615 ET
1295 1544 1401 1615 IN
1460 1542 1933 1612 EPISTOLAS
2009 1538 2489 1607 CANONICAS
2556 1538 2675 1604 SS.
2757 1537 3123 1603 PATRUM

1558 1730 2611 1897 COMMENTARIA
2685 1710 2720 1749 ’

1734 2080 2537 2264 ΚΑΝΟΝΕΣ

1140 2380 1445 2505 ΤΩΝ
1559 2375 2025 2493 ΑΓΙΩΝ
2122 2364 3189 2487 ΑΠΟΣΤΟΔΩΝ.’

1659 2775 2635 2940 CANONES

1269 3068 1991 3167 SANCTOBUM
2069 3066 3010 3162 APOSTOLORUM.

1154 3420 1385 3479 CANON
1421 3421 1461 3477 1.

2812 3413 3054 3471 ΚᾹΝΩΝ
3080 3416 3157 3468 Δ’.

536 3520 830 3593 Episcopus
865 3534 899 3573 α
928 3518 1129 3572 duobus
1171 3515 1247 3570 vel
1278 3515 1446 3571 tribus
1472 3515 1726 3584 episcopis
1760 3515 2055 3570 ordinetur.

2203 3512 2574 3577 Ἔπισκοπος
2616 3510 3068 3580 χειροτονείσθω
3097 3507 3216 3563 ὑπὸ
3260 3506 3611 3562 ἐπισκόπων
3661 3506 3775 3561 δύο

2848 3601 2887 3669 ἢ
2923 3599 3121 3667 τριῶν.

578 3698 775 3755 BALS.
814 3696 912 3752 Hic
954 3710 1126 3752 canon
1162 3694 1495 3763 apostolicus
1524 3692 1744 3748 disserit
1769 3690 1836 3747 de
1864 3691 2090 3747 ordina-

2265 3697 2460 3751 ΒΑΛΣ.
2504 3696 2561 3750 '0
2586 3693 2945 3757 ἀποστολικδς
2989 3687 3146 3756 οὗτος
3176 3692 3379 3759 κανῶν,
3426 3694 3557 3765 περὶ
3589 3711 3774 3766 χειρο-

512 3794 676 3858 tione,
708 3805 829 3860 qua;
855 3789 915 3844 ﬁt
940 3789 1008 3844 ab
1036 3787 1279 3842 antistite
1303 3786 1354 3840 in
1386 3785 1618 3841 ecclesia
1644 3801 1658 3851 ;
1695 3786 1835 3840 sicut
1864 3799 2090 3856 magnus

2191 3791 2374 3852 τονίας
2427 3787 2739 3855 διαλέγεται
2785 3788 2885 3855 τῆς
2930 3785 3080 3855 παρὰ
3109 3786 3413 3857 ἀρχιερέως
3440 3787 3776 3857 τελουμένης

507 3898 725 3955 quoque
751 3882 884 3937 dicit
915 3879 1138 3943 Paulus,
1182 3877 1397 3933 Nemini
1429 3894 1617 3932 manus
1648 3881 1754 3933 cito
1782 3878 2025 3944 imponas
2045 3877 2089 3941 ‘,

2194 3880 2280 3934 ἐπ’
2342 3880 2661 3949 ἐκκλησίας*
2721 3877 2905 3941 καθὼς
2946 3878 3043 3932 καὶ
3074 3879 3101 3930 ὁ
3136 3877 3308 3947 μέγας
3352 3878 3564 3942 Παῦλός
3594 3896 3727 3947 φησι
3759 3895 3775 3910 θ

510 3992 611 4031 nec
665 3973 860 4029 alienis
905 3972 1144 4044 peccatis
1192 3970 1565 4027 connnnnices
1597 3988 1613 4025 :
1648 3985 1755 4025 non
1806 3980 1985 4024 autem
2028 3969 2094 4024 de

2193 3975 2404 4040 Χεῖρας
2457 3971 2683 4041 ταχέως
2711 3969 2929 4040 μηδενὶ
2979 3969 3249 4037 ἐπιτίθει,
3299 3969 3458 4039 μηδὲ
3504 3969 3778 4024 κοινώνει

509 4066 795 4134 electione,
830 4076 889 4120 ttt
917 4064 1159 4120 nonnulli
1182 4065 1455 4129 dicebant,
1486 4065 1656 4119 secuti
1695 4080 1757 4119 ea
1786 4080 1906 4134 qua:
1945 4064 2093 4119 dice-

2192 4066 2540 4132 dlloqlatc
2576 4066 2907 4134 ἁμαρτίαις.
2942 4064 3016 4119 Οὐ
3070 4063 3178 4136 μὴν
3208 4066 3337 4133 περὶ
3364 4065 3568 4135 ψήιρου,
3593 4064 3778 4128 καθώς

512 4161 707 4213 bantur
730 4159 851 4215 sine
883 4157 1124 4227 scriptis,
1161 4171 1257 4227 per
1286 4172 1542 4212 manuum
1575 4157 1975 4221 extensionem,
2008 4155 2090 4211 fa-

2191 4177 2345 4212 τινες
2380 4156 2557 4221 εἰπον,
2582 4157 3064 4229 ἀκολουθήσαντες
3097 4161 3211 4219 τοῖς
3245 4158 3509 4226 ἀγράφως
3543 4155 3777 4225 λεγομέ-

510 4260 654 4307 ctam
681 4250 900 4319 quando
929 4264 958 4303 a
990 4249 1188 4319 populo
1215 4250 1498 4304 civitatum
1541 4250 1834 4305 electiones
1876 4249 2094 4305 antisti-

2196 4266 2308 4314 νοις
2339 4250 2429 4303 διὰ
2458 4250 2558 4318 τὴν
2609 4248 2721 4302 τῶν
2756 4249 2961 4319 χειρῶν
3027 4248 3271 4315 ἔκτασιν,
3320 4249 3419 4317 τὴν
3469 4246 3777 4317 γενομένην

515 4353 630 4398 tum
667 4340 885 4396 ﬂebant.
918 4340 1033 4395 Etsi
1070 4341 1214 4394 enim
1251 4339 1555 4395 Laodicena
1588 4342 1830 4412 synodus
1877 4341 2009 4396 dicit
2039 4342 2091 4395 in

2194 4344 2281 4398 ὅτε
2314 4341 2466 4412 παρὰ
2493 4341 2590 4395 τοῦ
2622 4341 2860 4413 πλήθους
2913 4339 3024 4394 τῶν
3073 4341 3282 4395 πόλεων
3342 4343 3397 4394 αἱ
3464 4341 3636 4411 ψῆφοι
3667 4340 3777 4394 τῶν

511 4436 704 4506 quinto
731 4447 941 4487 canone
964 4446 1069 4486 non
1095 4430 1292 4487 debere
1321 4430 1435 4487 ﬁeri
1460 4432 1835 4487 ordinationes
1867 4431 1920 4485 in
1955 4447 2095 4502 prae-

2195 4434 2501 4504 ἀρχιερέων
2536 4431 2803 4501 ὲγίνοντο.
2840 4432 2964 4487 Κᾶν
2995 4430 3105 4502 γὰρ
3130 4432 3165 4501 ἡ
3213 4435 3270 4485 ὲν
3313 4431 3602 4499 Λαοδικείᾳ
3655 4430 3784 4497 σύντ,

512 4525 692 4581 sentis
741 4523 1103 4588 audientium,
1158 4533 1212 4578 et
1259 4523 1382 4578 ideo
1426 4521 1668 4578 nonnulli
1711 4520 2097 4577 existimarunt

2193 4526 2314 4591 οδος
2363 4528 2423 4580 ὲν
2458 4525 2501 4577 ε’
2557 4527 2744 4579 κανόνι
2775 4525 2929 4596 φησὶ,
2996 4527 3070 4597 μὴ
3129 4526 3241 4578 δεῖν
3290 4525 3390 4588 τὰς
3445 4524 3778 4595 χειροτονίας

515 4620 663 4674 hunc
700 4631 921 4688 quoque
960 4630 1225 4671 cananem
1259 4614 1407 4685 loqui
1434 4617 1500 4671 de
1521 4613 1806 4678 electione,
1836 4613 1969 4668 mihi
2012 4622 2094 4667 ta-

2195 4620 2256 4671 ὲν
2311 4617 2585 4690 παρουσίᾳ
2640 4619 3012 4689 ἀκροωμένων
3070 4619 3340 4688 γίνεσθαι,
3403 4620 3513 4671 κάκ
3582 4617 3776 4671 τούτου

515 4730 641 4769 mea
665 4712 877 4768 videtur
913 4727 1009 4768 eos
1043 4727 1148 4767 non
1190 4721 1339 4767 recte
1363 4709 1583 4777 dicere;
1621 4724 1741 4780 qua:
1773 4709 1919 4767 enim
1948 4710 2007 4765 ﬁt
2040 4710 2092 4765 in

2198 4712 2344 4775 τινὲς
2418 4710 2689 4764 ὑπέλαϐον
2731 4711 2829 4764 καὶ
2871 4710 2965 4765 τὸν
2992 4711 3195 4767 κανόνα
3238 4712 3427 4764 τοῦτον
3483 4710 3612 4781 περὶ
3672 4708 3777 4779 ψή-

514 4803 760 4862 Ecclesia
810 4804 1106 4868 ordinatio,
1136 4818 1230 4875 per
1268 4817 1458 4873 preces
1498 4803 1755 4874 mysticae
1802 4801 2097 4873 peragitur,

2203 4820 2305 4872 φου
2353 4803 2725 4871 διαλέγεσθαιο
2786 4802 2904 4856 ἀλλ’
2940 4803 3067 4873 ἐμοὶ
3107 4802 3258 4857 δοκεῖ
3299 4802 3376 4874 μὴ
3425 4801 3610 4866 καλῶς
3650 4801 3777 4855 τού-

514 4897 732 4953 etiantsi
789 4897 883 4952 llat
918 4912 1105 4953 coram
1157 4896 1342 4952 multis
1379 4914 1392 4951 :
1427 4896 1651 4966 insuper
1699 4910 1826 4952 cum
1877 4906 2103 4966 quartus

2199 4911 2327 4958 τους
2387 4894 2590 4963 λέγειν,
2622 4897 2704 4949 ὅτι
2758 4894 2853 4948 καὶ
2879 4896 2913 4966 ἡ
2970 4895 3056 4949 ἐπ’
3107 4895 3434 4966 Ἐκκλησίας
3473 4894 3778 4965 χειροτονία

513 5000 695 5046 cauott‘
722 4999 925 5046 sanctae
954 4989 1141 5061 primae
1161 4991 1349 5061 synodi
1369 4988 1597 5045 Nicatnae
1619 4989 1875 5046 decernat
1904 4989 2104 5046 debere

2200 4985 2289 5039 διὰ
2316 4984 2597 5056 μυστικῶν
2634 4985 2813 5057 εὐχῶν
2839 4986 3094 5051 τελεῖται,
3133 4989 3240 5041 κᾶν
3280 4985 3514 5040 ἐνώπιον
3565 4985 3780 5039 πολλῶν

518 5083 635 5139 ﬁeri
664 5082 985 5139 electionem
1012 5082 1250 5153 episcopi
1284 5085 1352 5137 ab
1375 5080 1627 5137 omnibus
1657 5081 1926 5153 episcopis
1969 5096 2102 5151 pro-

2203 5081 2448 5150 γίνηται.
2496 5079 2713 5143 Ἀλλως
2743 5097 2803 5134 τε
2831 5080 2927 5134 τοῦ
2968 5080 3009 5134 δ’
3039 5080 3261 5145 κανόνος
3288 5083 3390 5150 τῆς
3415 5081 3475 5133 ἐν
3500 5081 3707 5150 Νικαίᾳ
3731 5078 3778 5134 α’

521 5177 733 5241 vincite,
787 5176 873 5232 vel
917 5191 948 5232 a
1001 5176 1175 5233 tribus
1228 5175 1446 5241 saltem,
1507 5174 1731 5245 reliquis
1780 5176 1831 5229 in
1877 5174 2100 5242 scriptis

2202 5172 2638 5241 ἀγίαςουνόὸου,
2669 5171 3045 5244 διοριζομᾶνου
3072 5175 3171 5245 τὴν
3216 5173 3311 5227 τοῦ
3335 5173 3641 5227 ἐπισκόπου
3671 5172 3780 5243 ψῆ-

519 5267 982 5333 assentientibtts;
1030 5267 1220 5322 dubito
1254 5266 1529 5338 quomodo
1560 5265 1817 5319 dixerunt
1856 5263 2098 5319 nonnulli

2206 5282 2305 5335 φον
2330 5265 2577 5335 γίνεσθαι
2609 5268 2763 5338 παρὰ
2809 5269 3033 5322 πάντων
3065 5266 3177 5320 τῶν
3220 5268 3320 5335 τῆς
3364 5268 3637 5339 ἐπαρχίας
3661 5269 3782 5320 ἐπι-

520 5359 667 5415 lntnc
706 5373 971 5415 canonem
1008 5360 1076 5416 de
1107 5359 1372 5416 electione
1417 5356 1678 5413 antistitis
1728 5356 1957 5429 intelligi
2005 5357 2096 5427 qui

2207 5356 2485 5428 σκόπωνῆ
2518 5358 2658 5422 τέως
2690 5359 2878 5429 τριῶν,
2932 5361 3228 5430 ἐγγράφως
3272 5361 3367 5414 καὶ
3412 5362 3522 5414 τῶν
3578 5362 3780 5414 λοιπῶν

596 5536 612 5569 ⁸
638 5535 658 5589 ῐ
687 5536 833 5591 Tim.
870 5553 924 5601 ν,
948 5535 1039 5589 22.

590 5674 876 5740 ξοοιιθοιὶο
894 5687 1147 5740 sacrorum
1174 5687 1432 5740 canonum,
1458 5676 1511 5740 in
1544 5688 1689 5737 quam
1722 5674 2005 5740 Balsamon,
2040 5674 2260 5740 Zonaras
2280 5684 2331 5723 et
2357 5676 2626 5740 Aristenus
2657 5674 3010 5740 commentaria
3044 5678 3332 5731 ediderunt.
3361 5691 3420 5728 ea
3463 5680 3565 5739 ipsa
3591 5683 3687 5740 est,
3734 5680 3783 5728 ni

524 5734 1499 5805 I31lur,_qoam‘Phottusolimjonfecit
1519 5734 1578 5787 ad
1605 5750 1748 5787 usum
1778 5734 2021 5788 Ecclesia
2046 5737 2248 5799 Grecae,
2272 5749 2522 5798 quamque
2552 5739 2633 5787 hic
2674 5739 2919 5789 edendam
2952 5753 3065 5790 esse
3091 5740 3408 5802 promisimus
3440 5734 3497 5791 in'
3518 5748 3650 5791 tomo
3676 5734 3783 5793 ἐιν

526 5798 825 5864 Ρωι-οιοθὶω
857 5800 1073 5866 θνηταὶ..
1099 5799 1143 5850 J.
1168 5800 1223 5849 Β.
1252 5798 1315 5850 Μ.
