4056 6390
462 355 533 419 4'}
1704 339 1980 401 THEOD.
2021 335 2424 398 BALSAMON
3667 325 3740 390 44

535 462 789 520 ZONAR.
823 459 1056 515 Fructus
1101 453 1441 510 autumnales
1465 462 1529 506 ad
1558 454 1726 507 altare
1753 466 1861 506 non
1886 465 2049 520 opor-

2224 451 2473 504 ZQNAP.
2527 448 2638 511 Τὰς
2673 445 2898 518 ὀπώρας
2956 445 3057 500 οὐκ
3110 443 3192 508 είς
3227 441 3289 496 τὸ
3345 441 3737 512 θυσιαστήριον

467 569 544 613 lct
577 555 792 611 aﬂerre.
826 553 932 608 Sed
963 550 1056 620 qui
1113 563 1213 619 pro
1264 546 1443 602 debita
1481 545 1780 615 gratiarum
1833 544 2049 599 actione

467 649 580 704 vult
603 664 669 703 ex
701 645 787 701 his
819 643 1014 700 oﬂ‘erre
1044 643 1149 696 Deo
1176 641 1420 696 decimas
1463 646 1559 690 aut
1588 635 1880 706 primitias,
1925 633 2049 702 epi-

467 751 654 805 scopo,
709 733 1154 806 presbyterisque
1192 729 1401 785 deferat
1437 728 1601 798 ipsas.
1641 724 1742 790 Qui
1777 741 1895 778 cum
1929 737 2054 778 sns-

469 828 712 898 ceperint
743 839 864 892 eis,
902 826 953 878 in
981 821 1340 878 domesticam
1389 835 1540 874 suam
1585 817 1753 872 solam
1805 833 1912 871 non
1952 816 2052 869 ba-

469 921 631 973 beant
662 899 974 979 utilitatem,
1025 930 1126 970 nec
1167 914 1266 970 soli
1321 912 1616 966 fruantur:
1653 911 1746 965 sed
1795 909 2051 964 universo

470 1010 615 1063 clero
649 1010 998 1063 distribuant.

468 1099 696 1156 ARIST.
745 1097 976 1152 Fructus
1057 1098 1268 1151 domum
1336 1096 1637 1160 mittantur,

799 1192 982 1243 ordine
1004 1189 1335 1259 sequentibus
1369 1188 1710 1241 distribuant.

541 1285 774 1354 Excepta
825 1300 924 1336 uva
962 1299 1120 1352 passa
1181 1281 1448 1351 primitias
1495 1280 1720 1333 aliorum
1776 1278 2050 1333 fructuum

467 1393 574 1432 non
625 1378 750 1431 licet
782 1375 937 1428 altari
988 1373 1225 1440 oﬂ‘erre,
1281 1372 1375 1428 sed
1415 1373 1633 1426 domum
1686 1371 1898 1425 mittere
1934 1371 2052 1440 epi-

468 1483 636 1537 Senpo
675 1477 729 1520 et
768 1466 1122 1538 presbyteris,
1164 1477 1222 1518 ut
1271 1464 1667 1519 distribuantur
1717 1462 1958 1516 diaconis
1998 1471 2051 1518 et

470 1559 591 1613 aliis
628 1559 862 1614 clericis.
899 1558 1015 1613 Uva
1040 1558 1182 1613 enim
1212 1559 1262 1611 in
1297 1556 1526 1611 ecclesia
1561 1553 1787 1609 oﬂ‘ertur
1815 1553 2054 1623 peculia-

468 1652 603 1705 riter
642 1651 708 1704 ab
747 1649 865 1704 aliis
906 1649 1190 1713 fructibus,
1230 1657 1288 1701 ut
1333 1658 1389 1702 et
1439 1663 1467 1700 a
1506 1649 1631 1701 vino
1669 1661 1734 1701 ex
1781 1661 1844 1702 ea
1886 1645 2052 1713 facto,

469 1743 609 1809 quod
645 1743 940 1796 assumitur
971 1741 1037 1795 ad
1070 1740 1452 1811 perliciendum
1502 1738 1849 1794 incruentum
1877 1739 2052 1794 sacri-

469 1835 672 1890 ﬁcium.

1713 1110 1842 1165 quos
1892 1094 2051 1164 primi

1120 2016 1347 2074 CANON
1386 2018 1446 2073 γ.

471 2110 806 2184 Εριεεορασ,
870 2110 947 2166 vel
1005 2115 1311 2182 presbyter,
1377 2110 1454 2164 vel
1511 2110 1769 2165 diaconus
1831 2128 2053 2168 uxorem

539 2221 692 2258 suam
742 2221 804 2258 ne
853 2204 1031 2272 ejiciat
1087 2205 1356 2274 religionis
1395 2207 1709 2274 prwtextu‘:
1745 2205 1831 2259 sin
1869 2211 2053 2260 autem

541 2298 784 2366 ejecerit,
850 2307 1146 2368 segregelur
1179 2314 1198 2352 .'
1250 2307 1296 2352 et
1348 2299 1394 2352 si
1439 2310 1763 2368 perseveret,
1821 2300 2054 2367 depona-

542 2403 649 2442 (llr.

541 2481 738 2537 BALS.
767 2481 908 2545 Ante
937 2491 1146 2536 sextam
1181 2482 1468 2552 synodum,
1497 2499 1618 2552 qua:
1663 2483 1761 2536 fuit
1787 2483 1839 2536 in
1867 2481 2054 2537 Trullo

469 2573 679 2645 palatii,
712 2575 905 2629 licebat
935 2573 1203 2643 episcopis
1236 2574 1442 2630 habere
1476 2591 1694 2641 uxores,
1726 2578 1890 2630 etiam
1934 2585 2056 2647 post

470 2669 785 2740 dignitatem
820 2668 1207 2739 episcopalem,
1243 2669 1698 2739 quemadmodum
1733 2681 1788 2726 et
1809 2671 1902 2737 qui
1935 2680 2054 2741 post

470 2761 878 2815 matrimonium
947 2762 1270 2815 ordinantur
1323 2761 1635 2816 sacerdotes
1693 2771 1749 2816 et
1816 2759 2052 2817 diaconi.

469 2856 735 2922 Quoniam
770 2857 950 2924 itaque
980 2864 1104 2908 ante
1150 2869 1299 2908 cxvn
1331 2852 1564 2909 Justiani
1603 2835 1903 2918 Novellam,
1936 2868 2056 2924 quae

469 2950 572 3003 sita
595 2959 677 3003 est
706 2948 758 3001 in
791 2947 931 3002 libro
963 2946 1181 3000 Basilic.
1219 2959 1412 3012 uvtu,
1447 2947 1530 2999 tit.
1579 2945 1630 3012 7,
1668 2945 1866 2999 licebat
1898 2945 2055 3000 cuili-

470 3042 562 3094 bet
596 3023 785 3108 quavis
809 3053 876 3092 ex
905 3053 1069 3091 causa
1105 3037 1321 3091 mittere
1363 3051 1474 3090 sua:
1499 3041 1655 3090 uxori
1688 3035 1926 3090 libellum
1968 3049 2054 3091 re-

473 3132 644 3203 pudii,
682 3130 811 3185 dicit
839 3144 1080 3200 praesens
1102 3143 1302 3195 canon,
1338 3143 1446 3182 non
1474 3128 1639 3183 licere
1663 3131 1938 3198 episcopo,
1972 3129 2052 3182 vel

2151 545 2235 598 δεῖ
2294 540 2695 614 προσάγεσθαι,
2754 540 2892 593 ἀλλὰ
2943 537 3034 592 τὸν
3082 535 3411 607 βουλόμενον
3481 535 3737 604 ἀπαρχὰς

2152 635 2215 700 ἐξ
2249 635 2435 689 αὐτῶν
2466 635 2847 704 προσαγαγεῖν
2875 630 2951 700 τῷ
2985 629 3104 701 Θεῷ
3138 629 3220 691 είς
3278 625 3631 698 εὐχαριστίαν
3661 623 3739 692 τῷ

2152 728 2440 798 ἐπισκόπῳ
2471 727 2678 790 ταύτας
2731 721 3071 796 προσφέρειν
3117 722 3215 776 καὶ
3255 723 3372 783 τοῖς
3427 717 3735 789 πρεσϐυτέ-

2155 839 2290 894 ροιςο
2322 821 2611 884 κάκείνους
2639 817 2962 889 δεχομένους
3003 814 3207 878 ταύτας
3257 817 3333 883 μὴ
3393 814 3472 876 είς
3526 809 3736 864 οἰκείαν

2157 915 2326 986 μόνην
2359 914 2506 984 ἔχειν
2560 911 2884 973 ἀπόλαυσιν,
2916 909 3052 962 ἀλλὰ
3082 909 3176 961 καὶ
3212 905 3290 974 τῷ
3321 905 3512 976 κλήρῳ
3559 901 3738 962 διανέ-

2159 1025 2282 1077 μειν
2314 1008 2502 1061 παντί.

2156 1100 2378 1155 ΑΡΙΣΤ.
2428 1104 2498 1156 Δί
2529 1098 2752 1168 ὀπῶραι
2784 1098 2937 1152 οἴκοι
2977 1094 3424 1166 πεμπέονθωσαν
3447 1091 3520 1162 (4)
3577 1088 3649 1156 ἃς
3687 1090 3743 1142 οι

2487 1191 2699 1260 πρῶτοι
2727 1191 2852 1258 τοῖς
2875 1189 3020 1258 ἑξῆς
3056 1187 3425 1256 διανέμοιεν.’

2231 1286 2399 1339 Ἀνευ
2434 1283 2714 1355 σταφυλῆς
2751 1285 2850 1346 τὰς
2878 1284 3132 1354 ἀπαρχὰς
3162 1281 3269 1334 τῶν
3298 1278 3474 1333 ἄλλων
3505 1272 3740 1344 ὀπωρῶν

2156 1377 2216 1431 οὐ
2235 1378 2311 1448 τῷ
2337 1377 2713 1448 θυσιαστηρίῳ
2739 1376 3075 1446 προσφέρειν
3092 1373 3196 1436 δεῖ,
3223 1370 3336 1425 ἀλλ’
3360 1368 3500 1422 οἴκοι
3520 1365 3735 1418 στέλλε-

2155 1473 2280 1526 σθαι
2311 1471 2389 1542 τῷ
2420 1470 2702 1540 ἐπισκόπῳ
2729 1471 2822 1522 καὶ
2845 1471 2956 1531 τοῖς
2979 1464 3390 1536 πρεσϐυτέροις,
3417 1461 3510 1512 ἐπὶ
3528 1457 3606 1528 τῷ
3628 1457 3741 1510 δια-

2155 1563 2445 1634 νείμασθαι
2473 1559 2644 1616 ταῦτα
2673 1560 2782 1623 τοῖς
2808 1559 3072 1619 διακόνοις
3101 1556 3199 1610 καὶ
3240 1557 3354 1616 τοῖς
3377 1553 3580 1612 λοιποῖς
3612 1548 3744 1617 κληι-

2158 1656 2354 1729 ρικοῖς.
2386 1654 2454 1708 Ἦ
2485 1654 2592 1725 γὰρ
2622 1650 2864 1722 σταφυλὴ
2893 1653 2949 1703 ὲν
2973 1651 3037 1720 τῇ
3076 1645 3342 1717 ἐκκλησίᾳ
3368 1641 3741 1715 προσαχθήσε-

2156 1769 2268 1815 ται,
2293 1750 2414 1802 κατ’
2440 1747 2716 1818 ἐξαίρετον
2743 1743 2852 1798 τῶν
2874 1741 3046 1797 ἄλλων
3069 1739 3410 1812 ὀπωρῶν,ὼς
3439 1737 3530 1790 καὶ
3559 1733 3652 1787 τοῦ
3683 1730 3743 1795 ἐξ

2160 1843 2332 1912 αὐτῆς
2361 1841 2506 1894 οῐνου
2563 1842 2644 1903 είς
2691 1835 3104 1906 τελεσιουργίαν
3169 1827 3741 1904 παραλαμϐανομένου

2156 1935 2255 2004 τῆς
2283 1933 2622 2006 ἁναιμάκτου
2653 1931 2866 1993 θυσίας.

2757 2023 3000 2078 ΚΑΝΩΝ
3034 2023 3109 2076 Ε’.

2169 2120 2583 2187 Ἐπίσκοπος,
2631 2118 2671 2188 ἢ
2727 2117 3172 2186 πρεσϐύτερος,
3218 2112 3256 2180 ἢ
3301 2109 3582 2177 διάκονος
3626 2107 3742 2171 τὴν

2228 2215 2449 2272 ἑαυτοῦ
2470 2212 2726 2283 γυναῖκα
2745 2210 2830 2281 μὴ
2862 2207 3206 2263 ἐκϐαλλέτω
3236 2205 3527 2274 προφάσει
3560 2207 3742 2258 εὐλα-

2227 2310 2412 2373 ϐείας·
2445 2307 2554 2361 ἐὰν
2580 2306 2650 2360 δὲ
2692 2304 2984 2371 ἐκϐάλλῃ,
3020 2298 3407 2372 ἀφοριζέσθωο
3443 2297 3743 2370 ἐπιμένων·

2227 2403 2317 2467 δὲ,
2365 2401 2784 2470 καθαιρείσθω.

2229 2495 2427 2550 ΒΑΛΣ.
2462 2493 2578 2563 Πρὸ
2607 2493 2704 2561 τῆς
2749 2496 2804 2554 ς’
2863 2487 3082 2542 συνόδου
3145 2488 3243 2558 τῆς
3283 2487 3340 2540 ἐν
3368 2485 3446 2555 τῷ
3483 2483 3742 2556 Τρούλλῳ

2155 2590 2252 2644 τοῦ
2309 2587 2576 2643 παλατίου
2647 2582 2950 2654 γενομένης
3032 2581 3160 2650 ἐξῆν
3232 2583 3346 2643 τοῖς
3415 2579 3742 2642 ἐπισκόποις

2158 2681 2304 2756 ἔχειν
2342 2682 2608 2752 γυναῖκας
2649 2679 2744 2731 καὶ
2802 2675 2942 2744 μετᾶ
2976 2677 3036 2728 τὸ
3089 2673 3450 2727 ἐπισκοπικίιν
3497 2671 3740 2740 ἀξίωμα,

2156 2775 2348 2848 ὥσπερ
2383 2775 2597 2846 ἔχουσιν
2634 2772 2803 2835 αὑτὰς
2835 2770 2930 2841 καὶ
2962 2770 3011 2823 oi
3051 2769 3191 2840 μετὰ
3220 2768 3310 2822 τὸν
3359 2767 3537 2837 γάμον
3565 2782 3745 2837 χειρο-

2155 2871 2469 2940 τονούμενοι
2529 2869 2692 2936 ίερεῖς
2734 2865 2764 2934 ἣ
2810 2864 3071 2918 διάκονοι.
3133 2862 3284 2915 Ἐπεὶ
3341 2856 3436 2914 οὖν
3487 2861 3592 2932 πρὸ
3646 2861 3746 2929 τῆς

2170 2961 2612 3016 Ἰουστινιανείου
2642 2955 2770 3028 ριζ’,
2806 2971 3010 3026 νεαρας
3040 2954 3140 3022 τῆς
3175 2951 3439 3021 κειμένης
3472 2951 3529 3004 ἐν
3556 2949 3747 3019 βιϐλίῳ

2156 3055 2265 3109 τῶν
2301 3051 2604 3108 Βασιλικῶν
2634 3051 2708 3120 (5)
2737 3046 2822 3118 κη’
2846 3047 3009 3116 τίτλὶρ
3040 3046 3084 3110 ζ’
3116 3046 3300 3098 ἄδειαν
3329 3039 3476 3113 εἶχεν
3505 3045 3532 3096 ὁ
3555 3041 3746 3113 βουλό-

2162 3167 2322 3221 μενος
2350 3149 2414 3200 ἐκ
2438 3145 2616 3214 πάσης
2647 3143 2827 3203 αἰτίας
2857 3139 3209 3194 ἀποστέλλειν
3232 3139 3298 3208 τῇ
3327 3135 3548 3206 γυναικὶ
3578 3132 3744 3187 αὑτοῦ

470 3229 808 3295 presbytero,
851 3220 934 3275 Vel
975 3221 1202 3276 diacono
1254 3230 1516 3290 praetextu
1573 3221 1850 3292 religionis
1900 3237 2052 3275 suam

2161 3220 2461 3310 διαζύγιον,
2486 3237 2651 3308 φησὶν
2688 3237 2715 3288 ὁ
2755 3232 2948 3305 παρὼν
2985 3229 3188 3291 κανὼν,
3235 3229 3310 3299 μὴ
3363 3230 3510 3298 ἔχειν
3562 3229 3749 3282 ἄδειαν

471 3329 694 3368 uxorem
730 3313 950 3383 ejicere.
989 3309 1088 3366 Hic
1116 3319 1296 3367 autem
1325 3327 1499 3365 canon
1525 3312 1780 3378 exolevit,
1817 3313 1958 3382 quod
1987 3315 2053 3367 ad

471 3405 817 3477 presbyteros
850 3413 905 3459 et
938 3404 1196 3457 diaconos
1239 3404 1466 3468 attinet;
1505 3404 1740 3474 episc0pi
1777 3407 1943 3468 enim,
1997 3416 2056 3458 ut

470 3491 676 3552 dictum
718 3505 824 3562 est,
871 3505 993 3565 post
1035 3495 1401 3564 episcopatum
1453 3505 1658 3550 uxores
1706 3496 1902 3551 habere
1945 3509 2054 3549 non

472 3597 732 3662 possunt;
764 3587 906 3658 quod
943 3603 1083 3641 nunc
1110 3601 1213 3640 non
1242 3587 1410 3655 possit
1435 3586 1590 3640 aliter
1613 3585 1747 3642 solvi
1775 3588 2056 3641 matrimo-

472 3683 624 3736 nium
662 3697 826 3752 quam
862 3695 959 3750 pro
991 3681 1174 3734 causis
1210 3695 1330 3750 quae
1362 3679 1414 3734 in
1450 3681 1594 3736 dicta
1625 3678 1846 3736 Novella
1879 3682 2054 3736 conti-

474 3785 692 3839 nentur,
719 3788 840 3843 qua;
869 3783 994 3828 sunt
1029 3774 1112 3828 bac
1143 3789 1156 3826 :
1191 3771 1244 3827 Si
1270 3774 1396 3842 quis"
1422 3789 1486 3828 ex
1523 3773 1843 3844 conjugibus
1867 3775 2058 3830 adver-

475 3884 567 3922 sus
599 3869 980 3934 imperatorem
1011 3866 1426 3935 conspiraverit.
1462 3865 1517 3920 Si
1564 3881 1700 3922 uxor
1754 3867 2057 3921 adulterata

476 3961 659 4016 fuerit.
705 3959 760 4013 Si
793 3961 1054 4013 alteruter
1095 3961 1218 4014 vita:
1264 3959 1487 4015 alterius
1537 3959 1826 4014 insidiatus
1867 3960 2053 4016 fuerit.

476 4053 532 4108 Si
567 4066 701 4106 uxor
739 4066 859 4107 cum
898 4050 1029 4106 viris
1059 4051 1299 4106 externis
1327 4052 1545 4107 nolente
1574 4054 1770 4108 marito
1795 4055 2054 4110 convive-

475 4155 588 4209 tur,
621 4145 703 4199 vel
729 4145 961 4209 lavetur.
1005 4144 1064 4199 Si
1093 4154 1248 4200 extra
1280 4145 1498 4201 domum
1523 4147 1704 4201 mariti
1740 4162 1876 4202 uxor
1904 4163 2050 4202 man-

473 4241 628 4303 serit,
661 4240 766 4292 nisi
805 4240 944 4292 iorte
980 4239 1123 4308 apud
1152 4253 1279 4293 suos
1309 4248 1585 4306 parentes.
1624 4237 1682 4294 Si
1723 4256 1858 4296 uxor
1895 4241 2061 4296 vadat

473 4331 540 4383 ad
569 4344 832 4400 equorum
881 4328 1134 4383 Circense
1171 4330 1501 4384 curriculum
1565 4339 1760 4399 praeter
1811 4333 2059 4388 volunta-

476 4431 582 4474 tem
620 4419 823 4474 mariti.
861 4419 918 4474 Si
947 4419 1209 4474 alteruter
1239 4420 1532 4489 coniugum
1579 4422 1743 4476 vitam
1793 4425 2062 4480 monasti-

2159 3330 2253 3384 τὸν
2282 3330 2609 3391 ἐπίσκοπον,
2636 3326 2667 3396 ἢ
2706 3324 2799 3377 τὸν
2831 3321 3232 3393 πρεσϐύτερον,
3262 3321 3294 3390 ἢ
3326 3319 3418 3373 τὸν
3473 3319 3749 3387 διάκονον,

2162 3421 2438 3492 προφάσει
2472 3418 2762 3482 εὐλαϐείας
2787 3417 3072 3472 ἐκϐάλλειν
3107 3414 3206 3485 τὴν
3235 3413 3445 3468 οἰκείαν
3490 3415 3748 3481 γυναῖκα.

2163 3513 2244 3568 Τὰ
2277 3513 2371 3567 τοῦ
2395 3512 2644 3566 τοιούτου
2677 3511 2733 3563 δὲ
2783 3510 3009 3573 κανόνος
3065 3509 3392 3579 ἐσχόλασαν,
3428 3507 3552 3560 ὅσον
3608 3507 3749 3568 τέως

2161 3606 2240 3670 είς
2267 3606 2396 3669 τοὺς
2435 3603 2843 3675 πρεσϐυτέρους
2879 3603 2974 3654 καὶ
3019 3602 3323 3663 διακόνους.
3373 3601 3436 3653 Oi
3462 3599 3571 3671 γὰρ
3628 3599 3751 3652 ἐπί-

2166 3716 2362 3752 σκοποι
2397 3699 2665 3765 γυναῖκας
2703 3695 2868 3766 ἔχειν,
2897 3694 2973 3758 ὼς
3017 3694 3252 3763 εἴρηται,
3301 3691 3441 3763 μετὰ
3478 3693 3576 3763 τὴν
3626 3693 3750 3744 ἐπι-

2167 3789 2378 3860 σκοπὴν
2439 3790 2499 3842 οὐ
2553 3788 2833 3840 δύνανταιο
2868 3788 2932 3839 ἐκ
2983 3786 3078 3839 τοῦ
3109 3787 3184 3856 μὴ
3234 3784 3459 3838 λύεσθαι
3507 3785 3747 3855 σήμερον

2165 3883 2342 3946 ἄλλως
2381 3899 2498 3945 πως
2543 3879 2884 3932 συνοικέσιον
2938 3877 3016 3950 (6)
3059 3875 3470 3950 οἱονδηποτοῢν,
3498 3880 3545 3931 εί
3577 3877 3650 3948 μὴ
3683 3879 3749 3930 ἐκ

2163 3975 2276 4028 τῶν
2309 3974 2500 4028 αἰτιῶν
2524 3973 2634 4025 τῶν
2663 3975 2721 4024 ἐν
2748 3974 2814 4042 τῇ
2844 3971 3074 4043 ῥηθείσῃ
3107 3973 3275 4042 νεαρᾷ
3313 3971 3740 4042 περιεχομένων’

2165 4063 2218 4116 αἳ
2254 4062 2349 4115 καί
2375 4063 2514 4115 εἰσιν
2549 4054 2710 4115 αὗται
2735 4077 2747 4091 ·
2787 4061 2849 4113 τὸ
2905 4059 3174 4131 φρονῆσαί
3204 4078 3323 4115 τινα
3359 4063 3422 4114 ἐκ
3478 4062 3583 4114 τῶν
3611 4062 3745 4129 ὁμο-

2163 4153 2344 4221 ζύγων
2367 4153 2512 4206 κατὰ
2547 4151 2792 4222 βασιλέα,
2844 4152 2904 4206 τὸ
2959 4153 3312 4223 μοιχευθῆναι
3345 4151 3443 4225 τὴν
3487 4153 3744 4222 γυναῖκα,

2166 4248 2227 4300 τὸ
2249 4245 2745 4300 ἐπιϐουλεύσασθαι
2777 4246 3007 4316 θάτερον
3036 4249 3102 4315 τῇ
3139 4245 3234 4299 τοῦ
3265 4245 3456 4317 ἑτέρου
3499 4243 3638 4314 ζωῇ,
3688 4244 3747 4298 τὸ

2170 4337 2570 4409 συμποσιὰζειν
2599 4337 2632 4408 ἢ
2664 4338 3019 4391 συλλούεσθαι
3044 4337 3141 4408 τὴν
3189 4341 3424 4406 γυναῖκα
3488 4336 3746 4408 ἀνδράσιν

2169 4432 2473 4497 ἐξωτικοῖς,
2534 4433 2609 4504 μὴ
2667 4431 2994 4503 βουλομένου
3033 4432 3127 4485 τοῦ
3163 4431 3380 4502 ἀνδρὸς·
3413 4431 3474 4486 τὸ
3513 4431 3617 4499 ἔξω
3644 4431 3745 4501 τῆς

1716 4537 1884 4602 Guil.
1916 4537 2252 4625 ’Beveregii
2299 4553 2491 4608 notes.

545 4661 624 4744 μ)
652 4661 818 4717 Οἵκοι
841 4660 1311 4745 πεμπέοςθξυσαν.
1355 4659 1406 4744 lin
1442 4663 1715 4745 Simeonis
1741 4665 2054 4745 Διλοεοιιιίξιιιι

2175 4675 2286 4729 ﬁlio
2341 4673 2522 4745 Leone
2576 4674 2908 4742 Philosophe
2956 4675 3235 4738 collectus,
3271 4673 3554 4745 βασιλικαί
3617 4675 3746 4745 (viz.

473 4735 709 4810 epitonia
735 4745 850 4803 post
885 4733 1686 4810 πεμπέσθωσανρδὶο.Ισξιὶιιιιχε
1729 4733 1956 4810 ἀπαρχὴ
1984 4741 2060 4810 τῷ

475 4793 764 4882 {astutiam
811 4793 1104 4882 _xal._"roi.;
1152 4793 1576 4877 πρεσϐυτέροις,
1636 4807 1704 4870 ἃς
1742 4809 1791 4860 οἱ
1849 4793 2060 4882 {ptinet

471 4877 587 4938 τοῖς
647 4875 773 4942 ἑξῆς
807 4873 1140 4943 διανέμοιεν.

546 4946 624 5015 (5)
672 4947 774 4998 Ἐν
800 4947 1022 5010 ,βιϐλίῳ
1067 4945 1188 5002 τῶν
1215 4946 1579 5005 Βασιλικῶν.
1606 4950 1767 5006 Liber
1792 4953 2060 5008 constitu-

475 5015 683 5092 tionutn
729 5016 1168 5092 itupct'ialiume
1223 5020 1516 5092 Iustiniani
1547 5023 1754 5086 codice,
1804 5025 2055 5092 digestis,

473 5085 733 5149 novellis,
788 5086 1223 5144 institutionibus
1255 5099 1311 5145 et
1360 5088 1556 5144 edictis
1579 5107 1605 5155 λ
1633 5085 1757 5147 item
1794 5109 1824 5147 e
1859 5085 2056 5148 Justini

471 5156 738 5220 Junioris,
807 5156 1036 5232 Tiberii,
1067 5156 1302 5232 lenonis
1353 5161 1698 5232 aliorun‘tque
1763 5165 2058 5232 imperato-

478 5241 620 5304 rum,
653 5227 1300 5304 .atqueuipsiusBasilji
1357 5227 1668 5304 Macedonis
1717 5227 1968 5296 novellis,
2024 5250 2054 5290 c

479 5297 969 5372 {ipttstitutionibus
1019 5299 1180 5353 etiam
1243 5300 1564 5364 Βασιλικαῖς
1597 5339 1614 5364 ,
1670 5304 2000 5372 ἐπαρχικαῖς
2035 5345 2052 5371 ,

484 5363 637 5449 Ῥῳμ
649 5370 826 5427 λῖκαῖς
852 5382 866 5430 ;
901 5382 1110 5449 nernnn
1133 5387 1198 5424 ex
1223 5371 1514 5449 paratitlis,
1534 5363 1748 5449 glossis,
1765 5363 2055 5443 τξάῑραγραξ

479 5441 631 5514 φαῐῑς,
679 5441 1114 5516 παραπομπαῖς,
1166 5457 1258 5495 seu
1305 5441 1869 5516 _i_nterpretationibus,
1919 5441 2053 5515 quas

474 5509 633 5583 varii_
673 5509 1049 5583 juris_c0nsulti
1097 5511 1544 5583 conscribebant,
1573 5527 1605 5583 _e
1659 5515 1855 5583 ῥοπαῖς
1885 5509 2046 5570 etiam

469 5588 565 5656 seu
611 5575 1028 5656 dytoyaig‘gtepl
1070 5582 1176 5632 τῶν
1213 5583 1395 5650 νόμων
1425 5575 1671 5656 ,Ῥοδίους
1710 5575 2058 5656 Γιωργικοῦ,

471 5643 551 5695 De
582 5643 751 5705 pwuis
783 5643 1127 5714 militaiibus,
1161 5643 1295 5716 etc.,
1327 5668 1390 5704 ex
1424 5649 1544 5704 liuli
1598 5643 1772 5718 libris,
1805 5643 1856 5708 ei
1889 5643 1927 5708 ὀ
1958 5643 2059 5708 νει-ἶ

475 5722 616 5784 trntn
661 5727 920 5783 praeterea
964 5724 1252 5775 Sententiis
1281 5761 1294 5784 ,
1329 5733 1381 5773 et
1415 5722 1782 5776 (ionciliorum
1828 5727 2056 5778 candui-

478 5781 597 5848 bus,
639 5781 812 5853 primo
841 5806 869 5842 a
905 5789 1104 5843 Basilio
1135 5781 1451 5858 Macedone,
1489 5802 1541 5846 et
1569 5794 1762 5848 deinde
1789 5797 1856 5850 ab
1889 5798 2054 5862 ipsius

2171 4743 2468 4816 διατάξεις)
2506 4758 2558 4802 ct
2605 4762 2994 4816 nonnunquam
3064 4743 3321 4816 βασιλικά
3375 4743 3742 4816 nuncupatur.

2171 4814 2606 4888 Egregiumjioc
2643 4832 2784 4886 Opus
2835 4814 2887 4870 in
2921 4814 3090 4871 libros
3118 4833 3184 4871 ιιι
3208 4814 3607 4888 Διίίβιτὶιηιῐυιιι,
3643 4817 3748 4888 ali-

2167 4884 2388 4953 quando
2419 4904 2446 4937 a
2476 4884 2695 4941 Zonara’
2719 4898 2775 4939 et
2819 4887 3094 4950 Aristeno,
3129 4901 3159 4940 a
3207 4884 3532 4954 Balsamone
3565 4886 3750 4954 saepis-

2167 4951 2306 5011 sime
2361 4957 2632 5011 laudatur.
2693 4957 2962 5012 Casterum
3018 4951 3300 5024 exemplar
3339 4971 3369 5009 a
3423 4951 3749 5012 Balsarnonc

2168 5027 2499 5096 reliquisque
2556 5029 2816 5096 usitatum
2868 5029 2937 5081 ab
2985 5042 3075 5091 eo,
3119 5025 3260 5096 quod
3311 5027 3631 5091 impressum
3666 5035 3750 5080 est

2164 5093 2585 5151 Parisiis'atttto
2641 5093 2803 5162 1647,
2837 5093 3299 5167 quamplurimum
3361 5097 3652 5167 discrepat,
3694 5097 3741 5146 in

2165 5167 2339 5221 titulis
2359 5169 2662 5235 praesertim
2700 5179 2756 5221 et
2785 5163 3055 5237 capitibus
3085 5164 3456 5237 recensendis.
3489 5163 3746 5237 Nonnun-

2163 5231 2370 5304 quam,‘
2403 5237 2601 5301 fateor,
2651 5253 2760 5292 non
2818 5231 2995 5307 capita
3046 5247 3276 5307 tantum,
3327 5236 3420 5290 sed
3451 5246 3504 5290 et
3544 5231 3680 5307 tituli
3715 5244 3744 5283 a

2164 5303 2485 5360 Balsamone
2520 5307 2668 5360 citati
2703 5308 2753 5360 in
2780 5303 3056 5377 impressis
3079 5303 3745 5377 desiderantur:plerum-

2163 5392 2269 5444 que
2313 5388 2491 5430 tamen
2523 5377 2698 5430 locum
2729 5370 2975 5442 citatum,
3009 5377 3054 5432 si
3097 5393 3202 5430 non
3229 5375 3280 5429 in
3317 5378 3431 5444 ipso
3459 5371 3656 5444 capite,
3689 5370 3740 5421 in

2161 5442 2352 5517 eodem
2406 5447 2597 5501 saltem
2636 5448 2813 5512 titulo,
2848 5447 2911 5502 ad
2936 5463 3096 5517 quem
3129 5454 3182 5517 te
3215 5442 3438 5517 remittit
3483 5442 3743 5517 invenies.

2239 5516 2315 5587 (6)
2347 5518 2760 5572 Συνοικέοοιον.
2793 5520 2882 5572 Sic
2907 5512 2970 5571 iii
2993 5533 3106 5587 ms.
3127 5515 3439 5587 Bodleiano,
3475 5521 3530 5564 at
3563 5514 3612 5563 in
3643 5512 3746 5587 im-

2168 5582 2375 5656 pressis
2419 5597 2500 5640 est
2550 5588 2920 5654 γυναικέσιον,
2973 5586 3116 5655 quod
3151 5585 3396 5652 nuspiam
3443 5582 3681 5637 occurrit
3727 5595 3741 5632 :

2167 5657 2510 5710 συνοικέσιον
2537 5669 2717 5711 autem
2755 5661 2968 5718 eodem,
3000 5672 3104 5724 quo
3129 5671 3156 5706 a
3195 5656 3531 5724 lialsamone,
3556 5657 3744 5724 sensu,

2168 5729 2272 5782 viz.
2307 5745 2400 5796 pro
2433 5729 2806 5794 matrimonio,
2845 5712 3073 5783 ettain'a
3099 5725 3294 5782 concil.
3328 5712 3747 5778 Clialeed.'cau.

2166 5798 2256 5864 '27,
2284 5808 2593 5868 usurpatur.
