4056 6386
255 385 260 394 Ι
275 298 351 361 49

1567 307 1651 367 1N
1689 308 1857 370 CAN.
1905 309 2013 371 VII
2047 312 2300 378 APOST.
3480 310 3550 373 50

255 401 442 470 ’ταίας
478 405 648 479 οὔσης
695 409 795 480 τῆς
830 411 1064 482 σελήνης
1100 416 1158 469 ἐν
1198 415 1274 486 τῷ
1316 417 1519 488 πρώτῳ
1554 419 1707 488 μηνὶ,
1753 419 1873 488 ἦτοι

1979 438 2006 476 a
2039 421 2350 493 captivitate
2381 421 2610 485 diaboli,
2639 435 2800 490 quam
2830 419 3099 480 Christus
3124 427 3177 473 et
3203 417 3344 473 Deus
3369 427 3551 472 noster

269 501 355 569 τῷ
387 501 639 573 Μαρτίῳ,
668 505 1004 576 ἑορτάζομεν
1041 511 1136 562 κα)⁸
1163 511 1325 580 ἡμεῖς
1355 511 1414 563 τὸ
1439 512 1722 580 Κυριακὸν
1762 512 1874 566 Πά-

274 609 405 663 σχα,
430 594 551 664 ἦτοι
572 596 672 668 τὴν
713 599 779 650 ἐκ
808 599 908 669 τῆς
936 601 1188 665 δουλείας
1219 601 1314 656 τοῦ
1367 603 1619 658 διαϐόλου
1647 605 1872 659 ἐλευθε-

274 685 402 756 ρίαν
425 687 607 755 ἡμῶν,
642 691 711 758 ἦν
735 689 826 743 διὰ
855 691 950 744 τοῦ
983 693 1189 747 οἰκείου
1221 693 1428 758 πάθους
1454 697 1482 748 ό
1514 696 1752 768 Χριστὸς
1776 699 1870 754 καὶ

274 775 410 836 Θεὸς
437 779 599 847 ἡμῶν
624 781 759 850 ἡμῖν
804 783 1124 854 ἐχαρίσατο.
1192 785 1568 858 Ἐορτάζομεν
1591 788 1646 842 δὲ
1685 788 1866 854 τοῦτο,

276 872 378 939 οὐχ
405 871 497 924 ὅτε
523 872 588 925 τὸ
649 875 947 930 Ἰουδαϊκὸν
1003 879 1220 948 Πάσχα.
1266 880 1524 946 τελεῖται,
1565 881 1701 936 ἀλλὰ
1733 883 1874 952 μετὰ

277 961 442 1014 τοῦτο
480 964 614 1033 (li),
649 966 897 1034 δηλονότι
924 969 1063 1037 μετὰ
1107 971 1167 1023 τὸ
1201 971 1458 1040 γενέσθαι
1503 973 1605 1041 τὴν
1650 972 1874 1044 ἐαρινὴν

284 1055 611 1126 ίσημερίαν,
681 1047 779 1112 καί
839 1061 982 1130 μετὰ
1023 1062 1124 1133 τὴν
1161 1063 1220 1115 ιδ’
1247 1065 1463 1135 ἡμέραν
1505 1065 1602 1118 τοῦ
1653 1065 1872 1138 πρῲτου

279 1147 482 1215 μηνὸς,
509 1149 632 1219 ἤτοι
657 1151 762 1220 τῆς
804 1153 1035 1223 πρώτης
1064 1153 1300 1225 σελήνης
1329 1159 1425 1210 τοῦ
1476 1158 1726 1228 Μαρτίου
1765 1176 1874 1228 μη-

275 1240 391 1302 νὸς,
425 1241 486 1292 ὲν
506 1245 574 1312 τῇ
611 1243 748 1314 αὐτῇ
788 1246 972 1313 μέντοι
1028 1247 1318 1318 ἐϐδομάδι,
1361 1249 1452 1302 ὅτε
1487 1242 1581 1302 καὶ
1605 1250 1666 1303 τὸ
1700 1249 1872 1314 πάθος

273 1333 376 1385 τοῦ
410 1336 652 1405 Χριστοῦ
684 1339 780 1391 καὶ
813 1341 845 1407 ἡ
872 1340 1199 1407 ἀνάστασις,
1233 1339 1377 1395 οὕτω
1405 1341 1528 1396 τότε
1573 1343 1859 1412 γεγόνασι.

1980 516 2136 570 nobis
2167 530 2261 582 per
2287 529 2439 568 suam
2469 514 2777 582 passionem
2813 512 3040 579 largitus
3068 519 3168 564 est.
3202 510 3557 564 Celehramus

1978 617 2159 662 autem
2190 607 2341 672 illud,
2375 622 2483 661 non
2521 621 2584 660 eo
2617 615 2860 672 tempore
2892 618 2998 672 quo
3030 601 3238 658 Pascha
3269 601 3555 658 ladaicum

1977 700 2299 764 celebratur,
2334 699 2426 754 scd
2464 711 2584 769 post
2617 699 2796 767 ipsum
2831 715 2844 751 :
2878 696 3089 750 scilicet
3119 704 3401 764 postquam
3440 693 3556 762 fue-

1976 793 2048 846 rit
2079 807 2306 847 vernum
2357 791 2761 861 arquinoctinm,
2807 797 2863 842 et
2906 797 3028 856 post
3071 786 3137 840 Η
3179 786 3359 840 lunam
3395 784 3557 855 primi

1978 875 2206 950 mensis,
2241 900 2337 940 seu
2369 884 2603 954 primam
2649 883 2828 939 lunam
2865 881 3064 944 Martii,
3120 881 3214 933 sed
3268 881 3318 932 in
3368 879 3557 931 eadem

1979 977 2341 1037 hebdomade.
2377 976 2520 1046 quod
2552 976 2733 1043 passio
2770 974 2982 1028 Domini
3030 983 3083 1028 et
3123 969 3455 1028 resurrectio
3481 969 3563 1024 sic

1978 1087 2044 1125 eo
2100 1079 2342 1138 tempore
2372 1069 2613 1123 fuerunt.
2653 1067 2847 1134 Qumre
2896 1067 3059 1122 etiam
3110 1082 3204 1120 vttt
3250 1064 3554 1120 orationem

1979 1161 2156 1216 sancti
2204 1159 2386 1214 Patris
2433 1161 2602 1214 nostri
2663 1157 2890 1214 Joannis
2941 1156 3343 1229 Chrysostomi,
3395 1170 3560 1226 quam

1977 1249 2196 1318 scripsit
2224 1250 2290 1303 tle
2317 1247 2546 1304 Pascha.
2582 1247 2772 1315 Quaere
2791 1258 2845 1303 et
2879 1249 2947 1303 75
2980 1265 3103 1303 can.
3133 1263 3256 1319 syn.
3289 1247 3479 1302 Carth.
3506 1254 3563 1301 et

1970 1357 2092 1412 quae
2129 1341 2181 1395 in
2215 1355 2280 1394 eo
2307 1356 2335 1394 a
2367 1340 2524 1395 nobis
2552 1342 2752 1408 scripta
2789 1349 2916 1394 sunt
2963 1341 3028 1396 de
3051 1340 3284 1396 Pascha.

275 1427 444 1497 Ζήτει
485 1429 583 1483 καὶ
633 1431 726 1482 τὸν
751 1428 802 1502 η’
827 1430 988 1499 λόγον
1040 1431 1154 1503 (19.)
1209 1433 1301 1487 τοῦ
1335 1435 1393 1488 ἐν
1415 1433 1589 1502 ἁγίοις
1635 1433 1849 1501 Harpe;
1894 1430 2044 1502 ἡμῶν
2082 1431 2332 1486 Ἰωάννου
2401 1430 2493 1485 τοῦ
2551 1431 2969 1502 Χρυσοστόμου,
3035 1429 3096 1484 δν
3183 1427 3564 1500 συνεγράψατο

275 1521 376 1583 Εἰς
437 1523 502 1575 τὸ
565 1523 780 1594 Πάσχα.
853 1527 1018 1596 Ζήτει
1091 1529 1187 1580 καὶ
1241 1529 1332 1582 τὸν
1403 1527 1482 1599 ογ’
1533 1530 1734 1584 κανόνα
1784 1528 1885 1599 τῆς
1963 1529 2021 1581 ἒν
2086 1527 2421 1600 Καρθαγένῃ
2503 1527 2720 1581 συνόδου

276 1615 442 1689 ἡμῶν
474 1618 922 1688 παραγραφὲντα
958 1621 1205 1692 περὶτοῦ
1237 1623 1449 1693 Πάσχα.

2814 1526 2911 1581 mi.
2972 1526 3042 1580 τὰ
3103 1528 3161 1580 ὲν
3222 1525 3372 1596 αὐτῷ
3431 1534 3554 1597 παρ

350 1709 602 1764 ΖΩΝΛΡ.
645 1711 902 1783 Ἐαρινὴν
956 1715 1248 1785 ἰσημερίαν
1295 1717 1440 1781 τινὲς
1485 1718 1585 1789 τὴν
1633 1715 1710 1771 κε’
1745 1717 1877 1786 φασὶ

2053 1711 2304 1768 ZONAR.
2329 1711 2568 1767 Vernunt
2587 1710 2975 1780 aequinoctium
2999 1709 3215 1778 quidam
3243 1707 3562 1779 vigesimum

277 1802 377 1854 ’τοῦ
424 1802 672 1872 Μαρτίου
701 1820 714 1833 ⁶
752 1805 897 1870 τινὲς
940 1807 995 1859 δὲ
1029 1807 1127 1878 τὴν
1164 1806 1240 1860 κε’
1277 1807 1367 1861 τοῦ
1405 1807 1744 1880 Ἀπριλλίου.
1783 1805 1876 1863 Οἷ-

283 1910 384 1961 μαι
412 1893 468 1944 δὲ
503 1893 630 1963 μήτ’
652 1893 870 1965 ἐκείνην
906 1897 1044 1968 μήτε
1071 1897 1277 1967 ταύτην
1303 1899 1394 1951 τὸν
1421 1899 1624 1954 κανόνα
1649 1898 1832 1969 λέγειν
1859 1914 1872 1928 ·

276 1983 354 2046 ὡς
407 1983 501 2036 ἐπὶ
550 1984 613 2037 τὸ
662 1985 796 2038 πολὺ
847 1984 956 2055 γὰρ
1007 1987 1068 2040 τὸ
1117 1987 1309 2059 Πάσχα
1361 1987 1467 2059 πρὸ
1515 1989 1614 2058 τῆς
1667 1986 1742 2042 κε’
1781 1987 1876 2042 τοῦ

290 2073 607 2142 Ἀπριλλίου
637 2075 992 2145 ὲορτάζεσθαι
1029 2077 1250 2131 εἴωθενο
1279 2077 1395 2132 ἔστι
1429 2076 1486 2131 δὲ
1519 2078 1609 2131 ὅτε
1645 2079 1739 2132 καὶ
1773 2078 1879 2148 πρὸ

276 2165 378 2235 τῆς
415 2163 609 2218 κε’τοῦ
642 2167 915 2238 Μαρτίου,
953 2169 1028 2231 ὡς
1056 2167 1380 2244 συμβαίνειν
1414 2171 1485 2243 (εί
1510 2169 1682 2235 οὕτως
1705 2174 1879 2226 νοοῖτο

278 2259 314 2326 ἡ
352 2257 549 2326 ἐαρινὴ
585 2257 873 2330 ἰσημερίαι)
909 2261 1060 2330 παρὰ
1091 2260 1182 2313 τὸν
1214 2261 1419 2315 κανόνα
1448 2261 1638 2315 τοῦτον
1669 2263 1729 2314 τὸ
1764 2263 1877 2316 Πά-

278 2366 388 2417 σχα
418 2349 798 2419 ὲορτάζεσθαι.
826 2351 1047 2404 Ἔοικεν
1076 2351 1170 2405 οὖν
1197 2352 1328 2406 ἄλλο
1353 2369 1406 2405 τι
1435 2353 1657 2424 ἐαρινὴν
1687 2355 1880 2424 ἰσημε-

277 2441 407 2510 ρίαν
428 2442 556 2505 τοὺς
581 2443 839 2506 συνετοὺς
864 2443 1200 2506 ἀποστόλους
1220 2444 1452 2516 όνομάζε
1463 2464 1529 2499 ιν.
1563 2445 1628 2500 Ἦ
1647 2447 1704 2501 δὲ
1729 2449 1878 2502 πᾶσα

276 2534 376 2587 τοῦ
415 2536 642 2598 κανόνος
680 2536 915 2606 διαταγὴ
954 2536 1115 2591 τοῦτό
1153 2539 1306 2602 ἐστι,
1348 2540 1409 2592 τὸ
1451 2538 1526 2611 μὴ
1573 2541 1708 2611 μετὰ
1741 2543 1874 2596 Ἰουο

273 2625 452 2678 δαίων
488 2626 507 2694 (
523 2627 691 2696 ἦγουν
727 2628 849 2680 κατ’
873 2627 1044 2698 αὐτὴν
1077 2627 1176 2700 τὴν
1211 2629 1461 2701 ἡμέραν)
1499 2630 1782 2699 ἑορτάζειν
1817 2630 1878 2684 τὸ

275 2718 479 2787 Πάσχα
500 2719 886 2788 Χριστιανούς.
907 2720 1030 2792 Χρὴ
1055 2722 1162 2789 γὰρ
1187 2723 1548 2793 προηγεῖσθαι
1567 2724 1667 2793 τὴν
1689 2725 1892 2799 άνέορο.

275 2829 373 2866 τον
408 2813 634 2867 ἐκείνων
671 2813 868 2886 ἑορτὴν
890 2857 903 2879 ,
941 2815 1034 2868 καὶ
1077 2813 1222 2868 οὕτω
1264 2816 1324 2869 τὸ
1367 2815 1487 2870 καθ’
1517 2818 1668 2887 ἡμᾶς
1701 2819 1875 2870 τελεῖ-

276 2904 411 2956 σθαι
449 2903 661 2974 Πάσχα.
689 2904 750 2957 Ὀ
779 2905 836 2958 δὲ
869 2904 942 2976 μὴ
969 2903 1128 2958 τοῦτο
1159 2906 1329 2960 ποιῶν
1359 2907 1656 2976 ἱερωμένος
1687 2909 1878 2962 καθαι-

282 2995 605 3065 ρεθήσεται.
643 2995 816 3048 Τοῦτο
849 2997 906 3049 δὲ
939 2997 1037 3049 καὶ⁵
1071 2998 1104 3068 ή
1138 2999 1198 3050 ὲν
1233 2999 1536 3070 Ἀντιοχείᾳ
1571 3001 1785 3063 σύνοδος
1819 3003 1877 3054 ἐν

1984 1801 2230 1870 quintum
2289 1799 2432 1853 diem
2483 1796 2662 1850 Martii
2712 1797 2930 1860 dicunt;
2985 1795 3200 1866 quidam
3243 1808 3372 1848 vero
3410 1793 3562 1848 ‘tlicm

1981 1891 2301 1962 vigesimum
2356 1889 2603 1958 quintum
2676 1887 2898 1957 Aprilis.
2947 1885 3063 1957 Ego
3116 1901 3246 1940 vero
3306 1884 3566 1940 existimo

1982 1997 2246 2039 canoncm
2281 1996 2379 2034 nec
2413 1981 2579 2044 hunc,
2627 1995 2725 2033 nec
2777 1979 2927 2032 illum
2979 1979 3182 2032 dicere.
3227 1975 3567 2044 Frequenter

1981 2075 2123 2128 enim
2172 2071 2376 2126 Pascha
2427 2067 2694 2124 celebrari
2760 2079 2885 2123 ante
2940 2068 3259 2139 vigesimum
3315 2065 3566 2135 quintum

1980 2165 2184 2235 Aprilis
2215 2164 2374 2220 solet.
2405 2160 2500 2216 Est
2530 2172 2709 2216 autem
2742 2161 2960 2231 quando
3008 2160 3317 2214 celebratur
3347 2165 3399 2213 et
3441 2165 3568 2211 ante

1981 2257 2301 2328 vigesimum
2337 2255 2584 2324 quintum
2617 2253 2835 2321 Martii;
2887 2253 2958 2307 ita
3003 2259 3061 2306 ttt
3112 2252 3450 2320 contingeret
3497 2248 3564 2319 (si

1981 2352 2058 2406 sic
2119 2349 2516 2419 intelligeretur
2587 2345 2972 2417 aequinoctium
3050 2342 3312 2416 vernum)
3372 2351 3565 2397 contra

1979 2458 2244 2500 canonem
2273 2441 2419 2495 hunc
2444 2439 2653 2495 Pascha
2685 2438 2973 2494 celebrari.
3008 2436 3164 2492 Unde
3211 2444 3434 2507 apparet
3479 2450 3568 2490 sa-

1979 2534 2188 2605 pientes
2218 2531 2488 2600 apostolos
2513 2530 2654 2584 aliud
2687 2529 2961 2598 quippiam
2994 2527 3298 2591 nominare,
3339 2539 3562 2579 vernum

1978 2623 2384 2694 aequinoctium.
2410 2621 2697 2691 Dispositio
2715 2629 2894 2675 autem
2927 2627 3036 2674 tota
3063 2617 3286 2673 canonis
3313 2616 3416 2671 hoc
3434 2615 3567 2684 vult,

1979 2715 2326 2771 Christianos
2364 2730 2471 2769 non
2502 2729 2625 2768 cum
2663 2710 2864 2767 Judazis
2901 2710 3191 2784 (videlicet
3225 2708 3410 2763 eadem
3438 2703 3563 2776 die)

1980 2807 2258 2863 celebrare
2299 2805 2530 2862 Pascha.
2561 2805 2696 2860 Nam
2729 2805 2965 2872 ipsorum
3017 2801 3212 2858 festum
3251 2799 3431 2871 (quod
3484 2797 3567 2853 fe-

1979 2910 2122 2955 stum
2152 2913 2256 2954 non
2292 2898 2396 2970 est)
2425 2899 2571 2969 prius
2597 2895 2680 2966 agi
2708 2895 2989 2962 c0nvenit;
3022 2904 3184 2965 atque
3217 2893 3296 2949 sic
3320 2899 3565 2947 nostrum

1980 3008 2082 3047 nos
2112 3005 2375 3063 peragere
2416 2991 2624 3046 Pascha
2655 3007 2670 3045 :
2700 2989 2842 3059 quod
2897 2989 3121 3043 minime
3167 2985 3373 3058 faciens
3401 2984 3446 3040 is
3475 2983 3564 3052 qui

279 3063 494 3159 πρώτῳ
543 3089 728 3143 κανόνι
775 3063 1103 3157 διετάξατο,⁷
1142 3063 1521 3162 λέγουσα
1565 3093 1624 3144 ὲν
1672 3091 1877 3165 Νικαίᾳ

1983 3085 2094 3140 Deo
2121 3093 2472 3140 consecratus
2506 3093 2606 3149 est,
2640 3082 2831 3138 ordine
2873 3081 3196 3136 movebitur.
3240 3078 3351 3132 Hoc
3399 3076 3564 3132 etiam

280 3181 515 3251 πρώτης
546 3182 765 3236 συνόδου
796 3184 924 3254 ὅρον
951 3178 1092 3237 εἶναι
1122 3184 1251 3255 περὶ
1278 3187 1380 3254 τῆς
1411 3185 1606 3255 ἑορτῆς
1634 3185 1727 3237 τοῦ
1759 3185 1873 3239 Πά-

276 3291 422 3344 σχα·
471 3277 519 3327 εἰ
568 3275 660 3328 καὶ
709 3276 784 3346 μὴ
833 3275 1150 3345 εὑρίσκεται
1191 3277 1248 3329 ἐν
1285 3279 1400 3340 τοῖς
1443 3275 1633 3330 κανόσι
1675 3275 1778 3346 τῆς
1819 3276 1876 3330 ἐν

273 3368 495 3439 Νικαὲᾳ
528 3368 746 3421 6.~V-’$500
777 3367 1016 3432 τοιοῦτος
1050 3367 1250 3424 κανών.

287 3543 534 3598 ⁹ΔΡ1ΣΤ.
577 3545 947 3634 Ιιάθαιρεῖται
989 3546 1023 3601 ὁ
1061 3545 1255 3601 τελῶν
1289 3548 1438 3618 μετὰ
1466 3547 1774 3603 Ἰουδαίων
1808 3548 1873 3603 τὸ

820 3637 1061 3706 Πάσχα.
1098 3637 1327 3709 Σαφής.

1984 3176 2227 3248 synodus
2252 3178 2303 3231 iu
2335 3174 2619 3231 Antiochia
2646 3188 2852 3228 canone
2885 3175 3055 3244 primo
3087 3170 3388 3234 constituit,
3419 3183 3566 3225 asse-

1981 3283 2109 3324 rens
2151 3269 2204 3322 iu
2242 3268 2415 3339 prima
2466 3266 2674 3338 synodo
2708 3265 2922 3327 Nicaea},
2967 3264 3035 3320 de
3065 3264 3202 3318 festo
3234 3261 3457 3317 Pascha:
3488 3260 3568 3315 fa-

1897 3407 1901 3410 ι
1983 3369 2128 3415 ctum
2156 3373 2276 3415 esse
2311 3358 2590 3414 decretum
2629 3378 2640 3412 :
2672 3358 2886 3412 tametsi
2920 3371 3028 3412 non
3061 3352 3336 3410 invenitur
3381 3353 3435 3408 in
3470 3353 3567 3408 Ni-

1985 3465 2147 3505 caanze
2171 3451 2364 3522 synodi
2393 3450 2690 3504 canonibus
2732 3448 2854 3504 talis
2884 3463 3080 3504 canon.

1981 3543 2207 3600 ANST.
2280 3543 2386 3612 Qui
2433 3542 2656 3598 celebrat
2692 3542 2899 3614 Pascha
2947 3559 3063 3596 cum
3091 3541 3320 3609 Jtttlwis,
3346 3541 3565 3611 deponi-

2524 3646 2633 3691 tur.
2679 3634 3017 3700 Perspicttus.

1554 3795 1721 3860 Guil.
1763 3797 2092 3875 Beveregii
2138 3802 2330 3857 nota}.

276 3940 404 3982 cum
463 3923 540 3977 ita
596 3931 722 3976 tunc
773 3924 1036 3992 temporis
1083 3924 1400 3979 ordinatum
1468 3922 1655 3986 fuisse.
1691 3927 1872 3991 nt24,

279 3999 411 4052 luna
461 3994 673 4048 mensis
722 3992 890 4047 Nisau
923 3995 1320 4058 celebraretur,
1353 4010 1475 4050 cum
1521 3995 1602 4050 sol
1654 3997 1880 4050 arietem

280 4069 571 4128 ingressus
605 4073 709 4120 est.
760 4065 919 4119 llisce
962 4065 1292 4134 suﬂ‘ragatur
1322 4073 1375 4119 et
1415 4065 1571 4120 Philo
1604 4065 1822 4121 Iudaeus
1857 4084 1872 4121 :

288 4135 576 4205 Ἕκα-τέρα
613 4134 723 4203 γὰρ
757 4134 866 4206 τῶν
902 4137 1206 4204 ίσημεριῶν
1237 4135 1453 4206 ἑῦὃόμῳ
1478 4137 1689 4205 γίνεται
1727 4137 1879 4206 μηνὶ,

279 4209 406 4263 καθ’
431 4205 506 4263 ἃς
536 4206 631 4257 καὶ
667 4205 954 4275 ἑορτάζειν
978 4206 1252 4277 διείρηται
1287 4205 1441 4277 νόμῳ
1466 4207 1564 4269 τὰς

280 4223 405 4263 acab”
431 4223 506 4263 ας
536 4223 631 4257 και
667 4223 954 4275 εορταςειν
978 4223 1252 4277 οιειρηται
1287 4223 1441 4275 νομω
1466 4223 1564 4269 τας
1607 4223 1877 4276 μεγιστας

280 4279 376 4332 καὶ
425 4277 910 4347 δημοτελεστάτας
945 4278 1168 4347 ἑορτάς.
1216 4277 1354 4331 Phil.
1390 4260 1517 4331 .iuti.
1562 4276 1636 4332 De
1691 4277 1877 4330 mundi

1426 4277 1517 4331 uti.
1562 4276 1636 4332 De
1691 4277 1878 4330 mundi

282 4345 558 4413 opiﬁc.p.
586 4347 680 4410 ‘27,
723 4346 760 4401 l.
795 4345 856 4408 Β,
911 4345 1046 4401 edit.
1089 4348 1270 4402 Paris.
1304 4347 1466 4404 1640.
1503 4347 1582 4401 Ex
1617 4348 1701 4402 his
1730 4347 1876 4401 enim
1919 4403 1922 4406 ,

1946 3968 1953 3975 .
1988 3944 2082 3981 suo
2131 3924 2341 3979 excidat
2389 3934 2436 3977 et
2475 3908 2659 3994 ordine
2685 3939 2782 3994 suo
2814 3924 3155 3994 deponatur.
3193 3925 3250 3978 In
3299 3924 3436 3994 ipso,
3479 3924 3566 3978 fa-

1993 4006 2130 4058 teor,
2164 4010 2373 4048 canone
2397 3993 2463 4046 de
2496 3994 2582 4047 die
2613 3992 2892 4047 Dotninica
2942 3993 3074 4048 nihil
3098 3992 3357 4058 expresse
3396 3995 3563 4050 tradi.

1988 4075 2115 4130 tur;
2146 4081 2212 4118 ex
2246 4079 2312 4118 eo
2348 4073 2553 4126 tamen,
2587 4063 2730 4126 quod
2769 4060 2982 4117 Pascha
3012 4077 3131 4118 cum
3168 4063 3370 4119 Judaais
3414 4066 3564 4120 cele-

1990 4136 2155 4189 hrare
2194 4134 2282 4188 hic
2313 4132 2654 4204 prohibetur,
2684 4133 3004 4204 necessario
3049 4134 3319 4204 sequitur,
3353 4131 3564 4190 Pascha

1989 4201 2366 4261 Christianum
2427 4201 2557 4263 alio,
2610 4217 2774 4268 quam
2832 4201 3258 4265 Judaicutn,die
3289 4204 3568 4260 celebran-

1989 4277 2114 4331 dum
2164 4289 2304 4329 esse.
2356 4271 2425 4324 At
2470 4276 2563 4343 qui
2596 4269 2811 4343 Iudaeos
2846 4274 2900 4326 in
2948 4273 3190 4343 paschali
3250 4273 3566 4330 celebritate

1983 4361 2090 4401 non
2118 4344 2314 4400 imitati
2347 4351 2494 4406 sunt,
2525 4341 2804 4414 Dominiea
2839 4341 2984 4396 illam
3027 4344 3402 4414 dieperpetuo
3436 4359 3565 4414 per-

284 4418 540 4473 Philonis
566 4417 750 4472 verbis
802 4418 1160 4483 liquitlissime
1203 4428 1440 4482 constat,
1486 4416 1697 4472 Pascha
1731 4417 1872 4473 cele-
1911 4430 1954 4485 ι)
1984 4424 2231 4485 egerunt,
2279 4413 2442 4485 etiam
2495 4424 2632 4485 ante
2665 4413 3036 4468 deﬁnitionem
3085 4413 3391 4478 Nicacnam:
3426 4413 3562 4469 adeo

282 4489 433 4542 hrari
454 4487 589 4558 ἕατ’
621 4486 918 4558 ἰσημερίαν
953 4487 1180 4558 ἐαρινὴν
1201 4530 1214 4550 ,
1249 4503 1352 4541 non
1383 4489 1562 4542 minus
1599 4503 1760 4556 quam
1795 4488 1878 4540 fc-

281 4569 427 4612 stttm
450 4556 953 4629 Tabernaculorum
988 4556 1143 4611 κατὰ
1172 4559 1573 4629 μετοπωρινήν.
1627 4558 1880 4626 Quapro-

285 4643 410 4696 pter
433 4628 651 4681 etiamsi
679 4626 848 4682 Judaei
887 4626 1276 4697 nonnunquam
1308 4626 1520 4683 PaSclta
1554 4644 1713 4682 suum
1748 4637 1878 4681 ante

287 4715 519 4751 vernum
554 4700 942 4764 aequinoctium
991 4700 1265 4763 obierint;
1307 4700 1408 4752 hoc
1445 4708 1626 4752 tamen
1675 4714 1782 4752 non
1813 4713 1879 4751 ex

286 4771 585 4838 ntajmum,
644 4767 842 4820 nedum
896 4766 1080 4830 Musis,
1116 4779 1174 4823 ut
1213 4770 1409 4823 asserit
1453 4768 1768 4830 Balsamon,
1799 4769 1879 4821 iu-

286 4841 478 4892 szituto
505 4854 522 4902 ;
559 4841 652 4908 sed
689 4841 869 4905 potius
897 4853 960 4890 ex
991 4839 1359 4904 periodorum,
1391 4840 1588 4908 quibus
1609 4840 1693 4891 usi
1730 4843 1877 4904 sunt,

286 4910 408 4962 la‘ve
435 4926 499 4959 ac
528 4907 658 4958 vitio
687 4909 922 4970 accidit;
963 4918 1022 4960 ut
1059 4918 1184 4963 ante
1211 4907 1452 4963 notatum
1489 4919 1592 4961 est.

358 4980 406 5046 (l
428 4979 475 5046 Ι)
497 4976 689 5031 Ἀλλὰ
706 4981 856 5046 μετὰ
896 4978 1092 5032 τοῦτο.
1115 4977 1388 5047 Ιοειιριιιιε
1409 4977 1695 5049 ιιΕεγριίιιε
1715 4980 1879 5034 etiam

289 5049 341 5103 in
368 5050 610 5101 Arabica
650 5064 918 5101 canonum
971 5050 1290 5118 paraphrasi
1331 5049 1474 5103 hunc
1508 5051 1580 5104 ita
1608 5051 1877 5116 interpre-

292 5129 462 5184 tatur,
506 5129 563 5170 ttt
614 5132 711 5186 per
767 5134 890 5170 eum
925 5133 1030 5172 non
1072 5127 1282 5174 tantum
1309 5129 1528 5173 cautum
1556 5121 1651 5182 sit,
1687 5135 1753 5174 ne
1777 5118 1885 5173 Pa-

287 5191 420 5244 scha
474 5204 609 5260 cum
638 5187 1008 5260 Jttd:cis,rsed
1046 5200 1111 5260 _ct
1158 5199 1216 5244 ut
1246 5199 1434 5260 postea
1481 5201 1796 5258 peragatur,
1827 5199 1882 5245 et

287 5260 514 5329 quidem
559 5256 648 5310 die
687 5259 987 5313 Dotuittico.
1039 5258 1129 5313 Sic
1161 5256 1304 5312 enim
1347 5256 1570 5328 exponit
1606 5278 1618 5313 :
1655 5261 1883 5327 Episco—

287 5347 406 5400 pus,
447 5336 547 5400 ηιιι
580 5329 874 5400 prrsbytcr,
912 5339 1004 5381 aut
1054 5331 1336 5400 diaconus,
1369 5330 1449 5382 vel
1481 5330 1625 5382 alius
1653 5346 1680 5383 ε
1724 5331 1877 5384 mini

287 5396 415 5453 stris
474 5396 757 5462 Ecclesim,
836 5409 1000 5451 catum
1041 5396 1324 5453 P'aschatis
1360 5411 1480 5453 ante
1508 5401 1882 5468 trqur'noctium

289 5469 658 5527 celebraverit,
687 5469 901 5535 capiens
934 5470 988 5522 in
1023 5471 1116 5522 illo
1139 5470 1352 5523 Judaeos
1380 5471 1606 5530 imitari,
1642 5481 1734 5522 aut
1763 5486 1882 5523 cum

288 5541 352 5590 iis
411 5538 626 5592 Pascha
659 5540 969 5622 peregerit“
992 5541 1098 5622 alia
1127 5543 1307 5610 quavis
1339 5556 1501 5622 qua":
1541 5540 1716 5622 prima
1746 5541 1882 5608 [cria

289 5625 406 5678 qua:
435 5619 516 5662 est
547 5621 667 5677 post
709 5608 913 5662 Pascha
937 5608 1271 5670 Jardworttiit,
1313 5608 1416 5663 sire
1458 5610 1735 5663 Dominica
1765 5625 1884 5678 qua!

290 5680 558 5746 sequitur.
590 5695 696 5731 non
732 5679 850 5732 alia
886 5679 990 5732 sire
1021 5691 1142 5733 ante
1179 5681 1288 5732 sive
1331 5689 1446 5746 post
1496 5696 1613 5733 eam
1646 5679 1752 5743 die,
1789 5679 1884 5732 sed

284 5748 398 5818 ipsa
420 5748 726 5817 Dominira,
755 5765 874 5820 (μα’
896 5747 1106 5805 Pascha
1133 5748 1450 5805 Juda'orttm
1476 5752 1690 5821 accipit,
1710 5757 1884 5823 gradu

1985 4481 2042 4542 ιιῐ
2074 4486 2314 4557 synodus
2343 4481 2587 4557 Nictcna,
2621 4481 2674 4557 in
2705 4484 3025 4557 gravissima
3052 4485 3154 4540 hac
3183 4485 3559 4557 controversia

1981 4551 2345 4619 discutienda,
2379 4553 2508 4607 nihil
2543 4551 2666 4606 novi
2697 4554 3108 4620 determinasse,
3148 4551 3242 4609 sed
3273 4556 3559 4622 antiquum

1982 4627 2129 4681 hunc
2168 4624 2540 4696 Apostolicum
2573 4637 2840 4696 canonetn
2869 4626 3213 4696 stta‘tantlem
3238 4626 3564 4696 auctorjtate

1981 4693 2344 4752 confirmasse
2375 4694 2652 4748 videatur.
2682 4693 2762 4747 Ac
2802 4693 3035 4765 proinde
3060 4693 3355 4765 ilosephus
3385 4693 3562 4765 {Egy-

1982 4768 2129 4835 ptius
2177 4769 2320 4820 hunc
2360 4777 2624 4818 canonetn
2663 4777 2767 4835 non
2800 4764 2981 4832 inepte
3025 4764 3106 4819 sic
3139 4764 3559 4835 interpretatur,

1983 4834 2040 4891 ut
2071 4853 2175 4891 nou
2205 4846 2408 4890 tantum
2437 4843 2559 4899 post
2586 4834 3001 4899 aequinoctium,
3029 4836 3124 4888 sed
3146 4834 3312 4890 etiam
3339 4836 3426 4890 die
3459 4834 3559 4888 Do-

1981 4909 2179 4963 minica
2233 4905 2545 4977 paschalem
2624 4901 2976 4958 festivitatem
3045 4906 3312 4961 celebrari
3368 4906 3562 4975 praeci-

1981 4979 2114 5048 piat.

2055 5047 2168 5121 (12)
2207 5045 2380 5121 Ζήτει
2411 5042 2512 5121 καί
2547 5042 2653 5121 n33-
2675 5049 2729 5111 η’
2771 5043 3219 5121 λόγοι-Εκειπ
3265 5049 3564 5121 etiamnum

1982 5113 2097 5173 haec
2147 5113 2324 5170 Oratio
2371 5115 2562 5187 quinto
2589 5113 2830 5187 Operam
2862 5113 2946 5170 'D.
2982 5115 3382 5187 Cihrysostomi,
3420 5119 3565 5174 inter

1982 5189 2341 5259 panegyricas
2390 5183 2571 5238 dubiae
2626 5184 2774 5259 litlei,
2829 5200 2966 5259 ρειίις.⁸
3007 5183 3136 5252 940,
3192 5190 3326 5246 edit.
3368 5183 3563 5246 'Savil.

1983 5255 2142 5320 octo.
2165 5257 2357 5322 fateor,
2392 5267 2672 5308 sermones
2704 5255 2843 5324 ejus
2865 5255 2922 5309 iri
2949 5256 3154 5313 Pascha
3206 5261 3443 5315 nondum
3474 5259 3562 5312 ἰη-

1983 5330 2125 5382 venti
2185 5336 2334 5387 sunt,
2382 5325 2477 5379 sed
2529 5338 2737 5393 septem
2797 5337 3046 5393 tantum;
3097 5329 3318 5385 ultimus
3378 5337 3561 5383 autem

1983 5398 2160 5469 octavi
2215 5399 2443 5469 titulum
2496 5408 2606 5469 pra:
2647 5410 2717 5469 se
2753 5394 2880 5463 fert,
2915 5405 3024 5450 tam
3055 5399 3256 5469 iuius.
3288 5414 3396 5469 quo
3429 5413 3563 5452 usus

1983 5480 2068 5524 cst
2099 5467 2161 5521 l).
2215 5461 2507 5521 Henricus
2532 5461 2791 5531 Savilius,
2837 5461 3001 5536 quam
3034 5469 3088 5523 in
3120 5461 3412 5522 Bodleiano
3445 5485 3462 5525 :
3504 5479 3562 5522 ιιι

1983 5550 2138 5594 extra
2167 5537 2388 5591 dubium
2417 5537 2489 5607 sit
2537 5535 2762 5590 eandem
2797 5548 2919 5590 esse
2952 5539 3012 5592 Ι).
3053 5537 3428 5607 Chrysostomi
3468 5539 3563 5600 Είς

1981 5609 2044 5663 τὸ
2080 5608 2272 5676 Πάσχα
2309 5606 2611 5659 orationem
2645 5620 2806 5669 quam
2845 5609 2945 5660 sub
2991 5606 3198 5663 octava!
3233 5608 3391 5665 titulo
3439 5609 3564 5664 Bal-

1985 5694 2174 5735 samon
2203 5679 2290 5731 hic
2316 5676 2533 5751 laudat;
2557 5678 2830 5751 praecipue
2862 5693 2982 5731 cum
3015 5680 3156 5732 idem
3182 5691 3590 5751 argumeutml

1985 5752 2039 5807 in
2075 5764 2164 5818 ea,
2204 5746 2350 5818 quod
2380 5746 2466 5800 hic
2497 5761 2525 5800 a
2555 5746 2875 5802 Balsatnons
2903 5755 3189 5804 tractetur.
