4056 6390
510 310 582 374 63
1727 305 2005 365 TiIEOD.
2066 298 2462 366 BALSAMON
3685 291 3762 368 ιι

508 423 844 493 recipiendo,
867 425 1186 484 et.necdum
1231 425 1504 494 ordinato,
1545 440 1719 496 neque
1757 439 2059 481 excommu-

2181 436 2310 474 κτου
2349 416 2702 490 ἐξεφωνήθη,
2741 421 2833 475 καὶ
2876 421 3044 492 μήπω
3085 423 3586 495 χειροτονηθέντας,
3627 427 3762 499 μηδὲ

509 515 692 570 nicato
722 516 1093 586 promulgatus
1125 524 1208 573 est
1241 535 1254 572 :
1297 518 1396 572 sed
1429 533 1667 588 praeeris
1703 535 1875 573 canon
1905 519 1973 571 de
2000 535 2059 573 or

2184 513 2572 583 ἀφορισθέντος
2591 527 2606 542 ο
2638 515 2666 566 ὁ
2695 513 2753 566 δὲ
2787 514 2978 585 παρὼν
3009 515 3189 569 κανὼν
3221 519 3348 588 περὶ
3379 533 3761 594 κεχειροτονη-

507 605 692 660 dinato
719 609 932 672 statuit,
966 616 1018 662 et
1041 611 1536 676 excommunicato,
1583 613 1674 681 qui
1709 622 1829 680 post
1853 628 2078 666 excom-

510 696 928 751 municationem
981 715 1123 766 aegre
1175 700 1353 756 ferens
1410 703 1476 756 ad
1535 703 1698 756 alium
1759 718 1816 757 sc
1875 704 2079 758 coal'crt

510 792 838 858 pontiﬁcem,
870 795 1236 864 recipiturqne
1272 797 1339 850 ab
1373 811 1438 852 eo
1465 796 1608 852 illius
1637 797 2079 852 etcommunica-

510 881 672 934 tionis
702 881 910 952 ignaro.
937 883 1123 939 Canon
1163 886 1326 956 igitur
1357 888 1480 942 talis
1514 888 1664 956 jubet
1696 891 2078 945 excommuni-

505 974 770 1027 cationetn
798 977 1022 1033 intendi.

504 1064 732 1123 AlilST.
813 1068 919 1133 Qui
993 1075 1397 1141 segregatione":
1457 1091 1607 1129 suam
1669 1080 1940 1138 mentitur.
1998 1088 2077 1133 est

999 1167 1211 1220 minime
1231 1169 1576 1236 recipiendus.

578 1252 632 1306 Si
668 1255 790 1322 quis
819 1270 848 1307 a
884 1259 1102 1326 praprio
1141 1260 1393 1330 episcopo
1428 1266 1762 1334 segregatur,
1816 1276 1870 1321 et
1914 1268 2076 1336 proli-

503 1345 716 1399 cisceus
745 1347 810 1400 ad
837 1348 999 1402 alium
1025 1351 1338 1420 episcopum
1371 1355 1511 1408 celat
1536 1357 1990 1426 segregatihuem,
2019 1369 2073 1412 ct

505 1437 574 1488 al)
608 1453 671 1490 eo
709 1440 984 1507 recipitur.
1024 1456 1352 1514 aggravetur
1381 1445 1429 1500 ei
1457 1450 1778 1518 ségregatio,
1818 1461 2070 1520 tanquam

505 1529 784 1584 mentienti
814 1540 868 1586 et
898 1534 1186 1603 decipienti
1217 1536 1514 1594 Ecclesium
1547 1539 1661 1596 Dei.

1074 1716 1305 1773 CANON
1346 1718 1487 1773 XIV.

499 1798 758 1872 Episcopo
793 1821 894 1859 non
931 1807 1104 1870 liceat,
1140 1825 1236 1861 sua
1279 1811 1457 1865 relicta
1480 1815 1751 1878 parce/na,
1797 1830 1863 1868 aa
1899 1815 2066 1870 aliam

571 1897 859 1961 transilire,
891 1901 1100 1955 etiamsi
1140 1919 1169 1954 α
1199 1902 1441 1970 pluribus
1471 1918 1710 1975 cogatur,
1742 1908 1844 1960 nisi
1867 1909 1933 1961 δὶι
1964 1910 2067 1962 ali-

567 2003 670 2054 qua
691 2005 849 2042 causa
878 1993 1073 2046 rationi
1110 2005 1485 2057 consentanea,
1511 2015 1628 2068 quae
1649 2016 1764 2052 eum
1791 2011 1940 2070 cogat
1969 2003 2065 2056 hoc

539 2095 544 2099 λ
567 2079 752 2146 [αι-ενα,
788 2094 961 2149 utpote
983 2101 1100 2136 cum
1125 2088 1283 2154 possit
1311 2089 1418 2152 ipse
1447 2095 1622 2158 majus
1645 2096 1854 2146 lucrum
1888 2095 1952 2147 iis
1977 2097 2066 2164 qui

565 2171 674 2224 illic
703 2173 937 2228 habitant
961 2176 1178 2244 pietatis
1212 2179 1363 2232 verbo
1393 2182 1668 2247 conferre;
1701 2185 1855 2253 idque
1879 2201 1978 2239 non
2003 2203 2066 2241 ex

567 2278 640 2324 se,
674 2265 763 2316 sed
787 2265 1070 2321 multorum
1106 2269 1468 2339 episcoporum
1499 2271 1706 2340 judicio
1743 2284 1790 2328 et
1834 2277 2064 2330 maxima

562 2355 934 2412 exhortatione.

571 2537 761 2598 BALS.
790 2543 1036 2600 Praesens
1066 2547 1280 2614 quidem
1323 2563 1495 2604 canon
1548 2551 1618 2606 Η
1663 2552 1904 2608 decernit
1957 2567 2062 2609 non

493 2633 657 2688 licere
685 2636 936 2706 episcopo
964 2653 1030 2693 ex
1057 2655 1152 2694 sua
1184 2641 1436 2710 parochia
1475 2644 1540 2698 ad
1573 2646 1732 2699 aliam
1767 2647 2060 2713 transilire,

493 2727 655 2780 etiam
704 2729 746 2782 si
781 2729 957 2799 populi
997 2732 1244 2788 utilitatis
1292 2736 1461 2802 gratia
1498 2737 1601 2791 ltoc
1645 2737 1865 2810 fecerit,
1902 2751 1954 2794 et
1995 2742 2062 2796 ab

490 2815 680 2870 aliena:
710 2817 939 2884 regionis
969 2822 1165 2890 p0pulo
1196 2824 1262 2877 ad
1295 2825 1394 2879 hoc
1424 2837 1669 2896 cogatur,
1701 2829 1804 2883 nisi
1845 2831 1948 2884 hoc
1994 2845 2060 2885 ex

492 2909 734 2977 synodali
792 2913 1150 2978 permissione
1179 2913 1385 2972 fecerit.
1424 2919 1488 2973 l6
1518 2931 1698 2976 autem
1743 2937 1915 2978 canon
1952 2924 2061 2978 An-

491 2999 759 3056 tiochense
801 3018 924 3074 syn.
953 3006 1102 3073 dicit,
1133 3023 1255 3062 eum
1293 3011 1667 3082 rejiciendnm,
1722 3017 1815 3085 qui
1855 3017 2060 3086 absque

491 3094 733 3162 synodali
768 3099 1034 3152 sententia
1068 3111 1347 3157 vacantem
1374 3106 1660 3162 ecclesiam
1693 3109 1940 3178 arripuit.
1978 3107 2058 3163 Tu

381 3195 384 3197 λ
486 3193 668 3239 autem
697 3189 839 3244 scias
863 3231 878 3255 ,
913 3191 1053 3259 quod
1084 3191 1210 3247 licet
1241 3209 1478 3262 praesens
1510 3197 1577 3252 i4
1617 3214 1788 3255 canon
1821 3199 2053 3269 apostol.

487 3293 600 3333 non
641 3282 793 3348 punit
831 3297 954 3338 eum
1005 3285 1096 3353 qui
1148 3286 1304 3343 docet
1339 3297 1492 3343 extra
1529 3306 1684 3346 suam
1731 3291 2013 3348 dimcesim
2039 3333 2056 3356 ,

489 3370 580 3425 alii
610 3381 784 3428 tamen
818 3374 1014 3429 diversi
1047 3391 1284 3433 canones
1315 3393 1427 3445 eos,
1468 3381 1558 3448 qui
1593 3392 1747 3435 extra
1777 3383 2056 3438 dimccsim

361 3455 381 3474 ⁴
485 3463 690 3534 aliquid
724 3469 1058 3524 sacerdotale
1081 3483 1362 3539 exercent,
1387 3474 1710 3542 depositioni
1735 3476 2055 3545 subjiciunt.

481 3561 866 3617 Characterem
925 3577 1106 3619 autem
1165 3566 1295 3621 dare
1324 3576 1476 3621 extra
1531 3568 1844 3632 dioecesim,
1900 3572 2058 3642 jussu

490 3652 844 3718 imperatorio
874 3658 1198 3724 permissum
1240 3667 1342 3711 est.
1374 3659 1604 3724 Quidam
1637 3669 1816 3714 autem
1853 3673 2059 3718 metro-

482 3744 776 3812 politanus,
825 3746 916 3814 qui
972 3745 1023 3800 in
1070 3747 1441 3816 compluribus
1495 3749 1609 3803 suis
1656 3752 2057 3821 episc0patilms

481 3843 680 3903 praeter
707 3835 1086 3904 episcoporum
1119 3837 1449 3892 voluntatem
1487 3839 1766 3906 docuerat,
1804 3852 1859 3898 et
1882 3859 2050 3904 accn-

484 3927 728 3991 sabatur,
757 3928 1115 3996 respondebat
1144 3929 1349 3994 dicens,
1379 3930 1582 4000 justum
1615 3948 1720 3988 non
1750 3948 1870 3990 esse
1903 3944 1961 3990 ut
1989 3951 2056 3992 ex

482 4033 550 4072 eo
579 4020 889 4084 laederetur,
923 4022 1065 4091 quod
1111 4032 1165 4077 et
1210 4023 1560 4092 episc0patus
1585 4026 1698 4081 sint
1743 4027 1794 4082 in
1827 4043 1922 4082 sua
1955 4043 2056 4098 poe

482 4119 701 4176 testate,
731 4120 786 4166 et
809 4111 950 4180 quod
987 4125 1226 4181 praesens
1254 4127 1430 4168 canon
1461 4114 1509 4169 ei
1553 4129 1768 4184 poenam
1797 4133 1908 4173 non
1961 4119 2058 4174 im-

480 4215 670 4273 ponat,
708 4215 756 4258 et
794 4204 1068 4273 quodnon
1097 4207 1170 4260 sit
1216 4205 1353 4261 forte
1391 4222 1585 4262 munus
1609 4209 1913 4279 episcopale
1955 4212 2056 4267 do-

481 4307 627 4355 cere,
679 4295 758 4346 vel
807 4293 936 4346 dare
975 4293 1374 4362 characterem;
1405 4311 1525 4366 quae
1569 4300 1788 4367 quidem
1837 4317 2049 4373 magnre

484 4386 692 4453 synodo
727 4400 829 4438 non
883 4384 1225 4454 placuerunt.
1265 4386 1404 4441 Nota
1437 4403 1564 4459 ergo
1590 4406 1710 4458 qua:
1755 4393 1807 4445 in
1855 4392 1958 4448 hoc
1987 4395 2053 4449 Η

483 4487 698 4532 canone
742 4486 866 4532 sunt
915 4476 1144 4545 scripta,
1191 4488 1450 4547 praeterea
1486 4497 1633 4547 vero,
1666 4499 1785 4552 qua:
1817 4485 1868 4538 in
1903 4501 2053 4541 com-

489 4567 757 4621 mentario
783 4567 834 4620 iu
865 4567 936 4621 20
961 4583 1168 4624 canone
1201 4571 1388 4640 synodi
1438 4573 1489 4626 in
1521 4573 1706 4629 Trullo
1747 4576 1876 4630 alibi
1931 4589 2062 4635 sunt

479 4669 764 4725 annotata,
801 4660 867 4714 de
892 4676 956 4715 eo
984 4661 1235 4731 episcopo
1275 4663 1365 4732 qui
1404 4675 1554 4720 extra
1590 4666 1790 4723 limites
1826 4685 1937 4726 sua:
1969 4688 2054 4729 rc-

478 4746 656 4816 gionis
686 4748 950 4813 docuerit,
983 4763 1146 4819 atque
1175 4761 1465 4810 utrumuue
1498 4771 1761 4814 canonem
1795 4763 2050 4820 concilia.

961 5018 1140 5074 Altera
1177 5003 1562 5092 interpretatio.

551 5109 632 5164 Ex
677 5111 774 5165 ltoc
807 5113 1052 5182 praesenti
1088 5113 1153 5166 H-
1196 5129 1400 5170 canone
1445 5102 1868 5185 deprehenditur
1909 5124 2051 5191 quod

475 5205 654 5259 'astuta
697 5204 936 5272 episcopi
987 5203 1211 5279 alicujus
1257 5206 1324 5260 de
1372 5209 1608 5276 parm-cia
1655 5209 1706 5265 in
1749 5215 2049 5279 parmciam

474 5296 726 5354 transitio
749 5298 1470 5355 contlemnatur.Translatio
1494 5311 1671 5355 autem
1707 5302 1844 5358 bona
1871 5308 2046 5375 gratia

475 5387 680 5459 justam
717 5389 786 5444 ob
814 5404 1033 5445 causam
1087 5404 1336 5459 magnam
1377 5399 1437 5446 et
1477 5393 1545 5447 ad
1585 5392 1838 5461 pietatem
1879 5397 2050 5451 stabi-

2185 603 2348 674 μένου
2392 604 2728 659 διατάττεται
2772 608 2868 660 καὶ
2908 608 3314 678 ἀφωρισμένον,
3357 609 3436 675 ὃς,
3487 611 3624 679 μετὰ
3673 614 3762 664 τὶν

2181 696 2486 765 ἀφορισμὸν
2517 697 2988 768 ἀποδυσπετήσχς,
3023 701 3196 770 ἑτέρῳ
3232 701 3535 772 προσῆλθεν
3570 704 3760 774 ἀρχιε-

2182 789 2286 856 ρεῖ,
2315 790 2405 839 καὶ
2433 787 2625 856 ἐδέχθη
2656 788 2785 857 παρ’
2810 790 3021 842 ἐκείνου
3049 791 3140 843 τὸν
3168 792 3472 862 ἀφορισμὸν
3503 793 3758 860 ἀγνοοῦν-

2113 877 2116 880 ’
2177 895 2268 940 τος
2288 897 2302 910 ο
2331 881 2424 934 τοῦ
2452 879 2584 949 γοῦν
2608 881 2850 934 τοιούτου
2879 883 3245 937 ἐπιτείνεσθαι
3278 883 3489 938 κελεύει
3517 887 3546 938 ό
3574 883 3756 938 κανὼν

2176 969 2270 1022 τὸν
2298 971 2618 1042 ἀφορισμόν.

2175 1062 2398 1136 ΔΒΙΣΤ.
2466 1058 2519 1116 ’0
2559 1065 2665 1118 τὸν
2703 1065 3041 1135 ἀφορισμὸν
3083 1063 3471 1136 ψευσάμενος
3514 1063 3758 1121 άδεκτό-

2235 1131 2245 1145 κ
2867 1171 3065 1226 τατος.

2247 1246 2315 1299 Εἴ
2351 1266 2435 1312 τις
2479 1251 2630 1320 παρὰ
2665 1251 2758 1305 τοῦ
2805 1253 2935 1306 ἰδίου
2980 1255 3280 1307 ἐπισκόπου
3321 1255 3615 1325 ἀφορισθῇ,
3655 1255 3754 1308 καὶ

2173 1335 2422 1390 ἀπελθὼν
2447 1341 2526 1402 εἰς
2551 1340 2740 1410 ἕτερον
2766 1343 3062 1396 ἐπίσκοπον
3085 1343 3282 1413 κρύψει
3304 1344 3396 1396 τὸν
3421 1344 3748 1413 ἀφορισμὺνι

2172 1429 2266 1480 καὶ
2299 1433 2425 1499 παρ’
2452 1432 2660 1485 ἐκείνου
2693 1435 3046 1506 προσδεχθείη
3070 1477 3083 1496 ,
3119 1436 3473 1490 ἑπιτεινέσθω
3501 1437 3530 1488 ό
3555 1438 3752 1506 ἀφορι-

2172 1519 2306 1588 σμος
2337 1522 2506 1593 αὐτῷ,
2539 1525 2613 1587 ὡς
2642 1523 2970 1598 ψευσαμένῳ
2998 1527 3091 1580 καὶ
3119 1530 3463 1599 ἀπατήσαντι
3489 1529 3588 1601 τὴν
3617 1533 3745 1586 Ἐκ-

2170 1612 2398 1684 κλησῖαν
2424 1616 2518 1669 τοῦ
2549 1617 2704 1673 Θεοῦ.

2768 1713 3006 1766 ΚᾹΝΩΝ
3043 1712 3139 1767 1Δ’.

2181 1798 2553 1857 Ἐπίσκοπον
2577 1803 2664 1873 μὴ
2699 1803 2948 1870 ἐξεῖναι,
2981 1807 3431 1875 κιλταλεῖψαντα
3463 1807 3574 1875 τὴν
3604 1809 3745 1863 sav-

2238 1892 2343 1946 τοῦ
2369 1897 2708 1961 παροικίαν,
2733 1896 2900 1963 ἑτέρᾳ
2925 1897 3246 1967 ἐπιπηδᾶν,
3275 1899 3388 1953 κᾶν
3411 1900 3529 1954 ὑπὸ
3554 1901 3751 1954 πλειόὁ

2237 2002 2359 2039 νων
2391 1988 2788 2058 ἀναγκάζηται
2810 2030 2824 2054 ,
2868 1992 2919 2044 εἰ
2952 1991 3035 2060 μή
3071 2009 3160 2056 τις
3197 1993 3448 2060 εὔλογος
3484 1994 3643 2046 αιτία
3672 1988 3741 2063 ᾖε

2235 2079 2416 2133 τοῦτο
2459 2082 2785 2150 ,ϐιαζομένῃ
2834 2085 3023 2138 αὐτὸν
3064 2085 3280 2146 ποιεῖν,
3327 2085 3405 2151 ὡς
3457 2085 3648 2139 πλέον
3691 2101 3747 2140 τι

2235 2169 2449 2237 κέρδος
2481 2171 2825 2240 δυναμένου
2861 2165 3048 2228 αὐτοῦ
3076 2175 3204 2241 τοῖς
3235 2175 3434 2229 ἐκεῖσε
3463 2179 3622 2245 λόγῳ
3651 2179 3749 2231 εὐαί

2233 2265 2474 2328 σεὸείας
2511 2265 2972 2333 συμϐάλλεσθαι
2997 2284 3010 2299 ο
3049 2266 3151 2323 καὶ
3183 2268 3359 2322 τοῦτο
3393 2268 3462 2321 δὲ
3494 2271 3604 2322 οὐκ
3644 2269 3747 2338 ἀφ’

2233 2352 2473 2419 ἑαυτοῦ,
2516 2354 2678 2407 ἀλλὰ
2724 2356 2914 2422 κρίσει
2962 2355 3214 2410 πολλῶν
3249 2358 3602 2411 ἐπισκόπων
3643 2357 3742 2414 καὶ

2234 2445 2614 2513 παρακλήσει
2642 2447 2920 2517 μεγίστῃι

2235 2531 2432 2591 ΒΛΛΣ.
2477 2535 2535 2590 ’0
2586 2539 2683 2607 μὲν
2732 2540 2923 2609 παρὼν
2987 2540 3050 2593 ιδ’
3095 2542 3277 2595 κανὼν
3318 2533 3613 2615 διορίζεται
3661 2542 3738 2616 μὴ

2161 2629 2307 2701 ἔχειν
2335 2631 2421 2685 ἐπ’
2451 2631 2634 2695 ἀδείας
2663 2632 2960 2685 ἐπίσκοπον
2992 2635 3054 2686 ὲκ
3079 2635 3176 2706 τῆς
3207 2635 3405 2688 ἑαυτοῦ
3448 2637 3736 2708 παροικίας

2161 2723 2242 2786 εἰς
2274 2722 2467 2792 ἑτέραν
2498 2722 2788 2794 ὲπιπηδᾷν,
2821 2722 2924 2776 κᾶν
2949 2723 3217 2792 ὠφελείας
3265 2726 3423 2794 χάριν
3464 2727 3558 2780 τοῦ
3603 2727 3737 2780 λαου

2159 2814 2318 2868 τοῦτο
2359 2816 2509 2885 ποιῇ,
2571 2815 2677 2869 κᾶν
2721 2815 2827 2868 ὑπὸ
2873 2813 2963 2868 τοῦ
3011 2816 3254 2886 πλήθους
3297 2820 3400 2888 τῆς
3446 2819 3737 2890 ἀλλοτρίας

2160 2904 2375 2971 ὶνορίας
2415 2907 2492 2968 εἰς
2525 2904 2685 2957 τοῦτο
2721 2904 3094 2976 παρασιασθῇ,
3129 2906 3177 2958 si
3225 2907 3298 2977 μὴ
3324 2907 3574 2978 συνοδικῇ
3613 2910 3738 2963 ἑπι-

2160 2997 2334 3065 τροπῇ
2363 2994 2520 3047 τοῦτο
2552 2997 2800 3065 ποιήσει·
2841 2996 2870 3047 ὁ
2916 2995 2973 3048 δὲ
3029 2993 3104 3060 ις’
3152 2997 3332 3053 κανὼν
3362 2997 3460 3069 τῆς
3511 3000 3570 3052 ὲν
3615 3000 3740 3052 Ἀνε-

2088 3102 2131 3162 C
2162 3085 2373 3158 τιοχείᾳ.
2420 3086 2662 3151 συνόδου,
2712 3085 3020 3156 ἀπόϐλητον
3070 3083 3207 3140 εῖναι
3247 3087 3394 3157 λέγει
3454 3091 3546 3144 τὸν
3599 3093 3730 3146 ἄνευ

2164 3178 2449 3250 συνοδικῆς
2477 3179 2704 3248 γνώμης
2767 3179 3169 3248 ὕφαρπάσαντα
3220 3178 3587 3250 σχολάζουσαν
3637 3187 3738 3238 sata

2161 3272 2411 3343 κλησίαν.
2475 3272 2548 3325 Σὺ
2605 3271 2662 3324 δὲ
2721 3269 2830 3324 ῐσθι
2879 3271 2979 3333 ὅτι,
3017 3272 3123 3326 κᾶν
3151 3273 3178 3325 ό
3223 3271 3418 3342 παρὼν
3452 3274 3517 3327 ιδ’
3553 3275 3736 3330 κανὼν

2159 3364 2517 3426 ἀποστολικδς
2543 3363 2605 3418 οὐ
2632 3363 2854 3428 κολάζει
2878 3365 2968 3418 τὸν
3004 3365 3136 3434 παρ’
3159 3365 3372 3436 ἐνορίαν
3389 3366 3731 3435 διδάσκοντα,

2160 3455 2275 3510 ἀλλ’
2301 3456 2479 3528 ἕτεροι
2513 3455 2762 3528 διάφοροι
2792 3457 3017 3521 κανόνες
3043 3457 3169 3520 τοὺς
3195 3461 3330 3529 παρ’
3364 3458 3580 3529 ὲνορίαν
3612 3461 3743 3519 ἐπι.

2161 3547 2427 3602 σκοπικόν
2482 3565 2536 3602 τι
2573 3549 2986 3618 ὲνεργήσαντας
3013 3549 3336 3621 καθαιρέσει
3387 3552 3740 3609 καθυποσάλ‹

2159 3641 2336 3695 λουσι.
2381 3642 2455 3694 Τὸ
2495 3641 2554 3696 δὲ
2615 3661 2635 3693 ι
2684 3641 2814 3712 παρ’
2848 3642 3065 3711 ὲνορίαν
3103 3661 3122 3694 ι
3184 3642 3547 3714 σημειοῦσθαι
3590 3647 3738 3703 κατὰ

2158 3734 2462 3806 πρόσταξιν
2501 3734 2792 3806 βασιλικὴν
2841 3734 3248 3808 ἐκκεχώρηται.
3313 3736 3736 3812 Μητροπολιτης

2156 3827 2216 3882 δέ
2244 3845 2327 3893 τις
2367 3829 2448 3891 εἰς
2487 3827 2792 3892 ὲπισκοπὰς
2817 3828 2984 3882 αὐτοῦ
3011 3827 3306 3900 διαφόρους
3323 3829 3544 3895 διδάξας
3576 3832 3729 3902 παρὰ

2156 3919 2382 3991 γνώμην
2407 3919 2517 3973 τῶν
2543 3920 2883 3987 ἐπισκόπων,
2923 3920 3020 3974 καὶ
3044 3920 3390 3990 αἰτιώμενος,
3427 3920 3750 4002 ἐδικαιολοέλ

2155 4011 2306 4076 γεῖτο
2346 4008 2420 4080 μὴ
2454 4007 2693 4078 ὀφείλειν
2735 4007 3159 4080 παραδλαὸἦναι
3187 4008 3278 4063 διά
3299 4027 3359 4063 τε
3389 4010 3451 4064 τὺ
3482 4010 3588 4065 ὑπὸ
3626 4005 3738 4084 τῆν’

2155 4102 2405 4167 ἐξουσίαν
2429 4101 2590 4156 αὐτοῦ
2622 4099 2762 4157 εἶναι
2800 4103 2899 4166 τὰς
2933 4103 3263 4169 ὲπισκοπὰς,
3308 4105 3396 4160 διά
3445 4123 3504 4159 τε
3549 4106 3613 4160 τὸ
3653 4107 3730 4179 μὴ

2155 4195 2463 4263 ἐπάγεσθαι
2513 4195 2738 4250 κόλασιν
2795 4196 2904 4250 ὑπὸ
2937 4195 3032 4249 τοῦ
3076 4197 3346 4268 παρόντος
3395 4200 3623 4264 κανόνος
3650 4200 3730 4270 τῷ

2156 4285 2403 4354 τοιούτῳ,
2441 4286 2534 4340 καλ⁸
2564 4284 2654 4339 διὰ
2679 4285 2740 4338 τὺ
2766 4286 2840 4356 μὴ
2869 4281 3009 4340 εἶναι
3039 4286 3182 4356 τάχα
3222 4289 3586 4344 ὲπισκοπικδν
3614 4291 3731 4345 λει-

2156 4374 2246 4428 τοὲ
2258 4391 2444 4446 ργημα
2469 4376 2529 4428 τὸ
2554 4375 2768 4442 διδάξαι
2794 4375 2828 4446 ἢ
2852 4375 3294 4446 σημειώσασθαι,
3325 4378 3469 4450 ἅπερ
3498 4383 3564 4451 τῇ
3630 4399 3728 4450 με·

2158 4468 2300 4538 γάλῃ
2331 4467 2532 4539 συνόδῳ
2561 4468 2660 4523 οὐκ
2685 4469 2944 4539 ἠρεσκον.
2969 4468 3284 4539 Σημιιωσαι
3314 4464 3408 4524 οὖν
3460 4471 3528 4525 τά
3559 4473 3618 4524 ὲν
3645 4471 3726 4542 τῷ

2153 4561 2380 4631 παρόντι
2414 4558 2473 4613 ιδ’
2505 4560 2693 4614 κανόνι
2723 4559 3008 4629 γραφέντα
3033 4576 3048 4592 ·
3090 4560 3228 4630 πρὸς
3256 4561 3312 4614 δὲ
3344 4563 3529 4616 καὶτὰ
3570 4565 3626 4617 ἐν
3645 4564 3726 4636 τῷ

2152 4659 2199 4706 κ’
2230 4653 2413 4706 κανόνι
2449 4645 2549 4722 τῆς
2592 4657 2649 4706 ὲν
2697 4652 2775 4723 τῷ
2805 4652 3060 4722 Τρούλλῳ
3117 4654 3360 4719 συνόδου,
3398 4654 3600 4721 ἔξωθεν
3628 4659 3727 4729 ep-

2156 4745 2496 4818 μηνευθέντα
2526 4747 2657 4816 περὶ
2713 4745 2806 4798 τοῦ
2837 4740 3148 4809 διδάξαντος
3183 4746 3482 4800 ἐπισκόπου
3507 4749 3588 4812 εἰς
3627 4749 3726 4802 άλ-

2151 4836 2374 4907 λοτρίαν
2410 4836 2649 4906 ὲνορίαν,
2681 4836 2776 4890 καὶ
2821 4834 3163 4904 συμϐίὸασον
3196 4835 3367 4907 ἄμφω
3395 4839 3520 4902 τοὺς
3568 4841 3726 4894 κανό-

2157 4951 2278 4998 νας.

2590 5018 2655 5077 Ἐ
2659 5022 2795 5091 τέρα
2831 5019 3110 5090 ἑρμηνεία
3146 5021 3282 5094 (Q5).

2239 5119 2373 5173 Ἀπὸ
2418 5117 2511 5170 τοῦ
2540 5115 2813 5183 παρόντος
2850 5112 2912 5166 ιδ’
2955 5114 3182 5176 κανόνος
3233 5113 3730 5194 καταλαμϐάνεται

2152 5211 2236 5265 ὅτι
2267 5211 2299 5281 ή
2329 5209 2429 5279 μὲν
2462 5203 2839 5275 κακεντρεχὴς
2888 5203 3223 5274 ὲπιπὴδησις
3272 5203 3379 5256 ἀπὸ
3433 5207 3730 5273 παροικῐας

2155 5305 2233 5366 εἰς
2252 5299 2544 5372 παροικίαν
2578 5296 2878 5350 ἐπισκόπου
2919 5295 3064 5358 τινὸς
3097 5295 3531 5365 κατακρίνεται·
3573 5298 3605 5366 ή
3668 5297 3726 5349 δὲ

2155 5392 2420 5466 γινομένη
2449 5387 2740 5460 μετάθεσις
2767 5385 2953 5456 χάριτι
2993 5384 3172 5454 ἀγαθῇ
3200 5385 3265 5436 δι’
3297 5383 3516 5457 εὔλογον
3554 5386 3731 5455 μεγά.

1723 5509 1885 5574 Guil.
1931 5507 2255 5587 Beveregii
2305 5511 2493 5567 notua.

553 5607 673 5682 (ΞΒ)
702 5609 898 5682 Ἑτέρα
925 5610 1229 5682 ἑρμηνεία.
1251 5609 1442 5682 Totam
1475 5610 1614 5682 lianc
1641 5611 1867 5668 alteram
1894 5614 2049 5682 hujus

479 5681 705 5749 canonis
787 5679 1288 5749 interpretationem
1362 5679 1414 5732 in
1475 5680 1753 5749 impressis
1818 5679 2046 5738 anteliac

479 5747 870 5815 desideratam,
903 5764 1004 5806 ms.
1039 5747 1337 5804 Bodleiano
1365 5747 1643 5821 acceptam
1694 5751 1940 5810 ferimus.
1987 5753 2044 5809 In

2157 5611 2344 5667 codice
2378 5615 2581 5672 autem,
2614 5619 2774 5676 quem
2797 5601 3096 5676 Gentianus
3124 5601 3394 5676 llert'etus
3429 5601 3723 5676 transtulit,

2155 5683 2351 5750 partim
2379 5671 2650 5754 descripta
2706 5675 2840 5754 fuit;
2887 5674 3030 5752 unde
3072 5682 3125 5725 et
3159 5671 3340 5754 latina
3394 5671 3514 5754 ejus
3546 5671 3728 5731 versis

2151 5742 2294 5810 inter
2326 5742 2699 5819 supplementa
2736 5743 2803 5800 ad
2837 5742 3047 5814 priores
3071 5742 3287 5798 codices
3311 5750 3510 5799 exstat.
