4056 6438
286 385 356 445 65
1563 382 1647 444 ΙΝ
1688 382 1857 446 CAN.
1888 386 1889 389 “

1990 383 2023 442 ν
2049 383 2304 445 APOST.
3497 384 3565 450 CG

286 504 391 567 λην
424 500 608 553 αἰτίαν
641 498 738 553 καὶ
768 496 1078 569 στηριγμδν
1104 498 1205 568 τῆς
1254 497 1543 560 εὖσεὸείας
1600 501 1740 568 μετὰ
1785 516 1882 568 με-

1990 497 2222 553 licndam
2256 499 2488 552 maxima
2537 499 2915 568 episcoporum
2955 496 3244 553 tnultorum
3297 501 3563 555 adhorta-

287 596 491 664 γίστης
523 594 933 663 παρακλήσεως
966 593 1290 646 ἐπισκόπων
1322 591 1536 645 πολλῶν
1581 593 1879 663 ἐπιτρέπε-

287 706 405 741 ται.
466 687 624 741 Ἐπεὶ
661 687 719 740 δὲ
749 686 1143 753 λέγουσίξτινες
1174 684 1311 754 μηδὲ
1343 686 1451 738 ἀπὸ
1487 684 1580 738 τοῦ
1608 685 1882 755 παρόντος

288 780 523 843 κανόνος
547 779 947 849 ἐπιτρέπεσθαι
969 780 1067 848 τὴν
1102 779 1413 849 μετάθεσιν,
1446 779 1582 833 ἀλλὰ
1622 778 1883 850 καιρικὴν

290 875 642 946 μετάκλησιν
668 874 974 927 ἐπισκόπου
1019 874 1180 943 χάριν
1218 873 1568 935 διδασκαλίας
1596 874 1661 927 ἐκ
1684 874 1880 926 τούτου

291 968 720 1037 ἀναφαίνεσθαι,
772 966 1172 1021 ἀκουσάτωσαν
1212 965 1296 1018 ὃτι
1335 964 1432 1017 τοῦ
1476 965 1703 1028 κανόνος
1772 968 1884 1017 τοι·

292 1060 453 1114 οὖτόν
478 1078 532 1112 τι
580 1060 655 1130 μὴ
677 1060 934 1126 λέγοντος
965 1058 1127 1110 πόθεν
1154 1057 1311 1112 αὐτοὶ
1340 1056 1499 1109 τοῦτο
1548 1055 1883 1125 προϐάλλον-

291 1172 416 1218 ται;
452 1150 579 1207 εἶτα
614 1154 709 1207 καὶ
739 1153 870 1205 ποία
899 1151 1136 1220 ὠφέλεια
1166 1152 1244 1220 τῷ
1262 1150 1376 1219 λαῷ
1405 1149 1505 1219 τῆς
1540 1150 1885 1220 χηρευούσης

294 1247 604 1318 ἐκκλησίας
635 1246 830 1315 ἔμελλε
860 1245 1120 1312 γενέσθαι
1154 1243 1262 1297 ἀπὸ
1285 1241 1635 1304 διδασκαλίας
1658 1244 1885 1295 ἐπισκόο

294 1358 403 1395 που
435 1339 589 1404 ἆπαξ
618 1340 650 1410 ἢ
690 1340 787 1391 καὶ
823 1339 904 1401 δὶς
937 1338 969 1407 ἢ
1010 1339 1105 1390 καὶ
1140 1338 1233 1389 ἐπί
1256 1336 1467 1406 χρόνων
1497 1335 1683 1405 ῥητῶν
1738 1335 1885 1387 διδάρ

298 1432 495 1495 ξαντος
532 1432 591 1482 ἐν
622 1430 788 1498 αὐτῇ,
841 1429 1009 1499 μηδὲν
1036 1427 1092 1481 δέ
1143 1445 1197 1480 τι
1255 1428 1445 1496 ἕτερον
1494 1427 1883 1497 ἀρχιερατικὸν

295 1524 701 1591 ἐνεργήσαντος
726 1521 785 1573 ἐν
813 1520 1011 1590 ταύτῃ,
1035 1519 1179 1572 ὥστε
1215 1518 1469 1587 γενέσθαι
1505 1521 1603 1589 τὴν
1623 1517 1884 1587 τοιαύτην

298 1615 644 1683 μετάκλησιν
692 1613 832 1684 μετὰ
907 1611 1147 1681 μεγάλης
1215 1611 1619 1682 παρακλήσεως
1674 1611 1884 1665 πολλῶν

294 1707 621 1760 ἐπισκόπων
641 1722 654 1735 ·
676 1704 836 1776 εἴπερ
865 1705 968 1758 οὐκ
995 1704 1221 1775 ἔμελλεν
1252 1707 1280 1756 6
1305 1703 1665 1774 μετακληθεὶς
1692 1702 1885 1774 δικαίῳ

293 1797 685 1869 ἁρχιερατικῷ
715 1797 948 1862 διδάξαι,
974 1797 1074 1849 οὐκ
1096 1795 1292 1866 ἐδεήθη
1344 1797 1413 1850 ἂν
1476 1796 1883 1869 παρακλήσεως

298 1890 518 1941 πολλῶν
546 1890 892 1942 ἐπισκόπων’
925 1887 1150 1942 ἐδύνατο
1184 1888 1292 1960 γὰρ
1322 1888 1416 1941 καὶ
1449 1889 1611 1958 μόνος
1646 1888 1884 1960 κηρύξαι

296 1981 400 2052 τὴν
429 1981 741 2034 εὐσέϐειαν.
776 1980 989 2044 Ἀλὶως
1020 1997 1078 2033 τε
1105 1983 1133 2033 6
1170 1980 1329 2034 τοῦτο
1356 1981 1534 2048 λέγων
1588 1985 1889 2053 κατηγορεῖ

296 2076 399 2129 καὶ
428 2073 527 2127 τοῦ
573 2074 812 2144 μεγάλου
843 2073 1149 2144 Γρηγορίου
1180 2072 1274 2125 τοῦ
1301 2073 1589 2142 Θεολόγου,
1654 2079 1748 2129 καὶ
1790 2078 1884 2131 τοῦ

300 2168 461 2235 ἁγίου
496 2166 746 2237 Πρόκλου
779 2167 870 2219 καὶ
896 2166 1101 2237 ἐτέρων
1133 2166 1348 2219 πολλῶν
1392 2167 1504 2238 (26)
1560 2170 1887 2237 ἁγιωτάτων

298 2259 664 2330 πατριαρχῶν
698 2257 1108 2328 μετατεθέντων
1139 2259 1246 2312 ἀπὸ
1291 2261 1495 2329 ἐτέρων
1554 2260 1760 2333 θρόνων
1794 2265 1887 2329 είς

294 2354 395 2406 τὸν
430 2356 532 2423 τῆς
570 2352 1197 2419 Κωνσταντινουπόλεως
1231 2352 1261 2422 ἢ
1291 2354 1386 2407 καὶ
1424 2358 1505 2418 είς
1533 2356 1780 2427 ἐτέρους,
1808 2357 1888 2421 ὡς

296 2445 541 2510 ἀναξίως
579 2445 1018 2514 ἱερουργούντων
1048 2444 1188 2515 μετὰ
1228 2447 1544 2517 μετάθεσιν,
1575 2450 1714 2520 ὅπερ
1738 2452 1888 2504 ἐστὶν

295 2541 719 2606 ἁσύγγνωστον.

376 2634 627 2686 ΖΩΝΑΡ.
667 2633 928 2703 Διάφοροι
996 2634 1266 2688 συνοδικοὶ
1322 2634 1545 2697 κανόνες
1612 2635 1887 2689 κωλύουσι

294 2727 430 2789 τοὺς
481 2728 819 2790 ἐπισκόπους
878 2726 987 2780 ἀπὸ
1032 2727 1143 2780 τῶν
1198 2728 1418 2782 οἰκείων
1452 2728 1759 2799 ἐκκλησιῶν
1807 2732 1889 2794 εἰς

300 2821 499 2890 ἐτέρας
535 2821 919 2892 μεταϐαίνειν
943 2821 1178 2875 ἕκαστον
1208 2823 1319 2892 γὰρ
1352 2825 1415 2894 τῇ
1453 2822 1698 2897 λαχούσῃ
1723 2825 1888 2892 αὐτὸν

298 2916 577 2986 ἐκκλησία
602 2916 861 2984 ἐμμένειν
902 2914 1299 2981 διατάττοντας,
1332 2904 1420 2970 ἵνα
1451 2918 1525 2986 μὴ
1563 2918 1699 2985 πρὸς
1723 2917 1889 2988 ἀλλήε-

298 3009 425 3071 λους
460 3009 828 3072 στασιάζωσιν
855 3025 870 3040 ο
902 3009 1004 3061 οὐκ
1048 3009 1268 3063 ἐναντία
1323 3010 1505 3064 τοίνυν
1560 3012 1607 3066 οἱ
1662 3013 1889 3076 κανόνες

298 3100 687 3154 διατάττεσθαι
712 3099 1130 3171 λογισθήσονται
1153 3113 1180 3137 ν
1204 3099 1321 3154 ἀλλ’
1349 3103 1551 3156 ἐκεῖνοι
1589 3104 1690 3173 μὲν
1751 3104 1885 3175 περὶ

1988 591 2135 645 tione
2168 590 2306 645 facta
2348 592 2703 661 permittitur.
2739 592 3004 658 Quoniam
3037 609 3163 647 vero
3194 594 3381 649 dicunt
3423 612 3560 649 nou-

1986 683 2121 737 nulli
2157 698 2254 738 nec
2285 684 2352 737 ab
2382 684 2484 738 hoc
2514 686 2766 752 praesenti
2803 700 3010 740 canone
3050 687 3286 754 permitti
3319 687 3557 741 transla-

1987 773 2212 836 tionem,
2246 775 2341 828 sed
2362 783 2567 829 tantum
2592 777 2830 845 episcopi
2861 777 2927 830 ad
2960 787 3170 847 tempus
3192 780 3563 833 evocationem

1985 863 2216 919 docendi
2252 866 2420 935 gratia
2456 881 2520 919 ex
2576 883 2639 922 co
2669 881 2950 937 apparere,
2991 873 3233 936 audiant,
3267 874 3409 942 quod
3461 872 3564 927 hoc

1985 971 2192 1011 canone
2231 958 2362 1012 nihil
2398 958 2703 1026 hujusmodi
2730 962 2944 1014 dicente
2980 962 3122 1015 unde
3164 963 3263 1030 ipsi
3303 964 3404 1017 hoc
3438 978 3563 1032 pro-

1986 1048 2202 1103 ferunt?
2231 1049 2430 1103 Deinde
2463 1061 2517 1104 et
2554 1066 2800 1120 quamam
2824 1054 3069 1108 vacantis
3095 1055 3335 1109 ecclesiae
3366 1057 3564 1125 pepulo

1984 1144 2167 1196 futura
2197 1152 2277 1197 est
2315 1143 2523 1198 utilitas
2550 1159 2583 1197 ο
2609 1145 2857 1200 doctrina
2889 1148 3126 1216 episcopi
3162 1149 3330 1202 semel
3360 1150 3440 1202 vel
3478 1150 3563 1203 bis

1986 1235 2069 1289 vel
2100 1246 2154 1290 et
2182 1236 2345 1290 dictis
2376 1238 2706 1306 temporibus
2743 1239 2987 1294 docentis
3019 1241 3070 1292 in
3101 1255 3161 1293 ea
3187 1281 3200 1304 ,
3229 1241 3323 1295 sed
3356 1242 3558 1294 nullqu

1989 1328 2134 1383 aliud
2167 1330 2429 1383 antistitis
2461 1346 2655 1384 munus
2681 1332 2732 1385 in
2764 1346 2825 1384 ca
2852 1335 3180 1396 exercentis,
3207 1344 3264 1386 ut
3292 1334 3559 1403 ejusmodi

1986 1424 2234 1477 evocatio
2254 1438 2375 1476 cum
2410 1439 2607 1494 magna
2632 1427 3011 1495 episcoltorum
3045 1428 3332 1483 multorum
3364 1430 3567 1483 adhor-

1987 1519 2194 1573 tatione
2248 1519 2439 1573 ﬂeret?
2474 1519 2533 1573 Si
2580 1520 2795 1588 quidem
2843 1529 3100 1576 evocatus
3136 1521 3256 1588 jure
3304 1522 3565 1577 antistitis

1987 1627 2093 1665 non
2138 1612 2394 1666 docturus
2431 1623 2597 1673 esset,
2653 1626 2751 1668 nec
2797 1614 3065 1682 indigeret
3114 1618 3406 1669 multorum
3450 1614 3567 1684 cpi-

1987 1718 2275 1772 scoparum
2317 1704 2719 1768 adhortatione,
2751 1708 2927 1774 potuit
2955 1707 3098 1761 enim
3127 1713 3181 1760 ct
3211 1706 3355 1760 solus
3392 1708 3565 1776 pieta-

1912 1835 1958 1895 Β
1990 1805 2096 1849 tem
2143 1797 2459 1865 praedicare.
2494 1796 2799 1852 Praesertim
2841 1808 3019 1852 autent
3051 1799 3141 1867 qui
3178 1799 3280 1852 hoc
3312 1799 3441 1851 dicit
3470 1813 3564 1853 ac—

1989 1898 2141 1942 cusat
2175 1899 2229 1943 et
2259 1905 2510 1959 magnum
2534 1888 2853 1958 Gregorium
2878 1889 3213 1958 Theologum
3240 1901 3291 1944 et
3315 1899 3565 1944 sanctum

1989 1978 2263 2046 Proclum,
2298 1992 2353 2037 et
2382 1982 2519 2037 alios
2558 1984 2754 2037 multos
2782 1982 3157 2037 sanctissimos
3200 1984 3564 2052 patriarchas,

1988 2075 2078 2143 qui
2114 2074 2181 2128 ab
2228 2073 2349 2128 aliis
2405 2074 2616 2127 thronis
2667 2076 2731 2127 ad
2782 2073 3441 2143 Consthntinopolitanunt
3484 2074 3566 2129 vel

1988 2170 2147 2223 etiam
2182 2170 2245 2221 ad
2273 2168 2405 2222 alios
2434 2168 2678 2223 translati
2709 2168 2876 2235 fuere,
2908 2178 2965 2222 ιιι
2998 2170 3213 2238 indigne
3239 2180 3359 2238 po~t
3384 2181 3566 2226 trans-

1990 2260 2242 2315 lationem
2288 2275 2441 2316 sacra
2485 2269 2829 2331 peragentes,
2882 2261 3026 2331 quod
3068 2263 3221 2316 venia
3293 2273 3377 2317 est
3420 2264 3566 2318 iudi-

1989 2368 2175 2425 gnum.

2061 2626 2313 2681 ZONAR.
2342 2623 2486 2680 Varii
2510 2638 2748 2679 canones
2772 2623 3012 2693 synodici
3042 2623 3323 2693 prohibent
3358 2625 3568 2691 episco-

1991 2735 2086 2790 pos
2114 2734 2142 2772 a
2194 2719 2306 2772 suis
2336 2716 2585 2772 ecclesiis
2612 2716 2668 2770 in
2704 2715 2839 2770 alias
2883 2717 3121 2786 migrare
3166 2734 3180 2769 :
3226 2716 3319 2771 sed
3369 2733 3567 2770 unum-

1990 2827 2263 2884 quemque
2300 2810 2559 2865 mandant
2587 2809 2639 2863 in
2681 2824 2765 2874 ea,
2794 2824 2913 2879 qua:
2945 2818 3093 2864 sorte
3142 2810 3244 2864 sibi
3297 2810 3565 2878 contigit,

1990 2905 2217 2961 ecclesia
2254 2918 2496 2966 manere,
2531 2918 2600 2957 ne
2626 2903 2925 2957 dissideant
2971 2904 3111 2956 inter
3155 2918 3235 2958 se.
3284 2901 3399 2957 Non
3448 2903 3569 2958 ideo

1990 2999 2263 3055 contraria
2299 3011 2536 3053 canones
2571 2995 3025 3052 existimabuntur
3083 2995 3386 3050 instituisse
3421 3012 3434 3050 :
3473 2996 3569 3050 sed

1992 3092 2069 3147 illi
2098 3092 2316 3162 quidem
2354 3092 2525 3160 legem
2560 3099 2764 3160 ponunt
2795 3090 3087 3158 episcopis,
3128 3090 3193 3143 de
3224 3104 3328 3144 non
3352 3103 3571 3158 permu—

298 3199 398 3261 τοῦ
434 3198 512 3268 μὴ
544 3197 853 3267 διαμείόειν
887 3197 985 3258 τὰς
1032 3195 1331 3266 ἐκκλησίας
1382 3198 1508 3259 τοὺς
1543 3199 1881 3262 ἐπισκόπους

1995 3186 2169 3241 tandis
2196 3185 2443 3241 ecclesiis
2472 3185 2584 3240 suis
2613 3202 2627 3240 :
2656 3197 2707 3240 et
2742 3184 2845 3238 hoc
2894 3192 3097 3237 vetant.
3143 3181 3387 3237 Praesens
3438 3195 3572 3237 vero

299 3288 680 3359 νομοθετοῦσι,
741 3288 836 3340 καὶ
889 3286 1049 3340 τοῦτο
1103 3286 1448 3341 κωλύουσιν⁸
1508 3290 1536 3341 6
1581 3290 1636 3343 δὲ
1696 3290 1891 3361 παρὼν

302 3383 493 3436 κανὼν
552 3383 683 3451 περὶ
746 3380 839 3433 τοῦ
901 3379 1121 3433 ἀπιέναι
1184 3381 1264 3442 είς
1317 3379 1510 3451 ἐτέραν
1567 3382 1887 3452 ἐκκλησίαν,

299 3477 502 3549 χρείας
566 3474 1026 3543 κατεπειγούσης,
1076 3473 1299 3542 διδαχῆς
1369 3473 1529 3544 χάριν
1586 3474 1892 3528 ἐπίσκοπον

300 3570 621 3637 διαλέγεται
647 3585 661 3598 ·
692 3570 826 3631 ἴσως
851 3568 959 3638 γὰρ
987 3568 1015 3619 6
1045 3567 1148 3636 τῆς
1181 3565 1478 3633 ἐκκλησίας
1527 3566 1743 3635 ἐκείνης
1776 3567 1894 3619 ἐπί-

304 3679 517 3725 σκοπος
565 3661 627 3714 οὐ
667 3660 810 3713 πάνυ
846 3676 930 3712 τοι
981 3658 1117 3725 πρὸς
1176 3659 1234 3710 τὸ
1279 3657 1547 3711 διδάσκειν
1588 3660 1894 3729 ἐπιτήδειος

296 3757 463 3809 ἔσται
496 3771 509 3784 '
534 3756 562 3806 6
586 3754 643 3805 δὲ
682 3750 1187 3821 προσκαλούμενος,
1235 3751 1397 3819 τυχὸν
1434 3750 1757 3821 λογιώτερος
1793 3750 1894 3819 ὢν,

300 3853 401 3905 καὶ
431 3849 575 3918 πρὸς
607 3845 838 3909 διάλεξιν
862 3844 1319 3914 ἐπιτηδειότερος,
1342 3843 1431 3898 διά
1459 3860 1509 3910 τι
1548 3846 1894 3915 συμϐεϐηκὸς

300 3943 613 4009 ἀναγκαῖον
650 3939 716 3992 ἂν
756 3938 844 4006 εἴη
875 3940 943 4007 τῇ
974 3937 1131 3989 πόλει
1158 3937 1342 4008 ἐκείνῃ
1378 3937 1739 4007 ἐπιδημῆσαι.
1783 3938 1895 4005 Καὶ

300 4036 429 4088 τότε
454 4034 514 4087 δὲ
559 4032 641 4103 μὴ
665 4032 755 4101 ἀφ’
774 4029 977 4084 ἐαυτοῦ
1008 4030 1251 4095 ἀπιέναι,
1300 4029 1436 4083 ἀλλὰ
1482 4031 1793 4099 προσκαλού
1804 4049 1895 4101 με-

300 4147 397 4193 νον
420 4130 450 4180 6
477 4124 662 4180 κανὼν
703 4124 865 4178 αὐτὸν
898 4122 1149 4193 βούλεται
1182 4138 1196 4152 ’
1231 4123 1262 4191 ἦ
1297 4121 1502 4192 μᾶλλον
1527 4124 1710 4192 κρίσει
1768 4124 1898 4177 πολ-

294 4223 414 4276 ’λῶν
464 4218 786 4273 ἐπισκόπων
839 4215 1354 4287 παρακαλούμενον.
1421 4216 1485 4267 Ol
1542 4216 1727 4285 μέντοι
1788 4215 1896 4269 τῶν

303 4316 552 4381 συνόδων
583 4312 809 4374 κανόνες
832 4310 1211 4382 ἀποτρέπουσι
1248 4309 1425 4380 πάντη
1467 4309 1528 4362 τὸ
1577 4311 1640 4363 ἐκ
1697 4304 1898 4383 παροι-

303 4409 438 4470 κίας
490 4406 573 4468 εἰς
630 4403 799 4473 ἄλλην
845 4401 1163 4472 μεταπηδᾷν
1226 4403 1522 4471 παροικίαν
1572 4403 1892 4468 ἐπίσκοπον,

306 4502 405 4551 καὶ
434 4496 539 4566 τὴν
574 4482 793 4561 ἐκείνης
836 4482 1307 4564 ἐκκλησιαστικὴν
1359 4493 1709 4563 ὑφαρπάζειν
1759 4494 1897 4560 διιοί-

306 4608 499 4664 κησιν,
540 4587 705 4657 κᾶνή
740 4586 1011 4658 ἐκκλησία
1056 4585 1242 4655 ἐκείνη
1303 4585 1513 4659 χηρεύῃ
1564 4572 1895 4656 ἐπισκόπου,

307 4687 454 4737 κατὰ.
484 4682 580 4734 τὸν
606 4677 684 4743 ιςῖ
707 4678 906 4731 κανόνα
922 4677 1019 4748 τῆς
1050 4678 1107 4729 ἐν
1139 4677 1436 4748 Ἀντιοχείᾳ
1465 4678 1707 4733 συνόδου.
1752 4680 1812 4734 Ὃ
1840 4682 1897 4735 δὲ

309 4771 510 4845 παρὼν
554 4771 665 4825 τῶν
716 4770 887 4837 ἁγίων
940 4768 1259 4835 ἀποστόλων
1308 4767 1491 4823 κανὼν
1542 4773 1897 4845 προσκαίρως

307 4842 577 4923 ἀπελθεῖν
639 4863 939 4929 ἐπίσκοπον
998 4862 1078 4924 είς
1128 4860 1296 4932 ἄλλην
1336 4842 1633 4931 παροιίκίαν
1672 4850 1897 4936 διδαχῆς

310 4960 473 5030 χάριν
508 4958 602 5009 καὶ
633 4952 1038 5018 διαλέξεωςβιδ
1067 4942 1341 5020 ὠφέλειαν
1368 4953 1461 5023 τού
1510 4955 1689 5006 ἐκεῖσε
1739 4943 1893 5008 λαοῦο

315 5054 413 5103 καὶ
461 5048 586 5101 τότε
638 5047 740 5099 οὐκ
789 5044 885 5113 ἀφ’
930 5044 1149 5110 ἐαυτοῦ,
1209 5044 1349 5098 ἀλλὰ
1414 5046 1896 5118 προσκαλούμενον

314 5143 411 5195 καὶ
440 5139 762 5209 ἀξιούμενον
792 5138 853 5190 οὐ
885 5138 1116 5193 κωλύει.
1452 5126 1455 5129 ’

311 5233 543 5290 ΑΡΙΣΤ.
582 5235 784 5301 Θρόνῳ
808 5233 919 5284 οὐκ
942 5229 1344 5298 ἐπιπηδήσεις
1362 5230 1431 5285 ἐκ
1460 5232 1701 5300 θρόνου,
1732 5214 1900 5306 suo;

1992 3293 2166 3333 canon
2205 3279 2443 3349 loquitur
2470 3278 2538 3332 de
2574 3278 2827 3347 episcopo
2860 3275 2974 3345 qui,
3008 3276 3133 3330 dum
3164 3275 3305 3342 cogit
3335 3274 3563 3341 utilitas,

1993 3373 2254 3428 doctrinm
2297 3370 2493 3438 gratia,
2540 3368 2905 3438 proficiscitur
2941 3369 2991 3421 in
3041 3368 3200 3422 aliam
3243 3368 3565 3441 ecclesiam;

1994 3466 2138 3520 illius
2175 3462 2317 3516 enim
2345 3460 2590 3516 ecclesia:
2618 3460 2901 3528 cpiscOpus
2953 3458 3180 3514 forsitan
3229 3474 3333 3514 non
3380 3460 3573 3514 admo-

1994 3559 2118 3612 dum
2152 3558 2224 3611 sit
2251 3556 2477 3610 idoneus
2511 3553 2575 3606 ad
2607 3553 2909 3607 docendum
2949 3568 2963 3605 :
3003 3553 3098 3622 qui
3123 3560 3298 3605 autem
3338 3554 3572 3606 advoca-

1996 3660 2103 3719 tur,
2139 3651 2277 3706 forte
2319 3648 2392 3702 sit
2432 3646 2794 3717 eloquentior,
2838 3660 2901 3700 ac
2943 3645 3153 3698 dicendi
3187 3644 3441 3700 facultate
3489 3645 3574 3717 in-

1995 3744 2256 3798 structior
2290 3740 2472 3796 :unde
2520 3739 2783 3810 contingit
2820 3748 2879 3792 ut
2905 3753 3131 3793 necesse
3160 3740 3230 3793 sit
3253 3738 3317 3792 ad
3343 3738 3486 3791 illam
3517 3751 3576 3792 se

1995 3834 2242 3897 conferat
2272 3832 2573 3887 civitatem.
2600 3830 2666 3884 Et
2699 3839 2827 3884 tunc
2855 3829 3071 3897 quidem
3098 3845 3201 3882 non
3226 3844 3322 3884 sua
3354 3838 3572 3902 sponte,

1998 3929 2093 3984 sed
2134 3936 2418 3982 evocatum
2443 3963 2458 3990 ,
2484 3923 2569 3979 vel
2624 3926 2803 3992 potius
2848 3922 3225 3992 episcoporum
3280 3922 3575 3976 multorum

1992 4020 2198 4092 judicio
2242 4016 2657 4081 commonitum,
2698 4029 2883 4097 canon
2931 4014 3046 4068 vult
3099 4014 3269 4068 abire.
3323 4013 3575 4068 Cauones

1999 4113 2158 4183 igitur
2191 4109 2514 4180 synodorum
2549 4121 2777 4183 prorsus
2806 4105 3051 4160 inhibent
3090 4105 3467 4174 episcoporum
3505 4105 3572 4158 de

1998 4202 2236 4275 pareecia
2276 4201 2331 4255 in
2376 4200 2540 4254 aliam
2598 4196 2872 4254 transilire
2929 4196 3247 4269 paroeciam,
3298 4197 3577 4266 ipsiusque

1998 4293 2425 4351 ecclesiasticam
2450 4290 2729 4361 surripere
2753 4288 3304 4353 administrationem,
3325 4288 3577 4358 quamvis

1997 4405 2059 4446 ea
2096 4387 2259 4443 fuerit
2295 4385 2547 4455 episcopo
2579 4382 2795 4437 viduata
2833 4380 3022 4452 :juxta
3051 4380 3321 4435 decimum
3355 4392 3573 4434 sextum

2002 4495 2265 4537 canonem
2294 4478 2484 4549 synodi
2511 4476 2884 4542 Antiochenze,
2911 4488 3157 4547 praesens
3191 4483 3371 4528 autem
3405 4489 3579 4528 canon

2005 4573 2319 4630 sanctorum
2354 4570 2725 4643 apostolorum
2756 4584 2858 4641 pro
2887 4563 3146 4637 temporis
3181 4567 3392 4629 ratione
3415 4608 3429 4633 ,
3467 4568 3582 4622 vult

2004 4667 2165 4720 aliam
2211 4666 2264 4719 in
2300 4663 2593 4734 parocciam
2641 4662 2873 4717 transire
2920 4660 3271 4735 episcopum,
3317 4660 3582 4714 doctrina:

2003 4744 2584 4831 sermocinationisque
2622 4768 2812 4818 causa,
2847 4740 3070 4826 propter
3100 4752 3386 4818 utilitatem
3435 4768 3583 4807 com-

2003 4851 2270 4909 morantis
2303 4848 2411 4903 illic
2449 4845 2652 4917 populi.
2683 4846 2868 4915 Neque
2919 4853 3098 4915 tamen
3135 4839 3449 4913 sua'solius
3481 4845 3583 4899 hoc

2005 4947 2303 5019 voluntate,
2341 4942 2433 4997 sed
2462 4942 2537 5009 ab
2563 4939 2684 4995 aliis
2718 4947 2967 4996 vocatum
2993 4944 3047 4995 et
3078 4939 3299 5017 dignum
3328 4938 3578 5011 habitum

2007 5056 2114 5094 non
2148 5035 2419 5107 prohibet.

2003 5234 2234 5297 ARIST.
2293 5231 2415 5287 Non
2502 5230 2850 5313 proﬁcisceris
2886 5231 2948 5286 de
2982 5230 3173 5297 throno
3217 5231 3288 5299 qd
3318 5232 3583 5299 thronum,

385 5324 516 5391 τοῖς
555 5321 684 5377 ἐκεῖ
701 5320 1228 5389 λυσιτελέστερος,
1270 5322 1350 5386 ὡς
1400 5320 1889 5391 διδασκαλικώτεε

2073 5330 2173 5383 nisi
2208 5327 2313 5381 illis
2360 5325 2436 5378 ibi
2465 5327 2647 5379 utilior
2678 5334 2853 5391 utpote
2877 5324 3100 5379 docendi
3141 5335 3254 5380 arte
3299 5325 3588 5393 instructor

1533 5441 1701 5503 Guil.
1748 5445 2074 5525 Beveregii
2114 5451 2306 5513 noue.

382 5543 884 5620 (ἓθλὸαὶέζέρων
906 5540 1179 5620 πολ-ΜΨ·
1218 5540 1308 5595 Sic
1344 5540 1649 5620 Germanus
1693 5544 1894 5620 Cyzico
2006 5548 2319 5620 rescripta
2380 5557 2513 5620 sunt
2561 5545 2629 5620 in
2689 5553 2924 5620 tractatu
2985 5542 3253 5620 Itaquelis
3301 5547 3432 5613 περὶ
3462 5559 3587 5620 Δμε·

310 5632 367 5677 et
392 5612 687 5673 inibimus
711 5613 1059 5683 Trapezunte.
1084 5613 1612 5681 :Consmutinopolitn
1646 5612 1892 5671 translati
1999 5612 2276 5682 ταθέσεων
2314 5622 2366 5672 itt
2400 5618 2548 5677 Juris
2591 5616 3042 5680 Graeco-Romani
3097 5614 3191 5679 lib.
3229 5628 3313 5677 ιιι,
3351 5612 3402 5681 p.
3456 5612 3584 5675 240.

313 5702 473 5754 sunt;
506 5686 826 5757 Eustathius
853 5686 1110 5757 Berrlttea
1144 5683 1372 5757 (Aleppo
1403 5684 1565 5753 vulgo
1598 5688 1812 5757 vocant)
1839 5697 1894 5741 et
2001 5686 2255 5741 Fraucof.
2292 5688 2449 5742 1596.
2486 5684 2620 5742 Vide
2646 5700 2698 5742 et
2729 5686 2984 5757 Demetrii
3029 5684 3357 5757 Chomateni
3380 5685 3590 5737 archie-

317 5763 553 5815 ‘letitius
604 5755 977 5828 Cappadocia
1008 5753 1474 5828 Hierosolymam,
1532 5764 1588 5809 et
1637 5753 1895 5812 Hebenus
2002 5760 2209 5828 piscopi
2243 5759 2506 5827 Bulgaria:
2559 5762 2623 5810 ad
2674 5756 3097 5811 Constantinum
3145 5754 3452 5811 Cabasilam
3502 5769 3591 5811 rc-

312 5828 598 5896 I’ltmuicia
640 5824 848 5902 Tyrum
909 5826 1213 5895 migratum.
1259 5841 1276 5880 :
1327 5824 1448 5880 vide
1506 5840 1627 5895 qua:
1674 5830 1739 5885 de
1791 5830 1892 5883 hac
2002 5824 2235 5899 SportSa,
2276 5824 2407 5885 ibid.
2440 5832 2475 5884 ι.
2512 5830 2649 5897 5,1).
2684 5828 2806 5885 517.
