4056 6452
470 375 546 443 6⁸1
1710 368 1814 429 ΤΠ
1825 366 1990 428 EOD.
2034 366 2072 425 Β

2155 367 2443 431 -SAMON
3679 374 3757 437 68

538 490 822 563 judiceris.
878 488 1069 557 Εῌιοσ
1091 480 1386 540 multorum’
1399 486 1759 555 episcoporum
1780 496 1824 537 et
1853 483 2059 552 judicio
2089 487 2137 542 Α

2228 503 2340 552 ρος
2371 490 2621 555 κρίνοιο,
2648 488 2747 544 καὶ
2772 487 2949 544 τοῦτο
2977 486 3228 543 πολλῶν
3254 487 3609 543 ἐπισκόπων
3650 491 3755 541 καὶ

545 597 595 641 et
634 584 1019 638 adhortatione.
1864 587 1869 593 ’

1864 587 1869 593 ’
2224 579 2522 648 διακρίσει
2554 584 2651 636 καὶ
2689 582 3090 652 παρακλήσει.

551 677 668 732 Non
696 684 911 745 oportet
932 673 1251 743 episcopum
1284 670 1557 740 propriam
1586 667 1866 723 dimcesim
1897 666 2061 721 relin-

2241 674 2320 726 Οὺ
2355 674 2437 726 δεῖ
2463 676 2767 729 ἐπίσκοπον
2817 676 2916 746 τὴν
2944 676 3141 729 ἑαυτοῦ
3177 675 3477 745 παροικίαν
3524 676 3758 728 καταλι-

474 786 644 843 quere
671 780 728 825 et
757 770 811 823 in
843 768 1008 821 alium
1042 767 1297 819 thronum
1328 762 1554 828 insilire,
1580 761 1683 815 nisi
1710 759 1848 815 forte
1872 773 2064 827 appro-

2167 769 2312 831 πεῖν,
2356 766 2454 820 καὶ
2503 769 2673 839 ἑτέρῃ
2708 767 2891 839 θρόνῳ
2928 768 3289 839 ἑπιπηδῆσαι.
3325 770 3374 822 εί
3419 769 3493 839 μή
3523 786 3627 821 που
3654 768 3752 821 δοσ-

479 866 661 927 betur,
690 859 1046 930 etjudicetur
1072 855 1181 910 illic
1233 854 1607 910 habitantibus
1649 852 1833 907 utilior
1877 861 2063 920 utpote

2164 858 2409 929 κιμασθῇ
2460 860 2554 913 καὶ
2600 860 2765 932 κριθῇ
2819 864 2932 925 τοῖς
2950 862 3133 914 ἐκεῖσε
3179 860 3625 931 ὼφελιμώτερος,
3672 859 3755 921 ὡς

475 951 704 1010 docendi
743 961 860 1005 arte
906 949 1077 1018 magis
1115 948 1435 1010 instructus,
1468 956 1522 1000 et
1547 946 1647 1000 hoc
1674 945 1890 1013 quidem
1923 943 2064 997 mul-

2162 948 2735 1023 ἃιδασκαλικώτερος,
2782 954 2883 1007 καὶ
2928 954 3110 1019 τοῦτο,
3161 952 3377 1007 πολλῶν
3432 953 3756 1007 ἐπισκόπων

477 1056 655 1100 torum
720 1045 1101 1113 episcoporum
1163 1050 1217 1094 et
1270 1038 1481 1109 judicio
1530 1045 1585 1090 et
1655 1035 2058 1091 adhortatione.

2162 1045 2260 1097 καὶ
2289 1044 2561 1113 διακρίσει
2588 1047 2683 1099 καὶ
2715 1046 3082 1119 παρακλήσει.
3126 1046 3393 1118 Ἀνῃρέθη
3428 1046 3486 1099 δὲ
3510 1049 3537 1099 6
3566 1046 3754 1099 κανὼν

474 1137 740 1192 Aboletur
788 1144 971 1189 autem
1021 1133 1109 1187 hic
1161 1148 1358 1186 canon.
1390 1128 1525 1183 Nam
1580 1129 1824 1183 decimus
1877 1136 2063 1181 sextus

2161 1132 2318 1200 οὗτος
2347 1152 2365 1169 ·
2394 1137 2422 1189 ό
2454 1137 2561 1207 γὰρ
2591 1138 2981 1202 ἑκκαιδέκατος
3009 1137 3187 1192 κανὼν
3216 1140 3317 1209 τῆς
3353 1139 3411 1192 ἐν
3450 1140 3754 1210 Ἀντιοχείᾳ

474 1246 655 1283 canon
700 1229 751 1282 in
785 1228 1087 1281 Antiochia:
1142 1225 1377 1296 synodo,
1412 1232 1696 1276 vacantem
1746 1220 2059 1290 episcopum

2164 1229 2385 1284 συνόδου
2415 1228 2511 1281 τὸν
2542 1230 2641 1298 μὲν
2674 1231 3009 1310 σχολάζοντα
3049 1231 3355 1285 ἐπίσκοπον
3409 1230 3503 1283 ἐπὶ
3556 1232 3756 1300 σχολά-

473 1322 692 1378 νθθῧηιί
724 1321 968 1375 εοειθδίῖθ
998 1318 1200 1387 Ρτωίῖοῖ
1235 1315 1530 1387 Ρθνηὶίίίίιο
1569 1312 1676 1368 sed
1709 1321 1829 1381 Ροδι
1861 1309 2061 1378 ΙποῙη·
2164 1322 2364 1388 ζουσαν
2404 1320 2704 1393 ἐκκλησίαν
2757 1322 3123 1377 καθίστασθαι
3156 1323 3548 1394 παραδέχεται.
3589 1320 3759 1375 Ἀλλὰ

478 1415 677 1469 tionem
709 1412 961 1481 perfectae
1007 1411 1220 1479 synodi,
1263 1417 1530 1477 praesente
1581 1416 1637 1461 et
1692 1405 2060 1474 metropoleos
2168 1415 2308 1484 μετά
2326 1415 2654 1485 δοκιμασίας
2687 1416 2909 1469 συνόδου
2941 1416 3187 1480 τελείας,
3222 1417 3491 1485 παρόντος
3535 1411 3756 1467 καὶτοῦ

475 1507 752 1575 episeopo.
787 1502 901 1557 Non
935 1513 1116 1554 autem
1146 1508 1428 1553 vacantem
1456 1497 1607 1551 nullo
1636 1497 1795 1550 modo
1828 1495 2058 1565 permit-

2164 1508 2267 1577 τῆς
2301 1508 2687 1578 μητροπόλεως
2718 1509 3041 1563 ἐπισκόπου.
3074 1507 3178 1562 Τὸν
3216 1507 3272 1560 δὲ
3297 1506 3372 1577 μὴ
3418 1505 3758 1577 σχολάζοντα

480 1597 543 1651 tit
573 1596 623 1649 in
655 1595 817 1648 aliam
849 1593 1123 1647 civitatem
1153 1592 1404 1655 transire,
1436 1604 1539 1645 nec
1568 1603 1742 1644 canon
1768 1588 2063 1657 vigesimns

2163 1598 2274 1652 οὐδ’
2304 1600 2442 1662 ὅλως
2484 1599 2856 1670 παραδέχεται
2906 1603 2989 1663 είς
3034 1601 3232 1670 ἑτέραν
3276 1598 3433 1651 πόλιν
3490 1597 3758 1668 μεταϐαί-

477 1688 684 1759 primus
722 1688 775 1740 in
800 1686 1103 1741 Antiochia:
1136 1685 1365 1753 synodo,
1394 1697 1496 1737 nec
1547 1682 1792 1736 decimus
1842 1680 2063 1749 quintus

2166 1704 2310 1744 νειν·
2355 1688 2480 1742 οὕτε
2508 1690 2538 1742 6
2582 1689 2669 1743 καί
2700 1690 2882 1743 κανὼν
2913 1690 3008 1757 τῆς
3030 1695 3091 1743 ἐν
3150 1690 3457 1760 Ἀντιοχείᾳ
3505 1690 3756 1747 συνόδου.

476 1780 531 1835 iu
564 1779 780 1835 Nicaeus
811 1779 1031 1849 synodo,
1060 1792 1158 1832 nec
1190 1776 1396 1845 primus
1429 1775 1482 1828 in
1514 1773 1846 1830 Sardicensi.

2163 1780 2289 1835 οὔτε
2316 1785 2344 1836 ό
2374 1781 2434 1836 ιε’
2463 1782 2565 1853 τῆς
2594 1785 2651 1836 ἐν
2679 1783 2889 1852 Νικαίᾳ
2918 1783 3165 1849 συνόδου,
3193 1781 3321 1835 οὔτε
3347 1786 3375 1836 6
3396 1781 3616 1850 πρῶτος
3650 1782 3757 1850 τῆς

2166 1874 2225 1925 ὲν
2253 1873 2513 1945 Σαρδικῇ.

1042 1954 1272 2010 CANON
1335 1953 1451 2008 XV.

2794 1964 3026 2020 KANQN
3053 1964 3155 2023 lE'.

476 2054 539 2110 Si
564 2053 680 2125 quis
708 2052 997 2122 presbyter,
1030 2051 1107 2104 vel
1136 2050 1392 2104 diaconus
1419 2090 1433 2114 ,
1464 2066 1539 2103 vet
1572 2048 1782 2102 omnino
1814 2065 1880 2102 ea:
1910 2047 2068 2102 cleri-

2164 2057 2241 2111 Εἴ
2269 2074 2358 2124 τις
2386 2060 2792 2127 πρεσϐύτερος
2814 2059 2851 2127 ἢ
2883 2058 3185 2124 διάκονος.
3204 2058 3242 2126 ἢ
3264 2057 3419 2122 ὅλως
3447 2058 3555 2113 τοῦ
3576 2073 3763 2111 κατα-

546 2167 729 2204 corum
755 2151 1017 2220 catalogo,
1044 2149 1226 2202 relicta
1246 2166 1340 2201 sua
1367 2146 1642 2213 purocltia,
1676 2149 1729 2199 in
1747 2146 1914 2199 aliam
1943 2148 2064 2199 abs-

2236 2152 2427 2221 λόγου
2458 2151 2576 2205 τῶν
2612 2152 2938 2219 κληρικῶν,
2965 2151 3312 2219 ἀπολείψεις
3366 2150 3482 2216 τὴν
3532 2150 3762 2205 ἑαυτοῦ

546 2243 777 2302 cesserit,
829 2252 875 2295 et
925 2258 1042 2294 cum
1094 2241 1299 2311 penitus
1349 2240 1655 2303 transierit,
1719 2248 1911 2304 prn'ter
1985 2239 2069 2291 sui

2240 2243 2587 2311 παροικίαν,
2618 2245 2707 2309 εἷς
2742 2242 2957 2310 ἑτέραν
2988 2243 3251 2310 ἀπέλθῃ,
3299 2242 3397 2296 καὶ
3441 2242 3765 2308 παντελῶς

544 2336 770 2405 episcopi
798 2336 1110 2389 sententiam
1144 2336 1197 2386 in
1232 2335 1340 2386 alia
1377 2333 1630 2401 parocltiu
1665 2342 1898 2395 maneat,
1948 2346 2068 2384 eum

2239 2335 2545 2404 μεταστὰς
2593 2335 2875 2402 διατρίϐει
2930 2336 3001 2389 ἐν
3051 2336 3218 2403 ἄλλῃ
3258 2335 3538 2403 παροικίᾳ
3596 2336 3766 2402 παρὰ

546 2445 650 2481 non
694 2430 924 2493 amplius
966 2427 1227 2481 celebrare
1260 2426 1542 2495 jubemus,
1595 2425 1820 2478 maxime
1861 2424 1908 2477 si
1951 2439 2067 2476 eum

2240 2427 2484 2497 γνώμην
2522 2427 2628 2481 τοῦ
2662 2428 2819 2481 ιδίου
2852 2427 3196 2481 ἐπισκόπου
3223 2444 3240 2461 ·
3276 2427 3500 2481 τοῦτον
3538 2427 3764 2479 κελεύ-

548 2521 868 2573 adltortante
916 2522 1156 2589 episcojio
1212 2529 1264 2571 ut
1318 2518 1545 2580 rediret,
1596 2533 1697 2568 non
1741 2518 1956 2585 paruit,
2014 2515 2067 2568 in

2238 2536 2385 2587 ομεν
2405 2518 2617 2587 μηκέτι
2648 2519 3040 2586 λειτουργεῖν,
3079 2521 3131 2573 εὶ
3165 2518 3457 2588 μάλιστα,
3483 2533 3766 2587 προσκα-

548 2616 881 2669 contumacia
932 2624 981 2669 et
1028 2613 1313 2668 insolentia
1363 2628 1708 2681 perseverans
1748 2627 1766 2666 :
1804 2614 1850 2667 is
1891 2620 2069 2664 autent

2239 2610 2545 2677 λουμένου
2571 2610 2761 2663 αὑτὸν
2786 2610 2894 2663 τοῦ
2926 2609 3270 2665 ἐπισκόπου
3305 2611 3515 2675 αὐτοῦ,
3569 2611 3767 2665 ἐπαν-

550 2708 620 2762 ibi
661 2717 714 2761 ut
756 2706 930 2761 laicus
962 2709 1334 2761 communicet.

2239 2702 2440 2755 ελθεῖν
2472 2703 2588 2769 οὐχ
2642 2702 3025 2773 ὑπήκουσεν,
3066 2702 3365 2772 ἐπιμένων
3418 2702 3494 2771 τῇ
3540 2703 3770 2771 ἀταξίᾳ

1168 2850 1171 2853 _
2238 2792 2319 2858 ὡς
2341 2792 2553 2857 lambe
2570 2790 2776 2859 μέντοι
2804 2792 3003 2845 ἐκεῖσε
3024 2795 3399 2846 κοινωνείτω.

551 2886 746 2941 BALS.
790 2886 1013 2941 Sextus.
1040 2902 1212 2941 canon
1257 2902 1379 2957 syn.
1428 2887 1681 2943 Chalcetl.
1728 2889 1921 2957 jubet,
1960 2902 2066 2941 non

2242 2885 2441 2938 ΒΑΛΣ.
2507 2884 2565 2937 '0
2599 2891 2653 2949 ς’
2694 2883 2877 2937 κανὼν
2935 2886 3034 2956 τῆς
3087 2887 3145 2940 ἑν
3189 2886 3495 2957 Χαλκηδόνι
3536 2887 3770 2940 συνόδου

479 2978 754 3042 absolute,
787 2977 880 3031 sed
914 2978 966 3030 in
998 2977 1311 3048 episcopatu
1341 3017 1356 3043 ,
1395 2978 1476 3031 vel
1509 2978 1739 3031 ecclesia
1769 3019 1783 3040 ,
1818 2979 1899 3031 vel
1946 2996 2063 3032 mo-

2167 2976 2510 3030 δ.ατάττεται
2544 2976 2620 3047 μὴ
2668 2978 3111 3048 ἀπολελυμένως,
3156 2978 3273 3031 ἀλλ’
3304 2980 3361 3032 ἑν
3411 2981 3683 3049 ἐπισκοπῇ
3720 2980 3768 3051 ἢ

477 3069 741 3133 nasterio,
771 3067 1012 3123 ordinari
1049 3068 1279 3122 clericos
1308 3084 1320 3119 :
1349 3083 1448 3122 nec
1474 3078 1697 3136 possunt
1723 3078 1917 3137 praeter
1943 3068 2064 3138 ejus

2173 3069 2498 3140 ἐκκλησίᾳῆ
2534 3071 2888 3141 μοναστηρίῳ
2931 3072 3362 3142 χειροτονεῖσθαι
3394 3072 3521 3131 τοὺς
3564 3072 3770 3143 κληρι-

477 3164 569 3229 qni
600 3158 680 3214 eis
712 3169 910 3228 praeest
947 3162 1298 3223 sententiam,
1351 3162 1419 3213 ad
1450 3160 1610 3213 aliam
1640 3161 1794 3215 abire
1841 3163 2062 3228 provin-

2175 3162 2326 3222 κούς.
2372 3161 2479 3212 Καὶ
2511 3161 2573 3212 οὺ
2605 3160 2861 3213 δύνανται
2889 3154 3038 3214 οὗτοι
3070 3160 3193 3232 δίχα
3228 3162 3454 3231 γνώμης
3479 3161 3572 3214 τοῦ
3621 3180 3769 3232 προ-

476 3256 643 3319 ciam,
672 3263 764 3306 aut
796 3255 1100 3317 tlimcesim,
1126 3263 1173 3307 et
1202 3254 1558 3307 clericatuum
1591 3253 1761 3308 ollicia
1787 3270 2062 3309 exercere:

2175 3254 2411 3315 εστῷτος
2438 3253 2619 3307 αὐτῶν
2674 3254 2755 3316 εἰς
2801 3253 2998 3322 ἑτέραν
3038 3253 3313 3324 ἐπαρχίαν
3357 3254 3601 3317 ἀπιέναι,
3662 3255 3767 3307 καὶ

477 3361 604 3400 cum
638 3356 816 3399 autem
851 3348 940 3416 qui
982 3347 1084 3399 hoc
1119 3345 1267 3411 facit,
1310 3362 1484 3400 canon
1522 3357 1796 3415 segregat,
1831 3348 2068 3401 maxime

2177 3349 2420 3417 ἐνεργεῖν
2450 3346 2519 3398 τὰ
2546 3346 2654 3398 τῶν
2681 3346 3031 3415 κληρικάτων
3090 3347 3322 3415 ὀφφίκια
3354 3348 3550 3401 αὐτῶν.
3578 3348 3683 3401 Τὸν
3704 3348 3767 3401 δὲ

478 3438 524 3493 si
560 3445 837 3502 evocatus,
868 3447 923 3492 et
954 3440 1018 3492 ad
1045 3438 1279 3505 priorem
1315 3439 1629 3508 parochiam
1664 3441 1838 3493 redire
1853 3438 2067 3507 jussus,

2176 3440 2419 3493 τοιοῦτόν
2448 3457 2498 3491 τι
2534 3439 2791 3491 ποιοῦντα
2839 3440 3093 3510 ἀτορίζει
3127 3444 3153 3492 ό
3178 3440 3385 3501 κανὼν,
3419 3441 3513 3493 καὶ
3555 3440 3765 3509 μᾶλλον

480 3546 590 3587 non
622 3532 863 3601 paruerit
900 3550 914 3586 :
947 3547 1071 3585 eum
1107 3541 1289 3586 tamen
1320 3532 1371 3585 iu
1405 3532 1507 3585 alia
1535 3530 1753 3585 civitate
1786 3540 1844 3583 ut
1871 3531 2063 3585 laicunt

2179 3530 2681 3601 μετακαλούμενον,
2709 3532 2805 3583 καὶ
2833 3530 2908 3600 μὴ
2941 3530 3266 3600 πειθόμενον
3300 3530 3638 3601 ὑποστρέψαι
3679 3533 3766 3593 εἰς

480 3625 690 3679 versari
727 3639 901 3679 canon
936 3640 1038 3678 non
1071 3626 1345 3694 prohibet.
1381 3625 1573 3691 Quaere
1604 3624 1766 3678 etiam
1799 3625 1867 3697 16,
1886 3639 2055 3679 cano-

2175 3622 2276 3688 τὴν
2309 3620 2584 3688 προτέραν
2618 3623 2912 3689 παροικίαν
2943 3620 3112 3673 αὑτοῦ
3135 3636 3147 3648 ·
3186 3620 3395 3690 διάγειν
3426 3622 3607 3692 μέντοι
3633 3620 3768 3675 τοῦ·

477 3732 605 3772 nem
634 3718 821 3785 prima:
852 3733 975 3788 syn.
996 3727 1047 3771 et
1080 3728 1288 3785 quarta:
1313 3716 1513 3771 can.5.
1551 3716 1731 3783 Quare
1767 3726 1889 3771 nota
1926 3716 2068 3786 quod

2174 3728 2265 3763 τον
2299 3713 2354 3764 ἐν
2385 3711 2548 3781 ἑτέρα
2578 3712 2729 3765 πόλει
2760 3713 2832 3776 ὡς
2867 3712 3080 3779 λαϊκὸν,
3110 3714 3170 3767 οὐ
3224 3714 3426 3768 κωλύει
3467 3715 3496 3766 6
3553 3717 3762 3771 κανών.

481 3822 589 3861 non
622 3808 797 3861 solum
829 3807 1290 3861 commendatitiis
1321 3806 1525 3860 litteris
1552 3806 1750 3861 clerico
1803 3823 1937 3869 opus
1963 3816 2065 3873 est,

2177 3804 2341 3872 Ζήτει
2371 3805 2464 3854 καὶ
2503 3804 2594 3855 τὸν
2629 3811 2703 3868 ις’
2735 3807 2940 3858 κανόνα
2976 3806 3075 3874 τῆς
3110 3812 3157 3857 α’
3193 3806 3435 3869 συνόδου,
3469 3808 3561 3860 καὶ
3596 3806 3689 3860 τόν
3721 3807 3763 3860 ε’

480 3898 684 3954 volenti
720 3899 772 3953 in
799 3899 903 3953 alia
933 3899 1155 3954 dioecesi
1204 3914 1389 3969 agere,
1437 3906 1491 3951 et
1538 3914 1659 3967 quae
1712 3910 1837 3953 sunt
1885 3900 2066 3954 clerici

2176 3895 2378 3948 κανόνα
2408 3896 2503 3964 τῆς
2542 3896 2603 3949 δ’.
2629 3896 2786 3949 Ὥστε
2818 3898 3122 3967 σημείωσαι
3150 3900 3230 3952 ὅτι
3269 3900 3327 3951 οὐ
3361 3900 3530 3972 μόνης
3562 3918 3764 3954 συστα-

478 4008 741 4050 exercere
786 3996 929 4048 :sed
986 3993 1150 4047 etiam
1200 3992 1528 4047 dimissoriis
1588 3991 1781 4046 litteris
1829 3993 2066 4061 episcopi

2176 3987 2334 4057 τικῆς
2361 3988 2582 4057 γραφῆς
2618 3990 2778 4060 χρεία
2822 3990 2899 4059 τῷ
2932 3990 3180 4061 κληρικῴ
3206 3993 3286 4054 είς
3329 3992 3521 4063 ἑτέραν
3573 3992 3763 4061 βουλο-

481 4086 574 4156 qui
616 4100 741 4139 cum
775 4082 902 4139 fecit
927 4084 1208 4138 clericum.
1238 4083 1356 4137 Nisi
1385 4083 1532 4137 enim
1562 4081 1826 4151 ejusmodi
1860 4083 2069 4141 litteras

2181 4078 2327 4149 μένῳ
2352 4077 2563 4146 διάγειν
2616 4082 2856 4150 ἑνορίαν,
2890 4082 2985 4136 καὶ
3038 4082 3113 4145 ὡς
3166 4083 3415 4153 κληρικῷ
3471 4086 3764 4154 ἐνεργεῖνο

478 4179 755 4244 ostendat,
801 4176 1116 4249 prohibetur
1167 4175 1237 4232 ab
1287 4174 1627 4245 operatione.
1662 4171 1858 4239 Quane
1902 4176 2049 4232 etiau

2165 4172 2313 4256 ,ἀλλὰ
2383 4175 2478 4226 καὶ
2524 4174 2861 4244 ἀπολυτικῆς
2900 4177 3122 4261 γραφῆς
3165 4177 3261 4231 τοῦ
3314 4179 3618 4233 ἐπισκόπου
3665 4178 3763 4231 τοῦ

483 4269 550 4324 17
586 4283 711 4324 can.
746 4283 868 4339 syn.
904 4268 957 4323 in
993 4268 1203 4323 Truilo.

2176 4264 2365 4317 τοῦτον
2391 4265 2798 4335 κληρώσαντος.
2837 4266 2897 4319 Ei
2927 4268 3003 4339 μὴ
3040 4270 3147 4340 γὰρ
3180 4272 3272 4323 καὶ
3312 4273 3570 4342 τοιαύτην
3627 4289 3766 4341 γρα-

2178 4356 2285 4425 φὴν
2322 4357 2666 4410 ὐποδεικνύει
2696 4356 3201 4430 κωλυθήσεταιλτῆς
3233 4363 3539 4433 ἐνεργείας.
3595 4364 3763 4433 Ζήτει

2178 4448 2385 4499 καὶτὸν
2433 4446 2498 4511 ιζ’
2531 4450 2732 4502 κανόνα
2761 4452 2861 4520 τῆς
2898 4452 2955 4502 ἑν
2987 4452 3061 4523 τῷ
3082 4453 3338 4524 Τρούλλῳ
3372 4456 3612 4508 συνόδου.

554 4532 810 4589 ZONAR.
873 4532 1073 4588 Sextus
1130 4532 1185 4587 in
1238 4533 1585 4589 Chalcedone
1637 4536 1826 4606 synodi
1896 4550 2068 4592 canon
2104 4495 2152 4554 Β

2252 4541 2506 4597 ΖΩΝΑΡ.
2548 4542 2607 4595 Ὀ
2640 4495 3230 4615 ἑκτοςικανιὶινὶδτῆςνὲν
3280 4506 3581 4618 έαλκηδόνι
3637 4567 3766 4603 συν-

486 4626 681 4680 Statuit
724 4624 996 4680 neminem
1032 4623 1231 4679 debere
1262 4624 1511 4679 absolute
1554 4626 1820 4691 ordinari,
1872 4630 1964 4681 sed
2016 4628 2069 4683 in

2177 4635 2295 4690 ὁδου
2323 4636 2671 4691 διατάττεται
2730 4638 2805 4710 μὴ
2853 4641 3271 4710 ἀπολελυμένους
3332 4646 3764 4715 χειροτονεῖσθαι

484 4717 822 4786 episcopatu,
856 4716 939 4769 vel
971 4716 1024 4769 in
1062 4715 1294 4770 ecclesia
1328 4717 1509 4787 aliqua
1535 4758 1549 4784 ,
1590 4718 1675 4773 vel
1707 4718 1760 4772 in
1796 4730 2071 4775 monaste-

2178 4746 2324 4796 τινα,
2357 4730 2472 4782 ἀλλ’
2504 4732 2562 4782 ἐν
2595 4735 2870 4803 ἐπισκοπῇ
2897 4732 2929 4802 ἢ
2966 4734 3236 4805 ἐκκλησίᾳ
3270 4737 3377 4789 τινὶ
3422 4737 3455 4807 ἢ
3488 4756 3766 4809 μοναστη-

486 4810 591 4862 rio.
617 4808 717 4874 Qui
779 4808 856 4862 sic
893 4808 1061 4878 igitur
1113 4808 1399 4862 ordinatus
1446 4810 1729 4865 ecclesiam
1795 4812 2072 4881 reliquerit

2183 4822 2302 4893 ρίῳ.
2352 4821 2410 4875 '0
2438 4824 2567 4890 γοῦν
2596 4823 2739 4878 οὕτω
2773 4827 3173 4898 χειροτονηθεὶς
3198 4833 3292 4881 καὶ
3321 4829 3636 4883 καταλιπὼν
3665 4808 3764 4901 την

485 4900 641 4968 cujus
681 4898 782 4952 fuit
812 4899 1020 4954 electus
1051 4899 1301 4966 clericus,
1331 4901 1383 4955 in
1422 4903 1690 4973 aliamque
1719 4904 2034 4961 discesserit
2054 4945 2069 4972 ,

2183 4915 2481 4985 ἐκκλησίαν
2532 4910 2601 4987 ἦς
2651 4917 2947 4988 ὠνομάσθη
2989 4918 3272 4991 κληρικὸς,
3334 4922 3427 4976 καὶ
3466 4927 3545 4990 εἰς
3595 4898 3764 4996 ἄλλην

486 4988 539 5042 in
573 4989 672 5042 hoc
708 5003 916 5043 canone
948 4991 1268 5059 prohibetur
1303 5008 1331 5044 a
1368 4992 1669 5048 ministerio
1703 5011 1717 5047 :
1751 4997 1980 5050 maxime
2025 4998 2069 5051 si

2179 5007 2453 5073 ἀπελθὼν,
2485 5010 2581 5080 τῆς
2614 5008 2961 5080 λειτουργίας
3009 5015 3159 5083 παρᾶ
3190 5014 3283 5066 τοῦ
3309 5014 3536 5078 κανόνος
3568 5015 3760 5069 τούτου

488 5089 718 5133 vocatus
763 5096 867 5134 non
908 5082 1234 5151 regreditur.
1274 5082 1374 5152 Ipsi
1408 5094 1583 5139 tamen
1620 5085 1882 5139 indultum
1921 5103 2071 5142 com-

2186 5100 2475 5165 κωλύεται,
2522 5102 2615 5155 καὶ
2644 5103 2841 5172 μᾶλλον
2874 5105 2921 5157 εί
2954 5106 3439 5176 προσκαλούμενος
3464 5109 3567 5160 οὐκ
3598 5110 3766 5162 ἐπάν-

490 5172 768 5225 tnnnicaro
800 5183 1057 5241 tanquam
1090 5173 1249 5229 laico.
1281 5176 1453 5230 Etiam
1485 5178 1731 5232 decimus
1755 5185 1943 5233 sextus
1978 5195 2071 5233 ca-

2179 5210 2308 5247 εισι.
2342 5195 2800 5265 Μεταλαμϐάνειν
2834 5197 2892 5250 δὲ
2952 5198 3027 5261 ὼς
3060 5199 3235 5270 λαῖκῷ
3271 5172 3421 5270 αὐτῷ
3473 5202 3765 5272 ἐπιτέτραι-

476 5279 595 5317 Ἰὶο11
632 5266 819 5334 prima:
856 5269 1069 5337 synodi,
1102 5277 1156 5322 et
1183 5271 1406 5338 quintus
1440 5281 1669 5339 quartae,
1702 5271 1952 5326 similiter
1987 5273 2070 5327 di-

2181 5300 2335 5336 πται.
2367 5285 2523 5337 Καὶὸ
2574 5283 2649 5349 ις’
2677 5286 2859 5339 κανὼν
2917 5288 3014 5358 τῆς
3058 5266 3282 5359 πρώτης
3320 5266 3565 5356 συνόδου,
3618 5266 3712 5344 καὶ
3739 5292 3767 5344 6

486 5364 621 5410 ‘cunt
2181 5379 2222 5425 ε’
2256 5375 2352 5441 τῆς
2386 5375 2673 5445 τετάρτης,
2717 5376 2919 5445 ὁμοίως
2955 5377 3140 5444 φασίν.

488 5447 717 5503 ARIST.
767 5448 950 5504 Omnis
994 5452 1216 5507 clericus
1257 5455 1530 5523 propriam
1579 5456 1864 5523 paroreiam
1914 5456 2074 5510 relin-

2181 5466 2403 5520 ΑΡΙΣΤ.
2438 5468 2731 5533 Κληρικὸς
2754 5468 2912 5534 ἄπας
2940 5473 2973 5523 ό
2992 5470 3103 5537 τῆς
3138 5470 3363 5535 οἰκείας
3388 5470 3631 5537 ἐκστὰς.
3665 5472 3765 5524 καὶ

557 5557 742 5608 quens,
765 5554 813 5594 et
845 5545 1077 5597 alienam
1119 5546 1446 5608 inhabitans,
1486 5557 1535 5600 et
1570 5548 1634 5600 ab
1671 5549 1911 5617 episcopo
1950 5565 2074 5603 exo-

2255 5556 2371 5624 τὴν
2393 5557 2726 5626 ἀλλοτρίαν
2764 5558 2959 5626 οἰκῶν,
3012 5560 3112 5613 καὶ
3172 5561 3322 5629 πρὸς
3366 5563 3473 5616 τοῦ
3519 5562 3765 5615 ἐπισκό-

566 5644 736 5700 ratus,
768 5648 812 5689 et
842 5653 942 5690 non
976 5640 1206 5700 rediens,
1242 5642 1731 5697 excommunicntus
1761 5651 1859 5697 est.

2265 5663 2378 5699 που
2405 5648 2900 5719 δυσωπούμενος,
2931 5651 3029 5705 καὶ
3050 5650 3137 5722 μὴ
3162 5655 3571 5719 παλινοστῶν,
3596 5652 3763 5707 ἀκοι-

2260 5756 2545 5807 νωνητος.

563 5805 881 5878 Quicunque
934 5813 1166 5869 clericus
1220 5818 1490 5885 propriam
1548 5835 1846 5889 partecmm
1901 5826 2066 5880 relin-

2301 5825 2323 5845 1‘
2409 5805 2416 5807 -
2982 5824 2995 5833 ’
3357 5838 3381 5850 α-
3700 5838 3714 5855 \

2255 5836 2381 5896 Uto;
2446 5832 2509 5903 δή
2542 5851 2671 5887 ποτε
2728 5836 3011 5908 κληρικδς,
3050 5838 3150 5909 τὴν
3188 5839 3384 5893 ἑαυτου
3446 5839 3763 5895 καταλιπων
