4056 6434
258 380 327 443 c9
476 443 490 458 ,
1545 374 1629 434 1N
1669 371 1838 433 CAN.

1957 372 2263 434 IIAPOST
2664 396 2667 401 ί
3459 375 3530 439 ’ἵο

259 488 580 560 παροικίαν,
616 487 716 543 καὶ
745 488 885 559 πρὸς
917 485 1113 559 ἑτέραν
1144 485 1417 549 ἀπελθὼν,
1454 485 1552 538 καί
1594 484 1672 556 μὴ
1707 485 1846 538 ὑπο-

1954 497 2146 551 quens,
2180 493 2233 539 et
2261 487 2327 541 ad
2362 485 2593 541 alienam
2628 480 2977 551 proﬁciscens
3000 523 3016 549 ,
3063 494 3114 539 et
3152 501 3261 541 non
3310 486 3528 547 redicns

256 582 519 652 στρέψας,
548 581 647 635 καὶ
676 580 851 633 ταῦτα
892 581 1045 651 παρά
1068 579 1159 632 τοῦ
1198 580 1334 633 ίδίου
1374 578 1855 649 προσκαλούμενος

254 675 584 738 ἐπισκόπου,
622 672 828 744 μηκέτι
857 672 1263 741 λειτουργείτω.
1297 672 1360 723 Ei
1388 672 1445 724 δέ
1473 674 1568 725 καὶ
1602 673 1854 741 ἐπιμένει

251 770 316 836 τῇ
354 766 559 837 ἀταξία
598 766 799 837 ταύτῃ,
830 764 1243 836 καθαιρείσοωο
1288 764 1364 826 ὡς
1420 764 1609 827 λαῖκὸς
1669 765 1853 833 μέντοι

256 861 430 911 ἐκεῖσε
488 860 850 911 κοινωνείτω.
919 858 1030 911 Καὶ
1074 855 1230 925 ζήτει
1280 856 1378 925 τῆς
1439 858 1498 910 ἐν
1555 856 1855 929 Ἀντιοχείᾳ

260 952 477 1003 συνόδου
511 951 722 1004 κανόνα
750 951 960 1021 τρίτον.

862 1043 1103 1097 ΚΑΝΩΝ
1134 1044 1252 1109 ις’.

259 1130 320 1185 El
343 1132 413 1184 δὲ
448 1135 482 1185 ό
502 1132 847 1198 ἐπίσκοπος
886 1132 1023 1199 παρ’
1046 1127 1095 1199 ᾧ
1121 1131 1554 1200 τυγχάνουσιν,
1583 1130 1722 1198 παρ’
1747 1131 1852 1183 οὑ-

318 1226 430 1278 δὲν
462 1224 879 1294 λογισάμενος
900 1224 1017 1291 τὴν
1078 1223 1206 1277 κατ’
1264 1222 1464 1278 αὐτῶν
1501 1222 1853 1289 ὁρισθεῖσαν

316 1317 565 1384 ἀργίαν,
599 1317 850 1383 δέξηται
872 1317 1096 1381 αὐτοὺς
1139 1317 1221 1380 ὡς
1261 1315 1611 1385 κληρωτοὺς,
1642 1316 1850 1384 ἀφορι-

321 1409 515 1470 ζέσθω
550 1409 636 1469 ὡς
655 1407 1031 1474 διδάσκαλος
1054 1408 1329 1473 ἀταξίας.

318 1503 528 1558 ΒΑΛΣ.
580 1503 726 1572 Ὅρα
766 1502 849 1555 ὅτι
908 1504 937 1555 ὁ
989 1501 1180 1571 παρὼν
1220 1499 1403 1554 κανὼν
1457 1500 1711 1571 ἀφορίζει
1758 1499 1848 1553 τὸν

244 1593 553 1647 ἐπίσκοπον
598 1594 695 1647 τὸν
747 1593 1240 1663 συναριθμήσαντα
1284 1592 1361 1661 τῷ
1416 1592 1604 1663 οἰκείῳ
1657 1593 1846 1662 κλήρῳ

245 1684 447 1751 ἐτέρας
478 1682 706 1752 ὲνορίας
739 1682 1004 1752 κληρικὸν
1041 1683 1171 1736 ἄνευ
1215 1681 1556 1751 ἀπολυτικῆς
1624 1682 1848 1752 γραφῆς

242 1774 339 1827 τοῦ
370 1774 584 1826 οξκείου
607 1773 943 1827 ἐπισκόπου.
967 1773 1145 1835 Μόνος
1170 1772 1227 1826 δὲ
1273 1774 1302 1826 ὀ
1334 1773 1632 1835 ἐπίσκοπος
1690 1774 1846 1842 Καρ-

245 1864 488 1933 θαγένης
521 1864 752 1917 δύναται
814 1863 1246 1932 συγκαταλέγειν
1281 1864 1361 1933 τῷ
1412 1864 1599 1934 οἰκείῳ
1659 1865 1848 1934 κλήρῳ

242 1956 454 2027 ἐτέρων
487 1956 720 2025 ὲνοριῶν
786 1956 1109 2026 κληρικοὺς,
1158 1956 1252 2009 καὶ
1289 1957 1459 2026 χωρὶς
1511 1955 1845 2023 ἀπλύτικῆς

240 2048 470 2115 γραφῆς
491 2048 603 2098 τῶν
630 2045 1136 2116 χειροτονησάντων
1158 2046 1379 2123 αὐτούς.
1428 2046 1538 2099 Καὶ
1590 2046 1846 2116 εὑρήσεις

239 2138 406 2192 τοῦτο
437 2140 522 2203 είς
556 2140 687 2201 τοὺς
713 2138 949 2201 κανόνας
976 2138 1079 2207 τῆς
1117 2139 1177 2190 ἐν
1225 2136 1557 2207 Καρθαγένῃ
1594 2138 1841 2193 συνόδου.

242 2230 413 2284 nam
436 2232 535 2285 καὶ
574 2231 602 2283 ὁ
637 2230 1277 2294 Κωνσταντινουπόλεως
1305 2229 1843 2299 ἀρχιεπίσκοποςέπ⁹

239 2327 494 2395 ἐξουσίας
548 2328 665 2394 ἕλει
716 2326 1042 2397 παρομοίως
1098 2328 1295 2379 ποιεῖν.
1356 2326 1494 2395 Φησὶ
1554 2327 1663 2395 γὰρ
1708 2326 1742 2394 ἡ
1792 2331 1842 2393 γ’

237 2422 413 2491 παρὰ
444 2422 541 2475 τοῦ
574 2422 843 2492 βασιλέως
885 2419 1291 2482 ’ίουστινιανοῦ,
1322 2420 1494 2487 ἤγουν
1532 2418 1594 2470 τὸ
1630 2417 1675 2486 β’
1707 2435 1838 2484 κεςρ.

238 2512 333 2566 τοῦ
373 2514 420 2582 β’
444 2513 634 2566 τίτλου
661 2512 890 2584 (27)·τοῦ
919 2509 964 2581 γ’
997 2511 1205 2582 βιϐλίου
1241 2511 1351 2564 τῶν
1394 2510 1703 2563 Βασιλικῶν
1736 2527 1750 2541 ο
1783 2512 1843 2563 Εἰ

236 2606 351 2677 γὰρ
378 2605 612 2658 ἐπὶτῶν
636 2606 862 2672 εὐαγῶν
894 2604 1281 2674 μοναστηρίων
1313 2602 1601 2672 κωλύομεν
1638 2604 1698 2668 ἐξ
1734 2604 1844 2656 ὲτέο

248 2715 344 2767 pou
395 2699 772 2769 μοναστηρῐου
837 2698 919 2759 είς
980 2698 1176 2768 ἕτερον
1229 2695 1603 2765 μεταϐαίνειν,
1660 2696 1844 2767 πολλῷ

252 2790 457 2858 μᾶλλον
508 2789 635 2842 οὐδὲ
704 2792 819 2851 τοῖς
876 2788 1298 2850 εὐλαϐεστάτοις
1346 2788 1628 2859 κληρικοῐς
1681 2788 1844 2842 τοῦτο

247 2879 558 2949 ἐψήσομεν,
582 2879 811 2948 κέρδους
842 2896 904 2933 τε
936 2880 1033 2934 καὶ
1076 2880 1350 2950 ἐμπορίας
1388 2880 1666 2946 ἀπόδειξιν
1695 2880 1842 2951 ἔχειν

246 2969 342 3039 τὴν
371 2969 638 3037 τοιαύτην
669 2970 970 3040 ἐπιθυμίαν
996 2972 1316 3040 ἡγούμενοι.
1368 2971 1430 3023 Et
1459 2969 1517 3022 δὲ
1556 2972 1650 3024 καί
1707 2989 1842 3037 ποτε

246 3062 511 3131 τοιαύτην
564 3063 690 3115 τινὰ
750 3064 1086 3132 μετάστασιν
1133 3064 1165 3131 ή
1221 3063 1288 3133 σὴ
1337 3063 1679 3133 μακαριότης
1733 3063 1764 3133 ἢ
1807 3064 1839 3133 ἡ

248 3154 390 3207 κατά
421 3153 619 3224 καιρὸν
661 3153 911 3223 βασιλεία
969 3153 1223 3222 γίνεσθαι
1274 3154 1485 3225 συνίδῃ,
1535 3154 1608 3224 μὴ
1666 3154 1839 3218 ἄλλως
1870 3179 1914 3242 C

246 3246 406 3300 τοῦτο
449 3246 817 3317 πράττεσθαι,
872 3246 1004 3314 πρὶν
1061 3246 1128 3299 ἂν
1160 3248 1241 3309 εἰς
1263 3246 1355 3301 τὸν
1385 3249 1679 3317 εἰρημένον
1709 3249 1844 3318 ἡμῖν

246 3339 489 3409 ἀριθμὸν
529 3339 826 3409 περισταίη
859 3339 918 3391 τὸ
944 3340 1201 3409 πρᾶγμα.
1246 3337 1312 3392 Ἦ
1338 3339 1395 3392 δὲ
1428 3338 1652 3408 τοιαύτη
1677 3340 1847 3409 νεαρὰ

246 3432 466 3503 ἐγράφη
495 3433 634 3503 πρὸς
667 3434 760 3485 τὸν
784 3434 907 3485 τότε
933 3432 1288 3502 πατριάρχην
1321 3434 1818 3487 Κωνσταντινουπό
1836 3462 1849 3475 ο

247 3525 408 3587 λεως.
468 3525 789 3594 Σημείωσαι
843 3524 900 3577 δὲ
943 3525 1028 3577 ὅτι
1076 3525 1173 3577 καὶ
1237 3522 1315 3596 τῷ
1369 3523 1589 3595 βασιλεῖ
1629 3523 1847 3595 ἐνεδόθη

252 3618 583 3689 μεταθέσεις
614 3620 790 3670 ποιεῖν
821 3618 921 3684 κλη
934 3617 1126 3685 ρικῶν.

316 3709 569 3765 ΖΩΝΔΡ.
625 3711 683 3763 Ὀ
734 3708 1027 3782 προλαϐὼν
1072 3709 1255 3765 κανὼν
1305 3711 1562 3780 ἀπείργει
1607 3712 1706 3781 τῆς
1744 3710 1851 3764 λει-

254 3802 525 3872 τουργίας
587 3802 717 3865 τοὺς
779 3803 1179 3866 καταλιπόντας
1232 3804 1328 3875 τὴν
1389 3804 1650 3871 ὲνορίαν,
1712 3800 1846 3875 ἐνῇ

251 3896 775 3967 ἐχειροτονήθησαν.
825 3896 882 3948 '0
902 3896 960 3949 δὲ
985 3894 1177 3965 παρὼν
1205 3894 1454 3965 ἀφορίζει
1494 3895 1587 3948 τὸν
1632 3895 1852 3949 ἐπίσκο-

252 4008 353 4043 πον
374 3982 420 4057 ᾧ
447 3988 785 4059 προσῆλθον,
817 3991 868 4041 εἰ
922 3988 1137 4053 δέξεται
1175 3989 1375 4051 αὐτοὺς
1415 3987 1493 4049 ὡς
1548 3987 1850 4058 κληρικοὺς

251 4085 305 4135 ἐν
334 4085 548 4153 είδήσει
582 4081 676 4134 τοῦ
706 4082 1006 4151 ἐπιτιμίου,
1041 4083 1118 4144 ὡς
1146 4081 1375 4146 ἀταξίας
1405 4081 1501 4134 καὶ
1530 4082 1852 4135 ἀκαταστα-

252 4175 374 4237 σίας
402 4175 777 4244 κατάρχοντα.

249 4267 482 4323 ΔΡΙΣΤ.
527 4267 592 4320 '0
626 4267 736 4321 τὸν
758 4267 1034 4321 τοιοῦτον
1052 4265 1123 4319 ἐν
1146 4265 1366 4336 γνώσει
1395 4266 1665 4337 κατέχων
1701 4284 1847 4322 ταυ-

829 4356 1279 4424 τοκατάκριτος.

330 4448 393 4501 '0
421 4449 481 4500 ἒν
512 4446 721 4517 εἰδήσει
746 4448 1041 4517 γενόμενος
1073 4448 1376 4513 ἐπίσκοπος
1416 4449 1510 4501 τοῦ
1539 4448 1851 4521 ὁρισθέντος

1956 576 2202 642 quamvis
2232 587 2455 631 vocatus
2502 592 2531 630 a
2589 577 2807 646 proprio
2866 576 3160 645 episcopo,
3215 592 3281 631 uc
3338 590 3525 644 postea

1957 669 2253 723 ministret.
2295 671 2351 724 Si
2381 682 2561 727 autem
2593 682 2647 724 ct
2678 680 2988 740 perseverat
3016 671 3067 723 in
3110 669 3287 725 isthac
3320 672 3529 726 ordinis

1954 764 2393 827 conturbatione,
2424 764 2760 833 deponatur;
2789 776 2849 818 ut
2871 764 3039 818 laicus
3059 771 3240 818 autem
3274 765 3344 819 ibi
3378 779 3526 818 com-

1955 855 2212 909 municet.
2251 857 2444 923 Quaere
2476 867 2532 912 et
2569 857 2786 912 tertium
2827 872 3090 912 cauoncm
3132 858 3187 912 in
3230 858 3530 914 Antiochia:

1954 950 2182 1020 synodo.

2516 1039 2745 1096 CANON
2810 1040 2947 1097 XVI.

1954 1134 2050 1189 Sin
2083 1148 2258 1189 autem
2290 1139 2563 1207 epismpus
2593 1141 2732 1206 apud
2771 1158 2920 1205 quem
2956 1150 3109 1206 sunt,
3143 1141 3294 1193 nihili
3331 1141 3528 1205 [ueiens

2021 1229 2282 1282 decretam
2316 1231 2563 1285 adversus
2588 1249 2674 1285 eos
2706 1250 2738 1285 a
2768 1250 2978 1285 munere
3011 1236 3351 1286 cessationem
3380 1275 3391 1292 ,
3436 1250 3527 1284 eos

2021 1329 2078 1372 ut
2112 1319 2333 1387 clericos
2364 1323 2644 1390 receperit,
2681 1334 2977 1393 segregetnr
3012 1335 3064 1375 ut
3105 1324 3450 1377 immodestia:
3483 1334 3527 1375 et

2023 1413 2313 1467 insolentia!
2345 1415 2617 1485 magister.

2021 1507 2219 1560 BALS.
2266 1506 2404 1562 Nota
2449 1508 2589 1576 quod
2627 1521 2867 1575 praesens
2902 1521 3074 1560 canon
3113 1516 3359 1575 segregat
3412 1506 3531 1575 cpi-

1922 1626 1923 1629 η
1950 1615 2197 1666 scopum,
2231 1602 2323 1668 qui
2370 1614 2467 1653 suo
2499 1599 2647 1654 clero
2693 1600 3109 1654 connumeravit
3139 1601 3367 1654 alterius
3396 1600 3533 1653 dia:—

1949 1689 2090 1742 ccsis
2126 1688 2387 1742 clericum
2419 1687 2628 1755 absque
2656 1687 2738 1740 sui
2769 1687 3004 1756 episcopi
3029 1687 3353 1742 dimissm'iis
3384 1687 3532 1741 litte-

1953 1783 2048 1835 ris.
2099 1780 2259 1834 Solus
2295 1789 2472 1832 autem
2527 1779 2819 1849 episc0pus
2869 1778 3318 1847 Carthaginiensis
3355 1786 3533 1846 potest

1955 1875 2006 1927 in
2052 1889 2206 1926 suum
2241 1872 2448 1926 clerum
2477 1871 2683 1925 referre
2732 1870 2958 1925 alterius
2988 1871 3238 1926 dimcesis
3279 1870 3528 1934 clericos,

1952 1971 2113 2022 etiam
2166 1966 2371 2034 absque
2415 1965 2741 2020 diutissoriis
2772 1965 2970 2019 litteris
3015 1980 3202 2019 eorum
3263 1966 3351 2033 qui
3407 1965 3531 2019 illos

1952 2061 2293 2113 ordinarunt.
2328 2057 2439 2113 l‘loc
2472 2069 2651 2113 autem
2701 2059 2944 2113 invenies
2978 2058 3032 2112 iu
3065 2058 3364 2112 cauonibns
3395 2058 3531 2113 Car-

1955 2150 2255 2217 thaginians.
2291 2148 2504 2218 synodi.
2538 2148 2643 2202 Sed
2684 2157 2739 2202 ct
2778 2148 3217 2216 archiepiscopus
3262 2148 3531 2203 Constan-

1951 2239 2341 2308 tinOpolitauus
2410 2249 2588 2308 potest
2628 2238 2886 2293 similiter
2938 2238 3136 2294 facere.
3194 2239 3330 2293 Dicit
3380 2241 3527 2293 enim

1950 2345 2207 2399 expresse
2244 2332 2277 2384 5
2320 2331 2529 2384 novella
2560 2329 2850 2385 Justiniani
2898 2331 3265 2399 imperatoris,
3316 2347 3408 2385 seu
3441 2333 3475 2384 ‘2
3502 2373 3518 2394 ,

1952 2435 2073 2491 cap.
2101 2421 2136 2473 2
2171 2423 2253 2485 tit,
2285 2422 2338 2487 '5,
2373 2421 2496 2476 libri
2525 2420 2882 2476 Basilicorum
2912 2439 2925 2475 :
2960 2422 3015 2475 Si
3057 2422 3200 2475 enim
3253 2423 3304 2476 in
3350 2438 3533 2477 sacro-

1950 2512 2158 2565 sanctis
2192 2511 2541 2566 monasteriis
2574 2512 2928 2581 prohibemus
2954 2527 3021 2566 ex
3052 2512 3158 2567 alio
3197 2514 3529 2567 monasterio
3586 2560 3589 2561 ν

1953 2602 2187 2656 transire
2224 2602 2274 2655 in
2307 2601 2476 2665 aliud,
2520 2601 2688 2655 multo
2745 2602 2919 2671 magis
2968 2616 3068 2656 ucc
3107 2602 3531 2671 religiosissimis

1951 2693 2165 2749 clericis
2199 2696 2303 2747 hoc
2340 2693 2730 2763 permittimus,
2759 2694 2895 2748 lucri
2942 2704 2996 2749 et
3028 2696 3409 2763 negotiationis
3438 2695 3532 2747 de-

1950 2787 2397 2841 monstrationem
2427 2787 2566 2840 hanc
2596 2786 2793 2840 habere
2824 2785 3171 2854 cupiditatem
3205 2788 3529 2842 existiman-

1950 2890 2049 2935 tes.
2083 2878 2140 2933 Si
2180 2881 2397 2949 quando
2444 2889 2628 2933 autem
2678 2878 2946 2948 ejusmodi
2994 2878 3399 2934 translationem
3437 2888 3526 2933 tua

1949 2969 2228 3025 beatitudo
2270 2970 2349 3023 vel
2375 2986 2494 3039 quae
2534 2980 2663 3024 tunc
2699 2970 2863 3024 inerit
2905 2970 3201 3038 impcrialis
3250 2970 3528 3035 majestas.

1948 3060 2253 3117 faciendam
2285 3062 2520 3127 duxerit,
2548 3078 2614 3117 ne
2643 3062 2744 3117 hoc
2774 3062 2933 3115 aliter
2961 3062 3077 3123 ﬁat,
3103 3063 3414 3129 priusquam
3441 3077 3530 3117 res

1948 3156 2013 3205 ad
2044 3152 2248 3207 dictum
2286 3154 2443 3207 nobis
2474 3167 2757 3206 numermu
2789 3152 3003 3205 redacta
3032 3151 3214 3205 fuerit.
3249 3151 3525 3220 Ejusmodi

1952 3254 2129 3299 autem
2160 3244 2385 3300 Nevella
2414 3245 2621 3313 scripta
2648 3244 2820 3298 estad
2855 3242 3220 3311 patriarcham
3255 3242 3525 3295 Constan-

1952 3336 2397 3406 tinopolitauum,
2430 3335 2521 3404 qui
2553 3344 2669 3388 erat
2697 3344 2825 3389 tunc
2862 3335 3147 3404 temporis.
3180 3332 3315 3388 Nota
3343 3343 3526 3386 autem

1949 3432 2091 3497 quod
2112 3432 2277 3491 etiam
2304 3427 2621 3498 imperatori
2650 3441 2968 3482 concessum
2995 3434 3079 3481 est
3100 3423 3289 3481 facere
3304 3424 3531 3481 clerico-

1948 3537 2068 3576 rum
2102 3522 2482 3576 translationes

2018 3700 2193 3758 ΖΟΝΛ
2206 3700 2268 3756 [ἰ.
2304 3701 2645 3757 Antecedens
2662 3714 2832 3754 canon
2857 3710 3007 3755 arcet
3032 3715 3126 3754 eos
3154 3715 3183 3753 a
3210 3701 3530 3765 nnnisterio,

1950 3800 2040 3862 qui
2078 3796 2369 3862 parmciam
2418 3794 2810 3856 deseruerunt,
2858 3792 2908 3846 in
2947 3806 3052 3861 qua
3101 3791 3333 3846 ordinati
3380 3802 3529 3847 sunt.

1950 3884 2196 3939 Prazsens
2226 3900 2353 3938 vero
2385 3898 2562 3938 canon
2592 3883 3033 3939 excommunicat
3071 3883 3385 3952 episcopum
3411 3922 3428 3949 ,
3464 3884 3530 3937 ad

1950 3990 2113 4045 quem
2146 3992 2204 4031 se
2259 3976 2644 4039 contulerunt,
2698 3977 2741 4030 si
2784 3975 3058 4030 decretam
3113 3972 3292 4035 sciens
3340 3973 3395 4027 in
3437 3989 3533 4028 eos

1953 4082 2192 4139 panum,
2225 4068 2491 4136 receperit
2520 4069 2668 4135 ipsos
2707 4074 2770 4121 ut
2800 4065 3068 4129 clericos,
3106 4074 3362 4134 tauquam
3395 4080 3529 4121 con-

1952 4158 2180 4213 lusionis
2218 4168 2271 4211 ct
2298 4158 2580 4211 seditionis
2614 4151 2915 4211 aitctorem.

2023 4246 2251 4303 ARIST.
2299 4246 2400 4312 Qui
2448 4246 2604 4299 talem
2655 4246 2823 4300 sciens
2872 4244 3066 4299 detinet
3110 4244 3278 4300 eidem
3321 4245 3533 4315 judicio

2587 4337 2885 4408 subjicitur.

2029 4432 2327 4503 Episcopus
2379 4435 2557 4489 sciens
2587 4432 2912 4501 supplicium
2967 4432 3243 4485 decretum
3274 4430 3335 4484 'in
3372 4432 3534 4485 talem

254 4541 541 4611 ἐπιτιμίου
567 4539 711 4593 κατὰ
731 4537 825 4593 τοῦ
862 4537 1105 4591 τοιούτου
1139 4538 1425 4610 κληρικοῦ,
1463 4543 1554 4594 καὶ
1602 4545 1846 4612 κατέχων

1954 4526 2246 4590 clericum,
2297 4535 2350 4580 et
2391 4525 2636 4579 eumdem
2679 4526 2924 4579 detinens
2967 4534 3023 4577 ut
3076 4524 3372 4591 clericum,
3432 4539 3533 4578 ex-

255 4634 439 4697 διεδ-δ,
492 4633 572 4695 ὡς
624 4628 889 4701 κληρικὺν
921 4667 937 4696 ,
1013 4630 1336 4701 ἀφορίζεται
1393 4630 1470 4695 ὡς
1524 4633 1851 4699 διδάσκαλος

254 4724 501 4791 ἀταξίας.

858 4812 1098 4868 ΚΑΝΩΝ
1138 4809 1235 4870 ῙΖ’.

269 4908 326 4962 '0
360 4907 509 4962 δυσί
550 4906 762 4976 γάμοις
787 4906 1175 4975 συμπλακεὶς
1194 4905 1347 4975 μετὰ
1376 4905 1441 4959 τὸ
1466 4906 1786 4977 βάπτισμα
1809 4909 1847 4978 ἢ

329 5001 668 5066 παλλακὴν
691 4998 1073 5067 κτησάμενος
1103 4999 1175 5050 οὐ
1227 4996 1476 5051 δύναται
1530 4999 1685 5055 εἶναι
1722 5002 1853 5055 crti-

326 5108 569 5155 σκοπος
596 5090 632 5159 ἣ
666 5092 1073 5158 πρεσϐύτερος
1100 5088 1138 5158 ἢ
1171 5088 1477 5156 διάκονος,
1499 5091 1537 5159 ἢ
1565 5091 1714 5158 ὅλως
1748 5092 1857 5147 τοῦ
1906 5104 1909 5109 ‘

325 5185 671 5252 καταλόγου
688 5182 795 5236 τοῦ
828 5181 1146 5250 ἱερατικοῦ.

331 5278 530 5332 ΒΑΛΣ.
560 5276 667 5328 Τὸν
700 5275 837 5345 μετά
871 5272 933 5327 τὸ
964 5274 1120 5342 ἅγιον
1150 5272 1433 5344 βάπτισμα
1470 5274 1859 5344 διγαμήσαντα

261 5368 296 5445 ἢ
330 5368 708 5444 πορνεύσαντα
740 5366 939 5421 κωλύει
975 5367 1003 5421 ὁ
1030 5366 1211 5421 κανὼν
1246 5367 1548 5420 ἐπίσκοπον
1599 5366 1853 5434 γενέσθαι

1958 4620 2395 4675 communicatur
2428 4629 2488 4672 ut
2517 4616 2899 4673 confusionem
2936 4618 3161 4673 docens.

2516 4796 2744 4854 (ᾺΝΟΝ
2806 4797 2972 4863 XVII,

1960 4903 2058 4971 Qui
2086 4909 2200 4971 post
2229 4906 2468 4954 sanctum
2503 4893 2822 4963 baptismum
2856 4894 3063 4945 duobus
3092 4892 3351 4958 coniugiis
3377 4892 3538 4959 fuerit

2027 4991 2339 5062 implicitus,
2387 4988 2464 5040 vel
2502 4984 2739 5038 [tabuerit
2797 4981 3164 5046 concubinam,
3218 4999 3319 5035 non
3371 4991 3541 5051 potest

2029 5100 2141 5139 esse
2187 5081 2491 5150 episcopus,
2542 5074 2616 5131 vel
2666 5074 2938 5145 presbyter
2956 5112 2980 5137 ,.
3020 5074 3097 5127 vel
3144 5076 3416 5141 diaconus,
3463 5073 3541 5128 vel

2026 5177 2241 5231 cumino
2274 5188 2339 5227 ex
2365 5185 2580 5224 numero
2609 5168 2949 5223 sacerdotali

2010 5265 2237 5322 ηΒΑιιδ.
2273 5265 2405 5318 Eum
2435 5262 2528 5333 qui
2575 5269 2698 5330 post
2740 5269 2988 5315 sanctum
3024 5260 3350 5331 baptismum
3401 5259 3547 5328 biga-

1966 5374 2088 5415 mus
2122 5358 2285 5411 fuerit
2306 5396 2321 5422 ,
2349 5355 2433 5409 vel
2465 5352 2767 5409 fornicatus
2798 5351 2891 5419 sit,
2923 5353 3173 5423 prohibet
3216 5365 3394 5407 canon
3425 5350 3544 5406 ﬁeri

1537 5483 1711 5545 Guil.
1747 5480 2073 5559 Beveregii
2118 5484 2306 5540 notae.

330 5613 445 5685 (27)
479 5615 555 5668 Τὸ
602 5610 667 5677 β’
718 5624 862 5685 nego.
909 5609 1019 5685 τοῦ
1052 5610 1122 5685 ⁸,θ’
1156 5609 1522 5685 tlgtLVerba
1567 5609 1655 5663 hic
1695 5610 1861 5662 citata

264 5684 319 5741 in
345 5681 638 5753 impressis
666 5684 778 5736 τῶν
810 5681 1119 5735 Βασιλικῶν
1147 5681 1425 5734 codicibus
1458 5695 1562 5753 non
1607 5689 1858 5753 exstam:

265 5749 636 5810 totus'autem
693 5755 950 5807 laudatus
1002 5753 1195 5805 titulus
1247 5761 1329 5803 cst
1395 5751 1526 5817 περὶ
1573 5749 1859 5819 κληρικῶν

265 5826 621 5883 ἀποστάντων
654 5828 758 5891 τῆς
819 5823 943 5877 κατ’
973 5822 1176 5885 αὐτοὺς
1214 5821 1536 5891 ἐκκλησίας,
1567 5820 1662 5873 καὶ
1716 5819 1848 5890 περὶ

1972 5604 2409 5673 οἱκοδομούντων
2440 5604 2768 5672 εὐκτηρίους
2790 5598 3180 5673 οἴκουςᾏΩιΙοᾶ
3230 5610 3363 5673 cum_
3402 5594 3545 5673 idem

1971 5680 2042 5732 sit
2083 5666 2485 5740 arg'umentmu,
2537 5666 2758 5742 propter
2805 5672 2953 5742 quod
2997 5669 3282 5742 Balsamon
3328 5666 3543 5742 tituium

1972 5749 2116 5800 hunc
2146 5735 2348 5805 laudat,
2391 5735 2651 5811 suain-cor-
2664 5735 2917 5795 nonnulla
2942 5739 2995 5794 in
3027 5735 3307 5810 impressis
3333 5737 3547 5794 deside-

1966 5817 2100 5882 rari,
2131 5831 2249 5886 qua:
2277 5815 2407 5869 olim
2447 5810 2651 5869 inserta
2682 5810 2921 5867 fuerunt.
