4056 6394
469 322 536 384 79
1730 334 2008 403 THEOD.
2032 338 2428 400 BALSAMUN
3649 345 3718 408 80

471 437 647 492 nullos
675 437 974 503 adducunt,
1011 439 1099 507 qui
1130 439 1266 494 bona
1298 454 1395 494 sua
1417 451 1642 512 propter
1661 459 1756 499 eos
1782 448 2019 516 oppigno

2146 451 2413 519 ἐοίκασιν,
2446 454 2824 527 ἀπηγόρευται
2853 460 2963 523 τοῖς
3005 458 3322 531 κληρικοῖςο
3356 458 3445 514 ἵνα
3472 459 3548 530 μὴ
3585 461 3721 515 ἐαυ-

466 542 607 587 runt.
636 531 748 586 lioc
767 532 1033 601 igitur,»et
1059 547 1175 600 qua:
1196 545 1316 588 sunt
1337 535 1464 590 huic
1478 535 1695 604 similia,
1721 540 2041 606 prohibetur

464 624 691 686 rlerieis,
725 640 792 678 ne
824 640 882 680 se
909 626 1242 693 negotiorum
1288 628 1554 683 molestiis
1579 670 1594 695 ,
1637 638 1690 683 et
1735 632 2038 687 actionibus

464 716 808 782 interponant
833 715 1202 784 judicialibus.
1231 716 1482 787 Suspicio
1513 726 1747 788 namque
1769 730 1872 785 est,
1895 723 2038 790 quod

463 807 564 858 ista
597 816 814 874 propter
849 805 1058 860 lucrum
1096 804 1304 872 lerant,
1334 809 1563 862 clericos
1600 819 1782 864 autem
1815 811 2039 865 dedecet

461 909 580 946 esse
614 893 783 961 turpis
817 894 948 947 lucri
1013 894 1257 963 cupidos.
1317 895 1608 965 Propterea
1681 899 2036 967 depositionis

460 998 618 1049 pwmi
665 983 860 1037 talibus
895 981 1172 1052 inﬂigitur.
1205 985 1356 1051 Quod
1398 987 1442 1041 si
1509 987 1646 1042 forte
1701 989 1932 1045 clericus
1968 992 2036 1044 ah

457 1074 639 1141 aliquo
687 1083 892 1127 tractus
947 1075 1010 1126 ad
1037 1075 1302 1144 judicium
1332 1116 1348 1140 ,
1382 1077 1651 1134 satisdarc
1707 1078 1914 1148 judicio
1960 1083 2036 1135 si-

456 1167 628 1219 s:endi
666 1180 826 1219 causa
851 1176 1094 1236 cogatur,
1124 1166 1430 1224 istiusmodi
1463 1170 1846 1227 satisdationes
1898 1187 2034 1238 prie-

457 1268 607 1312 stans
629 1267 770 1310 statu
801 1272 900 1312 suo
935 1274 1039 1311 non
1063 1259 1267 1312 ideirco
1309 1260 1654 1316 multabitur.
1683 1263 2034 1332 Quandoqui-

456 1351 572 1403 dem
603 1350 863 1416 comperti
905 1359 1032 1402 sunt
1080 1350 1133 1402 in
1183 1353 1514 1406 meumenica
1578 1353 1782 1423 synodo
1839 1364 2032 1422 quarta

454 1440 765 1510 congregati
803 1440 966 1492 divini
1006 1440 1231 1506 Patres,
1282 1452 1335 1496 ct
1378 1443 1469 1513 qui
1519 1454 1883 1499 convenerant
1925 1461 2028 1498 una

452 1543 731 1586 senatores
760 1532 828 1586 ab
857 1530 1125 1602 A‘lgyptiis
1147 1535 1413 1603 episcopis
1449 1537 1696 1604 exegisse
1724 1536 2031 1606 lidejussio-

452 1637 551 1676 nes
577 1622 778 1689 judicio
814 1623 1037 1675 sistendi
1073 1638 1086 1674 :
1129 1622 1211 1676 vel
1251 1624 1341 1692 qui
1376 1625 1822 1680 satisdationibus
1857 1627 2024 1680 desti-

453 1715 762 1778 tuebantur,
797 1713 880 1766 his
926 1713 1305 1780 jusjurandum
1342 1716 1643 1784 imperasse
1669 1755 1684 1780 ,
1721 1717 1848 1771 dum
1889 1727 2027 1772 teni-

447 1821 548 1874 pus
586 1814 835 1874 qumrunt
861 1807 925 1857 ad
957 1806 1291 1860 dilationem.
1326 1805 1478 1874 Quod
1514 1809 1558 1862 si
1591 1809 1822 1863 clericus
1852 1808 1916 1863 ad
1939 1810 2026 1879 ju-
2053 1792 2100 1852 Β

446 1896 644 1950 dicium
677 1896 1018 1966 comperiens
1050 1897 1284 1966 aliquem
1315 1907 1645 1967 protractum
1688 1901 1757 1955 ob
1792 1902 2023 1955 dandam

444 1987 670 2042 sisten‘di
698 2004 756 2042 se
779 1988 987 2056 judicio
1023 1989 1348 2056 cautionem,
1382 1990 1466 2045 vel
1493 1991 1599 2045 alio
1615 2007 1832 2063 quoquo
1865 1995 2026 2049 modo

445 2081 722 2149 petitionis
752 2081 1054 2150 cujuspiam
1083 2080 1356 2150 judicialis
1390 2097 1540 2137 reum
1573 2121 1589 2147 ,
1634 2084 1726 2152 qui
1765 2086 2024 2141 custodite

445 2173 694 2236 traditur,
726 2173 855 2242 quia
889 2174 1155 2228 satisdare
1183 2185 1413 2244 nequeat
1444 2191 1458 2230 :
1497 2175 1791 2231 miseratus
1839 2189 2021 2234 autem

440 2265 590 2319 illum
622 2279 719 2333 pro
750 2263 840 2318 illo
867 2265 982 2334 ipse
1022 2263 1299 2334 lidejubet,
1351 2267 1521 2336 ipsius
1552 2266 1865 2323 calamitate
1901 2283 2020 2323 mo-

439 2371 547 2424 tus,
580 2360 724 2413 hunc
757 2355 862 2412 non
891 2359 1124 2412 arbitror
1145 2357 1339 2412 ordine
1377 2373 1478 2413 suo
1508 2360 1828 2414 movendum
1869 2379 1882 2413 :
1927 2361 2022 2416 sed

439 2451 580 2520 apud
621 2449 785 2504 Deum
838 2450 1115 2518 bonosque
1153 2450 1299 2504 viros
1349 2459 1627 2520 acceptum
1680 2451 1826 2516 fore,
1879 2453 2023 2508 velut

437 2541 732 2612 eratigelici
764 2543 1167 2596 observatorem
1195 2542 1455 2597 mandati.
1480 2541 1544 2597 Et
1567 2542 1740 2596 civilis
1759 2553 2018 2611 praeterea

435 2631 520 2685 lex
553 2632 780 2685 clericos
822 2632 875 2684 in
921 2630 1021 2698 jus
1073 2638 1291 2685 voeutos
1340 2631 1606 2685 satisdare
1648 2631 1821 2701 jubet.
1880 2630 2016 2686 Nota

435 2726 582 2794 quod
611 2724 911 2794 segregatio
945 2733 1029 2779 est
1063 2725 1226 2779 etiam
1259 2738 1448 2794 poenas
1490 2724 1622 2779 dare
1668 2739 1790 2794 qua:
1819 2737 1851 2778 e
1877 2723 2018 2779 divi-

435 2815 521 2868 nis
555 2815 780 2883 cjiciunl
810 2815 1080 2881 terminis,
1113 2825 1167 2870 et
1199 2816 1254 2870 in
1309 2815 1683 2887 pwniteutium
1736 2814 1854 2872 loco
1887 2831 2016 2873 cou-

433 2909 680 2959 stituunt.

431 2997 660 3055 AlilS’i‘.
691 2998 925 3054 (ἐίειίαιε
969 2998 1332 3070 {idejussiones
1371 3017 1473 3056 non
1501 3002 1627 3068 dat,
1666 3003 1798 3056 dans
1833 3011 2013 3058 autem

1069 3096 1367 3162 deponitur.

499 3192 617 3247 Non
652 3197 864 3262 oportet
889 3189 1142 3245 clericum
1177 3189 1230 3244 in
1279 3190 1498 3259 negotia
1552 3205 1618 3271 se
1659 3189 1921 3258 injicere,
1958 3200 2013 3246 et

430 3288 528 3343 l'ori
560 3284 828 3356 iudicialis
859 3283 1136 3338 molestias
1185 3290 1402 3351 propter
1451 3282 1667 3352 aliquod
1709 3292 1864 3350 turpe
1921 3285 2003 3336 lu-

427 3395 603 3434 erunt.
637 3378 690 3431 Si
716 3376 882 3431 Paulo
910 3374 1055 3428 enim
1080 3373 1308 3428 fortasse
1334 3388 1454 3426 cum
1500 3371 1716 3441 publico
1769 3375 1850 3427 vel
1893 3374 2010 3443 pri-

429 3483 551 3526 vato
579 3472 762 3538 aiiQuo
796 3469 1077 3538 pactiones
1110 3469 1482 3532 contrahente,
1516 3478 1569 3521 et
1595 3467 1644 3521 ei
1691 3483 1796 3520 non
1829 3467 2008 3521 credi-

430 3578 538 3630 tur,
574 3565 666 3617 sed
695 3561 1073 3632 ﬁdejussioues
1122 3561 1429 3626 exiguntur,
1480 3559 1714 3614 clericus
1768 3575 1865 3628 pro
1921 3560 2010 3614 illo

429 3655 776 3723 tiu-jusserit,
815 3664 868 3708 et
893 3649 1376 3707 semetobnoxium
1429 3651 1744 3717 reddiderit,
1802 3654 1922 3706 talis
1953 3661 2008 3706 ut

426 3755 760 3818 contemptor
793 3745 995 3815 proprii
1016 3752 1194 3798 status
1212 3751 1268 3796 et
1297 3743 1517 3797 honoris
1553 3757 1775 3812 propter
1795 3744 2007 3798 lucrum

426 3842 694 3909 quoddam
737 3837 938 3901 luctus,
974 3834 1291 3903 deponetur.
1334 3833 1388 3888 Si
1418 3835 1650 3896 clericus
1687 3843 1868 3890 autem
1925 3837 2010 3890 in-

425 3933 649 3987 veniens
677 3931 946 3984 hominem
981 3941 1296 3995 oppressum
1345 3936 1400 3980 et
1447 3926 1501 3980 in
1549 3930 1791 3982 custodia
1822 3933 2012 3982 deten-

423 4035 559 4086 tum,
597 4035 647 4076 et
671 4021 828 4074 aliter
867 4020 1010 4074 illine
1042 4035 1147 4074 non
1196 4019 1465 4073 exiturum
1507 4000 1619 4075 ‘nisi
1660 4020 1893 4089 aliquem
1927 4023 2015 4074 de-

423 4115 562 4170 derit
587 4111 962 4182 lidejubentem
996 4126 1117 4166 eum
1168 4126 1274 4165 non
1326 4111 1724 4182 eonlugiturum
1752 4152 1768 4177 ,
1797 4124 1850 4166 et
1881 4128 2009 4182 pro-

423 4220 543 4277 pter
579 4207 936 4278 sympathiam
966 4213 1018 4258 et
1051 4204 1443 4259 humanitatem
1471 4204 1632 4258 talem
1661 4205 1712 4258 in
1756 4220 1815 4259 se
1864 4221 2012 4261 rece-

425 4287 586 4367 peril,
621 4305 674 4348 cl
714 4294 1039 4364 lidejusserit
1067 4309 1191 4348 eum
1249 4310 1307 4349 se
1351 4295 1557 4364 judicio
1586 4297 1788 4350 sistere
1837 4312 2011 4366 quau-

428 4392 712 4456 doeunque
744 4386 1037 4454 requisitus
1064 4384 1247 4448 fuerit,
1301 4400 1422 4438 non
1454 4394 1662 4438 tantum
1725 4402 1830 4440 non
1872 4389 2000 4456 abji-

2144 547 2274 607 τοὺς
2309 545 2456 616 ὄχλῳ
2482 551 2830 618 πραγμάτων
2849 551 2944 604 καὶ
2965 551 3265 621 ἐλκυσμοῖς
3290 551 3714 621 παρεμϐάλωσι,

2145 637 2243 688 καὶ
2269 637 2556 706 ἐπηρείαις
2592 645 2976 712 σεκρετικαῖςο
3012 643 3411 698 ὑποπτεύονται
3459 643 3572 715 γὰρ
3627 643 3719 698 διὰ

2142 729 2336 800 κέρδος
2374 731 2582 785 τούτων
2631 735 2960 804 ἀνέχεσθαι·
3011 737 3424 807 αἰσχροκερδεῖς
3478 737 3537 790 δὲ
3586 737 3714 799 τοὺς

2141 819 2441 891 κληρικοὺς
2471 819 2608 877 εἶναι
2637 825 2697 877 ού
2725 827 2809 879 δεῖ
2830 844 2843 857 ο
2889 827 2959 880 δι’
2991 827 3020 879 ὃ
3050 831 3144 882 καὶ
3169 831 3202 899 ή
3235 829 3558 900 καθαίρεσις
3586 829 3714 881 τού-

2139 929 2252 976 τοις
2306 915 2592 983 ἐπάγεται.
2652 919 2714 970 Ei
2757 919 2820 977 δὲ,
2861 921 3013 989 παρὰ
3065 938 3208 984 τινος
3264 923 3396 985 ῐσως
3448 921 3713 989 κληρικδς

2138 1005 2472 1074 ἐναγόμενος
2497 1008 2598 1076 τῆς
2625 1009 2708 1071 εἰς
2733 1009 2793 1062 τὸ
2818 1009 3176 1082 δικαστήριον
3199 1013 3530 1083 προσεδρίας
3551 1013 3711 1084 χάριν

2147 1098 2352 1164 ἐγγύας
2405 1100 2745 1164 ἁπαιτείται,
2803 1103 2980 1168 διδοὺς
3031 1104 3236 1168 ταύτας
3279 1107 3339 1159 ού
3375 1107 3710 1176 βλαϐήσεται

2135 1190 2289 1258 παρὰ
2315 1191 2414 1260 τὴν
2445 1193 2659 1246 οἰκείαν
2698 1196 3004 1264 ἐπιτιμίαν.
3047 1198 3203 1251 Ἐπεὶ
3231 1199 3494 1270 εὕρηνται
3526 1202 3622 1253 καὶ
3650 1201 3708 1252 ἐν

2133 1285 2198 1352 τῇ
2233 1285 2472 1356 τετάρτῃ
2506 1287 2863 1360 οἰκουμενικῇ
2897 1291 3102 1361 συνόδῳ
3133 1293 3184 1345 οἱ
3227 1293 3287 1346 ὲν
3320 1295 3498 1364 ταύτῃ
3521 1295 3711 1363 ἀθροι-

2135 1369 2355 1432 σθέντες
2379 1373 2512 1426 θεῖοι
2544 1376 2811 1446 Πατέρες,
2844 1379 2938 1432 καὶ
2961 1381 3011 1432 οἱ
3062 1382 3314 1445 συνόντες
3363 1385 3545 1447 αὐτοῖς
3572 1402 3707 1451 συγς-

2132 1460 2402 1529 κλητικοὶ,
2438 1466 2566 1528 τοὺς
2595 1466 2932 1536 Αἰγυπτίους
2962 1472 3304 1537 ἐπισκόπους
3355 1475 3564 1542 ἐγγύας
3599 1478 3712 1529 άπ-

2131 1553 2460 1620 αιτήσαντες
2525 1557 2892 1629 προσεδρίαςο
2973 1561 3006 1630 ἢ
3065 1563 3271 1617 τούτων
3337 1565 3703 1636 ἀποροῦντας,

2130 1643 2492 1708 κελεύσαντες
2517 1647 2828 1718 ἐξωμοσίαν
2865 1652 3220 1720 ποιήσασθαι,
3255 1655 3552 1726 ζητοῦντας
3581 1675 3710 1710 και-

2131 1732 2223 1803 ρὸν
2272 1737 2353 1798 εἰς
2401 1736 2719 1807 ὑπέρθεσιν.
2753 1739 2816 1792 Ei
2850 1741 2908 1794 δὲ
2943 1742 3206 1814 κληρικὸς
3242 1747 3541 1813 ἑλκόμενόν
3579 1766 3704 1802 τινα

2127 1823 2398 1895 εὑρηκὼς,
2432 1826 2528 1878 καὶ
2571 1828 2780 1897 ἐγγύας
2811 1830 2954 1902 ὑπὲρ
2990 1837 3420 1904 παραστάσεως,
3461 1839 3492 1908 ἢ
3527 1839 3704 1901 ἄλλως

2126 1931 2246 1977 πως
2277 1918 2691 1989 ἀπαιτούμενον
2725 1923 2820 1976 καὶ
2850 1926 3042 1996 εἱρκτῇ
3070 1930 3704 2000 παραπεμπόμενον,ὡ;

2127 2007 2203 2076 μὴ
2226 2007 2526 2079 δυνάμενον
2559 2017 2863 2084 παρασχεῖν
2889 2018 2989 2080 τὰς
3016 2019 3248 2086 ἐγγύας,
3279 2022 3509 2090 ἐλεήσας
3535 2023 3704 2076 αὑτὸν

2125 2097 2266 2167 ὑπὲρ
2301 2099 2510 2153 ἐκείνου
2539 2102 2739 2156 ἐαυτὸν
2771 2105 3090 2162 ὑποτίθεται
3141 2113 3208 2181 τῇ
3243 2113 3440 2184 ἐγγύῃ,
3469 2115 3703 2168 ἐπικλα-

2125 2189 2276 2252 σθεὶς
2310 2193 2376 2261 τῇ
2401 2191 2496 2246 τοῦ
2539 2195 2844 2265 πάσχοντος
2876 2191 3154 2272 συμφορᾷ,
3190 2203 3290 2257 οὐκ
3329 2199 3485 2274 οἶμαι
3508 2207 3702 2261 τοῦτον

2122 2279 2652 2351 καθαιρεθήσεσθαι,
2711 2285 2849 2340 ἀλλὰ
2883 2288 2981 2341 καὶ
3039 2291 3512 2363 ἀποδεχθήοεσθαι
3546 2299 3702 2366 παρᾶ

2121 2369 2257 2423 Θεοῦ
2306 2389 2368 2424 τε
2419 2374 2516 2426 καὶ
2549 2375 2912 2445 εὐγνωμόνων
2950 2379 3182 2450 ἀνδρῶν,
3224 2382 3299 2445 ὡς
3335 2385 3702 2456 εύαγγελικὴν

2121 2461 2490 2533 πληρώσαντα
2522 2465 2768 2536 ἐντολήν.
2799 2469 2917 2521 Καὶ
2941 2471 2968 2522 ὁ
3001 2470 3273 2537 πολιτικὸς
3296 2475 3350 2528 δὲ
3385 2478 3546 2546 νόμος
3569 2480 3700 2544 τοὺς

2121 2551 2425 2622 κληρικοὺς
2477 2555 2874 2628 δικαζομένους
2932 2561 3135 2617 διδόναι
3189 2567 3396 2635 ἐγγύας
3446 2586 3699 2638 παρακε-

2121 2642 2362 2699 λεύεται.
2409 2647 2729 2717 Σημείωσαι
2761 2652 2844 2704 ὅτι
2879 2652 3188 2724 ἁφόρισμός
3232 2661 3351 2712 ἐστι
3392 2663 3485 2713 καὶ
3532 2663 3592 2714 τὸ
3636 2665 3699 2717 ἐν

2117 2734 2418 2806 ἐπιτιμίοις
2472 2739 2730 2807 γενέσθαι
2779 2745 2893 2808 τοῖς
2968 2746 3293 2802 ἐκϐάλλουσι
3363 2751 3472 2804 τῶν
3534 2751 3697 2805 θείων

2118 2830 2445 2898 περιϐόλων,
2504 2834 2600 2887 καὶ
2655 2835 2790 2906 πρὸς
2815 2837 2912 2908 τὴν
2939 2839 3047 2892 τῶν
3099 2843 3506 2912 μετανοούντων
3561 2847 3698 2899 καθ-

2119 2922 2311 2976 ιστῶσι
2347 2922 2554 2994 χώραν.

2114 3013 2339 3068 ΑΡΙΣΤ.
2398 3012 2699 3084 Κληρικὸς
2757 3017 2980 3088 ἐγγύας
3037 3022 3110 3075 οὐ
3143 3021 3392 3077 δίδωσι·
3444 3023 3589 3089 δοὺς
3625 3025 3700 3078 δὲ

2707 3112 2975 3178 καθαιρεῖ
2977 3130 3092 3170 ται.

2186 3199 2261 3251 Ού
2291 3197 2372 3251 δεῖ
2402 3199 2490 3253 τὸν
2540 3200 2801 3272 κληρικὸν
2849 3205 3043 3258 ἑαυτὸν
3080 3205 3161 3271 είς
3192 3208 3496 3278 πράγματα
3546 3229 3700 3281 παρ-

2119 3290 2438 3360 εμϐάλλειν,
2474 3293 2566 3345 καὶ
2599 3293 2974 3366 δικαστηρίων
3001 3297 3256 3368 ὀχλήσεις
3313 3301 3402 3354 διά
3435 3319 3557 3355 τινα
3604 3306 3696 3358 αἰ-

2120 3383 2512 3453 σχροκέρδειαν
2538 3400 2552 3415 ’
2589 3386 2637 3438 εἰ
2667 3386 2775 3457 γὰρ
2814 3387 2908 3441 τοῦ
2954 3390 3167 3444 Παύλου
3205 3392 3368 3462 τυχὸν
3409 3396 3552 3463 μετὰ
3595 3395 3692 3448 τοῦ

2118 3474 2387 3546 δημοσίου
2423 3476 2456 3547 ἢ
2498 3479 2596 3530 καὶ
2650 3479 2861 3533 ἰδιώτου
2895 3482 3038 3544 τινὶις
3070 3483 3554 3552 συναλλάσσοντος,
3595 3488 3697 3541 καὶ

2117 3571 2193 3640 μὴ
2249 3573 2750 3642 ἐμπιστευομένου,
2807 3574 2922 3627 ἀλλ’
2980 3577 3391 3647 ἀπαιτούμενον
3455 3579 3691 3645 ἐγγύας,

2113 3660 2374 3731 κληρικὸς
2403 3664 2739 3733 ἐγγυήσεται
2767 3666 2984 3728 τοῦτον,
3016 3669 3110 3720 καὶ
3135 3669 3474 3738 καταστήσει
3503 3671 3692 3738 ἔνοχον

2114 3753 2340 3807 δαυτόν⁸
2375 3756 2403 3807 ὁ
2431 3755 2692 3820 τοιοῦτος,
2750 3757 2825 3822 ὡς
2861 3761 3282 3829 καταφρονητὴς
3327 3765 3424 3830 τῆς
3474 3763 3686 3826 οἰκείας

2112 3844 2394 3914 ἐπιτιμίας
2419 3846 2507 3900 διά
2539 3864 2590 3899 τι
2624 3847 2814 3917 κέρδος
2839 3850 3154 3920 γενόμενος,
3190 3853 3683 3925 καθαιρεθήσεται.

2113 3938 2177 3989 Εἰ
2207 3938 2264 3990 δὲ
2291 3941 2430 3991 κατὰ
2463 3939 2629 3992 πόνου
2679 3939 2855 4008 εὑρὼν
2884 3945 2910 3993 ὁ
2939 3941 3203 4012 κληρικὸς
3245 3944 3556 4013 ἄνθρωπον,
3593 3950 3691 3998 καὶ

2113 4032 2172 4084 ὲν
2231 4030 2447 4101 φυλακῇ
2502 4033 2894 4102 κατεχόμενον,
2951 4035 3045 4086 καὶΙ
3091 4035 3269 4099 ἄλλως
3327 4038 3541 4090 ἐκεῖθεν
3611 4039 3694 4111 μὴ

2113 4123 2470 4192 ἐξαγόμενον,
2492 4125 2542 4175 εἰ
2571 4126 2644 4192 μή
2667 4140 2789 4176 τινα
2818 4124 2935 4196 δοίη
2962 4124 3052 4179 τὸν
3081 4127 3497 4197 ἐγγυησάμενον
3521 4129 3691 4182 αὑτὸν

2115 4213 2192 4284 μὴ
2221 4213 2558 4284 ἀποδρᾶναι*
2611 4217 2706 4268 καὶ
2737 4215 2828 4268 διὰ
2865 4219 3215 4288 συμπάθειαν
3248 4222 3343 4274 καὶ
3378 4221 3692 4293 φιλανθρω-

2112 4305 2244 4359 πίαν
2275 4306 2584 4370 ἀναδέξεται
2617 4308 2708 4362 τὸν
2737 4310 2984 4364 τοιοῦτον
3025 4311 3120 4366 καὶ
3152 4317 3430 4386 παριστᾷν
3481 4316 3689 4388 ἐγγυή-

2114 4414 2286 4464 σεται,
2316 4398 2519 4452 ὁπόταν
2551 4398 2616 4453 ἂν
2645 4399 2854 4473 ζητηθῇ
2882 4442 2896 4467 ,
2927 4403 2988 4455 ού
3035 4403 3198 4474 μόνον
3242 4407 3342 4459 οὐκ
3370 4407 3689 4478 ἀπόϐλητος

425 4478 650 4532 ciendus
677 4477 800 4540 erit,
832 4479 925 4531 sed
955 4475 1252 4529 laudandus
1289 4475 1657 4544 judicabitur,
1694 4486 1753 4530 ut
1799 4493 2006 4546 ponens

2120 4487 2288 4551 ἔσται,
2345 4487 2481 4542 ἀλλὰ
2537 4491 2634 4543 καὶ
2673 4491 2994 4556 ἐπαινετέος
3039 4496 3388 4566 κριθήσεται,
3459 4497 3534 4561 ὡς
3583 4499 3686 4569 τὴν

426 4572 663 4625 animant
696 4584 850 4625 suam
889 4584 986 4638 pro
1028 4575 1281 4638 cognato.
1318 4567 1542 4621 Clericis
1594 4577 1775 4621 autem
1830 4570 1883 4623 in
1917 4572 2006 4640 jus

420 4660 630 4716 vocatis
663 4660 802 4730 exigi
843 4656 1447 4728 lidejussionesjudieio
1489 4672 1549 4713 se
1585 4657 1849 4724 sistendi,
1903 4662 2006 4715 hoc

429 4769 536 4808 non
567 4753 738 4807 reddit
764 4767 857 4805 eos
887 4749 1215 4818 depositioni
1237 4749 1518 4802 obnoxios.
1555 4748 1612 4802 In
1643 4765 1834 4819 quarta
1858 4751 2003 4804 enim

425 4845 638 4914 actione
675 4845 727 4896 in
763 4841 1108 4898 Chalcedmie
1142 4849 1406 4907 actorum,
1434 4852 1627 4896 sancta
1675 4844 1913 4913 synodus
1953 4851 2006 4898 et

422 4937 765 4992 considentes
797 4938 850 4990 in
882 4951 943 4989 ea
994 4933 1334 4989 celeberrimi
1384 4936 1644 5004 prazleeti,
1692 4945 2000 4991 statuerunt

423 5026 710 5097 Aigyptios
747 5025 1026 5094 episcopos
1057 5023 1430 5093 lidejttssiones
1470 5040 1529 5079 se
1561 5025 1787 5082 sistendi
1824 5028 1997 5094 ,dare,

423 5129 478 5172 et
501 5117 609 5173 illis
635 5116 921 5173 destitutos
947 5115 1304 5188 jurejurando
1339 5117 1624 5188 obstringi.

1009 5394 1236 5452 CANON
1267 5395 1405 5452 XXI.

425 5491 734 5554 Eunuchus,
769 5490 815 5542 si
847 5505 908 5543 ca:
941 5489 1206 5543 [taurinum
1233 5490 1441 5559 quidem
1466 5490 1665 5560 injuria
1695 5493 1872 5562 factus
1903 5496 1994 5562 sit,

2107 4577 2301 4632 ἐαυτοῦ
2332 4579 2514 4651 ψυχὴν
2546 4581 2690 4652 ὑπὲρ
2722 4583 3020 4654 ὁμογενοῦς
3076 4585 3327 4656 θέμενος.
3363 4588 3436 4642 Τὸ
3469 4590 3526 4642 δέ
3558 4593 3688 4655 τοὺς

2107 4674 2410 4745 κληρικοὺς
2444 4675 2840 4746 δικαζομένους
2878 4678 3231 4734 ἀπαιτεῖσθαι
3268 4681 3478 4750 ἐγγύας
3508 4701 3688 4753 παρα-

2108 4768 2356 4831 στάσεως
2417 4767 2677 4822 τοσοῦτον
2729 4771 2788 4822 ού
2849 4770 3170 4841 καθαιρέσει
3224 4775 3426 4839 αὐτοὺς
3465 4775 3686 4846 ἐνόχους

2104 4858 2451 4928 καθίστησιν,
2485 4859 2566 4912 ὅτι
2601 4863 2699 4916 καὶ
2747 4862 2804 4914 ἐν
2842 4864 2908 4932 τῇ
2943 4866 3184 4936 τετάρτῃ
3255 4867 3451 4936 πράξει
3479 4869 3590 4921 τῶν
3624 4871 3685 4922 ἐν

2103 4949 2410 5019 Χαλκηδόνι
2471 4951 2824 5021 πραχθέντων
2887 4955 2918 5024 ή
2980 4955 3112 5024 ἁγία
3169 4957 3384 5022 σύνοδος
3429 4961 3520 5014 καὶ
3554 4979 3683 5015 συν-

2105 5042 2422 5111 εδρεύοντες
2451 5044 2588 5114 αὐτῇ
2614 5044 2951 5110 ἐνδοξότατοι
2986 5051 3247 5120 ἄρχοντες
3280 5053 3526 5108 διέλαϐον
3552 5057 3682 5118 τοὺς

2104 5137 2444 5206 Αἰγυπτίους
2494 5140 2829 5203 ἐπισκόπους
2883 5143 3090 5214 ἐγγύας
3126 5147 3456 5218 προσεδρίας
3510 5167 3686 5220 παρα-

2106 5231 2276 5298 σχεῖν,
2314 5229 2410 5280 καὶ
2457 5229 2667 5283 τούτων
2722 5232 3067 5304 ἀποροῦντας
3125 5239 3402 5314 ἐξωμοσία
3435 5257 3681 5297 καταπιο

2107 5319 2417 5388 στευοῆναι.

2410 5399 2421 5409 ’
2690 5416 2930 5469 ΚΛΝΩΝ
2964 5419 3091 5471 ΚΑ¹.

2107 5502 2418 5571 Εὐνοῦχος
2457 5502 2591 5575 (54),
2642 5507 2691 5559 εί
2744 5506 2862 5574 μὲν
2912 5509 2982 5574 ἐξ
3027 5510 3312 5579 ἐπηρείας
3349 5513 3680 5584 ἀνθρώπων

1637 5608 1827 5670 Guill.
1861 5613 2183 5692 Beveregii
2228 5621 2418 5677 notua.

495 5706 608 5774 (54)
663 5709 993 5774 Εἰ”’›ὀῖ’χος.
1055 5709 1305 5762 Secundo
1363 5724 1389 5758 τι
1464 5708 1665 5764 Christi
1727 5717 1992 5772 natalitiis

425 5777 620 5834 liueute
653 5781 868 5840 εωιιιίυ,
915 5789 1032 5831 ωειλ
1075 5791 1159 5832 est
1213 5779 1546 5833 Valesicrnm
1602 5782 1846 5852 litcrcsis,
1900 5789 1990 5856 qui

2095 5721 2243 5773 varia
2292 5722 2587 5799 Scriptura:
2638 5723 2775 5790 loca,
2827 5729 3130 5794 praesertim
3189 5731 3378 5786 Matth.
3414 5749 3526 5799 xix,
3585 5737 3673 5799 l2,

2093 5806 2376 5859 perperam
2413 5795 2775 5864 interpretati,
2820 5800 3056 5854 exsectis
3092 5803 3357 5871 virilibus,
3395 5795 3673 5862 eunuchos
