4056 6394
254 317 325 379 8]
1465 320 1547 382 ΙΝ
1603 321 1772 386 CAN.
1811 322 2037 385 XXVII
2082 327 2341 390 APOS’I‘.
3446 328 3521 390 90

256 424 487 481 ’APIST.
523 424 587 480 Ὀ
634 426 906 496 ίερᾶσθαι
932 428 1195 500 μέλλων,
1222 433 1274 487 ει
1298 431 1612 499 ,ϐούλοιτ-ο,
1649 450 1840 501 προσ-

1953 406 2335 506 Αῐιιὸτ.“ριιὶ
2382 440 2450 495 ad
2502 456 2683 495 sacros
2734 440 2945 494 ordines
2995 448 3071 494 est
3119 442 3520 509 promouendus,

310 520 601 589 ταμείτωυ
650 521 913 590 Ισρωθείς
951 522 1043 589 δὲ,
1092 524 1487 595 arar)"chth
1527 525 1626 579 καί
1668 526 1830 594 ψάλ-

310 627 422 677 της
445 612 660 680 μόνον.

313 702 433 753 Οὐκ
465 701 645 766 ἔξεστί
670 721 778 757 τινι
823 706 962 772 μετὰ
986 709 1090 776 τὴν
1126 708 1433 777 ἱερωσύνην
1485 707 1625 777 πρὸς
1658 707 1837 777 γάμον

243 791 508 863 ἔρχεσθαι
556 796 651 847 καὶ⁵
691 795 781 848 ἐπ’
838 799 1009 867 αὐτῆς
1050 799 1150 866 τῆς
1207 799 1363 865 ἀξίας
1400 800 1586 869 μένειν
1610 815 1626 832 ·
1655 800 1839 869 μόνοις

240 882 296 936 et
332 883 717 952 ἁναγνὼσταις
744 888 838 940 καὶ
865 887 1099 956 ψάλταις
1123 888 1284 943 τοῦτο
1314 892 1549 959 ἐφεῖται.

848 980 1087 1033 ΚΑΝΩΝ
1126 980 1255 1037 ΚΖ’.
1772 1030 1778 1035 .

243 1069 623 1126 Ἐπίσκοπον
662 1071 776 1142 (40)
809 1071 848 1139 ἢ
894 1071 1202 1154 διάκονον,
1252 1078 1552 1129 τύπτοντα
1585 1075 1841 1140 πιστοὺς

306 1163 785 1232 ἁμαρτάνοντας,
806 1164 845 1231 ἢ
880 1166 1292 1233 πρεσϐύτερον
1319 1166 1352 1232 ἢ
1384 1166 1680 1232 ἀπίστους
1713 1166 1846 1221 ἁδι-

304 1252 648 1319 κήσαντας,
716 1253 818 1307 καί
847 1253 947 1308 διὰ
978 1255 1204 1309 τούτων
1233 1257 1542 1325 φοϐεῖσθαι
1568 1257 1844 1324 θέλοντα,

308 1344 731 1413 καθαιρεῖσθαι
785 1346 1263 1418 προστάττομεν.
1311 1349 1594 1419 Οὐδαμοῦ
1642 1352 1754 1421 γὰρ
1808 1355 1843 1406 ὁ

303 1436 533 1504 Κύριος
579 1438 757 1493 τοῦτο
798 1438 960 1509 ἡμᾶς
1025 1440 1265 1505 ἐδίδαξε
1283 1458 1297 1474 °
1349 1443 1711 1497 τούναντίον
1754 1443 1845 1509 δὲ,

303 1528 495 1594 αὐτὸς
517 1530 916 1596 τυπτόμενος,
966 1531 1079 1585 οὐκ
1123 1530 1480 1599 ἀντέτυπτε,
1541 1533 1850 1601 λοιδορού-

304 1635 516 1690 μενος,
541 1622 654 1675 οὐκ
681 1622 1115 1694 ἀντελοιδόρει,
1141 1625 1419 1696 πάσχων,
1447 1628 1561 1682 οὐκ
1585 1628 1845 1693 ἠπείλει.

308 1712 518 1768 ΒΔΛΣ.
575 1715 642 1767 οἱ
689 1714 788 1770 τοῦ
844 1715 1091 1787 βήματος
1126 1718 1228 1772 οὐκ
1265 1719 1578 1788 ὀφείλουσιν
1614 1720 1723 1773 ὑπὸ
1744 1719 1842 1774 τοῦ

2007 537 2054 588 si
2087 536 2205 589 velit
2250 552 2466 589 uxorem
2511 535 2694 588 ducat.
2732 532 3018 587 Promotus
3049 544 3245 596 autent,
3281 533 3447 586 lector
3470 540 3521 586 et

2005 637 2194 680 cantor
2220 637 2450 679 tantum.

2009 720 2125 775 Non
2180 718 2307 773 licet
2350 717 2583 786 cuipiam
2618 726 2741 786 post
2786 717 3253 771 consecrationem
3310 716 3525 783 nuptias

1941 812 2080 868 inire
2106 820 2160 865 et
2187 812 2239 866 in
2275 811 2540 877 dignitate
2589 824 2650 863 ea
2685 824 2924 862 manere.
2960 808 3104 863 Solis
3144 823 3271 863 vero
3304 808 3523 861 lectori-

1942 906 2043 961 bus
2069 915 2123 959 et
2160 903 2473 959 cantoribus
2500 903 2602 955 hoc
2640 902 2994 969 permittitur.

2495 993 2723 1049 CANON
2754 992 2967 1048 XXVII.

1944 1091 2282 1163 Epitrapum,
2347 1090 2426 1144 vel
2479 1088 2871 1157 presbyterum,
2935 1084 3014 1139 uel
3061 1084 3363 1145 diaconum,
3436 1084 3526 1153 qui

2015 1184 2247 1239 verberat
2278 1183 2458 1250 ﬁdeles
2482 1180 2571 1251 qui
2603 1188 2850 1247 peccant,
2884 1177 2960 1232 vel
2982 1177 3219 1241 inﬁdeles
3252 1177 3341 1245 qui
3385 1177 3527 1243 inju-

1932 1314 1935 1315 ν
2015 1275 2153 1328 riam
2184 1273 2441 1340 fecerunt,
2476 1281 2524 1324 et
2556 1285 2648 1339 per
2675 1271 2784 1323 haec
2824 1267 2930 1322 vult
2954 1266 3383 1336 perterrefacere,
3423 1267 3530 1317 de—

2015 1367 2139 1434 poni
2159 1362 2425 1432 iubemus.
2471 1361 2727 1414 Dominus
2758 1360 2897 1413 enim
2929 1375 3022 1413 nos
3063 1373 3389 1426 nequaquam
3433 1357 3529 1409 hoc

2017 1457 2230 1522 docuit;
2264 1467 2450 1509 contra
2470 1460 2645 1507 autem
2669 1453 2777 1519 ipse
2799 1454 3103 1506 verberatus
3130 1465 3233 1503 non
3253 1464 3528 1513 repercus-

2018 1550 2109 1612 sit,
2158 1547 2457 1601 maledictis
2486 1545 2679 1613 petitus
2728 1542 3008 1597 maledicta
3040 1558 3144 1595 non
3186 1540 3385 1605 retulit,
3434 1554 3527 1609 pa-

2021 1642 2155 1694 tiens
2188 1656 2294 1692 non
2326 1639 2556 1690 minatus
2578 1645 2678 1690 est.

2028 1729 2222 1785 BALS.
2248 1730 2348 1795 Qui
2372 1739 2498 1781 sunt
2525 1743 2589 1781 ex
2622 1741 2781 1782 sacro
2811 1724 3092 1790 tribunali,
3118 1739 3224 1777 non
3248 1721 3445 1777 debent
3462 1721 3531 1774 ab

233 1804 423 1875 θυμοῦ
454 1805 736 1872 νικᾶσθαι,
769 1809 866 1863 καὶ
888 1808 1115 1864 τύπτειν
1148 1810 1277 1875 τοὺς
1320 1811 1403 1875 είς
1429 1811 1628 1875 αὐτοὺς
1660 1813 1842 1881 ἁμαρ-

1953 1826 2026 1880 ira
2071 1822 2338 1892 superari,
2372 1829 2427 1875 et
2460 1819 2748 1873 verberare
2780 1832 2875 1872 eos
2920 1815 3012 1885 qui
3049 1804 3115 1868 in
3149 1816 3294 1884 ipsos
3339 1827 3532 1882 pecca-

231 1897 552 1966 τήσαντας,
591 1899 823 1961 πιστοὺς
865 1898 1136 1970 δηλονότι,
1170 1901 1205 1971 ἢ
1246 1901 1343 1956 καὶ
1375 1902 1667 1966 ἀπίστους·
1700 1905 1839 1958 κάν-

232 1988 442 2042 τεῦθεν
467 1985 588 2042 οἷον
645 1990 965 2060 ἀμύνεσθαι
1001 1993 1199 2056 αὐτοὺς
1273 1996 1370 2048 καὶ
1411 1994 1662 2064 ἐκφοϐεῖν
1716 1997 1843 2059 τοὺς

234 2080 494 2143 λοιπούς.
521 2082 584 2135 Οἱ
625 2082 684 2136 δὲ
710 2084 958 2139 τοιοῦτόν
994 2103 1047 2140 τι
1089 2084 1373 2151 ποιοῦντες
1410 2089 1561 2159 παρὰ
1591 2088 1691 2158 τὴν
1734 2088 1828 2143 τοῦ

234 2174 457 2246 Κυρίου
488 2174 869 2245 διδασκαλίαν,
909 2179 1009 2249 τὴν
1043 2178 1427 2252 διοριζομένην
1463 2179 1541 2251 τῷ
1568 2180 1828 2237 τύπτοντι

233 2268 344 2338 τὴν
398 2269 592 2335 δεξιὰν
641 2272 872 2338 σιαγόνα
922 2273 1182 2342 στρέφειν
1234 2273 1333 2327 καὶ
1374 2275 1477 2344 τὴν
1509 2274 1829 2344 ἀριστερὰν,

234 2362 669 2433 καθαιροῦνται.
743 2364 804 2418 Ὀ
857 2364 915 2418 δὲ
948 2366 1231 2429 πολιτικὸς
1272 2366 1441 2437 νόμος
1491 2368 1556 2419 τὸ
1601 2367 1845 2420 ἐναντίον

233 2455 571 2526 διορίζεται,
634 2456 846 2525 λέγων’
904 2457 1124 2524 Ἔξεστι
1164 2459 1257 2531 βίᾳ
1283 2458 1385 2529 τὴν
1438 2457 1561 2529 βίαν
1595 2457 1843 2524 ἐξωθεῖν,

236 2549 345 2602 καὶ
369 2547 519 2600 ὅπλα
550 2547 761 2611 ὅπλοις.
796 2548 908 2603 Καὶ
937 2549 1271 2620 νοηθήσεται
1316 2550 1537 2613 πάντως
1568 2549 1636 2602 τὰ
1670 2545 1848 2601 τοιοῦ-

234 2654 341 2691 του
361 2638 536 2705 νόμου
564 2639 645 2701 είς
669 2639 801 2701 τοὺς
828 2640 1073 2704 λαϊκοὺς,
1099 2640 1201 2694 κᾶν
1224 2642 1257 2711 ή
1279 2641 1468 2713 ἐντολὴ
1490 2639 1585 2695 τοῦ
1612 2639 1842 2709 Κυρίου,

236 2726 448 2796 γενικὴ
475 2725 632 2791 οὖσα,
688 2728 830 2796 πρὸς
875 2730 1087 2793 πάντας
1136 2729 1455 2801 ὲξεφωνήοη
1483 2747 1497 2763 ο
1553 2729 1615 2783 τὸ
1660 2729 1846 2799 μέντοι

244 2817 499 2889 μετρίως
534 2820 976 2889 σωφρονίζεσθαι
1014 2822 1168 2892 παρὰ
1205 2821 1317 2874 τῶν
1372 2820 1690 2892 ἱερωμένων
1713 2822 1846 2882 τοὺς

242 2910 507 2981 μαθητὰς
537 2910 719 2965 αὐτῶν
748 2913 844 2966 καὶ
874 2914 1001 2976 τοὺς
1039 2912 1484 2985 ἁμαρτάνοντας,
1554 2915 1653 2966 καὶ
1706 2912 1846 2983 μετᾶ

246 3000 644 3071 παραγγελίαν
706 3000 782 3073 μὴ
846 3002 1377 3073 ἐπιστρεφομένους,
1435 3002 1844 3074 ἔκκεχώρηται.

1943 1921 2071 1970 runt
2108 1913 2290 1967 ﬁdeles
2317 1911 2563 1976 scilicet,
2595 1909 2680 1963 vel
2710 1909 2873 1963 etiam
2906 1905 3175 1970 inﬁdeles,
3210 1917 3413 1971 eosque
3453 1902 3528 1955 ita

1942 2006 2175 2069 ulcisci,
2208 2012 2262 2058 et
2302 2012 2508 2057 terrere
2548 2000 2807 2070 reliquos.
2863 1997 2965 2065 Qui
3000 2007 3183 2051 autem
3236 1995 3342 2048 tale
3403 1993 3532 2061 quid

1945 2099 2169 2163 faciunt,
2232 2105 2431 2166 praeter
2477 2092 2776 2147 doctrinam
2824 2088 3038 2142 Domini
3080 2102 3202 2156 qua:
3263 2082 3533 2149 dOCPI'IliI,

1944 2190 2192 2244 dextram
2242 2183 2564 2256 percutienti
2609 2180 3201 2247 maxillam-oportere
3252 2176 3533 2230 sinistram

1945 2294 2166 2351 quoque
2209 2280 2515 2340 obvertere,
2541 2271 2947 2342 deponuntur'.
2982 2266 3157 2336 Leges
3186 2270 3367 2318 autem
3401 2260 3536 2315 civi-

1944 2375 2025 2429 les
2059 2370 2395 2428 contrarium
2444 2368 2764 2428 decernunt,
2793 2362 3060 2419 dicentes,
3097 2357 3290 2412 Licere
3339 2354 3448 2408 vim
3481 2352 3532 2405 vi

1946 2463 2230 2533 repellere,
2265 2470 2320 2514 et
2345 2472 2497 2513 arma
2537 2454 2727 2509 armis.
2764 2451 2831 2507 Et
2864 2452 2945 2505 bne
2982 2449 3199 2519 quidem
3234 2447 3380 2516 leges
3412 2459 3537 2498 om-

1946 2555 2077 2611 nino
2114 2555 2180 2609 de
2220 2550 2372 2606 laicis
2426 2547 2819 2616 intelligentur,
2866 2544 2997 2598 licet
3040 2550 3373 2610 praeceptum
3424 2536 3533 2591 Do-

1947 2647 2106 2712 mini,
2135 2660 2256 2700 cum
2297 2644 2368 2700 sit
2403 2641 2676 2712 generale.
2715 2641 2785 2695 sit
2827 2620 3082 2692 omnibus
3117 2636 3348 2687 editum.
3392 2630 3536 2685 Suos

1948 2746 2129 2791 autem
2174 2733 2469 2803 discipulos
2519 2730 2869 2786 mediocriter
2908 2726 3168 2796 castigari
3216 2732 3536 2794 peccantes,

1949 2837 2003 2884 et
2030 2839 2154 2900 post
2188 2826 2652 2882 denuntiationem
2696 2836 2757 2877 se
2799 2836 2903 2875 non
2938 2818 3294 2887 eorrigentes,
3339 2814 3537 2869 Sacer-

1950 2918 2169 2973 dotibus
2216 2915 2539 2985 permissum
2581 2920 2685 2967 est.
2720 2909 2853 2964 Nam
2900 2910 3063 2964 etiam
3131 2906 3391 2960 Dominus
3443 2918 3541 2958 eos

1952 3009 2129 3078 quiin
2166 3006 2394 3076 Templo
2431 3004 2767 3066 vendebant,
2808 3010 2863 3055 et
2907 3000 2959 3055 in
3006 2998 3178 3054 Deum
3222 2995 3538 3067 peccabant,

240 3092 375 3144 Ὀτι
410 3090 510 3145 καὶ
546 3092 575 3144 ὁ
601 3091 809 3163 Κύριος
828 3094 962 3157 τοὺς
984 3095 1043 3148 ὲν
1076 3094 1153 3165 τῷ
1190 3094 1321 3165 ίερῷ
1366 3094 1847 3165 ὲμποριυομένους

1953 3101 2164 3173 ﬂagello
2190 3099 2497 3168 percutiens
2521 3096 2722 3165 exegit.
2754 3093 2897 3165 Lege
2929 3092 3093 3146 etiam
3121 3105 3319 3144 nonum
3370 3103 3538 3142 eano-

238 3184 345 3239 καὶ
373 3185 458 3246 εἰς
485 3184 549 3236 τὸ
575 3183 724 3239 θεῖον
761 3185 1182 3255 ἁμαρτάνοντας
1210 3188 1289 3257 τῷ
1320 3187 1677 3259 φραγγελλίῳ
1706 3188 1846 3240 τύπ-

238 3289 360 3326 των
389 3272 683 3343 ἐξήλασεν.
711 3271 1016 3343 ’Δνάγνωθι
1071 3275 1169 3329 καὶ
1201 3274 1294 3329 τὸν
1328 3275 1377 3329 6³
1421 3275 1627 3328 κανόνα
1660 3274 1759 3344 τῆς
1789 3276 1849 3329 ιν

240 3362 326 3431 τῷ
353 3363 471 3431 ναῷ
504 3363 615 3415 τῶν
659 3362 863 3432 Ἀγίων
896 3365 1248 3421 ’Δποστόλων
1278 3366 1558 3437 συστάσης
1597 3365 1845 3432 συνόδου,

241 3455 346 3510 καὶ
374 3454 685 3524 λεγομένης
704 3462 753 3508 α’
779 3456 875 3509 καὶ
904 3455 972 3526 β’.

314 3546 569 3600 ΖΩΝΑΡ.
605 3545 666 3601 ’0
692 3535 900 3617 Κύριος
928 3547 1088 3617 ἡμῶν
1114 3547 1210 3601 καὶ
1234 3547 1390 3612 Θεὸς,
1420 3548 1551 3611 τοὺς
1595 3546 1849 3619 μαθητάς

244 3638 531 3693 διετάσκων
562 3636 665 3700 τὰς
704 3636 903 3691 ἑαυτοῦ
928 3637 1171 3703 ἐντολὰς,
1209 3639 1341 3711 ἔφη’
1376 3640 1450 3695 Ἀ
1479 3639 1636 3709 λέγω
1683 3640 1849 3710 ὑμῖν,

248 3728 403 3787 πᾶσι
434 3729 615 3799 λέγω.
644 3729 766 3783 Τῶν
788 3729 848 3784 δὲ
875 3729 1038 3785 θείων
1066 3730 1234 3786 αὐτοῦ
1279 3730 1513 3785 ἐντολῶν
1536 3733 1643 3785 εἰσι
1672 3732 1768 3786 καὶ
1794 3731 1850 3785 al

250 3822 587 3877 κελεύουσαι
615 3820 695 3892 τῷ
711 3821 975 3875 τύπτοντι
999 3822 1100 3893 τὴν
1130 3822 1316 3887 δεξιὰν
1339 3822 1568 3892 σιαγόνα
1594 3823 1850 3894 στρέφειν

251 3912 350 3965 καὶ
380 3911 487 3981 τὴν
512 3911 838 3983 ἀριστερὰν,
861 3912 959 3967 καὶ
987 3912 1066 3981 τῷ
1090 3913 1502 3990 ,ἀφαιρουμένῳ
1530 3914 1592 3967 τὸ
1632 3915 1849 3984 ἱμάτιον

252 4002 350 4054 καὶ
395 4000 493 4053 τὸν
524 4000 733 4069 χιτῶνα
779 4001 1287 4071 προσαποδύεσθαι.
1318 4002 1384 4057 Εἰ
1417 4003 1476 4057 δὲ
1515 4005 1652 4056 πᾶσι
1679 4003 1856 4058 ταῦτα

254 4091 608 4156 ἐντέταλται,
634 4090 815 4162 πολλῷ
860 4091 1024 4145 πλέον
1058 4093 1212 4163 παρὰ
1242 4093 1353 4147 τῶν
1395 4094 1713 4164 ἱερωμένων
1742 4111 1847 4163 φυ-

254 4180 554 4235 λάττεσθαι
602 4180 743 4234 αὐτὰ
786 4181 917 4253 χρὴ,
965 4181 1034 4234 ἶν’
1087 4176 1200 4235 εἷεν
1253 4182 1351 4236 καὶ
1374 4184 1487 4245 τοῖς
1506 4182 1689 4245 ἄλλοις
1710 4183 1852 4237 ὐπο-

253 4272 545 4343 γραμμὸς,
587 4273 686 4327 Διὰ
714 4272 875 4327 τοῦτο
913 4273 1054 4328 καὶὸ
1082 4272 1276 4344 παρὼν
1303 4272 1484 4329 κανὼν
1515 4273 1856 4345 ἀπαγορεύει

252 4368 367 4429 τοῖς
414 4365 747 4430 ἐπισκόποις
777 4368 875 4420 καὶ
920 4366 1034 4430 τοῖς
1082 4365 1294 4430 λοιποῖς
1337 4368 1400 4422 τὸ
1442 4367 1676 4423 τύπτειν
1727 4369 1856 4433 τοὺς

1952 3209 2076 3249 nem
2114 3208 2234 3264 syn.
2266 3196 2602 3259 congregatae
2644 3189 2699 3240 ln
2744 3185 2858 3239 sede
2892 3183 3218 3238 Sanctorum
3251 3178 3539 3250 Apostolo-

1950 3303 2094 3352 rum,
2124 3295 2178 3341 et
2200 3298 2321 3355 «tum
2357 3282 2532 3353 prima
2564 3288 2619 3336 et
2648 3277 2886 3335 secunda
2921 3276 3064 3331 dicta
3092 3283 3197 3331 est.

2023 3549 2277 3609 ZONAR.
2316 3549 2583 3606 Dominus
2628 3555 2834 3613 nOSIer,
2877 3553 3038 3615 atque
3078 3543 3219 3597 Deus
3269 3538 3540 3608 discipulo

1953 3646 2155 3699 docens
2177 3641 2432 3698 mandata
2477 3653 2575 3695 sua
2611 3638 2693 3693 sic
2718 3637 2795 3691 ait
2828 3653 2844 3690 :
2877 3634 3006 3702 Qtue
3054 3634 3178 3687 dico
3205 3631 3378 3694 vobis,
3419 3645 3543 3683 otn-

1954 3740 2115 3793 nibus
2139 3736 2284 3792 dico.
2314 3734 2632 3789 Divinarum
2666 3746 2796 3787 vero
2818 3730 3197 3785 mandatorum
3232 3726 3353 3791 ejus
3389 3737 3541 3787 quae—

1954 3831 2077 3885 dam
2126 3827 2445 3899 praecipiunt
2477 3825 2764 3881 obvertere
2794 3822 3073 3877 sinistram
3100 3817 3375 3873 maxillam
3408 3829 3536 3884 per-

1953 3914 2184 3975 cutienti
2215 3919 2538 3980 dexteram;
2568 3922 2624 3967 et
2658 3911 2922 3967 anl‘ereuti
2955 3909 3201 3980 pallium,
3230 3906 3451 3973 insuper
3481 3912 3538 3956 et

1956 4012 2191 4067 tunicam
2222 4008 2482 4065 exuere‘.
2513 4006 2665 4071 Quod
2696 4006 2739 4059 si
2774 4005 3025 4058 mandata
3057 4009 3184 4055 sunt
3226 4000 3337 4051 haec
3359 3997 3541 4050 omni-

1955 4103 2079 4168 bus,
2109 4103 2278 4157 multo
2327 4101 2500 4171 magis
2540 4107 2755 4168 oportet
2785 4112 2812 4149 a
2838 4096 3068 4150 sacratis
3122 4090 3400 4145 observari
3438 4087 3543 4141 mi-

1959 4195 2162 4256 nistris,
2193 4203 2246 4245 ut
2276 4192 2387 4246 sint
2420 4190 2541 4244 aliis
2575 4188 2841 4255 exemplo.
2870 4185 3233 4252 Quamobrem
3261 4219 3273 4233 .
3300 4192 3539 4249 prteseus

1958 4300 2136 4340 canon
2166 4291 2318 4339 vetat
2349 4281 2637 4352 episcopis,
2669 4279 3022 4349 reliquisque,
3049 4290 3116 4329 ne
3139 4274 3426 4327 verberent
3448 4284 3543 4323 eos

1960 4378 2067 4449 qui'
2106 4392 2168 4432 se
2207 4375 2553 4438 oﬂ‘ettderint,
2606 4371 2789 4427 ﬁdeles
2816 4411 2831 4436 ,
2882 4379 2977 4422 aut
3026 4365 3292 4422 inﬁdeles.
3336 4362 3545 4432 Repre-

253 4457 716 4526 άμαρτήσαντις,
774 4457 882 4509 κᾶν
960 4457 1146 4510 πιστοὶ
1216 4452 1350 4524 εἷεν,
1414 4458 1523 4513 κᾶν
1592 4446 1839 4513 ἄπιστοι.

1953 4446 2191 4525 Ιιέιιιιετθ
2228 4468 2448 4537 quidem
2482 4464 2683 4519 debent
2723 4476 2838 4526 eos,
2875 4459 2969 4529 qui
3018 4472 3115 4528 per
3152 4455 3400 4523 injuriazn
3436 4468 3536 4504 no-

267 4549 557 4619 Ἐλέγχειν
608 4549 715 4621 γὰρ
755 4550 886 4613 τοὺς
945 4549 1273 4615 ἀδικοῦντας
1317 4550 1514 4616 ἄλλους
1566 4552 1849 4622 ὀφείλουσι

255 4642 351 4696 καὶ
382 4641 754 4711 προΐστασθαι
785 4641 898 4696 τῶν
922 4641 1320 4713 ἀδικουμένων.
1362 4643 1520 4698 Ἐπεὶ
1551 4645 1650 4698 καὶ
1678 4644 1851 4714 Τιμο-

256 4732 366 4802 θέῳ
414 4733 636 4795 Παῦλος
660 4735 688 4786 ὁ
722 4734 905 4803 μέγας
933 4734 1246 4789 ἐντέλλεται
1273 4739 1400 4800 τοὺς
1424 4734 1851 4805 ἁμαρτάνοντας

254 4824 529 4893 ἐλέγχειν,
564 4824 652 4877 ἵνα
681 4827 776 4878 καὶ
795 4826 844 4878 oi
872 4826 1055 4879 λοιποὶ
1084 4827 1249 4897 φόϐον
1272 4825 1473 4899 ἔχωσιν
1495 4843 1512 4861 ο
1533 4829 1765 4891 ἑαυτοὺς
1793 4828 1853 4882 δὲ

255 4915 499 4968 ἐκδικεῖν
524 4914 849 4971 κωλύονται.
871 4918 1136 4988 Μιμητὰς
1165 4918 1275 4989 γὰρ
1298 4918 1405 4991 χρὴ
1430 4917 1524 4972 τοῦ
1539 4918 1749 4990 Κυρίου
1774 4917 1854 4972 εἲ-

256 5023 366 5069 ναι,
379 5007 439 5070 ὃς
452 5008 854 5064 ἀνταποδοῦναι
872 5012 986 5075 τοῖς
1001 5012 1082 5073 είς
1100 5011 1265 5065 αὑτὸν
1287 5011 1689 5081 ἐμπαροινοῦσι
1703 5011 1865 5077 δυνά,

261 5116 424 5167 μενος
439 5100 948 5169 ούκιάνταπεδίδου,
969 5103 1106 5157 ἀλλὰ
1125 5106 1223 5159 καὶ
1241 5104 1590 5175 ύπερηύχετο
1607 5105 1857 5158 ἐκείνων.

259 5190 401 5254 Τοὺς
426 5191 487 5245 δὲ
523 5193 585 5243 ὲν
611 5193 691 5264 τῷ
719 5194 849 5265 ίερῷ
874 5197 1380 5267 ὲμπορευομένους,
1403 5196 1479 5261 ὡς
1497 5198 1578 5262 είς
1612 5196 1674 5250 τὸ
1714 5197 1858 5249 θεῖον

259 5280 708 5381 ἁμαρτάνοντας,
766 5285 847 5356 τῷ
911 5288 1267 5360 φραγγελλίῳ
1323 5289 1582 5354 τύπτων,
1637 5288 1850 5344 ἐκεῖθεν

332 5465 353 5496 ³
383 5460 582 5518 Matth.
609 5479 662 5528 v,
700 5463 789 5521 39.
868 5465 889 5498 ³
916 5467 1046 5523 ibid.
1073 5468 1167 5523 40.

1963 4567 2094 4614 cent
2123 4557 2246 4613 aliis
2272 4597 2289 4622 ,
2317 4558 2387 4611 ad
2420 4552 2718 4609 defendere
2752 4550 2936 4619 inique
2968 4560 3283 4616 oppressos.
3315 4542 3447 4596 Nam
3488 4549 3543 4595 et

1966 4650 2255 4707 Timotheo
2304 4660 2534 4716 magnus
2604 4642 2694 4697 ille
2750 4640 2947 4694 Paulus
2989 4637 3249 4707 praecepit
3315 4647 3549 4703 arguere

1959 4751 2267 4814 peccantes,
2299 4748 2358 4793 ut
2387 4736 2573 4792 czeteri
2602 4744 2801 4789 metum
2847 4732 3078 4786 habeant
3124 4746 3138 4783 :
3171 4730 3380 4796 seipsos
3437 4740 3542 4814 au-

1963 4806 2068 4887 tem
2117 4830 2305 4887 ulcisci
2343 4826 2725 4899 prohibentur.
2774 4823 3077 4877 imitatores
3132 4819 3277 4873 enim
3327 4806 3543 4871 Domini

1971 4924 2225 4980 convenit
2280 4934 2449 4976 esse:
2496 4918 2585 4987 qui
2633 4932 2756 4971 cum
2805 4922 2985 4984 posset
3030 4910 3440 4967 insultantibus.
3493 4915 3548 4961 et

1972 5015 2206 5070 ludibrio
2260 5026 2321 5066 se
2376 5009 2700 5066 habentibus
2748 5007 3004 5061 talionem
3050 5002 3371 5072 rependere,
3440 5011 3546 5052 non

1974 5106 2260 5170 reddebat;
2310 5104 2420 5159 imo
2471 5116 2569 5171 pro
2599 5100 2798 5154 talibus
2829 5096 3041 5152 orabat.
3095 5093 3150 5159 In
3173 5092 3368 5161 templo
3418 5105 3546 5143 vero

1974 5194 2336 5265 negotiantes,
2385 5191 2517 5244 utin
2558 5189 2798 5243 divinam
2850 5194 3138 5253 peccantes
3184 5180 3544 5248 maiestatem,

1960 5284 2173 5356 ﬂagello
2217 5284 2510 5339 verberans
2541 5280 2665 5335 inde
2691 5275 2915 5347 expulit,
2952 5289 3015 5328 ac
3051 5269 3423 5343 reprehendit,
3458 5269 3547 5321 in-

1498 5557 1687 5620 Guill.
1734 5556 2056 5633 Beveregii
2101 5561 2292 5616 uoltu.

328 5685 442 5753 (40)
476 5685 872 5740 Ἑπίσκοπον.
899 5684 1253 5749 Justinianus,
1297 5687 1437 5741 Ἀλλ’
1464 5687 1587 5741 οὐδὲ
1616 5686 1846 5749 οἰκείαις

263 5757 450 5828 χερσὶν
484 5757 693 5823 ἐξέστω
723 5758 1015 5824 ἐπισκόπῳ
1054 5756 1174 5810 τινὰ
1226 5757 1485 5828 πλήττειν
1511 5775 1525 5791 υ
1555 5758 1714 5812 τοῦτο
1742 5762 1851 5826 γὰρ
1884 5788 1887 5791 -

1956 5680 2238 5750 ἀλλότριόν
2275 5681 2367 5735 ἐπὶ
2403 5680 2615 5749 ἱερέων.
2646 5672 3186 5750 Jttstittia_tt.,_novel.
3240 5671 3361 5740 l25,
3385 5685 3436 5727 c.
3478 5675 3537 5730 2.

1962 5752 2095 5809 Vide
2119 5744 2277 5809 Joan.
2309 5744 2559 5807 Antioch.
2602 5764 2816 5805 ttOttht’.
2844 5748 2929 5801 tit.
2971 5744 3057 5800 l5.
