4056 6406
470 261 587 325 307

1702 260 1981 320 THEOD.
2016 260 2421 322 BALSAMON

3646 261 3755 327 108

484 381 656 450 gratia
682 415 699 445 ,
741 374 882 445 quod
933 376 1113 439 multa!
1153 372 1400 427 civitates
1445 380 1668 442 propter
1705 375 1945 440 gentium
1997 372 2060 425 int

2194 374 2366 435 ἐθνῶν
2401 373 2703 446 ἐπιδρομὴν
2739 374 3196 429 ἀνεπισκόπευτοι
3276 375 3554 446 μένουσαι,
3610 381 3758 432 κατά

489 472 802 527 cursionem
836 470 1038 537 absque
1090 467 1358 537 t‘plSCOpls
1391 478 1703 531 manentes,
1745 465 2078 520 mconomica

2187 464 2343 533 λόγον
2376 463 2690 537 οἳκονομίας
2728 466 3044 529 ἐπισκόποις
3086 467 3293 537 ἑτέροις
3331 470 3759 537 προσανατίθεν-

480 564 694 617 ratione
728 561 847 614 aliis
878 558 1147 628 episcopis
1172 557 1279 641 23
1310 558 1695 625 attribuuntur.
1727 555 1783 612 Si
1815 572 1942 627 ergo
1964 557 2060 626 pri-

2179 573 2293 612 ται.
2327 559 2389 613 Εἰ
2417 557 2551 628 γοῦν
2582 559 2610 611 ὁ
2636 559 2857 630 πρῶτος
2894 561 2985 629 ὑφ’
3013 558 3074 612 ὃν
3110 554 3272 614 αὗται
3322 560 3569 629 τελοῦσι,
3628 562 3758 632 δίχα

487 668 606 707 mus
636 652 736 705 sub
770 662 876 721 quo
904 650 985 702 Ine
1028 658 1169 709 sunt,
1203 650 1319 703 sine
1342 650 1605 703 sententia
1629 663 1812 703 eorum
1833 649 1922 716 qui
1953 657 2077 702 sunt

493 745 778 800 ministerii
825 742 1124 819 adjutores,
1178 742 1316 796 hanc
1364 742 1788 809 ,attributioncm
1842 741 2070 808 fecerit,

489 836 937 907 reprehendetur.
970 835 1242 904 Ejusmodi
1278 844 1401 889 sunt
1444 850 1532 889 res
1576 834 1755 905 magni
1785 834 2069 900 momenti,

492 930 637 985 etde
666 930 731 984 iis
760 929 948 983 delinit
987 944 1180 982 canon.
1221 926 1335 987 Non
1391 940 1551 996 posse
1595 938 1775 980 autem
1828 926 2061 997 primum

482 1022 775 1091 quidquam
824 1022 1004 1076 facere
1046 1022 1163 1076 sine
1202 1020 1472 1076 sententia
1519 1019 1894 1091 episcoporum
1934 1034 2064 1077 suo-

484 1132 625 1177 rum.
659 1131 727 1169 ne
754 1114 957 1168 dixeris
991 1128 1110 1168 esse
1152 1112 1499 1182 intelligenda
1547 1113 1613 1166 de
1659 1113 1912 1167 omnibus
1942 1126 2064 1180 qua:

487 1207 554 1262 ab
587 1207 675 1261 ille
707 1206 953 1261 facienda
996 1215 1142 1272 sunt,
1178 1206 1270 1261 sed
1302 1204 1370 1258 de
1404 1204 1469 1258 iis
1516 1212 1726 1263 tantum
1772 1218 1891 1273 quae
1938 1213 2067 1258 sunt

491 1295 667 1364 magni
701 1295 979 1349 momenti.
1010 1293 1064 1348 Si
1090 1293 1232 1347 enim
1259 1294 1357 1347 hoc
1385 1293 1609 1359 dixeris,
1634 1293 1679 1347 is
1705 1293 1795 1363 qui
1825 1293 2061 1359 ordinat,

491 1387 538 1441 ei
574 1387 663 1456 qtti
702 1386 1004 1451 ordinatur,
1055 1384 1284 1448 suberit,
1317 1399 1439 1438 cum
1487 1384 1534 1439 is
1578 1383 1795 1453 quidem
1840 1382 2062 1437 omnino

481 1480 832 1546 prohibeatur
861 1479 1066 1547 absque
1090 1475 1356 1531 sententia
1381 1489 1569 1535 eorum
1595 1475 1685 1545 qni
1718 1475 1766 1529 ei
1798 1475 2055 1539 subsunt,

474 1570 683 1639 aliquid
718 1585 876 1639 agere
916 1585 932 1622 :
972 1569 1046 1622 illi
1077 1581 1209 1621 vero
1245 1566 1403 1635 primi
1440 1566 1725 1636 praesentia
1756 1566 1821 1620 ad
1844 1577 2050 1623 calau-

2178 650 2407 721 γνώμης
2433 651 2540 704 τῶν
2610 651 3051 722 συλλειτουργῶν
3122 652 3290 707 αὑτοῦ
3341 652 3442 723 τὴν
3500 644 3760 707 ἀνάθεσιν

2175 740 2383 795 τούτων
2414 742 2658 812 ποιήσει,
2708 743 3116 813 αἰτιαθήσεται.
3186 744 3427 798 Τοιαῦτά
3505 747 3611 797 εἱσι
3686 747 3760 798 τὰ

2173 835 2432 903 περιττὰ,
2464 835 2559 893 καὶ
2591 835 2722 907 περί
2776 834 2984 888 τούτοιν
3014 838 3042 889 ὁ
3080 835 3264 888 κανὼν
3321 837 3640 908 διορίζεται.
3681 840 3759 892 Τὸ

2171 926 2229 980 δὲ
2271 928 2349 994 μὴ
2383 927 2647 998 πράττειν
2675 945 2729 979 τι
2771 928 2863 981 τὸν
2893 929 3115 999 πρῶτον
3171 930 3300 981 ἄνευ
3365 931 3463 999 τῆς
3526 932 3759 1011 γνὼριης

2172 1018 2283 1079 τῶν
2310 1018 2629 1073 ἐπισκόπων
2654 1016 2824 1069 αὐτοῦ
2864 1018 2940 1089 μὴ
2965 1019 3128 1089 εἴπῃς
3158 1019 3400 1073 νοεῖσθαι
3422 1020 3501 1083 είς
3531 1020 3757 1075 ἅπαντα

2168 1106 2237 1160 τὰ
2263 1106 2415 1175 παρά
2443 1106 2637 1158 τούτου
2662 1106 2917 1173 γίνεσθαι
2997 1107 3291 1177 μέλλοντα,
3343 1106 3458 1159 ἀλλ’
3493 1109 3574 1170 είς
3618 1109 3761 1178 μόνα

2167 1198 2239 1252 τὰ
2270 1198 2524 1270 περιττά.
2579 1198 2641 1251 El
2667 1182 2776 1267 γὰρ
2813 1196 2975 1251 τοῦτο
3011 1198 3196 1268 εἴπῃς,
3245 1198 3758 1268 ὑποϐιὸασθήσεται

2166 1290 2543 1361 δχειροτονῶν
2573 1289 2669 1341 τοῦ
2705 1289 3199 1359 χειροτονουμένου
3233 1304 3247 1319 ο
3306 1289 3383 1351 ὼς
3434 1288 3623 1342 τούτου
3650 1292 3756 1360 μὲν

2170 1381 2509 1445 κωλυθέντος
2540 1383 2860 1436 παντάπασι
2901 1384 3076 1434 ποιεῖν
3112 1397 3165 1433 τι
3201 1381 3325 1451 δίχα
3382 1381 3609 1451 γνώμης
3645 1383 3756 1435 τῶν

2175 1473 2267 1526 ὐπ’
2291 1473 2483 1538 αὐτὸν,
2522 1472 2745 1525 ἐκείνων
2778 1472 2837 1526 δὲ
2874 1472 3149 1540 δεομένων
3198 1473 3299 1542 τῆς
3378 1472 3474 1527 τοῦ
3531 1473 3754 1544 πρώτου

2166 1567 2473 1637 παρουσίας
2493 1569 2575 1631 εἰς
2603 1567 2736 1637 μόνα
2776 1566 2843 1619 τὰ
2864 1567 3115 1638 περιττὰ,
3149 1570 3288 1638 ὅπερ
3312 1566 3539 1620 ἄτοπον.

481 1678 592 1720 ttnn
627 1683 745 1736 qua:
793 1672 918 1719 sunt
951 1664 1127 1737 magni
1168 1663 1422 1719 momenti
1466 1674 1600 1733 Opus
1643 1662 1897 1727 habeant,
1959 1661 2103 1733 quod
2142 1672 2224 1717 est
2249 1663 2563 1723 absurdum.
3675 1732 3680 1736 _

554 1758 809 1814 ZONAR.
842 1753 1307 1824 Quemadmodum
1336 1769 1589 1823 corpora,
1620 1754 1746 1807 dum
1777 1763 1937 1823 caput
1966 1767 2056 1806 sa-

2232 1754 2477 1815 ΖΩΝΑΡ.
2524 1754 2738 1825 Ὥσπερ
2795 1754 2863 1817 τὰ
2932 1751 3184 1823 σώματα,
3256 1753 3328 1823 μὴ
3389 1753 3489 1821 τήν
3547 1754 3757 1808 οἰκείαν

478 1869 605 1907 nam
637 1852 744 1905 vim
776 1864 928 1904 suam
963 1848 1188 1913 minime
1214 1855 1523 1912 conservat,
1577 1846 1715 1899 male
1767 1854 2057 1899 moventur

476 1954 574 2001 aut
600 1943 821 2000 omnino
840 1949 965 1997 sunt
986 1939 1193 1997 inutilia
1223 1955 1239 1995 :
1268 1939 1346 1994 sic
1371 1940 1535 1999 etiam
1560 1952 1756 2009 corpus
1774 1936 2055 2001 Ecclesiae,

480 2039 526 2091 si
560 2051 687 2102 non,
723 2033 815 2104 qui
842 2031 888 2086 ei
918 2038 1129 2101 praeest,
1160 2040 1214 2084 et
1250 2029 1442 2083 ordine
1466 2036 1619 2101 certo
1642 2042 1841 2082 munus
1870 2026 2059 2097 implet

480 2129 698 2199 capitis,
729 2129 783 2181 in
814 2140 915 2181 suo
934 2130 1283 2180 conservetur
1310 2122 1541 2192 honore,
1566 2104 2059 2189 intemperanteret

480 2220 755 2275 incondite
785 2215 1235 2273 commovebitur.
1274 2212 1589 2284 Propterea,
1621 2226 1858 2281 prmsens
1884 2226 2057 2265 canon

472 2313 685 2382 primos
713 2309 975 2381 cujusque
1000 2305 1294 2377 provinciae
1338 2304 1648 2374 episcopos,
1687 2300 2061 2371 metropolita-

470 2417 581 2457 ‘nos
608 2400 861 2455 videlicet
892 2396 1350 2466 archiepiscopos,
1383 2393 1609 2449 aliorum
1640 2407 1737 2463 per
1756 2407 1875 2446 eam
1923 2407 2061 2461 pro«

479 2492 714 2547 vinciam
769 2490 1147 2560 episcoporum
1197 2494 1358 2554 caput
1407 2484 1706 2539 existimari
1757 2483 1939 2553 jubet;
1998 2496 2062 2537 ac

482 2585 604 2639 sine
631 2583 736 2637 illis
782 2594 941 2650 agere
977 2578 1134 2643 nihil,
1181 2578 1321 2647 quod
1371 2575 1629 2632 Ecclesiae
1679 2584 1881 2631 statum
1913 2590 2066 2631 com-

484 2687 700 2732 munem
731 2672 984 2741 respiciat
1016 2688 1031 2725 :
1060 2668 1362 2738 cuiusmodi
1392 2677 1539 2731 sunt,
1563 2668 1885 2740 dogmatiete
1912 2683 2061 2737 quae-

480 2767 719 2837 stiones,
756 2778 919 2833 super
969 2763 1165 2817 erratis
1212 2760 1595 2819 communibus
1652 2760 2057 2831 dispositiones,

484 2857 801 2929 pontiﬁcum
852 2855 1286 2918 constitutiones,
1318 2863 1373 2910 et
1421 2868 1542 2924 quae
1596 2862 1723 2908 sunt
1771 2853 2057 2923 ejusmodi.

478 2948 559 3003 De
594 2947 717 3003 istis
753 2956 931 3001 autem
967 2945 1038 3001 ad
1071 2960 1193 3001 eum
1222 2943 1607 3000 convenientes
1646 2942 1978 3007 consultare,
2008 2949 2064 2999 et

472 3041 623 3111 quod
669 3039 923 3094 omnibus
980 3037 1244 3107 optimum
1305 3035 1552 3090 videatur
1609 3035 1979 3090 determinare
2043 3051 2057 3089 :

2159 1848 2440 1917 ἐνέργειαν
2487 1848 2619 1915 ὑγιᾶ
2672 1845 2955 1915 σωζούσης
2984 1847 3079 1915 τῆς
3103 1846 3372 1915 κεφαλῆς,
3406 1848 3754 1918 πλημμελῶς

2157 1938 2455 2002 κινοῦνται,
2497 1938 2529 2010 ἢ
2561 1939 2656 1992 καὶ
2684 1938 2932 2008 ἀχρηστά
2962 1938 3066 1991 είσι
3101 1937 3380 2001 παντελῶς
3407 1955 3421 1968 ·
3449 1939 3590 1993 οὕτω
3636 1943 3730 1994 καὶ

2152 2030 2221 2082 τὸ
2252 2030 2415 2099 σῶμα
2445 2030 2545 2099 τῆς
2574 2029 2929 2100 Ἐκκλησίας,
2948 2030 2997 2093 εἰ
3031 2029 3106 2098 μὴ
3137 2030 3165 2082 ὁ
3196 2029 3498 2099 πρωτεύων
3529 2032 3750 2098 τούτου,

2159 2123 2252 2175 καὶ
2285 2119 2438 2193 τάξ-ιν
2484 2119 2707 2191 πληρῶν
2738 2120 2985 2191 κεφαλῆς
3034 2121 3128 2175 ἐπὶ
3171 2121 3270 2191 τῆς
3304 2123 3514 2187 οἰκείας
3559 2124 3753 2196 διατη-

2162 2213 2311 2281 ροῖτο
2337 2212 2526 2282 τιμῆς,
2556 2212 2809 2277 ἀτάκτως
2840 2214 2935 2265 καὶ
2969 2212 3307 2284 πλημμελῶς
3361 2215 3745 2284 κινηθήσεται.

2160 2305 2260 2360 Διά
2312 2304 2471 2359 τοῦτο
2516 2308 2544 2359 ὁ
2595 2306 2789 2375 παρὼν
2820 2306 3005 2359 κανὼν
3034 2308 3160 2371 τοὺς
3186 2306 3425 2375 ἑκάστης
3476 2307 3754 2378 ἐπαρχίας

2163 2395 2411 2466 πρώτους
2446 2397 2805 2463 ἑπισκόπους,
2853 2398 2979 2463 τοὺς
3006 2398 3115 2452 τῶν
3149 2401 3533 2471 μητροπόλεων
3562 2402 3757 2466 δηλον-

2158 2488 2246 2543 ότι
2297 2490 2597 2562 ἀρχιερεῖς,
2671 2488 2918 2559 κεφαλὴν
2965 2490 3224 2559 ἡγεῖσθαι
3258 2490 3364 2543 ὑπὸ
3415 2492 3525 2544 τῶν
3574 2493 3755 2548 ἄλλων

2163 2580 2482 2634 ἐπισκόπων
2514 2580 2615 2651 τῆς
2645 2579 2816 2650 αὐτῆς
2846 2580 3141 2651 ἐπαρχίας,
3168 2581 3406 2647 κελεύει,
3434 2582 3530 2635 καὶ
3581 2586 3754 2653 χωρὶς

2164 2673 2391 2728 ἐκείνων
2433 2672 2603 2745 μηδὲν
2632 2675 2830 2740 ποιεῖν,
2860 2672 2889 2726 δ
2918 2675 2996 2736 είς
3033 2672 3218 2744 κοινὴν
3248 2674 3431 2746 ἀφορᾷ
3472 2676 3571 2747 τῆς
3629 2677 3758 2729 Ἐκ-

2167 2766 2399 2837 κλησίας
2460 2766 2815 2830 κατάστασιν.
2878 2762 2993 2822 οἷον
3048 2768 3307 2839 ζητήσεις
3364 2767 3751 2839 δογματικὰς,

2165 2858 2479 2930 οἰκονομίας
2527 2859 2658 2931 περὶ
2696 2859 3030 2930 σφαλμάτων
3093 2859 3312 2922 κοινῶν,
3382 2862 3754 2923 καταστάσεις

2162 2950 2491 3023 ἀρχιερέων,
2544 2950 2639 3004 καὶ
2686 2951 2785 3003 ὅσα
2833 2951 3083 3006 τοιαῦτα.
3142 2952 3305 3005 Ἀλλά
3360 2952 3492 3023 περὶ
3544 2953 3752 3007 τούτων

2166 3040 2358 3113 ἐκείνῳ
2399 3040 2679 3105 συνιόντας
2731 3040 3276 3108 συνδιασκέπτεσθαι,
3331 3045 3426 3097 καὶ
3471 3045 3530 3098 τὸ
3583 3048 3753 3099 πᾶσιν

479 3108 922 3203 unumquemque
948 3144 1100 3197 vero,
1137 3138 1295 3198 prout
1321 3128 1422 3199 ipsi
1454 3129 1625 3183 visum
1658 3125 1845 3193 fuerit,
1874 3127 2055 3183 eccle-

2164 3108 2386 3206 ἄριστον
2413 3134 2571 3199 δόξαν
2598 3134 2955 3205 ψηφίζεσθαι·
2986 3135 3218 3193 ἕκαστον
3243 3136 3298 3189 δὲ
3343 3137 3443 3201 τὰς
3482 3140 3581 3207 τῆς
3611 3140 3751 3202 ίδίας

480 3224 575 3278 sia:
608 3223 863 3292 proprias,
902 3222 1357 3289 subditorumqne
1390 3220 1493 3275 sibi
1530 3220 1777 3275 locorum
1823 3219 2061 3289 peculia-

481 3317 615 3371 riter
644 3314 1168 3369 administrationem
1202 3326 1411 3382 gerere.
1441 3312 1545 3366 Sed
1604 3325 1670 3366 ne
1724 3312 1902 3381 primo
1935 3311 2057 3380 qui-

479 3408 607 3471 dem
646 3407 903 3477 episcopo
934 3404 1205 3471 concedit,
1267 3412 1322 3457 ut
1380 3404 1583 3459 honore
1637 3402 1866 3457 abutens
1919 3403 2060 3456 hunc

482 3509 650 3555 mutet
680 3500 734 3553 in
771 3497 1089 3562 dominium,
1113 3505 1167 3563 et
1193 3497 1281 3550 nni
1310 3496 1409 3551 sibi
1443 3504 1766 3564 potestatem
1792 3504 2012 3563 arroget
2038 3510 2053 3547 :

464 3590 751 3658 modoque
811 3590 1101 3654 dictorum,
1157 3587 1237 3640 vel
1275 3587 1535 3640 similium
1585 3585 1715 3655 quid
1763 3593 1890 3654 agat
1940 3587 2060 3639 sine

470 3681 755 3736 communi
814 3694 1038 3734 suorum
1096 3677 1545 3739 consacerdotum
1591 3677 1879 3741 sententia.
1934 3673 2061 3729 Vult

458 3775 624 3829 t-enim
676 3771 961 3841 pontiﬁces
1011 3769 1343 3837 consentire,
1382 3768 1801 3837 'charitatisque
1844 3767 2059 3823 vinculo

481 3865 725 3935 colligari
768 3874 874 3921 :et
900 3865 1208 3935 exemplum
1252 3878 1376 3920 esse
1427 3863 1586 3919 Clero
1633 3864 1735 3917 sibi
1787 3862 2053 3932 subjecto,

479 3960 810 4030 repuloqne,
842 3957 1171 4021 dilectionis,
1202 3964 1255 4010 et
1290 3956 1618 4021 concordia).
1670 3954 1739 4009 Ut
1788 3955 1867 4009 sic
1917 3952 2059 4010 Deus

462 4052 813 4122 gloriﬁcetnr
862 4054 1160 4106 secundum
1204 4051 1568 4122 evangelicam
1624 4051 1925 4105 doctrinam
1976 4050 2060 4103 di-

480 4152 692 4199 centem
727 4162 743 4198 ι
780 4143 971 4199 Lucem
1020 4144 1113 4199 lus
1159 4156 1333 4198 vestra
1385 4160 1563 4197 coram
1625 4143 1947 4207 hominibus,
1998 4151 2056 4195 ut

474 4250 638 4303 opera
682 4246 859 4289 vestra
903 4235 1039 4287 bona
1086 4235 1327 4301 videant,
1386 4244 1434 4288 et
1497 4235 1789 4305 gloriﬁcent
1844 4231 2056 4287 Patrem

466 4338 731 4394 oestrum,
770 4327 861 4397 qui
888 4328 945 4380 in
967 4325 1108 4385 cazlis
1134 4337 1210 4381 est
1232 4329 1276 4382 ³.
1323 4312 1729 4391 ϐιοιξίιὶοειρίιιιε
1760 4341 1887 4380 vero
1914 4325 2057 4383 Deus

2163 3226 2457 3295 δκκλησίας
2501 3226 2824 3296 διοικήσεις,
2856 3226 2952 3279 καὶ
2981 3226 3091 3278 τῶν
3140 3226 3519 3296 ὑποκειμένων
3556 3230 3750 3293 αὐταῖς

2160 3314 2354 3387 χωρῶν
2412 3314 2675 3386 πράττειν
2732 3312 3044 3378 ἰδιαζόντως
3110 3314 3232 3367 καθ’
3287 3316 3535 3379 ἑαυτούς.
3599 3318 3749 3389 Πλὴν

2160 3404 2276 3473 ἀλλ’
2306 3404 2426 3459 οὐδὲ
2457 3405 2534 3476 τῷ
2567 3402 2769 3475 πρώτῳ
2813 3404 3102 3476 ὲπισκόπῳ
3155 3408 3482 3478 παραχωρεῖ
3508 3410 3573 3477 τῇ
3608 3413 3745 3481 τιμῇ

2160 3498 2591 3569 καταχρώμενον
2636 3497 2716 3560 εις
2746 3497 3069 3551 δυναστείαν
3102 3497 3308 3567 ταύτην
3341 3500 3615 3569 ἀμείϐειν,
3650 3501 3748 3557 καὶ

2160 3591 2520 3655 ὲναυθεντεῖν,
2554 3589 2649 3641 καὶ
2690 3590 2861 3660 χωρὶς
2890 3587 3118 3659 γνώμης
3159 3589 3349 3660 κοινῆς
3384 3590 3494 3643 τῶν
3523 3592 3745 3645 οἰκείων

2163 3682 2602 3753 συλλειτουργῶν
2666 3682 2842 3749 ποιεῖν
2897 3697 2950 3734 τι
3011 3682 3120 3735 τῶν
3176 3682 3507 3752 εἰρημένων,
3562 3682 3746 3752 ἢτῶν

2158 3777 2360 3846 ὁμοίων
2388 3775 2591 3836 αὑτοξ.
2614 3772 2870 3835 Βούλεται
2888 3773 2997 3843 γὰρ
3022 3775 3266 3844 ὁμονοεῖν
3291 3774 3415 3836 τοὺς
3443 3775 3742 3845 ἀρχιερεῖς,

2159 3866 2254 3920 καὶ
2295 3865 2640 3920 συνδεδέσθαι
2681 3865 2757 3935 τῷ
2806 3865 2909 3934 τῆς
2951 3866 3175 3935 ἀγάπης
3219 3866 3428 3936 δεσμῷ,
3466 3865 3559 3920 καλ⁵
3607 3867 3745 3921 ὑπό-

2157 3958 2354 4029 δειγμα
2403 3959 2540 4028 πρὸς
2587 3958 2811 4027 ἀγάπην
2841 3974 2900 4010 τε
2932 3961 3029 4010 καὶ
3058 3957 3315 4027 ὁμόνοιαν
3372 3960 3485 4020 τοῖς
3518 3959 3610 4011 ὑπ’
3644 3960 3745 4011 αὑ-

2157 4050 2285 4111 τοὺς
2314 4044 2455 4103 εἶναι
2483 4048 2709 4119 κλήροις
2738 4065 2798 4101 τε
2824 4048 2918 4100 καὶ
2949 4050 3064 4110 τοῖς
3096 4048 3380 4119 πλήθεσιν.
3416 4049 3518 4102 Ἶν⁹
3565 4048 3742 4106 οὕτως

2156 4139 2447 4210 δοξάζηται
2489 4141 2518 4193 ὁ
2555 4140 2709 4203 Θεὸς,
2748 4139 2892 4193 κατὰ
2920 4139 3020 4210 τὴν
3052 4139 3423 4211 εὐαγγελικὴν
3478 4141 3742 4194 διδασκα-

2156 4230 2277 4284 λίαν
2333 4230 2434 4297 τὴν
2491 4230 2799 4298 λέγουσαν·
2874 4231 3180 4300 Λαμψάτω
3246 4231 3312 4287 τὸ
3375 4230 3504 4301 φῶς
3571 4232 3742 4300 ὑμῶν

2157 4323 2506 4390 ἔμπροσθεν
2546 4318 2666 4372 τῶν
2693 4320 3041 4388 ἀνθρώπων,
3070 4320 3231 4386 ὅπως
3271 4320 3444 4375 ἴδωσι
3483 4321 3553 4374 τὰ
3586 4322 3742 4377 καλὰ

478 4432 576 4487 per
624 4418 931 4483 Dominum,
987 4433 1113 4473 cum
1161 4434 1321 4472 suum
1364 4432 1559 4473 nomen
1607 4418 1698 4471 ille
1747 4415 2057 4471 manifestat

2164 4411 2330 4480 ὑμῶν
2354 4410 2519 4480 ἔργα,
2551 4411 2647 4464 καί
2688 4410 2999 4476 δοξάσωσι
3039 4412 3147 4465 τὸν
3180 4411 3410 4479 Πατέρα
3439 4410 3608 4480 ὑμῶν
3636 4413 3744 4466 τεν

480 4506 813 4574 hominibus,
854 4509 1079 4579 legeque
1103 4508 1213 4563 lata
1246 4508 1492 4579 praecipit
1530 4509 1874 4563 charitatcm.
1930 4506 2057 4573 Sed,

477 4608 531 4654 et
548 4599 936 4670 gloriﬁcabitur
957 4601 1010 4655 in
1029 4607 1217 4657 sancto
1243 4598 1442 4675 Spiritu
1468 4619 1482 4657 :
1502 4599 1635 4657 Nam
1658 4615 1752 4671 per
1770 4602 1911 4657 hunc
1932 4615 2063 4670 apo-

478 4691 602 4747 stoli
636 4692 913 4762 sapienter.
937 4693 1121 4748 edocti
1155 4692 1391 4759 fuerunt,
1428 4702 1483 4748 et
1523 4702 1711 4763 gentes
1746 4692 2066 4748 docuerunt.

2163 4503 2235 4557 ἐν
2263 4503 2388 4569 τοῖς
2430 4503 2727 4572 οὐρανοῖς.
2770 4504 3173 4575 Δοξαοθήσεται
3217 4503 3273 4556 δὲ
3303 4506 3329 4557 ὁ
3358 4504 3491 4567 Θεὸς
3530 4503 3741 4569 διάτοῦ

2171 4594 2380 4665 Κυρίου
2428 4596 2503 4665 ὡς
2534 4597 2741 4649 ἐκείνου
2790 4596 2852 4649 τὸ
2884 4596 3060 4665 ὄνομα
3102 4595 3270 4653 αὑτοῦ
3323 4594 3744 4666 φανερώσαντος

2174 4692 2287 4753 τοῖς
2330 4688 2659 4758 ἀνθρώποις,
2692 4690 2787 4743 καὶ
2835 4688 2934 4760 τὴν
2982 4689 3205 4757 ἀγάπην
3253 4690 3741 4761 νομοθετήσαντος.

499 4783 591 4836 Ἐν
622 4785 687 4851 ἀγ
701 4783 763 4855 ίῳ
790 4783 846 4837 δὲ
871 4782 1266 4854 δοξασθήσεται
1293 4782 1594 4855 Πνεύματι⁴
1622 4783 1710 4837 διὰ
1736 4784 1924 4837 τούτου
1959 4783 2068 4857 γὰρ
2132 4784 2181 4837 οἱ
2214 4782 2501 4836 ἀπόστολοι
2531 4781 2916 4850 ὲσοφίσθησαν,
2974 4782 3067 4833 καὶ
3128 4779 3196 4833 τὰ
3230 4780 3355 4852 ἐίὶνη
3393 4780 3655 4847 ἐδίδαξαν.

479 4871 709 4929 ARIST.
764 4875 970 4945 Absque
1002 4876 1229 4943 primate
1260 4891 1356 4930 suo
1402 4876 1538 4929 nihil
1585 4885 1747 4947 agunt
1803 4876 2054 4945 episcopi,

550 4964 656 5017 nisi
696 4965 913 5034 quisque.
959 4981 1023 5027 ca
1062 4982 1179 5036 qua:
1225 4973 1347 5023 sunt
1381 4982 1491 5023 sua:
1535 4967 1797 5035 paruerint.
1830 4964 1934 5021 Sed
1964 4983 2056 5020 nec

552 5056 763 5124 prima:
824 5056 1026 5124 aliquid
1082 5060 1195 5128 agit
1241 5059 1352 5112 sine
1386 5059 1518 5124 illis,
1569 5067 1780 5127 propter
1830 5057 2056 5112 debitam

550 5148 906 5213 concordiam.

554 5240 666 5297 Nec
698 5242 939 5314 episcopi
975 5258 1075 5309 nec
1114 5244 1472 5314 metmpolitm
1500 5244 1618 5305 sine
1647 5243 1912 5301 sententia
1947 5242 2058 5312 pri-

485 5335 645 5393 matis
674 5336 758 5391 sui
787 5335 989 5391 debent
1026 5335 1237 5406 aliquid
1276 5339 1457 5407 magni
1489 5339 1747 5395 momenti
1784 5336 1983 5404 facere,
2005 5345 2062 5391 ut

485 5428 765 5497 episcopos
810 5427 1037 5498 eligere,
1102 5428 1154 5481 in
1216 5442 1352 5483 nova
1395 5428 1646 5500 dogmata
1684 5443 1946 5499 quaerere,
1978 5427 2061 5483 vel

473 5520 842 5578 .alienationes
895 5520 1386 5587 ecclesiasticorum
1436 5522 1663 5579 ullornm
1704 5522 1905 5589 facere,
1962 5520 2057 5576 sed

551 5697 575 5733 ι
596 5695 785 5755 stanti.
815 5716 867 5767 ν,
905 5700 994 5754 to.

2162 4874 2385 4933 ΑΡΙΣΤ.
2431 4875 2498 4933 Δί
2501 4890 2581 4941 χιι
2608 4870 2722 4925 τοῦ.
2768 4871 3003 4941 πρώτου
3032 4872 3232 4926 αὐτῶν
3255 4872 3535 4927 ποιοῦσιν
3560 4872 3745 4927 οὐδὲν

2233 4971 2286 5022 οἱ
2331 4967 2653 5023 ἐπίσκοποι
2708 4967 2761 5019 εὶ
2805 4964 2890 5034 μὴ
2938 4965 3009 5018 τὰ
3059 4963 3170 5033 τῆς
3199 4966 3515 5033 παροικίας
3553 4968 3742 5022 αὐτοῦ

2232 5060 2510 5124 ἕκαστος.
2536 5057 2643 5111 Kal
2673 5059 2705 5110 ό
2732 5054 2961 5125 πρῶτος
2995 5055 3133 5124 ἄτερ
3163 5056 3412 5109 ἐκείνων
3438 5057 3619 5112 οὐδὲν
3644 5060 3742 5116 διὰ

2233 5150 2348 5218 τὴν
2377 5150 2779 5221 ὀφειλομένην
2808 5148 3123 5217 ὁμόνοιαν,

2233 5242 2373 5296 (mea
2415 5243 2465 5295 οἱ
2518 5241 2807 5295 ἐπίσκοποι
2857 5239 2983 5294 οὔτε
3039 5242 3091 5295 οἱ
3145 5241 3539 5312 μητροπολίται
3584 5247 3739 5315 παρὰ

2160 5336 2389 5408 γνώμην
2436 5334 2532 5389 τοῦ
2585 5334 2766 5387 αὐτῶν
2819 5333 3040 5406 πρώτου
3074 5332 3353 5402 ὀφείλουσι
3400 5353 3453 5389 τι
3473 5337 3740 5407 -περιττδν

2163 5428 2444 5501 πράττειν,
2474 5420 2587 5483 οἷον
2617 5424 2959 5491 ὲπισκᾶπους¹
2980 5420 3339 5495 ψηφίζεσθαι,
3373 5426 3503 5497 περὶ
3532 5426 3739 5497 δογμάν

2163 5536 2273 5574 των
2328 5516 2466 5574 νέων
2519 5514 2739 5587 ζητεῖν,
2792 5514 2833 5585 ἢ.
2890 5515 3215 5586 ἐκποιήσειςν
3265 5514 3740 5589 ἐκκλησιαστικῶν
