4056 6408
413 278 515 342 111

1700 262 1802 322 ΤΙΙ
1812 259 1979 320 EOD.
2018 259 2141 318 BA]
2152 259 2422 319 .SAMON

3554 260 3669 326 '11?

488 396 604 450 Non
639 391 793 446 debet
826 386 1092 459 quispiam
1133 384 1508 454 episcoporum
1556 383 1707 433 extra
1741 380 1990 445 proprios

2162 374 2274 426 Οὐκ
2303 372 2508 442 ὀφείλει
2549 390 2633 437 τις
2660 372 2769 427 τῶν
2804 373 3125 428 ἐπισκόπων
3151 374 3350 440 ἔξωθεν
3382 372 3491 428 τῶν
3525 372 3672 426 ἰδίων

419 487 677 544 terminos
702 481 1009 553 quempiam
1038 477 1293 533 ordinare
1327 492 1340 527 :
1377 472 1469 541 qui
1523 480 1704 523 autem
1760 468 1860 521 hoc
1911 465 1991 519 fe-

421 578 557 632 cerit
587 584 779 644 pncter
833 569 1155 626 sententiam
1208 563 1445 633 episcopi
1478 560 1569 630 qui
1618 560 1736 613 loco
1771 562 1987 628 prmcst,

384 674 389 679 ’
421 668 728 739 deponitur,
761 674 813 719 et
852 662 969 733 ipse
999 670 1054 714 et
1081 660 1125 713 is
1152 658 1242 727 qui
1275 658 1341 708 ab
1378 671 1443 709 eo
1485 653 1786 705 ordinatur.

936 750 1167 808 CANON
1230 746 1468 803 XXXVI.

416 852 483 906 Si
516 853 625 921 quis
659 850 940 903 ordinatus
977 846 1251 914 episcopus
1309 858 1411 893 non
1455 838 1707 906 suscipiat
1752 836 1992 889 ministe-

496 946 626 997 rium
653 952 701 995 et
744 958 926 994 curam
968 939 1145 1007 populi
1178 935 1276 988 sibi
1315 932 1671 993 commissam,
1713 928 1781 981 sit
1823 943 1993 997 segre-

492 1049 641 1105 galtts
670 1037 831 1089 donec
857 1050 972 1087 eam
1004 1030 1285 1097 susceperit
1316 1044 1331 1080 :
1365 1027 1609 1081 similiter
1632 1038 1675 1078 et
1704 1026 1990 1093 presbyter,

493 1139 538 1179 et
570 1128 848 1178 diaconus.
905 1121 1001 1177 Sin
1056 1130 1228 1173 autem
1279 1118 1542 1185 profectus
1588 1132 1689 1169 non
1725 1124 1993 1183 susceptus

494 1218 676 1289 fuerit,
722 1233 824 1268 non
880 1230 977 1267 sua
1031 1212 1241 1281 quidem
1296 1211 1581 1273 voluntate,
1640 1206 1729 1261 sed
1786 1215 1995 1275 propter

494 1310 674 1379 populi
701 1306 1108 1373 improbitatem,
1128 1303 1235 1371 ipse
1272 1310 1478 1354 maneat
1514 1299 1807 1367 episcopus,
1827 1295 1994 1349 clerus

494 1413 670 1455 autem
689 1400 919 1452 civitatis
937 1405 1250 1467 segregetur,
1277 1395 1414 1463 quod
1439 1391 1697 1462 ejusmodi
1724 1387 1995 1442 insolentis

495 1493 675 1561 populi
702 1500 1011 1545 correctores
1046 1503 1148 1541 non
1184 1486 1407 1556 fuerint.

498 1757 692 1813 BALS.
721 1753 971 1809 Nonnulli
1008 1750 1344 1823 χειροτονίαν
1372 1748 1457 1804 hic
1488 1764 1584 1819 pro
1610 1747 1873 1804 electione
1903 1761 1992 1801 ac-

429 1857 708 1918 ceperunt,
739 1848 1102 1912 dixeruntque
1132 1858 1189 1897 se
1226 1841 1409 1896 mirari
1446 1841 1714 1910 quomodo
1756 1839 1994 1894 nonnulli

431 1940 571 1995 nunc
602 1939 860 2009 temporis
890 1937 955 1991 ad
990 1935 1262 1991 Ecclesias
1309 1933 1489 1999 electi,
1536 1942 1809 1987 recusant.
1845 1931 1995 1986 Prm-

427 2034 797 2089 stantissimus
853 2039 1031 2085 autem
1082 2028 1334 2085 Zonoras
1395 2042 1657 2083 cntionem
1723 2040 1996 2094 exponens

428 2128 637 2193 accepit
687 2123 1024 2196 χειροτονίαν
1077 2138 1173 2190 pro
1231 2138 1485 2176 mammm
1537 2120 1891 2187 impositioue,
1945 2127 2000 2173 et

425 2220 587 2272 etiam
619 2231 718 2285 pro
750 2216 1019 2269 electione.
1057 2212 1169 2280 Ego
1199 2227 1327 2266 vero
1351 2222 1494 2267 recte
1524 2212 1724 2265 habere
1754 2209 2000 2263 animad-

428 2307 582 2368 verti,
610 2307 653 2359 si
702 2304 1004 2375 χειροτονία
1031 2304 1134 2358 hoc
1168 2304 1219 2357 in
1250 2302 1368 2357 loco
1419 2302 1718 2371 accipiatur
1748 2316 1850 2371 pro
1900 2301 2001 2354 im-

430 2382 699 2469 positionc
732 2411 1010 2451 manuum.
1040 2395 1284 2450 Meminit
1315 2396 1457 2449 enim
1479 2395 1919 2465 presbyterorum
1948 2400 2001 2446 et

430 2493 801 2554 diaconorum,
852 2490 942 2559 qui
978 2504 1045 2543 ex
1099 2503 1249 2542 more
1300 2487 1390 2558 qui
1456 2487 1585 2541 'oliui
1661 2486 1997 2552 servabatur,

428 2583 783 2637 mittebantur
806 2581 859 2634 in
890 2580 1025 2635 alias
1054 2580 1302 2649 regiones
1327 2619 1341 2643 ,
1369 2588 1428 2631 ut
1451 2580 1705 2632 docerent
1724 2578 1998 2646 populum.

434 2675 697 2728 Diaconos
734 2681 912 2725 autem
945 2670 1190 2725 ordinari
1235 2668 1475 2739 quidem,
1512 2668 1563 2721 id
1605 2676 1687 2722 est
1722 2669 2001 2721 characte.

434 2782 548 2822 rem
578 2764 874 2833 accepisse,
923 2761 1211 2816 didicimus
1244 2780 1257 2815 :
1290 2760 1411 2831 eligi
1456 2769 1633 2814 autem
1694 2774 1801 2813 non
1843 2759 2000 2813 audi-

437 2860 638 2923 vimus,
666 2858 806 2912 sicut
825 2855 1100 2926 eliguntur
1125 2853 1382 2923 epise0pi,
1412 2863 1463 2906 et
1491 2852 1615 2907 olim
1636 2852 1797 2906 etiam
1816 2867 2001 2907 sacer-

434 2952 610 3016 dotes,
640 2958 699 3004 ut
731 2949 1055 3003 dieitcanon
1087 2947 1153 3000 M
1193 2961 1314 3016 syn.
1360 2943 1702 3000 Laodicenis.
1750 2943 2002 2999 Decernit

2092 466 2232 535 ὅρων
2267 469 2597 536 χειροτονεῖν
2622 483 2765 519 τινα·
2796 469 2824 519 ὁ
2856 467 2909 521 δὲ
2945 467 3105 521 τοῦτο
3146 469 3316 524 ποιῶν
3344 466 3501 537 παρᾶ
3530 466 3673 533 γνώο

2095 577 2203 630 μην
2254 558 2349 612 τοῦ
2408 559 2549 613 κατὰ
2606 558 2793 629 χώραν
2833 561 3134 613 ἐπισκόπου
3175 561 3522 631 καθαιρεῖται
3580 558 3675 611 καὶ

2093 654 2255 716 αὐτὸς
2290 654 2385 705 καὶ
2407 656 2434 707 ὁ
2465 654 2554 705 ὑπ’
2585 655 2752 707 αὑτοῦ
2780 656 3209 724 χειροτονηθείς.

2652 748 2909 813 ,ΚΑΝΩΝ
2955 746 3093 821 Aq'.

2094 838 2167 890 EI
2195 855 2284 902 τις
2313 839 2755 905 χειροτονηθεὶς
2805 840 3142 904 ἐπίσκοπος
3173 839 3256 908 μὴ
3286 838 3677 905 καταδέχοηο

2166 930 2281 997 τὴν
2329 932 2708 999 λειτουργίαν
2745 932 2842 983 καὶ
2880 932 2996 998 τὴν
3021 933 3313 999 φροντίδα
3365 931 3472 984 τοῦ
3519 931 3675 983 λαοῦ

2166 1022 2281 1089 τὴν
2309 1023 2789 1090 ἑγχειρισθεῖσαν
2808 1021 2997 1097 αὐτῷ,
3017 1023 3233 1095 τοῦτον
3258 1022 3679 1091 ἀφωρισμένον

2168 1114 2513 1181 τυγχάνειν,
2551 1114 2662 1179 ἕως
2689 1113 2766 1166 ἂν
2794 1114 3213 1180 καταδέξηται·
3234 1116 3542 1177 ὡσαύτως
3564 1114 3676 1166 ,καὶ

2166 1208 2571 1274 πρεσϐύτερος
2621 1208 2719 1262 καὶ
2778 1206 3080 1273 διάκονος.
3139 1210 3210 1261 Et
3267 1206 3334 1258 δὲ
3371 1208 3675 1270 ἀπελθὼν,

2166 1296 2248 1364 μὴ
2289 1296 2475 1366 δεχθῇ
2506 1298 2578 1351 οὐ
2607 1297 2764 1365 παρά
2798 1297 2909 1364 τὴν
2942 1297 3161 1352 ἑαυτοῦ
3202 1296 3462 1366 πνὼμην,
3515 1298 3679 1353 ἀλλὰ

2168 1391 2330 1456 παρὰ
2380 1390 2494 1457 τὴν
2535 1392 2641 1443 τοῦ
2680 1389 2835 1442 λαοῦ
2875 1391 3233 1459 μοχθηρίαν,
3266 1389 3449 1454 αὐτὸς
3498 1392 3679 1457 μενέ-

2170 1498 2249 1535 τω
2277 1480 2387 1548 (58)
2412 1482 2769 1549 ἐπίσκοπος,
2813 1486 2845 1536 ὁ
2900 1482 2967 1536 δὲ
3012 1484 3241 1549 κλῆρος
3287 1481 3400 1549 τῆς
3444 1483 3677 1546 πόλεως

2169 1574 2555 1644 ἀφοριζέσθω,
2595 1576 2686 1629 ὅτι
2734 1578 3011 1631 τοιούτου
3045 1575 3201 1633 λαοῦ
3253 1577 3679 1631 ἀνυποτάκτου

2170 1665 2485 1719 παιδευταί
2510 1668 2622 1721 οὐκ
2648 1666 2949 1736 ἐγένοντο.
3194 1704 3197 1707 λ
3242 1706 3245 1711 ι
3522 1702 3527 1709 ι

2169 1757 2369 1812 ΒΛΛΣ.
2421 1758 2576 1821 Τινὲς
2622 1752 2725 1811 ὧδε
2772 1759 2872 1827 τὴν
2932 1760 3273 1828 χειροτονίαν
3322 1760 3445 1813 ἀντὶ
3495 1760 3680 1830 ψήφου

2098 1848 2369 1914 ἐδέξαντο,
2414 1849 2510 1903 καὶ
2556 1845 2708 1901 εἷπον
2766 1849 3071 1918 θαυμάζειν
3122 1849 3241 1913 πῶς
3282 1850 3680 1921 παραιτοῦνται

2099 1941 2341 2010 σήμερον
2391 1941 2437 1993 οἱ
2497 1939 2869 2010 ψηφισθέντες
2916 1942 2998 2002 είς
3077 1939 3427 2009 Ἐγκλησίας.
3464 1966 3469 1971 ~
3501 1940 3561 1994 '0
3622 1941 3681 1994 δὲ

2100 2030 2385 2102 ὑπερφυὴς
2424 2032 2705 2101 Ζωναρᾱς,
2762 2030 3085 2102 ἑρμηνεύων
3112 2032 3202 2084 τὸν
3231 2034 3451 2097 κανόνα,
3487 2032 3682 2099 ἑξελά-

2100 2122 2226 2176 6ετο
2266 2123 2366 2193 τὴν
2418 2122 2754 2193 χειροτονίαν
2804 2124 2899 2176 καὶ
2932 2124 3012 2186 εἰς
3064 2122 3413 2193 χειροθεσίαν
3450 2123 3543 2175 καὶ
3600 2126 3681 2186 είς

2097 2213 2301 2283 ψῆφον.
2344 2213 2497 2283 Ἐμοὶ
2541 2213 2598 2266 δὲ
2671 2213 2732 2278 ἐξ
2767 2211 2930 2282 ὀρθοὖ
2987 2213 3293 2283 κατενοήθη
3345 2211 3682 2282 χειροτονίαν

2101 2306 2345 2361 ἐνταῦθα,
2375 2307 2552 2358 εἰπεῖν
2605 2306 2700 2357 τὸν
2750 2304 2949 2358 κανόνα
2998 2306 3099 2371 τὴν
3158 2304 3521 2374 χειροθεσίαν.
3564 2304 3682 2359 Μέ-

2100 2416 2313 2471 μνηται
2342 2400 2451 2471 γὰρ
2488 2397 2876 2466 πρεσϐυτέρων
2910 2397 3003 2449 καὶ
3034 2397 3298 2452 διακόνων
3354 2397 3679 2463 ἀποστελλο-

2104 2493 2307 2557 μένων,
2338 2491 2479 2544 κατὰ
2520 2490 2581 2543 τὸ
2624 2490 2793 2544 πάλαι
2854 2488 3109 2560 κρατοῦν,
3143 2490 3223 2551 εἰς
3273 2488 3466 2558 ἐτέρας
3499 2488 3686 2560 χώρας

2103 2586 2265 2654 χάριν
2293 2584 2387 2637 τοῦ
2418 2584 2698 2637 διδάσκειν
2732 2582 2824 2635 τὸν
2860 2582 3006 2634 λαόν.
3038 2581 3329 2649 Διακόνους
3359 2580 3415 2633 δὲ
3443 2595 3683 2650 χειροτο-

2103 2679 2315 2732 νεῖσθαι
2367 2675 2489 2744 μὲν,
2521 2674 2665 2729 τοῦτ’
2700 2675 2837 2738 ἔστι,
2892 2671 3320 2742 σφραγίζεσθαι,
3364 2671 3680 2740 ἐμάθομεν·

2102 2768 2433 2841 ψηφίζεσθαι
2482 2768 2536 2821 δὲ
2583 2768 2683 2821 οὐκ
2726 2767 3081 2837 ὴκηκόειμεν,
3113 2764 3302 2836 ὥσπερ
3350 2763 3684 2833 ψηφίζονται

2103 2867 2153 2919 οἱ
2180 2865 2493 2930 ἐπίσκοποι,
2517 2861 2634 2926 καὶ,
2660 2861 2800 2913 κατὰ
2826 2860 2885 2913 τὸ
2910 2858 3162 2922 παλαιὸν,
3182 2857 3275 2909 καὶ
3300 2858 3486 2925 ἱερεῖς,
3503 2854 3687 2916 καθώς

2107 2978 2271 3030 φησιν
2305 2961 2332 3012 ὁ
2360 2963 2428 3025 ιγ’
2457 2955 2638 3009 κανὼν
2673 2954 2771 3022 τῆς
2804 2955 2862 3006 ὲν
2895 2950 3187 3021 Λαοδικείᾳ
3226 2949 3483 3002 συνόδου.·
3508 2948 3687 3019 Διορίτ

437 3047 617 3113 itaque
672 3055 913 3112 praesens
969 3054 1141 3095 canon
1178 3057 1191 3093 :
1224 3038 1281 3092 Si
1338 3040 1461 3108 quis
1532 3039 1852 3107 episc0pus,
1918 3035 2003 3093 vel

2114 3055 2265 3119 ζεται
2312 3050 2442 3119 γοῦν
2494 3050 2522 3101 ὁ
2579 3045 2771 3113 παρὼν
2807 3043 3027 3099 κανών*
3064 3043 3130 3095 Ei
3171 3060 3257 3105 τις
3309 3041 3607 3111 ἐπίσκοπος
3653 3040 3685 3109 ἢ

435 3135 719 3206 presbyter
753 3134 837 3188 vel
870 3134 1147 3198 diaconus,
1188 3131 1253 3185 ad
1305 3132 1601 3184 docendum
1644 3131 2005 3199 pertinentem

441 3234 694 3280 tiiaiin'um
730 3225 1127 3295 impositionem
1162 3223 1452 3291 acceperit,
1504 3234 1559 3277 ct
1608 3238 1767 3277 suum
1817 3238 2009 3278 munus

444 3333 548 3372 non
578 3316 819 3386 impleat,
848 3325 1178 3385 segregetur,
1208 3316 1378 3369 donec
1406 3329 1471 3368 eo
1525 3315 1603 3369 ire
1631 3315 1881 3369 statuerit
1903 3329 2011 3383 quo

442 3412 623 3480 jussus
650 3416 750 3463 est.
789 3405 886 3461 Sin
918 3414 1098 3461 autem
1130 3421 1252 3460 eum
1284 3404 1625 3469 accessisset,
1670 3420 1775 3459 non
1822 3420 2012 3461 susce-

441 3511 567 3569 plus
598 3500 782 3564 fuerit,
824 3508 1043 3569 propter
1075 3496 1473 3566 improbitatem
1522 3497 1702 3568 populi
1746 3498 2008 3568 regionis,

442 3594 617 3647 (lerus
647 3591 752 3665 25
773 3589 1012 3660 quidem,
1050 3589 1174 3644 licet
1199 3605 1302 3645 non
1335 3589 1495 3645 fuerit
1519 3598 1707 3644 auctor
1740 3590 1888 3656 mali,
1928 3604 2013 3644 se.

443 3684 770 3754 grcgabitur,
814 3690 875 3737 ut
904 3683 993 3754 qui
1029 3682 1347 3737 insolentem
1362 3685 1624 3752 populum
1648 3696 1752 3737 non
1772 3682 2011 3737 erudiat.

444 3776 739 3845 Episcopus
785 3782 962 3827 autem
1030 3782 1228 3826 statum
1283 3787 1437 3827 suum
1496 3771 1763 3840 integrum
1818 3772 2010 3827 habet.

442 3867 579 3922 Nota
604 3881 734 3935 ergo
782 3865 1051 3935 quomodo
1087 3863 1262 3919 clerus
1288 3864 1513 3932 punitur
1559 3873 1778 3933 propter
1830 3863 2012 3934 populi

446 3957 813 4014 insolentiam.
846 3956 915 4011 Et
940 3956 1056 4027 lege
1085 3958 1286 4028 Ancyr.
1312 3972 1434 4027 syn.
1468 3972 1592 4011 can.
1634 3956 1723 4021 18,
1756 3957 2013 4013 Antioch.

445 4065 569 4105 can.
603 4049 668 4103 l7
695 4056 749 4104 et
777 4046 843 4101 18
879 4048 1162 4119 epistolam
1194 4049 1364 4104 sancti
1393 4047 1582 4120 Cyrilli
1613 4051 1679 4105 ad
1708 4049 1972 4105 Domuum
1998 4069 2012 4105 :

447 4143 633 4211 prima:
670 4150 720 4196 et
751 4147 1001 4197 set-undae
1036 4158 1157 4214 syn.
1185 4159 1307 4213 qua:
1360 4143 1543 4198 habita
1589 4152 1673 4199 est
1721 4145 1771 4198 in
1815 4144 2017 4214 templo

451 4234 773 4289 Sanctorum
828 4234 1209 4301 Apostolorum
1259 4250 1381 4289 can.
1413 4234 1500 4299 16,
1532 4236 1774 4305 septimae
1820 4237 2015 4307 synod.

448 4343 644 4383 canon.
681 4328 716 4381 2
753 4337 806 4381 et
831 4328 1162 4382 Chalcedon.
1188 4342 1311 4381 can.
1344 4326 1433 4381 29.

495 4504 775 4561 "ZONA'B.
812 4505 1005 4562 Parete
1039 4508 1127 4570 iis,
1179 4510 1270 4577 qui
1314 4516 1549 4577 przosunt
1602 4508 1859 4573 vobis,et
1892 4508 2023 4563 sub-

444 4599 573 4668 jecti
600 4608 774 4654 estote
805 4599 850 4664 ⁸,
880 4599 1092 4654 divinus
1114 4600 1188 4654 ait
1215 4600 1670 4670 Apostolus-Hoc
1700 4601 1863 4655 etiam
1891 4616 2028 4671 pra:-

453 4706 580 4746 sens
626 4707 799 4746 canon
850 4692 1098 4747 instituit.
1150 4693 1304 4746 Illum
1349 4694 1493 4748 enim
1543 4694 1635 4762 qui
1681 4706 1909 4749 vocatur
1958 4694 2026 4748 ad

455 4782 636 4850 populi
668 4783 906 4851 regimen
957 4798 1061 4836 non
1097 4784 1370 4846 reluctari,
1411 4784 1504 4839 sed
1558 4800 1753 4839 munus
1806 4786 1905 4840 hoc
1946 4786 2029 4839 di-

451 4872 659 4941 vinum,
700 4873 989 4942 populique
1038 4876 1432 4944 praesidentium
1476 4878 1721 4946 recipere
1768 4880 2018 4944 Inandut;

565 5054 583 5085 ⁶
621 5051 635 5105 l
675 5050 869 5108 Thess.
898 5068 952 5118 ν,
988 5054 1076 5109 19.

2115 3139 2484 3213 πρεσϐύτερος
2536 3138 2567 3207 ἦ
2604 3136 2850 3195 διάκονος
2898 3120 3241 3203 χειροθεσίαν
3282 3130 3503 3209 δέξηται
3545 3131 3690 3184 διδα-

2116 3232 2381 3301 σκαλικὴν
2417 3230 2513 3284 καὶ
2551 3230 2651 3281 οὐκ
2697 3226 3013 3296 ἀποπληροῖ
3040 3225 3139 3295 τὴν
3177 3224 3453 3278 διακονίαν
3482 3221 3687 3287 αὐτοῦ,

2113 3322 2464 3394 ἁφοριζέσθω
2512 3320 2708 3391 μέχρις
2739 3318 2806 3371 ἂν
2852 3316 3216 3387 καταδέξηται
3269 3314 3525 3369 ἀπελθεῖν
3560 3313 3692 3367 ἔνθα

2113 3413 2345 3486 ὡρίσθη.
2410 3412 2472 3465 Ei
2518 3409 2574 3463 δὲ
2622 3411 2716 3464 καὶ
2763 3408 3015 3462 ἀπελθὼν
3064 3408 3141 3477 μὴ
3202 3407 3520 3478 παραδεχθῇ
3584 3405 3694 3457 ἀπὸ

2117 3504 2421 3577 μοχθηρίας
2452 3502 2547 3556 τοῦ
2584 3500 2727 3555 κατὰ
2753 3501 2940 3571 χώραν
2969 3500 3126 3562 λαοῦ,
3159 3499 3186 3551 ό
3214 3498 3414 3568 κλῆρος
3448 3496 3568 3565 μὲν,
3598 3495 3693 3547 καὶ

2119 3599 2193 3672 μὴ
2232 3598 2525 3665 γενόμενος
2563 3594 2736 3655 αἴτιος
2767 3591 2860 3645 τοῦ
2892 3591 3086 3656 κακοῦ,
3125 3591 3577 3662 ἀφορισθήσεται,
3617 3588 3693 3651 ὡς

2118 3690 2192 3761 μὴ
2227 3687 2500 3742 παιδεύων
2550 3687 2643 3740 τὸν
2696 3686 2927 3740 ἄτακτον
2981 3684 3130 3739 λαόν.
3178 3684 3237 3736 '0
3284 3682 3353 3761 as
3391 3681 3693 3744 ἐπίσκοπος

2116 3756 2229 3851 ἔχει
2281 3780 2379 3848 τὴν
2426 3778 2632 3831 οἰκείαν
2690 3775 2995 3845 ἐπιτιμίαν.
3051 3756 3366 3843 Σημείωσαί
3422 3771 3514 3825 οὖν
3573 3770 3694 3833 πῶς

2118 3875 2444 3945 τιμωρεῖται
2491 3872 2520 3923 ό
2568 3870 2768 3938 κλῆρος
2800 3868 2890 3920 διὰ
2920 3870 3019 3935 τὴν
3046 3864 3407 3920 ἀπαιδευσίαν
3436 3864 3545 3917 τῶν
3576 3878 3691 3915 κοι·

2119 3966 2401 4024 νο>.αῖτῶν,.
2451 3964 2564 4018 Καὶ
2606 3960 2881 4030 ἀνάγνωθι
2916 3959 3017 4028 τῆς
3068 3961 3127 4013 ὲν
3186 3956 3432 4027 Ἀγκύρᾳ
3474 3952 3696 4007 συνόδου

2120 4058 2321 4115 κανόνα
2374 4063 2465 4128 ιη’,
2516 4055 2616 4125 τῆς
2664 4056 2723 4106 ὲν
2770 4050 3077 4123 Ἀντιοχείᾳ
3110 4050 3311 4105 κανόνα
3359 4046 3424 4112 ιζ’
3461 4046 3554 4099 καὶ
3602 4049 3694 4114 ιη’,

2119 4151 2218 4221 τὴν
2270 4149 2409 4220 πρὸς
2460 4147 2664 4218 Δόμνον
2712 4143 3003 4211 ἐπιστολὴν
3036 4141 3131 4194 τοῦ
3188 4139 3347 4208 ἁγίου
3398 4134 3694 4207 Κυρῐλὶου,

2120 4246 2221 4312 τῆς
2268 4240 2491 4312 πρώτης
2535 4238 2629 4291 καὶ
2671 4236 2936 4308 δευτέρας
2986 4230 3207 4297 συνόδου
3242 4232 3343 4300 τῆς
3376 4233 3434 4283 ἑν
3468 4228 3548 4298 τῷ
3582 4226 3697 4295 ναῷ

2124 4336 2235 4388 τῶν
2271 4333 2471 4399 ’Δγίων
2514 4327 2853 4387 ῗΛποστόλων
2898 4325 3099 4379 κανόνα
3135 4330 3211 4389 ις’
3254 4324 3354 4393 τῆς
3377 4323 3443 4386 ζ’,
3477 4318 3697 4373 συνόδου

2048 4395 2100 4452 ὓ
2132 4424 2333 4479 κανόνα
2350 4395 2429 4492 ⁷β’,
2456 4421 2674 4490 καὶτῆς
2704 4421 2762 4473 ὲν
2792 4418 3098 4488 Χαλκηδόνι
3129 4417 3328 4470 κανόνα
3359 4416 3462 4470 κθ’.

2197 4514 2440 4568 ΖΩΝΑΡ.
2498 4510 2757 4565 Πείθεσθε
2820 4513 2933 4572 τοῖς
2990 4508 3317 4579 ἡγουμένοις
3374 4507 3549 4577 ὑμῶν,
3605 4504 3700 4559 καὶ

2126 4609 2404 4670 ὑπείκετε,
2438 4604 2603 4674 φησὶν
2632 4606 2659 4656 ό
2687 4602 2827 4664 θεῖος
2860 4599 3199 4662 Ἀπόστολος.
3240 4598 3411 4653 Τοῦτο
3440 4600 3496 4652 δὲ
3542 4600 3637 4652 καὶ
3674 4599 3702 4652 ὁ

2131 4698 2324 4771 παρὼν
2358 4697 2537 4751 κανὼν
2576 4696 2948 4749 διατάττεται.
2980 4692 3085 4746 Τὸν
3116 4692 3223 4763 γὰρ
3252 4694 3331 4755 εἰς
3361 4692 3701 4761 προστασίαν

2130 4790 2262 4842 λαοῦ
2290 4787 2624 4855 καλούμενον
2656 4784 2731 4852 μὴ
2767 4783 3093 4837 ἀντιτείνειν
3128 4782 3520 4845 διακελεύεται,
3566 4780 3706 4834 ἀλλὰ

2133 4880 2527 4951 καταδέχεσθαι
2573 4878 2633 4930 τὸ
2682 4877 2826 4929 θεῖον
2876 4874 3250 4945 λειτούργημα
3301 4875 3397 4927 καὶ
3452 4873 3554 4943 τὴν
3607 4872 3704 4926 τοῦ

1691 5158 1887 5219 Guill.
1926 5162 2254 5239 Beveregii
2288 5168 2475 5223 notae.

453 5285 675 5356 synopsi
708 5281 996 5356 alustello
1022 5282 1161 5337 edita
1190 5282 1589 5356 desiderantur.
1618 5281 1687 5335 At
1715 5284 1766 5336 in
1813 5283 2028 5356 Simeog

455 5352 541 5408 nis
569 5354 879 5423 Logothetaj
911 5353 1145 5421 epittuue
1189 5352 1386 5407 rectius
1438 5354 1707 5421 leguntur,
1746 5354 1907 5423 per}:
1937 5354 2027 5407 τοῦ

457 5421 803 5505 τελουμξνου.
837 5421 946 5477 Nec
988 5423 1103 5477 sine
1152 5423 1259 5477 illis
1312 5424 1501 5492 plenus
1563 5422 1787 5477 canonis
1838 5438 2030 5479 sensus

456 5497 793 5561 exprimitur.

531 5564 641 5631 (58)
672 5562 864 5628 Αὐτὸς
885 5563 1130 5631 μενέτω.
1173 5561 1262 5616 Sic
1315 5571 1506 5628 praeter
1540 5578 1639 5617 ms.
1683 5562 2029 5617 Bodleianum

459 5633 756 5687 Gentianus
788 5633 1072 5699 llervctus,
1092 5641 1145 5686 et
1177 5642 1300 5687 ante
1330 5648 1450 5687 eum
1480 5632 1766 5702 Dionysius
1796 5634 2031 5702 E\ignus

462 5702 619 5773 legit;
655 5713 879 5773 uterque
904 5704 1047 5758 enim
1076 5703 1257 5769 vertit,
1292 5702 1412 5775 Ipse
1436 5704 1640 5772 quidem
1674 5714 1877 5755 maneat
1925 5705 2032 5769 epi-

2136 5301 2340 5349 scopus.
2371 5283 2680 5349 Quinetiam
2712 5284 2765 5335 in
2804 5282 3028 5338 Zonaras
3066 5284 3286 5339 seboliis
3329 5284 3474 5341 locus
3516 5289 3601 5342 hic
3634 5289 3708 5343 ita

2138 5355 2459 5426 explicatur,
2518 5356 2545 5406 ὁ
2574 5355 2672 5421 μὲν
2703 5354 3003 5426 ἐπίσκοπος
3038 5356 3189 5422 μενεῖ
3204 5356 3311 5426 ’ἐπὶ
3344 5356 3442 5426 τῆς
3502 5360 3710 5421 οἰκείας

2139 5423 2440 5491 ἐπιτιμίας,
2476 5435 2532 5477 ιιι
2565 5426 2681 5491 ipse
2736 5424 2925 5475 eodem
2990 5426 3147 5476 modo
3201 5423 3410 5492 legisse
3439 5427 3709 5483 videatur.

2138 5492 2338 5545 Verum
2372 5494 2422 5563 in
2463 5492 2981 5563 impressislegitur,
3025 5493 3187 5554 αὐτὸς
3239 5494 3337 5561 μὲν
3398 5494 3538 5549 ἔστω
3588 5499 3712 5549 ἐπί-

2139 5579 2360 5636 σκοπος.
2385 5560 2622 5636 {oamics
2644 5560 3031 5636 Antiochenus,
3054 5564 3217 5622 αὐτὸς
3242 5564 3340 5630 μὲν
3358 5566 3494 5634 ὅπερ
3512 5567 3717 5636 ἐχειρο.

2136 5632 2339 5756 ῗηεὶνήίοοη
2399 5632 2540 5687 ἔστω
2596 5633 2911 5694 ἐπίσκοπος.
2976 5634 3132 5689 Joan.
3194 5635 3322 5689 Aut.
3391 5632 3711 5695 coll."c:{n.

2163 5719 2172 5754 Ι
2207 5742 2218 5756 .
2329 5741 2341 5753 .
3213 5724 3235 5739 θ

2163 5719 2218 5756 Ιῐ.
2255 5719 2341 5755 ιυ.
3213 5724 3235 5739 ι
