4056 6392
334 412 428 477 Ῑίί

1610 407 1690 468 ΙΝ
1724 404 1891 468 CAN.
1918 407 1996 467 LI
2036 404 2288 466 APOST.

3492 393 3596 458 142

406 521 651 577 ΖΩΝΔΡ.
681 519 823 591 Τρία
857 517 1215 589 βαπτίσματα
1248 516 1485 572 ἐνταῦθα
1513 517 1609 578 τάς
1640 516 1791 585 τρεῖς
1817 531 1915 567 κα-

2091 509 2346 569 ΖΟΝΛΒ.
2392 508 2492 564 Hic
2516 522 2613 579 per
2646 511 2747 562 tria
2779 507 3101 578 baptismate
3138 520 3313 563 canon
3347 515 3454 563 tres
3490 508 3593 563 im-

326 616 595 678 ταδύσεις
617 616 785 685 φησιν
814 617 842 668 ὁ
879 613 1064 669 κανὼν
1094 614 1153 666 ὲν
1190 613 1295 684 μιᾷ
1324 612 1560 683 μυήσει,
1593 610 1713 680 ἦτοι
1737 610 1796 662 ὲν
1830 606 1917 662 ἑνὶ

331 704 711 776 βαπτίσματιο
742 704 886 758 ὥστε
932 705 1025 759 τὸν
1059 703 1391 774 βαπτίζοντα
1420 701 1627 772 ἑκάστῃ
1673 700 1781 754 τῶν
1814 714 1914 752 κα-

327 800 612 854 ταδύσεων
638 798 698 852 ἓν
728 800 828 870 τῆς
856 798 1019 868 ἁγίας
1044 797 1279 866 Τριάδος
1311 795 1589 861 ἐπιλέγειν
1617 793 1811 861 ὄνομα.
1843 792 1917 844 Τὸ

323 892 442 961 γὰρ
470 891 621 958 διπαξ
648 889 940 964 καταδύειν
964 889 1058 942 τὸν
1096 886 1498 958 βαπτιζόμενον
1526 888 1608 948 είς
1634 884 1734 954 τὴν
1764 882 1919 953 ἱερὰν

324 981 747 1053 κολυμϐήθραν,
786 982 881 1035 καὶ
922 981 1003 1043 είς
1033 980 1125 1032 τὸν
1158 978 1390 1031 θάνατον
1432 977 1527 1030 τοῦ
1574 975 1780 1045 Κυρίου
1818 974 1919 1045 τὴν

328 1073 470 1144 μίαν
516 1074 876 1143 ἐπιφημίζειν
925 1070 1247 1134 κατάδυσιν,
1301 1068 1497 1131 ἀσεϐές
1543 1068 1682 1120 ἐστι.
1740 1066 1849 1119 Καὶ
1892 1067 1920 1118 ό

325 1164 482 1218 οὕτω
516 1165 799 1233 βαπτίζων
837 1162 1319 1233 καθαιρεθήσεται.

324 1254 567 1312 ΔΡΙΣΤ.
616 1254 681 1307 ’0
711 1252 798 1323 μὴ
851 1253 1008 1320 τρισί
1038 1250 1213 1320 μυῶν
1286 1247 1719 1310 καταδύσεσιν,
1758 1246 1921 1323 ἀλλὰ

398 1341 538 1413 μιᾷ,
577 1344 666 1409 εὶς
688 1343 797 1395 τὸν
818 1343 924 1397 τοῦ
951 1342 1175 1410 Κυρίου
1206 1338 1488 1406 θάνατον,
1516 1337 1570 1410 [ὃ
1594 1335 1680 1408 μὴ
1702 1332 1870 1390 εἶπεν
1889 1337 1922 1389 ὀ

402 1434 653 1507 Κύριος]
686 1435 948 1501 ἀνίερος.

404 1528 520 1582 Τοῦ
565 1528 771 1599 Κυρίου
809 1529 1053 1590 εἰπόντος
1091 1522 1379 1597 βαπτίζειν
1419 1523 1499 1585 είς
1530 1522 1590 1575 τὸ
1622 1521 1794 1590 ὄνομα
1827 1520 1922 1574 τοῦ

325 1619 575 1690 Πατρὸς,
611 1622 706 1672 καὶ
738 1618 833 1671 τοῦ
863 1617 1017 1682 Υίοῦ,
1050 1619 1147 1668 καὶ
1178 1613 1273 1667 τοῦ
1302 1612 1460 1682 ἁγίου
1500 1610 1842 1682 Πνεύματος,
1874 1610 1928 1663 εί

323 1728 421 1773 τις
459 1710 762 1772 ἐπίσκοπος
791 1709 824 1779 ἢ
858 1705 1232 1778 πρεσϐύτερος
1271 1702 1574 1773 ἐναντιωθῇ
1606 1702 1685 1772 τῷ
1720 1703 1926 1753 Δεσπο-

324 1803 477 1873 τικῷ
515 1803 903 1873 προστάγματι
926 1840 940 1866 ,
977 1802 1071 1854 κα)¹
1111 1799 1191 1861 είς
1224 1799 1354 1868 μίαν
1387 1794 1688 1850 κατάδυσιν
1725 1791 1923 1862 βαπτίο

2021 604 2327 660 mersiones
2352 600 2604 671 intelligit
2641 600 2694 653 in
2741 613 2851 654 uno
2878 599 3155 670 mysterio,
3213 598 3486 665 videlicet,
3541 603 3593 655 in

2022 709 2130 748 uno
2163 692 2525 764 baptismate:
2562 689 2642 745 sic
2676 698 2735 742 ut
2782 687 2849 742 ad
2893 703 3334 759 unamquamque
3373 690 3597 745 immer-

2021 790 2232 843 sioncm
2262 785 2545 855 baptizans
2579 783 2741 836 addat
2768 796 2930 835 unum
2956 792 3160 837 sanctae
3182 782 3464 839 Trinitatis
3500 800 3600 839 no-

2024 891 2167 932 men.
2200 875 2359 944 Nam,
2402 877 2569 932 semel
2600 893 2747 945 eum,
2774 876 2864 947 qui
2896 875 3223 945 baptiz.-.tur,
3279 877 3330 931 in
3381 891 3596 933 sacrum

2023 970 2299 1023 lavacrum
2323 968 2660 1037 demergere,
2684 978 2737 1023 et
2761 969 2815 1023 in
2835 977 3061 1023 mortem
3092 966 3309 1023 Domini
3334 970 3601 1023 duntaxat

2024 1075 2189 1115 unam
2223 1059 2503 1116 celebrare
2533 1061 2960 1127 immersionem,
3006 1060 3230 1129 impium
3279 1070 3381 1116 est.
3426 1058 3603 1131 Atque

2026 1153 2106 1206 sic
2136 1151 2425 1223 baptizans
2458 1155 2652 1208 ordine
2676 1154 3005 1208 movebitur.

2023 1242 2250 1299 ARIST.
2287 1245 2393 1311 Qui
2436 1261 2539 1301 non
2571 1244 2739 1301 tribus
2790 1246 2971 1300 initiat
3022 1247 3465 1314 immersionibus,
3512 1252 3602 1305 sed

2100 1354 2227 1402 una,
2261 1339 2315 1393 in
2350 1349 2571 1393 mortem
2599 1338 2811 1394 Domini
2843 1338 3004 1412 (quod
3028 1340 3285 1396 Dominus
3317 1359 3421 1398 non
3443 1343 3601 1415 dixit)

2097 1448 2127 1486 ιι
2152 1433 2446 1487 sacerdotio
2466 1433 2766 1501 deponitur.

2098 1523 2332 1579 Domino
2358 1523 2655 1579 mandante
2684 1523 2966 1595 baptizare
2997 1528 3053 1581 in
3081 1527 3301 1583 nomine
3320 1526 3519 1598 Patris,
3553 1541 3608 1585 et

2028 1620 2159 1675 Filii
2189 1629 2243 1675 et
2280 1617 2521 1688 Spiritus
2553 1619 2752 1686 sancti,
2790 1623 2837 1677 si
2871 1621 2994 1691 quis
3011 1622 3297 1693 episcopus
3337 1634 3432 1679 aut
3480 1642 3609 1696 pre-

2030 1714 2215 1785 sbyter
2244 1714 2579 1767 contrarium
2602 1710 2764 1769 faciet
2791 1713 3074 1771 Dominico
3103 1717 3382 1783 mandato,
3412 1727 3467 1773 et
3502 1734 3607 1774 una

2031 1805 2378 1862 immersione
2396 1805 2715 1876 baptizabit,
2734 1808 2857 1877 quia
2881 1807 3148 1877 baptisma
3172 1810 3387 1868 Domini
3404 1812 3610 1870 indicat

334 1912 397 1947 σε
410 1870 460 1960 ι,
485 1870 572 1959 ὡς
591 1892 685 1948 τοῦ
707 1892 1084 1963 βαπτίσματος
1116 1891 1207 1944 τοῦ
1231 1889 1438 1962 Κυρίου
1452 1886 1921 1975 υκατςιιγγιέλλοντος

2034 1907 2288 1965 mortem,
2315 1870 2640 1967 deponetur.

340 1988 605 2054 θάνατον,
662 1985 1150 2058 καθαιρεθήσεται.

933 2076 1172 2131 ΚᾹΝΩΝ
1203 2075 1311 2130 NA’

330 2172 415 2226 Εἴ
464 2188 552 2237 τις
605 2173 942 2237 ἐπίσκοπος
990 2169 1026 2238 ἢ
1076 2168 1486 2237 πρεσϐύτερος
1534 2165 1572 2234 ἢ
1624 2163 1925 2228 διάκονος,

412 2262 452 2329 ἦ
498 2262 655 2328 ὅλως
688 2261 797 2316 τοῦ
827 2260 1167 2330 καταλόγου
1207 2258 1316 2312 τοῦ
1359 2254 1694 2324 ἱερατικοῦ,
1733 2251 1930 2324 γάμου

414 2353 516 2407 καί
548 2351 738 2422 κρεῶν
766 2351 865 2405 καὶ
895 2350 1069 2404 οἴνου
1104 2350 1215 2420 (74)
1245 2350 1318 2403 οὐ
1342 2347 1416 2400 δι’
1444 2346 1735 2415 ἄσκησιν,
1767 2343 1932 2399 ἀλλὰ

414 2446 516 2500 διὰ
578 2445 912 2512 βδελυρίαν
965 2442 1255 2513 ἀπέχεται
1275 2481 1291 2506 ,
1352 2440 1785 2509 ἐπιλαθόμενος
1839 2435 1932 2490 ὅτι

412 2538 616 2593 πάντα
661 2540 820 2593 καλὰ
871 2538 1033 2601 λίαν,
1094 2536 1193 2589 καὶ
1246 2533 1335 2587 ὅτι
1386 2533 1577 2601 ἄρσεν
1620 2530 1721 2584 καί
1769 2527 1930 2595 θῆλυ

410 2631 711 2697 ἐποίησεν
747 2629 781 2682 ό
818 2629 964 2694 Θεὸς
1001 2614 1111 2683 τόν
1142 2626 1500 2694 ἄνθρωπον,
1565 2622 1731 2677 ἀλλὰ
1770 2620 1929 2684 ,βλα-

416 2720 683 2790 σφημῶν
732 2720 1045 2775 διαϐάλλει
1079 2720 1195 2788 τὴν
1239 2716 1658 2788 δημιουργίαν,
1707 2714 1746 2782 ἢ
1777 2713 1932 2781 διορ-

414 2816 682 2878 θούσθω,
718 2812 757 2881 ἢ
798 2814 1223 2881 καθαιρείσθω,
1261 2810 1361 2864 καὶ
1395 2807 1509 2876 τῆς
1565 2805 1933 2876 Ἐκκλησίας

412 2906 876 2962 ἁποϐαλλέσθω.
930 2905 1235 2971 Ὡσαύτως
1269 2904 1368 2958 καὶ
1409 2904 1648 2969 λατκός.

416 2997 615 3051 ΒΔΛΣ.
651 2998 756 3050 Τὸν
788 2996 1012 3066 ἔννομον
1041 2997 1220 3066 γάμον
1248 2998 1282 3065 ἡ
1328 2993 1633 3063 Ἐκκλησία
1661 2993 1764 3046 οὐκ
1794 2992 1933 3046 ἀπο-

336 3088 587 3142 σείεται⁶
638 3089 721 3142 ὅτι
751 3088 841 3142 διὰ
870 3088 1028 3142 τοῦτο
1072 3088 1168 3142 καὶ
1197 3087 1226 3140 ό
1269 3086 1403 3149 Θεὸς
1451 3085 1621 3157 ἄρσεν
1664 3086 1760 3139 καὶ
1794 3084 1929 3153 θῆλυ

2567 2087 2677 2160 34
2706 2085 2935 2142 CANON
2967 2085 3031 2141 LI

2030 2174 2235 2249 Siquis
2267 2184 2565 2253 episcopus,
2622 2180 2701 2236 vel
2745 2180 3035 2249 presbyter,
3077 2178 3154 2233 vel
3206 2180 3483 2246 diaconus,
3535 2182 3613 2237 uel

2102 2273 2318 2327 omnino
2351 2290 2416 2328 ea:
2445 2271 2764 2328 sacerdotali
2794 2287 3035 2336 numero,
3066 2287 3097 2324 a
3122 2271 3337 2341 nuptiis,
3366 2274 3611 2330 carnibus

2100 2371 2149 2416 et
2179 2364 2321 2428 vino,
2360 2381 2464 2419 non
2510 2376 2722 2434 prapter
2766 2364 3215 2431 exercitationem,
3264 2366 3356 2420 sed
3399 2377 3614 2437 propter

2104 2453 2544 2511 abominationem
2587 2458 2835 2522 abstinet,
2869 2456 3064 2511 oblitus
3093 2456 3232 2527 quod
3259 2459 3435 2513 omnia
3460 2459 3613 2515 valde

2106 2546 2264 2615 bona,
2294 2556 2344 2603 et
2375 2549 2516 2620 quod
2536 2549 2888 2605 masculinum
2915 2560 2962 2605 et
2981 2549 3293 2620 femininum
3319 2549 3441 2619 fecit
3474 2550 3614 2607 Deus

2102 2636 2366 2693 hominem
2395 2653 2415 2693 :
2437 2638 2529 2694 sed
2553 2637 2918 2709 blasphemans
2938 2639 3297 2694 calumniatur
3321 2641 3611 2711 api/icium,

2104 2728 2184 2785 vel
2206 2730 2532 2800 corrigatur,
2561 2730 2641 2785 uel
2667 2732 2980 2800 deponatur,
3004 2742 3051 2786 et
3084 2748 3149 2788 ex
3171 2731 3404 2789 Ecclesia
3438 2734 3618 2805 ejicia-

2106 2831 2212 2877 tur.
2238 2820 2501 2878 Similiter
2523 2830 2575 2877 et
2594 2822 2785 2879 laicus.

2110 2996 2306 3054 BALS.
2355 2998 2653 3069 Legitimas
2679 2998 2902 3068 nuptias
2950 2999 3194 3055 Ecclesia
3246 3016 3351 3056 non
3392 3002 3613 3073 rejicit:

2036 3098 2163 3157 quia
2194 3093 2264 3149 ob
2295 3092 2435 3148 hanc
2488 3106 2707 3147 causam
2744 3094 2887 3149 Deus
2922 3095 3220 3150 masculum
3264 3105 3318 3150 et
3359 3095 3616 3153 feminam

332 3178 605 3247 ἐποίησεν
628 3194 643 3209 ’
679 3178 803 3232 οὐδὲ
837 3180 964 3243 τοὺς
999 3178 1464 3251 κρεωφαγοῦντας
1494 3178 1591 3231 καὶ
1620 3176 1756 3247 οϊνῳ
1785 3192 1926 3246 χρω-

2038 3184 2245 3239 creavit
2288 3199 2303 3236 :
2342 3195 2441 3236 nec
2477 3195 2573 3236 cos
2602 3182 2696 3250 qui
2735 3181 2992 3237 carnibus
3038 3191 3357 3248 vescuntur,
3400 3191 3455 3239 et
3492 3185 3620 3238 vino

342 3271 548 3340 μένους
602 3271 976 3341 βδελύττεται,
1022 3273 1300 3342 εὐκαίρως
1358 3270 1541 3325 πάντα
1617 3268 1929 3332 ποιοῦντας,

340 3363 445 3414 καὶ
490 3362 671 3426 καθὼς
717 3364 787 3417 τὰ
816 3366 938 3433 ἱερά
986 3364 1345 3436 παραδιδόασι
1376 3363 1569 3431 Λόγια.
1601 3361 1771 3417 Οὐδὲν
1797 3362 1928 3431 γάρ,

336 3456 505 3524 φησὶ,
526 3455 637 3508 τῶν
662 3456 817 3527 παρὰ
842 3456 981 3510 Θεοῦ
1014 3457 1325 3527 γενομένων
1356 3456 1550 3511 κακόν·
1580 3455 1717 3511 ἀλλὰ
1747 3455 1930 3509 πάντα

342 3544 495 3596 καλὰ
522 3547 581 3597 ὲν
606 3546 788 3618 καιρῷ
814 3547 1018 3606 αὐτῶν.
1058 3548 1201 3602 Ἀλλ’
1238 3546 1367 3602 οὐδὲ
1396 3548 1524 3611 τοὺς
1553 3546 1929 3617 ἀπεχομένους

337 3633 554 3689 τούτων
599 3639 757 3705 αὖθις
803 3640 872 3694 δι’
910 3640 1146 3711 ἄσκησιν
1187 3639 1429 3703 κολάζει.
1458 3639 1549 3692 Διὸ
1596 3640 1930 3711 προσεκτέον

338 3737 453 3790 τίνι
478 3737 669 3807 τρόπῳ
694 3733 905 3787 τούτων
947 3731 1212 3802 ἀπέχεται
1244 3750 1326 3796 τις
1347 3748 1364 3763 ⁸
1394 3732 1490 3785 καὶ¹
1519 3734 1569 3786 εί
1616 3732 1736 3802 μὲν,
1772 3732 1847 3797 ὡς
1879 3733 1929 3786 oi

338 3827 648 3883 ἀθεώτατοι
688 3825 978 3895 Βογόμιλοι
1017 3824 1134 3894 (75)
1164 3824 1253 3876 διά
1292 3823 1598 3895 βδελυρίαν,
1631 3827 1725 3878 καὶ
1747 3823 1837 3878 διὰ
1867 3823 1931 3877 τὺ

333 3921 601 3993 γενέσθαι
623 3920 895 3989 παραίτια
921 3916 1097 3972 κακοῦ
1119 3920 1232 3981 τοῖς
1259 3917 1445 3978 κακῶς
1471 3919 1928 3989 παραχρωμένοις

335 4015 554 4076 αὐτοῖς,
579 4010 1067 4082 καθαιρεθήσεται,
1103 4009 1242 4079 μετὰ
1274 4008 1651 4079 παραγγελίαν
1682 4009 1756 4081 μὴ
1783 4008 1929 4079 διορ-

332 4108 629 4178 θούμενος,
677 4105 877 4177 μᾶλλον
905 4105 961 4157 δὲ
990 4104 1086 4157 καὶ
1131 4104 1231 4172 τῆς
1271 4101 1599 4174 Ἐκκλησίας
1639 4104 1928 4174 γενήσεται

334 4201 716 4269 ὶκκήρυκτος,
765 4198 841 4260 ὼς
891 4195 1233 4267 βλασφημῶν
1284 4196 1428 4248 κατὰ
1473 4194 1584 4249 τῶν
1634 4195 1729 4249 τοῦ
1786 4193 1926 4249 Θεοῦ

338 4291 666 4358 κτισμάτων
686 4304 699 4319 ·
728 4290 777 4340 εί
801 4287 859 4341 δὲ
891 4286 982 4341 διὰ
1014 4286 1248 4355 ἄσκησιν
1274 4286 1371 4339 καὶ
1402 4284 1696 4340 εὐλάϐειαν
1723 4284 1929 4356 ἀπέχε-

338 4400 434 4438 ται
464 4380 697 4444 τούτων,
731 4379 795 4432 οὐ
828 4377 1319 4448 κατακριθήσεται.
1354 4375 1456 4431 Διὰ
1488 4378 1598 4449 γὰρ
1634 4375 1796 4429 τοῦτο
1827 4375 1924 4431 καὶ

2036 3285 2287 3342 utuntur,
2318 3275 2603 3339 abhorret,
2635 3275 2683 3330 si
2713 3274 2894 3330 omnia
2946 3284 3252 3345 opportune
3296 3274 3520 3346 faciant,
3564 3287 3621 3332 et

2036 3368 2180 3424 sicut
2236 3382 2389 3423 sacra
2435 3369 2656 3422 tradunt
2683 3366 2935 3422 Oracula.
2996 3365 3141 3423 Nihil
3202 3368 3347 3424 enim
3405 3383 3619 3435 eorum,

2037 3459 2237 3530 inquit,
2274 3474 2395 3529 qua:
2436 3474 2464 3512 a
2494 3456 2607 3513 Deo
2654 3467 2840 3513 creata
2903 3466 3049 3524 sunt,
3099 3458 3304 3513 malum
3360 3468 3487 3515 est:
3526 3461 3619 3516 sed

2036 3554 2180 3610 bona
2213 3552 2394 3607 omnia
2426 3558 2552 3607 sunt
2590 3564 2691 3606 suo
2724 3561 2991 3621 tempore.
3021 3550 3128 3606 Sed
3155 3566 3255 3606 nec
3286 3566 3381 3607 eos
3406 3567 3617 3619 rursus,

2038 3647 2132 3717 qui
2166 3646 2237 3701 ab
2267 3646 2350 3702 his
2377 3654 2602 3716 prepter
2626 3644 3076 3701 exercitationem
3111 3644 3407 3713 abstinent,
3442 3645 3618 3715 punit.

2037 3736 2167 3794 Ideo
2211 3736 2753 3793 animadvertendum
2807 3743 2896 3792 est
2939 3736 3214 3806 quomodo
3254 3737 3378 3807 quis
3426 3738 3495 3792 ab
3538 3738 3619 3793 eis

2039 3832 2282 3887 abstinet
2316 3847 2330 3886 :
2364 3838 2420 3884 et
2447 3829 2491 3884 si
2525 3829 2767 3900 quidem,
2800 3838 2857 3883 ut
2882 3828 2968 3884 vel
3002 3829 3237 3885 maxime
3269 3829 3416 3900 impii
3442 3830 3621 3901 Bego-

2039 3923 2175 3987 mili,
2206 3930 2428 3993 propter
2452 3936 2641 3976 eorum
2670 3920 2878 3987 odium,
2918 3929 2973 3975 et
3000 3919 3294 3989 quod‘mali
3320 3937 3482 3977 causa
3510 3923 3621 3978 sint

2038 4016 2106 4072 iis
2134 4015 2226 4084 qui
2254 4014 2335 4070 eis
2363 4016 2680 4079 abutuntur,
2726 4012 3049 4083 deponetur,
3084 4014 3128 4068 si
3166 4022 3289 4083 post
3335 4015 3623 4070 denuntia-

2039 4108 2240 4162 tionem
2273 4120 2381 4160 non
2412 4104 2744 4174 corrigatur,
2781 4104 2860 4157 vel
2897 4104 3043 4174 quod
3095 4104 3269 4174 magis
3303 4114 3406 4169 est,
3452 4105 3616 4159 etiam

2037 4212 2104 4254 ex
2141 4197 2385 4253 Ecclesia
2433 4195 2913 4257 exterminabitur,
2963 4204 3021 4249 ut
3066 4195 3160 4264 qui
3212 4196 3477 4252 adversus
3522 4194 3617 4251 Dei

2037 4298 2326 4344 creaturas
2361 4287 2721 4357 blasphemet.
2760 4285 2817 4340 Si
2859 4297 3042 4341 autem
3090 4297 3310 4356 propter
3348 4288 3621 4342 exercita-

2039 4381 2264 4447 tionem,
2296 4388 2349 4434 et
2380 4379 2671 4450 quamdam
2731 4379 3051 4449 religionem
3117 4379 3186 4435 ab
3238 4379 3306 4435 iis
3357 4378 3616 4445 abstinet,

1645 4510 1832 4572 Guill.
1878 4511 2201 4590 Beveregii
2237 4518 2425 4575 notat.

411 4643 533 4709 (Ἠ)
569 4641 678 4694 Kal
706 4640 903 4713 κρεῷν
924 4639 1024 4693 καὶ
1047 4639 1241 4713 οἴνου.
1270 4639 1324 4692 In
1345 4638 1577 4713 Joannis
1603 4639 1926 4713 Aqntioclteni

2042 4657 2159 4712 μων
2218 4641 2436 4713 τούτοις
2494 4641 2873 4713 συναφθεισῶν
2941 4642 3223 4713 γυναικῶν
3294 4641 3612 4713 συνουσίας,

344 4708 683 4768 colleCtione
715 4723 795 4765 ιιι.
831 4710 923 4775 29,
964 4712 1071 4762 Kal.
1122 4711 1268 4762 οἴνου
1312 4710 1604 4765 omittitur.
1641 4711 1745 4764 Sed
1776 4708 1931 4766 Jose—

346 4785 488 4851 phus
546 4779 842 4851 JEgylltitts
876 4782 927 4832 in
958 4780 1188 4833 Arabiczt
1238 4781 1558 4849 paraphrasi
1592 4779 1932 4851 lcgit,_\'ertit

342 4849 522 4915 enim,
558 4855 600 4904 Α
632 4849 852 4916 nuptiis,
886 4858 934 4902 et
965 4866 1056 4903 esu
1089 4850 1293 4914 carnis,
1327 4858 1375 4904 et
1423 4860 1547 4917 potu
1591 4850 1718 4914 vini,
1745 4849 1933 4904 Balsa-

348 4936 572 4976 lllOlll'lll
610 4936 847 4990 quoque,
882 4918 1152 4973 Zuuaram
1182 4930 1235 4973 et
1267 4921 1581 4973 Arislettttm
1618 4919 1836 4986 legisse,
1863 4935 1934 4976 ex

346 5007 537 5046 eorum
580 4991 801 5044 scholils
835 5002 889 5043 et
928 4990 1088 5057 hujus
1120 4991 1354 5057 epitome
1384 4997 1620 5045 constat.

424 5062 541 5131 (75)
599 5063 945 5129 Βογόμιλοι.
1004 5064 1159 5112 Αιιιιυ
1216 5061 1436 5113 circiter
1502 5059 1678 5123 1099,
1745 5061 1936 5116 Alexio

347 5133 634 5187 Contttetto
670 5133 994 5198 “operante,
1032 5138 1152 5183 orla
1193 5140 1277 5182 cst
1322 5131 1724 5198 Bogontilorum
1755 5132 1932 5185 haere-

348 5203 467 5266 sis;
526 5205 592 5253 de
615 5215 722 5269 qua
751 5201 838 5271 sic
872 5199 1329 5267 Harmenopnlus,
1384 5201 1449 5252 Ἦ
1481 5201 1590 5253 τῶν
1610 5201 1932 5271 Βογομίλων

346 5274 646 5342 αἵρεσιςρὺ
668 5269 993 5342 πρὸᾼπτλλλοῡ
1015 5272 1245 5339 συνέστη
1264 5271 1361 5342 τῆς
1390 5271 1513 5324 καθ’
1534 5273 1681 5340 ἡμᾶς
1712 5269 1928 5340 γενεάς,

350 5336 520 5413 μέρος
546 5336 690 5413 οὖσα
712 5336 832 5407 ’τῆς
859 5341 972 5413 τῶν
998 5336 1372 5413 Μασαλιανῶν
1406 5343 1509 5413 καὶ,
1530 5336 1924 5413 συμφερομένη

342 5411 438 5466 τιή
470 5411 648 5463 πολλὰ
698 5414 811 5473 τοῖς
861 5412 1087 5482 ἐκείνων
1121 5411 1409 5482 δόγμασιν.
1466 5411 1799 5482 Harant-noti.
1849 5411 1925 5468 De

341 5489 504 5537 sectis
549 5497 602 5533 c.
646 5482 737 5545 19,
775 5482 812 5535 l.
846 5496 925 5543 ιιι,
953 5480 1070 5535 Jnr.
1112 5479 1306 5536 Graeco
1338 5482 1496 5536 Rom.
1549 5481 1720 5549 Hujus
1749 5479 1925 5536 haere-

343 5569 472 5607 seos
503 5553 740 5605 convicti
783 5563 910 5605 sunt
940 5561 994 5606 et
1019 5551 1368 5606 condemnati
1405 5552 1666 5607 Leontius
1710 5550 1923 5607 Balbis-

342 5638 441 5689 sic,
482 5633 546 5694 et
568 5623 820 5676 Clemens
846 5620 1245 5694 Sosandrorum
1278 5624 1595 5694 monachus,
1632 5624 1686 5677 in
1720 5625 1927 5694 synodo

343 5695 453 5749 sub
503 5691 768 5748 Michaele
819 5694 1131 5765 patriarcha
1167 5692 1276 5748 GP.
1321 5694 1542 5765 habita.
1577 5692 1634 5746 ln
1682 5691 1928 5765 synodali

340 5770 569 5818 decreto
624 5765 768 5817 inter
826 5764 954 5828 alia,
1014 5779 1247 5832 quorum
1304 5763 1546 5818 accusati
1616 5763 1763 5829 sunt,
1835 5779 1929 5819 eos

340 5836 601 5894 docuisse
632 5835 865 5890 traditur
885 5873 900 5901 ,
937 5836 1138 5903 ἄνδρας
1168 5833 1471 5905 ἀπέχεσθαι
1499 5835 1599 5905 τῆς
1631 5834 1741 5891 τῶν
1774 5834 1929 5905 νομί-

2041 4711 2276 4793 κρέατός
2300 4728 2393 4793 ,τε
2446 4712 2542 4766 καὶ
2576 4714 2871 4793 γάλακτος.
2910 4711 3254 4793 κέὶῄίχθύος,
3305 4713 3404 4793 καὶ
3443 4711 3612 4775 οίνου,

2042 4782 2170 4855 ειχρι
2212 4781 2424 4852 χρόνων
2472 4781 2643 4855 τριιῖιν
2674 4784 2909 4855 ἀποχήν.
2937 4781 3158 4855 Eanum
3193 4793 3275 4855 est
3308 4783 3411 4855 hoc
3444 4798 3613 4855 syno-

2046 4851 2169 4906 dale
2192 4855 2467 4906 decretum
2490 4851 2523 4906 ιι
2557 4851 2742 4908 Leone
2768 4851 2991 4920 Allatio,
3022 4852 3076 4907 in
3117 4854 3267 4909 Eccl.
3296 4851 3533 4916 Orient'.,
3558 4863 3617 4909 et

2047 4921 2337 4994 Qccident.
2386 4937 2532 4994 perp.
2577 4938 2844 4994 consens.~
2882 4925 2920 4978 Ι.
2980 4940 3042 4987 ιι,
3097 4938 3219 4994 cap.
3257 4922 3345 4986 12,
3379 4940 3431 4993 p.
3483 4923 3610 4979 674.

2049 4990 2204 5046 Unde
2240 4990 2579 5061 collegimus,
2608 4992 2912 5063 Bogomilos
2947 5005 3095 5050 recte
3125 4990 3214 5049 hic
3236 5012 3263 5047 a
3290 4990 3614 5049 Bal'samone

2040 5063 2261 5133 citatos
2303 5076 2424 5133 esse
2477 5072 2738 5133 tanquam
2766 5078 2813 5133 ia
2846 5065 3050 5132 nuptiis
3094 5079 3261 5120 carne
3289 5074 3344 5119 et
3374 5066 3497 5119 vino
3523 5065 3613 5118 διὰ

2041 5129 2332 5205 βδελυρίαν
2373 5129 2731 5205 abstinentes.
2756 5129 3068 5205 Primarius
3121 5136 3284 5205 hujus
3340 5135 3613 5189 ltaareseos

2035 5217 2218 5284 pra'co
2247 5201 2348 5255 fuit
2370 5201 2609 5258 Basilius
2638 5204 2857 5273 quidam
2905 5206 3171 5271 medicus,
3193 5201 3297 5276 'qui
3320 5213 3608 5276 propterea

2035 5286 2088 5324 ιιι
2119 5274 2332 5326 theatro
2357 5282 2586 5329 exustus
2613 5286 2716 5332 εει,
2759 5286 2818 5328 ιιι
2860 5272 3027 5329 refert
3055 5273 3294 5332 Zonaras
3324 5278 3376 5330 in
3434 5273 3608 5329 Alexii

2034 5310 2874 5413 ἓιίἑίῖ”ἷόἱιῖ.”“ιῖῐξ“ιῗ.”ἒῖί8ζ”ἰῖ
2887 5310 3094 5411 ἳέἓιὶρῗ
3112 5310 3408 5399 ἓὶἒῖ“ἒ‹ἰέἰ.
3434 5310 3608 5396 ‘v‘i'BiiI

2032 5411 2199 5486 Basil.
2262 5412 2421 5486 15.57.
2449 5411 3009 5486 AQun_Balsamonem
3038 5430 3258 5486 quoque
3303 5415 3610 5486 respegisse

2030 5483 2263 5548 videtur,
2292 5484 2488 5556 ubiait
2520 5500 2534 5538 :
2566 5484 2660 5556 Μὴ
2689 5483 2821 5553 γοῦν
2869 5483 3184 5556 θαυμάσῃς,
3217 5486 3301 5556 δτι
3338 5483 3404 5556 ὲν
3451 5484 3609 5556 Κων-

2031 5554 2473 5625 σταντινουπόλει
2528 5552 2745 5617 σύνοδος
2778 5555 2872 5607 ἐπὶ
2908 5552 3018 5608 τῶν
3053 5552 3407 5625 ἡμερῷνίτοῦ
3438 5554 3609 5625 ἁγιω-

2029 5623 2198 5696 τάτου
2250 5626 2597 5696 πατριάρχου
2642 5623 3104 5696 κυρίουῗΜιχαὴλί
3146 5624 3241 5696 τοῦ
3286 5623 3466 5696 Ὀξε-ιτ
3492 5642 3506 5656 ο
3535 5624 3607 5677 δι-

2033 5694 2194 5766 ιξγνω,
2246 5697 2339 5747 καὶ
2368 5689 2636 5766 ἐπέτρεψε
2685 5689 3342 5766 καυθῆναῖΒογομίλους.
3367 5689 3512 5766 Bais.
3549 5696 3601 5749 in

2034 5764 2195 5836 ljhot.
2229 5780 2444 5836 nonnon.
2482 5763 2647 5833 tit.‘8,
2677 5780 2726 5820 c.
2763 5766 2855 5833 25,
2895 5782 2947 5836 ι).
2981 5766 3107 5833 979,
3136 5763 3398 5823 Bibliotlt.
3451 5763 3601 5821 Juris

2032 5834 2293 5892 Canonici
2315 5835 2508 5893 Justel.
