4056 6408
438 374 537 438 143

1682 369 1964 431 TIIEOD.
1999 370 2230 431 BALSA
2242 369 2401 431 ΜοΝ

3591 376 3691 440 1έὲ

432 509 537 546 non
562 487 1036 544 condemnabitur.
1081 486 1149 541 Et
1178 486 1300 542 ideo
1332 486 1488 542 multi
1518 488 1680 543 etiam
1728 488 2006 552 monachi,

2127 488 2301 543 πολλοι
2349 491 2598 561 μοναχοὶ,
2642 491 2729 543 ἐπὶ
2765 493 2979 563 χρόνοις
3024 493 3230 557 ἱκανοῖς
3268 492 3334 547 δι’
3365 494 3690 565 ἐγκράτειαν

431 584 522 650 qui
551 583 685 636 satis
716 580 874 650 longo
911 589 1155 646 tempore
1186 588 1412 649 prepter
1445 578 1859 642 continentiam,
1911 594 2010 632 nec

433 688 678 735 caseum,
730 686 832 725 nec
884 685 1070 735 ovum,
1133 684 1234 725 nec
1271 671 1457 726 vinum
1522 678 1892 740 gustaverant,
1946 684 2009 723 ea

434 763 728 832 aliquando
758 772 1066 831 gustarunt,
1113 770 1166 815 et
1199 776 1362 816 omne
1402 763 1548 830 quod
1582 762 1783 815 malam
1816 760 1884 816 de
1932 761 2010 815 eis

434 855 798 923 suspicionem
830 852 1116 919 alierebat,
1162 852 1546 907 oﬂ‘endiculum
1572 862 2007 922 amputaverunt.

439 945 505 998 Ut
554 948 743 998 beatus
769 944 856 999 ille
887 946 1139 1007 cretnita,
1171 945 1261 1014 qui
1295 943 1557 999 Ferratus
1590 946 1767 999 dictus
1817 953 1922 1008 est,
1957 951 2013 1000 et

434 1039 525 1107 qni
585 1036 723 1091 Eleae
770 1037 1054 1106 episcopus
1108 1045 1332 1090 vocatus
1359 1044 1464 1101 est,
1499 1036 1799 1090 monachus
1831 1036 2012 1090 Theo-

436 1127 611 1192 ilulus,
648 1131 699 1180 in
736 1127 960 1198 synodo,
998 1135 1053 1178 ut
1086 1124 1495 1193 oﬂendiculum,
1533 1135 1588 1180 et
1638 1126 2011 1195 improborum

436 1220 792 1286 quorumdam
829 1231 999 1286 nugas
1039 1215 1272 1280 tolleret,
1308 1231 1530 1272 caseum
1552 1228 1606 1272 et
1632 1233 1795 1272 ovum
1823 1226 2011 1287 gusta-

435 1318 639 1364 verunt

506 1400 762 1455 ZONAR.
798 1401 842 1454 Α
868 1401 1093 1472 nuptiis,
1132 1411 1186 1459 et
1215 1417 1311 1458 esu
1342 1400 1609 1466 carnium,
1642 1399 1860 1469 vinique
1886 1409 2013 1470 potu

436 1502 658 1561 propter
714 1493 1097 1548 ahStinentiam
1161 1503 1483 1567 temperare,
1537 1492 1871 1560 probandum
1907 1499 2011 1546 est.

438 1582 546 1638 Sed
581 1586 693 1637 hzrc
717 1586 1014 1640 abhorrere
1052 1587 1197 1639 velut
1228 1587 1427 1640 anima:
1466 1585 1769 1654 perniciosa
1796 1598 1861 1639 ac
1896 1584 2015 1654 reji-

2121 580 2261 650 μήτε
2294 579 2486 650 τυροῦ,
2532 581 2670 651 μήτε
2697 582 2828 649 ὠοῦ,
2874 585 3010 655 μήτε
3052 586 3197 638 οίνου
3244 587 3598 656 γευσάμενοι,
3636 589 3695 639 ἓν

2115 689 2226 725 τισι
2269 676 2482 744 καιροῖς
2528 677 2709 730 αὐτῶν
2754 676 3153 745 ἀπεγεύσαντο,
3194 678 3289 731 καὶ
3332 679 3481 733 ἅπαν
3522 680 3693 751 καχύ-

2117 782 2325 819 ποπτον
2354 768 2628 837 περιεῖλον
2658 769 2970 837 σκάνδαλον,
2999 770 3074 833 ὡς
3103 771 3131 823 6
3150 770 3460 841 μακαρίτης
3486 772 3703 833 ἐκεῖνος

2119 856 2431 927 ἡσυχαστὴς
2468 859 2495 910 6
2529 858 2970 931 Σεσιδηρωμένος
2996 860 3317 929 λεγόμενος,
3350 861 3444 913 καὶ
3481 860 3509 912 6
3557 876 3695 930 χρη.

2123 948 2359 1017 ματίσας
2402 950 2697 1014 ἐπίσκοπος
2747 950 2963 1015 Ἐλαίας
3010 951 3241 1021 μοναχὸς
3267 951 3552 1014 Θεόδουλος
3604 953 3697 1003 ἐπὶ

2125 1038 2341 1091 συνόδου
2396 1039 2486 1093 διὰ
2541 1041 2882 1112 περιαίρεσιν
2931 1042 3229 1095 σκανδάλου
3276 1044 3372 1096 καὶ
3423 1045 3696 1113 φλυαρίας

2122 1132 2309 1185 κακῶν
2332 1150 2491 1188 τινων
2520 1133 2686 1203 τυροῦ
2711 1136 2804 1187 καὶ
2835 1133 2943 1188 ὠοῦ
2965 1134 3316 1206 γευσάμενοι.

2193 1397 2438 1451 ΖΩΝΑΡ.
2477 1394 2549 1449 Τὸ
2591 1395 2691 1467 μὲν
2724 1395 2789 1449 δι’
2825 1397 3152 1467 ἐγκράτειαν
3183 1395 3487 1467 ἀπέχεσθαι
3515 1395 3695 1466 γάμου)

2121 1494 2216 1542 καὶ
2259 1488 2613 1558 κρεωφαγίας
2663 1490 2758 1542 καὶ
2790 1488 3097 1551 οίνοποσίας
3130 1488 3458 1544 ἀποδεκτέον
3480 1503 3496 1519 ⁸
3540 1490 3602 1541 τὸ
3640 1489 3697 1541 δὲ

2120 1578 2293 1635 ταῦτα
2335 1579 2749 1650 βδελύττεσθαι,
2784 1581 2859 1643 ὡς
2899 1581 3138 1651 βλαϐερὰ
3180 1580 3317 1651 πρὸς
3346 1580 3557 1651 ψυχὴν,
3602 1583 3698 1633 καὶ

438 1691 582 1741 cere,
617 1691 721 1730 non
750 1686 900 1730 caret
945 1677 1195 1732 crimine.
1222 1676 1369 1732 Nihil
1417 1677 1562 1731 enim
1618 1691 1832 1741 eorum,
1891 1690 2009 1745 quae

2127 1673 2485 1739 ὶποσείεσθαι,
2519 1674 2618 1725 οὐκ
2654 1672 3005 1751 ἀνέγκλητοντ
3053 1672 3218 1726 Οὐδὲν
3259 1672 3370 1744 γὰρ
3407 1673 3517 1725 τῶν
3543 1674 3698 1738 παρὰ

438 1768 568 1823 fecit
604 1768 764 1831 Deus,
801 1768 1001 1821 malum
1043 1779 1146 1833 cst,
1186 1769 1280 1823 sed
1325 1783 1513 1823 corum
1567 1767 1770 1823 abusus
1821 1768 2020 1824 noxius

438 1868 545 1913 est.
576 1857 755 1920 Certe,
786 1858 827 1911 si
860 1857 1055 1912 mulier
1088 1858 1210 1911 mali
1242 1873 1403 1911 causa
1449 1857 1608 1924 foret,
1638 1868 1693 1912 et
1726 1858 1932 1923 vinum,
1966 1868 2022 1913 et

440 1950 671 2018 reliqua,
705 1948 944 2003 exhibita
995 1965 1271 2017 nunquam
1318 1948 1555 2004 fuissent
1586 1964 1615 2002 a
1651 1949 1784 2005 Deo.
1818 1950 2017 2018 Quare,

440 2043 534 2113 qui
577 2042 667 2097 Dei
700 2042 840 2097 facta
882 2043 1125 2108 damnat,
1163 2044 1215 2097 in
1252 2044 1571 2099 universum
1604 2044 1723 2114 ejus
1743 2044 2019 2114 opiﬁcium

440 2135 805 2204 hlasphemat.
838 2134 1132 2203 Caeterum,
1161 2135 1284 2191 talis
1324 2135 1530 2205 indiget
1563 2138 1936 2205 correctione;
1973 2137 2019 2192 si

441 2242 574 2281 vero
610 2242 715 2281 non
744 2228 1071 2297 corrigatur,
1102 2228 1297 2283 ordine
1342 2243 1441 2283 suo
1474 2230 1803 2294 movebitur,
1849 2240 1901 2284 et
1953 2229 2022 2286 ab

441 2317 681 2373 Ecclesia
709 2320 1053 2374 extrudetur.
1093 2317 1212 2374 Non
1248 2319 1392 2374 enim
1425 2318 1766 2390 depositione
1809 2330 2019 2375 tantum

442 2415 641 2483 dignus
676 2425 781 2481 est,
822 2414 916 2472 sed
951 2417 1137 2481 etiam,
1171 2417 1316 2471 velut
1370 2417 1681 2484 haereticus,
1726 2417 1780 2472 in
1828 2417 2019 2473 Eccle-

445 2507 581 2560 siam
614 2524 719 2561 non
744 2500 835 2562 est
866 2508 1234 2579 recipiendus.

443 2600 674 2655 ARIST.
704 2599 890 2655 Omnis
919 2601 1141 2656 clericus
1167 2619 1199 2655 a
1230 2602 1374 2670 uino,
1404 2620 1585 2669 carne,
1617 2612 1665 2659 et
1692 2605 1890 2673 nuptiis
1920 2622 2023 2661 non

513 2699 726 2759 pmpter
750 2690 1183 2744 exercitationem
1226 2692 1535 2760 abhorrens,
1572 2694 1619 2750 si
1660 2711 1763 2748 non
1788 2696 2026 2767 corriga-

522 2791 630 2846 tur,
660 2798 780 2836 voce
815 2784 1072 2852 praeconis
1104 2785 1511 2840 exterminatur.

521 2874 637 2930 lloc
690 2884 792 2941 est,
846 2876 1136 2946 deponitur
1188 2877 1334 2944 talis,
1387 2888 1442 2933 et
1492 2894 1557 2934 ex
1593 2878 1835 2937 Ecclesia
1872 2880 2024 2952 ejici-

447 2977 553 3025 tur.

1035 3055 1267 3113 CANON
1305 3056 1419 3113 ιιι.

447 3150 501 3205 Si
538 3152 651 3222 quis
680 3151 977 3220 episcopus,
1030 3150 1107 3204 vel
1134 3150 1428 3220 presbyter,
1470 3150 1546 3205 vel
1590 3150 1861 3215 diaconus,
1905 3167 2023 3206 eum

516 3247 606 3314 qui
660 3261 693 3297 a
730 3243 958 3313 peccatis
1009 3246 1328 3297 convertitur
1371 3261 1473 3297 non
1505 3245 1706 3312 recipit,
1739 3246 1828 3298 sed
1857 3245 2024 3315 ejicit,

519 3321 817 3405 deponatur
843 3351 862 3390 :
884 3336 1135 3405 quoniam
1169 3334 1440 3390 Christum
1469 3335 1710 3390 molestia
1733 3337 1909 3406 afﬁcit,
1936 3337 2026 3406 qui

516 3431 652 3484 dixit
683 3445 699 3483 :
736 3448 753 3482 ι
791 3427 1057 3483 Gaudium
1087 3436 1163 3483 est
1208 3429 1263 3483 in
1302 3429 1431 3483 ccelo
1463 3440 1674 3497 prapter
1709 3445 1870 3483 unum
1907 3446 2027 3499 pec-

517 3531 745 3576 catorem
774 3522 1132 3588 paenitentiam
1157 3529 1394 3589 agentem
1424 3520 1485 3574 ¹⁹.
1502 3540 1521 3573 ι

520 3610 715 3667 BALS.
744 3611 862 3666 Non
894 3621 975 3667 est
1012 3620 1292 3681 peccatum
1336 3613 1479 3681 quod
1508 3612 1601 3668 Dei
1636 3613 2025 3683 benignitatem

450 3711 671 3773 superet
708 3718 723 3757 :
755 3712 808 3757 et
855 3703 974 3758 ideo
1006 3716 1196 3758 omnes
1231 3704 1323 3774 qui
1376 3704 1695 3774 pmnitentia
1736 3706 2026 3769 ducuntur,

447 3807 502 3850 et
537 3812 564 3850 a
601 3796 737 3849 bono
768 3796 831 3848 ad
866 3795 1064 3849 malum
1098 3806 1509 3865 convertuntur,
1549 3797 1812 3853 Dominus
1851 3797 2028 3853 obviis

449 3888 593 3943 ulnis
619 3887 843 3954 excipit.
888 3884 1122 3956 Propter
1152 3896 1503 3957 peccatorum
1539 3888 1683 3943 enim
1725 3889 1957 3944 salutent
1997 3904 2029 3944 e

449 3978 589 4034 caelo
615 3978 915 4044 descendit,
966 3989 1020 4033 et
1050 3978 1188 4033 dixit
1214 3996 1238 4033 τ
1274 3978 1398 4033 Νοη
1427 3980 1540 4033 veni
1594 3996 1779 4035 vocare
1826 3980 2026 4051 justas,

448 4068 539 4121 sed
564 4079 863 4136 peccatores
903 4068 971 4121 ad
1011 4069 1373 4139 paenitentiam
1411 4070 1482 4124 ²⁰.
1526 4069 1828 4141 Episcopus
1874 4086 2025 4141 ergo,

447 4160 531 4212 vel
575 4160 877 4230 presbyter,
908 4162 995 4230 qui
1046 4177 1138 4217 cos
1172 4162 1263 4232 qui
1326 4162 1408 4218 sic
1459 4171 1858 4218 convertuntur
1916 4178 2026 4218 non

449 4252 667 4321 recipit,
706 4250 804 4305 sed
838 4251 981 4307 illius
1016 4253 1210 4308 Novati
1257 4254 1431 4308 instar
1480 4268 1575 4309 eos
1618 4254 1904 4317 abhorret,
1937 4255 2029 4310 de-

2117 1766 2255 1820 Θεοῦ
2293 1766 2602 1836 γενομένων
2640 1764 2832 1829 κακὸν,
2872 1764 3047 1835 ἀλλ’ἢ
3092 1764 3297 1818 τούτων
3350 1764 3699 1836 παράχρησις

2120 1858 2409 1930 βλαϐερόν.
2444 1858 2508 1911 El
2540 1857 2596 1910 δὲ
2622 1856 2821 1919 κακίας
2856 1856 3005 1909 αἰτία
3037 1851 3104 1927 ἦν
3134 1858 3167 1925 ἠ
3200 1856 3338 1928 γυνὴ
3372 1857 3470 1909 καὶ
3502 1860 3529 1910 6
3557 1853 3699 1921 οἰνος

2118 1953 2214 2005 καὶ
2243 1951 2309 2004 τὰ
2340 1950 2501 2003 λοιπὰ
2523 1990 2537 2014 ,
2576 1950 2677 2002 οὐκ
2711 1948 2776 2003 ἂν
2814 1947 3177 2019 παρήχθησαν
3215 1948 3369 2018 παρὰ
3400 1947 3495 2001 τοῦ
3537 1948 3698 2001 Θεοῦ.

2123 2046 2287 2098 Ὥστε
2318 2044 2347 2097 6
2378 2042 2684 2098 διαϐάλλων
2715 2042 2785 2096 τὰ
2817 2042 3097 2110 ποιήματα
3125 2038 3220 2093 τοῦ
3256 2038 3393 2093 Θεοῦ
3428 2039 3570 2094 κατὰ
3600 2043 3702 2109 της

2120 2136 2288 2192 αὑτοῦ
2342 2136 2657 2207 βλασφημεῖ
2701 2132 3086 2205 δημιουργίας.
3141 2131 3341 2187 Λοιπὸν
3383 2132 3411 2184 6
3462 2128 3703 2191 τοιοῦτος

2118 2231 2459 2304 διορθώσεως
2487 2232 2657 2284 δεῖται
2680 2247 2695 2263 ο
2728 2232 2777 2283 εί
2800 2229 2859 2283 δὲ
2891 2230 2966 2299 μὴ
2995 2225 3332 2298 διορθοῦται,
3364 2224 3700 2295 καθαιρεθή-

2122 2341 2299 2390 σεται,
2326 2323 2544 2393 καὶτῆς
2584 2321 2911 2393 Ἐκκλησίας
2938 2318 3401 2390 ἀποϐληθήσεται.
3433 2318 3507 2371 Οὐ
3544 2317 3704 2386 μόνον

2120 2418 2230 2488 γὰρ
2257 2413 2634 2487 καθαιρέσεώς
2675 2416 2825 2468 ἐστιν
2848 2412 3017 2477 ἄξιος,
3057 2411 3172 2466 ἀλλ’
3197 2411 3316 2465 οὐδὲ
3342 2408 3703 2480 προσδεκτέος

2121 2511 2203 2572 είς
2228 2506 2583 2578 Ἐκκλησίαν,
2603 2506 2678 2568 ὡς
2699 2504 3002 2574 αίρετικός.

2122 2601 2347 2655 ΑΡΙΣΤ.
2411 2598 2711 2668 Κληρικὸς
2762 2597 2954 2663 ἄπας,
2989 2592 3191 2657 οἶνον,
3233 2594 3330 2649 καὶ
3368 2592 3543 2662 κρέα,
3605 2592 3705 2645 καὶ

2192 2692 2388 2763 γάμον
2428 2692 2514 2763 μὴ
2558 2692 2632 2746 δι’
2670 2692 2940 2760 ἄσκησιν
2977 2688 3499 2756 βδελυσσόμενος,
3531 2687 3582 2739 el
3616 2702 3704 2754 μη

2193 2782 2508 2853 διορθοῖτο,
2533 2784 2926 2852 ἐκκήρυκτος.

2196 2877 2355 2931 Τοῦτ’
2386 2878 2522 2943 ἐστι,
2560 2877 2908 2948 καθαιρεῖται
2944 2877 2971 2929 6
3002 2875 3265 2939 τοιοῑτος,
3298 2873 3395 2927 καὶ
3424 2870 3525 2941 τῆς
3571 2871 3702 2925 Ἐκ·

2125 2968 2356 3040 κληοίας
2384 2970 2732 3025 ἐκϐάλλεται.

2717 3061 2959 3117 ΚΑΝΩΝ
2988 3062 3118 3118 NB'.

2125 3160 2196 3213 El
2237 3178 2322 3226 τις
2366 3158 2706 3223 ἐπίσκοπος
2751 3155 2791 3224 ἢ
2827 3157 3232 3224 πρεσϐύτερος
3268 3153 3377 3209 τὸν
3406 3155 3707 3223 ἀποστρέ-

2199 3270 2390 3322 sporta
2414 3250 2534 3306 ἀπὸ
2560 3251 2852 3319 ἁμαρτίας
2878 3251 2949 3304 οὺ
2975 3248 3376 3318 προσδέχεται
3401 3248 3535 3318 (76),
3565 3249 3707 3303 ἀλλ’

2198 3340 2641 3405 ἀποθάλλεται,
2705 3341 3133 3409 καθαιρήσων
3198 3339 3288 3392 ὅτι
3351 3339 3542 3393 λυπεῖ
3600 3342 3711 3394 τὸν

2204 3433 2486 3509 Χριστὸν,
2505 3432 2891 3485 τὸνεὶπόντα·
2917 3450 2934 3481 ι
2954 3430 3117 3497 Χαρὰ
3142 3431 3366 3499 γίνεται
3389 3428 3709 3498 ἐνοὺρανῷ

2199 3524 2297 3578 ἐπὶ
2326 3524 2416 3577 ἐνὶ
2445 3522 2772 3593 ἁμαρτωλῷ
2797 3521 3212 3592 μετανοοῦντι.
3249 3538 3269 3573 s

2201 3617 2397 3669 ΒΑΛΣ.
2436 3616 2549 3669 Οὐκ
2577 3615 2725 3668 ἔστιν
2754 3612 3002 3685 ἁμαρτία
3036 3612 3241 3666 νικῶσα
3275 3611 3373 3681 τὴν
3403 3611 3712 3684 φιλανθρω-

2130 3704 2264 3759 πίαν
2307 3705 2401 3758 τοῦ
2435 3705 2571 3758 Θεοῦ
2597 3722 2610 3735 ·
2648 3704 2731 3757 διὸ
2765 3703 2861 3757 καὶ
2900 3703 3111 3767 πάντας
3139 3703 3268 3767 τοὺς
3313 3703 3711 3774 μετανοοῦντας

2131 3796 2226 3849 καὶ
2260 3794 2765 3865 ἐπιστρεφομένους
2805 3794 2913 3848 ἀπὸ
2947 3793 3039 3847 τοῦ
3089 3794 3262 3847 κακοῦ
3290 3797 3368 3858 εἰς
3398 3794 3460 3849 τδ
3503 3796 3709 3863 ἀγαθὸν

2129 3889 2487 3958 ἀγκαλίζεται
2529 3892 2557 3943 6
2590 3890 2813 3961 Κύριος.
2860 3890 2960 3943 Διὰ
2998 3888 3108 3961 γὰρ
3149 3888 3248 3960 τὴν
3291 3889 3569 3960 σωτηρίαν
3601 3890 3710 3942 τῶν

2131 3977 2478 4049 ἁμαρτωλῶν
2530 3978 2737 4049 κατέϐη
2788 3976 2849 4043 ἐξ
2894 3977 3152 4045 οὐρανοῦ,
3201 3978 3293 4030 καὶ
3347 3973 3534 4031 εἶπενο
3587 3978 3713 4030 Οὐκ

2129 4070 2322 4145 ἦλθον
2370 4073 2624 4127 καλέσαι
2660 4072 2967 4138 δικαίους,
3013 4070 3175 4127 ἀλλὰ
3206 4070 3591 4143 ᾀμαρτωλοὺς
3612 4073 3712 4135 ἐὶς

2128 4162 2472 4233 μετάνοιαν.
2516 4163 2575 4215 '0
2605 4160 2737 4231 γοῦν
2768 4162 2844 4232 μὴ
2874 4160 3320 4231 παραδεχόμενος
3348 4161 3645 4221 ἐπίσκοπος
3674 4158 3708 4229 ἢ

2131 4255 2504 4327 πρεσϐύτερος
2536 4256 2658 4318 τοὺς
2689 4254 2864 4314 οὕτως
2895 4255 3323 4323 ἐπιστρέφοντας
3350 4292 3364 4318 ,
3398 4250 3534 4306 ἀλλὰ
3566 4250 3713 4305 κατὰ

450 4353 704 4410 ponatur,
741 4356 794 4397 ut
825 4346 913 4413 qui
944 4344 1034 4399 Dei
1059 4346 1320 4401 voluntati
1342 4347 1683 4413 adversatur,
1731 4349 1822 4418 qui
1849 4347 1981 4403 dicit
2010 4366 2020 4402 :

2136 4348 2229 4401 τὸν
2265 4348 2516 4401 Ναυάτον
2549 4348 2757 4402 ἐκεῖνον
2793 4348 3202 4420 μυσαττόμενος
3237 4347 3436 4411 αὐτοὺς
3458 4388 3472 4413 ,
3513 4343 3711 4397 καθαι-

451 4433 714 4490 Caudium
752 4447 827 4490 est
853 4439 907 4491 in
930 4439 1057 4491 caelo
1091 4441 1153 4494 ob
1188 4456 1352 4493 unum
1398 4450 1722 4508 peccatorem
1772 4443 2026 4510 paeniten-

451 4525 578 4577 tiam
609 4536 869 4594 agentem.
909 4528 1044 4582 Nota
1077 4543 1206 4600 ergo
1230 4545 1296 4584 ex
1328 4532 1583 4599 praesenti
1620 4546 1847 4597 canone,
1880 4532 2024 4602 quod

452 4631 556 4669 non
583 4618 713 4672 solis
751 4618 859 4689 35
892 4621 1161 4691 PpiSfopis
1205 4629 1262 4676 et
1299 4621 1676 4677 sacerdotibus
1706 4638 2024 4679 concessum

450 4717 534 4761 est
566 4708 849 4763 hominum
900 4710 1268 4766 confessiones
1320 4713 1531 4779 audire,
1576 4723 1629 4769 ct
1670 4724 1886 4784 peccata
1937 4730 2025 4771 re-

453 4802 708 4868 mittere;
764 4802 858 4857 sed
885 4805 1049 4858 etiam
1086 4806 1386 4876 presbyteri
1415 4821 1538 4861 cum
1574 4807 1861 4878 episcopali
1901 4823 2028 4880 pcr-

564 4985 607 5014 ”
641 4984 772 5040 Luc.
798 5001 898 5049 vtt,
930 4985 1018 5040 10.
1099 4985 1351 5043 "Marc.
1406 5004 1462 5051 ιι¹
1502 4989 1588 5042 i7.

2138 4438 2358 4509 ρείσθω,
2406 4438 2482 4502 ὡς
2524 4439 2942 4510 ἐναντιούμενος
2984 4438 3063 4510 τῷ
3098 4438 3192 4494 τοῦ
3243 4438 3380 4492 Θεοῦ
3421 4438 3709 4511 θελήματι,

2132 4530 2229 4584 τοῦ
2256 4531 2503 4595 εἰπόντος
2522 4547 2535 4561 ⁸
2570 4534 2732 4601 Χαρὰ
2760 4533 2985 4602 γίνεται
3014 4532 3085 4587 ἐν
3107 4532 3187 4599 τῷ
3223 4530 3460 4600 οὐρανῷ
3494 4531 3592 4585 ἐπὶ
3621 4529 3713 4584 ἐνί

2133 4620 2461 4691 ἁμαρτωλῷ
2490 4622 2883 4693 μετανοοῦντι
2914 4641 2927 4656 ·
2962 4622 3105 4677 ὥστε
3156 4623 3465 4694 σημείωσαι
3486 4621 3587 4692 ἧδιὰ
3618 4620 3713 4674 τοῦ
3740 4667 3744 4670 .

2137 4716 2408 4786 παρόντος
2452 4716 2675 4779 κανόνος
2719 4716 2802 4769 ὅτι
2832 4716 2893 4769 οὐ
2931 4717 3114 4786 μόνοις
3159 4716 3479 4780 ἐπισκόποις
3509 4715 3602 4769 καὶ
3634 4713 3712 4766 ἰε-

2142 4808 2328 4861 οεῦσιν
2363 4808 2577 4880 ἐνεδόθη
2612 4810 3032 4883 ἐξομολογήσεις
3080 4808 3383 4881 ἀνθρώπων
3420 4806 3710 4880 δέχεσθαι,

1683 5117 1869 5180 Guill.
1907 5116 2226 5195 Beveregii
2262 5124 2448 5177 notae.

533 5240 648 5311 (76)
685 5243 766 5315 Οὐ
816 5244 1235 5315 προσδέχεται.
1267 5245 1597 5315 Cyprianus,
1654 5243 1799 5309 Quos
1858 5243 2037 5312 utique

454 5316 521 5364 ad
561 5314 920 5383 paznitentiam
961 5314 1222 5368 Dominus
1258 5314 1361 5367 non
1409 5315 1738 5383 hortaretur,
1776 5315 1878 5383 nisi
1910 5316 2032 5383 quia

454 5382 822 5448 paenitentibus
864 5384 1251 5452 indulgentiam
1282 5386 1585 5452 pollicetur.
1624 5382 1690 5435 Et
1739 5387 1791 5436 in
1848 5382 2030 5436 Eran-

455 5454 610 5521 gelia,
641 5452 787 5518 Dico,
825 5455 1013 5522 inquit,
1062 5457 1224 5517 vobis,
1260 5458 1336 5507 sic
1380 5457 1475 5508 erit
1527 5454 1783 5524 gaudium
1823 5456 1878 5507 in
1903 5452 2029 5505 (celo

455 5538 613 5587 super
640 5540 742 5576 uno
770 5534 1046 5591 peccatore
1070 5526 1425 5590 paenitentiam
1454 5535 1660 5595 agente,
1688 5540 1845 5593 quam
1870 5538 2029 5595 super

456 5595 742 5661 nonaginta
798 5606 973 5646 novem
1000 5594 1167 5662 justis
1206 5596 1393 5662 quibus
1426 5593 1530 5648 non
1579 5612 1705 5663 opus
1730 5602 1805 5646 est
1857 5593 2023 5660 parui-

452 5664 621 5713 lenlt'u
651 5663 799 5731 (Luc.
844 5679 930 5726 xv,
960 5665 1034 5731 7).
1062 5667 1317 5731 Cyprizttt.
1348 5670 1510 5730 cpist.
1544 5672 1608 5716 ad
1646 5668 1844 5715 Aulon.
1883 5664 1915 5715 I.
1944 5674 2019 5727 Iv,

456 5745 541 5803 (ζμ.
576 5732 629 5789 "2.
662 5748 714 5795 p.
738 5734 827 5793 89,
867 5733 1030 5803 Ιώὸί,
1060 5742 1187 5785 edit.
1228 5734 1427 5787 Manut.
1463 5749 1515 5787 v.
1551 5733 1794 5803 ejusdem
1826 5733 2021 5803 liht'uttt

457 5798 530 5852 De
570 5804 754 5869 lapsis,
792 5816 845 5870 ρ.
885 5801 1009 5865 1³79,
1048 5811 1153 5857 etc.
1193 5802 1342 5857 lianc
1373 5798 1929 5873 ctante'Cyprianuut
1958 5800 2027 5853 ab

2151 5241 2397 5295 Ecclesia
2456 5242 2724 5295 excultum
2784 5242 2951 5298 fuisse
3004 5243 3369 5313 disciplinam,
3428 5245 3532 5300 viz.
3588 5253 3711 5302 uta

2142 5313 2385 5384 peccatis
2403 5317 2651 5366 c0nversi
2690 5314 2741 5366 in
2775 5313 3031 5369 Ecclesiae
3080 5315 3262 5384 sinunt
3310 5315 3707 5384 reciperentur,

2140 5377 2203 5434 ἐκ
2245 5380 2478 5450 Origene
2506 5389 2744 5446 constat,
2783 5384 3016 5450 dicente,
3036 5377 3196 5438 Οὗτοι
3226 5384 3305 5449 δὲ,
3331 5383 3404 5447 ὡς
3424 5377 3713 5439 ’ἀπολωλῶ

2136 5466 2237 5526 τας
2288 5458 2393 5526 καὶ-
2446 5450 2775 5526 τεθνηκότας
2805 5454 2884 5526 τῷ
2922 5454 3062 5526 Θεῷ.
3111 5454 3238 5515 τοὺς
3288 5455 3381 5507 ὑπ’
3420 5456 3712 5522 ἀσελγείας

2136 5520 2169 5591 ἥ
2201 5537 2344 5595 τινος
2372 5520 3023 5595 ἀτόπουνε-νικημένους,
3047 5526 3123 5589 ὡς
3146 5526 3375 5595 νεκροὺς
3424 5520 3705 5589 πενθοῦσι,

2133 5591 2238 5664 καὶ.
2276 5591 2352 5654 ὡς
2398 5593 2463 5644 ἐκ
2513 5593 2720 5664 νεκρῶν
2771 5591 3133 5659 ἀναστάντας,
3169 5591 3266 5649 ἐὰν
3315 5595 3593 5664 ἀξιόλογον
3626 5597 3714 5647 tv;

2127 5660 2412 5735 δείξωνται
2441 5660 2766 5735 μεταϐολὴν,
2795 5665 2974 5735 χρόνῳ
3001 5666 3206 5718 πλείονι
3236 5666 3346 5717 τῶν
3370 5660 3711 5735 κατ”ὰρχὰς

2131 5732 2525 5805 εῘσ-αγομένων,
2556 5730 2782 5805 ὕστερόν
2796 5730 3300 5805 ’ποτε’προσίενται,
3328 5735 3478 5805 Orig.
3511 5730 3711 5791 Contra

2133 5799 2293 5867 Cels.,
2327 5806 2358 5854 Ι.
2393 5817 2472 5867 ιιι,
2500 5818 2553 5873 p.
2604 5799 2724 5868 H7,
2762 5806 2890 5857 edit.
2919 5799 3190 5861 Ιιαξδυιιυι.
3234 5807 3385 5860 Ιϋυῦ.
