  <div class='ocr_page' id='page_1' title='image "/cluster/home/n/w/nwhite01/storage/ocr_20150623/137:no.1/coo.31924054870427/080.png"; bbox 0 0 4056 6390; ppageno 0'>
   <div class='ocr_carea' id='block_1_1' title="bbox 360 282 3621 368">
    <p class='ocr_par' dir='ltr' id='par_1_1' title="bbox 360 282 3621 368">
     <span class='ocr_line' id='line_1_1' title="bbox 360 282 3621 368; baseline -0.002 -5"><span class='ocrx_word' id='word_1_1' title='bbox 360 299 462 368; x_wconf 61' lang='grc' dir='ltr'>ιιξι</span> <span class='ocrx_word' id='word_1_2' title='bbox 1596 296 1677 357; x_wconf 83' lang='lat' dir='ltr'><strong>IN</strong></span> <span class='ocrx_word' id='word_1_3' title='bbox 1725 294 1892 356; x_wconf 83' lang='lat' dir='ltr'>CAN.</span> <span class='ocrx_word' id='word_1_4' title='bbox 1933 291 2076 352; x_wconf 82' lang='lat' dir='ltr'>LIII</span> <span class='ocrx_word' id='word_1_5' title='bbox 2139 294 2391 357; x_wconf 75' lang='lat' dir='ltr'>APOST.</span> <span class='ocrx_word' id='word_1_6' title='bbox 3510 282 3621 357; x_wconf 71' lang='lat' dir='ltr'>Its</span> 
     </span>
    </p>
   </div>
   <div class='ocr_carea' id='block_1_2' title="bbox 356 403 1958 482">
    <p class='ocr_par' dir='ltr' id='par_1_2' title="bbox 356 403 1939 482">
     <span class='ocr_line' id='line_1_2' title="bbox 356 403 1939 482; baseline -0.007 -17"><span class='ocrx_word' id='word_1_7' title='bbox 356 412 456 465; x_wconf 67' lang='grc' dir='ltr'>καὶ</span> <span class='ocrx_word' id='word_1_8' title='bbox 490 409 793 481; x_wconf 77' lang='grc' dir='ltr'>συγχωρεῖν</span> <span class='ocrx_word' id='word_1_9' title='bbox 820 409 1195 482; x_wconf 65' lang='grc' dir='ltr'>ἁμαρτήματα</span> <span class='ocrx_word' id='word_1_10' title='bbox 1220 427 1233 441; x_wconf 71' lang='grc' dir='ltr'><strong>ο</strong></span> <span class='ocrx_word' id='word_1_11' title='bbox 1264 410 1399 465; x_wconf 67' lang='grc' dir='ltr'>ἀλλὰ</span> <span class='ocrx_word' id='word_1_12' title='bbox 1430 410 1523 464; x_wconf 64' lang='grc' dir='ltr'>καὶ</span> <span class='ocrx_word' id='word_1_13' title='bbox 1556 411 1605 463; x_wconf 83' lang='grc' dir='ltr'>οἱ</span> <span class='ocrx_word' id='word_1_14' title='bbox 1633 403 1939 478; x_wconf 82' lang='grc' dir='ltr'>πρεσὸύτε-</span> 
     </span>
    </p>
   </div>
   <div class='ocr_carea' id='block_1_3' title="bbox 2012 403 3614 482">
    <p class='ocr_par' dir='ltr' id='par_1_3' title="bbox 2043 403 3614 473">
     <span class='ocr_line' id='line_1_3' title="bbox 2043 403 3614 473; baseline 0.008 -22"><span class='ocrx_word' id='word_1_15' title='bbox 2043 404 2304 459; x_wconf 83' lang='lat' dir='ltr'>missione</span> <span class='ocrx_word' id='word_1_16' title='bbox 2333 403 2705 460; x_wconf 79' lang='lat' dir='ltr'>confessiones</span> <span class='ocrx_word' id='word_1_17' title='bbox 2736 405 2982 461; x_wconf 87' lang='lat' dir='ltr'><strong>audiunt.</strong></span> <span class='ocrx_word' id='word_1_18' title='bbox 3017 406 3208 473; x_wconf 64' lang='lat' dir='ltr'><strong>Quaere</strong></span> <span class='ocrx_word' id='word_1_19' title='bbox 3236 407 3396 460; x_wconf 85' lang='lat' dir='ltr'><strong>ctiam</strong></span> <span class='ocrx_word' id='word_1_20' title='bbox 3429 407 3462 461; x_wconf 87' lang='grc'><strong>6</strong></span> <span class='ocrx_word' id='word_1_21' title='bbox 3490 420 3614 463; x_wconf 83' lang='lat' dir='ltr'><strong>can.</strong></span> 
     </span>
    </p>
   </div>
   <div class='ocr_carea' id='block_1_4' title="bbox 358 496 1960 573">
    <p class='ocr_par' dir='ltr' id='par_1_4' title="bbox 358 500 1937 573">
     <span class='ocr_line' id='line_1_4' title="bbox 358 500 1937 573; baseline -0.004 -17"><span class='ocrx_word' id='word_1_22' title='bbox 358 519 447 573; x_wconf 86' lang='grc' dir='ltr'>ροι</span> <span class='ocrx_word' id='word_1_23' title='bbox 483 503 624 571; x_wconf 73' lang='grc' dir='ltr'>μετὰ</span> <span class='ocrx_word' id='word_1_24' title='bbox 654 502 972 572; x_wconf 81' lang='grc' dir='ltr'>προτροπῆς</span> <span class='ocrx_word' id='word_1_25' title='bbox 998 503 1317 557; x_wconf 77' lang='grc' dir='ltr'>ἐπισκόπων</span> <span class='ocrx_word' id='word_1_26' title='bbox 1342 502 1588 573; x_wconf 85' lang='grc' dir='ltr'>δέχονται</span> <span class='ocrx_word' id='word_1_27' title='bbox 1617 500 1937 569; x_wconf 86' lang='grc' dir='ltr'>λογισμούς.</span> 
     </span>
    </p>
   </div>
   <div class='ocr_carea' id='block_1_5' title="bbox 1685 496 3287 573">
    <p class='ocr_par' dir='ltr' id='par_1_5' title="bbox 1685 496 3287 571">
     <span class='ocr_line' id='line_1_5' title="bbox 1685 496 3287 571; baseline 0.004 -20"><span class='ocrx_word' id='word_1_28' title='bbox 1685 500 1937 569; x_wconf 83' lang='grc' dir='ltr'>γισμούς.</span> <span class='ocrx_word' id='word_1_29' title='bbox 2042 496 2231 554; x_wconf 79' lang='lat' dir='ltr'><strong>Carth.</strong></span> <span class='ocrx_word' id='word_1_30' title='bbox 2256 514 2401 570; x_wconf 85' lang='lat' dir='ltr'><strong>syn.,</strong></span> <span class='ocrx_word' id='word_1_31' title='bbox 2435 508 2491 554; x_wconf 92' lang='lat' dir='ltr'><strong>et</strong></span> <span class='ocrx_word' id='word_1_32' title='bbox 2522 514 2645 569; x_wconf 70' lang='lat' dir='ltr'><strong>qua:</strong></span> <span class='ocrx_word' id='word_1_33' title='bbox 2668 500 2721 554; x_wconf 88' lang='lat' dir='ltr'><strong>in</strong></span> <span class='ocrx_word' id='word_1_34' title='bbox 2754 516 2878 555; x_wconf 90' lang='lat' dir='ltr'>eum</span> <span class='ocrx_word' id='word_1_35' title='bbox 2905 501 3105 571; x_wconf 87' lang='lat' dir='ltr'><strong>scripta</strong></span> <span class='ocrx_word' id='word_1_36' title='bbox 3143 509 3287 557; x_wconf 88' lang='lat' dir='ltr'><strong>sunt.</strong></span> 
     </span>
    </p>
   </div>
   <div class='ocr_carea' id='block_1_6' title="bbox 355 588 1943 665">
    <p class='ocr_par' dir='ltr' id='par_1_6' title="bbox 355 588 1943 665">
     <span class='ocr_line' id='line_1_6' title="bbox 355 588 1943 665; baseline -0.003 -20"><span class='ocrx_word' id='word_1_37' title='bbox 355 593 526 662; x_wconf 85' lang='grc' dir='ltr'>Ζήτει</span> <span class='ocrx_word' id='word_1_38' title='bbox 552 591 645 644; x_wconf 76' lang='grc' dir='ltr'>τὸν</span> <span class='ocrx_word' id='word_1_39' title='bbox 675 589 731 655; x_wconf 83' lang='grc' dir='ltr'>ς’</span> <span class='ocrx_word' id='word_1_40' title='bbox 788 591 989 645; x_wconf 83' lang='grc' dir='ltr'>κανόνα</span> <span class='ocrx_word' id='word_1_41' title='bbox 1021 595 1120 664; x_wconf 79' lang='grc' dir='ltr'>τῆς</span> <span class='ocrx_word' id='word_1_42' title='bbox 1149 595 1206 647; x_wconf 81' lang='grc' dir='ltr'>ὲν</span> <span class='ocrx_word' id='word_1_43' title='bbox 1235 591 1564 665; x_wconf 82' lang='grc' dir='ltr'>Καρθαγένῃ</span> <span class='ocrx_word' id='word_1_44' title='bbox 1598 590 1818 644; x_wconf 80' lang='grc' dir='ltr'>συνόδου</span> <span class='ocrx_word' id='word_1_45' title='bbox 1848 588 1943 641; x_wconf 76' lang='grc' dir='ltr'>καὶ</span> 
     </span>
    </p>
   </div>
   <div class='ocr_carea' id='block_1_7' title="bbox 355 682 1029 754">
    <p class='ocr_par' dir='ltr' id='par_1_7' title="bbox 355 682 1029 754">
     <span class='ocr_line' id='line_1_7' title="bbox 355 682 1029 754; baseline 0 -16"><span class='ocrx_word' id='word_1_46' title='bbox 355 685 431 738; x_wconf 77' lang='grc' dir='ltr'>τὰ</span> <span class='ocrx_word' id='word_1_47' title='bbox 459 685 516 736; x_wconf 81' lang='grc' dir='ltr'>ὲν</span> <span class='ocrx_word' id='word_1_48' title='bbox 541 683 692 754; x_wconf 84' lang='grc' dir='ltr'>αὐτῷ</span> <span class='ocrx_word' id='word_1_49' title='bbox 720 682 1029 753; x_wconf 78' lang='grc' dir='ltr'>γραφέντα.</span> 
     </span>
    </p>
   </div>
   <div class='ocr_carea' id='block_1_8' title="bbox 434 765 2036 849">
    <p class='ocr_par' dir='ltr' id='par_1_8' title="bbox 434 776 1944 849">
     <span class='ocr_line' id='line_1_8' title="bbox 434 776 1944 849; baseline -0.002 -20"><span class='ocrx_word' id='word_1_50' title='bbox 434 776 684 830; x_wconf 85' lang='grc' dir='ltr'>ΖΩΝΑΡ.</span> <span class='ocrx_word' id='word_1_51' title='bbox 723 776 783 830; x_wconf 87' lang='lat'>&#39;0</span> <span class='ocrx_word' id='word_1_52' title='bbox 815 776 1021 849; x_wconf 83' lang='grc' dir='ltr'>Κύριος</span> <span class='ocrx_word' id='word_1_53' title='bbox 1055 778 1212 848; x_wconf 78' lang='grc' dir='ltr'>ἡμῶν</span> <span class='ocrx_word' id='word_1_54' title='bbox 1243 776 1333 831; x_wconf 83' lang='grc' dir='ltr'>διὰ</span> <span class='ocrx_word' id='word_1_55' title='bbox 1360 777 1489 841; x_wconf 83' lang='grc' dir='ltr'>τοὺς</span> <span class='ocrx_word' id='word_1_56' title='bbox 1513 776 1944 847; x_wconf 79' lang='grc' dir='ltr'>ἁμαρτήσαντας</span> 
     </span>
    </p>
   </div>
   <div class='ocr_carea' id='block_1_9' title="bbox 2021 765 3623 849">
    <p class='ocr_par' dir='ltr' id='par_1_9' title="bbox 2118 765 3623 840">
     <span class='ocr_line' id='line_1_9' title="bbox 2118 765 3623 840; baseline 0.004 -20"><span class='ocrx_word' id='word_1_57' title='bbox 2118 765 2369 822; x_wconf 76' lang='lat' dir='ltr'>ZONAR.</span> <span class='ocrx_word' id='word_1_58' title='bbox 2405 766 2665 824; x_wconf 80' lang='lat' dir='ltr'>Dominus</span> <span class='ocrx_word' id='word_1_59' title='bbox 2694 778 2877 824; x_wconf 80' lang='lat' dir='ltr'>noster</span> <span class='ocrx_word' id='word_1_60' title='bbox 2914 778 3135 840; x_wconf 88' lang='lat' dir='ltr'><strong>propter</strong></span> <span class='ocrx_word' id='word_1_61' title='bbox 3174 778 3489 840; x_wconf 81' lang='lat' dir='ltr'><strong>peccatores</strong></span> <span class='ocrx_word' id='word_1_62' title='bbox 3536 775 3623 828; x_wconf 81' lang='lat' dir='ltr'><strong>iu-</strong></span> 
     </span>
    </p>
   </div>
   <div class='ocr_carea' id='block_1_10' title="bbox 356 858 1958 939">
    <p class='ocr_par' dir='ltr' id='par_1_10' title="bbox 356 867 1941 939">
     <span class='ocr_line' id='line_1_10' title="bbox 356 867 1941 939; baseline -0.001 -17"><span class='ocrx_word' id='word_1_63' title='bbox 356 868 613 923; x_wconf 71' lang='lat' dir='ltr'><strong>§x.ltrer</strong></span> <span class='ocrx_word' id='word_1_64' title='bbox 648 867 974 939; x_wconf 71' lang='grc' dir='ltr'>οὐρανοὺς,</span> <span class='ocrx_word' id='word_1_65' title='bbox 1036 870 1135 923; x_wconf 77' lang='grc' dir='ltr'>καὶ</span> <span class='ocrx_word' id='word_1_66' title='bbox 1187 869 1432 937; x_wconf 73' lang='grc' dir='ltr'>κατέδηο</span> <span class='ocrx_word' id='word_1_67' title='bbox 1470 869 1632 931; x_wconf 68' lang='grc' dir='ltr'>αὐτος</span> <span class='ocrx_word' id='word_1_68' title='bbox 1677 868 1786 937; x_wconf 81' lang='grc' dir='ltr'>γὰρ</span> <span class='ocrx_word' id='word_1_69' title='bbox 1814 867 1941 936; x_wconf 77' lang='grc' dir='ltr'>ἔφη’</span> 
     </span>
    </p>
   </div>
   <div class='ocr_carea' id='block_1_11' title="bbox 2014 858 3616 939">
    <p class='ocr_par' dir='ltr' id='par_1_11' title="bbox 2046 858 3616 933">
     <span class='ocr_line' id='line_1_11' title="bbox 2046 858 3616 933; baseline 0.003 -21"><span class='ocrx_word' id='word_1_70' title='bbox 2046 858 2264 913; x_wconf 83' lang='lat' dir='ltr'><strong>clinavit</strong></span> <span class='ocrx_word' id='word_1_71' title='bbox 2306 860 2462 914; x_wconf 66' lang='lat' dir='ltr'><strong>caelos</strong></span> <span class='ocrx_word' id='word_1_72' title='bbox 2486 898 2501 922; x_wconf 89' lang='lat'><strong>,</strong></span> <span class='ocrx_word' id='word_1_73' title='bbox 2550 868 2601 914; x_wconf 85' lang='lat' dir='ltr'>et</span> <span class='ocrx_word' id='word_1_74' title='bbox 2645 860 2910 915; x_wconf 80' lang='lat' dir='ltr'><strong>descendit</strong></span> <span class='ocrx_word' id='word_1_75' title='bbox 2949 862 2988 913; x_wconf 85' lang='grc'>¹.</span> <span class='ocrx_word' id='word_1_76' title='bbox 3023 861 3231 917; x_wconf 84' lang='lat' dir='ltr'><strong>Etenim</strong></span> <span class='ocrx_word' id='word_1_77' title='bbox 3271 863 3401 916; x_wconf 93' lang='lat' dir='ltr'><strong>dicit</strong></span> <span class='ocrx_word' id='word_1_78' title='bbox 3455 865 3569 933; x_wconf 90' lang='lat' dir='ltr'><strong>ipse</strong></span> <span class='ocrx_word' id='word_1_79' title='bbox 3601 881 3616 916; x_wconf 92' lang='lat'>:</span> 
     </span>
    </p>
   </div>
   <div class='ocr_carea' id='block_1_12' title="bbox 352 952 1954 1031">
    <p class='ocr_par' dir='ltr' id='par_1_12' title="bbox 352 957 1948 1031">
     <span class='ocr_line' id='line_1_12' title="bbox 352 957 1948 1031; baseline -0.002 -17"><span class='ocrx_word' id='word_1_80' title='bbox 352 963 483 1015; x_wconf 82' lang='grc' dir='ltr'>Οὐκ</span> <span class='ocrx_word' id='word_1_81' title='bbox 513 958 711 1031; x_wconf 77' lang='grc' dir='ltr'>ἦλθον</span> <span class='ocrx_word' id='word_1_82' title='bbox 737 960 996 1016; x_wconf 76' lang='grc' dir='ltr'>καλέσαι</span> <span class='ocrx_word' id='word_1_83' title='bbox 1025 960 1321 1027; x_wconf 82' lang='grc' dir='ltr'>δικαίους,</span> <span class='ocrx_word' id='word_1_84' title='bbox 1348 961 1510 1016; x_wconf 74' lang='grc' dir='ltr'><em>ἀλλὰ</em></span> <span class='ocrx_word' id='word_1_85' title='bbox 1557 957 1948 1029; x_wconf 75' lang='grc' dir='ltr'>ἁμαρτωλοὺς</span> 
     </span>
    </p>
   </div>
   <div class='ocr_carea' id='block_1_13' title="bbox 2020 952 3622 1031">
    <p class='ocr_par' dir='ltr' id='par_1_13' title="bbox 2046 952 3622 1025">
     <span class='ocr_line' id='line_1_13' title="bbox 2046 952 3622 1025; baseline 0.002 -18"><span class='ocrx_word' id='word_1_86' title='bbox 2046 952 2167 1007; x_wconf 84' lang='lat' dir='ltr'><strong>Non</strong></span> <span class='ocrx_word' id='word_1_87' title='bbox 2195 952 2309 1007; x_wconf 82' lang='lat' dir='ltr'><strong>veni</strong></span> <span class='ocrx_word' id='word_1_88' title='bbox 2338 969 2520 1007; x_wconf 82' lang='lat' dir='ltr'><strong>vocare</strong></span> <span class='ocrx_word' id='word_1_89' title='bbox 2542 954 2740 1022; x_wconf 82' lang='lat' dir='ltr'><strong>justas,</strong></span> <span class='ocrx_word' id='word_1_90' title='bbox 2773 955 2863 1006; x_wconf 85' lang='lat' dir='ltr'>sed</span> <span class='ocrx_word' id='word_1_91' title='bbox 2904 964 3199 1019; x_wconf 77' lang='lat' dir='ltr'><strong>peccatores</strong></span> <span class='ocrx_word' id='word_1_92' title='bbox 3246 957 3314 1009; x_wconf 87' lang='lat' dir='ltr'><strong>ad</strong></span> <span class='ocrx_word' id='word_1_93' title='bbox 3366 957 3622 1025; x_wconf 71' lang='lat' dir='ltr'><strong>paeniten-</strong></span> 
     </span>
    </p>
   </div>
   <div class='ocr_carea' id='block_1_14' title="bbox 357 1046 1959 1123">
    <p class='ocr_par' dir='ltr' id='par_1_14' title="bbox 357 1049 1953 1123">
     <span class='ocr_line' id='line_1_14' title="bbox 357 1049 1953 1123; baseline -0.003 -15"><span class='ocrx_word' id='word_1_94' title='bbox 357 1056 453 1121; x_wconf 77' lang='grc' dir='ltr'>είς</span> <span class='ocrx_word' id='word_1_95' title='bbox 470 1054 818 1123; x_wconf 76' lang='grc' dir='ltr'>μετάνοιαν.</span> <span class='ocrx_word' id='word_1_96' title='bbox 853 1052 912 1106; x_wconf 88' lang='grc'>⁸0</span> <span class='ocrx_word' id='word_1_97' title='bbox 939 1051 1069 1123; x_wconf 87' lang='grc' dir='ltr'>γοῦν</span> <span class='ocrx_word' id='word_1_98' title='bbox 1093 1053 1182 1106; x_wconf 77' lang='grc' dir='ltr'>τὸν</span> <span class='ocrx_word' id='word_1_99' title='bbox 1204 1053 1262 1118; x_wconf 76' lang='grc' dir='ltr'>ἐξ</span> <span class='ocrx_word' id='word_1_100' title='bbox 1290 1051 1563 1123; x_wconf 84' lang='grc' dir='ltr'>ἁμαρτίας</span> <span class='ocrx_word' id='word_1_101' title='bbox 1583 1049 1953 1122; x_wconf 85' lang='grc' dir='ltr'>μετανοοῦντα</span> 
     </span>
    </p>
   </div>
   <div class='ocr_carea' id='block_1_15' title="bbox 2016 1046 3618 1123">
    <p class='ocr_par' dir='ltr' id='par_1_15' title="bbox 2051 1046 3618 1118">
     <span class='ocr_line' id='line_1_15' title="bbox 2051 1046 3618 1118; baseline 0.001 -19"><span class='ocrx_word' id='word_1_102' title='bbox 2051 1047 2201 1101; x_wconf 89' lang='lat' dir='ltr'><strong>tiam.</strong></span> <span class='ocrx_word' id='word_1_103' title='bbox 2221 1046 2321 1114; x_wconf 82' lang='lat' dir='ltr'>Qui</span> <span class='ocrx_word' id='word_1_104' title='bbox 2342 1060 2448 1099; x_wconf 93' lang='lat' dir='ltr'>non</span> <span class='ocrx_word' id='word_1_105' title='bbox 2475 1046 2666 1114; x_wconf 91' lang='lat' dir='ltr'><strong>recipit</strong></span> <span class='ocrx_word' id='word_1_106' title='bbox 2684 1046 2847 1117; x_wconf 78' lang='lat' dir='ltr'>igitur</span> <span class='ocrx_word' id='word_1_107' title='bbox 2861 1061 2924 1101; x_wconf 79' lang='lat' dir='ltr'><strong>ex</strong></span> <span class='ocrx_word' id='word_1_108' title='bbox 2946 1056 3168 1116; x_wconf 84' lang='lat' dir='ltr'><strong>peccato</strong></span> <span class='ocrx_word' id='word_1_109' title='bbox 3193 1049 3618 1118; x_wconf 83' lang='lat' dir='ltr'><strong>resipiscentcm,</strong></span> 
     </span>
    </p>
   </div>
   <div class='ocr_carea' id='block_1_16' title="bbox 365 1140 1967 1218">
    <p class='ocr_par' dir='ltr' id='par_1_16' title="bbox 365 1143 1945 1218">
     <span class='ocr_line' id='line_1_16' title="bbox 365 1143 1945 1218; baseline 0.003 -20"><span class='ocrx_word' id='word_1_110' title='bbox 365 1146 448 1216; x_wconf 85' lang='grc' dir='ltr'>μὴ</span> <span class='ocrx_word' id='word_1_111' title='bbox 478 1146 844 1217; x_wconf 71' lang='grc' dir='ltr'>προσιέμενος</span> <span class='ocrx_word' id='word_1_112' title='bbox 873 1144 1227 1218; x_wconf 81' lang='grc' dir='ltr'>ἀντιπράττει</span> <span class='ocrx_word' id='word_1_113' title='bbox 1256 1144 1480 1215; x_wconf 85' lang='grc' dir='ltr'>Χριστῷ</span> <span class='ocrx_word' id='word_1_114' title='bbox 1523 1143 1600 1215; x_wconf 85' lang='grc' dir='ltr'>τῷ</span> <span class='ocrx_word' id='word_1_115' title='bbox 1626 1144 1746 1213; x_wconf 86' lang='grc' dir='ltr'>Θεῷ</span> <span class='ocrx_word' id='word_1_116' title='bbox 1766 1143 1945 1214; x_wconf 81' lang='grc' dir='ltr'>ἡμῶν.</span> 
     </span>
    </p>
   </div>
   <div class='ocr_carea' id='block_1_17' title="bbox 2020 1140 3622 1218">
    <p class='ocr_par' dir='ltr' id='par_1_17' title="bbox 2049 1140 3622 1210">
     <span class='ocr_line' id='line_1_17' title="bbox 2049 1140 3622 1210; baseline -0.002 -14"><span class='ocrx_word' id='word_1_117' title='bbox 2049 1142 2381 1196; x_wconf 90' lang='lat' dir='ltr'><strong>contrarium</strong></span> <span class='ocrx_word' id='word_1_118' title='bbox 2413 1141 2543 1210; x_wconf 89' lang='lat' dir='ltr'><strong>quid</strong></span> <span class='ocrx_word' id='word_1_119' title='bbox 2583 1140 2713 1196; x_wconf 83' lang='lat' dir='ltr'><strong>facit</strong></span> <span class='ocrx_word' id='word_1_120' title='bbox 2735 1140 2953 1196; x_wconf 88' lang='lat' dir='ltr'><strong>Christo</strong></span> <span class='ocrx_word' id='word_1_121' title='bbox 2989 1141 3097 1194; x_wconf 90' lang='lat' dir='ltr'><strong>Deo</strong></span> <span class='ocrx_word' id='word_1_122' title='bbox 3128 1150 3335 1195; x_wconf 90' lang='lat' dir='ltr'><strong>nostro.</strong></span> <span class='ocrx_word' id='word_1_123' title='bbox 3365 1140 3463 1207; x_wconf 86' lang='lat' dir='ltr'><strong>Qui</strong></span> <span class='ocrx_word' id='word_1_124' title='bbox 3494 1156 3622 1195; x_wconf 88' lang='lat' dir='ltr'><strong>vero</strong></span> 
     </span>
    </p>
   </div>
   <div class='ocr_carea' id='block_1_18' title="bbox 375 1230 1977 1307">
    <p class='ocr_par' dir='ltr' id='par_1_18' title="bbox 375 1235 1950 1307">
     <span class='ocr_line' id='line_1_18' title="bbox 375 1235 1950 1307; baseline -0.003 -16"><span class='ocrx_word' id='word_1_125' title='bbox 375 1239 441 1291; x_wconf 86' lang='grc'>’0</span> <span class='ocrx_word' id='word_1_126' title='bbox 489 1238 550 1292; x_wconf 79' lang='grc' dir='ltr'>δὲ</span> <span class='ocrx_word' id='word_1_127' title='bbox 597 1237 981 1307; x_wconf 71' lang='grc' dir='ltr'>ἀντιπράττων</span> <span class='ocrx_word' id='word_1_128' title='bbox 1045 1237 1198 1307; x_wconf 86' lang='grc' dir='ltr'>αὐτῷ</span> <span class='ocrx_word' id='word_1_129' title='bbox 1241 1237 1338 1291; x_wconf 75' lang='grc' dir='ltr'>καὶ</span> <span class='ocrx_word' id='word_1_130' title='bbox 1409 1235 1950 1305; x_wconf 82' lang='grc' dir='ltr'>ἁντιδιαταττόμενος</span> 
     </span>
    </p>
   </div>
   <div class='ocr_carea' id='block_1_19' title="bbox 2015 1230 3617 1307">
    <p class='ocr_par' dir='ltr' id='par_1_19' title="bbox 2050 1230 3617 1301">
     <span class='ocr_line' id='line_1_19' title="bbox 2050 1230 3617 1301; baseline -0.004 -13"><span class='ocrx_word' id='word_1_131' title='bbox 2050 1232 2385 1288; x_wconf 86' lang='lat' dir='ltr'><strong>contrarium</strong></span> <span class='ocrx_word' id='word_1_132' title='bbox 2412 1231 2541 1300; x_wconf 90' lang='lat' dir='ltr'><strong>quid</strong></span> <span class='ocrx_word' id='word_1_133' title='bbox 2574 1231 2704 1301; x_wconf 86' lang='lat' dir='ltr'><strong>agit,</strong></span> <span class='ocrx_word' id='word_1_134' title='bbox 2733 1239 2788 1286; x_wconf 90' lang='lat' dir='ltr'><strong>et</strong></span> <span class='ocrx_word' id='word_1_135' title='bbox 2816 1245 2880 1285; x_wconf 85' lang='lat' dir='ltr'><strong>ex</strong></span> <span class='ocrx_word' id='word_1_136' title='bbox 2911 1231 3139 1287; x_wconf 88' lang='lat' dir='ltr'><strong>adverso</strong></span> <span class='ocrx_word' id='word_1_137' title='bbox 3174 1230 3248 1284; x_wconf 90' lang='lat' dir='ltr'>illi</span> <span class='ocrx_word' id='word_1_138' title='bbox 3293 1231 3582 1298; x_wconf 86' lang='lat' dir='ltr'><strong>opponitur</strong></span> <span class='ocrx_word' id='word_1_139' title='bbox 3603 1270 3617 1292; x_wconf 95' lang='lat'><strong>,</strong></span> 
     </span>
    </p>
   </div>
   <div class='ocr_carea' id='block_1_20' title="bbox 363 1321 1965 1399">
    <p class='ocr_par' dir='ltr' id='par_1_20' title="bbox 363 1324 1951 1399">
     <span class='ocr_line' id='line_1_20' title="bbox 363 1324 1951 1399; baseline -0.004 -16"><span class='ocrx_word' id='word_1_140' title='bbox 363 1330 473 1383; x_wconf 71' lang='grc' dir='ltr'>οὐκ</span> <span class='ocrx_word' id='word_1_141' title='bbox 494 1328 644 1383; x_wconf 80' lang='grc' dir='ltr'>ἔστιν</span> <span class='ocrx_word' id='word_1_142' title='bbox 669 1328 836 1383; x_wconf 85' lang='grc' dir='ltr'>αὐτοῦ</span> <span class='ocrx_word' id='word_1_143' title='bbox 868 1329 1138 1399; x_wconf 74' lang='grc' dir='ltr'>μαθητής*</span> <span class='ocrx_word' id='word_1_144' title='bbox 1165 1331 1194 1383; x_wconf 85' lang='grc' dir='ltr'>ό</span> <span class='ocrx_word' id='word_1_145' title='bbox 1219 1328 1276 1381; x_wconf 83' lang='grc' dir='ltr'>δὲ</span> <span class='ocrx_word' id='word_1_146' title='bbox 1307 1326 1382 1399; x_wconf 82' lang='grc' dir='ltr'>μὴ</span> <span class='ocrx_word' id='word_1_147' title='bbox 1403 1327 1479 1381; x_wconf 85' lang='grc' dir='ltr'>ὣν</span> <span class='ocrx_word' id='word_1_148' title='bbox 1502 1325 1668 1380; x_wconf 83' lang='grc' dir='ltr'>αὑτοῦ</span> <span class='ocrx_word' id='word_1_149' title='bbox 1702 1324 1951 1396; x_wconf 86' lang='grc' dir='ltr'>μαθητὴς</span> 
     </span>
    </p>
   </div>
   <div class='ocr_carea' id='block_1_21' title="bbox 2023 1321 3625 1399">
    <p class='ocr_par' dir='ltr' id='par_1_21' title="bbox 2052 1321 3625 1393">
     <span class='ocr_line' id='line_1_21' title="bbox 2052 1321 3625 1393; baseline -0.001 -15"><span class='ocrx_word' id='word_1_150' title='bbox 2052 1339 2157 1378; x_wconf 93' lang='lat' dir='ltr'>non</span> <span class='ocrx_word' id='word_1_151' title='bbox 2189 1333 2273 1379; x_wconf 91' lang='lat' dir='ltr'><strong>est</strong></span> <span class='ocrx_word' id='word_1_152' title='bbox 2299 1323 2415 1393; x_wconf 78' lang='lat' dir='ltr'><strong>eius</strong></span> <span class='ocrx_word' id='word_1_153' title='bbox 2439 1324 2757 1393; x_wconf 87' lang='lat' dir='ltr'>discipulus.</span> <span class='ocrx_word' id='word_1_154' title='bbox 2786 1322 2856 1377; x_wconf 90' lang='lat' dir='ltr'>At</span> <span class='ocrx_word' id='word_1_155' title='bbox 2875 1337 3003 1377; x_wconf 91' lang='lat' dir='ltr'><strong>vero</strong></span> <span class='ocrx_word' id='word_1_156' title='bbox 3038 1323 3128 1392; x_wconf 93' lang='lat' dir='ltr'>qni</span> <span class='ocrx_word' id='word_1_157' title='bbox 3178 1337 3284 1377; x_wconf 91' lang='lat' dir='ltr'>non</span> <span class='ocrx_word' id='word_1_158' title='bbox 3331 1333 3412 1375; x_wconf 86' lang='lat' dir='ltr'>est</span> <span class='ocrx_word' id='word_1_159' title='bbox 3456 1321 3625 1390; x_wconf 88' lang='lat' dir='ltr'><strong>ipsius</strong></span> 
     </span>
    </p>
   </div>
   <div class='ocr_carea' id='block_1_22' title="bbox 370 1413 1972 1493">
    <p class='ocr_par' dir='ltr' id='par_1_22' title="bbox 370 1417 1953 1493">
     <span class='ocr_line' id='line_1_22' title="bbox 370 1417 1953 1493; baseline -0.004 -19"><span class='ocrx_word' id='word_1_160' title='bbox 370 1422 632 1493; x_wconf 70' lang='grc' dir='ltr'>ἱερᾶσθαι</span> <span class='ocrx_word' id='word_1_161' title='bbox 658 1422 761 1475; x_wconf 82' lang='grc' dir='ltr'>οὐκ</span> <span class='ocrx_word' id='word_1_162' title='bbox 785 1421 957 1486; x_wconf 77' lang='grc' dir='ltr'>ἄξιος.</span> <span class='ocrx_word' id='word_1_163' title='bbox 1005 1421 1131 1484; x_wconf 86' lang='grc' dir='ltr'>Πῶς</span> <span class='ocrx_word' id='word_1_164' title='bbox 1155 1420 1268 1493; x_wconf 84' lang='grc' dir='ltr'>γὰρ</span> <span class='ocrx_word' id='word_1_165' title='bbox 1296 1420 1355 1483; x_wconf 84' lang='grc' dir='ltr'>δς</span> <span class='ocrx_word' id='word_1_166' title='bbox 1404 1418 1778 1489; x_wconf 85' lang='grc' dir='ltr'>Ἀντίχριστον</span> <span class='ocrx_word' id='word_1_167' title='bbox 1824 1417 1953 1469; x_wconf 68' lang='grc' dir='ltr'>ἑαυο</span> 
     </span>
    </p>
   </div>
   <div class='ocr_carea' id='block_1_23' title="bbox 2021 1413 3623 1493">
    <p class='ocr_par' dir='ltr' id='par_1_23' title="bbox 2053 1413 3623 1487">
     <span class='ocr_line' id='line_1_23' title="bbox 2053 1413 3623 1487; baseline -0.001 -15"><span class='ocrx_word' id='word_1_168' title='bbox 2053 1416 2391 1487; x_wconf 88' lang='lat' dir='ltr'><strong>discipulus,</strong></span> <span class='ocrx_word' id='word_1_169' title='bbox 2433 1417 2685 1486; x_wconf 82' lang='lat' dir='ltr'><strong>indignus</strong></span> <span class='ocrx_word' id='word_1_170' title='bbox 2737 1425 2862 1481; x_wconf 87' lang='lat' dir='ltr'><strong>est,</strong></span> <span class='ocrx_word' id='word_1_171' title='bbox 2903 1416 2992 1487; x_wconf 86' lang='lat' dir='ltr'><strong>qui</strong></span> <span class='ocrx_word' id='word_1_172' title='bbox 3021 1431 3235 1471; x_wconf 91' lang='lat' dir='ltr'><strong>sacrum</strong></span> <span class='ocrx_word' id='word_1_173' title='bbox 3265 1413 3446 1469; x_wconf 82' lang='lat' dir='ltr'><strong>faciat.</strong></span> <span class='ocrx_word' id='word_1_174' title='bbox 3488 1413 3623 1470; x_wconf 70' lang='lat' dir='ltr'><strong>Nam</strong></span> 
     </span>
    </p>
   </div>
   <div class='ocr_carea' id='block_1_24' title="bbox 365 1505 1967 1587">
    <p class='ocr_par' dir='ltr' id='par_1_24' title="bbox 365 1510 1949 1587">
     <span class='ocr_line' id='line_1_24' title="bbox 365 1510 1949 1587; baseline -0.003 -19"><span class='ocrx_word' id='word_1_175' title='bbox 365 1516 465 1568; x_wconf 81' lang='grc' dir='ltr'>τὸν</span> <span class='ocrx_word' id='word_1_176' title='bbox 490 1514 816 1587; x_wconf 83' lang='grc' dir='ltr'>καθίστησιν</span> <span class='ocrx_word' id='word_1_177' title='bbox 848 1514 1095 1570; x_wconf 80' lang='grc' dir='ltr'>ὲναντιού</span> <span class='ocrx_word' id='word_1_178' title='bbox 1106 1531 1269 1585; x_wconf 86' lang='grc' dir='ltr'>μενος</span> <span class='ocrx_word' id='word_1_179' title='bbox 1295 1511 1372 1583; x_wconf 85' lang='grc' dir='ltr'>τῷ</span> <span class='ocrx_word' id='word_1_180' title='bbox 1393 1514 1605 1567; x_wconf 71' lang='grc' dir='ltr'>ἐκείνου</span> <span class='ocrx_word' id='word_1_181' title='bbox 1658 1510 1949 1583; x_wconf 75' lang='grc' dir='ltr'>θελήματι,</span> 
     </span>
    </p>
   </div>
   <div class='ocr_carea' id='block_1_25' title="bbox 2027 1505 3629 1587">
    <p class='ocr_par' dir='ltr' id='par_1_25' title="bbox 2054 1505 3629 1582">
     <span class='ocr_line' id='line_1_25' title="bbox 2054 1505 3629 1582; baseline -0.004 -19"><span class='ocrx_word' id='word_1_182' title='bbox 2054 1510 2326 1582; x_wconf 89' lang='lat' dir='ltr'><strong>quomodo</strong></span> <span class='ocrx_word' id='word_1_183' title='bbox 2357 1509 2446 1578; x_wconf 90' lang='lat' dir='ltr'>qui</span> <span class='ocrx_word' id='word_1_184' title='bbox 2476 1508 2685 1563; x_wconf 84' lang='lat' dir='ltr'><strong>hostem</strong></span> <span class='ocrx_word' id='word_1_185' title='bbox 2719 1508 2922 1563; x_wconf 87' lang='lat' dir='ltr'>Christi</span> <span class='ocrx_word' id='word_1_186' title='bbox 2956 1522 3016 1564; x_wconf 88' lang='lat' dir='ltr'>se</span> <span class='ocrx_word' id='word_1_187' title='bbox 3040 1508 3198 1578; x_wconf 83' lang='lat' dir='ltr'><strong>gerit,</strong></span> <span class='ocrx_word' id='word_1_188' title='bbox 3246 1505 3415 1576; x_wconf 90' lang='lat' dir='ltr'><strong>ipsius</strong></span> <span class='ocrx_word' id='word_1_189' title='bbox 3464 1518 3629 1575; x_wconf 85' lang='lat' dir='ltr'><strong>repu-</strong></span> 
     </span>
    </p>
   </div>
   <div class='ocr_carea' id='block_1_26' title="bbox 366 1600 1968 1677">
    <p class='ocr_par' dir='ltr' id='par_1_26' title="bbox 366 1605 1071 1677">
     <span class='ocr_line' id='line_1_26' title="bbox 366 1605 1071 1677; baseline 0 -19"><span class='ocrx_word' id='word_1_190' title='bbox 366 1605 560 1669; x_wconf 79' lang='grc' dir='ltr'>δεκτὸς</span> <span class='ocrx_word' id='word_1_191' title='bbox 593 1607 852 1677; x_wconf 82' lang='grc' dir='ltr'>τυγχάνει</span> <span class='ocrx_word' id='word_1_192' title='bbox 888 1605 1036 1675; x_wconf 78' lang='grc' dir='ltr'>αὐτῷ</span> <span class='ocrx_word' id='word_1_193' title='bbox 1057 1624 1071 1672; x_wconf 91' lang='lat'><strong>;</strong></span> 
     </span>
    </p>
   </div>
   <div class='ocr_carea' id='block_1_27' title="bbox 1498 1600 3100 1677">
    <p class='ocr_par' dir='ltr' id='par_1_27' title="bbox 2056 1600 3100 1673">
     <span class='ocr_line' id='line_1_27' title="bbox 2056 1600 3100 1673; baseline -0.002 -17"><span class='ocrx_word' id='word_1_194' title='bbox 2056 1618 2227 1673; x_wconf 85' lang='lat' dir='ltr'><strong>gnans</strong></span> <span class='ocrx_word' id='word_1_195' title='bbox 2249 1603 2534 1667; x_wconf 87' lang='lat' dir='ltr'><strong>voluntati,</strong></span> <span class='ocrx_word' id='word_1_196' title='bbox 2562 1602 2630 1657; x_wconf 87' lang='lat' dir='ltr'><strong>ab</strong></span> <span class='ocrx_word' id='word_1_197' title='bbox 2660 1616 2726 1656; x_wconf 87' lang='lat' dir='ltr'>eo</span> <span class='ocrx_word' id='word_1_198' title='bbox 2764 1600 3100 1670; x_wconf 79' lang='lat' dir='ltr'><strong>recipiatur?</strong></span> 
     </span>
    </p>
   </div>
   <div class='ocr_carea' id='block_1_28' title="bbox 382 1691 1984 1797">
    <p class='ocr_par' dir='ltr' id='par_1_28' title="bbox 382 1694 1953 1768">
     <span class='ocr_line' id='line_1_28' title="bbox 382 1694 1953 1768; baseline 0 -19"><span class='ocrx_word' id='word_1_199' title='bbox 382 1696 629 1752; x_wconf 69' lang='lat' dir='ltr'>&#39;APIZT.</span> <span class='ocrx_word' id='word_1_200' title='bbox 697 1698 763 1751; x_wconf 84' lang='grc' dir='ltr'>ὀ</span> <span class='ocrx_word' id='word_1_201' title='bbox 802 1696 927 1762; x_wconf 81' lang='grc' dir='ltr'>τοῖς</span> <span class='ocrx_word' id='word_1_202' title='bbox 969 1696 1333 1766; x_wconf 73' lang='grc' dir='ltr'>ιιετανοοῦσι</span> <span class='ocrx_word' id='word_1_203' title='bbox 1375 1696 1462 1767; x_wconf 78' lang='grc' dir='ltr'>μὴ</span> <span class='ocrx_word' id='word_1_204' title='bbox 1517 1694 1953 1768; x_wconf 73' lang='grc' dir='ltr'>συγγινώσκων</span> 
     </span>
    </p>
   </div>
   <div class='ocr_carea' id='block_1_29' title="bbox 2032 1691 3634 1797">
    <p class='ocr_par' dir='ltr' id='par_1_29' title="bbox 2058 1691 3634 1763">
     <span class='ocr_line' id='line_1_29' title="bbox 2058 1691 3634 1763; baseline -0.004 -12"><span class='ocrx_word' id='word_1_205' title='bbox 2058 1693 2284 1751; x_wconf 82' lang='lat' dir='ltr'>ARIST.</span> <span class='ocrx_word' id='word_1_206' title='bbox 2357 1693 2461 1761; x_wconf 74' lang='lat' dir='ltr'><strong>Qui</strong></span> <span class='ocrx_word' id='word_1_207' title='bbox 2538 1692 2957 1763; x_wconf 82' lang='lat' dir='ltr'><strong>resipiscentibus</strong></span> <span class='ocrx_word' id='word_1_208' title='bbox 3028 1708 3131 1747; x_wconf 84' lang='lat' dir='ltr'>non</span> <span class='ocrx_word' id='word_1_209' title='bbox 3204 1691 3464 1762; x_wconf 79' lang='lat' dir='ltr'><strong>ignoscit,</strong></span> <span class='ocrx_word' id='word_1_210' title='bbox 3527 1692 3634 1760; x_wconf 76' lang='lat' dir='ltr'><strong>ipse</strong></span> 
     </span>
    </p>
   </div>
   <div class='ocr_carea' id='block_1_30' title="bbox 867 1785 2469 1857">
    <p class='ocr_par' dir='ltr' id='par_1_30' title="bbox 867 1785 2026 1857">
     <span class='ocr_line' id='line_1_30' title="bbox 867 1785 2026 1857; baseline 0.003 -16"><span class='ocrx_word' id='word_1_211' title='bbox 867 1788 1458 1857; x_wconf 75' lang='grc' dir='ltr'>ἀσυγγνωστότερος.</span> <span class='ocrx_word' id='word_1_212' title='bbox 1981 1785 2026 1797; x_wconf 71' lang='grc'>’⁷</span> 
     </span>
    </p>
   </div>
   <div class='ocr_carea' id='block_1_31' title="bbox 1601 1785 3203 1857">
    <p class='ocr_par' dir='ltr' id='par_1_31' title="bbox 1981 1785 3203 1857">
     <span class='ocr_line' id='line_1_31' title="bbox 1981 1785 3203 1857; baseline -0.004 -15"><span class='ocrx_word' id='word_1_213' title='bbox 1981 1785 2026 1797; x_wconf 73' lang='grc'>’⁷</span> <span class='ocrx_word' id='word_1_214' title='bbox 2478 1786 2801 1856; x_wconf 82' lang='lat' dir='ltr'><strong>ignescentia</strong></span> <span class='ocrx_word' id='word_1_215' title='bbox 2832 1785 3077 1857; x_wconf 85' lang='lat' dir='ltr'><strong>indignus</strong></span> <span class='ocrx_word' id='word_1_216' title='bbox 3108 1791 3203 1838; x_wconf 80' lang='lat' dir='ltr'><strong>est.</strong></span> 
     </span>
    </p>
   </div>
   <div class='ocr_carea' id='block_1_32' title="bbox 448 1872 2050 1951">
    <p class='ocr_par' dir='ltr' id='par_1_32' title="bbox 448 1872 1950 1951">
     <span class='ocr_line' id='line_1_32' title="bbox 448 1872 1950 1951; baseline -0.001 -18"><span class='ocrx_word' id='word_1_217' title='bbox 448 1879 563 1935; x_wconf 73' lang='lat' dir='ltr'><strong>Kal.</strong></span> <span class='ocrx_word' id='word_1_218' title='bbox 600 1872 775 1944; x_wconf 79' lang='grc' dir='ltr'>οὗτος,</span> <span class='ocrx_word' id='word_1_219' title='bbox 832 1880 1095 1950; x_wconf 81' lang='grc' dir='ltr'>κληρικὸς</span> <span class='ocrx_word' id='word_1_220' title='bbox 1121 1878 1218 1947; x_wconf 81' lang='grc' dir='ltr'>ὣν,</span> <span class='ocrx_word' id='word_1_221' title='bbox 1273 1882 1635 1951; x_wconf 81' lang='grc' dir='ltr'>καθαιρεῖται,</span> <span class='ocrx_word' id='word_1_222' title='bbox 1672 1882 1750 1945; x_wconf 84' lang='grc' dir='ltr'>ὡς</span> <span class='ocrx_word' id='word_1_223' title='bbox 1797 1881 1950 1935; x_wconf 73' lang='grc' dir='ltr'>ἔναν-</span> 
     </span>
    </p>
   </div>
   <div class='ocr_carea' id='block_1_33' title="bbox 2033 1872 3635 1951">
    <p class='ocr_par' dir='ltr' id='par_1_33' title="bbox 2124 1873 3635 1946">
     <span class='ocr_line' id='line_1_33' title="bbox 2124 1873 3635 1946; baseline -0.007 -9"><span class='ocrx_word' id='word_1_224' title='bbox 2124 1883 2192 1937; x_wconf 86' lang='grc' dir='ltr'>Ει</span> <span class='ocrx_word' id='word_1_225' title='bbox 2216 1882 2322 1945; x_wconf 91' lang='lat' dir='ltr'><strong>hic,</strong></span> <span class='ocrx_word' id='word_1_226' title='bbox 2350 1881 2395 1936; x_wconf 89' lang='lat' dir='ltr'>si</span> <span class='ocrx_word' id='word_1_227' title='bbox 2425 1880 2497 1936; x_wconf 85' lang='lat' dir='ltr'>sit</span> <span class='ocrx_word' id='word_1_228' title='bbox 2534 1879 2790 1943; x_wconf 87' lang='lat' dir='ltr'><strong>clericus,</strong></span> <span class='ocrx_word' id='word_1_229' title='bbox 2825 1877 3110 1946; x_wconf 83' lang='lat' dir='ltr'><strong>deponitur</strong></span> <span class='ocrx_word' id='word_1_230' title='bbox 3133 1915 3149 1940; x_wconf 88' lang='lat'><strong>,</strong></span> <span class='ocrx_word' id='word_1_231' title='bbox 3187 1882 3247 1930; x_wconf 90' lang='lat' dir='ltr'><strong>ut</strong></span> <span class='ocrx_word' id='word_1_232' title='bbox 3280 1874 3373 1945; x_wconf 92' lang='lat' dir='ltr'>qui</span> <span class='ocrx_word' id='word_1_233' title='bbox 3404 1873 3635 1929; x_wconf 91' lang='lat' dir='ltr'><strong>Domino</strong></span> 
     </span>
    </p>
   </div>
   <div class='ocr_carea' id='block_1_34' title="bbox 372 1968 1974 2044">
    <p class='ocr_par' dir='ltr' id='par_1_34' title="bbox 372 1971 1952 2044">
     <span class='ocr_line' id='line_1_34' title="bbox 372 1971 1952 2044; baseline 0.001 -19"><span class='ocrx_word' id='word_1_234' title='bbox 372 1971 661 2042; x_wconf 75' lang='grc' dir='ltr'>τισόμενος</span> <span class='ocrx_word' id='word_1_235' title='bbox 730 1971 811 2043; x_wconf 89' lang='grc' dir='ltr'>τῷ</span> <span class='ocrx_word' id='word_1_236' title='bbox 860 1972 1052 2043; x_wconf 81' lang='grc' dir='ltr'>Κυρίῳ</span> <span class='ocrx_word' id='word_1_237' title='bbox 1131 1972 1381 2041; x_wconf 68' lang='grc' dir='ltr'>εἰπόντι,</span> <span class='ocrx_word' id='word_1_238' title='bbox 1448 1972 1624 2044; x_wconf 82' lang='grc' dir='ltr'>χαρὰν</span> <span class='ocrx_word' id='word_1_239' title='bbox 1703 1973 1952 2041; x_wconf 85' lang='grc' dir='ltr'>γίνεσθαι</span> 
     </span>
    </p>
   </div>
   <div class='ocr_carea' id='block_1_35' title="bbox 2035 1968 3637 2044">
    <p class='ocr_par' dir='ltr' id='par_1_35' title="bbox 2054 1968 3637 2042">
     <span class='ocr_line' id='line_1_35' title="bbox 2054 1968 3637 2042; baseline -0.006 -10"><span class='ocrx_word' id='word_1_240' title='bbox 2054 1977 2382 2032; x_wconf 84' lang='lat' dir='ltr'><strong>adversatur</strong></span> <span class='ocrx_word' id='word_1_241' title='bbox 2407 1973 2652 2037; x_wconf 88' lang='lat' dir='ltr'><strong>dicenti,</strong></span> <span class='ocrx_word' id='word_1_242' title='bbox 2687 1971 2942 2042; x_wconf 79' lang='lat' dir='ltr'><strong>gaudium</strong></span> <span class='ocrx_word' id='word_1_243' title='bbox 3000 1983 3122 2027; x_wconf 91' lang='lat' dir='ltr'><strong>esse</strong></span> <span class='ocrx_word' id='word_1_244' title='bbox 3179 1969 3233 2025; x_wconf 88' lang='lat' dir='ltr'>in</span> <span class='ocrx_word' id='word_1_245' title='bbox 3285 1968 3426 2026; x_wconf 60' lang='lat' dir='ltr'><strong>coelo</strong></span> <span class='ocrx_word' id='word_1_246' title='bbox 3473 1982 3637 2039; x_wconf 86' lang='lat' dir='ltr'><strong>super</strong></span> 
     </span>
    </p>
   </div>
   <div class='ocr_carea' id='block_1_36' title="bbox 375 2062 1977 2139">
    <p class='ocr_par' dir='ltr' id='par_1_36' title="bbox 375 2062 1773 2136">
     <span class='ocr_line' id='line_1_36' title="bbox 375 2062 1773 2136; baseline 0.002 -19"><span class='ocrx_word' id='word_1_247' title='bbox 375 2065 437 2117; x_wconf 78' lang='grc' dir='ltr'>ὲν</span> <span class='ocrx_word' id='word_1_248' title='bbox 477 2062 694 2135; x_wconf 83' lang='grc' dir='ltr'>οὐρανῷ</span> <span class='ocrx_word' id='word_1_249' title='bbox 749 2066 845 2118; x_wconf 74' lang='grc' dir='ltr'>ἐπὶ</span> <span class='ocrx_word' id='word_1_250' title='bbox 890 2064 973 2118; x_wconf 75' lang='grc' dir='ltr'>ἑνὶ</span> <span class='ocrx_word' id='word_1_251' title='bbox 1012 2064 1331 2134; x_wconf 79' lang='grc' dir='ltr'>ἁμαρτωλῷ</span> <span class='ocrx_word' id='word_1_252' title='bbox 1393 2065 1773 2136; x_wconf 81' lang='grc' dir='ltr'>μετανοοῦντι.</span> 
     </span>
    </p>
   </div>
   <div class='ocr_carea' id='block_1_37' title="bbox 1293 2062 2895 2139">
    <p class='ocr_par' dir='ltr' id='par_1_37' title="bbox 1293 2064 2895 2139">
     <span class='ocr_line' id='line_1_37' title="bbox 1293 2064 2895 2139; baseline -0.001 -19"><span class='ocrx_word' id='word_1_253' title='bbox 1293 2064 1331 2134; x_wconf 80' lang='grc' dir='ltr'>ᾧ</span> <span class='ocrx_word' id='word_1_254' title='bbox 1393 2065 1773 2136; x_wconf 81' lang='grc' dir='ltr'>μετανοοῦντι.</span> <span class='ocrx_word' id='word_1_255' title='bbox 2055 2083 2163 2124; x_wconf 85' lang='lat' dir='ltr'>uno</span> <span class='ocrx_word' id='word_1_256' title='bbox 2194 2075 2482 2139; x_wconf 78' lang='lat' dir='ltr'><strong>peccatore</strong></span> <span class='ocrx_word' id='word_1_257' title='bbox 2516 2065 2895 2136; x_wconf 87' lang='lat' dir='ltr'><strong>resipiscente.</strong></span> 
     </span>
    </p>
   </div>
   <div class='ocr_carea' id='block_1_38' title="bbox 992 2155 2594 2215">
    <p class='ocr_par' dir='ltr' id='par_1_38' title="bbox 992 2158 1398 2215">
     <span class='ocr_line' id='line_1_38' title="bbox 992 2158 1398 2215; baseline 0.012 -6"><span class='ocrx_word' id='word_1_258' title='bbox 992 2158 1235 2210; x_wconf 81' lang='grc' dir='ltr'>ΚΑΝΩΝ</span> <span class='ocrx_word' id='word_1_259' title='bbox 1267 2159 1398 2215; x_wconf 70' lang='lat' dir='ltr'><strong>Nl&quot;.</strong></span> 
     </span>
    </p>
   </div>
   <div class='ocr_carea' id='block_1_39' title="bbox 1432 2155 3034 2215">
    <p class='ocr_par' dir='ltr' id='par_1_39' title="bbox 2644 2155 3034 2215">
     <span class='ocr_line' id='line_1_39' title="bbox 2644 2155 3034 2215; baseline -0.01 -1"><span class='ocrx_word' id='word_1_260' title='bbox 2644 2156 2874 2215; x_wconf 82' lang='lat' dir='ltr'><strong>CANON</strong></span> <span class='ocrx_word' id='word_1_261' title='bbox 2907 2155 3034 2211; x_wconf 72' lang='grc' dir='ltr'>ΗΠ.</span> 
     </span>
    </p>
   </div>
   <div class='ocr_carea' id='block_1_40' title="bbox 377 2245 1979 2327">
    <p class='ocr_par' dir='ltr' id='par_1_40' title="bbox 377 2248 1958 2321">
     <span class='ocr_line' id='line_1_40' title="bbox 377 2248 1958 2321; baseline 0.004 -17"><span class='ocrx_word' id='word_1_262' title='bbox 377 2248 455 2304; x_wconf 78' lang='grc' dir='ltr'>Εἴ</span> <span class='ocrx_word' id='word_1_263' title='bbox 482 2265 572 2316; x_wconf 80' lang='grc' dir='ltr'>τις</span> <span class='ocrx_word' id='word_1_264' title='bbox 608 2249 943 2316; x_wconf 82' lang='grc' dir='ltr'>ἐπίσκοπος</span> <span class='ocrx_word' id='word_1_265' title='bbox 983 2250 1022 2319; x_wconf 79' lang='grc' dir='ltr'>ἢ</span> <span class='ocrx_word' id='word_1_266' title='bbox 1056 2252 1459 2320; x_wconf 72' lang='grc' dir='ltr'>πρεσϐύτερος</span> <span class='ocrx_word' id='word_1_267' title='bbox 1488 2251 1525 2321; x_wconf 78' lang='grc' dir='ltr'>ἢ</span> <span class='ocrx_word' id='word_1_268' title='bbox 1568 2251 1848 2319; x_wconf 82' lang='grc' dir='ltr'>διάκονος</span> <span class='ocrx_word' id='word_1_269' title='bbox 1887 2254 1958 2310; x_wconf 76' lang='grc' dir='ltr'>ἐν</span> 
     </span>
    </p>
   </div>
   <div class='ocr_carea' id='block_1_41' title="bbox 2036 2245 3638 2327">
    <p class='ocr_par' dir='ltr' id='par_1_41' title="bbox 2059 2245 3638 2327">
     <span class='ocr_line' id='line_1_41' title="bbox 2059 2245 3638 2327; baseline -0.009 -15"><span class='ocrx_word' id='word_1_270' title='bbox 2059 2255 2119 2312; x_wconf 90' lang='lat' dir='ltr'><strong>Si</strong></span> <span class='ocrx_word' id='word_1_271' title='bbox 2155 2256 2273 2327; x_wconf 87' lang='lat' dir='ltr'><strong>quis</strong></span> <span class='ocrx_word' id='word_1_272' title='bbox 2297 2255 2565 2320; x_wconf 73' lang='lat' dir='ltr'><strong>episcopus</strong></span> <span class='ocrx_word' id='word_1_273' title='bbox 2599 2293 2614 2317; x_wconf 95' lang='lat'><strong>,</strong></span> <span class='ocrx_word' id='word_1_274' title='bbox 2652 2252 2731 2305; x_wconf 81' lang='lat' dir='ltr'>vel</span> <span class='ocrx_word' id='word_1_275' title='bbox 2775 2250 3078 2321; x_wconf 81' lang='lat' dir='ltr'><strong>presbyter,</strong></span> <span class='ocrx_word' id='word_1_276' title='bbox 3136 2248 3230 2303; x_wconf 63' lang='grc' dir='ltr'>νει</span> <span class='ocrx_word' id='word_1_277' title='bbox 3255 2247 3512 2300; x_wconf 82' lang='lat' dir='ltr'><strong>diaconus</strong></span> <span class='ocrx_word' id='word_1_278' title='bbox 3534 2288 3547 2310; x_wconf 87' lang='lat'><strong>,</strong></span> <span class='ocrx_word' id='word_1_279' title='bbox 3583 2245 3638 2298; x_wconf 85' lang='lat' dir='ltr'>in</span> 
     </span>
    </p>
   </div>
   <div class='ocr_carea' id='block_1_42' title="bbox 453 2338 2055 2421">
    <p class='ocr_par' dir='ltr' id='par_1_42' title="bbox 453 2343 1957 2420">
     <span class='ocr_line' id='line_1_42' title="bbox 453 2343 1957 2420; baseline 0.006 -24"><span class='ocrx_word' id='word_1_280' title='bbox 453 2343 585 2408; x_wconf 83' lang='grc' dir='ltr'>ταῖς</span> <span class='ocrx_word' id='word_1_281' title='bbox 622 2344 875 2412; x_wconf 77' lang='grc' dir='ltr'>ἡμέραις</span> <span class='ocrx_word' id='word_1_282' title='bbox 929 2343 1052 2398; x_wconf 83' lang='grc' dir='ltr'>τῶν</span> <span class='ocrx_word' id='word_1_283' title='bbox 1125 2345 1349 2413; x_wconf 79' lang='grc' dir='ltr'>ἑορτῶν</span> <span class='ocrx_word' id='word_1_284' title='bbox 1389 2348 1462 2402; x_wconf 83' lang='grc' dir='ltr'>οὐ</span> <span class='ocrx_word' id='word_1_285' title='bbox 1516 2349 1957 2420; x_wconf 78' lang='grc' dir='ltr'>μεταλαμϐάνει</span> 
     </span>
    </p>
   </div>
   <div class='ocr_carea' id='block_1_43' title="bbox 2040 2338 3642 2421">
    <p class='ocr_par' dir='ltr' id='par_1_43' title="bbox 2132 2338 3642 2421">
     <span class='ocr_line' id='line_1_43' title="bbox 2132 2338 3642 2421; baseline -0.011 -16"><span class='ocrx_word' id='word_1_286' title='bbox 2132 2351 2280 2421; x_wconf 80' lang='lat' dir='ltr'><strong>festis</strong></span> <span class='ocrx_word' id='word_1_287' title='bbox 2307 2349 2488 2403; x_wconf 84' lang='lat' dir='ltr'><strong>diebus</strong></span> <span class='ocrx_word' id='word_1_288' title='bbox 2533 2362 2757 2413; x_wconf 85' lang='lat' dir='ltr'><strong>carnem</strong></span> <span class='ocrx_word' id='word_1_289' title='bbox 2782 2355 2831 2399; x_wconf 84' lang='lat' dir='ltr'>et</span> <span class='ocrx_word' id='word_1_290' title='bbox 2860 2345 3036 2399; x_wconf 85' lang='lat' dir='ltr'><strong>vinum</strong></span> <span class='ocrx_word' id='word_1_291' title='bbox 3073 2358 3176 2395; x_wconf 87' lang='lat' dir='ltr'>non</span> <span class='ocrx_word' id='word_1_292' title='bbox 3216 2340 3420 2407; x_wconf 82' lang='lat' dir='ltr'><strong>sumit,</strong></span> <span class='ocrx_word' id='word_1_293' title='bbox 3449 2338 3642 2391; x_wconf 79' lang='lat' dir='ltr'><strong>abhor-</strong></span> 
     </span>
    </p>
   </div>
   <div class='ocr_carea' id='block_1_44' title="bbox 457 2428 2059 2510">
    <p class='ocr_par' dir='ltr' id='par_1_44' title="bbox 457 2435 1960 2508">
     <span class='ocr_line' id='line_1_44' title="bbox 457 2435 1960 2508; baseline 0.006 -20"><span class='ocrx_word' id='word_1_294' title='bbox 457 2435 650 2503; x_wconf 81' lang='grc' dir='ltr'>κρεῶν</span> <span class='ocrx_word' id='word_1_295' title='bbox 686 2436 785 2489; x_wconf 80' lang='grc' dir='ltr'>καὶ</span> <span class='ocrx_word' id='word_1_296' title='bbox 850 2437 1043 2501; x_wconf 72' lang='grc' dir='ltr'>οἴνου,</span> <span class='ocrx_word' id='word_1_297' title='bbox 1084 2437 1587 2508; x_wconf 72' lang='grc' dir='ltr'>βδελυσσόμενος</span> <span class='ocrx_word' id='word_1_298' title='bbox 1629 2443 1728 2497; x_wconf 83' lang='grc' dir='ltr'>καὶ</span> <span class='ocrx_word' id='word_1_299' title='bbox 1785 2445 1856 2497; x_wconf 87' lang='grc' dir='ltr'>οὐ</span> <span class='ocrx_word' id='word_1_300' title='bbox 1884 2442 1960 2497; x_wconf 83' lang='grc' dir='ltr'>δι’</span> 
     </span>
    </p>
   </div>
   <div class='ocr_carea' id='block_1_45' title="bbox 2044 2428 3646 2510">
    <p class='ocr_par' dir='ltr' id='par_1_45' title="bbox 2132 2428 3646 2510">
     <span class='ocr_line' id='line_1_45' title="bbox 2132 2428 3646 2510; baseline -0.012 -10"><span class='ocrx_word' id='word_1_301' title='bbox 2132 2461 2275 2510; x_wconf 83' lang='lat' dir='ltr'><strong>rens,</strong></span> <span class='ocrx_word' id='word_1_302' title='bbox 2306 2453 2353 2499; x_wconf 87' lang='lat' dir='ltr'>et</span> <span class='ocrx_word' id='word_1_303' title='bbox 2382 2459 2485 2497; x_wconf 84' lang='lat' dir='ltr'>non</span> <span class='ocrx_word' id='word_1_304' title='bbox 2515 2451 2725 2509; x_wconf 77' lang='lat' dir='ltr'><strong>propter</strong></span> <span class='ocrx_word' id='word_1_305' title='bbox 2759 2439 3208 2504; x_wconf 76' lang='lat' dir='ltr'><strong>easercitationem,</strong></span> <span class='ocrx_word' id='word_1_306' title='bbox 3241 2435 3555 2503; x_wconf 80' lang='lat' dir='ltr'><strong>deponatur,</strong></span> <span class='ocrx_word' id='word_1_307' title='bbox 3585 2428 3646 2483; x_wconf 62' lang='lat' dir='ltr'>ut</span> 
     </span>
    </p>
   </div>
   <div class='ocr_carea' id='block_1_46' title="bbox 456 2523 2058 2607">
    <p class='ocr_par' dir='ltr' id='par_1_46' title="bbox 456 2529 1962 2604">
     <span class='ocr_line' id='line_1_46' title="bbox 456 2529 1962 2604; baseline 0.005 -20"><span class='ocrx_word' id='word_1_308' title='bbox 456 2529 744 2596; x_wconf 77' lang='grc' dir='ltr'>ἄσκησιν,</span> <span class='ocrx_word' id='word_1_309' title='bbox 786 2530 1200 2598; x_wconf 82' lang='grc' dir='ltr'>καθαιρείσθω,</span> <span class='ocrx_word' id='word_1_310' title='bbox 1243 2531 1325 2598; x_wconf 86' lang='grc' dir='ltr'>ὡς</span> <span class='ocrx_word' id='word_1_311' title='bbox 1372 2535 1962 2604; x_wconf 83' lang='grc' dir='ltr'>κεκαυτηριασμένος</span> 
     </span>
    </p>
   </div>
   <div class='ocr_carea' id='block_1_47' title="bbox 2043 2523 3645 2607">
    <p class='ocr_par' dir='ltr' id='par_1_47' title="bbox 2133 2523 3645 2607">
     <span class='ocr_line' id='line_1_47' title="bbox 2133 2523 3645 2607; baseline -0.01 -15"><span class='ocrx_word' id='word_1_312' title='bbox 2133 2536 2226 2607; x_wconf 84' lang='lat' dir='ltr'>qui</span> <span class='ocrx_word' id='word_1_313' title='bbox 2260 2536 2448 2590; x_wconf 83' lang='lat' dir='ltr'><strong>habeat</strong></span> <span class='ocrx_word' id='word_1_314' title='bbox 2482 2535 2717 2590; x_wconf 83' lang='lat' dir='ltr'><strong>inustam</strong></span> <span class='ocrx_word' id='word_1_315' title='bbox 2746 2530 3119 2587; x_wconf 82' lang='lat' dir='ltr'><strong>conscientiam</strong></span> <span class='ocrx_word' id='word_1_316' title='bbox 3139 2526 3448 2598; x_wconf 84' lang='lat' dir='ltr'><strong>propriam,</strong></span> <span class='ocrx_word' id='word_1_317' title='bbox 3484 2532 3534 2581; x_wconf 84' lang='lat' dir='ltr'><strong>et</strong></span> <span class='ocrx_word' id='word_1_318' title='bbox 3577 2523 3645 2579; x_wconf 85' lang='lat' dir='ltr'>sit</span> 
     </span>
    </p>
   </div>
   <div class='ocr_carea' id='block_1_48' title="bbox 456 2622 2058 2700">
    <p class='ocr_par' dir='ltr' id='par_1_48' title="bbox 456 2622 1962 2693">
     <span class='ocr_line' id='line_1_48' title="bbox 456 2622 1962 2693; baseline 0.004 -17"><span class='ocrx_word' id='word_1_319' title='bbox 456 2622 573 2688; x_wconf 77' lang='grc' dir='ltr'>τὴν</span> <span class='ocrx_word' id='word_1_320' title='bbox 622 2622 853 2677; x_wconf 74' lang='grc' dir='ltr'>οἰκείαν</span> <span class='ocrx_word' id='word_1_321' title='bbox 905 2623 1305 2691; x_wconf 83' lang='grc' dir='ltr'>συνείδησιν·</span> <span class='ocrx_word' id='word_1_322' title='bbox 1346 2624 1446 2679; x_wconf 81' lang='grc' dir='ltr'>καὶ</span> <span class='ocrx_word' id='word_1_323' title='bbox 1475 2624 1668 2693; x_wconf 80' lang='grc' dir='ltr'>αἴτιος</span> <span class='ocrx_word' id='word_1_324' title='bbox 1692 2626 1962 2682; x_wconf 81' lang='grc' dir='ltr'>σκανδά-</span> 
     </span>
    </p>
   </div>
   <div class='ocr_carea' id='block_1_49' title="bbox 1265 2622 2867 2700">
    <p class='ocr_par' dir='ltr' id='par_1_49' title="bbox 1265 2624 2867 2700">
     <span class='ocr_line' id='line_1_49' title="bbox 1265 2624 2867 2700; baseline 0.002 -22"><span class='ocrx_word' id='word_1_325' title='bbox 1265 2639 1305 2655; x_wconf 71' lang='grc'>’·</span> <span class='ocrx_word' id='word_1_326' title='bbox 1346 2624 1446 2679; x_wconf 81' lang='grc' dir='ltr'>καὶ</span> <span class='ocrx_word' id='word_1_327' title='bbox 1475 2624 1668 2693; x_wconf 81' lang='grc' dir='ltr'>αἴτιος</span> <span class='ocrx_word' id='word_1_328' title='bbox 1692 2626 1962 2682; x_wconf 82' lang='grc' dir='ltr'>σκανδά·</span> <span class='ocrx_word' id='word_1_329' title='bbox 2136 2630 2323 2687; x_wconf 81' lang='lat' dir='ltr'><strong>multis</strong></span> <span class='ocrx_word' id='word_1_330' title='bbox 2348 2627 2654 2700; x_wconf 69' lang='lat' dir='ltr'><strong>o/fensionis</strong></span> <span class='ocrx_word' id='word_1_331' title='bbox 2678 2641 2867 2682; x_wconf 75' lang='lat' dir='ltr'><strong>causa.</strong></span> 
     </span>
    </p>
   </div>
   <div class='ocr_carea' id='block_1_50' title="bbox 457 2714 1228 2785">
    <p class='ocr_par' dir='ltr' id='par_1_50' title="bbox 457 2714 1228 2785">
     <span class='ocr_line' id='line_1_50' title="bbox 457 2714 1228 2785; baseline 0.005 -16"><span class='ocrx_word' id='word_1_332' title='bbox 457 2718 574 2769; x_wconf 74' lang='grc' dir='ltr'>λου</span> <span class='ocrx_word' id='word_1_333' title='bbox 608 2714 863 2781; x_wconf 71' lang='grc' dir='ltr'>πολλοῖς</span> <span class='ocrx_word' id='word_1_334' title='bbox 894 2716 1228 2785; x_wconf 75' lang='grc' dir='ltr'>γινόμενος.</span> 
     </span>
    </p>
   </div>
   <div class='ocr_carea' id='block_1_51' title="bbox 463 2803 2065 2880">
    <p class='ocr_par' dir='ltr' id='par_1_51' title="bbox 463 2807 1966 2880">
     <span class='ocr_line' id='line_1_51' title="bbox 463 2807 1966 2880; baseline 0.005 -20"><span class='ocrx_word' id='word_1_335' title='bbox 463 2807 661 2861; x_wconf 77' lang='grc' dir='ltr'><strong>ΒᾹᾹΣ.</strong></span> <span class='ocrx_word' id='word_1_336' title='bbox 696 2807 854 2861; x_wconf 81' lang='grc' dir='ltr'>Κατὰ</span> <span class='ocrx_word' id='word_1_337' title='bbox 888 2809 1066 2861; x_wconf 81' lang='grc' dir='ltr'>πᾶσαν</span> <span class='ocrx_word' id='word_1_338' title='bbox 1124 2809 1408 2880; x_wconf 82' lang='grc' dir='ltr'>Κυριακὴν</span> <span class='ocrx_word' id='word_1_339' title='bbox 1439 2810 1534 2863; x_wconf 74' lang='grc' dir='ltr'>καὶ</span> <span class='ocrx_word' id='word_1_340' title='bbox 1590 2811 1731 2865; x_wconf 86' lang='grc' dir='ltr'>κατὰ</span> <span class='ocrx_word' id='word_1_341' title='bbox 1780 2813 1966 2868; x_wconf 79' lang='grc' dir='ltr'>πᾶσαν</span> 
     </span>
    </p>
   </div>
   <div class='ocr_carea' id='block_1_52' title="bbox 2049 2803 3651 2880">
    <p class='ocr_par' dir='ltr' id='par_1_52' title="bbox 2141 2803 3651 2872">
     <span class='ocr_line' id='line_1_52' title="bbox 2141 2803 3651 2872; baseline -0.008 -3"><span class='ocrx_word' id='word_1_342' title='bbox 2141 2813 2337 2871; x_wconf 82' lang='lat' dir='ltr'>BALS.</span> <span class='ocrx_word' id='word_1_343' title='bbox 2376 2812 2605 2869; x_wconf 88' lang='lat' dir='ltr'><strong>Omnem</strong></span> <span class='ocrx_word' id='word_1_344' title='bbox 2647 2810 2789 2866; x_wconf 93' lang='lat' dir='ltr'><strong>diem</strong></span> <span class='ocrx_word' id='word_1_345' title='bbox 2844 2808 3080 2872; x_wconf 80' lang='lat' dir='ltr'><strong>festum,</strong></span> <span class='ocrx_word' id='word_1_346' title='bbox 3134 2812 3188 2860; x_wconf 88' lang='lat' dir='ltr'><strong>et</strong></span> <span class='ocrx_word' id='word_1_347' title='bbox 3241 2817 3458 2861; x_wconf 86' lang='lat' dir='ltr'><strong>omnem</strong></span> <span class='ocrx_word' id='word_1_348' title='bbox 3512 2803 3651 2858; x_wconf 83' lang='lat' dir='ltr'><strong>diem</strong></span> 
     </span>
    </p>
   </div>
   <div class='ocr_carea' id='block_1_53' title="bbox 386 2888 1988 2972">
    <p class='ocr_par' dir='ltr' id='par_1_53' title="bbox 386 2888 1970 2972">
     <span class='ocr_line' id='line_1_53' title="bbox 386 2888 1970 2972; baseline 0.003 -18"><span class='ocrx_word' id='word_1_349' title='bbox 386 2901 591 2971; x_wconf 75' lang='grc' dir='ltr'>ἑορτὴν</span> <span class='ocrx_word' id='word_1_350' title='bbox 619 2888 1091 2970; x_wconf 77' lang='grc' dir='ltr'>πανηγυρίζοντες</span> <span class='ocrx_word' id='word_1_351' title='bbox 1148 2900 1210 2954; x_wconf 82' lang='grc' dir='ltr'>οὐ</span> <span class='ocrx_word' id='word_1_352' title='bbox 1274 2901 1629 2972; x_wconf 83' lang='grc' dir='ltr'>νηστεύομεν,</span> <span class='ocrx_word' id='word_1_353' title='bbox 1682 2904 1818 2959; x_wconf 81' lang='grc' dir='ltr'>ἀλλὰ</span> <span class='ocrx_word' id='word_1_354' title='bbox 1873 2905 1970 2960; x_wconf 75' lang='grc' dir='ltr'>καὶ</span> 
     </span>
    </p>
   </div>
   <div class='ocr_carea' id='block_1_54' title="bbox 2053 2888 3655 2972">
    <p class='ocr_par' dir='ltr' id='par_1_54' title="bbox 2070 2895 3655 2971">
     <span class='ocr_line' id='line_1_54' title="bbox 2070 2895 3655 2971; baseline -0.009 -7"><span class='ocrx_word' id='word_1_355' title='bbox 2070 2908 2411 2964; x_wconf 82' lang='lat' dir='ltr'><strong>Dominicum</strong></span> <span class='ocrx_word' id='word_1_356' title='bbox 2440 2904 2783 2961; x_wconf 81' lang='lat' dir='ltr'><strong>celebrantes</strong></span> <span class='ocrx_word' id='word_1_357' title='bbox 2810 2917 2919 2956; x_wconf 91' lang='lat' dir='ltr'>non</span> <span class='ocrx_word' id='word_1_358' title='bbox 2944 2900 3253 2971; x_wconf 80' lang='lat' dir='ltr'><strong>jejunamus</strong></span> <span class='ocrx_word' id='word_1_359' title='bbox 3275 2939 3290 2961; x_wconf 86' lang='lat'><strong>,</strong></span> <span class='ocrx_word' id='word_1_360' title='bbox 3314 2898 3406 2953; x_wconf 91' lang='lat' dir='ltr'><strong>sed</strong></span> <span class='ocrx_word' id='word_1_361' title='bbox 3433 2905 3486 2952; x_wconf 87' lang='lat' dir='ltr'><strong>et</strong></span> <span class='ocrx_word' id='word_1_362' title='bbox 3517 2895 3655 2950; x_wconf 83' lang='lat' dir='ltr'>Sab-</span> 
     </span>
    </p>
   </div>
   <div class='ocr_carea' id='block_1_55' title="bbox 387 2988 1989 3068">
    <p class='ocr_par' dir='ltr' id='par_1_55' title="bbox 387 2990 1968 3060">
     <span class='ocr_line' id='line_1_55' title="bbox 387 2990 1968 3060; baseline 0.003 -15"><span class='ocrx_word' id='word_1_363' title='bbox 387 2992 450 3045; x_wconf 79' lang='grc' dir='ltr'>ὲν</span> <span class='ocrx_word' id='word_1_364' title='bbox 480 2992 593 3053; x_wconf 78' lang='grc' dir='ltr'>τοῖς</span> <span class='ocrx_word' id='word_1_365' title='bbox 623 2990 925 3053; x_wconf 78' lang='grc' dir='ltr'>Σαδδὰτοις</span> <span class='ocrx_word' id='word_1_366' title='bbox 972 2992 1139 3044; x_wconf 80' lang='grc' dir='ltr'>πᾶσιν</span> <span class='ocrx_word' id='word_1_367' title='bbox 1188 2991 1314 3045; x_wconf 85' lang='grc' dir='ltr'>ἄνευ</span> <span class='ocrx_word' id='word_1_368' title='bbox 1372 2991 1490 3055; x_wconf 77' lang='grc' dir='ltr'>ἑνὸς</span> <span class='ocrx_word' id='word_1_369' title='bbox 1526 2992 1831 3060; x_wconf 77' lang='grc' dir='ltr'>Σαϐδάτου,</span> <span class='ocrx_word' id='word_1_370' title='bbox 1874 2994 1968 3049; x_wconf 87' lang='grc' dir='ltr'>τοῦ</span> 
     </span>
    </p>
   </div>
   <div class='ocr_carea' id='block_1_56' title="bbox 2054 2988 3656 3068">
    <p class='ocr_par' dir='ltr' id='par_1_56' title="bbox 2071 2988 3656 3068">
     <span class='ocr_line' id='line_1_56' title="bbox 2071 2988 3656 3068; baseline -0.01 -11"><span class='ocrx_word' id='word_1_371' title='bbox 2071 3002 2213 3057; x_wconf 89' lang='lat' dir='ltr'><strong>batis</strong></span> <span class='ocrx_word' id='word_1_372' title='bbox 2234 3000 2515 3066; x_wconf 83' lang='lat' dir='ltr'><strong>omnibus,</strong></span> <span class='ocrx_word' id='word_1_373' title='bbox 2538 3005 2899 3068; x_wconf 68' lang='lat' dir='ltr'><strong>prmterquam</strong></span> <span class='ocrx_word' id='word_1_374' title='bbox 2927 3008 3060 3058; x_wconf 93' lang='lat' dir='ltr'><strong>uno,</strong></span> <span class='ocrx_word' id='word_1_375' title='bbox 3100 2992 3156 3047; x_wconf 92' lang='lat' dir='ltr'>id</span> <span class='ocrx_word' id='word_1_376' title='bbox 3181 3000 3265 3046; x_wconf 91' lang='lat' dir='ltr'><strong>est</strong></span> <span class='ocrx_word' id='word_1_377' title='bbox 3294 3004 3489 3060; x_wconf 83' lang='lat' dir='ltr'><strong>magno</strong></span> <span class='ocrx_word' id='word_1_378' title='bbox 3520 2988 3656 3043; x_wconf 83' lang='lat' dir='ltr'>Sab-</span> 
     </span>
    </p>
   </div>
   <div class='ocr_carea' id='block_1_57' title="bbox 392 3081 1994 3178">
    <p class='ocr_par' dir='ltr' id='par_1_57' title="bbox 392 3082 1972 3156">
     <span class='ocr_line' id='line_1_57' title="bbox 392 3082 1972 3156; baseline 0.004 -21"><span class='ocrx_word' id='word_1_379' title='bbox 392 3083 638 3154; x_wconf 84' lang='grc' dir='ltr'>μεγάλου</span> <span class='ocrx_word' id='word_1_380' title='bbox 668 3082 892 3153; x_wconf 84' lang='grc' dir='ltr'>δηλαδὴ,</span> <span class='ocrx_word' id='word_1_381' title='bbox 919 3082 1288 3154; x_wconf 84' lang='grc' dir='ltr'>καταλύομεν,</span> <span class='ocrx_word' id='word_1_382' title='bbox 1338 3083 1425 3137; x_wconf 76' lang='grc' dir='ltr'>ἵνα</span> <span class='ocrx_word' id='word_1_383' title='bbox 1456 3086 1530 3156; x_wconf 79' lang='grc' dir='ltr'>μὴ</span> <span class='ocrx_word' id='word_1_384' title='bbox 1562 3084 1800 3156; x_wconf 79' lang='grc' dir='ltr'>δόξωμεν</span> <span class='ocrx_word' id='word_1_385' title='bbox 1829 3086 1972 3141; x_wconf 84' lang='grc' dir='ltr'>κατὰ</span> 
     </span>
    </p>
   </div>
   <div class='ocr_carea' id='block_1_58' title="bbox 2055 3081 3657 3178">
    <p class='ocr_par' dir='ltr' id='par_1_58' title="bbox 2078 3081 3657 3161">
     <span class='ocr_line' id='line_1_58' title="bbox 2078 3081 3657 3161; baseline -0.01 -10"><span class='ocrx_word' id='word_1_386' title='bbox 2078 3095 2229 3156; x_wconf 87' lang='lat' dir='ltr'><strong>bato,</strong></span> <span class='ocrx_word' id='word_1_387' title='bbox 2257 3090 2519 3161; x_wconf 85' lang='lat' dir='ltr'><strong>jejunium</strong></span> <span class='ocrx_word' id='word_1_388' title='bbox 2552 3089 2837 3153; x_wconf 85' lang='lat' dir='ltr'><strong>solvimus,</strong></span> <span class='ocrx_word' id='word_1_389' title='bbox 2880 3100 2947 3141; x_wconf 90' lang='lat' dir='ltr'>ne</span> <span class='ocrx_word' id='word_1_390' title='bbox 2972 3084 3126 3156; x_wconf 77' lang='lat' dir='ltr'><strong>juxta</strong></span> <span class='ocrx_word' id='word_1_391' title='bbox 3183 3081 3494 3139; x_wconf 66' lang='lat' dir='ltr'><strong>Judmorum</strong></span> <span class='ocrx_word' id='word_1_392' title='bbox 3519 3083 3657 3137; x_wconf 88' lang='lat' dir='ltr'><strong>ritus</strong></span> 
     </span>
    </p>
   </div>
   <div class='ocr_carea' id='block_1_59' title="bbox 387 3173 1989 3259">
    <p class='ocr_par' dir='ltr' id='par_1_59' title="bbox 387 3173 1979 3259">
     <span class='ocr_line' id='line_1_59' title="bbox 387 3173 1979 3259; baseline 0.002 -31"><span class='ocrx_word' id='word_1_393' title='bbox 387 3176 522 3238; x_wconf 79' lang='grc' dir='ltr'>τοὺς</span> <span class='ocrx_word' id='word_1_394' title='bbox 552 3173 836 3237; x_wconf 82' lang='grc' dir='ltr'>Ἰουδαίους</span> <span class='ocrx_word' id='word_1_395' title='bbox 869 3173 1242 3259; x_wconf 57' lang='grc' dir='ltr'>σαβϐατίζειν.</span> <span class='ocrx_word' id='word_1_396' title='bbox 1291 3175 1350 3229; x_wconf 85' lang='lat'>&#39;0</span> <span class='ocrx_word' id='word_1_397' title='bbox 1372 3175 1501 3245; x_wconf 82' lang='grc' dir='ltr'>γοῦν</span> <span class='ocrx_word' id='word_1_398' title='bbox 1532 3177 1589 3229; x_wconf 81' lang='grc' dir='ltr'>ὲν</span> <span class='ocrx_word' id='word_1_399' title='bbox 1607 3176 1833 3241; x_wconf 80' lang='grc' dir='ltr'>ταύταις</span> <span class='ocrx_word' id='word_1_400' title='bbox 1854 3181 1979 3244; x_wconf 83' lang='grc' dir='ltr'>ταῖς</span> 
     </span>
    </p>
   </div>
   <div class='ocr_carea' id='block_1_60' title="bbox 2059 3173 3661 3259">
    <p class='ocr_par' dir='ltr' id='par_1_60' title="bbox 2086 3173 3661 3243">
     <span class='ocr_line' id='line_1_60' title="bbox 2086 3173 3661 3243; baseline -0.009 -2"><span class='ocrx_word' id='word_1_401' title='bbox 2086 3184 2380 3241; x_wconf 69' lang='lat' dir='ltr'><strong>Satibatnm</strong></span> <span class='ocrx_word' id='word_1_402' title='bbox 2408 3180 2689 3237; x_wconf 88' lang='lat' dir='ltr'><strong>celebrare</strong></span> <span class='ocrx_word' id='word_1_403' title='bbox 2715 3178 3015 3233; x_wconf 82' lang='lat' dir='ltr'><strong>videamur.</strong></span> <span class='ocrx_word' id='word_1_404' title='bbox 3042 3176 3143 3243; x_wconf 84' lang='lat' dir='ltr'>Qui</span> <span class='ocrx_word' id='word_1_405' title='bbox 3182 3189 3310 3243; x_wconf 81' lang='lat' dir='ltr'><strong>ergo</strong></span> <span class='ocrx_word' id='word_1_406' title='bbox 3338 3175 3425 3230; x_wconf 79' lang='lat' dir='ltr'>his</span> <span class='ocrx_word' id='word_1_407' title='bbox 3470 3173 3661 3229; x_wconf 80' lang='lat' dir='ltr'><strong>diebus</strong></span> 
     </span>
    </p>
   </div>
   <div class='ocr_carea' id='block_1_61' title="bbox 390 3265 1992 3347">
    <p class='ocr_par' dir='ltr' id='par_1_61' title="bbox 390 3265 1980 3338">
     <span class='ocr_line' id='line_1_61' title="bbox 390 3265 1980 3338; baseline 0.003 -19"><span class='ocrx_word' id='word_1_408' title='bbox 390 3270 637 3338; x_wconf 80' lang='grc' dir='ltr'>ἡμέραις</span> <span class='ocrx_word' id='word_1_409' title='bbox 691 3265 995 3337; x_wconf 83' lang='grc' dir='ltr'>νηστεύων,</span> <span class='ocrx_word' id='word_1_410' title='bbox 1049 3267 1097 3319; x_wconf 77' lang='grc' dir='ltr'>εἰ</span> <span class='ocrx_word' id='word_1_411' title='bbox 1165 3267 1264 3335; x_wconf 82' lang='grc' dir='ltr'>μὲν</span> <span class='ocrx_word' id='word_1_412' title='bbox 1293 3267 1367 3330; x_wconf 82' lang='grc' dir='ltr'>ὡς</span> <span class='ocrx_word' id='word_1_413' title='bbox 1433 3266 1861 3338; x_wconf 82' lang='grc' dir='ltr'>βδελυττόμενος</span> <span class='ocrx_word' id='word_1_414' title='bbox 1909 3268 1980 3323; x_wconf 83' lang='grc' dir='ltr'>τὰ</span> 
     </span>
    </p>
   </div>
   <div class='ocr_carea' id='block_1_62' title="bbox 2059 3265 3661 3347">
    <p class='ocr_par' dir='ltr' id='par_1_62' title="bbox 2077 3265 3661 3347">
     <span class='ocr_line' id='line_1_62' title="bbox 2077 3265 3661 3347; baseline -0.009 -15"><span class='ocrx_word' id='word_1_415' title='bbox 2077 3276 2311 3347; x_wconf 81' lang='lat' dir='ltr'><strong>jejunat,</strong></span> <span class='ocrx_word' id='word_1_416' title='bbox 2343 3273 2609 3344; x_wconf 87' lang='lat' dir='ltr'><strong>siquidem</strong></span> <span class='ocrx_word' id='word_1_417' title='bbox 2640 3279 2699 3325; x_wconf 89' lang='lat' dir='ltr'><strong>ut</strong></span> <span class='ocrx_word' id='word_1_418' title='bbox 2726 3285 2789 3326; x_wconf 89' lang='lat' dir='ltr'>ea</span> <span class='ocrx_word' id='word_1_419' title='bbox 2814 3283 2934 3337; x_wconf 70' lang='lat' dir='ltr'><strong>quae</strong></span> <span class='ocrx_word' id='word_1_420' title='bbox 2961 3268 3117 3323; x_wconf 83' lang='lat' dir='ltr'><strong>nobis</strong></span> <span class='ocrx_word' id='word_1_421' title='bbox 3158 3282 3186 3321; x_wconf 89' lang='lat' dir='ltr'>a</span> <span class='ocrx_word' id='word_1_422' title='bbox 3227 3268 3340 3322; x_wconf 81' lang='lat' dir='ltr'><strong>Deo</strong></span> <span class='ocrx_word' id='word_1_423' title='bbox 3386 3268 3439 3319; x_wconf 92' lang='lat' dir='ltr'><strong>in</strong></span> <span class='ocrx_word' id='word_1_424' title='bbox 3480 3265 3661 3319; x_wconf 89' lang='lat' dir='ltr'><strong>cibum</strong></span> 
     </span>
    </p>
   </div>
   <div class='ocr_carea' id='block_1_63' title="bbox 393 3348 1995 3428">
    <p class='ocr_par' dir='ltr' id='par_1_63' title="bbox 393 3355 1981 3428">
     <span class='ocr_line' id='line_1_63' title="bbox 393 3355 1981 3428; baseline 0.001 -16"><span class='ocrx_word' id='word_1_425' title='bbox 393 3359 506 3413; x_wconf 79' lang='grc' dir='ltr'>ὑπὸ</span> <span class='ocrx_word' id='word_1_426' title='bbox 530 3356 627 3410; x_wconf 88' lang='grc' dir='ltr'>τοῦ</span> <span class='ocrx_word' id='word_1_427' title='bbox 654 3357 790 3410; x_wconf 82' lang='grc' dir='ltr'>Θεοῦ</span> <span class='ocrx_word' id='word_1_428' title='bbox 817 3357 897 3421; x_wconf 77' lang='grc' dir='ltr'>είς</span> <span class='ocrx_word' id='word_1_429' title='bbox 920 3355 1125 3427; x_wconf 82' lang='grc' dir='ltr'>βρῶσιν</span> <span class='ocrx_word' id='word_1_430' title='bbox 1159 3357 1294 3428; x_wconf 78' lang='grc' dir='ltr'>ἡμῖν</span> <span class='ocrx_word' id='word_1_431' title='bbox 1328 3357 1573 3423; x_wconf 82' lang='grc' dir='ltr'>δοθέντα,</span> <span class='ocrx_word' id='word_1_432' title='bbox 1606 3360 1701 3411; x_wconf 73' lang='grc' dir='ltr'>καὶ</span> <span class='ocrx_word' id='word_1_433' title='bbox 1745 3359 1981 3413; x_wconf 84' lang='grc' dir='ltr'>σκανδα-</span> 
     </span>
    </p>
   </div>
   <div class='ocr_carea' id='block_1_64' title="bbox 2086 3348 3688 3428">
    <p class='ocr_par' dir='ltr' id='par_1_64' title="bbox 2086 3348 3688 3428">
     <span class='ocr_line' id='line_1_64' title="bbox 2086 3348 3688 3428; baseline -0.009 -3"><span class='ocrx_word' id='word_1_434' title='bbox 2086 3372 2219 3426; x_wconf 51' lang='lat' dir='ltr'><strong>data»</strong></span> <span class='ocrx_word' id='word_1_435' title='bbox 2249 3374 2381 3424; x_wconf 89' lang='lat' dir='ltr'><strong>sunt</strong></span> <span class='ocrx_word' id='word_1_436' title='bbox 2441 3365 2782 3428; x_wconf 77' lang='lat' dir='ltr'><strong>abhorrens,</strong></span> <span class='ocrx_word' id='word_1_437' title='bbox 2827 3370 2882 3416; x_wconf 88' lang='lat' dir='ltr'>et</span> <span class='ocrx_word' id='word_1_438' title='bbox 2923 3360 3053 3415; x_wconf 86' lang='lat' dir='ltr'><strong>hinc</strong></span> <span class='ocrx_word' id='word_1_439' title='bbox 3101 3358 3299 3428; x_wconf 89' lang='lat' dir='ltr'><strong>populo</strong></span> <span class='ocrx_word' id='word_1_440' title='bbox 3350 3348 3688 3411; x_wconf 19' lang='lat' dir='ltr'><strong>oﬂ‘ensionis&quot;</strong></span> 
     </span>
    </p>
   </div>
   <div class='ocr_carea' id='block_1_65' title="bbox 394 3448 1996 3529">
    <p class='ocr_par' dir='ltr' id='par_1_65' title="bbox 394 3448 1983 3520">
     <span class='ocr_line' id='line_1_65' title="bbox 394 3448 1983 3520; baseline 0 -15"><span class='ocrx_word' id='word_1_441' title='bbox 394 3452 572 3517; x_wconf 77' lang='grc' dir='ltr'>λίζων</span> <span class='ocrx_word' id='word_1_442' title='bbox 617 3449 870 3503; x_wconf 74' lang='grc' dir='ltr'>ἐντεῦθεν</span> <span class='ocrx_word' id='word_1_443' title='bbox 919 3449 1014 3503; x_wconf 83' lang='grc' dir='ltr'>τὸν</span> <span class='ocrx_word' id='word_1_444' title='bbox 1065 3448 1214 3512; x_wconf 83' lang='grc' dir='ltr'>λαὸν,</span> <span class='ocrx_word' id='word_1_445' title='bbox 1262 3451 1630 3520; x_wconf 86' lang='grc' dir='ltr'>καθαιρεῖται,</span> <span class='ocrx_word' id='word_1_446' title='bbox 1683 3452 1983 3515; x_wconf 76' lang='grc' dir='ltr'>ἐπίσκοπος</span> 
     </span>
    </p>
   </div>
   <div class='ocr_carea' id='block_1_66' title="bbox 2063 3448 3665 3529">
    <p class='ocr_par' dir='ltr' id='par_1_66' title="bbox 2084 3448 3665 3529">
     <span class='ocr_line' id='line_1_66' title="bbox 2084 3448 3665 3529; baseline -0.013 -11"><span class='ocrx_word' id='word_1_447' title='bbox 2084 3476 2307 3519; x_wconf 87' lang='lat' dir='ltr'><strong>causam</strong></span> <span class='ocrx_word' id='word_1_448' title='bbox 2347 3460 2616 3529; x_wconf 62' lang='lat' dir='ltr'><strong>praebens,</strong></span> <span class='ocrx_word' id='word_1_449' title='bbox 2652 3453 2959 3524; x_wconf 88' lang='lat' dir='ltr'><strong>deponitur,</strong></span> <span class='ocrx_word' id='word_1_450' title='bbox 2992 3452 3037 3505; x_wconf 91' lang='lat' dir='ltr'><strong>si</strong></span> <span class='ocrx_word' id='word_1_451' title='bbox 3074 3451 3144 3505; x_wconf 91' lang='lat' dir='ltr'><strong>sit</strong></span> <span class='ocrx_word' id='word_1_452' title='bbox 3171 3449 3423 3505; x_wconf 83' lang='lat' dir='ltr'><strong>videlicet</strong></span> <span class='ocrx_word' id='word_1_453' title='bbox 3455 3448 3665 3516; x_wconf 83' lang='lat' dir='ltr'><strong>episco-</strong></span> 
     </span>
    </p>
   </div>
   <div class='ocr_carea' id='block_1_67' title="bbox 394 3540 1996 3625">
    <p class='ocr_par' dir='ltr' id='par_1_67' title="bbox 394 3540 1982 3613">
     <span class='ocr_line' id='line_1_67' title="bbox 394 3540 1982 3613; baseline 0.001 -16"><span class='ocrx_word' id='word_1_454' title='bbox 394 3543 477 3597; x_wconf 83' lang='grc' dir='ltr'>ὣν</span> <span class='ocrx_word' id='word_1_455' title='bbox 534 3542 781 3612; x_wconf 86' lang='grc' dir='ltr'>δηλονότι</span> <span class='ocrx_word' id='word_1_456' title='bbox 835 3541 868 3612; x_wconf 79' lang='grc' dir='ltr'>ἢ</span> <span class='ocrx_word' id='word_1_457' title='bbox 917 3540 1294 3612; x_wconf 78' lang='grc' dir='ltr'>πρεσϐύτερος</span> <span class='ocrx_word' id='word_1_458' title='bbox 1324 3542 1355 3613; x_wconf 79' lang='grc' dir='ltr'>ἢ</span> <span class='ocrx_word' id='word_1_459' title='bbox 1382 3542 1652 3607; x_wconf 86' lang='grc' dir='ltr'>διάκονος.</span> <span class='ocrx_word' id='word_1_460' title='bbox 1721 3545 1783 3598; x_wconf 77' lang='lat' dir='ltr'><strong>Ei</strong></span> <span class='ocrx_word' id='word_1_461' title='bbox 1828 3544 1885 3600; x_wconf 77' lang='grc' dir='ltr'>δὲ</span> <span class='ocrx_word' id='word_1_462' title='bbox 1914 3544 1982 3598; x_wconf 83' lang='grc' dir='ltr'>δι’</span> 
     </span>
    </p>
   </div>
   <div class='ocr_carea' id='block_1_68' title="bbox 2058 3540 3660 3625">
    <p class='ocr_par' dir='ltr' id='par_1_68' title="bbox 2085 3541 3660 3625">
     <span class='ocr_line' id='line_1_68' title="bbox 2085 3541 3660 3625; baseline -0.012 -15"><span class='ocrx_word' id='word_1_463' title='bbox 2085 3569 2208 3625; x_wconf 91' lang='lat' dir='ltr'><strong>pus,</strong></span> <span class='ocrx_word' id='word_1_464' title='bbox 2245 3551 2330 3607; x_wconf 86' lang='lat' dir='ltr'>vel</span> <span class='ocrx_word' id='word_1_465' title='bbox 2357 3550 2660 3620; x_wconf 82' lang='lat' dir='ltr'><strong>presbyter,</strong></span> <span class='ocrx_word' id='word_1_466' title='bbox 2691 3546 2775 3600; x_wconf 89' lang='lat' dir='ltr'><strong>vel</strong></span> <span class='ocrx_word' id='word_1_467' title='bbox 2805 3544 3088 3599; x_wconf 87' lang='lat' dir='ltr'><strong>diaconus.</strong></span> <span class='ocrx_word' id='word_1_468' title='bbox 3122 3541 3216 3596; x_wconf 90' lang='lat' dir='ltr'><strong>Sin</strong></span> <span class='ocrx_word' id='word_1_469' title='bbox 3234 3549 3415 3596; x_wconf 80' lang='lat' dir='ltr'><strong>autem</strong></span> <span class='ocrx_word' id='word_1_470' title='bbox 3439 3549 3660 3609; x_wconf 88' lang='lat' dir='ltr'><strong>propter</strong></span> 
     </span>
    </p>
   </div>
   <div class='ocr_carea' id='block_1_69' title="bbox 398 3629 2000 3707">
    <p class='ocr_par' dir='ltr' id='par_1_69' title="bbox 398 3632 1985 3707">
     <span class='ocr_line' id='line_1_69' title="bbox 398 3632 1985 3707; baseline 0 -17"><span class='ocrx_word' id='word_1_471' title='bbox 398 3636 642 3705; x_wconf 73' lang='grc' dir='ltr'>ἄσκησιν</span> <span class='ocrx_word' id='word_1_472' title='bbox 691 3632 958 3703; x_wconf 74' lang='grc' dir='ltr'>ἀπέχεται</span> <span class='ocrx_word' id='word_1_473' title='bbox 1009 3633 1240 3699; x_wconf 85' lang='grc' dir='ltr'>τούτων,</span> <span class='ocrx_word' id='word_1_474' title='bbox 1295 3636 1805 3707; x_wconf 83' lang='grc' dir='ltr'>συγγνωσθήσεται.</span> <span class='ocrx_word' id='word_1_475' title='bbox 1872 3638 1985 3691; x_wconf 74' lang='grc' dir='ltr'>Καὶ</span> 
     </span>
    </p>
   </div>
   <div class='ocr_carea' id='block_1_70' title="bbox 2061 3629 3663 3707">
    <p class='ocr_par' dir='ltr' id='par_1_70' title="bbox 2087 3629 3663 3705">
     <span class='ocr_line' id='line_1_70' title="bbox 2087 3629 3663 3705; baseline -0.013 -2"><span class='ocrx_word' id='word_1_476' title='bbox 2087 3643 2528 3703; x_wconf 82' lang='lat' dir='ltr'><strong>exercitationem</strong></span> <span class='ocrx_word' id='word_1_477' title='bbox 2561 3639 2630 3695; x_wconf 89' lang='lat' dir='ltr'><strong>ab</strong></span> <span class='ocrx_word' id='word_1_478' title='bbox 2656 3639 2736 3694; x_wconf 90' lang='lat' dir='ltr'><strong>eis</strong></span> <span class='ocrx_word' id='word_1_479' title='bbox 2765 3637 3055 3697; x_wconf 78' lang='lat' dir='ltr'><strong>abstineat,</strong></span> <span class='ocrx_word' id='word_1_480' title='bbox 3096 3634 3142 3688; x_wconf 91' lang='lat' dir='ltr'><strong>ei</strong></span> <span class='ocrx_word' id='word_1_481' title='bbox 3168 3633 3495 3705; x_wconf 87' lang='lat' dir='ltr'><strong>ignoscetur.</strong></span> <span class='ocrx_word' id='word_1_482' title='bbox 3523 3629 3663 3700; x_wconf 80' lang='lat' dir='ltr'><strong>Lege</strong></span> 
     </span>
    </p>
   </div>
   <div class='ocr_carea' id='block_1_71' title="bbox 401 3710 2003 3801">
    <p class='ocr_par' dir='ltr' id='par_1_71' title="bbox 401 3710 1989 3801">
     <span class='ocr_line' id='line_1_71' title="bbox 401 3710 1989 3801; baseline 0.001 -20"><span class='ocrx_word' id='word_1_483' title='bbox 401 3710 682 3794; x_wconf 66' lang='grc' dir='ltr'>ἀνάγνωθι</span> <span class='ocrx_word' id='word_1_484' title='bbox 734 3726 836 3796; x_wconf 81' lang='grc' dir='ltr'>τὴν</span> <span class='ocrx_word' id='word_1_485' title='bbox 901 3727 983 3789; x_wconf 87' lang='grc' dir='ltr'>εἰς</span> <span class='ocrx_word' id='word_1_486' title='bbox 1022 3725 1125 3779; x_wconf 78' lang='grc' dir='ltr'>τὸν</span> <span class='ocrx_word' id='word_1_487' title='bbox 1170 3724 1251 3779; x_wconf 80' lang='lat' dir='ltr'><strong>va’</strong></span> <span class='ocrx_word' id='word_1_488' title='bbox 1289 3727 1489 3781; x_wconf 84' lang='grc' dir='ltr'>κανόνα</span> <span class='ocrx_word' id='word_1_489' title='bbox 1539 3728 1860 3801; x_wconf 80' lang='grc' dir='ltr'>ἑρμηνείαν,</span> <span class='ocrx_word' id='word_1_490' title='bbox 1891 3731 1989 3784; x_wconf 73' lang='grc' dir='ltr'>καὶ</span> 
     </span>
    </p>
   </div>
   <div class='ocr_carea' id='block_1_72' title="bbox 2056 3710 3658 3801">
    <p class='ocr_par' dir='ltr' id='par_1_72' title="bbox 2088 3722 3658 3801">
     <span class='ocr_line' id='line_1_72' title="bbox 2088 3722 3658 3801; baseline -0.013 -7"><span class='ocrx_word' id='word_1_491' title='bbox 2088 3736 2318 3795; x_wconf 89' lang='lat' dir='ltr'><strong>canonis</strong></span> <span class='ocrx_word' id='word_1_492' title='bbox 2340 3736 2404 3791; x_wconf 76' lang='lat' dir='ltr'>5t</span> <span class='ocrx_word' id='word_1_493' title='bbox 2438 3730 2858 3801; x_wconf 79' lang='lat' dir='ltr'><strong>expositionem,</strong></span> <span class='ocrx_word' id='word_1_494' title='bbox 2904 3736 2959 3783; x_wconf 93' lang='lat' dir='ltr'><strong>et</strong></span> <span class='ocrx_word' id='word_1_495' title='bbox 3004 3726 3071 3780; x_wconf 78' lang='grc'>14</span> <span class='ocrx_word' id='word_1_496' title='bbox 3115 3739 3237 3780; x_wconf 88' lang='lat' dir='ltr'><strong>can.</strong></span> <span class='ocrx_word' id='word_1_497' title='bbox 3287 3737 3409 3795; x_wconf 83' lang='lat' dir='ltr'><strong>syu.</strong></span> <span class='ocrx_word' id='word_1_498' title='bbox 3455 3722 3658 3793; x_wconf 81' lang='lat' dir='ltr'><strong>Ancyr.</strong></span> 
     </span>
    </p>
   </div>
   <div class='ocr_carea' id='block_1_73' title="bbox 402 3813 2004 3894">
    <p class='ocr_par' dir='ltr' id='par_1_73' title="bbox 402 3815 1988 3890">
     <span class='ocr_line' id='line_1_73' title="bbox 402 3815 1988 3890; baseline 0.004 -21"><span class='ocrx_word' id='word_1_499' title='bbox 402 3817 499 3871; x_wconf 78' lang='grc' dir='ltr'>τὸν</span> <span class='ocrx_word' id='word_1_500' title='bbox 549 3815 614 3872; x_wconf 81' lang='grc' dir='ltr'>ιδ’¹</span> <span class='ocrx_word' id='word_1_501' title='bbox 663 3817 865 3871; x_wconf 83' lang='grc' dir='ltr'>κανόνα</span> <span class='ocrx_word' id='word_1_502' title='bbox 918 3819 1016 3888; x_wconf 81' lang='grc' dir='ltr'>τῆς</span> <span class='ocrx_word' id='word_1_503' title='bbox 1063 3817 1122 3870; x_wconf 81' lang='grc' dir='ltr'>ὲν</span> <span class='ocrx_word' id='word_1_504' title='bbox 1171 3815 1419 3890; x_wconf 54' lang='grc' dir='ltr'>Ἀγκύρῃ</span> <span class='ocrx_word' id='word_1_505' title='bbox 1468 3820 1715 3874; x_wconf 84' lang='grc' dir='ltr'>συνόδου.</span> <span class='ocrx_word' id='word_1_506' title='bbox 1780 3821 1988 3886; x_wconf 82' lang='grc' dir='ltr'>Λαϊκὺς</span> 
     </span>
    </p>
   </div>
   <div class='ocr_carea' id='block_1_74' title="bbox 2069 3813 3671 3894">
    <p class='ocr_par' dir='ltr' id='par_1_74' title="bbox 2091 3813 3671 3894">
     <span class='ocr_line' id='line_1_74' title="bbox 2091 3813 3671 3894; baseline -0.012 -9"><span class='ocrx_word' id='word_1_507' title='bbox 2091 3830 2287 3885; x_wconf 82' lang='lat' dir='ltr'><strong>Laicus</strong></span> <span class='ocrx_word' id='word_1_508' title='bbox 2324 3840 2449 3882; x_wconf 86' lang='lat' dir='ltr'><strong>vero</strong></span> <span class='ocrx_word' id='word_1_509' title='bbox 2479 3823 2674 3894; x_wconf 89' lang='lat' dir='ltr'><strong>quisic</strong></span> <span class='ocrx_word' id='word_1_510' title='bbox 2706 3820 2847 3876; x_wconf 90' lang='lat' dir='ltr'><strong>male</strong></span> <span class='ocrx_word' id='word_1_511' title='bbox 2870 3818 3122 3890; x_wconf 81' lang='lat' dir='ltr'><strong>jejunat,</strong></span> <span class='ocrx_word' id='word_1_512' title='bbox 3174 3825 3228 3874; x_wconf 88' lang='lat' dir='ltr'><strong>et</strong></span> <span class='ocrx_word' id='word_1_513' title='bbox 3272 3830 3394 3871; x_wconf 91' lang='lat' dir='ltr'>cum</span> <span class='ocrx_word' id='word_1_514' title='bbox 3440 3813 3671 3868; x_wconf 79' lang='lat' dir='ltr'><strong>Marcio-</strong></span> 
     </span>
    </p>
   </div>
   <div class='ocr_carea' id='block_1_75' title="bbox 410 3906 2012 3985">
    <p class='ocr_par' dir='ltr' id='par_1_75' title="bbox 410 3907 1989 3984">
     <span class='ocr_line' id='line_1_75' title="bbox 410 3907 1989 3984; baseline 0.004 -22"><span class='ocrx_word' id='word_1_515' title='bbox 410 3909 601 3981; x_wconf 77' lang='grc' dir='ltr'>μέντοι</span> <span class='ocrx_word' id='word_1_516' title='bbox 625 3907 770 3962; x_wconf 77' lang='grc' dir='ltr'>οὕτω</span> <span class='ocrx_word' id='word_1_517' title='bbox 800 3907 1080 3978; x_wconf 90' lang='grc' dir='ltr'>νηστεύων</span> <span class='ocrx_word' id='word_1_518' title='bbox 1099 3909 1289 3972; x_wconf 85' lang='grc' dir='ltr'>κακῶς</span> <span class='ocrx_word' id='word_1_519' title='bbox 1314 3910 1453 3981; x_wconf 80' lang='grc' dir='ltr'>(ἸἾ),</span> <span class='ocrx_word' id='word_1_520' title='bbox 1482 3910 1580 3965; x_wconf 77' lang='grc' dir='ltr'>καὶ</span> <span class='ocrx_word' id='word_1_521' title='bbox 1606 3913 1823 3968; x_wconf 80' lang='grc' dir='ltr'>πενθῶν</span> <span class='ocrx_word' id='word_1_522' title='bbox 1850 3916 1989 3984; x_wconf 82' lang='grc' dir='ltr'>μετὰ</span> 
     </span>
    </p>
   </div>
   <div class='ocr_carea' id='block_1_76' title="bbox 2062 3906 3664 3985">
    <p class='ocr_par' dir='ltr' id='par_1_76' title="bbox 2093 3906 3664 3985">
     <span class='ocr_line' id='line_1_76' title="bbox 2093 3906 3664 3985; baseline -0.011 -6"><span class='ocrx_word' id='word_1_523' title='bbox 2093 3921 2249 3979; x_wconf 88' lang='lat' dir='ltr'><strong>nistis</strong></span> <span class='ocrx_word' id='word_1_524' title='bbox 2280 3917 2549 3977; x_wconf 83' lang='lat' dir='ltr'><strong>haereticis</strong></span> <span class='ocrx_word' id='word_1_525' title='bbox 2576 3917 2764 3985; x_wconf 87' lang='lat' dir='ltr'><strong>luget,</strong></span> <span class='ocrx_word' id='word_1_526' title='bbox 2819 3925 3178 3985; x_wconf 84' lang='lat' dir='ltr'><strong>segregatur,</strong></span> <span class='ocrx_word' id='word_1_527' title='bbox 3236 3919 3297 3965; x_wconf 93' lang='lat' dir='ltr'><strong>ut</strong></span> <span class='ocrx_word' id='word_1_528' title='bbox 3344 3907 3398 3964; x_wconf 90' lang='lat' dir='ltr'>in</span> <span class='ocrx_word' id='word_1_529' title='bbox 3447 3909 3556 3965; x_wconf 89' lang='lat' dir='ltr'><strong>line</strong></span> <span class='ocrx_word' id='word_1_530' title='bbox 3603 3906 3664 3962; x_wconf 83' lang='lat'>51</span> 
     </span>
    </p>
   </div>
   <div class='ocr_carea' id='block_1_77' title="bbox 411 4000 2342 4076">
    <p class='ocr_par' dir='ltr' id='par_1_77' title="bbox 411 4000 2342 4076">
     <span class='ocr_line' id='line_1_77' title="bbox 411 4000 2342 4076; baseline -0.003 -17"><span class='ocrx_word' id='word_1_531' title='bbox 411 4005 522 4058; x_wconf 76' lang='grc' dir='ltr'>τῶν</span> <span class='ocrx_word' id='word_1_532' title='bbox 551 4000 983 4073; x_wconf 81' lang='grc' dir='ltr'>Μαρκιανιστῶν</span> <span class='ocrx_word' id='word_1_533' title='bbox 1026 4002 1351 4073; x_wconf 69' lang='grc' dir='ltr'>αἰρετικῶν,</span> <span class='ocrx_word' id='word_1_534' title='bbox 1382 4003 1731 4076; x_wconf 75' lang='grc' dir='ltr'>ἀφορίζεται,</span> <span class='ocrx_word' id='word_1_535' title='bbox 1765 4007 1911 4061; x_wconf 82' lang='grc' dir='ltr'>κατὰ</span> <span class='ocrx_word' id='word_1_536' title='bbox 1931 4007 1992 4060; x_wconf 83' lang='grc' dir='ltr'>τὸ</span> <span class='ocrx_word' id='word_1_537' title='bbox 2092 4013 2342 4072; x_wconf 64' lang='lat' dir='ltr'>canonis,</span> 
     </span>
    </p>
   </div>
   <div class='ocr_carea' id='block_1_78' title="bbox 412 4094 1084 4160">
    <p class='ocr_par' dir='ltr' id='par_1_78' title="bbox 412 4094 1084 4160">
     <span class='ocr_line' id='line_1_78' title="bbox 412 4094 1084 4160; baseline -0.001 -9"><span class='ocrx_word' id='word_1_538' title='bbox 412 4098 565 4160; x_wconf 80' lang='grc' dir='ltr'>τέλος</span> <span class='ocrx_word' id='word_1_539' title='bbox 592 4094 691 4149; x_wconf 81' lang='grc' dir='ltr'>τοῦ</span> <span class='ocrx_word' id='word_1_540' title='bbox 726 4101 805 4148; x_wconf 79' lang='grc' dir='ltr'>να¹</span> <span class='ocrx_word' id='word_1_541' title='bbox 836 4094 1084 4157; x_wconf 81' lang='grc' dir='ltr'>κανόνος.</span> 
     </span>
    </p>
   </div>
   <div class='ocr_carea' id='block_1_79' title="bbox 482 4178 2084 4252">
    <p class='ocr_par' dir='ltr' id='par_1_79' title="bbox 482 4186 1993 4252">
     <span class='ocr_line' id='line_1_79' title="bbox 482 4186 1993 4252; baseline 0.001 -8"><span class='ocrx_word' id='word_1_542' title='bbox 482 4189 728 4244; x_wconf 83' lang='grc' dir='ltr'>ΖΩΝΔΡ.</span> <span class='ocrx_word' id='word_1_543' title='bbox 783 4187 1183 4241; x_wconf 84' lang='grc' dir='ltr'>Κεκανόνισται</span> <span class='ocrx_word' id='word_1_544' title='bbox 1227 4187 1287 4240; x_wconf 85' lang='grc' dir='ltr'>έν</span> <span class='ocrx_word' id='word_1_545' title='bbox 1334 4188 1447 4251; x_wconf 82' lang='grc' dir='ltr'>τοῖς</span> <span class='ocrx_word' id='word_1_546' title='bbox 1505 4186 1807 4252; x_wconf 79' lang='grc' dir='ltr'>Σαϐϐάτοις</span> <span class='ocrx_word' id='word_1_547' title='bbox 1863 4190 1993 4246; x_wconf 82' lang='grc' dir='ltr'>ἄνευ</span> 
     </span>
    </p>
   </div>
   <div class='ocr_carea' id='block_1_80' title="bbox 2073 4178 3675 4252">
    <p class='ocr_par' dir='ltr' id='par_1_80' title="bbox 2166 4178 3675 4247">
     <span class='ocr_line' id='line_1_80' title="bbox 2166 4178 3675 4247; baseline -0.009 0"><span class='ocrx_word' id='word_1_548' title='bbox 2166 4190 2424 4247; x_wconf 80' lang='lat' dir='ltr'>ZONAR.</span> <span class='ocrx_word' id='word_1_549' title='bbox 2453 4186 2766 4245; x_wconf 86' lang='lat' dir='ltr'><strong>Canonibus</strong></span> <span class='ocrx_word' id='word_1_550' title='bbox 2794 4185 3100 4240; x_wconf 76' lang='lat' dir='ltr'><strong>institutum</strong></span> <span class='ocrx_word' id='word_1_551' title='bbox 3135 4181 3254 4247; x_wconf 80' lang='lat' dir='ltr'><strong>fuit,</strong></span> <span class='ocrx_word' id='word_1_552' title='bbox 3287 4189 3346 4235; x_wconf 88' lang='lat' dir='ltr'><strong>ut</strong></span> <span class='ocrx_word' id='word_1_553' title='bbox 3386 4181 3439 4235; x_wconf 92' lang='lat' dir='ltr'>in</span> <span class='ocrx_word' id='word_1_554' title='bbox 3467 4178 3675 4235; x_wconf 76' lang='lat' dir='ltr'>Subba—</span> 
     </span>
    </p>
   </div>
   <div class='ocr_carea' id='block_1_81' title="bbox 410 4273 2012 4355">
    <p class='ocr_par' dir='ltr' id='par_1_81' title="bbox 410 4279 1994 4351">
     <span class='ocr_line' id='line_1_81' title="bbox 410 4279 1994 4351; baseline 0.001 -16"><span class='ocrx_word' id='word_1_555' title='bbox 410 4282 535 4346; x_wconf 73' lang='grc' dir='ltr'>ἑνδς</span> <span class='ocrx_word' id='word_1_556' title='bbox 560 4280 656 4334; x_wconf 91' lang='grc' dir='ltr'>τοῦ</span> <span class='ocrx_word' id='word_1_557' title='bbox 703 4279 968 4349; x_wconf 82' lang='grc' dir='ltr'>μεγάλου,</span> <span class='ocrx_word' id='word_1_558' title='bbox 997 4280 1090 4331; x_wconf 80' lang='grc' dir='ltr'>καὶ</span> <span class='ocrx_word' id='word_1_559' title='bbox 1118 4280 1176 4330; x_wconf 84' lang='grc' dir='ltr'>ὲν</span> <span class='ocrx_word' id='word_1_560' title='bbox 1220 4281 1340 4341; x_wconf 84' lang='grc' dir='ltr'>ταῖς</span> <span class='ocrx_word' id='word_1_561' title='bbox 1394 4280 1706 4351; x_wconf 84' lang='grc' dir='ltr'>Κυριακαῖς</span> <span class='ocrx_word' id='word_1_562' title='bbox 1749 4282 1844 4335; x_wconf 72' lang='grc' dir='ltr'>καὶ</span> <span class='ocrx_word' id='word_1_563' title='bbox 1872 4287 1994 4349; x_wconf 84' lang='grc' dir='ltr'>ταῖς</span> 
     </span>
    </p>
   </div>
   <div class='ocr_carea' id='block_1_82' title="bbox 2073 4273 3675 4355">
    <p class='ocr_par' dir='ltr' id='par_1_82' title="bbox 2097 4273 3675 4355">
     <span class='ocr_line' id='line_1_82' title="bbox 2097 4273 3675 4355; baseline -0.011 -12"><span class='ocrx_word' id='word_1_564' title='bbox 2097 4288 2167 4343; x_wconf 89' lang='lat' dir='ltr'>tis</span> <span class='ocrx_word' id='word_1_565' title='bbox 2201 4288 2347 4355; x_wconf 91' lang='lat' dir='ltr'><strong>(uno</strong></span> <span class='ocrx_word' id='word_1_566' title='bbox 2368 4296 2565 4355; x_wconf 84' lang='lat' dir='ltr'><strong>magno</strong></span> <span class='ocrx_word' id='word_1_567' title='bbox 2591 4287 2818 4348; x_wconf 78' lang='lat' dir='ltr'><strong>excepto</strong></span> <span class='ocrx_word' id='word_1_568' title='bbox 2838 4278 2858 4349; x_wconf 77' lang='lat'>)</span> <span class='ocrx_word' id='word_1_569' title='bbox 2880 4286 2936 4332; x_wconf 92' lang='lat' dir='ltr'>et</span> <span class='ocrx_word' id='word_1_570' title='bbox 2967 4277 3021 4332; x_wconf 94' lang='lat' dir='ltr'>in</span> <span class='ocrx_word' id='word_1_571' title='bbox 3053 4275 3348 4331; x_wconf 88' lang='lat' dir='ltr'><strong>Dominicis</strong></span> <span class='ocrx_word' id='word_1_572' title='bbox 3368 4315 3383 4341; x_wconf 94' lang='lat'><strong>,</strong></span> <span class='ocrx_word' id='word_1_573' title='bbox 3409 4283 3465 4330; x_wconf 91' lang='lat' dir='ltr'>et</span> <span class='ocrx_word' id='word_1_574' title='bbox 3502 4273 3556 4328; x_wconf 91' lang='lat' dir='ltr'>in</span> <span class='ocrx_word' id='word_1_575' title='bbox 3592 4274 3675 4327; x_wconf 82' lang='lat' dir='ltr'>l‘e-</span> 
     </span>
    </p>
   </div>
   <div class='ocr_carea' id='block_1_83' title="bbox 409 4365 2011 4446">
    <p class='ocr_par' dir='ltr' id='par_1_83' title="bbox 409 4370 1996 4446">
     <span class='ocr_line' id='line_1_83' title="bbox 409 4370 1996 4446; baseline 0.002 -19"><span class='ocrx_word' id='word_1_576' title='bbox 409 4373 766 4444; x_wconf 82' lang='grc' dir='ltr'>ὲορτασίμοις</span> <span class='ocrx_word' id='word_1_577' title='bbox 822 4372 1060 4443; x_wconf 77' lang='grc' dir='ltr'>ἡμέραις</span> <span class='ocrx_word' id='word_1_578' title='bbox 1094 4370 1170 4442; x_wconf 82' lang='grc' dir='ltr'>μὴ</span> <span class='ocrx_word' id='word_1_579' title='bbox 1190 4372 1523 4441; x_wconf 88' lang='grc' dir='ltr'>νηστεύειν.-</span> <span class='ocrx_word' id='word_1_580' title='bbox 1564 4371 1724 4426; x_wconf 75' lang='grc' dir='ltr'>Ἀλλὰ</span> <span class='ocrx_word' id='word_1_581' title='bbox 1749 4374 1996 4446; x_wconf 82' lang='grc' dir='ltr'>διάφοροι</span> 
     </span>
    </p>
   </div>
   <div class='ocr_carea' id='block_1_84' title="bbox 2074 4365 3676 4446">
    <p class='ocr_par' dir='ltr' id='par_1_84' title="bbox 2099 4365 3676 4443">
     <span class='ocr_line' id='line_1_84' title="bbox 2099 4365 3676 4443; baseline -0.011 -7"><span class='ocrx_word' id='word_1_582' title='bbox 2099 4381 2255 4436; x_wconf 89' lang='lat' dir='ltr'><strong>stivis</strong></span> <span class='ocrx_word' id='word_1_583' title='bbox 2302 4377 2493 4433; x_wconf 86' lang='lat' dir='ltr'><strong>diebus</strong></span> <span class='ocrx_word' id='word_1_584' title='bbox 2546 4387 2652 4429; x_wconf 91' lang='lat' dir='ltr'>non</span> <span class='ocrx_word' id='word_1_585' title='bbox 2709 4371 3070 4443; x_wconf 86' lang='lat' dir='ltr'><strong>jejunaretur.</strong></span> <span class='ocrx_word' id='word_1_586' title='bbox 3122 4369 3378 4422; x_wconf 89' lang='lat' dir='ltr'><strong>Attamen</strong></span> <span class='ocrx_word' id='word_1_587' title='bbox 3431 4365 3676 4422; x_wconf 91' lang='lat' dir='ltr'><strong>nonnulli</strong></span> 
     </span>
    </p>
   </div>
   <div class='ocr_carea' id='block_1_85' title="bbox 409 4459 2011 4539">
    <p class='ocr_par' dir='ltr' id='par_1_85' title="bbox 409 4464 1993 4539">
     <span class='ocr_line' id='line_1_85' title="bbox 409 4464 1993 4539; baseline 0.001 -18"><span class='ocrx_word' id='word_1_588' title='bbox 409 4469 523 4521; x_wconf 83' lang='grc' dir='ltr'>τῶν</span> <span class='ocrx_word' id='word_1_589' title='bbox 559 4468 732 4535; x_wconf 83' lang='grc' dir='ltr'>ἁγίων</span> <span class='ocrx_word' id='word_1_590' title='bbox 763 4465 1044 4537; x_wconf 82' lang='grc' dir='ltr'>Πατέρων,</span> <span class='ocrx_word' id='word_1_591' title='bbox 1078 4467 1135 4518; x_wconf 78' lang='grc' dir='ltr'>έν</span> <span class='ocrx_word' id='word_1_592' title='bbox 1167 4464 1302 4520; x_wconf 80' lang='grc' dir='ltr'>δέκα</span> <span class='ocrx_word' id='word_1_593' title='bbox 1353 4465 1518 4535; x_wconf 80' lang='grc' dir='ltr'>τυχὸν</span> <span class='ocrx_word' id='word_1_594' title='bbox 1564 4467 1803 4538; x_wconf 74' lang='grc' dir='ltr'>ἡμέραις</span> <span class='ocrx_word' id='word_1_595' title='bbox 1841 4468 1874 4539; x_wconf 77' lang='grc' dir='ltr'>ἢ</span> <span class='ocrx_word' id='word_1_596' title='bbox 1912 4469 1993 4523; x_wconf 80' lang='grc' dir='ltr'>εί-</span> 
     </span>
    </p>
   </div>
   <div class='ocr_carea' id='block_1_86' title="bbox 2072 4459 3674 4539">
    <p class='ocr_par' dir='ltr' id='par_1_86' title="bbox 2097 4459 3674 4530">
     <span class='ocr_line' id='line_1_86' title="bbox 2097 4459 3674 4530; baseline -0.012 -1"><span class='ocrx_word' id='word_1_597' title='bbox 2097 4481 2406 4530; x_wconf 90' lang='lat' dir='ltr'><strong>sanctorum</strong></span> <span class='ocrx_word' id='word_1_598' title='bbox 2432 4468 2654 4523; x_wconf 81' lang='lat' dir='ltr'><strong>Patrum</strong></span> <span class='ocrx_word' id='word_1_599' title='bbox 2684 4465 2745 4521; x_wconf 88' lang='lat' dir='ltr'>in</span> <span class='ocrx_word' id='word_1_600' title='bbox 2768 4463 2955 4519; x_wconf 90' lang='lat' dir='ltr'><strong>decem</strong></span> <span class='ocrx_word' id='word_1_601' title='bbox 2982 4462 3123 4517; x_wconf 78' lang='lat' dir='ltr'><strong>forte</strong></span> <span class='ocrx_word' id='word_1_602' title='bbox 3143 4461 3335 4516; x_wconf 85' lang='lat' dir='ltr'><strong>diebus</strong></span> <span class='ocrx_word' id='word_1_603' title='bbox 3369 4460 3454 4514; x_wconf 85' lang='lat' dir='ltr'><strong>vel</strong></span> <span class='ocrx_word' id='word_1_604' title='bbox 3509 4459 3674 4515; x_wconf 85' lang='lat' dir='ltr'><strong>etiam</strong></span> 
     </span>
    </p>
   </div>
   <div class='ocr_carea' id='block_1_87' title="bbox 408 4552 2010 4636">
    <p class='ocr_par' dir='ltr' id='par_1_87' title="bbox 408 4558 1993 4628">
     <span class='ocr_line' id='line_1_87' title="bbox 408 4558 1993 4628; baseline 0 -12"><span class='ocrx_word' id='word_1_605' title='bbox 408 4579 565 4626; x_wconf 84' lang='grc' dir='ltr'>κοσι,</span> <span class='ocrx_word' id='word_1_606' title='bbox 597 4561 692 4614; x_wconf 65' lang='grc' dir='ltr'>κα)⁵</span> <span class='ocrx_word' id='word_1_607' title='bbox 728 4560 935 4614; x_wconf 87' lang='grc' dir='ltr'>τούτων</span> <span class='ocrx_word' id='word_1_608' title='bbox 987 4558 1270 4623; x_wconf 78' lang='grc' dir='ltr'>ἐπέκεινα,</span> <span class='ocrx_word' id='word_1_609' title='bbox 1336 4558 1554 4628; x_wconf 74' lang='grc' dir='ltr'>ἤσθιονο</span> <span class='ocrx_word' id='word_1_610' title='bbox 1612 4560 1759 4623; x_wconf 80' lang='grc' dir='ltr'>τινὲς</span> <span class='ocrx_word' id='word_1_611' title='bbox 1809 4560 1869 4615; x_wconf 87' lang='grc' dir='ltr'>δὲ</span> <span class='ocrx_word' id='word_1_612' title='bbox 1897 4563 1993 4617; x_wconf 71' lang='grc' dir='ltr'>καὶ</span> 
     </span>
    </p>
   </div>
   <div class='ocr_carea' id='block_1_88' title="bbox 2080 4552 3682 4636">
    <p class='ocr_par' dir='ltr' id='par_1_88' title="bbox 2100 4552 3682 4636">
     <span class='ocr_line' id='line_1_88' title="bbox 2100 4552 3682 4636; baseline -0.009 -16"><span class='ocrx_word' id='word_1_613' title='bbox 2100 4564 2292 4636; x_wconf 85' lang='lat' dir='ltr'><strong>viginti</strong></span> <span class='ocrx_word' id='word_1_614' title='bbox 2321 4604 2337 4630; x_wconf 93' lang='lat'><strong>,</strong></span> <span class='ocrx_word' id='word_1_615' title='bbox 2368 4562 2622 4631; x_wconf 87' lang='lat' dir='ltr'><strong>ultraque</strong></span> <span class='ocrx_word' id='word_1_616' title='bbox 2653 4559 2773 4614; x_wconf 92' lang='lat' dir='ltr'><strong>dies</strong></span> <span class='ocrx_word' id='word_1_617' title='bbox 2817 4558 2955 4612; x_wconf 91' lang='lat' dir='ltr'><strong>istos</strong></span> <span class='ocrx_word' id='word_1_618' title='bbox 2982 4596 2998 4623; x_wconf 92' lang='lat'><strong>,</strong></span> <span class='ocrx_word' id='word_1_619' title='bbox 3050 4570 3153 4610; x_wconf 91' lang='lat' dir='ltr'>non</span> <span class='ocrx_word' id='word_1_620' title='bbox 3197 4554 3575 4610; x_wconf 87' lang='lat' dir='ltr'><strong>comedebant.</strong></span> <span class='ocrx_word' id='word_1_621' title='bbox 3611 4552 3682 4606; x_wconf 83' lang='lat' dir='ltr'><strong>Et</strong></span> 
     </span>
    </p>
   </div>
   <div class='ocr_carea' id='block_1_89' title="bbox 410 4644 2012 4724">
    <p class='ocr_par' dir='ltr' id='par_1_89' title="bbox 410 4651 1996 4724">
     <span class='ocr_line' id='line_1_89' title="bbox 410 4651 1996 4724; baseline 0.002 -17"><span class='ocrx_word' id='word_1_622' title='bbox 410 4657 547 4724; x_wconf 78' lang='grc' dir='ltr'>ἄχρι</span> <span class='ocrx_word' id='word_1_623' title='bbox 579 4654 690 4707; x_wconf 82' lang='grc' dir='ltr'>τῶν</span> <span class='ocrx_word' id='word_1_624' title='bbox 731 4651 1144 4722; x_wconf 80' lang='grc' dir='ltr'>τεσσαράκοντα</span> <span class='ocrx_word' id='word_1_625' title='bbox 1194 4652 1295 4722; x_wconf 77' lang='grc' dir='ltr'>τὴν</span> <span class='ocrx_word' id='word_1_626' title='bbox 1338 4652 1600 4722; x_wconf 85' lang='grc' dir='ltr'>νηστείαν</span> <span class='ocrx_word' id='word_1_627' title='bbox 1652 4653 1996 4723; x_wconf 80' lang='grc' dir='ltr'>παρέτεινον.</span> 
     </span>
    </p>
   </div>
   <div class='ocr_carea' id='block_1_90' title="bbox 2075 4644 3677 4724">
    <p class='ocr_par' dir='ltr' id='par_1_90' title="bbox 2100 4644 3677 4723">
     <span class='ocr_line' id='line_1_90' title="bbox 2100 4644 3677 4723; baseline -0.011 -10"><span class='ocrx_word' id='word_1_628' title='bbox 2100 4657 2264 4713; x_wconf 88' lang='lat' dir='ltr'><strong>etiam</strong></span> <span class='ocrx_word' id='word_1_629' title='bbox 2293 4653 2510 4723; x_wconf 87' lang='lat' dir='ltr'><strong>quidam</strong></span> <span class='ocrx_word' id='word_1_630' title='bbox 2536 4652 2602 4705; x_wconf 91' lang='lat' dir='ltr'><strong>ad</strong></span> <span class='ocrx_word' id='word_1_631' title='bbox 2629 4650 2742 4705; x_wconf 91' lang='lat' dir='ltr'><strong>dies</strong></span> <span class='ocrx_word' id='word_1_632' title='bbox 2776 4658 2950 4718; x_wconf 86' lang='lat' dir='ltr'><strong>usque</strong></span> <span class='ocrx_word' id='word_1_633' title='bbox 3000 4646 3363 4716; x_wconf 81' lang='lat' dir='ltr'><strong>quadraginta</strong></span> <span class='ocrx_word' id='word_1_634' title='bbox 3413 4644 3677 4714; x_wconf 83' lang='lat' dir='ltr'><strong>jejunium</strong></span> 
     </span>
    </p>
   </div>
   <div class='ocr_carea' id='block_1_91' title="bbox 412 4734 2014 4820">
    <p class='ocr_par' dir='ltr' id='par_1_91' title="bbox 412 4743 1999 4817">
     <span class='ocr_line' id='line_1_91' title="bbox 412 4743 1999 4817; baseline 0.001 -17"><span class='ocrx_word' id='word_1_635' title='bbox 412 4748 634 4817; x_wconf 80' lang='grc' dir='ltr'>Ὠσπερ</span> <span class='ocrx_word' id='word_1_636' title='bbox 664 4745 756 4799; x_wconf 86' lang='grc' dir='ltr'>οῦν</span> <span class='ocrx_word' id='word_1_637' title='bbox 797 4745 858 4798; x_wconf 80' lang='grc' dir='ltr'>οὐ</span> <span class='ocrx_word' id='word_1_638' title='bbox 902 4743 1267 4816; x_wconf 78' lang='grc' dir='ltr'>παραϐαίνειν</span> <span class='ocrx_word' id='word_1_639' title='bbox 1318 4744 1522 4799; x_wconf 81' lang='grc' dir='ltr'>ἐκεῖνοι</span> <span class='ocrx_word' id='word_1_640' title='bbox 1576 4745 1704 4809; x_wconf 86' lang='grc' dir='ltr'>τοὺς</span> <span class='ocrx_word' id='word_1_641' title='bbox 1763 4747 1999 4812; x_wconf 87' lang='grc' dir='ltr'>κανόνας</span> 
     </span>
    </p>
   </div>
   <div class='ocr_carea' id='block_1_92' title="bbox 2080 4734 3682 4820">
    <p class='ocr_par' dir='ltr' id='par_1_92' title="bbox 2102 4734 3682 4820">
     <span class='ocr_line' id='line_1_92' title="bbox 2102 4734 3682 4820; baseline -0.009 -17"><span class='ocrx_word' id='word_1_642' title='bbox 2102 4747 2518 4820; x_wconf 87' lang='lat' dir='ltr'><strong>protendebant.</strong></span> <span class='ocrx_word' id='word_1_643' title='bbox 2554 4740 3027 4810; x_wconf 84' lang='lat' dir='ltr'><strong>Quemadmodum</strong></span> <span class='ocrx_word' id='word_1_644' title='bbox 3057 4737 3224 4809; x_wconf 79' lang='lat' dir='ltr'><strong>igitur</strong></span> <span class='ocrx_word' id='word_1_645' title='bbox 3251 4737 3301 4791; x_wconf 92' lang='lat' dir='ltr'>in</span> <span class='ocrx_word' id='word_1_646' title='bbox 3333 4737 3576 4791; x_wconf 82' lang='lat' dir='ltr'>sabbatis</span> <span class='ocrx_word' id='word_1_647' title='bbox 3610 4734 3682 4789; x_wconf 89' lang='lat' dir='ltr'><strong>illi</strong></span> 
     </span>
    </p>
   </div>
   <div class='ocr_carea' id='block_1_93' title="bbox 411 4828 2013 4912">
    <p class='ocr_par' dir='ltr' id='par_1_93' title="bbox 411 4835 1999 4911">
     <span class='ocr_line' id='line_1_93' title="bbox 411 4835 1999 4911; baseline -0.001 -16"><span class='ocrx_word' id='word_1_648' title='bbox 411 4840 720 4911; x_wconf 68' lang='grc' dir='ltr'>ἐκρίνοντο,</span> <span class='ocrx_word' id='word_1_649' title='bbox 764 4841 822 4891; x_wconf 67' lang='grc' dir='ltr'>ἐν</span> <span class='ocrx_word' id='word_1_650' title='bbox 874 4837 1180 4901; x_wconf 81' lang='grc' dir='ltr'>Σαδόἁτοις</span> <span class='ocrx_word' id='word_1_651' title='bbox 1236 4835 1616 4906; x_wconf 85' lang='grc' dir='ltr'>νηστεύοντες,</span> <span class='ocrx_word' id='word_1_652' title='bbox 1675 4836 1852 4902; x_wconf 75' lang='grc' dir='ltr'>οὕτως</span> <span class='ocrx_word' id='word_1_653' title='bbox 1888 4839 1999 4894; x_wconf 82' lang='grc' dir='ltr'>οὐδ’</span> 
     </span>
    </p>
   </div>
   <div class='ocr_carea' id='block_1_94' title="bbox 2081 4828 3683 4912">
    <p class='ocr_par' dir='ltr' id='par_1_94' title="bbox 2098 4828 3683 4912">
     <span class='ocr_line' id='line_1_94' title="bbox 2098 4828 3683 4912; baseline -0.008 -16"><span class='ocrx_word' id='word_1_654' title='bbox 2098 4841 2405 4912; x_wconf 85' lang='lat' dir='ltr'><strong>jejunantes</strong></span> <span class='ocrx_word' id='word_1_655' title='bbox 2434 4833 2742 4906; x_wconf 79' lang='lat' dir='ltr'><strong>transgredi</strong></span> <span class='ocrx_word' id='word_1_656' title='bbox 2788 4846 3026 4888; x_wconf 90' lang='lat' dir='ltr'><strong>canones</strong></span> <span class='ocrx_word' id='word_1_657' title='bbox 3080 4846 3185 4885; x_wconf 91' lang='lat' dir='ltr'>non</span> <span class='ocrx_word' id='word_1_658' title='bbox 3239 4828 3629 4899; x_wconf 74' lang='lat' dir='ltr'><strong>iudicabantur</strong></span> <span class='ocrx_word' id='word_1_659' title='bbox 3668 4846 3683 4883; x_wconf 90' lang='lat'><strong>:</strong></span> 
     </span>
    </p>
   </div>
   <div class='ocr_carea' id='block_1_95' title="bbox 411 4918 2013 5004">
    <p class='ocr_par' dir='ltr' id='par_1_95' title="bbox 411 4929 1995 5004">
     <span class='ocr_line' id='line_1_95' title="bbox 411 4929 1995 5004; baseline -0.001 -16"><span class='ocrx_word' id='word_1_660' title='bbox 411 4936 475 4988; x_wconf 76' lang='grc' dir='ltr'>εἴ</span> <span class='ocrx_word' id='word_1_661' title='bbox 498 4952 586 4998; x_wconf 85' lang='grc' dir='ltr'>τις</span> <span class='ocrx_word' id='word_1_662' title='bbox 608 4935 667 4986; x_wconf 81' lang='grc' dir='ltr'>ὲν</span> <span class='ocrx_word' id='word_1_663' title='bbox 698 4932 1037 5004; x_wconf 77' lang='grc' dir='ltr'>ὡρισμέναις</span> <span class='ocrx_word' id='word_1_664' title='bbox 1058 4929 1292 5001; x_wconf 81' lang='grc' dir='ltr'>ἡμέραις</span> <span class='ocrx_word' id='word_1_665' title='bbox 1328 4929 1504 4982; x_wconf 77' lang='grc' dir='ltr'>ἐθέλει</span> <span class='ocrx_word' id='word_1_666' title='bbox 1541 4930 1995 5001; x_wconf 80' lang='grc' dir='ltr'>ὲγκρατεύεσθαι,</span> 
     </span>
    </p>
   </div>
   <div class='ocr_carea' id='block_1_96' title="bbox 2086 4918 3688 5004">
    <p class='ocr_par' dir='ltr' id='par_1_96' title="bbox 2106 4918 3688 4997">
     <span class='ocr_line' id='line_1_96' title="bbox 2106 4918 3688 4997; baseline -0.011 -11"><span class='ocrx_word' id='word_1_667' title='bbox 2106 4932 2186 4986; x_wconf 88' lang='lat' dir='ltr'><strong>sic</strong></span> <span class='ocrx_word' id='word_1_668' title='bbox 2239 4940 2436 4997; x_wconf 80' lang='lat' dir='ltr'><strong>neque,</strong></span> <span class='ocrx_word' id='word_1_669' title='bbox 2490 4925 2535 4980; x_wconf 89' lang='lat' dir='ltr'><strong>si</strong></span> <span class='ocrx_word' id='word_1_670' title='bbox 2572 4924 2697 4994; x_wconf 87' lang='lat' dir='ltr'><strong>quis</strong></span> <span class='ocrx_word' id='word_1_671' title='bbox 2757 4936 2853 4991; x_wconf 92' lang='lat' dir='ltr'><strong>per</strong></span> <span class='ocrx_word' id='word_1_672' title='bbox 2880 4929 3061 4977; x_wconf 89' lang='lat' dir='ltr'><strong>certos</strong></span> <span class='ocrx_word' id='word_1_673' title='bbox 3088 4921 3351 4991; x_wconf 85' lang='lat' dir='ltr'><strong>quosdam</strong></span> <span class='ocrx_word' id='word_1_674' title='bbox 3407 4919 3520 4973; x_wconf 90' lang='lat' dir='ltr'><strong>dies</strong></span> <span class='ocrx_word' id='word_1_675' title='bbox 3558 4918 3688 4975; x_wconf 84' lang='lat' dir='ltr'><strong>velit</strong></span> 
     </span>
    </p>
   </div>
   <div class='ocr_carea' id='block_1_97' title="bbox 416 5009 2018 5089">
    <p class='ocr_par' dir='ltr' id='par_1_97' title="bbox 416 5021 2001 5089">
     <span class='ocr_line' id='line_1_97' title="bbox 416 5021 2001 5089; baseline -0.003 -6"><span class='ocrx_word' id='word_1_676' title='bbox 416 5030 519 5083; x_wconf 65' lang='grc' dir='ltr'>καὶ</span> <span class='ocrx_word' id='word_1_677' title='bbox 579 5028 668 5082; x_wconf 82' lang='grc' dir='ltr'>διὰ</span> <span class='ocrx_word' id='word_1_678' title='bbox 712 5027 889 5080; x_wconf 88' lang='grc' dir='ltr'>τόσων</span> <span class='ocrx_word' id='word_1_679' title='bbox 939 5023 1167 5087; x_wconf 77' lang='grc' dir='ltr'>ἐσθίειν,</span> <span class='ocrx_word' id='word_1_680' title='bbox 1210 5022 1316 5076; x_wconf 73' lang='grc' dir='ltr'>κᾶν</span> <span class='ocrx_word' id='word_1_681' title='bbox 1370 5021 1650 5076; x_wconf 81' lang='grc' dir='ltr'>Σάόὅατον</span> <span class='ocrx_word' id='word_1_682' title='bbox 1708 5024 1767 5077; x_wconf 83' lang='grc' dir='ltr'>ὲν</span> <span class='ocrx_word' id='word_1_683' title='bbox 1810 5025 2001 5089; x_wconf 83' lang='grc' dir='ltr'>αὑταῖς</span> 
     </span>
    </p>
   </div>
   <div class='ocr_carea' id='block_1_98' title="bbox 2080 5009 3682 5089">
    <p class='ocr_par' dir='ltr' id='par_1_98' title="bbox 2111 5009 3682 5083">
     <span class='ocr_line' id='line_1_98' title="bbox 2111 5009 3682 5083; baseline -0.007 -8"><span class='ocrx_word' id='word_1_684' title='bbox 2111 5019 2407 5083; x_wconf 87' lang='lat' dir='ltr'><strong>abstinere,</strong></span> <span class='ocrx_word' id='word_1_685' title='bbox 2437 5023 2492 5071; x_wconf 86' lang='lat' dir='ltr'>et</span> <span class='ocrx_word' id='word_1_686' title='bbox 2524 5029 2622 5082; x_wconf 87' lang='lat' dir='ltr'><strong>per</strong></span> <span class='ocrx_word' id='word_1_687' title='bbox 2650 5013 2870 5069; x_wconf 89' lang='lat' dir='ltr'><strong>totidem</strong></span> <span class='ocrx_word' id='word_1_688' title='bbox 2901 5012 3207 5078; x_wconf 87' lang='lat' dir='ltr'><strong>comedere,</strong></span> <span class='ocrx_word' id='word_1_689' title='bbox 3234 5010 3350 5067; x_wconf 87' lang='lat' dir='ltr'><strong>sive</strong></span> <span class='ocrx_word' id='word_1_690' title='bbox 3380 5009 3682 5064; x_wconf 83' lang='lat' dir='ltr'><strong>Sabhatum</strong></span> 
     </span>
    </p>
   </div>
   <div class='ocr_carea' id='block_1_99' title="bbox 419 5102 2021 5193">
    <p class='ocr_par' dir='ltr' id='par_1_99' title="bbox 419 5113 2003 5193">
     <span class='ocr_line' id='line_1_99' title="bbox 419 5113 2003 5193; baseline -0.001 -21"><span class='ocrx_word' id='word_1_691' title='bbox 419 5122 814 5193; x_wconf 75' lang='grc' dir='ltr'>παρεμπίπτῃ,</span> <span class='ocrx_word' id='word_1_692' title='bbox 845 5118 953 5173; x_wconf 74' lang='grc' dir='ltr'>κᾶν</span> <span class='ocrx_word' id='word_1_693' title='bbox 983 5116 1120 5185; x_wconf 78' lang='grc' dir='ltr'>ἄλλη</span> <span class='ocrx_word' id='word_1_694' title='bbox 1174 5113 1362 5186; x_wconf 83' lang='grc' dir='ltr'>ἡμέρα</span> <span class='ocrx_word' id='word_1_695' title='bbox 1392 5132 1476 5177; x_wconf 89' lang='grc' dir='ltr'>τις</span> <span class='ocrx_word' id='word_1_696' title='bbox 1522 5114 1872 5186; x_wconf 83' lang='grc' dir='ltr'>έορτάσιμος,</span> <span class='ocrx_word' id='word_1_697' title='bbox 1928 5115 2003 5181; x_wconf 86' lang='grc' dir='ltr'>ὡς</span> 
     </span>
    </p>
   </div>
   <div class='ocr_carea' id='block_1_100' title="bbox 2084 5102 3686 5193">
    <p class='ocr_par' dir='ltr' id='par_1_100' title="bbox 2113 5102 3686 5182">
     <span class='ocr_line' id='line_1_100' title="bbox 2113 5102 3686 5182; baseline -0.009 -15"><span class='ocrx_word' id='word_1_698' title='bbox 2113 5113 2166 5167; x_wconf 88' lang='lat' dir='ltr'>in</span> <span class='ocrx_word' id='word_1_699' title='bbox 2200 5112 2347 5182; x_wconf 87' lang='lat' dir='ltr'><strong>ipsos</strong></span> <span class='ocrx_word' id='word_1_700' title='bbox 2375 5107 2649 5171; x_wconf 84' lang='lat' dir='ltr'><strong>inciderit,</strong></span> <span class='ocrx_word' id='word_1_701' title='bbox 2680 5107 2796 5163; x_wconf 85' lang='lat' dir='ltr'><strong>sive</strong></span> <span class='ocrx_word' id='word_1_702' title='bbox 2822 5105 2960 5161; x_wconf 89' lang='lat' dir='ltr'><strong>alius</strong></span> <span class='ocrx_word' id='word_1_703' title='bbox 2992 5104 3108 5161; x_wconf 88' lang='lat' dir='ltr'><strong>dies</strong></span> <span class='ocrx_word' id='word_1_704' title='bbox 3134 5102 3326 5170; x_wconf 82' lang='lat' dir='ltr'><strong>festus,</strong></span> <span class='ocrx_word' id='word_1_705' title='bbox 3349 5102 3686 5171; x_wconf 75' lang='lat' dir='ltr'><strong>iudicabitur</strong></span> 
     </span>
    </p>
   </div>
   <div class='ocr_carea' id='block_1_101' title="bbox 417 5194 2019 5287">
    <p class='ocr_par' dir='ltr' id='par_1_101' title="bbox 417 5203 2004 5287">
     <span class='ocr_line' id='line_1_101' title="bbox 417 5203 2004 5287; baseline -0.006 -17"><span class='ocrx_word' id='word_1_706' title='bbox 417 5214 755 5287; x_wconf 60' lang='grc' dir='ltr'>παραϐάτης</span> <span class='ocrx_word' id='word_1_707' title='bbox 804 5211 915 5265; x_wconf 84' lang='grc' dir='ltr'>τῶν</span> <span class='ocrx_word' id='word_1_708' title='bbox 966 5208 1207 5262; x_wconf 81' lang='grc' dir='ltr'>κανόνων</span> <span class='ocrx_word' id='word_1_709' title='bbox 1265 5203 1608 5275; x_wconf 81' lang='grc' dir='ltr'>κριθήσεται.</span> <span class='ocrx_word' id='word_1_710' title='bbox 1665 5206 1727 5259; x_wconf 84' lang='lat' dir='ltr'>El</span> <span class='ocrx_word' id='word_1_711' title='bbox 1772 5205 1829 5260; x_wconf 74' lang='grc' dir='ltr'>δὲ</span> <span class='ocrx_word' id='word_1_712' title='bbox 1862 5206 2004 5261; x_wconf 84' lang='grc' dir='ltr'>αὐτὰ</span> 
     </span>
    </p>
   </div>
   <div class='ocr_carea' id='block_1_102' title="bbox 2092 5194 3694 5287">
    <p class='ocr_par' dir='ltr' id='par_1_102' title="bbox 2112 5194 3687 5271">
     <span class='ocr_line' id='line_1_102' title="bbox 2112 5194 3687 5271; baseline -0.01 -10"><span class='ocrx_word' id='word_1_713' title='bbox 2112 5213 2173 5261; x_wconf 89' lang='lat' dir='ltr'><strong>ut</strong></span> <span class='ocrx_word' id='word_1_714' title='bbox 2203 5216 2471 5259; x_wconf 89' lang='lat' dir='ltr'><strong>canonum</strong></span> <span class='ocrx_word' id='word_1_715' title='bbox 2506 5208 2896 5271; x_wconf 83' lang='lat' dir='ltr'><strong>transgressor.</strong></span> <span class='ocrx_word' id='word_1_716' title='bbox 2932 5196 2989 5253; x_wconf 92' lang='lat' dir='ltr'>Si</span> <span class='ocrx_word' id='word_1_717' title='bbox 3017 5211 3145 5254; x_wconf 84' lang='lat' dir='ltr'><strong>vero</strong></span> <span class='ocrx_word' id='word_1_718' title='bbox 3173 5196 3226 5253; x_wconf 91' lang='lat' dir='ltr'>in</span> <span class='ocrx_word' id='word_1_719' title='bbox 3277 5194 3527 5252; x_wconf 87' lang='lat' dir='ltr'><strong>Sabbatis</strong></span> <span class='ocrx_word' id='word_1_720' title='bbox 3553 5206 3687 5263; x_wconf 88' lang='lat' dir='ltr'><strong>qua-</strong></span> 
     </span>
    </p>
   </div>
   <div class='ocr_carea' id='block_1_103' title="bbox 501 5398 2453 5543">
    <p class='ocr_par' dir='ltr' id='par_1_103' title="bbox 501 5398 2453 5543">
     <span class='ocr_line' id='line_1_103' title="bbox 501 5398 2453 5543; baseline 0.049 -114"><span class='ocrx_word' id='word_1_721' title='bbox 501 5399 543 5432; x_wconf 77' lang='lat' dir='ltr'><strong>sl</strong></span> <span class='ocrx_word' id='word_1_722' title='bbox 575 5398 725 5454; x_wconf 82' lang='lat' dir='ltr'><strong>Psal.</strong></span> <span class='ocrx_word' id='word_1_723' title='bbox 750 5414 885 5464; x_wconf 81' lang='lat' dir='ltr'><strong>xvn,</strong></span> <span class='ocrx_word' id='word_1_724' title='bbox 918 5399 1011 5454; x_wconf 75' lang='lat'>20.</span> <span class='ocrx_word' id='word_1_725' title='bbox 1666 5462 1856 5526; x_wconf 49' lang='grc' dir='ltr'>ϐαίη.</span> <span class='ocrx_word' id='word_1_726' title='bbox 1900 5460 2224 5543; x_wconf 65' lang='lat' dir='ltr'>Beveregii</span> <span class='ocrx_word' id='word_1_727' title='bbox 2266 5469 2453 5526; x_wconf 71' lang='lat' dir='ltr'><strong>noue.</strong></span> 
     </span>
    </p>
   </div>
   <div class='ocr_carea' id='block_1_104' title="bbox 500 5579 2102 5664">
    <p class='ocr_par' dir='ltr' id='par_1_104' title="bbox 500 5593 2005 5664">
     <span class='ocr_line' id='line_1_104' title="bbox 500 5593 2005 5664; baseline -0.001 -17"><span class='ocrx_word' id='word_1_728' title='bbox 500 5594 618 5660; x_wconf 80' lang='grc' dir='ltr'>(τι)</span> <span class='ocrx_word' id='word_1_729' title='bbox 648 5595 981 5663; x_wconf 76' lang='grc' dir='ltr'>Νηστεύων</span> <span class='ocrx_word' id='word_1_730' title='bbox 1029 5596 1245 5663; x_wconf 84' lang='grc' dir='ltr'>κακῶς.</span> <span class='ocrx_word' id='word_1_731' title='bbox 1281 5594 1529 5664; x_wconf 80' lang='lat' dir='ltr'><strong>Reliqua,</strong></span> <span class='ocrx_word' id='word_1_732' title='bbox 1555 5609 1728 5663; x_wconf 87' lang='lat' dir='ltr'><strong>usque</strong></span> <span class='ocrx_word' id='word_1_733' title='bbox 1765 5594 1832 5647; x_wconf 88' lang='lat' dir='ltr'>ad</span> <span class='ocrx_word' id='word_1_734' title='bbox 1868 5593 2005 5661; x_wconf 76' lang='grc' dir='ltr'>ἀφο-</span> 
     </span>
    </p>
   </div>
   <div class='ocr_carea' id='block_1_105' title="bbox 2088 5579 3690 5664">
    <p class='ocr_par' dir='ltr' id='par_1_105' title="bbox 2111 5579 3690 5664">
     <span class='ocr_line' id='line_1_105' title="bbox 2111 5579 3690 5664; baseline -0.009 -19"><span class='ocrx_word' id='word_1_735' title='bbox 2111 5592 2354 5662; x_wconf 87' lang='lat' dir='ltr'><strong>junasse,</strong></span> <span class='ocrx_word' id='word_1_736' title='bbox 2410 5591 2579 5664; x_wconf 15' lang='lat' dir='ltr'><strong>testis,</strong></span> <span class='ocrx_word' id='word_1_737' title='bbox 2608 5600 2696 5664; x_wconf 84' lang='lat' dir='ltr'>est</span> <span class='ocrx_word' id='word_1_738' title='bbox 2744 5584 3079 5664; x_wconf 67' lang='lat' dir='ltr'><strong>Epiphanius</strong></span> <span class='ocrx_word' id='word_1_739' title='bbox 3117 5585 3258 5664; x_wconf 71' lang='lat' dir='ltr'><strong>Im.</strong></span> <span class='ocrx_word' id='word_1_740' title='bbox 3302 5579 3396 5645; x_wconf 71' lang='grc'>42,</span> <span class='ocrx_word' id='word_1_741' title='bbox 3448 5593 3566 5651; x_wconf 87' lang='lat' dir='ltr'><strong>par.</strong></span> <span class='ocrx_word' id='word_1_742' title='bbox 3599 5591 3690 5644; x_wconf 58' lang='lat' dir='ltr'><strong>In,</strong></span> 
     </span>
    </p>
   </div>
   <div class='ocr_carea' id='block_1_106' title="bbox 429 5654 3221 5790">
    <p class='ocr_par' dir='ltr' id='par_1_106' title="bbox 429 5654 3221 5790">
     <span class='ocr_line' id='line_1_106' title="bbox 471 5654 3221 5735; baseline -0.004 -16"><span class='ocrx_word' id='word_1_743' title='bbox 471 5654 650 5728; x_wconf 69' lang='grc' dir='ltr'>ἕζεται</span> <span class='ocrx_word' id='word_1_744' title='bbox 687 5654 982 5730; x_wconf 63' lang='lat' dir='ltr'><strong>ei&#39;clusive,</strong></span> <span class='ocrx_word' id='word_1_745' title='bbox 1023 5682 1088 5721; x_wconf 81' lang='lat' dir='ltr'><strong>cx</strong></span> <span class='ocrx_word' id='word_1_746' title='bbox 1147 5654 1247 5721; x_wconf 78' lang='lat' dir='ltr'>ms.</span> <span class='ocrx_word' id='word_1_747' title='bbox 1304 5654 1598 5721; x_wconf 69' lang='lat' dir='ltr'><strong>Bodleiano</strong></span> <span class='ocrx_word' id='word_1_748' title='bbox 1641 5654 2000 5717; x_wconf 74' lang='lat' dir='ltr'><strong>restituimus.</strong></span> <span class='ocrx_word' id='word_1_749' title='bbox 2111 5654 2482 5735; x_wconf 71' lang='lat' dir='ltr'><strong>tom..l,pag.</strong></span> <span class='ocrx_word' id='word_1_750' title='bbox 2520 5661 2648 5729; x_wconf 68' lang='lat'>504,</span> <span class='ocrx_word' id='word_1_751' title='bbox 2682 5654 3007 5732; x_wconf 59' lang='lat' dir='ltr'><strong>opeiu&#39;edit.</strong></span> <span class='ocrx_word' id='word_1_752' title='bbox 3037 5654 3221 5709; x_wconf 77' lang='lat' dir='ltr'><strong>l’ctav.</strong></span> 
     </span>
     <span class='ocr_line' id='line_1_107' title="bbox 429 5682 2004 5790; baseline 0 0"><span class='ocrx_word' id='word_1_753' title='bbox 429 5682 815 5790; x_wconf 55' lang='lat' dir='ltr'><strong>glarcionistas</strong></span> <span class='ocrx_word' id='word_1_754' title='bbox 871 5745 1051 5790; x_wconf 87' lang='lat' dir='ltr'><strong>autem</strong></span> <span class='ocrx_word' id='word_1_755' title='bbox 1089 5737 1175 5790; x_wconf 82' lang='lat' dir='ltr'><strong>hic</strong></span> <span class='ocrx_word' id='word_1_756' title='bbox 1202 5736 1419 5790; x_wconf 85' lang='lat' dir='ltr'><strong>citatos.</strong></span> <span class='ocrx_word' id='word_1_757' title='bbox 1461 5736 1625 5790; x_wconf 88' lang='lat' dir='ltr'><strong>etiam</strong></span> <span class='ocrx_word' id='word_1_758' title='bbox 1666 5735 1903 5790; x_wconf 79' lang='lat' dir='ltr'><strong>Sabbato</strong></span> <span class='ocrx_word' id='word_1_759' title='bbox 1931 5732 2004 5790; x_wconf 68' lang='grc' dir='ltr'>ἴε-</span> 
     </span>
    </p>
   </div>
   <div class='ocr_carea' id='block_1_107' title="bbox 492 5735 2004 5803">
    <p class='ocr_par' dir='ltr' id='par_1_107' title="bbox 492 5735 2004 5803">
     <span class='ocr_line' id='line_1_108' title="bbox 492 5735 2004 5803; baseline 0.002 -16"><span class='ocrx_word' id='word_1_760' title='bbox 492 5736 815 5792; x_wconf 68' lang='lat' dir='ltr'><strong>strcionistas</strong></span> <span class='ocrx_word' id='word_1_761' title='bbox 871 5745 1051 5791; x_wconf 85' lang='lat' dir='ltr'><strong>autem</strong></span> <span class='ocrx_word' id='word_1_762' title='bbox 1089 5737 1175 5793; x_wconf 80' lang='lat' dir='ltr'>hic</span> <span class='ocrx_word' id='word_1_763' title='bbox 1202 5736 1419 5803; x_wconf 83' lang='lat' dir='ltr'><strong>citatos,</strong></span> <span class='ocrx_word' id='word_1_764' title='bbox 1461 5736 1625 5791; x_wconf 87' lang='lat' dir='ltr'><strong>etiam</strong></span> <span class='ocrx_word' id='word_1_765' title='bbox 1666 5735 1903 5791; x_wconf 79' lang='lat' dir='ltr'><strong>Sabbato</strong></span> <span class='ocrx_word' id='word_1_766' title='bbox 1931 5735 2004 5790; x_wconf 74' lang='lat' dir='ltr'>ic—</span> 
     </span>
    </p>
   </div>
  </div>
