4056 6426
286 311 312 369 1
324 308 390 369 49

1542 306 1624 366 ΙΝ
1665 304 1833 364 CAN.
1878 302 2005 361 LVI
2040 307 2291 365 APOS'I‘.

3454 305 3561 371 151i

278 420 443 473 ’ποθεν
467 417 891 487 ἀνεπιλήπτους,
914 417 1001 468 ἵνα
1034 417 1107 484 μὴ
1132 416 1198 468 δι’
1244 415 1443 476 αὐτοὺς
1476 413 1867 484 βλασφημῆται

1997 430 2098 471 os:
2148 433 2213 470 ne
2267 426 2485 486 propter
2535 418 2684 483 ipsos
2726 430 2922 471 nomen
2964 415 3056 470 Dei
3094 417 3447 485 vituperetur.
3495 423 3553 471 In

281 510 349 561 τὸ
381 510 560 578 ὄνομα
590 508 684 561 τοῦ
711 506 871 561 Θεοῦ’
894 507 954 559 τὸ
990 507 1045 559 δὲ
1071 508 1129 558 ἐν
1171 507 1455 577 καπηλείῳ
1485 505 1712 558 εἰσιέναι
1759 505 1871 573 βίον

284 600 539 667 ἄσεμνον
592 598 739 667 ἔχειν
798 599 925 661 τοὺς
970 597 1102 651 αὑτὸ
1134 597 1424 659 ποιοῦντας
1478 597 1744 663 δείκνυσι,
1780 599 1874 650 καὶ

284 692 353 743 ού
388 690 522 761 περὶ
549 689 755 759 βρῶσιν
792 690 888 744 καὶ
920 690 1080 743 πόσιν
1113 690 1287 761 μόνην
1314 689 1640 759 διεφθάρθαι
1690 689 1875 752 αὑτοῖς

282 784 356 833 τὰ
378 783 510 851 ἤθη,
539 781 673 836 ἀλλὰ
708 783 805 836 καὶ
852 782 980 853 περὶ
1012 782 1111 853 τὴν
1154 781 1323 852 ἄλλην
1354 784 1536 835 πᾶσαν
1572 782 1873 850 διαγωγήν.

285 870 580 939 Ἀσέμνων
606 871 716 942 γὰρ
744 871 955 941 ἀνδρῶν
979 888 1039 923 τε
1064 870 1456 938 καὶγυναικῶν
1483 870 1542 923 ἐν
1563 871 1675 931 τοῖς
1694 887 1878 937 καπη-

288 962 462 1024 λείοις
495 962 910 1032 συναγομένων,
941 964 968 1015 6
1006 961 1218 1024 τούτοις
1272 960 1875 1030 συναναστρεφόμενος,

288 1057 390 1108 οὑκ
418 1054 727 1123 ἀμέθεκτος
756 1054 910 1109 ἔσται
932 1055 1031 1123 τῆς
1053 1054 1277 1108 ἐκείνων
1306 1051 1523 1115 κακίας.
1556 1054 1879 1120 Φθείρουσι

294 1148 406 1217 γὰρ
465 1145 584 1215 ἥϐη
616 1148 857 1215 χρηστὰ
889 1148 1115 1217 ὁμιλίαι
1143 1149 1345 1202 κακαί.
1399 1146 1495 1200 Διὸ
1524 1144 1880 1216 ἀφορίζεσθαι

288 1235 422 1296 τοὺς
448 1233 737 1298 τοιούτους
778 1235 1079 1306 κληρικοὺς
1111 1236 1492 1292 διακελεύεται
1526 1238 1555 1291 6
1592 1234 1796 1289 κανών*
1830 1236 1881 1288 εἰ

286 1327 349 1376 δὲ
369 1325 678 1395 ὁδοιπορῶν
706 1328 735 1379 6
764 1327 1050 1398 κληρικδς,
1112 1330 1210 1384 καὶ
1246 1331 1323 1401 μὴ
1381 1330 1520 1399 ἔχων
1550 1328 1683 1382 ἔνθα
1712 1343 1882 1382 κατα-

287 1415 468 1478 λύσει,
495 1416 748 1472 τουτέστι
813 1419 984 1492 μονὴν
1036 1422 1328 1492 ποιήσεται
1375 1421 1470 1476 καὶ
1517 1419 1884 1475 διαναπαύσε·

287 1524 401 1566 ται,
438 1506 500 1571 ἐξ
526 1508 779 1578 ἀνάγκης
811 1512 895 1573 είς
926 1514 1244 1583 πανδοχεῖον
1266 1512 1512 1585 εἰσέλθῃ,
1543 1511 1792 1575 ἀναίτιος
1814 1512 1882 1565 ἂν

289 1598 382 1668 εἴη
442 1602 540 1652 καὶ
588 1601 964 1673 ἀτιμώρητος.
1021 1606 1096 1659 Τὸ
1146 1606 1279 1659 αὐτό
1330 1622 1464 1675 φησι
1521 1605 1617 1660 καὶ
1666 1606 1695 1658 6
1740 1605 1885 1658 είκο-

293 1691 423 1753 στὶνς
454 1692 723 1763 τέταρτος
764 1695 865 1765 τῆς
891 1698 952 1751 ἐν
988 1698 1283 1769 Λαοδικείᾳ
1314 1699 1531 1753 συνόδου
1556 1698 1762 1765 κανὼν,
1787 1699 1885 1753 καὶ

288 1780 320 1832 6
346 1786 790 1854 τεσσαρακοστδς
812 1786 912 1857 τῆς
947 1789 1005 1841 ἐν
1034 1789 1386 1863 Καρθαγέκῃ.

287 1873 523 1927 ΔΡΙΣΤ.
589 1866 648 1929 ⁸0
717 1877 860 1945 δίχα
951 1879 1063 1946 τῆς
1121 1880 1275 1934 κατὰ
1342 1881 1546 1949 τρίϐον
1610 1880 1884 1949 ἀνάγκης

356 1968 657 2033 κληρικὸς
709 1971 796 2035 είς
822 1970 1158 2037 καπηλεῖον
1205 1973 1426 2027 ἐσθίων
1452 1972 1826 2042 ἀφοριστέος.

380 2060 443 2109 '0
475 2060 795 2131 παροδεύων
818 2063 1102 2132 κληρικὸς,
1132 2065 1181 2117 εί
1212 2065 1280 2117 δι’
1304 2065 1554 2137 ἀνάγκην
1585 2067 1884 2120 καταλύσει

298 2155 377 2217 οἷς
400 2154 739 2221 πανδοχεῖον,
802 2156 1197 2223 συγγνωστέοςο
1235 2160 1262 2210 6
1289 2158 1345 2211 δὲ
1374 2160 1543 2228 χωρὶς
1621 2159 1887 2212 nectari-

299 2263 441 2307 σεως
466 2245 547 2309 είς
583 2246 881 2315 καπηλεῖον
906 2248 1104 2301 ἐσθίων
1130 2250 1479 2319 ἀφοριστέος.

901 2451 1142 2505 ΚΔΝΩΝ
1166 2450 1303 2531 ‘NE'.

294 2558 368 2611 El
392 2577 482 2624 τις
512 2561 803 2628 κληρικὸς
853 2564 1087 2631 ὑϐρίσει
1126 2567 1235 2618 τὸν
1279 2565 1643 2633 ἐπίσκοπον,
1689 2570 1891 2622 καθαι-

364 2655 613 2756 ρείσθω.
653 2656 944 2726 Ἄρχοντα
972 2658 1082 2728 γὰρ
1117 2661 1225 2714 τοῦ
1246 2661 1402 2717 λαοῦ
1440 2675 1561 2716 σου
1582 2663 1694 2717 οὐκ
1734 2660 1889 2730 ἐρεῖς

373 2762 597 2813 κακως.

886 2877 1126 2931 ΚΛΝΩΝ
1161 2879 1305 2947 NG".

296 2988 370 3039 EI
406 3005 495 3053 τις
519 2988 804 3057 κληρικῦς
823 2989 1051 3060 ὑϐρίσει
1074 2996 1484 3065 πρεσϐύτερον
1518 2998 1555 3066 ἢ
1580 2997 1889 3071 διάκονον,

913 3083 1306 3152 ἁφοριζέσθω.

377 3192 581 3245 ΒΔΛΣ.
641 3194 706 3247 Oi
756 3195 929 3249 διττοὶ
977 3198 1203 3263 κανόνες
1260 3196 1407 3257 οὗτοι
1442 3207 1469 3257 6
1504 3213 1578 3259 νε⁹
1634 3205 1728 3261 καὶ
1756 3206 1895 3272 ὁνς¹

304 3283 598 3345 κολάζουσι
620 3287 747 3348 τοὺς
766 3287 1029 3357 ὑϐριστὰς
1050 3290 1370 3362 κληρικούς·
1393 3297 1507 3349 ἀλλ’
1531 3298 1560 3351 6
1582 3300 1679 3368 μὲν
1697 3298 1770 3353 γε’
1791 3318 1895 3354 κα-

306 3375 624 3444 θιιρεῖσθαί
649 3394 783 3446 φησι
805 3379 896 3431 τὸν
916 3378 1177 3449 κληρικὺν
1199 3383 1290 3436 τὸν
1310 3384 1607 3456 ὑϐρίσαντα
1625 3389 1717 3441 τὸν
1741 3391 1897 3445 ἐπίσ-

306 3483 506 3519 κοπον·
529 3467 557 3517 6
574 3466 631 3519 δέ
656 3466 742 3531 νς¹
767 3469 1131 3540 ἀφορίζεσθαι
1148 3472 1445 3545 διορίζεται
1474 3477 1565 3531 τὸν
1597 3480 1897 3551 ὑϐρίσαντα

307 3557 579 3626 κληρικδν
598 3560 1017 3633 πρεσϐύτερονῆ
1038 3565 1304 3632 διάκονον,
1322 3570 1539 3635 πάντως
1555 3572 1643 3626 διὰ
1654 3574 1717 3628 τὺ
1731 3576 1897 3648 τιμὴν

310 3650 546 3703 πλείονα
574 3656 968 3721 χρεωστείσθαι
997 3656 1076 3727 τῷ
1095 3660 1399 3731 ἐπισκόπῳ.
1447 3664 1510 3716 Οἱ
1545 3668 1646 3735 μὲν
1676 3669 1900 3733 κανόνες

310 3741 467 3793 οὕτω
512 3742 785 3810 διαιροῦσι
834 3746 936 3815 τὴν
973 3749 1249 3820 τιμωρίαν
1289 3753 1400 3805 τῶν
1450 3754 1726 3828 ὑϐριστῶν
1763 3759 1900 3828 κλη-

311 3832 510 3900 ρικῶν.
533 3831 591 3886 ’0
604 3833 662 3885 δὲ
682 3836 956 3901 πολιτικὸς
987 3839 1151 3908 νόμος
1171 3843 1346 3898 πάντα
1373 3825 1637 3919 ὑϐριστὴν
1671 3825 1902 3919 ἀτιμοδ-

314 3927 439 3980 σθαι
454 3926 778 3997 διορίζεται,
800 3930 900 3982 σὺν
915 3930 992 4000 τῷ
1005 3932 1202 3988 διδόναι
1215 3938 1308 3989 καὶ
1321 3955 1426 4008 χρη
1436 3941 1672 4011 ματικὴν
1686 3945 1896 4015 ποινήν.

320 4020 544 4088 Νομίζω
567 4017 661 4074 οὖν
675 4022 834 4092 ὅτιτῇ
854 4024 1049 4095 ἀτιμίᾳ
1066 4027 1423 4083 ἐπακολουθεῖ
1443 4031 1536 4085 καὶ
1558 4034 1899 4107 καθαίρεσις.

386 4114 638 4169 ΖΩΝΑΡ.
667 4112 734 4168 0i
791 4116 892 4184 μὲν
923 4118 1200 4189 ἀρχιερεῖς
1252 4122 1333 4185 εἰς
1379 4122 1551 4176 τύπον
1598 4124 1752 4189 ὄντες
1803 4128 1900 4182 τοῦ

314 4205 530 4271 Κυρίου
562 4206 724 4276 ήμῶν
776 4207 954 4278 Ἰησοῦ
972 4210 1234 4279 Χριστοῦ,
1276 4215 1372 4266 καὶ
1418 4216 1629 4285 κεφαλὴ
1668 4217 1763 4271 τοῦ
1803 4218 1904 4290 τῆς

327 4295 664 4365 Ἐκκλησίας
697 4295 952 4367 σώματος
978 4300 1348 4373 λογιζόμενοι,
1399 4308 1494 4360 καὶ
1536 4308 1783 4373 πλείονος
1821 4326 1902 4363 τι-

1977 519 2276 572 cauponam
2312 515 2493 559 autem
2548 505 2781 575 ingredi,
2815 505 3150 561 demouSIrat
3202 506 3302 561 hoc
3336 516 3553 576 agentes

1977 598 2319 653 inhonestam
2381 598 2548 651 vitam
2601 598 2801 653 ducere
2862 613 2877 653 ι
2923 612 3098 667 neque
3156 608 3361 651 tantum
3411 599 3554 652 circa

1978 691 2179 754 cibum,
2207 700 2498 761 potumque
2524 698 2806 760 corruptos
2835 690 2965 757 ipsis
2992 705 3336 756 moresesse,
3366 706 3553 744 verum

1977 782 2139 835 etiam
2170 782 2312 836 circa
2342 797 2559 837 onmem
2614 782 2775 837 aliam
2826 781 3038 836 vivendi
3087 782 3551 838 consuetmliucm.

1982 872 2116 927 Nam
2156 914 2170 935 .
2206 887 2329 926 cum
2383 873 2696 943 promiscue
2761 873 3031 928 conﬂuant
3088 872 3138 924 in
3170 886 3469 939 cauponam
3499 879 3555 921 vt

1981 964 2246 1020 inhonesti
2281 965 2379 1019 viri
2418 975 2475 1020 et
2529 965 2824 1020 inhonesta:
2858 964 3133 1025 mulieres,
3176 964 3274 1030 qui
3317 977 3439 1017 cum
3473 972 3554 1013 ta-

1981 1056 2122 1111 lihus
2174 1066 2524 1112 conversatur
2578 1072 2764 1113 eorum
2814 1056 3165 1126 turpitudinis
3211 1070 3404 1123 expers
3451 1072 3555 1106 non
3628 1082 3631 1091 η

1981 1149 2085 1204 erit
2126 1166 2139 1203 :
2170 1140 2320 1202 Mala
2357 1163 2548 1219 nempe
2582 1149 2841 1219 colloquia
2874 1158 3212 1217 corrumpunt
3250 1148 3411 1200 bonos
3458 1162 3558 1199 mo.

1982 1256 2063 1294 res
2085 1241 2153 1295 “.
2177 1238 2300 1294 Ideo
2325 1255 2494 1296 canon
2514 1240 2666 1311 jubet
2693 1239 2993 1295 istiusmodi
3015 1239 3242 1293 clericos
3264 1239 3556 1306 segregari.

1983 1330 2136 1398 Quod
2169 1330 2212 1385 si
2237 1331 2466 1388 clericus
2490 1332 2591 1387 iter
2618 1332 2846 1395 faciens,
2879 1345 2977 1386 nec
3006 1330 3213 1385 habens
3241 1345 3347 1400 quo
3375 1329 3556 1383 diver-

1984 1433 2064 1480 tat
2115 1424 2263 1496 (hoc
2295 1432 2419 1491 est,
2445 1424 2778 1480 mansionem
2828 1423 2992 1477 faciat
3021 1463 3034 1486 ,
3077 1432 3133 1477 et
3164 1422 3469 1492 quiescat),
3506 1420 3560 1475 in

1983 1533 2287 1589 cauponam
2319 1527 2431 1573 tum
2454 1532 2553 1587 per
2579 1517 2955 1573 necessitatem
2987 1515 3056 1569 sit
3087 1515 3381 1583 ingressus,
3402 1511 3560 1581 culpa

1986 1619 2163 1673 vacat,
2197 1624 2297 1664 nec
2329 1607 2596 1664 obnoxius
2624 1616 2709 1664 est
2739 1607 2830 1662 ulli
2859 1621 3052 1676 poenae.
3092 1604 3228 1658 Dicit
3262 1604 3362 1658 hoc
3398 1604 3561 1658 etiam

1988 1702 2283 1757 vicesimus
2314 1710 2538 1771 quartus
2569 1714 2741 1755 canon
2769 1698 2958 1771 synodi
2989 1697 3301 1762 Laodicmzc,
3331 1704 3384 1751 et
3434 1710 3564 1766 qua-

1989 1791 2327 1858 dragesimus
2349 1791 2535 1862 synodi
2561 1788 3007 1858 Carthaginensis

1984 1882 2213 1942 ARIST.
2262 1882 2494 1941 Clericus
2536 1883 2624 1953 qui
2667 1880 2859 1949 absque
2916 1880 3115 1934 itineris
3156 1879 3462 1933 necessitate
3513 1877 3566 1932 iu

2156 1991 2397 2043 caupona
2427 1974 2675 2038 comedit,
2701 1972 3227 2027 excommunicandus
3263 1978 3360 2023 est.

2059 2068 2271 2124 Clerico
2303 2069 2404 2122 iter
2435 2067 2676 2132 facienti,
2727 2066 2773 2121 si
2826 2065 2879 2119 in
2931 2064 3295 2118 diversorium
3350 2071 3567 2130 propter

1989 2161 2367 2215 necessitatem
2406 2160 2664 2221 divcrtit,
2694 2157 3077 2228 ignoscendum
3135 2163 3216 2208 cst
3252 2172 3263 2206 ε
3309 2155 3399 2220 qui
3450 2154 3568 2205 sine

1988 2254 2078 2308 illa
2112 2265 2292 2313 autem
2334 2252 2737 2307 circumstantia
2765 2252 2820 2306 in
2855 2265 3096 2318 caupona
3135 2246 3441 2311 mamlucat,
3473 2260 3568 2299 ex-

1988 2347 2494 2403 communicandos.

2522 2456 2628 2527 37
2662 2455 2893 2511 canon
2925 2454 3035 2508 ιν.

1991 2573 2050 2631 Si
2069 2574 2186 2644 quis
2214 2572 2432 2630 clericus
2468 2574 2769 2641 episcopum
2801 2569 3116 2626 contumelia
3166 2570 3419 2637 a/I‘eceritt
3443 2608 3455 2628 ,
3481 2566 3572 2618 dve-

2064 2678 2293 2723 oonatur
2321 2683 2340 2723 :
2373 2666 2596 2734 principi
2618 2666 2753 2719 enim
2779 2665 2960 2735 populi
2997 2662 3076 2717 tui
3119 2677 3223 2716 non
3269 2659 3581 2714 maledicas.

2587 2865 2821 2924 CANON
2859 2865 2996 2921 LVI.

1998 2988 2056 3045 Si
2086 2989 2199 3056 quis
2231 2988 2449 3042 clericus
2506 2985 2864 3053 presbyterum
2918 2980 2994 3036 vel
3038 2979 3319 3033 diaconum
3376 2974 3575 3045 injuria

2467 3078 2722 3149 effecerit,
2756 3084 3071 3145 segregetur.

2068 3196 2267 3255 BALS.
2296 3195 2359 3249 lii
2392 3196 2496 3248 duo
2530 3205 2767 3246 canones
2798 3188 2869 3243 55
2899 3197 2954 3241 et
2978 3185 3045 3241 56
3079 3184 3313 3254 puniunt
3351 3179 3577 3246 injurio-

1999 3308 2091 3349 sos
2130 3290 2357 3346 clericos
2396 3306 2410 3343 :
2451 3285 2544 3340 sed
2575 3284 2644 3338 55
2688 3282 2820 3337 dicit
2866 3277 3239 3349 deponendum
3293 3272 3577 3332 clericum,

1998 3384 2088 3453 qui
2119 3382 2427 3450 episcopum
2485 3374 2681 3442 injuria
2727 3369 2936 3425 aliecit'
2984 3367 3053 3423 56
3111 3373 3288 3421 autem
3337 3359 3583 3417 decernit

1999 3451 2393 3545 segregandam
2455 3466 2733 3528 clericum,
2764 3462 2855 3532 qui
2905 3460 3298 3530 presbyterum,
3334 3453 3415 3508 vel
3467 3451 3582 3505 dia-

1999 3542 2196 3623 conum
2228 3561 2420 3633 injuria
2450 3557 2628 3613 aﬂ'ecit
2664 3574 2678 3610 :
2716 3555 2874 3623 idque
2910 3553 3038 3623 quia
3093 3550 3347 3617 episcopo
3408 3542 3583 3610 major

2002 3661 2178 3714 honor
2201 3656 2448 3710 debetur.
2482 3652 2733 3706 Canones
2754 3646 2970 3716 quidem
2997 3642 3076 3697 sic
3097 3640 3345 3695 dividunt
3377 3635 3582 3705 suppli-

2001 3752 2143 3806 cium
2177 3747 2523 3803 insolentium
2562 3741 2909 3797 clericorum.
2949 3736 3043 3791 Jus
3079 3746 3258 3789 autem
3290 3730 3452 3787 civile
3479 3728 3575 3783 de-

2003 3844 2141 3907 ﬁnit,
2173 3837 2434 3911 [quemvis
2488 3834 2739 3902 iniuriam
2796 3829 3079 3886 facientem
3135 3824 3306 3880 notari
3358 3820 3582 3876 infamia

2003 3945 2201 4004 printer
2226 3946 2439 4001 ptenam
2474 3926 2866 3997 pecuniariam.
2902 3922 3165 3977 Existimo
3208 3925 3388 3972 autem
3437 3913 3582 3984 quod

2003 4026 2282 4082 infamiam
2312 4021 2557 4090 sequitur
2582 4019 2744 4071 etiam
2770 4013 3059 4085 depositio.

2077 4113 2330 4171 ZONAR.
2363 4110 2653 4167 Pontiﬁces
2675 4109 2729 4162 in
2755 4118 2935 4176 typum
2982 4101 3194 4157 Domini
3242 4098 3412 4155 nostri
3454 4097 3587 4153 Jesu

2004 4208 2207 4266 Christi
2233 4206 2579 4264 exsistentes,
2602 4210 2657 4256 et
2685 4206 2847 4267 caput
2876 4194 3133 4252 Ecclesia}
3178 4190 3421 4259 corporis
3469 4188 3587 4243 exi-

2004 4298 2232 4365 stimati,
2270 4295 2473 4362 majore
2503 4293 2667 4348 etiam
2719 4300 2848 4344 sunt
2891 4289 3096 4343 honore
3137 4283 3304 4353 digni.
3341 4281 3587 4350 Quapro-

313 4387 426 4455 μῆς
453 4389 594 4440 εἰσιν
628 4388 795 4452 ἄξιοι.
836 4391 929 4443 Διὸ
954 4391 1048 4444 καὶ
1071 4393 1099 4444 6
1126 4395 1424 4465 ἐνυϐρίσας
1467 4398 1653 4463 αὐτοῖς
1706 4401 1891 4457 καθαι-

2006 4402 2145 4464 pter,
2183 4392 2273 4461 qui
2300 4388 2503 4458 aliquid
2536 4388 2590 4441 in
2628 4385 2726 4441 hos
2756 4382 2867 4455 agit
2899 4377 3311 4441 contumeliose,
3358 4373 3586 4443 deponi—

314 4480 521 4548 ρεῖται.
554 4478 619 4532 Oi
643 4481 699 4532 δὲ
721 4482 1095 4553 πρεσϐύτεροι
1124 4486 1221 4539 καὶ
1270 4486 1509 4542 διάκονοι
1565 4491 1764 4563 χειρῶν
1795 4493 1903 4547 σώ-

310 4570 509 4634 ζοντες
550 4572 745 4638 τύπον,
795 4574 873 4637 ὡς
925 4575 993 4629 δι’
1038 4576 1221 4631 αὐτῶν
1279 4578 1379 4643 τὰς
1440 4580 1903 4653 ἐκκλησιαστικὰς

310 4660 624 4732 διοικήσεις
684 4665 1039 4735 ἐνεργοῦντος
1094 4668 1189 4721 τοῦ
1246 4670 1587 4747 ἐπισκόπου,
1640 4677 1905 4745 τιμᾶσθαι

314 4754 423 4823 μὲν
454 4756 702 4808 κάκεῖνοι
751 4755 916 4824 ἄξιοι,
950 4759 1049 4830 οὑχ
1077 4758 1153 4822 ὡς
1194 4762 1222 4814 6
1254 4762 1553 4829 ἐπίσκοπος
1600 4766 1677 4820 δέ·
1708 4770 1768 4821 οὑ
1802 4770 1905 4841 γὰρ

313 4845 529 4915 ὁμοίως
564 4847 664 4915 τῆς
692 4848 943 4919 κεφαλῆς
973 4853 1069 4905 καὶ
1110 4852 1218 4906 τῶν
1266 4856 1468 4924 χειρῶν
1521 4860 1903 4931 ἐπιμελητέον·

314 4934 398 4986 διδ
430 4935 459 4986 6
488 4935 723 5006 ὑϐρίσας
752 4940 952 5003 αὐτοὺς
979 4935 1144 5014 ἦττον
1166 4942 1477 5013 κολάζεται,
1516 4948 1675 5018 μόνον
1708 4950 1907 5023 ἀφορι-

318 5025 567 5097 ζόμενος.

916 5126 1162 5184 ΚᾹΝΩΝ
1194 5128 1324 5187 NE'.

319 5209 543 5267 ΑΡΙΣΤ.
564 5211 831 5284 Ὺϐρίζων
858 5218 1201 5276 ἐπίσκοπον
1226 5223 1515 5293 κληρικὸς
1530 5227 1909 5297 καθαιρεῐται.

900 5393 1143 5471 ΚΑΝΩΝ
1194 5396 1339 5467 Nq'.

375 5480 802 5552 Πρεσϐύτερον
829 5483 868 5554 ἢ
898 5484 1185 5545 διάκονον
1206 5492 1459 5564 ὑϐρίζων
1476 5492 1831 5566 ἀφορίζεται.

400 5726 446 5759 ³¹
478 5726 651 5784 ιροτ.
680 5743 772 5792 xv,
804 5686 896 5786 35.

2012 4498 2120 4541 tur.
2156 4478 2466 4551 Presbyteri
2500 4492 2630 4533 vero
2655 4517 2668 4540 ,
2696 4484 2752 4530 et
2816 4472 3029 4529 diaconi
3079 4484 3339 4525 manuum
3400 4476 3582 4536 typum

2009 4586 2261 4647 gerentes
2287 4576 2407 4643 (per
2435 4584 2597 4641 quos,
2640 4575 2698 4622 ut
2728 4582 2823 4636 per
2848 4578 3054 4629 manus,
3083 4560 3375 4633 episcOpns
3408 4555 3585 4611 admi-

2009 4666 2366 4723 nistrationes
2412 4671 2633 4718 exercet
2689 4656 3090 4715 ecclesiasticas
3125 4655 3145 4723 )
3181 4662 3236 4709 et
3283 4651 3337 4706 hi
3371 4647 3601 4717 quidem.

2009 4760 2156 4831 digni
2205 4737 2333 4814 sunt
2389 4753 2698 4810 honorari:
2758 4766 2868 4805 non
2935 4759 3114 4803 tamen
3163 4754 3223 4803 ut
3260 4743 3583 4811 episcopus:

2009 4867 2110 4909 nec
2134 4850 2276 4905 enim
2320 4847 2532 4915 capitis,
2590 4855 2641 4900 et
2669 4857 2921 4897 manuum
2983 4853 3112 4894 cura
3174 4835 3425 4891 similiter
3489 4832 3589 4884 ha-

2010 4944 2185 5001 benda
2218 4949 2318 4996 est.
2344 4938 2685 5006 QuaprOpter
2709 4932 2801 5003 qui
2833 4929 3262 4986 contumeliosus
3296 4925 3382 4978 his
3403 4921 3585 4982 merit,

2013 5035 2195 5091 minus
2216 5033 2454 5103 punitur,
2477 5030 2544 5085 ab
2561 5028 2788 5082 aliorum
2809 5030 3074 5079 conventu
3092 5019 3265 5076 solum
3284 5022 3587 5085 separatus.

2613 5115 2838 5174 CANON
2865 5114 2974 5171 LV.

2016 5214 2242 5274 ARIST.
2261 5213 2810 5285 Clericus‘episcopum
2838 5204 3153 5262 contumelia
3177 5201 3399 5271 afﬁciens
3434 5196 3591 5263 depo-

2712 5301 2877 5354 nitur.

2590 5389 2817 5450 CANON
2858 5387 2994 5445 LVI.

2013 5495 2385 5568 Presbyterum
2432 5489 2508 5548 vel
2542 5489 2820 5543 diaconum
2848 5481 3165 5545 contumelia
3201 5477 3428 5549 alliciens
3498 5489 3587 5527 ex-

2583 5576 3015 5633 communicatur.
