4056 6450
490 360 588 429 151

1064 470 1292 530 CANON
1319 470 1481 530 LVII.

492 585 554 643 Si
582 588 699 659 quis
730 587 948 643 clericus
976 586 1225 641 claudum
1249 627 1266 655 ,
1318 586 1398 642 νεί
1428 586 1643 641 surdum
1668 625 1683 650 ,
1724 586 1800 641 vel
1828 586 2061 652 cwcunt',

561 680 644 735 vel
663 696 780 734 eum
806 681 892 733 cui
914 679 1131 734 vitiosus
1158 688 1235 734 est
1262 679 1516 745 incessus,
1545 679 1794 744 irriserit,
1826 693 2064 749 segrege-

561 780 669 824 tur.
710 770 968 825 Similiter
989 781 1034 825 et
1053 769 1246 825 laicus.

562 860 758 917 BALS.
791 859 1030 919 Clericos
1086 873 1142 920 et
1170 865 1339 921 laicos
1398 872 1648 934 segregat
1711 876 1908 927 canon,
1969 859 2065 927 qui

491 967 678 1007 eorutn
711 954 804 1023 qui
834 956 1322 1026 quomodocumque
1350 965 1476 1010 sunt
1516 970 1745 1025 corpore
1785 954 2021 1009 mutilati
2047 990 2065 1017 ,

492 1062 595 1099 non
628 1046 978 1113 miserentur,
1002 1049 1096 1103 sed
1123 1063 1216 1104 eos
1275 1048 1522 1107 irrident.
1582 1048 1835 1118 Plerique
1883 1056 2065 1102 autem

490 1152 559 1191 ex
588 1137 853 1207 ejusmodi
897 1140 1056 1195 rebus
1088 1140 1368 1211 accipiunt
1422 1140 1629 1196 ridendi
1677 1139 2017 1196 occasionem
2048 1175 2068 1204 ,

492 1228 586 1284 Dei
618 1229 837 1296 iudiciis
870 1233 1207 1289 resistentes.

487 1334 507 1358 δ
566 1320 849 1387 ΖΟΝΛΙΜ
876 1322 1139 1401 Membris
1179 1326 1451 1397 aliquibus
1499 1324 1773 1381 mutilatos
1822 1323 2067 1379 misereri

496 1413 786 1477 convenit,
811 1413 1073 1485 illosque,
1101 1426 1360 1486 quantum
1397 1416 1513 1472 ﬁeri
1564 1423 1775 1486 potest,
1825 1414 2070 1470 inﬁrmos

496 1505 788 1574 suscipere,
837 1521 1109 1575 manuque
1156 1522 1366 1577 regere,
1418 1522 1525 1563 non
1581 1516 1765 1563 autem
1821 1506 2067 1563 tlludere.

498 1592 611 1649 lloc
652 1595 796 1650 enim
855 1595 1123 1664 significat
1151 1598 1416 1664 verbum,
1478 1597 1787 1671 χλευάζειν.
1836 1598 1988 1663 Quod
2023 1597 2067 1653 si

496 1686 665 1741 laicos
699 1686 841 1740 istud
872 1687 1131 1743 facientes
1157 1703 1328 1743 canon
1357 1688 1909 1745 excommunicationi
1937 1688 2068 1743 sub-

491 1778 632 1847 jicit,
662 1780 789 1849 quid
815 1780 1088 1835 existimet
1126 1781 1391 1851 quispiam
1430 1782 1497 1837 de
1520 1782 1734 1837 clericis
1758 1820 1775 1846 ,
1808 1794 1943 1850 quos
1975 1779 2070 1849 (ut

494 1887 636 1942 saepe
663 1873 902 1943 dictum)
934 1872 1128 1943 populo
1157 1874 1461 1943 propositos
1500 1882 1714 1944 oportet
1744 1887 1867 1928 esse
1894 1873 2067 1928 virtu-

497 1964 571 2018 tis
599 1964 775 2019 omnis
815 1965 1081 2034 exemplo,
1111 1966 1443 2036 stimuloque
1468 1965 1775 2034 probitatis.

495 2054 727 2111 ARIST.
752 2055 847 2112 Sic
903 2073 1019 2112 vero
1071 2067 1119 2113 et
1162 2074 1380 2124 ciccum,
1406 2068 1454 2115 et
1477 2060 1698 2113 surdum
1746 2068 1793 2114 et
1823 2059 2071 2115 claudum

1172 2150 1417 2203 irridens.

566 2237 800 2294 lrridens
823 2253 1047 2305 caecum,
1076 2241 1328 2304 surdum,
1363 2239 1445 2295 vel
1478 2239 1753 2307 claudum,
1789 2240 1871 2296 vel
1916 2241 2074 2296 aliter

495 2346 723 2400 corpore
742 2332 1071 2398 mutilatum,
1093 2334 1619 2402 excommunicatur,
1646 2343 1703 2388 ut
1724 2334 2071 2391 formatorem

494 2439 680 2479 eorum
704 2426 1045 2495 vituperans.

982 2537 1094 2608 33
1128 2537 1359 2594 CANON
1392 2537 1575 2595 Lvm.

497 2649 788 2719 Episcopus
820 2650 899 2706 vel
926 2651 1219 2722 presbyter,
1247 2654 1338 2723 qui
1370 2654 1496 2708 cieri
1538 2655 1617 2709 vel
1659 2656 1840 2724 populi
1887 2673 2074 2712 curam

566 2758 673 2795 non
726 2742 878 2812 gerit,
914 2750 964 2796 et
991 2758 1079 2797 eos
1106 2744 1352 2808 pietatem
1387 2761 1491 2799 non
1522 2745 1690 2810 docet,
1731 2756 2029 2818 segregetur
2053 2765 2073 2805 :

564 2833 687 2888 etsi
737 2834 792 2888 in
847 2833 1160 2905 negligentia
1218 2846 1269 2889 et
1316 2837 1562 2892 socordia
1610 2849 1935 2908 perseveret,
1983 2840 2076 2895 de-

565 2936 815 2995 ponatur.

566 3016 760 3074 BALS.
791 3020 1130 3091 Episcopalis
1160 3021 1394 3092 dignitas
1423 3022 1481 3078 in
1514 3022 1756 3080 docendo
1776 3024 2031 3081 consistit
2057 3043 2072 3082 :

494 3120 548 3164 et
576 3111 752 3165 omnis
780 3113 1066 3183 episcopus
1092 3112 1251 3168 debet
1273 3114 1469 3170 docere
1515 3115 1768 3184 p0pulum
1819 3116 1904 3185 pia
1973 3117 2072 3170 do-

493 3209 671 3271 gmata
697 3242 713 3268 ,
761 3211 814 3257 et
861 3210 1058 3258 statum
1103 3203 1549 3260 orthodoxorum.
1575 3204 1891 3274 Speculator
1931 3207 2075 3261 enim

497 3292 625 3346 ideo
649 3293 1020 3361 constituitur,
1044 3303 1103 3350 ut
1128 3310 1247 3364 quae
1278 3296 1360 3349 sui
1390 3304 1515 3349 sunt
1566 3297 1746 3365 populi
1789 3299 2032 3353 attendat
2059 3316 2074 3353 :

493 3392 550 3437 et
579 3383 703 3440 ideo
728 3385 1013 3455 episcopus
1040 3396 1125 3442 est
1149 3388 1468 3457 appellatus.
1509 3388 1679 3444 Porro
1705 3399 1884 3446 autem
1914 3391 2077 3445 etiam

496 3475 799 3543 presbyteri
834 3474 973 3531 tales
1001 3489 1121 3530 esse
1147 3475 1369 3542 debent,
1403 3477 1533 3546 quia
1562 3477 1725 3531 etiam
1764 3492 1930 3547 prope
1957 3477 2076 3547 epi-

496 3579 693 3634 scopos
718 3566 905 3622 sedent
936 3566 986 3621 in
1012 3567 1387 3636 superioribus
1443 3568 1735 3623 cathedris.
1781 3567 2078 3638 Episcopus

494 3668 629 3726 ergo
660 3664 717 3711 et
750 3658 1026 3721 sacerdos,
1054 3661 1145 3728 qui
1177 3673 1285 3713 non
1317 3660 1396 3715 sic
1428 3659 1578 3723 facit,
1611 3660 1706 3714 sed
1746 3659 2078 3730 negligenter

496 3756 581 3802 est
632 3746 874 3814 all‘ectus,
945 3760 1305 3819 segregatur:
1342 3750 1428 3805 sin
1484 3760 1663 3806 autem
1714 3751 1771 3805 in
1824 3752 2077 3807 socordia

497 3848 856 3908 perseverat,
891 3841 1056 3895 etiam
1090 3841 1398 3911 deponitur.
1449 3841 1758 3914 Presbyteri
1794 3846 1937 3900 enim
1991 3859 2077 3900 se-

497 3932 735 3985 cundum
764 3933 1126 4003 episcopalem
1152 3934 1598 4004 admonitionem,
1623 3946 1678 3991 et
1725 3951 1830 3993 non
1861 3952 1958 3993 suo
1988 3953 2078 3993 ar-

498 4023 660 4078 bitrio
690 4023 909 4080 docent.

570 4115 827 4174 ZONAR.
893 4117 1267 4177 lnexeusabile
1315 4129 1399 4178 est
1465 4123 1568 4178 hoc
1616 4123 1794 4180 omnis
1838 4124 2075 4196 episcopi

497 4206 746 4263 debitum
771 4247 786 4271 ,
818 4207 1013 4264 docere
1068 4210 1168 4265 sibi
1220 4211 1491 4273 subditum
1528 4211 1945 4284 populumpia}
1974 4216 2074 4270 do-

499 4307 704 4365 gmata,
735 4298 1073 4370 dirigereque
1101 4310 1277 4356 rectas
1299 4302 1351 4355 in
1380 4303 1683 4371 opiniones,
1710 4312 1767 4358 et
1790 4305 2074 4360 honestam

498 4388 686 4442 vitam.
718 4389 853 4444 Dicit
884 4391 1027 4447 enim
1060 4390 1201 4447 Deus
1245 4407 1342 4462 per
1393 4394 1714 4462 prophetam
1759 4396 2074 4464 populorum

501 4479 770 4547 praelatis:
798 4481 853 4537 Si
878 4497 981 4538 non
1006 4482 1437 4547 denuntiaveris,
1456 4497 1630 4551 neque
1652 4482 1863 4538 loeutus
1886 4484 2076 4551 fueris,

502 4571 765 4627 morietur
794 4572 1025 4641 iniustus
1053 4573 1104 4627 iu
1140 4572 1408 4643 iniustitia
1436 4589 1531 4628 sua
1567 4590 1581 4627 :
1614 4574 1732 4644 ejus
1748 4582 1929 4629 autem
1948 4590 2074 4630 san-

1768 364 2052 425 TIIEOD.
2082 364 2487 425 BALSAMON
3695 359 3804 428 152

2739 477 2979 531 ΚΛΝΩΝ
3034 477 3141 534 NZ’

2168 585 2243 639 El
2273 602 2365 653 τις
2390 586 2678 656 κληρικὸς
2718 589 2917 657 χωλὸν
2948 588 2986 659 ἡ
3014 587 3219 657 κωφὸν
3245 585 3578 657 ἢητυφλὸν
3602 586 3647 653 ἢ
3680 586 3801 653 τὰς

2232 680 2452 747 ,βάσεις
2501 682 2929 751 πεπληγμένον
2980 680 3291 753 χλευάσει,
3349 677 3798 750 ἀφοριζέσθω.

2249 774 2549 840 Ὡσαύτως
2575 773 2673 829 καί
2696 776 2929 840 λαῑκός.

2241 865 2439 918 ΒΑΛΣ.
2474 865 2583 918 Καὶ
2643 864 2771 928 τοὺς
2820 863 3121 935 κληρικοῦς
3182 864 3278 917 καὶ
3336 863 3486 925 τοὺς
3546 857 3801 919 λαῖκοὺς

2169 959 2417 1027 ἀφορίζει
2455 957 2484 1010 ὁ
2531 957 2713 1011 κανὼν
2747 958 2821 1028 μὴ
2874 957 3163 1023 ἐλεοῦντας
3209 958 3338 1020 τοῦς
3386 948 3797 1021 ὁπωσδήποτε

2170 1050 2611 1121 πεπηρωμένους
2650 1051 2712 1104 τὸ
2740 1051 2921 1119 σῶμα,
2987 1049 3127 1104 ἀλλὰ
3167 1050 3484 1115 παίζοντας
3540 1044 3795 1106 αὐτούς.

2169 1143 2233 1196 Oi
2268 1143 2490 1204 πλείους
2519 1142 2576 1195 δὲ
2604 1141 2673 1196 τὰ
2698 1142 2926 1197 τοιαῦτα
2959 1143 3233 1213 πρόφασιν
3259 1141 3461 1212 έχουσι
3505 1139 3798 1208 γέλωτος,

2169 1235 2281 1295 τοῖς
2302 1232 2396 1286 τοῦ
2426 1233 2561 1287 Θεοῦ
2591 1233 2856 1304 κρίμασιν
2894 1235 3374 1305 ἀντιπράττοντας.

2242 1323 2491 1377 ΖΩΝΑΡ.
2518 1323 2657 1386 Τοὺς
2692 1322 2828 1393 μέλη
2867 1322 2989 1375 τινὰ
3017 1320 3468 1391 πεπηρωμένους
3496 1313 3798 1372 ἐλεεῖσθαι

2174 1417 2470 1488 προσήκει,
2503 1416 2597 1469 καὶ
2625 1417 2701 1479 ὡς
2727 1416 2955 1470 δυνατὸν
2984 1411 3505 1483 ἀντιλαμϐάνεσθαι
3538 1408 3798 1473 τούτων,

2171 1511 2267 1563 καὶ
2297 1511 2689 1579 χειραγωγεῖν,
2724 1507 2841 1561 ἀλλ’
2864 1507 2988 1577 οὐχὶ
3039 1506 3370 1567 διαπαίζειν.
3422 1501 3621 1556 Τοῦτο
3678 1499 3797 1568 γάρ

2171 1601 2324 1669 δηλοῖ
2344 1599 2405 1652 τὸ
2430 1597 2740 1670 χλευάζειν.
2784 1599 2848 1651 Et
2882 1598 2940 1651 δὲ
2964 1597 3095 1660 τοὺς
3118 1596 3277 1649 τοῦτο
3304 1593 3630 1654 ποιοῦντας
3664 1590 3797 1642 λαῖ-

2171 1693 2301 1756 κοὺς
2340 1693 2369 1746 ὁ
2397 1691 2578 1746 κανὼν
2608 1690 2901 1761 άφυρισμῷ
2923 1689 3236 1750 ὑποϐάλλει,
3264 1687 3316 1740 τί
3347 1688 3424 1741 άν
3476 1702 3575 1747 τις
3638 1682 3798 1751 λογί-

2176 1800 2333 1838 σαιτο
2371 1784 2501 1854 περὶ
2559 1783 2862 1852 κληρικῶν,
2901 1780 3015 1845 οὒς,
3068 1781 3143 1843 ὡς
3196 1778 3468 1839 πολλάκις
3530 1774 3797 1843 εἴρηται,

2173 1876 2479 1943 ὑπόδειγμα
2510 1875 2646 1944 πρὸς
2671 1876 2857 1929 πᾶσαν
2891 1874 3094 1946 ἀρετὴν
3124 1873 3219 1926 καὶ
3243 1867 3628 1941 παροξυσμὸν
3647 1865 3795 1937 πρὸς

2171 1970 2524 2039 χρηστότητα
2552 1969 2630 2039 τῷ
2661 1968 2774 2038 λαῷ
2808 1968 3130 2037 προκεῖσθαι
3162 1964 3374 2035 χρεὼνς

2169 2060 2395 2118 ΑΡΙΣΤ.
2438 2061 2534 2130 Ὠς
2573 2061 2642 2116 δὲ
2668 2063 2767 2116 καί
2820 2061 3057 2131 τυφλὸν
3104 2058 3203 2113 καί
3237 2055 3451 2126 κωφὸν
3504 2052 3618 2109 καὶ
3665 2068 3790 2122 χω-

2710 2155 2827 2207 λὸν
2863 2149 3190 2221 χλευάζων.

2256 2245 2317 2297 '0
2348 2244 2636 2315 ἐμπαίξων
2664 2244 2865 2314 τυφλὸν
2888 2245 2983 2298 καὶ
3017 2242 3202 2310 κωφὸν
3232 2241 3265 2312 ἢ
3298 2239 3485 2311 χωλὸν
3521 2239 3557 2309 ἢ
3599 2236 3787 2299 ἄλλως

2174 2334 2235 2389 τὸ
2261 2334 2423 2406 σῶμα
2478 2337 2886 2406 πεπηρωμένον
2939 2334 3264 2406 ἀφορίζεται
3356 2330 3441 2395 ὼς
3500 2328 3602 2385 τὸν
3641 2327 3787 2381 πλά-

2176 2444 2347 2482 σαντα
2376 2426 2598 2493 τούτους
2636 2429 3106 2499 ἐπιμεμφόμενος.

2779 2540 3022 2594 ΚΑΝΩΝ
3048 2538 3180 2593 NH’.

2188 2652 2565 2719 Ἐπίσκοπος
2625 2651 2665 2718 ἣ
2713 2649 3115 2720 πρεσϐύτερος
3159 2644 3407 2717 ἀμελῶν·
3456 2644 3577 2699 τοῦ
3637 2638 3788 2707 x11}-

2243 2761 2359 2814 pov
2382 2744 2549 2813 (79)ἢ
2594 2742 2702 2796 τοῦ
2754 2740 2932 2807 λαοῦ,
2963 2738 3064 2793 καὶ
3086 2737 3173 2807 μὴ
3198 2735 3515 2790 παιδεύων
3550 2730 3786 2795 αὐτοὺς

2251 2839 2366 2905 τὴν
2403 2837 2740 2896 εὐσέϐειαν.
2771 2832 3157 2903 ἀφοριζέσθω·
3210 2828 3531 2898 ἐπιμένων
3592 2825 3665 2879 δὲ
3707 2818 3784 2891 τῇ

2250 2926 2498 2994 ἀμελείᾳ
2527 2923 2627 2977 καὶ
2653 2923 2764 2993 (80)
2797 2922 3085 2991 ῥᾳθυμίᾳ,
3126 2917 3570 2991 καθαιρείσθω.

2251 3020 2447 3074 ΒΑΛΣ.
2504 3018 2579 3071 Τὸ
2652 3014 3011 3069 ἐπισκοπικδν
3074 3010 3291 3078 ἀξίωμα
3364 3001 3780 3062 διδασκαλικόν

2179 3113 2317 3167 ἐστι·
2353 3110 2448 3165 καὶ
2477 3111 2588 3172 πᾶς
2621 3108 2919 3167 ἐπίσκοπος
2949 3103 3155 3173 ὀφείλει
3190 3101 3483 3156 διδάσκειν
3528 3101 3627 3154 τὸν
3647 3098 3780 3160 λαὸν

2180 3206 2251 3260 τὰ
2280 3203 2481 3269 εὐσεϐῆ
2501 3202 2749 3270 δόγματα
2774 3200 2870 3250 καὶ
2900 3195 2997 3268 τὴν
3017 3195 3125 3248 τῶν
3150 3193 3463 3263 ὀρθοδόξων
3497 3192 3782 3245 κατάστα-

2183 3314 2291 3352 σιν.
2324 3293 2535 3355 Σκοπὸς
2565 3291 2673 3361 γὰρ
2721 3289 2933 3342 τίθεται
2981 3285 3143 3356 χάριν
3179 3284 3276 3338 τοῦ
3330 3284 3678 3338 ἐπισκοπεῖν
3706 3279 3773 3332 τὰ

2182 3388 2288 3443 ὑπὸ
2318 3387 2411 3441 τὸν
2435 3385 2565 3438 λαὸν
2590 3380 2753 3436 αὑτοῦ
2779 3396 2793 3410 ⁸
2839 3378 3136 3433 κάντεῦθεν
3197 3377 3291 3431 καὶ
3332 3377 3646 3438 ἐπίσκοπος
3678 3372 3773 3426 κέ·

2180 3478 2400 3548 κληται.
2445 3474 2557 3529 Καὶ
2583 3474 2631 3525 oi
2667 3469 3029 3541 πρεσϐύτεροι
3074 3467 3133 3521 δέ
3161 3466 3394 3521 τοιοῦτοι
3442 3467 3767 3536 ὀφείλουσιν

2179 3567 2347 3634 εἶναι,
2378 3568 2461 3621 ὅτι
2494 3564 2592 3618 καὶ
2627 3562 2866 3632 πλησίον
2893 3560 3005 3615 τῶν
3035 3559 3353 3612 ἐπισκόπων
3381 3558 3442 3610 ἐν
3473 3560 3601 3620 ταῖς
3630 3558 3769 3609 ἀνω·

2179 3666 2321 3734 τέρω
2355 3658 2647 3727 καθέδραις
2691 3653 2979 3720 κάθηνται.
3017 3652 3079 3705 '0
3104 3649 3235 3718 γοῦν
3284 3648 3359 3719 μὴ
3389 3649 3566 3703 ποιῶν
3593 3646 3765 3707 οὕτως

2177 3756 2475 3814 ἐπίσκοπος
2541 3749 2638 3803 καὶ
2700 3746 2903 3817 ἱερεὺς,
2947 3744 3083 3798 ἀλλὰ
3138 3741 3358 3811 ἀμελῶς
3418 3740 3767 3808 διακείμενος

2178 3846 2523 3919 ἀφορίζεταιο
2556 3822 2851 3909 ’ἐπιμένων
2909 3837 2967 3891 δέ
3011 3839 3076 3907 τῇ
3127 3834 3397 3907 ῥᾳθυμίᾳ,
3447 3833 3544 3887 καὶ
3574 3830 3767 3885 καθαυ-

2181 3938 2457 4012 ρεῖταιόί
2510 3930 2875 4005 πρεσϐύτεροι
2925 3928 3033 3998 γὰρ
3087 3924 3202 3998 (BI)
3260 3926 3353 3978 καὶ
3410 3926 3563 3979 κατά
3628 3935 3765 3991 προ-

2176 4031 2387 4105 τροπὴν
2424 4024 2815 4093 ἐπισκοπικὴν,
2848 4021 2944 4075 καὶ
2992 4021 3092 4074 οὑκ
3123 4017 3340 4071 οἴκοθεν
3370 4017 3716 4071 διδάσκουσι.

2252 4123 2501 4179 ΖΩΝΑΡ.
2542 4119 2719 4189 Χρέος
2766 4114 2920 4169 ἐστὶν
2973 4111 3350 4181 ἀπαραίτητον
3424 4109 3597 4163 παντὶ
3645 4107 3764 4159 ἐπι-

2180 4219 2375 4287 σκόπῳ
2425 4214 2707 4268 διδάσκειν
2753 4211 2846 4264 τὸν
2897 4208 2990 4262 ὑπ’
3039 4207 3202 4260 αὐτὸν
3260 4205 3391 4258 λαὺν
3441 4205 3513 4258 τὰ
3565 4196 3759 4267 εὐσεϐῆ

2179 4312 2448 4380 δόγματα,
2483 4306 2579 4358 καὶ
2624 4304 2762 4373 πρὸς
2791 4299 3102 4374 ὀρθοδοξίαν
3167 4297 3477 4369 ῥυθμίζειν,
3518 4296 3615 4349 καὶ
3650 4293 3762 4362 βίον

2182 4400 2403 4471 σεμνόν.
2462 4397 2603 4468 Φησὶ
2648 4396 2809 4467 γάρὸ
2836 4393 2969 4456 Θεὸς
3008 4392 3096 4445 διὰ
3144 4389 3238 4444 τοῦ
3299 4391 3587 4459 προφήτου
3627 4383 3760 4471 πρὸς

2112 4526 2154 4580 D
2180 4469 2307 4553 τοῦς
2328 4490 2438 4543 τῶν
2461 4488 2608 4541 λαῶν
2648 4484 3027 4557 προεστῶτας·
3071 4481 3146 4533 Eli
3172 4477 3256 4580 ,μὴ
3288 4476 3593 4580 διαστείλη,
3627 4469 3759 4577 μηδέ

2180 4584 2458 4654 λαλήσεις,
2487 4578 2846 4634 ἀποθανεῖται
2877 4578 2905 4631 ὁ
2938 4574 3140 4645 ἄνομος
3169 4572 3226 4624 ἐν
3274 4570 3342 4640 τῇ
3393 4566 3602 4637 ἀνομία
3656 4560 3757 4620 αύ-

1747 4688 1934 4759 Guill,
1964 4691 2285 4776 Beveregii
2330 4701 2521 4758 notes.

577 4813 689 4885 (79)
722 4811 993 4883 Ἀμελῶν
1018 4810 1148 4885 Ατοῦ
1194 4811 1446 4880 κλήρου.
1471 4811 1603 4867 Cum
1644 4812 1925 4885 ordinatur
1960 4828 2071 4867 me-

509 4882 897 4954 tropolitanus,
947 4882 1037 4954 vel
1083 4884 1547 4954 archiepiscopus,
1583 4893 1639 4935 ut
1673 4882 1830 4954 hujus
1878 4897 2072 4950 perpe-

398 5002 405 5010 .
508 4952 857 5009 tuo’canonis
916 4952 1191 5021 oliiciique
1218 4954 1300 5007 sui
1336 4955 1388 5006 in
1420 4952 1485 5007 ἑο
1528 4952 1828 5015 constituti,
1863 4967 2073 5006 memor

514 5026 607 5089 sit,
643 5026 765 5078 hare
799 5024 942 5078 inter
993 5022 1094 5075 alia
1146 5022 1201 5076 in
1250 5023 1521 5077 mandatis
1552 5023 1623 5085 ei,
1659 5023 1800 5091 apud
1856 5022 2075 5077 Graecos

511 5095 836 5156 praesertim,
891 5092 1007 5163 dari
1051 5092 1245 5163 solent,
1276 5093 1415 5163 ,Χρήν
1462 5110 1522 5145 σε
1583 5092 1658 5161 μὴ
1723 5093 2073 5163 ἀποκάμνειν

506 5163 849 5232 διδάσκοντα,
881 5160 1018 5214 ἀλλὰ
1062 5160 1465 5232 διηνεκῶςπίιν
1480 5160 1959 5232 ἐγκεχειρισμένων
1990 5178 2075 5215 σοι

492 5230 637 5286 Δλοιδν
661 5232 729 5285 τὰ
760 5230 897 5302 πρὸς
928 5228 1204 5302 σωτηρίαν
1248 5228 1743 5302 ἐκπαιδεύεινζκαὶ
1782 5228 1856 5283 δι’
1875 5231 2075 5302 ἑαυτοῦ

506 5303 603 5357 καὶ
628 5302 696 5356 δι’
722 5300 910 5371 ἐτέρου
935 5301 1028 5354 τοῦ
1055 5305 1155 5370 τὴν
1182 5300 1443 5371 τοιαύτην
1458 5302 1733 5354 διακονίαν
1764 5301 2078 5371 ἐκπληροῦν

509 5372 834 5441 δυναμένου,
888 5372 1037 5434 ὅπως
1092 5372 1166 5441 μὴ
1208 5372 1536 5439 καταμελῶν
1576 5373 1647 5441 τῇ

508 5440 711 5514 στηρίᾳ
741 5441 945 5514 σαυτὸν
982 5440 1401 5514 ἐγκαταστῄσῃς
1422 5440 1722 5494 ὑπεύθυνον
1744 5457 1754 5466 ·
1776 5440 2076 5514 ἐπίσκοπος

504 5510 640 5583 γὰρ,
679 5510 868 5583 ἐρησλν,
923 5511 1144 5583 ἀμελῶν
1188 5510 1567 5583 τοῦ-κλήρου,
1597 5522 1729 5575 etc.,
1790 5524 1963 5583 usque
2004 5513 2071 5583 ad

506 5580 877 5648 ﬁnem’lmjus
930 5580 1156 5635 canonis
1203 5580 1345 5633 nihil
1395 5580 1679 5633 im.nntato
1732 5598 1745 5633 :
1789 5582 1891 5631 nisi
1927 5580 2068 5646 Quod

548 5666 608 5705 ro
675 5649 959 5703 εὐσέϐειαν
1007 5650 1353 5704 substituitur
1408 5650 1718 5703 εὐλάϐειαν.
1774 5648 2062 5712 Quomodo

529 5720 632 5790 egit
661 5731 713 5773 et
744 5719 900 5774 Joan.
932 5720 1313 5773 Antiochenus
1340 5721 1392 5773 in
1428 5720 1647 5775 collect.
1678 5735 1800 5772 can.
1839 5718 1923 5790 ti_t_.
1964 5716 2053 5780 10,

505 5786 728 5860 et‘quod
762 5791 923 5846 verba
950 5792 1018 5862 τῇ
1084 5790 1312 5861 ἀμελείᾳ
1348 5792 1442 5845 καὶ
1488 5792 1830 5846 omittuntur.
1863 5786 2053 5843 Exstat

1688 5374 1946 5440 κανονικῇ
1977 5371 2078 5423 αὐ-

2180 4816 2286 4870 hoc
2345 4817 2665 4872 mandatum
2724 4811 2775 4867 in
2832 4812 2981 4867 Juris
3010 4804 3469 4866 Graccoollomani
3522 4802 3559 4857 Ι.
3595 4814 3751 4869 vr,p.

2254 4956 2367 5027 (80)
2404 4954 2484 5023 Τῇ
2518 4953 2765 5021 ἀμελείᾳ
2789 4953 2908 5006 καί.
2928 4950 3054 5027 Haec
3077 4950 3239 5027 verba
3260 4949 3315 5002 in
3340 4961 3441 4999 ms.
3461 4941 3750 5027 Bodleiano

2180 5018 2580 5090 desiderantur,
2610 5038 2710 5097 [nec
2737 5018 2963 5097 exstant
2990 5022 3041 5074 in
3073 5018 3350 5097 mandato,
3378 5018 3530 5097 quod
3550 5019 3750 5097 melli}?-

2183 5098 2422 5166 politano
2450 5080 2947 5160 etarchiepiscopo,
2973 5106 3092 5166 cum
3119 5080 3427 5166 ordinatur,
3446 5085 3563 5166 (lari
3586 5080 3745 5166 solet.

2182 5154 2239 5219 ἰιι
2265 5176 2392 5219 ante
2426 5172 2669 5217 notatum
2702 5154 2786 5216 eSt
2813 5178 2828 5216 :
2861 5154 2963 5214 nec
2990 5156 3116 5223 legit
3135 5157 3434 5212 Genlianns
3462 5154 3744 5226 Hervetus.

2181 5218 2589 5301 necrilosephus
2614 5231 2928 5301 Egyptius,
2961 5218 3053 5301 qui
3090 5229 3138 5301 in
3168 5226 3495 5301 paraphrasi
3521 5218 3747 5301 Arabica
3793 5228 3802 5298 ς

2178 5285 2462 5367 νείιὶἱξΕί
2480 5304 2525 5354 εί
2555 5285 3078 5375 ίιιε,ῡὲέεευενὶπυένίί
3103 5285 3745 5375 ίη’ίειαἐθηαιῖίανηαῒξιξζῖἕ

2178 5390 2274 5427 suo
2302 5359 2606 5441 dejiciatur.
2629 5359 2895 5441 Quoniam
2920 5383 3048 5441 vero
3070 5373 3300 5441 exstant,
3328 5359 3436 5441 tam
3546 5359 3742 5441 Graecis

2180 5430 2489 5511 impressis,
2524 5430 2687 5508 quam
2727 5441 2777 5493 in
2824 5438 2980 5511 Joan.
3024 5434 3352 5511 Antiocheni
3396 5430 3734 5511 collectione,

2178 5501 2271 5566 tit:
2297 5513 2385 5573 10,
2428 5501 2709 5564 luosetiam
2745 5526 2804 5562 ea
2852 5508 3084 5562 retinere
3116 5504 3291 5558 satius
3321 5501 3599 5573 duximus.
3658 5558 3672 5571 ο

2249 5565 2460 5651 (8ῐ)’οί
2500 5579 2921 5655 πρεσϐύτεροι.
2954 5576 3086 5655 γᾴρ.
3122 5575 3246 5655 Haec
3280 5585 3450 5654 usque
3480 5565 3737 5655 Δελιίᾲρυᾷἰξξέί

2175 5641 2645 5720 interpretationis
2678 5641 2882 5720 exitum
2910 5641 2971 5698 in
2992 5641 3277 5720 impressis
3301 5641 3531 5705 omissa,
3550 5647 3615 5692 ex
3638 5641 3738 5685 ms-

2172 5717 2464 5778 Bodlciano
2498 5734 2643 5776 nunc
2670 5719 2905 5789 primum
2938 5717 3177 5771 edimus.
