4056 6392
231 317 338 387 157

1477 329 1557 389 1N
1592 326 1759 391 CAN.
1822 331 1923 391 LX
1975 330 2229 396 APOST.

3406 340 3506 408 158

230 439 467 492 σκεσθαι
503 438 571 492 τὰ
610 438 720 493 τῶν
752 437 967 494 ἀσεϐῶν
1004 438 1205 511 βιϐλία,
1237 442 1375 496 ἀλλὰ
1418 443 1550 513 πυρὶ
1588 442 1818 512 παραδί-

1926 445 2213 515 impiorum
2247 447 2435 513 libros,
2465 448 2560 505 sed
2594 450 2702 520 lgui
2739 452 3048 507 tradendos.
3100 452 3289 521 Qurere
3340 458 3505 511 etiam

225 532 439 588 δοσθαι.
503 533 615 587 Καὶ
661 533 817 605 ζήτει
857 534 1035 588 τίτλον
1095 532 1162 605 ιβ’
1221 535 1317 589 τοῦ
1370 536 1640 606 παρόντος
1690 554 1819 589 συν-

225 627 541 695 τάγματος,
574 626 877 693 κεφαλαίου
916 624 965 694 γ⁹
1011 627 1108 681 καὶ
1146 628 1217 681 τὰ
1259 630 1316 681 ὲν
1358 628 1530 697 αὐτῷ.
1575 628 1729 681 Ἐπεὶ
1764 629 1820 681 δέ

223 736 377 781 τινες
411 718 712 773 ὲνόθευσαν
749 720 946 789 εὐσεῧῆ
980 721 1416 792 συγγράμματα,
1460 722 1493 791 ἢ
1540 721 1632 773 καὶ
1660 721 1821 791 ὀρθο-

226 810 404 874 δόξων
464 810 711 880 ὀνόματα
762 812 820 863 ὲν
854 810 979 879 ὖςρει
1014 812 1310 883 ἐτεροδόξῳ
1362 812 1696 878 τεθείκασιν,
1745 812 1821 875 ὼς

228 903 256 955 δ
286 900 582 971 αἱρετικδς
624 902 836 964 ἐκεῖνος
881 901 1167 971 Πάμφιλος
1225 902 1473 971 εποίησε,
1532 900 1821 954 θεολςνικὰ

234 993 334 1061 ἔπη
392 994 603 1063 χρυσᾶ,
656 994 756 1056 τὰς
787 994 1074 1062 αίρετικὰς
1123 994 1434 1062 φληναφίας
1474 991 1568 1045 τοῦ
1604 994 1820 1062 Χρυσο-

236 1082 437 1153 μὰλλου
474 1082 588 1155 (8C)
624 1084 1033 1153 κατονομάσας,
1064 1085 1157 1138 καὶ
1186 1084 1329 1137 οὕτω
1358 1086 1483 1148 τοὺς
1516 1084 1819 1137 ἁπλουστέ-

233 1192 357 1245 pou;
400 1175 687 1246 πλανήσας
722 1192 738 1208 ·
797 1177 1092 1247 διορίζεται
1122 1177 1151 1229 ὀ
1200 1176 1379 1231 κανὼν
1434 1175 1821 1245 καθαιρεῖσθαι

227 1266 317 1319 τὸν
344 1266 581 1320 τοιαῦτα
616 1266 877 1320 τελοῦντα
918 1267 1217 1338 ἱερωμένον
1251 1268 1345 1321 ἐπὶ
1372 1266 1522 1339 λύμῃ
1549 1267 1642 1319 τοῦ
1667 1266 1822 1320 λαοῦ.

225 1359 399 1429 Ζήτει
429 1360 529 1411 καὶ
582 1358 675 1411 τὸν
725 1359 1035 1414 τελευταῖον
1069 1359 1430 1414 ἁποστολικδν
1479 1359 1680 1413 κανόνα
1730 1359 1827 1413 καὶ

223 1452 355 1513 τοὺς
404 1451 689 1521 ἡρωϊκοίις
751 1451 970 1522 στίχους
1017 1453 1111 1506 τοῦ
1172 1454 1329 1520 ἁγίου
1378 1452 1683 1523 Γρηγορίου
1726 1450 1821 1504 τοῦ

220 1542 495 1609 Θεολόγου
541 1543 640 1596 καὶ
688 1544 786 1612 τῆς
818 1545 877 1595 ὲν
900 1544 976 1612 τῷ
999 1544 1252 1614 Τρούλλῳ
1279 1544 1499 1597 συνόδου
1521 1545 1723 1596 κανόνα
1743 1543 1821 1611 ξγ¹

220 1632 319 1686 καὶ
358 1631 544 1702 μάθῃς
574 1634 703 1684 ποῖα
735 1632 919 1702 βιϐλία
946 1634 1254 1701 ὀφείλουσιν
1279 1632 1382 1686 ὑπὸ
1396 1633 1503 1685 τῶν
1520 1633 1821 1704 ὀρθοδόξων

221 1723 703 1793 ἀναγινώσκεσθαι
740 1743 753 1756 ·
808 1726 836 1779 δ
869 1724 1023 1793 ἆγιος
1056 1725 1404 1796 ’Λμφιλόχιος
1438 1725 1576 1796 (87),
1614 1729 1641 1780 ὁ
1663 1726 1822 1795 ἅγιος

233 1817 581 1883 Ἀθανάσιος,
612 1818 707 1871 καὶ
766 1818 799 1887 ἡ
850 1819 907 1870 ἐν
941 1817 1270 1888 Καρθαγένῃ
1307 1817 1546 1881 σύνοδςς.

290 1910 547 1964 ΖΩΝΔΡ.
590 1909 766 1963 Πολλὰ
799 1910 983 1980 βιϐλία
1013 1911 1165 1980 παρὰ
1204 1912 1314 1963 τῶν
1355 1910 1573 1964 ἁσεόών
1600 1908 1820 1963 ὲνοθεύ·

224 2002 402 2074 θησαν
452 2005 534 2066 εἰς
570 2002 780 2073 βλάϐην
832 2002 940 2056 τῶν
993 2003 1388 2074 ἁπλουστέρων
1423 2017 1438 2033 ⁸
1487 2001 1675 2073 ὥσπερ
1728 2000 1821 2055 καὶ

222 2097 281 2148 αἱ
310 2096 403 2149 διὰ
440 2094 540 2148 τοῦ
574 2094 734 2164 ἁγίου
775 2095 1095 2165 Κλήμεντος
1120 2097 1419 2166 γραφεῖσαι
1448 2095 1561 2157 τοῖς
1594 2092 1818 2147 inuad-

220 2205 346 2249 ποις
374 2187 738 2240 ἁποστολικαὶ
769 2188 1050 2255 διαταγαὶ,
1085 2185 1144 2240 αἳ
1184 2187 1274 2241 διὰ
1304 2186 1463 2239 τοῦτο
1492 2188 1586 2240 καὶ
1612 2185 1821 2238 συνοδι-

216 2279 333 2342 κῶς
365 2276 786 2347 α’πεόλήθησαν.
848 2278 985 2331 Τινὰ
1023 2277 1083 2330 δὲ
1126 2278 1223 2331 καὶ
1264 2277 1440 2330 διόλου
1502 2278 1633 2345 παρ’
1672 2275 1819 2329 ὲκεί-

216 2389 329 2424 νων
379 2370 760 2425 συντέθεινται
808 2370 1028 2440 ψευδεῖς
1083 2371 1403 2441 ἐπιγραφὰς
1469 2369 1686 2440 ἔχοντα,
1743 2370 1820 2432 ὡς

216 2463 380 2532 παρὰ
415 2462 682 2533 Πατέρων
740 2464 913 2531 ἁγίων
941 2462 1447 2533 συγγεγραμμένασ
1496 2463 1565 2514 τὰ
1611 2461 1668 2514 δὲ
1724 2460 1821 2513 καὶ

217 2556 530 2626 ἀπόκρυφα
572 2555 913 2626 καλούμενα.
946 2554 1134 2609 Ταῦτα
1154 2555 1336 2608 τοίνυν
1363 2553 1649 2623 ἀπόϐλητα
1678 2549 1818 2607 εῖναι

216 2649 441 2703 κελεύει
468 2651 497 2702 ὁ
522 2648 729 2714 κανὼν,
758 2650 855 2701 ιιια)⁵
884 2648 966 2710 εἰς
990 2647 1297 2714 ἀνάγνωσιν
1327 2646 1404 2718 μὴ
1432 2644 1817 2717 προτίθεσθαι.

219 2742 284 2794 Et
311 2742 372 2795 δέ
410 2758 496 2804 τις
525 2740 763 2811 δημοσίᾳ
798 2738 975 2792 ταῦτα
1009 2738 1304 2811 προσάγει,
1354 2740 1452 2791 καὶ⁸
1496 2736 1584 2790 ἐπ’
1612 2734 1819 2806 ἐκκλη-

219 2832 344 2895 σίας
368 2830 779 2900 ἀναγινώσκειν
799 2832 1080 2901 πειρᾶται,
1105 2830 1319 2896 τοῦτον,
1346 2830 1647 2901 ἱερωμένον
1666 2830 1819 2894 ὂντα,

220 2925 604 2995 καθαιρέσεως
628 2922 777 2988 ἀξιοῖ
802 2939 816 2952 ⁸
846 2923 915 2976 τὰ
949 2922 1002 2976 δὲ
1032 2922 1512 2991 ἀναγινώσκεσθαι
1536 2920 1821 2989 ὀφείλοντα

221 3017 412 3086 βιϐλία
459 3017 563 3085 τῆς
598 3016 839 3079 παλαῖας
876 3017 969 3070 καὶ
1016 3016 1117 3086 τῆς
1169 3018 1295 3078 νέας
1341 3017 1562 3087 Γραφῆς
1616 3015 1821 3085 ἀπηρί-

218 3110 469 3180 ομηνται
497 3107 769 3177 ἁκριόὦςο
819 3108 1083 3177 πρότερον
1146 3107 1244 3177 μὲν
1285 3109 1344 3160 ὲν
1389 3107 1467 3177 τῷ
1522 3106 1822 3177 τελευταίῳ

219 3203 414 3257 κανόνι
459 3200 570 3253 τῶν
602 3199 979 3254 ἁποστολικῶν
1025 3203 1233 3255 τούτων
1291 3202 1593 3269 διατάξεων
1622 3243 1638 3267 ,
1696 3197 1818 3255 εῐτα
1846 3191 1891 3252 C

220 3295 316 3347 καὶ
378 3294 461 3364 τῷ
521 3292 745 3363 μεγάλῳ
818 3292 1148 3363 ’Δθανασίῳ,
1178 3293 1275 3348 καὶ
1309 3293 1386 3364 τῷ
1450 3294 1673 3365 μεγάλῳ
1719 3295 1816 3349 καὶ

221 3383 533 3455 σοφωτάτῳ
571 3383 750 3455 Πατρὶ
805 3384 1098 3454 Γρηγορίῳ
1143 3384 1221 3455 τῷ
1271 3385 1543 3455 Θεολόγῳ,
1594 3386 1690 3439 καὶ
1738 3384 1817 3454 τῷ

223 3476 372 3544 ἁγίῳ
402 3476 458 3529 Ἀ
470 3473 764 3546 μφιλοχίῳ,
794 3475 892 3528 καὶ
918 3476 1257 3547 ἀμφοτέροις
1274 3476 1483 3540 τούτοις
1504 3477 1816 3547 ἐμμέτρως⁸

226 3572 327 3623 καὶ
362 3570 433 3639 τῇ
458 3569 516 3620 ὲν
543 3568 874 3640 Καρθαγένῃ
903 3568 1132 3638 συνόδῳ.
1182 3567 1246 3621 Ἦ
1277 3569 1334 3623 δὲ
1378 3569 1651 3641 λεγομένη
1682 3570 1818 3642 ἕκτη

227 3660 449 3717 σύνοδος
480 3658 515 3728 ὴ
563 3658 622 3711 ὲν
672 3658 752 3729 τῷ
778 3656 1036 3730 Τρούλλῳ
1068 3660 1128 3712 ἐν
1155 3658 1234 3729 τῷ
1277 3659 1355 3728 gr
1406 3659 1594 3715 κανόνι
1642 3661 1816 3730 αὐτῆς

225 3756 319 3807 καὶ
348 3751 516 3807 τοῦτό
549 3769 681 3821 φησι
710 3767 728 3785 ο
754 3752 838 3805 Τὰ
864 3752 1075 3821 ψευδῶς
1114 3752 1220 3806 ὑπὸ
1271 3753 1381 3806 τῶν
1414 3754 1517 3824 τῆς
1558 3754 1843 3825 ἀληθείας”

228 3839 445 3912 ἐχθρῶν
494 3839 922 3910 συμπλασθέντα
970 3841 1398 3912 μαρτυρολόγια,
1450 3843 1527 3907 ὡς
1581 3843 1648 3896 ἂν
1693 3846 1820 3908 τοὺς

230 3932 326 3986 τοῦ
375 3931 620 4003 Χριστοῦ
677 3932 961 4002 μάρτυρας
990 3932 1317 4003 ἁτιμάξοιεν
1368 3934 1634 4004 καὶπρὸς
1681 3937 1818 3989 ἁπιιο

244 4025 396 4078 στίαν
418 4026 661 4093 ὲνάγοιεν
683 4024 810 4085 τοὺς
832 4024 1155 4088 ἀκούοντας,
1181 4025 1257 4095 μὴ
1278 4025 1341 4094 δη
1351 4024 1819 4095 μοσιευέσθωσαν,

240 4118 372 4171 ἀλλὰ
393 4120 527 4189 πυρὶ
550 4116 1049 4188 παραδιδόσθωσαν.
1078 4118 1217 4181 Τοὺς
1241 4117 1300 4171 δὲ
1322 4116 1820 4187 παραδεχομένους,

236 4211 350 4281 id);
370 4209 821 4281 ἀληθέσιτούτοις
843 4208 1299 4280 προσανέχοντας,
1327 4209 1821 4279 ἀναθεματίζομεν.

234 4302 453 4357 ΔΡΙΣΤ.
486 4302 551 4354 Ὁ
604 4300 865 4367 ἀσεϐοῦς
895 4300 1120 4365 ,ϐίϐλον
1160 4298 1577 4371 ἐκκλησιάζων
1612 4302 1819 4355 καθαι-

936 4392 1145 4460 ρεῒται.

312 4485 374 4541 '0
419 4485 512 4539 ἐπ’
556 4484 854 4555 ἐκκλησίας
900 4484 1294 4553 ἀναγινώσκων
1324 4484 1394 4539 τὰ
1442 4484 1553 4539 τῶν
1600 4483 1817 4539 ἀσεὸῶν

228 4579 414 4651 βιϐλία
447 4580 526 4643 ὡς
558 4579 690 4647 ἆγια
715 4577 1110 4650 καθαιρείσθω.

1932 540 1999 592 l2
2049 541 2133 595 tit.
2170 542 2452 610 prmscntis
2488 544 2687 612 operis,
2728 558 2848 614 cap.
2877 547 3505 615 3.etquminipsosunt.

1928 630 2063 697 Quia
2116 641 2294 687 autem
2350 633 2591 687 nonnulli
2661 633 2748 702 pia
2808 637 3006 704 scripta
3037 636 3504 702 adulteraverunt,

1930 720 2013 773 vel
2044 720 2208 774 etiam
2253 723 2678 776 orthodoxorum
2737 724 2954 777 nomina
3002 740 3189 779 eorum
3224 725 3316 794 qui
3370 732 3508 781 male

1926 811 2165 864 sentiunt
2223 812 2442 880 scriptis
2510 823 2896 882 apposncrunt,
2952 825 3008 867 nt
3060 814 3345 871 haereticus
3418 815 3509 871 ille

1926 901 2054 956 fecit
2081 900 2412 971 Pamphilus,
2445 905 2532 972 qui
2565 920 2730 963 aurea
2782 905 3083 976 theologica
3138 908 3278 961 dicta
3335 923 3506 979 nugas

1925 995 2211 1049 hazreticas
2246 995 2607 1068 Chrysomalli
2642 997 2952 1068 appellavit,
2984 1008 3039 1053 et
3085 998 3156 1053 ita
3208 1001 3507 1069 simplicio-

1926 1103 2013 1141 res
2042 1088 2275 1156 decepit,
2325 1089 2565 1142 decernit
2615 1105 2785 1142 canun
2816 1089 3151 1144 sacerdotem
3188 1105 3308 1145 esse
3342 1092 3510 1161 depo-

1927 1178 2188 1241 nendum,
2218 1179 2308 1249 qui
2340 1178 2440 1231 hoc
2462 1180 2624 1232 audet
2655 1183 2706 1231 in
2736 1180 2913 1247 populi
2948 1181 3263 1248 perniciem.
3314 1182 3509 1246 Qumre

1926 1271 2089 1324 etiam
2126 1270 2374 1323 ultimum
2424 1285 2685 1324 canonem
2721 1272 3103 1337 apostolicum,
3153 1281 3209 1326 et
3259 1273 3510 1326 heroieos

1930 1375 2119 1416 versus
2170 1361 2344 1416 sancti
2380 1361 2626 1432 Gregorii
2663 1362 2945 1433 Theologi,
2978 1374 3031 1416 et
3066 1379 3188 1433 syu.
3222 1363 3275 1417 in
3321 1361 3508 1418 Trullo

1929 1466 2193 1506 canonem
2231 1452 2320 1519 6'5,
2344 1464 2397 1507 et
2429 1455 2568 1509 scies
2618 1454 2838 1523 quinam
2892 1456 3013 1511 libri
3064 1455 3164 1524 legi
3199 1455 3396 1509 debent
3439 1455 3510 1509 ab

1928 1543 2265 1597 orthodoxis.
2303 1544 2535 1599 Sanctus
2565 1547 3002 1614 Amphilochius,
3062 1557 3284 1601 sanctus
3334 1545 3510 1601 Atha-

1937 1634 2125 1689 nasius
2161 1644 2211 1689 et
2242 1634 2691 1706 Carthaginiensis
2727 1637 2968 1707 synodus

1854 1852 1896 1907 Β
1995 1856 2251 1912 ΖΟΝΑῐὶ.
2314 1858 2396 1911 Ab
2463 1858 2643 1927 impiis
2712 1857 3023 1912 hominibus
3071 1858 3332 1927 suppositi
3386 1858 3508 1914 libri

1922 1950 2072 2004 nmlti
2124 1948 2342 2003 fuerunt
2396 1950 2450 2003 in
2498 1949 2796 2019 perniciem
2849 1950 3267 2017 simpliciorusn.
3331 1947 3508 2005 Veluti
3582 1984 3587 1989 ο

1923 2052 2052 2095 sunt
2116 2042 2389 2110 episcopis
2454 2058 2549 2110 per
2605 2051 2854 2094 sanctum
2902 2041 3235 2096 Clementem
3290 2040 3512 2108 scripta!

1922 2133 2233 2201 apostolica:
2281 2133 2722 2196 conStitutiones,
2781 2148 2899 2201 quae
2931 2143 3218 2201 propterea
3249 2133 3510 2202 synodica

1923 2225 2135 2293 reiectae
2168 2235 2315 2279 sunt.
2353 2225 2434 2279 Ab
2462 2225 2568 2278 illis
2600 2240 2819 2293 quoque
2846 2234 2974 2279 sunt
3003 2224 3226 2276 omnino
3256 2222 3507 2291 qumdatn

1921 2317 2243 2385 composita,
2274 2316 2439 2372 falsas
2465 2317 2849 2386 inscriptiones
2874 2314 3152 2379 habentia,
3185 2315 3410 2382 perinde
3440 2327 3506 2368 ac

1921 2408 1965 2463 si
1988 2407 2168 2462 forent
2200 2422 2230 2461 a
2259 2408 2463 2463 sanctis
2486 2399 2738 2463 Patrihns
2758 2405 3098 2474 c0:iseripta,
3124 2413 3248 2460 sunt
3274 2412 3329 2459 et
3359 2419 3508 2474 quae-

1920 2498 2046 2555 dam
2104 2509 2413 2569 nuncupata
2461 2499 2787 2571 apocrypha.
2869 2498 3054 2552 Canon
3107 2506 3292 2552 censet
3340 2496 3508 2565 igitur

1922 2588 2039 2643 hare
2069 2603 2189 2644 esse
2220 2589 2535 2656 rejicienda,
2568 2606 2667 2643 nec
2696 2589 2765 2643 ad
2814 2589 3100 2643 lectionem
3126 2587 3506 2657 proponenda.

1921 2680 2076 2747 Quod
2109 2682 2153 2736 si
2189 2685 2313 2752 quis
2370 2683 2485 2735 brcc
2535 2681 2748 2750 publice
2784 2679 3010 2751 profert,
3062 2679 3116 2733 in
3168 2678 3508 2747 ecclesiaque

1922 2771 2102 2842 legere
2124 2782 2379 2837 conatur,
2410 2772 2552 2827 hunc
2573 2774 2737 2827 etiam
2762 2780 3140 2827 c0nsecratum
3175 2772 3504 2836 ministrum,

1921 2864 2143 2934 dignum
2175 2865 2511 2934 depositione
2540 2873 2744 2919 censet.
2780 2864 2926 2919 Libri
2964 2879 3093 2917 vero
3128 2872 3237 2916 tam
3268 2863 3503 2927 veteris,

1922 2966 2082 3020 quam
2136 2966 2287 3006 novae
2338 2951 2655 3020 Scriptum,
2707 2953 2800 3021 qui
2853 2952 2953 3021 legi
3007 2952 3263 3018 debeant,
3314 2960 3505 3007 exacte

1921 3051 2049 3098 sunt
2077 3043 2399 3098 enumerati.
2433 3043 2673 3098 Primum
2706 3044 2947 3114 quidem,
2980 3044 3031 3096 in
3070 3044 3261 3097 ultimo
3292 3058 3503 3098 canone

1924 3133 2150 3188 istarmn
2233 3134 2651 3203 apostolicarum
2738 3134 3209 3188 constitutionum.
3305 3133 3505 3188 Deinde

1922 3225 2088 3279 etiam
2125 3239 2154 3277 a
2191 3238 2391 3293 magno
2422 3225 2742 3289 Athanasio,
2774 3233 2831 3279 et
2858 3239 2886 3279 a
2918 3238 3113 3293 magno
3159 3222 3504 3293 sapientissi-

1922 3331 2118 3385 moque
2174 3325 2329 3387 patre
2375 3316 2641 3386 Gregorio
2666 3315 2965 3387 'l‘heologo,
2996 3314 3052 3371 et
3079 3332 3108 3370 a
3159 3328 3350 3370 sancto
3378 3316 3504 3369 Am-

1922 3409 2216 3479 philochia,
2247 3420 2303 3465 et
2326 3410 2395 3465 ab
2426 3411 2512 3465 bis
2541 3410 2755 3479 quidem
2802 3410 3012 3466 duobus
3061 3410 3306 3464 metrice.
3352 3406 3420 3463 Et
3449 3406 3504 3462 in

1925 3502 2131 3573 synodo
2181 3502 2621 3573 Carthaginensi.
2671 3502 2964 3557 Nominata
2996 3517 3125 3557 vero
3162 3511 3315 3557 sexta
3341 3515 3499 3571 syno—

1927 3594 2030 3650 dus
2056 3595 2108 3649 in
2138 3592 2346 3662 Trullo,
2375 3595 2430 3649 in
2477 3594 2819 3664 sexagesimo
2868 3594 3032 3648 tertio
3078 3606 3287 3648 canone
3336 3591 3507 3659 ipsius

1921 3687 2112 3742 ethoc
2142 3686 2482 3753 dicit:,Qute
2509 3695 2636 3741 sunt
2680 3688 2748 3739 ab
2796 3684 3032 3740 inimicis
3077 3683 3325 3738 veritatis
3368 3682 3506 3737 falso

1924 3779 2157 3834 conﬁcta
2182 3778 2586 3850 Martyrologia,
2641 3788 2701 3832 ιιι
2730 3777 2934 3832 Christi
2970 3786 3240 3846 martyres
3272 3776 3504 3847 ignomi-

1923 3871 2012 3926 nia
2045 3870 2272 3939 turpiter
2289 3869 2583 3935 allicereut,
2608 3879 2664 3924 et
2687 3869 2967 3923 audientes
2988 3869 3310 3923 induccrcnt
3335 3867 3398 3921 ad
3421 3866 3508 3921 iu-

1923 3962 2315 4025 credulitatem,
2342 3977 2410 4016 ne
2428 3959 2916 4033 publicentur,“
2939 3962 3030 4014 sed
3052 3961 3157 4030 igni
3191 3959 3500 4013 tradantur.

1921 4054 2294 4122 Suscipientes
2320 4062 2524 4115 autem,
2561 4054 2645 4105 vel
2696 4052 2799 4115 his,
2835 4062 3089 4119 tanquam
3120 4052 3288 4113 veris,
3341 4064 3501 4104 men-

1922 4157 2032 4202 tem
2071 4146 2411 4209 adhibentes,
2462 4144 2983 4198 anathematizamus

1920 4301 2150 4359 ARIST.
2211 4297 2316 4365 Qui
2368 4299 2518 4370 impii
2570 4298 2761 4352 librant
2830 4303 2885 4356 in
2972 4299 3205 4354 ecclesia'
3264 4297 3498 4369 publica:

2574 4392 2872 4462 deponitur.

1997 4488 2099 4556 Qui
2134 4488 2189 4542 in
2222 4484 2451 4542 ecclesia
2482 4482 2611 4555 legit
2644 4486 2934 4555 impiorum
2968 4485 3134 4539 libros
3195 4493 3253 4538 ut
3285 4493 3509 4540 sanctos

1923 4581 2247 4649 deponatur.

1464 4689 1656 4752 Guill.
1687 4689 2015 4768 Beveregii
2059 4696 2254 4753 notae.

294 4792 412 4862 (86)
451 4789 561 4845 Τοῦ
590 4788 1051 4862 χρυσομάλλου.
1085 4787 1292 4862 Joanne
1313 4788 1592 4862 Comneno
1620 4790 1799 4846 Alexii

1919 4788 2275 4862 stantinopoli
2336 4789 2632 4862 celebrata,
2663 4805 2784 4843 cum
2844 4788 3044 4862 scripta
3082 4789 3393 4862 haecinter
3436 4804 3496 4845 se

222 4858 561 4919 successore
609 4858 928 4931 imperante,
960 4859 1354 4913 Constantinus
1396 4858 1806 4931 Chrysomallus

223 4935 436 5000 scripta
472 4930 718 4999 quaedam
772 4931 1070 4988 haresibus
1109 4931 1373 5000 scatentia
1402 4930 1627 5000 edebat,
1666 4946 1808 4999 quo-

224 4998 356 5056 rum
387 4998 497 5054 tria
536 5000 866 5069 exemplaria
909 5015 937 5053 a
966 4999 1175 5070 synodo
1202 5000 1301 5052 sub
1334 4998 1516 5054 Leone
1539 4998 1807 5055 Constan-

223 5071 601 5141 tinopolitano
627 5079 753 5141 tunc
785 5072 1046 5139 temporis
1080 5079 1289 5133 coacta,
1324 5078 1617 5141 ‘compcrta
1658 5080 1808 5135 sunt,

223 5137 400 5196 unum
458 5141 602 5207 apud
656 5137 1256 5195 Petrnm‘monachum
1319 5137 1378 5193 S.
1440 5141 1811 5209 Athenogenis

224 5210 552 5265 monasterii
602 5211 921 5278 praesidem,
1006 5211 1238 5263 alterum
1308 5210 1445 5280 apud
1519 5207 1809 5280 Georgium

230 5280 611 5350 Pamphilum,
664 5290 717 5333 et
751 5280 968 5334 tertium
1006 5281 1145 5350 apud
1197 5279 1459 5348 quosdam
1510 5279 1811 5335 monachos

224 5356 279 5407 in
316 5347 535 5405 Nicolai
574 5350 950 5421 monasterio,
988 5347 1077 5415 qui
1116 5347 1185 5421 de
1218 5347 1808 5421 eo‘etiamdsynodum

226 5422 531 5476 certiorem
564 5419 825 5475 fecerant.
858 5418 1125 5488 Georgius
1167 5419 1268 5473 iste
1293 5416 1631 5487 Pamphilus,
1664 5421 1807 5488 apud

230 5507 395 5560 quem
446 5505 618 5544 unum
671 5491 951 5560 exemplar
987 5490 1265 5560 inventum
1317 5500 1422 5554 εει,
1452 5504 1564 5542 non
1599 5498 1805 5544 tantum

230 5558 539 5615 hzeresibus
566 5561 619 5613 in
651 5576 718 5614 eo
742 5558 955 5614 traditis
984 5560 1098 5626 ipse
1125 5558 1506 5625 seducebatur,
1528 5573 1712 5613 verum
1731 5569 1806 5627 et,

230 5642 284 5680 nt
319 5633 465 5685 aiios
496 5646 715 5700 quoque
745 5629 1052 5693 seduceret,
1082 5628 1387 5700 haereticas
1431 5629 1585 5700 istius
1616 5644 1800 5700 nugas,

229 5697 527 5767 θεολογικᾶ
578 5700 689 5768 ἔπη
716 5700 912 5770 χρυσᾶ-
938 5697 1264 5766 appellabat,
1306 5709 1362 5751 ut
1387 5716 1451 5753 ex
1487 5699 1586 5770 hoc
1616 5697 1805 5754 Balsa-

230 5772 415 5828 monis
442 5771 567 5828 loco
595 5768 834 5827 constat.
882 5768 1143 5837 Synodus
1167 5778 1345 5824 autem
1383 5769 1634 5841 pt':t:dicta
1669 5772 1809 5826 Cou-

1917 4860 2260 4924 contulisset,
2294 4876 2401 4913 non
2441 4861 2760 4926 ineptiarum
2788 4860 2969 4921 modo,
3002 4861 3095 4913 sed
3137 4871 3188 4914 et
3219 4860 3495 4913 haerescon

1909 4931 2067 5003 plena
2103 4945 2247 5003 esse,
2279 4945 2348 5003 ac
2383 4928 2521 5003 ipsis
2554 4929 3034 5003 Enthusiastarum
3084 4941 3138 4985 et
3178 4928 3495 4998 Bogomilo-

1907 4998 2244 5069 i'um_dictis
2302 4998 2621 5069 absurdiora
2692 5000 2990 5061 continere,
3069 5015 3165 5069 pro
3217 5010 3500 5067 comperto

1910 5067 2172 5143 habebat,
2201 5084 2265 5123 ac
2300 5069 2528 5143 proinde
2550 5067 2815 5123 adversus
2838 5070 3028 5143 eadem
3051 5067 3251 5143 scripta
3276 5084 3497 5143 eorum:

1909 5155 2015 5210 que
2083 5138 2409 5210 assertores,
2444 5139 2727 5210 decretum
2757 5209 2761 5210 ί
2791 5139 3054 5210 synodale
3111 5141 3326 5210 edebat,
3353 5138 3502 5207 quod

1908 5206 2089 5263 exstat
2136 5212 2279 5277 apud
2332 5208 2462 5263 Leo.
2517 5206 2697 5277 Allat.
2735 5206 3109 5263 de‘Occident
3166 5217 3221 5263 et
3283 5206 3497 5262 Orient.

1912 5278 2124 5334 Eccles.
2160 5276 2371 5345 perpet.
2404 5292 2655 5333 consens.
2689 5276 2723 5330 ι.
2757 5292 2819 5341 ιι,
2848 5293 2897 5331 c.
2934 5278 3022 5343 ll,
3056 5281 3107 5333 in
3140 5279 3316 5333 initio.

1987 5350 2099 5419 (87)
2149 5345 2214 5401 '0
2243 5347 2410 5419 ἅγιος
2429 5346 2836 5419 ἶΑμφιλόχιος.
2882 5347 3006 5403 Haec
3038 5364 3210 5418 usque
3242 5348 3306 5400 ad
3339 5346 3504 5416 hujus

1912 5417 2384 5487 interpretationis
2427 5417 2585 5470 linem
2645 5417 2695 5471 in
2755 5420 3031 5487 impressis
3078 5417 3498 5487 desiderantur;

1910 5485 2135 5544 exstant
2167 5498 2347 5541 autem
2382 5488 2434 5541 in
2465 5502 2566 5541 ms.
2593 5485 2915 5552 Bodleiano,
2951 5489 3244 5558 etquidem
3283 5485 3501 5558 inipsu

1915 5567 2087 5620 textu,
2142 5558 2194 5611 in
2229 5574 2388 5627 quem
2424 5567 2604 5627 tamen
2656 5574 2686 5610 e
2721 5563 2962 5626 margine
3001 5555 3263 5627 traducta
3306 5555 3497 5627 triden-

1916 5638 2024 5683 tur.
2058 5624 2326 5682 Caeterum
2352 5628 2412 5682 S.
2448 5624 2863 5695 Amphilochius
2891 5631 2941 5681 in
2991 5628 3181 5680 iambis
3202 5625 3269 5679 ad
3301 5624 3498 5679 Seleu-

1916 5714 2063 5759 cum,
2102 5699 2157 5751 S.
2183 5696 2513 5751 Athanasius
2541 5697 2594 5749 in
2636 5714 2804 5750 sacra:
2833 5698 3126 5766 Scriptura:
3157 5695 3403 5766 synopsi,
3433 5704 3494 5749 et

1916 5768 2158 5837 synodus
2192 5766 2634 5837 Carthaginiensis
2659 5784 2781 5823 can.
2810 5768 2877 5823 27
2912 5764 3230 5835 docuerunt,
3266 5764 3487 5835 qttiuam
