4056 6412
540 301 639 367 ιανῑ
1763 301 2044 363 ΤΙΙΕΟῙ).
2074 300 2477 364 BALSAMON
3717 307 3817 378 168

537 416 786 483 increpat
830 410 1219 475 Antioclicnos,
1253 410 1397 479 quod
1436 408 1571 466 festa
1628 412 1970 466 celebrarent
2011 425 2111 464 una

2220 410 2295 473 ὼς
2321 410 2793 481 συνεορταζόντων
2825 413 2935 477 τοῖς
2985 413 3283 476 Ἰουδαίοις.
3330 416 3389 470 '0
3434 416 3493 471 δὲ
3531 417 3813 479 ἑνδέκατος

536 524 660 563 cum
693 504 916 560 ludatis.
970 504 1301 559 Undecimus
1354 512 1533 557 autem
1587 501 1638 555 in
1696 503 1885 556 Trullo
1919 502 2115 574 synodi

536 616 709 657 canon
741 607 885 653 vetat
913 596 1188 661 omnibus,
1225 610 1346 666 quae
1378 606 1503 649 sunt
1533 595 1670 664 apud
1702 593 1937 657 Judaeos,
1969 597 2119 668 Iazy-

539 696 643 749 mis
673 693 815 749 vesci
849 703 903 747 et
934 707 1055 745 cum
1091 691 1224 759 ipsis
1258 689 1575 743 cohabitare
1624 706 1637 742 :
1686 690 1770 742 vel
1819 690 1871 742 in
1910 692 2119 747 morbis

496 838 499 839 ν
539 789 685 854 ipsos
711 799 1015 849 accersere,
1058 785 1125 836 ab
1154 783 1471 848 eisdemque
1507 781 1744 834 medelas
1769 796 2002 848 caiiere:
2035 781 2116 836 vel

537 896 643 934 una
675 895 794 931 cum
852 877 983 945 ipsis
1015 876 1217 928 lavare.
1268 873 1543 927 Canonem
1594 886 1723 925 vero
1771 888 1877 925 non
1930 875 2117 927 obser-

536 984 748 1035 vantes,
780 976 1128 1023 coosecratos
1176 966 1389 1035 quidem
1444 963 1723 1018 ministros
1750 979 1782 1019 a
1823 964 1993 1033 gradu
2027 965 2120 1019 de-

533 1062 677 1132 jicit,
713 1060 885 1114 laicos
917 1068 1097 1111 autem
1126 1073 1152 1108 a
1185 1055 1570 1109 communione
1604 1054 1802 1124 rejicit.

537 1152 762 1207 Λιιιδτ.
807 1151 912 1214 Qui
956 1165 1072 1201 cum
1132 1145 1339 1200 Juda’is
1401 1156 1543 1208 orat,
1604 1145 2113 1201 exeommunicalur.

611 1245 711 1309 Qui
752 1243 1052 1313 ingreditur
1090 1255 1411 1311 synagogam
1446 1237 1771 1304 Judaaorum,
1808 1246 1902 1292 aut
1953 1238 2120 1292 lucre-

543 1338 798 1399 ticoruiu,
833 1344 1037 1387 etcum
1071 1334 1138 1385 iis
1169 1341 1312 1394 orat,
1367 1330 1412 1384 si
1462 1330 1693 1384 clericus
1741 1330 1957 1399 quidem
2009 1341 2113 1395 est,

544 1428 859 1496 deponitur,
905 1438 961 1477 ut
1010 1440 1071 1477 ea
1107 1440 1225 1491 qua:
1271 1419 1583 1476 Juda'orum
1632 1432 1759 1475 sunt
1806 1422 2040 1490 sapiens,
2068 1422 2112 1475 si

540 1522 711 1575 laicus
734 1530 914 1573 autem
944 1515 1471 1572 exeommunicatur.
1501 1512 1799 1583 Episcopus
1826 1530 1974 1582 vero,
2020 1524 2116 1570 aut

543 1616 843 1683 presbyter,
893 1622 988 1664 aut
1036 1609 1294 1664 diaconus
1339 1608 1429 1677 qui
1473 1607 1527 1661 in
1562 1607 1725 1661 domo
1758 1616 1963 1662 tantum
1989 1622 2110 1661 cum

2220 506 2320 576 τῆς
2344 509 2401 561 ὲν
2429 504 2507 576 τῷ
2532 506 2788 577 Τρούλλῳ
2820 506 3038 560 συνόδου
3069 506 3249 562 κανὼν
3271 510 3445 564 πᾶσιν
3467 512 3806 583 ἀπαγορεύει

2218 597 2279 649 τὸ
2332 595 2537 649 ἐσθίειν
2565 598 2635 649 τὰ
2684 598 2835 667 παρὰ
2882 597 3161 659 Ἰουδαίοις
3194 597 3414 668 ἀξυμαξ,
3451 600 3551 653 καὶ
3592 602 3654 654 τὸ
3690 605 3810 657 τού.

2218 706 2331 752 τοις
2362 687 2865 759 προσοικειοῦσθαι,
2896 689 3009 759 ἢέν
3042 689 3219 754 νόσοις
3252 692 3452 756 αὐτοὺς
3478 696 3809 763 προσκαλεί-

2220 781 2366 845 σθαι,
2422 784 2519 834 καὶ
2556 782 2802 852 ἰατρείας
2851 781 2982 851 παρ’
3018 782 3199 835 αὐτῶν
3233 782 3567 854 λαμϐάνειν,
3616 787 3651 857 ἦ
3685 790 3809 841 συλ-

2218 872 2476 926 λούεσθαι
2528 874 2736 935 αὐτοῖς.
2796 873 2907 926 Καὶ
2960 873 3084 934 τοὺς
3148 873 3223 944 μὴ
3279 875 3668 943 φυλάσσοντας
3718 882 3807 934 τὸν

2218 964 2420 1016 κανόνα
2500 962 2835 1034 ἱερωμένους
2915 961 3015 1032 μὲν
3070 966 3369 1034 καθαιρεῖ,
3446 967 3681 1034 λαῖκοὺς
3750 973 3806 1027 δὲ

2215 1053 2470 1123 ἀφορίζει

2216 1139 2437 1195 ΑΡΙΣΤ.
2483 1141 2544 1193 '0
2591 1141 2903 1208 Ἰουδαίοις
2941 1147 3395 1215 συνευχόμενος
3445 1148 3805 1219 ἀφορίζεται.

2299 1234 2358 1286 '0
2382 1233 2639 1287 εἰσελθὼν
2659 1237 2738 1298 είς
2764 1238 3090 1307 συναγωγὴν
3129 1239 3401 1293 Ἰουδαίων
3425 1243 3458 1310 ἢ
3487 1245 3803 1313 αἱρετικῶν,

2217 1326 2311 1378 καὶ
2351 1326 2799 1397 προσευξάμενος
2834 1330 2955 1398 μετ’
3012 1330 3215 1393 αὐτῶν,
3268 1333 3316 1384 εί
3371 1334 3476 1400 μὲν
3542 1334 3804 1404 κληρικός

2217 1417 2358 1479 ἐστι,
2386 1417 2763 1487 καθαιρεῖται,
2799 1419 2873 1481 ὡς
2902 1420 3117 1489 φρονῶν
3150 1421 3217 1473 τὰ
3245 1422 3357 1475 τῶν
3402 1423 3686 1476 Ἰουδαίων
3714 1440 3729 1455 ’
3757 1428 3804 1481 εἰ

2214 1508 2273 1562 δὲ
2307 1510 2514 1576 λαῖκὸς,
2547 1510 2895 1579 ἀφορίζεται.
2943 1510 3001 1563 ⁸0
3030 1512 3086 1564 δὲ
3125 1513 3184 1564 ἐν
3217 1512 3354 1581 οἴκῳ
3396 1515 3804 1585 συνευξάμενος

2218 1603 2379 1674 μόνον
2414 1605 2708 1674 αίρετικοῐς
2741 1605 3040 1667 ἐπίσκοπος
3082 1604 3114 1674 ἥ
3148 1606 3529 1679 πρεσόύτερος
3555 1608 3594 1679 ἢ
3628 1608 3805 1664 mazo-

541 1704 811 1760 haereticis
874 1710 1016 1770 orat,
1097 1698 1640 1766 excommunicatur,
1722 1698 1876 1770 juxta
1957 1714 2111 1755 cano-

2216 1714 2305 1762 νος
2337 1696 2661 1767 ἀφορίζεται
2692 1696 2835 1751 κατὰ
2863 1698 2954 1751 τὸν
2980 1704 3067 1769 με’
3089 1700 3315 1755 κανόνα.

538 1812 660 1851 Item
688 1794 776 1848 45.

1100 1904 1334 1962 CANON
1384 1905 1547 1960 LXV.

2806 1897 3044 1950 ΛΑΝΩΝ
3083 1894 3197 1953 ΞΕ’.

538 2021 603 2076 Si
631 2021 746 2091 quis
799 2020 1019 2073 clericus
1055 2022 1109 2074 in
1138 2020 1325 2089 jurgio
1362 2020 1660 2089 qttetnpiam
1713 2021 2019 2088 pulsauerit,
2063 2029 2111 2075 et

2216 2009 2282 2064 ΕΖ
2308 2026 2399 2076 τις
2440 2010 2729 2078 κληρικὸς
2780 2009 2918 2079 (93),
2982 2011 3052 2063 ἐν
3096 2010 3265 2081 μάχῃ
3322 2012 3463 2081 τινὰ
3511 2014 3798 2082 κρούσας,

609 2131 711 2166 imo
740 2117 844 2165 ictu
874 2114 1218 2177 interemerit,
1247 2115 1308 2165 ob
1327 2113 1623 2179 impotentis
1653 2114 1816 2165 animi
1842 2114 2117 2181 suie/fraa-

609 2207 899 2272 nationem,
937 2204 1270 2273 deponatur:
1308 2204 1477 2257 laicus
1513 2219 1628 2257 vero
1654 2205 1700 2257 si
1732 2204 1916 2273 fuerit,
1940 2220 2115 2275 segre-

607 2308 778 2367 getur,

612 2388 806 2443 BALS.
848 2387 999 2441 Sacri
1048 2384 1290 2457 mysterii
1337 2384 1569 2440 ministri
1605 2385 1741 2455 jussi
1795 2395 1925 2440 sunt
1974 2386 2112 2441 iram

535 2479 916 2547 comprimere,
948 2478 1089 2531 sicut
1118 2492 1182 2530 ex
1210 2476 1278 2529 27
1311 2491 1519 2531 canone
1542 2476 1841 2545 apostolico
1869 2478 2115 2531 declara-

542 2580 653 2624 tur.
692 2569 789 2624 llic
818 2579 996 2624 autem
1043 2570 1289 2624 decernit
1325 2586 1524 2636 canon,
1574 2579 1634 2623 ut
1665 2570 1965 2637 deponatur
1998 2570 2112 2625 cle-

537 2662 685 2713 ricus
716 2660 803 2727 qui
840 2659 907 2712 ab
939 2659 1017 2712 ira
1056 2659 1226 2713 victus
1265 2658 1449 2722 fuerit,
1484 2671 1538 2712 et
1565 2667 1805 2728 tempore
1832 2670 2115 2714 concerta-

537 2752 703 2805 tionis
730 2752 966 2818 aliquem
1002 2764 1321 2817 percussum
1349 2750 1628 2807 occiderit.
1677 2748 1904 2805 Perinde
1933 2762 2110 2806 autem

536 2858 602 2896 ac
631 2843 676 2896 si
707 2844 936 2896 dixisset
968 2842 1263 2911 quispiam,
1307 2857 1412 2895 non
1440 2843 1639 2897 debere
1669 2858 1791 2897 eum
1821 2844 2036 2912 deponi,
2065 2843 2110 2898 si

536 2934 607 2986 ab
636 2948 741 2986 una
777 2936 1076 3001 pulsatione
1106 2942 1352 2986 mortuus
1381 2933 1452 2987 sit
1482 2932 1574 3002 qui
1601 2932 1796 2987 vulnus
1817 2935 2109 3001 acceperit,

535 3022 679 3092 quod
719 3023 854 3077 forte
887 3038 991 3077 non
1025 3022 1191 3077 fuerit
1225 3025 1399 3077 caedes
1442 3023 1770 3089 voluntaria,
1826 3022 1990 3078 infert
2023 3038 2110 3077 ca-

2286 2102 2407 2158 άπὸ
2440 2102 2549 2178 τοῦ
2593 2101 2735 2168 ἐνὸς
2773 2104 3152 2172 κρούσματος
3194 2104 3553 2174 ἀποκτείνῃ,
3598 2109 3799 2159 καθαιο

2277 2195 2502 2263 ρείσθω
2533 2194 2630 2249 διὰ
2666 2195 2782 2262 τὴν
2812 2194 3179 2263 προπέτειαν
3215 2194 3408 2251 αὐτοῦ
3436 2213 3449 2227 ⁸
3495 2200 3549 2252 εί
3576 2197 3646 2251 δὲ
3676 2197 3799 2251 lat-

2284 2287 2413 2351 κός,
2452 2284 2837 2356 ἀφοριζέσθω.

2289 2379 2487 2433 ΒΑΛΣ.
2540 2382 2605 2432 Οἱ
2637 2381 2735 2450 τῆς
2769 2381 2923 2450 ἱερᾶς
2962 2380 3248 2449 ἁγιστείας
3297 2380 3648 2455 διακονηταὶ,
3707 2379 3796 2436 τοῦ

2216 2469 2389 2539 θυμοῦ
2426 2474 2650 2541 κρατεῖν
2702 2473 3131 2543 ἐκελεύσθησαν,
3188 2472 3372 2537 καθὼς
3423 2474 3681 2545 δηλοῦται
3709 2475 3796 2527 καὶ

2216 2561 2326 2613 ἀπὸ
2354 2562 2448 2613 τοῦ
2480 2561 2561 2625 κζ’
2594 2562 2961 2617 ἀποστολικοῦ
2996 2565 3247 2629 κανόνος.
3288 2565 3570 2620 Ἐνταῦθα
3599 2566 3655 2618 δὲ
3693 2566 3796 2617 διο-

2215 2654 2432 2725 ρίζεται
2460 2657 2489 2710 ὁ
2521 2655 2703 2709 κανὼν
2747 2656 3135 2726 καθαιρεῖσθαι
3165 2658 3259 2712 τὸν
3300 2658 3409 2712 ὑπὸ
3441 2658 3617 2729 θυμοῦ
3650 2675 3793 2725 νικη-

2214 2749 2378 2802 θέντα
2401 2748 2688 2827 κληρικὺν,
2726 2751 2822 2803 καὶ
2847 2752 2936 2805 διὰ
2965 2750 3184 2821 πληγῆς
3214 2751 3568 2821 φονεύσαντα
3592 2769 3714 2804 τινα
3740 2752 3795 2805 ὲν

2213 2840 2392 2910 καιρῴ
2421 2841 2783 2909 φιλονεικίας.
2822 2844 2917 2905 ’Ὡς
2953 2860 3099 2907 τινος
3130 2844 3187 2896 δὲ
3226 2844 3483 2908 εἰπόντος
3528 2845 3602 2915 μὴ
3651 2844 3789 2911 ὀφεί-

2210 2935 2326 2988 λειν
2359 2934 2548 2988 τοῦτον
2580 2934 2987 3003 καθαιρεῖσθαι,
3030 2936 3126 2995 ὲάν
3175 2937 3285 2989 ἀπὸ
3310 2938 3665 3006 κρούσματος
3685 2935 3795 2996 ἑνὸς

2211 3027 2565 3097 ἐτελεύτησεν
2614 3028 2643 3080 ό
2686 3027 2979 3097 δεξάμενος
3026 3027 3124 3098 τὴν
3174 3028 3425 3098 πληγὴν,
3474 3030 3564 3083 διὰ
3619 3028 3678 3081 τὸ
3724 3027 3792 3097 μὴ

518 3102 645 3168 ἰιοιι
677 3132 795 3169 eum
829 3116 991 3168 etiam
1021 3115 1215 3184 deponi
1265 3123 1518 3184 oportere
1550 3114 1643 3183 qui
1678 3129 1785 3169 uno
1815 3117 1920 3170 ictu
1954 3115 2111 3170 inter-

2216 3118 2469 3177 ἑκούσιον
2529 3114 2672 3172 εἶναι
2723 3120 2867 3187 τάχα
2919 3118 3008 3171 τὸν
3039 3119 3222 3187 φόνον,
3270 3118 3481 3189 ἐπάγει
3544 3120 3573 3172 ὁ
3626 3117 3794 3172 κανὼν

536 3204 744 3259 fecerit.
763 3204 969 3258 Diversi
984 3214 1158 3258 autem
1174 3206 1343 3258 sancti
1368 3204 1550 3259 Basilii
1571 3218 1807 3259 canones
1834 3205 2113 3273 clericum,

534 3296 625 3360 qui
668 3295 1158 3362 qnomodocunque
1208 3292 1566 3359 interfecerit,
1626 3294 1919 3363 deponunt.
1971 3293 2114 3365 Lege

532 3386 695 3439 etiam
725 3385 819 3439 lib.
855 3400 945 3448 ιι,
989 3383 1069 3437 tit.
1100 3382 1193 3450 59,
1223 3399 1343 3451 cap.
1378 3384 1429 3447 l,
1457 3386 1732 3439 decretum
1764 3385 1797 3439 5
1825 3396 1879 3440 et
1907 3401 2026 3455 cap.
2060 3386 2113 3449 5,

534 3480 811 3527 decretum
861 3473 921 3533 2,
962 3482 1018 3528 et
1067 3490 1189 3543 cap.
1251 3474 1341 3538 26,
1380 3472 1413 3528 9
1468 3476 1551 3528 tit.
1580 3476 1882 3542 praesentis
1912 3477 2115 3544 operis.

533 3567 649 3619 illic
695 3567 835 3619 enim
868 3568 983 3620 siue
1027 3576 1153 3620 sunt
1183 3567 1339 3621 dictae
1366 3566 1537 3641 leges.
1590 3565 1849 3621 Similiter
1902 3567 2018 3637 lege
2062 3580 2117 3623 et

533 3657 708 3711 Sancti
746 3656 925 3710 Basilii
968 3673 1093 3713 ean.
1130 3657 1183 3721 8,
1224 3658 1309 3723 11,
1343 3658 1435 3722 45,
1466 3657 1553 3720 54,
1585 3656 1673 3721 55,
1706 3658 1796 3724 56,
1844 3660 1933 3726 57,
1965 3673 2019 3713 et
2052 3676 2113 3714 ca

539 3750 712 3815 inagis
748 3749 1029 3801 considera
1067 3763 1185 3817 qua:
1220 3750 1285 3802 ad
1318 3750 1553 3803 animam
1588 3750 1879 3819 pertinent.
1910 3753 2117 3806 Anima:

533 3844 679 3892 enim
715 3840 936 3893 vulnera
984 3842 1155 3910 magis
1181 3841 1551 3898 ecclesiastica
1584 3860 1744 3914 quant
1777 3845 1918 3899 civili
1953 3860 2113 3899 cura-

535 3934 682 3985 tione
713 3932 973 4003 indigent.

604 4210 858 4268 ΖΟΝΑΒ.
925 4213 1061 4270 Cum
1108 4208 1369 4272 Dominus
1418 4218 1670 4275 omnibus
1734 4220 1995 4290 imperet,
2059 4231 2115 4277 ut

528 4303 694 4357 etiam
720 4303 1009 4359 obvertaut
1042 4306 1316 4363 sinistram
1342 4311 1651 4365 verberanti
1684 4314 1956 4366 maxillam
1989 4312 2115 4366 dex-

2215 3212 2604 3283 καθαιρεῖσθαι
2641 3212 2735 3265 καὶ
2766 3212 2858 3265 τὸν
2885 3210 2973 3264 διὰ
3004 3212 3134 3281 μιᾶς
3183 3210 3397 3279 πληγῆς
3447 3212 3791 3282 φονεύσαντα.

2216 3306 2477 3374 Διάφοροι
2499 3304 2556 3357 δὲ
2591 3304 2818 3367 κανόνες
2857 3302 2951 3357 τοῦ
2990 3303 3149 3371 ἁγίου
3179 3304 3476 3365 Βασιλείου
3508 3306 3598 3359 τὸν
3626 3308 3788 3358 ὁπωσ-

2215 3397 2418 3468 δήποτε
2481 3396 2821 3466 φονεύσαντα
2870 3397 3133 3468 κληρικὺν
3187 3397 3571 3469 καθαιροῦσιν.
3639 3395 3785 3451 Ἀνάο

2214 3490 2386 3559 γνωθι
2417 3491 2511 3545 καὶ
2564 3489 2774 3559 βιϐλίου
2829 3488 2891 3555 ξ’,
2927 3486 3125 3541 rit-100'
3166 3489 3267 3555 10',
3317 3508 3448 3561 κεφ.
3484 3489 3695 3562 α’,θέμα
3718 3492 3782 3555 γ’,

2213 3586 2309 3637 καὶ
2341 3600 2467 3651 κεφ.
2516 3582 2582 3647 ε’,
2614 3583 2757 3652 θέμα
2779 3581 2847 3652 β’,
2886 3584 2981 3637 καὶ
3036 3600 3165 3651 κεφ.
3227 3590 3342 3651 κς’,
3379 3587 3478 3641 τοῦ
3514 3585 3578 3649 θ’,
3614 3584 3783 3637 τίτλον

2213 3677 2309 3733 τοῦ
2340 3676 2608 3747 παρόντος
2669 3676 3077 3745 συντάγματος.
3147 3676 3295 3730 Ἑκεῖ
3335 3677 3449 3751 γὰρ
3480 3673 3782 3746 κατεστρώ-

2216 3768 2390 3840 θησαν
2426 3768 2475 3819 οί
2524 3766 2781 3836 ῥηθέντες
2832 3766 3011 3836 νόμοι.
3067 3767 3344 3829 Ὡσαύτως
3378 3766 3651 3838 ἀνάγνωθι
3694 3763 3783 3817 καὶ

2213 3860 2307 3913 τοῦ
2351 3858 2508 3925 ἁγίου
2541 3857 2825 3910 Βασιλείου
2869 3858 3099 3921 κανόνας
3145 3864 3216 3929 η’,
3253 3857 3343 3923 ια’,
3401 3868 3515 3931 py’,
3565 3859 3653 3922 νϐ’,
3694 3861 3779 3919 νε’,

2215 3957 2325 4015 νςθ,
2355 3951 2451 4015 νζ’,
2484 3952 2577 4004 καὶ
2615 3950 2889 4020 πρόσσχες
2954 3948 3167 4012 τούτοις
3205 3950 3409 4020 μᾶλλον
3434 3953 3559 4006 ὅσον
3605 3952 3667 4003 τὰ
3708 3950 3782 4010 εἰς

2213 4045 2419 4114 ψυχήν.
2444 4043 2525 4096 Τὰ
2559 4043 2670 4113 γὰρ
2689 4041 2902 4111 ψυχικὰ
2930 4041 3226 4113 τραύματα
3265 4041 3429 4097 πλέον
3462 4044 3672 4099 δέονται
3698 4040 3780 4095 θε-

2217 4135 2451 4205 ραπείας
2481 4134 2945 4204 ἐκκλησιαστικῆς
2974 4132 3007 4203 ἢ
3042 4133 3348 4203 πολιτικῆς.

2287 4228 2532 4281 ΖΩΝΛΡ.
2560 4226 2667 4279 Τοῦ
2697 4226 2905 4298 Κυρίου
2935 4226 3012 4296 τῷ
3044 4226 3302 4281 τύπτοντι
3324 4226 3427 4296 τὴν
3456 4228 3636 4293 δεξιὰν
3668 4239 3779 4276 σία-ο

2213 4321 2347 4389 γόνα
2394 4320 2652 4389 στρέφειν
2686 4319 2781 4373 καὶ
2820 4318 2919 4387 τὴν
2946 4318 3245 4390 ἀριστερὰν
3281 4321 3600 4383 κελεύοντος
3631 4318 3775 4376 πᾶσι,

535 4406 672 4450 Iram
706 4398 773 4460 ",
834 4408 884 4449 et
912 4414 1016 4451 non
1046 4399 1359 4454 obsistunt:
1395 4401 1648 4467 clericus,
1683 4406 1771 4471 qui
1802 4407 2110 4473 quempiam

2218 4416 2312 4468 καὶ
2341 4414 2416 4483 μὴ
2442 4413 2851 4482 ἀνταμύνεσθαι
2877 4416 2905 4466 ό
2936 4416 2994 4466 ἐν
3037 4413 3188 4483 μάχῃ
3218 4412 3429 4484 πλήξας
3458 4416 3578 4468 τινὰ
3603 4411 3779 4480 κληρι-

532 4489 861 4555 percusserit
886 4488 938 4544 in
965 4502 1160 4558 pugna,
1188 4491 1232 4543 si
1265 4504 1549 4559 percussus
1577 4491 1867 4557 interierit,
1898 4494 2111 4549 etiamsi

534 4594 642 4633 uno
693 4581 823 4645 ictu,
897 4589 1155 4649 tanquam
1203 4581 1542 4647 temerarius,
1598 4582 1788 4637 ordine
1842 4596 2109 4640 movetur.

497 4670 730 4726 'Laicns
781 4681 960 4725 autem
1017 4673 1118 4727 hoc
1172 4671 1398 4737 iaciens,
1435 4674 1957 4750 excommunicatur.
2010 4675 2111 4730 Pu-

529 4776 689 4831 gnam
716 4774 842 4815 vero
872 4761 1313 4829 contentionem,
1358 4763 1451 4816 sed
1482 4762 1613 4817 nihil
1668 4762 1904 4832 amplius
1950 4777 2108 4835 putes

528 4862 763 4922 Oportet.

533 4945 760 5003 ARIST.
804 4946 1042 5003 Clericus
1071 4950 1335 5005 homicida
1364 4955 1663 5023 deponitur,
1689 4955 1860 5015 laicus
1900 4976 2108 5017 excom-

1157 5060 1469 5103 mumcamr.

603 5201 647 5233 "
681 5199 809 5257 Luc.
840 5218 914 5269 Vl,
942 5202 1032 5258 29.

2220 4506 2338 4572 κὸς,
2359 4504 2454 4558 saw
2479 4505 2506 4560 ὁ
2529 4504 2758 4573 πληγεὶς
2778 4504 3051 4579 ἀποθάνῃ,
3078 4506 3180 4558 κᾶν
3204 4506 3267 4557 ἐκ
3299 4507 3429 4575 μιᾶς
3451 4503 3682 4573 πληγῆς.
3709 4498 3778 4559 ὼς

2218 4597 2500 4671 προπετὴς
2549 4597 2918 4669 καθαιρεῖται.
2972 4597 3177 4663 Λαῖκὺς
3219 4597 3276 4653 δὲ
3328 4599 3489 4651 τοῦτο
3537 4595 3776 4664 ποιήσας,

2216 4690 2560 4763 ἀφορίζεται.
2590 4690 2790 4759 Μάχην
2816 4690 2872 4743 δὲ
2903 4689 3241 4758 φιλονεικίαν
3268 4690 3502 4773 οἰητέον,
3532 4686 3642 4744 ἀλλ’
3665 4681 3779 4751 οὐχὶ

2214 4786 2397 4842 πλέον.

2213 4962 2441 5029 ΔΡῙΣΤ.
2501 4961 2733 5028 Φονεὺς
2786 4961 3073 5029 κληρικὸς
3122 4963 3483 5033 καθαιρεῖται
3511 4978 3526 4995 θ
3580 4957 3776 5021 λαντιιίς

2830 5054 3184 5125 ἀφορίζεται.

1720 5322 1909 5385 Guill.
1954 5326 2277 5406 Beveregii
2323 5336 2508 5392 noue.

604 5434 717 5516 ($5)
749 5434 818 5488 El
851 5451 940 5501 τις
972 5440 1277 5516 κληρικός.
1325 5442 1377 5495 In
1425 5441 1585 5497 Joan.
1631 5444 2101 5501 AntioclieniCol-

531 5504 762 5586 lectione
787 5522 1050 5586 canonum
1075 5504 1156 5586 iit.
1189 5504 1394 5586 40,»liic
1428 5516 1498 5566 ita
1531 5516 1744 5586 legitur,
1778 5516 1938 5579 Εἵτις
1967 5519 2098 5586 κλη-

534 5576 702 5657 ρικξς
726 5578 781 5628 ὲν
814 5578 963 5657 μάχῃ
1009 5580 1133 5657 τινά
1156 5584 1435 5657 ,κρούσας
1465 5585 1556 5635 καὶ
1582 5576 1700 5637 ἀπὸ
1732 5576 2098 5657 ⁷κρούσματᾶς

532 5644 823 5725 αποθάνῃ,
856 5644 1250 5725 καθαιρείσθῴ,
1287 5644 1403 5717 ubi,
1424 5644 1484 5707 ut
1524 5644 1797 5719 videmus;
1846 5644 1943 5710 nec
1971 5644 2092 5711 laici

536 5714 816 5771 homicida:
877 5714 1391 5778 cxcomnmnicandi
1445 5727 1646 5781 mentio
1700 5714 1960 5782 occurrit.
2024 5729 2093 5781 At

2216 5454 2594 5511 Balsamonem
2623 5469 2670 5512 ct
2702 5459 2966 5514 Zonaram
2998 5471 3292 5529 utrumque
3323 5462 3515 5529 legisse
3544 5472 3607 5511 ex
3635 5456 3768 5521 ίβε⁰⁸

2211 5540 2328 5600 rum
2368 5529 2591 5600 scluﬂiis
2623 5533 2902 5591 eluccsciI,
2932 5543 2984 5584 et
3023 5543 3126 5584 tam
3190 5528 3578 5600 I‘larmenopuli
3607 5531 3763 5600 quam

2205 5593 2444 5648 Aristeni
2481 5597 2726 5674 Epitoine
2755 5603 2819 5656 de
2864 5603 3021 5666 laico,
3053 5602 3407 5674 paraplirasis
3458 5592 3682 5655 Arabica
3707 5592 3765 5640 de

2206 5676 2434 5734 lltruquc
2460 5670 2728 5725 meminit.
