4072 6408
373 417 479 483 1-73

1553 414 1634 476 IN
1681 414 1852 476 CAN.
1894 413 2145 476 LXVIII
2189 414 2446 476 APOST.

3534 415 3634 480 174

369 533 523 602 ἔχειν
562 529 662 602 τὴν
719 526 1062 599 βιασθεῖσαν,
1119 526 1214 581 καὶ
1266 525 1342 597 μὴ
1376 525 1682 596 λαμϐάνειν
1732 522 1948 593 ἑτέραν,

2068 520 2221 591 idque
2251 538 2375 580 cum
2408 523 2491 599 lex
2527 520 2673 578 dicat
2702 520 2753 576 in
2781 521 2920 578 libro
2973 537 3039 577 ιι
3066 562 3081 588 ,
3121 523 3201 578 tit.
3233 523 3302 578 57
3332 562 3347 587 ,
3371 539 3490 594 cap.
3541 511 3631 582 8i.

370 627 467 678 xui
485 624 657 677 ταῦτα
682 622 777 676 τοῦ
809 623 974 690 νόμου
1005 620 1258 688 λέγοντος
1280 621 1338 670 ὲν
1365 618 1558 690 βιϐλίῳ
1591 617 1656 684 ξ’,
1677 616 1816 671 τίτλ.
1849 615 1949 681 λζ’,

372 732 501 784 κεφ.
538 721 653 767 πα’.
697 716 758 766 ‘0
791 713 1116 782 βιασάμενος
1155 710 1330 782 ικὸρην
1362 710 1456 763 καὶ
1487 709 1720 779 φθείρας
1757 707 1951 779 αὐτὴν,

372 805 800 876 ρινοκοπείσθω,
825 804 1002 866 διδοὺς
1033 803 1174 872 αὐτῇ
1203 804 1298 856 καὶ
1338 800 1398 854 τὸ
1441 801 1627 872 τρίτον
1669 801 1771 868 τῆς
1820 798 1954 852 ὑπο-

371 897 621 958 στάσεως
679 894 868 949 αὐτοῦ.
906 895 1095 947 Ἔοικε
1161 892 1342 945 τοίνυν
1386 892 1462 954 ὡς
1511 889 1823 954 ἀκολούθως
1874 890 1954 960 τῷ

367 989 544 1057 τρίτῳ
570 1005 694 1055 κεφ.
747 986 839 1040 τοῦ
871 985 972 1049 λζ’,
1007 985 1185 1037 τίτλου
1223 983 1318 1036 τοῦ
1381 980 1423 1050 ξ’
1450 982 1688 1051 βιϐλίου,
1736 982 1816 1052 τῷ
1845 981 1955 1034 διο-

371 1079 647 1149 ριζομένῳ
681 1075 1085 1145 ἀναγκάζεσθαι
1116 1075 1208 1127 τὸν
1245 1073 1385 1145 μετὰ
1437 1073 1713 1143 σώφρονος
1761 1089 1954 1141 γυναι-

371 1170 471 1229 κδς
496 1167 978 1237 παλλακευόμενον
1007 1169 1104 1219 καὶ
1137 1166 1218 1228 είς
1249 1165 1429 1234 γάμου
1473 1164 1761 1219 κοινωνίαν
1817 1164 1954 1234 λαμ-

368 1261 562 1312 ϐάνειν
607 1260 798 1328 αὐτὴν,
847 1258 942 1310 καὶ
991 1257 1081 1310 τὸν
1133 1258 1380 1327 παρόντα
1452 1256 1953 1312 κανόνα·νοεῖσθαι

375 1349 479 1403 καὶ
532 1348 623 1400 διὰ
669 1347 770 1416 τὴν
831 1346 952 1416 βίαν
1009 1344 1109 1415 μὲν
1180 1343 1540 1414 ἀφορίζεσθαι
1591 1349 1682 1398 τὸν
1749 1344 1955 1415 ταύτην

369 1439 873 1510 πλημμελήσαντα,
906 1437 994 1490 διὰ
1019 1437 1077 1490 δὲ
1116 1435 1215 1507 τὴν
1249 1436 1524 1507 σωτηρίαν
1542 1438 1652 1506 ,τῆς
1680 1439 1952 1508 παρθένου

367 1529 788 1599 ἀναγκάζεσθαι
826 1530 990 1582 αὑτὸν
1021 1529 1268 1598 νομικῶς
1321 1528 1494 1598 ταύτῃ
1554 1529 1950 1587 συνάπτεσθαι.

380 1621 688 1688 ’Λνάγνωθι
723 1621 816 1674 καὶ
845 1622 937 1674 τοῦ
974 1622 1242 1688 παρόντος
1275 1620 1654 1690 συντάγματος
1676 1621 1852 1674 τίτλον
1883 1620 1951 1690 θ’,

376 1731 509 1782 κεφ.
544 1713 589 1765 λ’
619 1714 714 1765 καὶ
767 1713 836 1765 τὰ
865 1713 921 1764 ὲν
955 1711 1126 1782 αὐτῷ.
1175 1711 1282 1764 Καὶ
1321 1710 1530 1780 βιϐλίου
1564 1713 1674 1766 τῶν
1735 1715 1955 1768 Βασιλι-

373 1804 490 1857 κῶν
524 1801 585 1867 ξ’,
615 1803 792 1856 τίτλον
852 1809 954 1873 νη’,
987 1820 1112 1871 κεφ.
1157 1800 1206 1871 γ’
1239 1803 1396 1872 λέγον
1421 1820 1434 1834 ο
1483 1805 1575 1875 Μὴ
1606 1807 1890 1875 γαμείσθω
1918 1808 1951 1877 ἡ
1982 1855 2027 1912 Β

372 1897 692 1965 ἁρπαγεῖσα
725 1894 801 1963 τῷ
822 1893 1128 1962 άρπάζοντι
1160 1895 1356 1964 αὐτήν·
1395 1895 1531 1948 ἀλλὰ
1570 1897 1664 1949 καὶ⁵
1691 1899 1738 1950 εί
1768 1914 1954 1952 συναι-

372 1988 592 2041 νέσουσι
617 1988 695 2057 τῷ
725 1978 1046 2057 συνοικεσίῳ
1085 1988 1134 2038 οἱ
1163 1990 1339 2055 γονεῖς
1371 1988 1565 2057 αὐτῆς,
1615 1991 1958 2060 περιορίζον-

375 2095 490 2132 ut.
536 2077 649 2131 Καὶ
707 2077 782 2147 μὴ
834 2077 1132 2148 ἐναντιωθῇ
1191 2093 1296 2131 σοι.
1377 2079 1585 2142 Ἀλλως
1634 2080 1745 2150 γὰρ
1794 2082 1958 2134 κολά-

381 2171 542 2236 ζεται
585 2173 614 2225 ὁ
655 2170 912 2240 ἀρπάσας
967 2169 1160 2240 κόρην,
1194 2171 1288 2224 καὶ
1334 2170 1516 2235 ἄλλως
1563 2173 1590 2225 ὁ
1638 2174 1782 2228 κατὰ
1834 2173 1958 2244 βίαν

363 2263 610 2332 ’φθείρας
636 2261 932 2332 παρθένον.
960 2263 1069 2315 Καὶ
1102 2263 1132 2332 ή
1172 2263 1269 2332 μὲν
1304 2264 1534 2332 ἁρπαγὴ
1563 2262 1652 2316 διὰ
1676 2264 1777 2333 τὴν
1809 2265 1962 2318 ἀναί-

375 2354 526 2406 δειαν
551 2350 644 2404 τοῦ
681 2353 1033 2422 ἁρπάσαντος
1054 2351 1114 2403 οὐ
1163 2351 1620 2418 συγγινώσκεται’
1663 2354 1696 2423 ἡ
1735 2353 1792 2406 δὲ
1820 2356 1964 2409 κατά

379 2441 507 2511 βίαν
537 2443 809 2511 γενομένη
857 2439 1057 2508 φθορὰ,
1089 2441 1182 2494 ἐὰν
1216 2440 1324 2493 ὑπὸ
1367 2442 1468 2511 τῆς
1503 2441 1820 2514 βιασθείσης
1861 2462 1966 2498 κα-

377 2532 720 2602 ταδέχηται,
802 2531 1262 2599 συγγινώσκεται.
1345 2532 1404 2587 '0
1455 2535 1636 2604 μέντοι
1708 2537 1964 2608 παρθένῳ

380 2625 679 2693 συναφθεὶς
731 2626 873 2678 κατὰ
951 2625 1176 2696 γνώμην
1247 2625 1460 2698 ἐκείνης
1503 2629 1758 2700 έτεροῖως
1795 2647 1968 2700 τιμω-

379 2720 582 2786 ρεῖται.
621 2716 760 2786 Φησὶ
790 2716 900 2786 γὰρ
951 2718 980 2768 ὁ
1026 2717 1193 2786 νόμος
1239 2719 1296 2771 ἐν
1351 2717 1540 2790 βιϐλίῳ
1589 2719 1650 2785 ξ’,
1673 2720 1838 2790 τίτλῳ
1864 2722 1964 2788 λζ’,

377 2824 511 2876 κεφ.
557 2805 616 2860 π’
639 2824 651 2838 ⁸
697 2807 758 2860 Ὅ
787 2807 1044 2880 παρθένῳ
1069 2810 1208 2880 κόρῃ
1238 2810 1570 2879 μιγνύμενος
1597 2812 1811 2882 ἐκείνης
1867 2813 1968 2884 μὲν

389 2899 744 2968 προαιρέσει,
791 2898 1135 2966 ἀγνοούντων
1175 2900 1232 2953 δὲ
1259 2901 1368 2954 τῶν
1417 2904 1642 2970 γονέων,
1677 2906 1778 2975 τῆς
1830 2907 1971 2976 πρά.

383 2992 526 3056 ξεως
555 2991 1091 3061 διαγινωσκομένης,
1139 2994 1187 3045 εί
1239 2993 1357 3063 μὲν,
1389 2993 1533 3048 θέλει
1564 2998 1758 3068 ,αὐτὴν
1785 2999 1974 3054 λαϐεῖν

378 3082 462 3142 εἰς
490 3082 754 3148 γυναῖκα,
799 3082 898 3133 καὶ
949 3081 1267 3155 συναινοῦσι
1293 3086 1387 3136 καὶ
1419 3087 1467 3137 oi
1498 3088 1700 3154 γονεῖς,
1734 3089 1972 3155 γινέσθω

2055 615 2156 681 Qui
2183 615 2374 686 puellae
2407 616 2514 670 vim
2545 615 2726 680 aliert,
2750 625 2806 672 et
2845 630 2964 670 eam
3013 617 3334 684 corrumpit,
3380 618 3430 672 ei
3476 633 3638 674 nares

2056 707 2462 770 abscinduntur,
2481 717 2535 762 et
2559 709 2647 762 det
2666 707 2714 762 ei
2738 707 2899 762 etiam
2927 709 3142 763 tertiam
3165 717 3372 774 partem
3408 722 3634 764 suarum

2058 795 2399 851 facultatum.
2443 797 2660 852 Videtur
2695 812 2823 866 ergo
2857 797 2946 851 hic
3002 812 3217 868 quoque
3256 813 3436 853 canon
3476 798 3643 867 intei._.

2055 888 2144 958 ligi
2175 889 2612 945 convenienter5
2637 889 2796 958 cap‘iti
2829 890 2895 944 37
2921 889 3003 943 tit.
3027 891 3096 944 60
3129 891 3270 950 libri,
3299 881 3634 958 decernenti,

2055 995 2176 1034 eum
2209 982 2300 1050 qui
2338 997 2458 1035 cum
2482 982 2792 1036 continente
2818 982 3042 1036 muliere
3099 997 3212 1037 rem
3271 983 3433 1036 habet
3462 1022 3477 1048 ,
3513 997 3633 1038 eam

2056 1073 2108 1126 in
2139 1073 2470 1127 matrimonii
2509 1075 2820 1128 societatem
2852 1075 3099 1144 accipere
3129 1093 3142 1130 :
3181 1082 3234 1129 ct
3264 1083 3486 1144 propter
3517 1075 3626 1130 vim

2054 1164 2297 1233 quidem,
2324 1166 2594 1236 segregari
2626 1181 2746 1244 eum
2781 1167 2872 1236 qui
2903 1166 2955 1220 in
2979 1168 3138 1221 istam
3194 1169 3475 1236 peccavit,
3511 1182 3640 1235 pro-

2055 1263 2180 1322 pter
2210 1255 2435 1323 virginis
2465 1264 2642 1311 autem
2674 1255 2900 1312 salutem
2936 1256 3052 1326 cogi
3091 1255 3264 1325 ipsmn
3299 1257 3346 1312 ei
3396 1257 3639 1325 legitime

2056 1344 2319 1414 cepulari.
2352 1344 2494 1416 Lege
2529 1357 2584 1402 et
2614 1349 2900 1416 praesentis
2927 1348 3104 1418 Operis
3134 1349 3216 1404 tit.
3249 1347 3282 1402 9
3309 1388 3324 1413 ,
3372 1363 3494 1419 cap.
3544 1347 3637 1412 30,

2055 1446 2111 1492 et
2133 1451 2253 1506 quae
2283 1438 2334 1492 in
2362 1453 2426 1492 eo
2457 1449 2603 1503 sunt,
2637 1449 2687 1494 et
2722 1440 2915 1494 librum
2970 1440 3191 1496 Basilic.
3241 1457 3309 1495 ιιι
3344 1482 3359 1508 ,
3395 1443 3476 1495 tit.
3527 1441 3595 1495 58
3622 1480 3638 1506 ,

2056 1547 2178 1602 cap.
2211 1533 2247 1588 5
2279 1533 2544 1588 dicentem
2580 1549 2596 1586 :
2627 1531 2706 1588 Ne
2733 1535 2898 1588 nubat
2953 1540 3105 1603 rapta
3137 1538 3185 1588 ei
3228 1533 3318 1602 qui
3375 1527 3494 1587 eam
3549 1549 3641 1587 ra-

2057 1623 2173 1695 puit
2210 1623 2350 1678 :sed
2409 1623 2453 1678 si
2502 1621 2594 1677 tali
2649 1624 2978 1678 matrimonii
3015 1625 3220 1692 cepulze
3264 1625 3641 1680 consenserint

2055 1716 2176 1786 ejus
2207 1722 2481 1782 parentes,
2523 1713 2634 1786 44
2665 1715 3114 1770 exterminantur.
3148 1714 3216 1769 Et
3267 1731 3333 1770 ne
3363 1717 3641 1772 contraria

2056 1805 2476 1861 existimaveris.
2509 1806 2682 1860 Aliter
2704 1806 2846 1860 enim
2884 1807 3104 1876 punitur
3132 1807 3224 1876 qui
3261 1807 3493 1875 puellam
3544 1823 3635 1862 ra-

2059 1899 2194 1967 puit,
2226 1898 2380 1954 aliter
2406 1898 2496 1966 qui
2532 1897 2582 1952 vi
2611 1897 2803 1967 virgini
2842 1897 3032 1952 vitium
3086 1899 3285 1954 attulit.
3340 1900 3404 1954 Et
3457 1910 3646 1969 raptus

2058 1993 2278 2063 quidem
2311 2001 2531 2060 propter
2558 1990 2678 2058 ejus
2705 1990 2796 2061 qui
2829 1990 3008 2061 rapuit
3046 1991 3433 2061 impudentiam
3462 2031 3478 2057 ,
3535 2007 3645 2047 non

2059 2083 2424 2138 contionatur.
2453 2080 2560 2136 Per
2579 2081 2686 2136 vim
2713 2090 2892 2138 autem
2924 2083 3188 2152 stupratio
3211 2122 3228 2147 ,
3265 2083 3313 2136 si
3358 2082 3424 2136 ab
3454 2096 3518 2137 ea
3553 2089 3646 2146 cui

2060 2174 2140 2229 vis
2169 2174 2330 2228 allata
2361 2182 2468 2240 est,
2497 2172 2849 2243 suscipiatur,
2879 2171 3189 2228 remittitur.
3236 2172 3342 2228 Sed
3370 2174 3462 2243 qui
3495 2172 3644 2226 illius

2061 2266 2339 2321 voluntate
2369 2280 2490 2319 cum
2527 2264 2733 2334 virgine
2785 2277 3109 2334 congressus
3151 2271 3274 2330 est,
3329 2264 3436 2318 alio
3485 2261 3647 2319 modo

2065 2355 2304 2425 punitur.
2335 2353 2424 2408 Ait
2449 2353 2591 2410 enim
2618 2353 2775 2408 lexin
2807 2352 2944 2408 libro
2973 2369 3038 2408 1.x
3065 2393 3080 2418 ,
3112 2355 3196 2408 tit.
3235 2354 3327 2418 57,
3379 2369 3495 2422 cap.
3528 2352 3598 2407 80
3628 2370 3642 2406 :

2065 2449 2167 2515 Qui
2198 2463 2321 2502 cum
2353 2447 2562 2517 virgine
2600 2447 2774 2516 puella
2801 2446 2951 2511 coiit,
3004 2445 3148 2501 illius
3190 2447 3406 2516 quidem
3460 2446 3649 2500 volun-

2069 2550 2198 2604 tate,
2226 2537 2540 2607 parentibus
2565 2546 2744 2591 autem
2782 2535 3179 2606 ignorantibus,
3210 2549 3269 2590 re
3323 2535 3562 2605 cognita,
3598 2535 3648 2590 si

2066 2646 2182 2686 eam
2207 2629 2422 2698 quidem
2456 2630 2508 2682 in
2539 2641 2762 2682 uxorem
2800 2625 2999 2681 habere
3023 2625 3276 2691 voluerit,
3300 2635 3356 2680 et
3389 2633 3649 2694 parentes

2068 2721 2451 2785 consentiant,
2505 2719 2596 2772 tiat
2659 2726 2992 2772 contractus.
3057 2715 3116 2772 Si
3160 2726 3338 2771 autem
3373 2731 3480 2771 una
3525 2732 3650 2786 pars

2068 2825 2377 2886 parentum,
2407 2813 2458 2866 id
2498 2820 2580 2865 est
2612 2809 2872 2863 utriusvis
2923 2822 3165 2876 persona:
3192 2845 3208 2871 ,
3252 2809 3378 2887 non"
3401 2807 3552 2872 velit,
3601 2807 3650 2860 si

2072 2909 2221 2964 dives
2251 2904 2463 2976 quidem
2495 2909 2578 2957 est
2609 2900 2702 2969 qui
2730 2898 2922 2952 vitium
2957 2900 3177 2962 attulit,
3216 2898 3428 2953 violata:
3459 2897 3653 2968 puellae

2074 3002 2164 3056 det
2192 3013 2351 3053 unam
2381 2995 2498 3050 auri
2531 2994 2746 3048 libram.
2785 2989 2880 3044 Sin
2915 2998 3094 3044 autem
3125 2990 3196 3044 sit
3220 2990 3500 3059 egentior,
3531 3002 3654 3043 sua-

2077 3106 2194 3147 rum
2227 3088 2539 3144 facultatum
2571 3083 2864 3141 dimidium.
2891 3100 2905 3134 ε
2935 3082 3029 3136 sed
3059 3081 3104 3135 si
3161 3082 3216 3134 in
3269 3089 3514 3135 extrema
3578 3080 3652 3134 sit

373 3169 441 3221 τὸ
470 3170 856 3238 συνάλλαγμα·
880 3175 930 3224 εί
949 3148 1007 3225 δὲ
1038 3171 1097 3224 ἓν
1115 3171 1278 3242 μέρος
1307 3173 1415 3225 τῶν
1435 3148 1668 3242 γονέων,
1686 3148 1966 3238 τουτέστιν

2078 3189 2416 3256 paupertate,
2445 3176 2763 3231 verberatus
2787 3181 2843 3227 et
2865 3180 3052 3226 tonsus
3084 3171 3497 3226 exterminetur.

373 3267 650 3338 ἑκατέρου
709 3269 1025 3337 προσώπου,
1084 3270 1144 3322 οὐ
1207 3270 1448 3344 θελήσει,
1478 3275 1529 3327 εἰ
1571 3277 1672 3346 μὲν
1720 3277 1955 3353 εὔπορός
2005 3289 2157 3341 ἐστιν
2213 3277 2521 3352 ἀφθορεὺς,
2562 3276 2629 3344 τῇ
2689 3271 2959 3341 φθαρείσῃ
3026 3267 3216 3322 διδότω
3297 3270 3520 3339 χρυσίου
3571 3267 3656 3321 λί-

375 3381 517 3434 τραν
590 3365 739 3434 μίανο
806 3367 855 3418 εί
901 3365 960 3418 δὲ
1011 3366 1350 3437 ἐνδεέστερος
1381 3371 1492 3440 εἴη,
1545 3373 1608 3426 τὸ
1654 3375 1827 3444 ἥμισυ
1879 3381 1980 3451 τῆς
2005 3381 2357 3439 ὑποστάσεως
2401 3371 2589 3427 αὐτοῦ.
2647 3369 2709 3421 ΕΞ
2751 3367 2811 3420 δὲ
2865 3363 3146 3429 παντελῶς
3198 3365 3283 3435 εἴη
3329 3362 3654 3435 ἀνεύπορος,

374 3460 718 3528 τυπτόμενος
768 3463 863 3515 καὶ
891 3464 1303 3534 κουρευόμενος,
1350 3467 1697 3538 ἐξοριζέσθω.

452 3557 698 3610 ΖΩΝΑΡ.
742 3555 800 3610 Ὀ
830 3558 1099 3628 παρθένον
1131 3559 1362 3631 φθείρας
1398 3562 1513 3633 βίᾳ,
1550 3566 1598 3618 εἰ
1627 3568 1726 3637 μὲν
1761 3587 1971 3644 μεμνη..

378 3651 694 3718 στευμένην
743 3650 876 3716 τινὶ,
922 3650 997 3711 ὼς
1029 3652 1217 3721 μοιχὸς
1257 3659 1602 3726 τιμωρεῖται·
1629 3660 1678 3711 εί
1706 3661 1761 3712 δὲ
1794 3663 1971 3734 ἀμνή-

378 3759 637 3805 στευτον,
705 3741 859 3811 παρὰ
893 3741 991 3812 μὲν
1016 3742 1110 3795 τοῦ
1163 3745 1388 3810 κανόνος
1440 3749 1586 3818 ἔχειν
1643 3752 1838 3824 αὐτὴν,
1875 3757 1974 3808 καὶ¹

384 3834 463 3903 μὴ
526 3832 885 3902 ἀποπέμπειν
945 3833 1208 3903 ὁρίζεται,
1267 3838 1371 3892 κᾶν
1409 3843 1644 3912 πενιχρά
1695 3843 1819 3915 εἴη,
1877 3848 1974 3900 καὶ

385 3925 594 3990 ἀναξία,
619 3925 754 3988 ἴσως
785 3925 1019 3979 ἐκείνου.
1067 3929 1225 4000 Παρὰ
1253 3930 1308 3981 δὲ
1339 3931 1436 3984 τοῦ
1493 3934 1776 3990 πολιτικοῦ
1803 3938 1970 4010 νόμου

393 4015 562 4075 άλλως
595 4019 952 4087 τιμωρεῖται.

391 4108 610 4162 ΑΡΙΣΤ.
663 4110 717 4160 '0
758 4109 1137 4179 βιασάμενος
1171 4112 1358 4181 κόρην
1381 4114 1803 4186 ἀφοριζόμενος
1832 4135 1972 4174 κατ-

505 4199 712 4268 εχέτω,
769 4201 868 4254 καὶ
917 4201 1147 4270 ἅπορον
1177 4204 1373 4274 αὐτὴν
1417 4206 1842 4276 ὑπάρχουσαν.

469 4290 529 4342 '0
553 4290 886 4359 βιασάμενος
939 4291 1210 4361 παρθένον
1265 4295 1662 4366 άμνήστευτον,
1702 4301 1798 4353 καὶ
1834 4317 1973 4371 συμ-

380 4379 627 4448 φθαρεὶς
674 4382 836 4451 αὐτῇ,
899 4381 1270 4451 ἀφοριζέσθω,
1338 4384 1414 4456 μὴ
1466 4385 1673 4450 ἐξέστω
1731 4388 1788 4441 δὲ
1823 4390 1974 4460 αὐτῷ

380 4472 588 4542 ἑτέραν
617 4472 828 4538 λαϐεῖν,
860 4473 978 4526 ἀλλ’
1016 4476 1231 4544 ἐκείνην
1267 4477 1524 4546 κατέχειν
1557 4480 1622 4549 ἢν
1657 4481 1973 4551 ᾑρετίσατο,

380 4563 492 4614 κᾶν
545 4565 783 4634 πενιχρὰ
822 4565 1089 4634 τυγχάνῃ.
1147 4566 1213 4618 Ἠ
1250 4566 1306 4619 δὲ
1355 4567 1518 4639 ὀγδόη
1578 4571 1826 4636 διάταξις
1860 4574 1975 4644 ὴὲν

2150 3564 2406 3625 ZONAR.
2441 3561 2540 3627 Qui
2570 3557 2826 3627 virginem
2854 3554 2906 3608 vi
2935 3554 3196 3622 corrupit,
3224 3552 3269 3607 si
3299 3552 3515 3622 quidem
3541 3551 3656 3622 jam

2077 3663 2237 3720 alicui
2271 3661 2617 3727 desponsam,
2653 3649 2822 3704 veluti
2862 3649 3106 3703 moechus
3141 3647 3361 3716 punitur
3393 3666 3406 3700 :
3440 3648 3520 3703 sin
3549 3664 3658 3704 non

2077 3757 2424 3825 desponsam,
2464 3759 2636 3801 canon
2668 3740 2854 3797 deﬁnit
2901 3739 3046 3794 hunc
3127 3739 3326 3792 habere
3363 3738 3506 3793 illam
3563 3741 3660 3794 de-

2077 3848 2226 3912 bere,
2262 3858 2365 3899 nec
2394 3854 2514 3896 eam
2578 3835 2804 3904 rejicere
2847 3847 3030 3903 posse,
3071 3830 3284 3886 tametsi
3332 3835 3660 3902 paupercula

2076 3937 2236 3998 foret,
2289 3933 2489 4000 illoque
2548 3924 2794 3982 fortassis
2849 3923 3089 3993 indigna.
3121 3922 3276 3978 Civili
3334 3933 3511 3978 autem
3541 3924 3661 3994 iege

2075 4029 2234 4080 aliter
2263 4024 2501 4094 punitur.

2073 4115 2297 4174 ARIST.
2324 4115 2429 4182 Qui
2468 4112 2655 4180 puellae
2703 4113 2805 4166 vim
2849 4109 3107 4174 attulerit,
3137 4108 3658 4175 excommunicatus,

2424 4205 2610 4258 habeat
2637 4215 2682 4257 et
2709 4218 2823 4256 eam
2851 4201 2966 4254 licet
2995 4215 3296 4270 pauperem.

2139 4300 2244 4368 Qui
2279 4297 2473 4367 virgini
2513 4310 2619 4348 non
2673 4295 2952 4363 desponsa:
2993 4292 3100 4345 vim
3133 4291 3396 4358 attulerit,
3433 4305 3664 4362 eamque

2073 4385 2966 4454 violaverit,excommunicetur,
3025 4399 3096 4438 ne
3155 4383 3316 4439 liceat
3366 4392 3546 4438 autent
3605 4386 3659 4440 ei

2073 4483 2233 4537 aliam
2267 4479 2534 4547 accipere,
2572 4476 2665 4531 sed
2690 4489 2807 4529 eam
2830 4475 3030 4530 habere
3063 4489 3224 4543 quam
3247 4473 3430 4543 elegit,
3462 4489 3658 4544 quam-

2078 4575 2160 4627 vis
2189 4569 2511 4641 paupercula
2554 4567 2644 4622 sit.
2675 4566 2876 4620 Octava
2906 4573 3084 4618 autem
3137 4565 3456 4621 constitutio
3497 4566 3554 4621 in
3594 4565 3664 4622 78

379 4655 470 4723 τῷ
527 4653 611 4724 οη⁹
675 4656 958 4726 κεφαλαίῳ
1013 4656 1108 4709 τοῦ
1163 4644 1240 4722 λζ’
1292 4659 1473 4713 τίτλου
1529 4661 1623 4713 τοῦ
1684 4667 1728 4730 ξ’
1767 4663 1966 4734 βιϐλίου

2079 4665 2278 4734 capite,
2303 4663 2368 4718 57
2391 4663 2475 4716 tit.
2503 4675 2569 4714 ιιι
2599 4658 2692 4712 lib.
2723 4657 3076 4712 Basilicorum
3107 4657 3304 4726 posita,
3331 4657 3524 4711 statuit
3555 4655 3655 4713 tali

378 4747 499 4798 τῶν
531 4745 841 4800 Βασιλικῶν
900 4749 1127 4818 κειμένη
1188 4751 1523 4821 προστάττει
1595 4753 1686 4805 τὸν
1727 4754 1972 4809 τοιοῦτον

384 4837 842 4908 ῥινοκοπεῖσθαι,
895 4841 990 4893 καὶ
1049 4841 1109 4893 τὸ
1165 4841 1352 4909 τρίτον
1400 4842 1504 4912 τῆς
1559 4844 1749 4908 οὐσίας
1791 4846 1973 4899 αὑτοῦ

381 4929 594 4983 διδόναι
623 4933 689 5001 τῇ
717 4933 849 5000 παρ’
880 4932 1046 4984 αὑτοῦ
1077 4933 1364 5005 βιασθείσῃ
1386 4933 1482 4987 καὶ
1512 4934 1786 5008 φθαρείσῃ
1817 4937 1976 5008 κόρῃ.

996 5023 1234 5076 ΚΑΝΩΝ
1268 5023 1394 5077 EH’.

385 5111 461 5163 EI
518 5127 610 5176 τις
663 5111 1001 5176 ἐπίσκοπος
1055 5112 1094 5180 ἢ
1155 5115 1566 5182 πρεσϐύτερος
1603 5117 1642 5184 ἢ
1691 5116 1981 5183 διάκονος

459 5202 754 5272 δευτέραν
784 5205 1162 5274 χειροτονίαν
1203 5205 1438 5271 δέξεται
1479 5208 1556 5279 (5)
1587 5209 1746 5278 παρὰ
1793 5227 1976 5276 τινος,

2081 4771 2272 4810 nasum
2296 4767 2416 4808 esse
2453 4750 2865 4820 amputandum,
2909 4757 2964 4802 et
3017 4748 3234 4802 tertiam
3286 4757 3494 4816 partem
3544 4750 3666 4806 sub.

2081 4846 2295 4901 stantia:
2347 4842 2465 4910 eius
2513 4840 2742 4893 dandam
2801 4836 2991 4907 puellae
3061 4839 3129 4891 ab
3179 4839 3294 4907 ipso
3355 4838 3567 4896 violatae
3611 4852 3665 4897 et

2080 4943 2368 5002 corruptm.
3689 4921 3698 4977 ὲ

2611 5020 2843 5076 CANON
2894 5019 3124 5076 LXVIII.

2087 5117 2148 5173 Si
2175 5116 2291 5187 quis
2323 5117 2612 5184 cpiscopus,
2640 5115 2715 5168 vel
2744 5122 3029 5182 presbyter,
3075 5113 3154 5168 vel
3183 5116 3437 5170 diaconus
3473 5134 3663 5173 secun-

2163 5210 2289 5264 dam
2316 5209 2699 5262 ordinatione»:
2730 5207 2793 5259 ab
2821 5207 2998 5276 aliqua
3023 5209 3325 5278 susceperit,
3353 5211 3664 5278 deponatur,

1619 5350 1820 5413 Guill.
1865 5353 2193 5428 Beveregn
2225 5354 2414 5410 notua.

456 5471 534 5539 (ὃ)
574 5467 878 5540 Δευτέραν
910 5468 1310 5540 χειροτονίανΔ
1335 5466 1592 5533 δέξεται.
1631 5470 1970 5540 Cyprianus,

388 5537 533 5595 Nam
567 5539 889 5604 baptismum
931 5539 1086 5606 repeti
1131 5537 1498 5592 ecclesiastica:
1555 5537 1830 5605 proliibent
1884 5559 1973 5595 re-

385 5611 544 5681 gulae,
575 5621 628 5662 et.
685 5611 851 5660 semet
901 5608 1248 5681 sancti/ibatis
1284 5608 1436 5681 nulla
1487 5611 1729 5681 dein_t:_eps
1785 5627 1976 5664 manus

386 5677 577 5735 iterum
607 5694 922 5731 consecrans
975 5680 1247 5746 prmsumit
1280 5679 1546 5731 accedere.
1593 5677 1760 5734 Nemo
1796 5698 1976 5736 sacros

386 5755 604 5805 ordines
664 5747 1026 5819 semeldatos
1082 5749 1269 5802 iterum
1318 5760 1554 5819 renouat.
1592 5751 1846 5819 Cyprian.
1906 5751 1979 5804 De

380 5823 548 5876 abhu,
581 5821 728 5885 βαίη
751 5834 779 5887 ιν
833 5817 964 5883 2'50,
992 5818 1029 5870 Ι.
1065 5833 1240 5886 xxvn,
1269 5818 1396 5873 edit.
1419 5817 1791 5876 Manut.Siaut
1823 5822 1980 5886 semei

2087 5471 2385 5539 baptizatus
2413 5468 2605 5521 iterum
2634 5467 2894 5534 baptizari
2931 5483 3034 5539 non
3083 5467 3251 5528 debet,
3297 5466 3381 5539 δὶς
3411 5475 3458 5520 et
3505 5467 3664 5522 semei

2088 5533 2423 5594 consecratus
2455 5539 2647 5591 iterum
2679 5533 2976 5590 eonsecrari
3011 5553 3112 5590 non
3133 5545 3320 5603 potest.
3344 5533 3665 5605 Greg.apu-.l

2088 5610 2338 5666 Gratian.
2375 5609 2616 5662 distinct.
2649 5605 2740 5671 68,
2780 5622 2900 5676 cap.
2936 5622 2974 5662 ι.
3000 5605 3126 5660 llaec
3173 5614 3352 5659 autem
3391 5603 3663 5661 ita—intel-

2090 5679 2310 5749 ligenda
2373 5687 2520 5741 sunt,
2574 5688 2630 5749 ut
2686 5676 2730 5730 is
2781 5677 2956 5749 denuo
3007 5678 3074 5749 ad
3124 5681 3368 5729 eumdem
3418 5677 3665 5732 ordinem

2089 5745 2405 5803 consecrari
2425 5747 2760 5815 nonZdebeat,
2779 5745 2871 5814 qui
2897 5748 2965 5800 ab
2985 5746 3165 5814 aliquo
3191 5755 3542 5801 consecratus
3559 5757 3664 5811 est,

2089 5834 2251 5888 quem
2300 5817 2386 5888 jus
2443 5817 2798 5873 consecrandi
2845 5817 3101 5872 habuisse
3142 5823 3350 5871 certum
3397 5825 3514 5883 est;
3572 5818 3665 5885 qui
