4072 6422
398 343 500 406 179

1648 341 1927 402 ΤΗΕΟΙ).
1973 342 2064 402 BA
2074 341 2376 404 LSAMON

3548 336 3648 401 180

395 454 566 523 ceptis
603 453 669 508 iis
703 454 769 510 de
799 455 998 525 quibus
1057 456 1215 511 verba
1270 467 1396 510 ante
1446 457 1704 526 facimus)
1760 458 1963 512 etiamsi

2083 457 2306 528 σκευὴν,
2333 458 2464 511 ἄνευ
2496 451 2572 510 ὧν
2595 456 2898 527 εἰρήκαμεν
2932 453 3264 526 ἔμπροσθεν,
3301 452 3404 506 κᾶν
3433 453 3501 505 τὰ
3537 453 3617 504 λοί
3637 483 3649 496 -

395 559 700 602 extremum
735 548 984 616 spiritum
1019 557 1163 618 agat.
1207 547 1474 604 Similiter
1518 549 1708 618 excipe
1743 549 1874 604 mihi
1914 558 1970 603 et

397 653 466 693 ex
539 638 993 708 Quadragesima,
1056 639 1315 706 Sabbata,
1371 649 1427 696 et
1470 639 1586 696 dies
1636 641 1968 696 Dominicos.

394 730 530 784 Nam
563 739 617 784 et
651 731 704 784 in
755 731 837 785 his
883 731 1049 784 etiam
1104 731 1376 804 jujunium
1423 733 1705 797 solvimus,
1747 742 1804 788 ut
1861 733 1976 786 vult

398 823 726 892 apostolicus
757 837 931 876 canon
966 824 1055 878 66.
1087 825 1224 880 Nota
1256 836 1310 881 et
1341 842 1404 880 ex
1458 828 1562 882 hoc
1593 829 1844 896 praesenti
1879 843 1974 882 ca-

397 928 540 968 none
579 914 797 982 proprie
839 931 1006 969 unum
1038 932 1158 972 esse
1185 917 1450 987 jejunium
1507 920 1975 990 quadragesimale

395 1003 637 1059 Pasrhzc.
675 1005 731 1059 Si
757 1007 902 1061 enim
935 1017 1123 1062 essent
1149 1020 1201 1064 et
1230 1009 1355 1075 alia,
1389 1025 1576 1066 eorum
1611 1028 1784 1069 canon
1822 1028 1970 1083 quo-

397 1111 503 1165 que
537 1098 898 1154 meminisset.
936 1098 1041 1154 Sed
1073 1101 1208 1157 etsi
1238 1103 1288 1156 in
1329 1104 1453 1158 aliis
1511 1104 1707 1173 jejunii
1757 1109 1971 1174 diebus,

398 1191 609 1246 scilicet
647 1203 963 1248 sanctorum
995 1198 1388 1264 apostolorum,
1439 1198 1796 1256 Dormitionis
1845 1219 1974 1257 san-

397 1280 658 1337 ctissima:
681 1283 947 1352 Dciparaa,
979 1298 1032 1340 et
1058 1285 1266 1342 Natalis
1287 1288 1970 1361 Christi,jejunaverimus,

397 1373 606 1440 pudore
635 1389 740 1428 non
777 1375 1094 1432 amciemur.
1127 1378 1266 1448 Lege
1286 1388 1340 1433 et
1366 1394 1484 1449 qua:
1515 1397 1542 1435 a
1569 1383 1728 1439 nobis
1771 1386 1970 1455 scripta

397 1473 526 1517 sunt
605 1465 660 1518 in
735 1469 946 1522 tertiam
1008 1469 1486 1538 interrogationem
1558 1476 1969 1543 responsionum

397 1552 736 1621 synodalium
771 1556 1036 1610 factarum
1072 1559 1123 1611 in
1175 1559 1364 1615 diebus
1413 1563 1739 1631 patriarchae
1767 1564 1970 1620 domini

391 1641 622 1700 Nicolai.
1491 1663 1498 1670 '

468 1825 722 1884 ZONAR.
762 1828 923 1887 Omni
959 1835 1116 1889 modo
1151 1851 1324 1891 canon
1370 1839 1621 1908 requirit,
1675 1848 1735 1893 ut
1782 1839 1967 1894 fideles

397 1927 558 1986 agant
590 1918 644 1973 in
668 1919 878 1990 jejunio
913 1934 1155 1980 sanctam
1202 1925 1425 1982 Pascha:
1462 1926 1966 1998 Quadragesimam,

396 2016 450 2062 et
485 2010 914 2082 uniuscujusque
943 2025 1262 2072 caaterarum
1307 2018 1770 2074 hebdomadarum
1821 2021 1964 2076 diem

393 2109 673 2168 quartum,
710 2115 870 2174 atque
905 2107 1237 2164 Parasceven
1278 2130 1290 2164 :
1330 2111 1430 2165 nisi
1460 2113 1580 2182 quis
1613 2113 1682 2167 ob
1710 2114 1962 2171 imbecil-

393 2188 601 2247 litatem
631 2196 1149 2267 corporisjejunare
1179 2215 1282 2254 non
1321 2203 1507 2270 possit.
1539 2201 1671 2256 Nam
1701 2205 1963 2273 jejunium

391 2278 494 2335 fuit
522 2281 913 2351 introductum,
973 2289 1036 2344 ad
1081 2291 1511 2346 hutniliationem
1568 2296 1770 2351 carnis.
1816 2296 1968 2363 Quod

389 2372 436 2426 si
469 2388 596 2428 caro
626 2379 837 2444 morbo,
873 2381 958 2435 vel
997 2383 1177 2451 aliqua
1215 2384 1317 2437 alia
1369 2370 1687 2442 inﬁrmitate
1735 2390 1964 2456 laboret,

391 2461 480 2518 illa
512 2480 576 2520 ex
605 2466 810 2536 jejunio
844 2471 1150 2528 humiliatio
1182 2489 1284 2530 non
1310 2486 1394 2530 est
1429 2481 1760 2534 necessaria.
1805 2481 1963 2537 Hunc

391 2565 572 2611 autem
606 2573 867 2616 canonem
901 2580 1007 2618 non
1037 2565 1412 2635 observantes,
1449 2583 1801 2628 consecratos
1843 2577 1967 2642 qui-

389 2647 511 2703 dem
550 2651 746 2720 deponi
779 2671 950 2710 canon
1000 2658 1172 2727 jubet,
1226 2661 1406 2717 laicos
1425 2671 1604 2717 autem
1653 2680 1967 2720 excommu-

389 2736 587 2794 nicari.
645 2734 947 2799 Notandum
1011 2748 1172 2816 igitur
1229 2751 1370 2820 quod
1425 2754 1612 2808 eodem
1667 2756 1722 2810 in
1779 2757 1969 2812 ordine

391 2841 568 2883 canon
605 2834 776 2901 ponit,
806 2846 1048 2891 sanctam
1095 2837 1321 2896 Pascha:
1366 2841 1861 2916 Quadragesimam,
1915 2857 1968 2904 et

388 2932 635 2990 quartam
674 2924 884 2995 feriam,
931 2940 986 2986 et
1015 2930 1374 2991 Parasceven.

2004 1787 2046 1843 Β

2079 552 2203 606 σθια
2234 550 2394 622 πνέῃ.
2439 550 2716 613 Ὡσαύτως
2743 549 2972 615 ὑπέξελέ
3006 566 3096 619 μοι
3129 549 3222 600 καὶ
3265 547 3372 599 ἀπὺ
3397 545 3496 612 τῆς
3517 546 3653 596 Τεσ-

2079 642 2571 714 σαρακονθημέρου
2623 641 2691 695 τὰ
2752 640 3009 695 Σάϐϐατα
3063 639 3158 692 καὶ
3201 637 3301 700 τὰς
3346 637 3648 706 Κυριακάς.

2077 735 2438 806 Καταλύομεν
2483 736 2594 806 γὰρ
2649 733 2851 805 ὁμοίως
2886 733 2977 786 καὶ
3029 734 3109 794 εἰς
3142 731 3346 792 ταύτας
3387 730 3532 782 κατὰ
3561 730 3652 782 τὸν

2080 826 2164 894 Eg’
2222 827 2579 880 ἀποστολικδν
2648 826 2868 879 κανόνα.
2925 822 3238 892 Σημείωσαι
3299 821 3354 873 δὲ
3397 819 3492 873 καὶ
3541 819 3650 880 ἀπὸ

2077 921 2170 973 τοῦ
2201 921 2464 991 παρόντος
2505 919 2732 980 κανόνος
2757 918 2839 971 ὅτι
2881 915 3088 984 κυρίως
3115 914 3212 984 μία
3242 914 3390 966 ἐστὶν
3423 911 3652 980 νηστεία

2077 1016 2110 1084 ἡ
2145 1011 2744 1083 Τεσσαρακονθήμερος
2789 1011 2822 1077 ἡ
2870 1009 2965 1061 τοῦ
3018 1008 3245 1077 Πάσχαο
3280 1007 3328 1058 εί
3367 1005 3477 1074 γὰρ
3508 1001 3651 1073 ἦσαν

2077 1107 2169 1157 καὶ
2186 1104 2366 1169 ἄλλαι,
2395 1101 2640 1172 ἐμνήσθη
2668 1102 2736 1155 ἂν
2767 1103 2861 1153 καὶ
2888 1097 3094 1153 τούτων
3116 1100 3142 1151 ὁ
3167 1095 3365 1156 κανὼν,
3391 1095 3528 1162 πλὴν
3555 1095 3648 1148 καὶ

2077 1197 2213 1250 κατὰ
2246 1196 2343 1259 τὰς
2371 1195 2537 1258 ἄλλας
2570 1193 2889 1262 νηστίμους,
2923 1192 3090 1262 ἤγουν
3122 1188 3232 1240 τῶν
3270 1188 3442 1254 ἁγίων
3471 1187 3647 1239 ’Λπο-

2079 1290 2300 1348 στόλων,
2331 1290 2428 1342 καὶ
2456 1288 2552 1356 τῆς
2573 1271 2903 1356 Κοιμήσεως
2926 1285 3024 1353 τῆς
3056 1281 3214 1348 ἁγίας
3235 1280 3520 1341 Θεοτόκου,
3554 1278 3650 1329 καὶ

2074 1381 2172 1450 τῆς
2201 1378 2506 1448 γεννήσεως
2540 1376 2634 1429 τοῦ
2685 1373 2944 1444 Χριστοῦ,
2983 1370 3360 1439 νηστεύοντες,
3409 1370 3509 1421 οὐκ
3559 1371 3648 1421 αἱ·

2077 1471 2410 1541 σχυνὸμεθα.
2459 1469 2798 1536 Ἀνάγνωσον
2826 1469 2922 1520 κα)⁸
2952 1467 3128 1536 τᾶ,(6)
3162 1463 3295 1533 παρ’
3318 1463 3476 1532 ἡμῶν
3505 1478 3646 1531 γρα-

2077 1564 2244 1632 φέντα
2293 1564 2374 1626 είς
2419 1561 2518 1627 τὴν
2568 1567 2616 1628 γ’
2671 1559 2939 1630 ἐρώτησιν
3000 1559 3109 1610 τῶν
3146 1556 3456 1626 γενομένων
3489 1571 3648 1607 συνο-

2074 1653 2239 1706 δικῶν
2268 1634 2734 1720 ἀποκρίσεωνὲπὶ
2754 1649 2864 1702 τῶν
2894 1649 3120 1720 ἡμερῶν
3151 1647 3244 1701 τοῦ
3294 1647 3645 1719 πατριάρχου

2077 1745 2244 1815 κυροῦ
2273 1745 2543 1798 Νικολάου
2555 1785 2566 1798 .

2145 1833 2393 1887 ΖΩΝΑΡ.
2467 1835 2562 1886 Ἐκ
2608 1833 2807 1895 παντὸς
2860 1833 3062 1903 τρόπου
3107 1834 3135 1886 ὁ
3186 1832 3366 1886 κανὼν
3419 1831 3650 1884 ἀπαιτεῖ

2070 1926 2195 1988 τοὺς
2227 1925 2452 1988 πιστοὺς
2479 1923 2577 1994 τὴν
2609 1925 2773 1993 ἁγίαν
2815 1923 3278 1995 Τεσσαρακοστὴν
3303 1923 3398 1975 τοῦ
3433 1922 3647 1992 Πάσχα,

2073 2014 2168 2066 καὶ
2203 2014 2452 2083 Τετράδα
2514 2014 2608 2066 καὶ
2644 2013 3008 2086 Παρασκευὴν
3057 2014 3298 2080 ἑκάστης
3336 2012 3445 2064 τῶν
3471 2012 3650 2066 ἄλλων

2071 2106 2384 2175 ἑϐδομάδων
2423 2109 2480 2159 ὲν
2506 2107 2733 2177 νηστείᾳ
2766 2107 2995 2175 διάγειν,
3028 2108 3076 2158 εί
3112 2107 3185 2177 μή
3220 2123 3304 2168 τις
3334 2105 3424 2158 διὰ
3462 2122 3650 2172 σωμα-

2068 2197 2230 2268 τικὴν
2264 2196 2551 2250 ἀσθένειαν
2588 2215 2723 2268 νηστ
2757 2197 2873 2251 ύειν
2911 2197 2973 2250 οὐ
3033 2197 3258 2249 δύναται
3282 2211 3296 2224 θ
3331 2195 3364 2262 ἡ
3407 2193 3516 2264 γὰρ
3550 2211 3675 2263 νηο.

2073 2289 2224 2342 στεία
2251 2287 2340 2342 διὰ
2370 2287 2702 2340 ταπείνωσιν
2724 2289 3074 2359 ἐπινενόηται
3106 2288 3203 2355 τῆς
3238 2285 3467 2356 σαρκός.
3499 2285 3559 2336 Εἰ
3596 2283 3645 2336 δ’
3690 2347 3699 2353 _

2070 2381 2132 2433 ὲκ
2191 2380 2347 2433 νόσου
2401 2381 2433 2450 ἢ
2486 2381 2776 2443 ἀσθενείας
2807 2380 2975 2450 ἄλλης
3028 2379 3174 2442 τινὸς
3227 2379 3585 2432 καταπονοῖτο
3613 2377 3646 2444 ὴ

2073 2471 2300 2543 σὰρξ,ἠ
2346 2473 2412 2524 ἐκ
2453 2472 2552 2541 τῆς
2610 2471 2873 2542 νηστείας
2924 2470 3257 2533 ταπείνωσις
3309 2469 3495 2537 ἐκείνη
3542 2467 3647 2520 οὐκ

2069 2561 2366 2630 ἀναγκαία.
2402 2562 2540 2624 Τοὺς
2573 2561 2629 2614 δὲ
2690 2561 2765 2631 μὴ
2795 2562 2886 2614 τὸν
2943 2561 3146 2614 κανῦνα
3183 2558 3377 2613 τοῦτον
3438 2559 3643 2626 φυλάτ·

2069 2668 2260 2714 τοντας
2313 2651 2642 2723 ἱερωμένους
2697 2652 2794 2720 μὲν
2822 2651 3209 2720 καθαιρεῖσθαι
3258 2650 3587 2720 προστάττει
3619 2650 3648 2701 ὁ

2071 2743 2270 2806 κανὼν,
2329 2744 2552 2806 λαῖκοὺς
2607 2744 2667 2797 δὲ
2723 2742 3106 2812 ἀφορίζεσθαι.
3163 2742 3505 2813 Σημειωτέον
3550 2736 3644 2794 οὖν

2066 2836 2148 2888 ὅτι
2185 2836 2241 2888 ἐν
2293 2836 2384 2906 (an
2415 2835 2569 2901 τάξει
2616 2834 2832 2906 τίθησιν
2864 2835 2892 2886 ὁ
2941 2833 3124 2888 κανὼν
3156 2835 3257 2904 τὴν
3305 2833 3465 2901 ἁγίαν
3497 2834 3638 2884 Τεση

2073 2926 2421 2996 σαρακοστὴν
2468 2927 2563 2980 τοῦ
2602 2926 2815 2995 Πάσχα,
2865 2926 2960 2979 καὶ
2993 2925 3242 2996 Τετράδα
3303 2925 3400 2977 καὶ
3457 2925 3647 2994 Παρα-

2070 3019 2295 3087 σκευήν.

391 3100 620 3157 ARIST.
652 3104 915 3161 Clericnm
949 3127 1050 3164 non
1084 3113 1416 3180 jejunnntem
1465 3116 1962 3191 Quadragesimam,

2070 3111 2292 3164 APlZT.
2339 3111 2451 3164 Τὸν
2477 3109 2563 3178 μὴ
2582 3109 2959 3175 νηστεύοντα
2989 3106 3104 3174 τὴν
3131 3105 3646 3175 Τεσσαρακοστὴν

463 3192 539 3244 vel
572 3207 817 3262 quartum
845 3198 1000 3259 diem.
1025 3201 1102 3254 vel
1144 3201 1468 3259 Parasceven
1495 3210 1743 3276 depones,
1767 3209 1962 3265 [uicum

459 3291 633 3338 autem
666 3291 1164 3359 excommunicabis,
1202 3295 1304 3347 nisi
1353 3311 1446 3363 per
1476 3297 1835 3365 inﬁrmitatem
1864 3302 1966 3356 im-

460 3379 694 3431 aeditnr.
730 3379 1078 3449 Pcrspicnus.

908 3494 1018 3567 46
1054 3489 1280 3553 CANON
1317 3499 1478 3554 Lxx.

389 3597 598 3669 Siquis
633 3603 928 3673 episcopus,
979 3606 1060 3659 vel
1103 3607 1395 3679 presbyter,
1446 3613 1519 3665 re!
1563 3613 1837 3679 diaconus,
1883 3613 1964 3667 vel

459 3695 668 3747 omnino
685 3711 748 3749 ex
765 3697 1078 3753 clericorum
1099 3704 1358 3771 catalogo,
1371 3704 1582 3772 jejunat
1596 3722 1710 3758 cum
1733 3704 1958 3771 Judwis,

455 3783 536 3836 vel
564 3801 683 3838 cum
737 3789 864 3855 ipsis
914 3790 1076 3859 festos
1119 3792 1230 3846 dies
1276 3797 1406 3862 agit,
1457 3796 1533 3851 vel
1590 3798 1654 3849 ab
1685 3799 1811 3867 ipsis
1841 3798 1962 3866 festi

456 3877 615 3928 xenia
659 3879 851 3948 accipit
915 3881 994 3938 (ut
1034 3882 1174 3935 verbi
1224 3885 1396 3951 gratia
1440 3903 1648 3956 azyma,
1697 3897 1790 3940 aut
1835 3887 1960 3955 quid

458 3966 582 4034 tale)
608 3967 920 4037 deponatur.
962 3969 1025 4025 Si
1058 3988 1175 4026 vero
1205 3975 1271 4027 sit
1315 3975 1509 4040 laicus,
1551 3973 1872 4048 segregetar.

452 4141 647 4199 BALS.
715 4146 847 4201 Cum
912 4150 1294 4218 prtccepissent
1348 4168 1444 4222 per
1515 4157 1650 4211 alios
1724 4172 1962 4212 canones

381 4238 635 4303 apostoli,
668 4238 797 4307 quid
833 4239 946 4294 fieri
983 4243 1176 4312 debeat
1204 4244 1256 4298 in
1289 4258 1384 4300 eos
1407 4247 1497 4314 qui
1531 4262 1654 4303 cum
1686 4248 1960 4305 haereticis

383 4336 678 4395 precantur
707 4337 799 4382 aut
821 4345 940 4384 cum
968 4335 1477 4399 excommunicalis,
1502 4337 1616 4404 jam
1640 4339 1957 4403 decernunt,

383 4429 478 4472 aut
511 4420 601 4488 qui
642 4435 764 4473 cum
803 4419 1006 4479 Judwis
1057 4422 1343 4490 jejunant,
1382 4436 1477 4482 aut
1507 4445 1694 4499 azyma
1740 4429 1954 4485 festivi-

382 4518 552 4564 tatum
597 4511 836 4580 ipsorum
887 4514 1173 4585 recipiunt,
1213 4527 1307 4571 aut
1356 4519 1502 4574 aliud
1545 4523 1805 4592 ejusmodi
1858 4524 1958 4578 ali-

382 4603 526 4670 quod
566 4617 780 4669 munus,
835 4603 880 4658 si
917 4605 1133 4673 quidem
1187 4605 1370 4663 clerici
1419 4609 1550 4678 sint,
1604 4612 1822 4680 depani,
1871 4614 1954 4668 sin

383 4693 536 4762 laici,
573 4700 1038 4753 excommunicari
1079 4716 1093 4753 :
1126 4715 1194 4754 ne
1230 4702 1431 4758 dixeris
1461 4713 1640 4757 autem
1664 4718 1758 4758 eos
1779 4705 1958 4774 judai-

385 4801 536 4852 zare,
581 4797 835 4857 tanquam
871 4790 1009 4845 idem
1041 4808 1162 4846 cum
1189 4791 1388 4849 Judzeis
1419 4795 1690 4849 sentiant:
1735 4797 1958 4853 omnino

387 4877 531 4930 enim
569 4894 676 4933 non
707 4879 1036 4949 depositioni
1075 4882 1156 4938 vel
1185 4885 1555 4954 segregationi
1585 4886 1756 4940 solum
1788 4886 1958 4956 subji-

2135 3201 2174 3268 ἢ
2208 3200 2463 3269 Τετράδα
2500 3203 2598 3254 καὶ
2625 3199 3030 3268 Παρασκευὴν
3055 3199 3348 3266 κληρωτὸν
3363 3199 3644 3266 καθαιρή-

2134 3307 2287 3354 σεις,
2318 3292 2426 3365 τὸν
2467 3289 2534 3344 δὲ
2552 3293 2768 3344 λαϊκὸν
2806 3291 3140 3360 ἀφορίσας,
3170 3294 3219 3345 εὶ
3241 3291 3328 3361 μὴ
3360 3291 3436 3345 δι’
3457 3291 3638 3346 ἀσθέ-

2138 3401 2304 3438 νειαν
2333 3383 2723 3448 ὲιλποδίζεται.
2751 3384 2961 3454 Σαφής.

2680 3493 2917 3546 ΚΑΝΩΝ
2948 3497 3002 3546 0'
3029 3483 3038 3490 ”

2063 3606 2136 3660 Εἴ
2165 3623 2255 3672 τις
2277 3607 2611 3672 ἐπίσκοπος
2635 3606 2734 3676 t7),
2763 3608 2800 3674 ἢ
2824 3608 3247 3676 πρεσϐύτερος,
3279 3609 3640 3678 ἣ,διὰκογος,

2135 3697 2172 3766 ἢ
2202 3698 2358 3763 ὅλως
2379 3697 2484 3750 τοῦ
2501 3698 2841 3766 καταλόγου
2868 3695 2988 3750 τῶν
3009 3698 3333 3766 κληρικῶν,
3359 3703 3644 3773 νηστεύει

2130 3788 2283 3856 μετὰ
2313 3777 2649 3852 Ἰουδαίων,
2690 3786 2728 3854 ἢ
2762 3786 3023 3855 ἑορτάζει
3055 3788 3208 3856 μετὰ
3237 3789 3440 3842 αὐτῶν
3473 3791 3512 3858 ἣ
3543 3790 3640 3845 δέ·

2133 3897 2323 3949 χεται,
2372 3881 2513 3948 παρ’
2543 3879 2743 3935 αὐτῶν
2787 3881 2859 3935 τὰ
2902 3879 3013 3948 τῆς
3062 3879 3275 3949 ἑορτῆς
3338 3881 3510 3946 ξένια
3563 3885 3640 3953 (8)

2135 3968 2309 4040 (οἷον,
2346 3969 2535 4039 ἄζυμα
2583 3970 2622 4038 ἢ
2667 3987 2722 4023 τι
2760 3969 3082 4038 τοιοῦτον),
3118 3972 3532 4038 καθαιρείσθω.
3570 3974 3642 4026 El

2131 4061 2199 4113 δὲ
2221 4062 2433 4126 λαῐκός
2457 4061 2571 4127 εἴη,
2597 4059 2984 4130 ἀφοριζέσθω.

2133 4154 2332 4207 ΒΑΛΣ.
2375 4154 2838 4222 ὐροθετήσαντες
2885 4154 2932 4205 oi
2969 4154 3262 4207 ἀπόστολοι
3289 4155 3378 4208 διὰ
3434 4151 3641 4222 ἑτέρων

2063 4248 2304 4303 κανόνων
2336 4247 2390 4300 τί
2418 4247 2626 4316 ὀφείλει
2656 4246 2912 4315 γίνεσθαι
2945 4247 3025 4308 είς
3055 4247 3180 4308 τοὺς
3210 4246 3641 4316 συνευχομένους

2065 4337 2205 4406 μετὰ
2229 4336 2580 4407 αίρετικῶνῆ
2611 4335 3031 4407 ἀφωρισμένων,
3065 4336 3188 4406 ἄρτι
3235 4334 3645 4404 παρακελεύον-

2063 4444 2154 4479 ται
2195 4426 2323 4489 τοὺς
2377 4426 2518 4497 μετὰ
2545 4426 2822 4479 Ἰουδαίων
2863 4425 3282 4496 νηστεύονταςῆ
3314 4425 3642 4494 δεχομένους

2064 4518 2134 4572 τὰ
2163 4518 2269 4570 τῶν
2299 4519 2503 4588 ἑορτῶν
2541 4516 2720 4570 αὐτῶν
2750 4516 2960 4585 ἄζυμα,
2992 4515 3024 4585 ἢ
3052 4515 3238 4583 ἕτερον
3275 4513 3470 4578 ξένιον,
3504 4512 3642 4582 κλη-

2065 4613 2252 4680 ρικοὺς
2291 4609 2394 4680 μὲν
2413 4608 2598 4672 ὄντας,
2632 4607 3042 4677 καθαιρεῖσθαι,
3080 4605 3304 4668 λαῖκοὺς
3333 4605 3413 4669 δὲ,
3445 4603 3641 4674 ἀφορί-

2063 4701 2276 4767 ζεσθαι.
2309 4702 2400 4772 Μὴ
2439 4701 2602 4771 εἴπῃς
2630 4700 2686 4752 δὲ
2708 4699 2932 4761 τούτους
2964 4697 3268 4762 ἰουδαΐζειν,
3300 4697 3374 4760 ὡς
3402 4696 3498 4750 καὶ
3524 4698 3642 4759 τοῖς

2061 4795 2340 4857 Ἰουδαίοις
2375 4793 2684 4864 ὁμόφρονας
2709 4791 2870 4855 ὄντας
2892 4808 2904 4822 ’
2940 4791 3160 4853 πάντως
3186 4791 3295 4859 γὰρ
3326 4790 3387 4842 οὐ
3436 4790 3637 4843 καθαι-

2041 4889 2217 4957 ρέσει
2268 4887 2403 4958 μόνῃ
2435 4885 2468 4956 ἢ
2523 4883 2821 4957 ἀφορισμῷ
2859 4883 3467 4953 καθυποὸληθήσονται,
3500 4881 3640 4935 ἀλλὰ

1606 5023 1800 5086 Gnill.
1836 5024 2163 5104 Beveregii
2205 5028 2394 5084 notte.

459 5140 536 5210 (6)
583 5141 970 5216 Ἀνὰγγωσον
997 5148 1095 5200 καὶ
1140 5147 1232 5216 τά.
1285 5145 1408 5201 Haec
1446 5161 1616 5216 usque
1670 5150 1736 5199 ad
1794 5147 1950 5200 tinem

387 5210 854 5285 interpretationis
908 5231 972 5269 cx
1027 5231 1130 5271 ms.
1166 5215 1458 5270 Bodleiano
1519 5210 1660 5270 nunc
1717 5218 1948 5285 primum

384 5281 616 5336 edimus.
654 5283 878 5337 EXStant
922 5294 1129 5345 autem,
1167 5301 1287 5354 Qum
1321 5287 1408 5341 hic
1437 5281 1760 5340 Balsamone
1806 5301 1952 5339 com-

383 5361 789 5424 memorantur,
813 5356 878 5407 ad
939 5355 1142 5409 calcem
1174 5356 1498 5410 scholiorum
1540 5357 1708 5424 ipsius
1757 5357 1806 5409 in
1851 5355 1952 5409 No-

386 5435 743 5476 nmcauonem
776 5423 947 5476 Photii
983 5425 1034 5476 in
1063 5425 1301 5478 editione
1328 5425 1578 5481 Gentiani
1606 5423 1842 5479 llcrveti.

459 5489 534 5559 (7)
592 5493 661 5545 El
719 5511 810 5559 τις
871 5494 1228 5557 ἐπίσκοπος.
1286 5494 1520 5549 Joannes
1576 5496 1968 5549 Antiochenus,

380 5558 529 5635 hunc
561 5558 821 5635 canonem
851 5565 928 5617 sic
960 5563 1107 5635 legit.
1145 5565 1212 5617 Ei’
1248 5582 1330 5627 τις
1357 5567 1660 5627 ἐπίσκοπος
1700 5566 1732 5635 ἢ
1762 5565 1953 5634 κληρι-

380 5631 477 5707 κρς
495 5634 762 5707 -νηστειξει
806 5636 949 5700 μετὰ
979 5634 1363 5707 ’Ἰουδαίωννῆ
1420 5631 1769 5707 συνεορτᾲςει
1833 5631 1950 5707 μετ’

375 5696 580 5774 ggcev;
686 5696 901 5774 δέχεται
935 5702 1113 5755 αὐτῶν
1152 5705 1219 5756 τὰ
1269 5696 1370 5772 τῆς
1422 5696 1618 5774 ἑορτῆς
1651 5696 1952 5768 ξένια,ὀῖα

374 5768 562 5840 ἄζυμα
598 5768 922 5842 τοιοῦτον,
982 5768 1347 5847 καθαιρείσθω
1371 5790 1385 5806 °
1423 5768 1494 5827 ei'
1517 5768 1726 5840 λαῖκὸς,
1761 5777 1953 5844 ἀφορι-

2063 5147 2263 5212 ςέσθω.
2298 5145 2459 5198 Joan.
2485 5143 2732 5196 Antioch.
2759 5141 2969 5196 collect.
3003 5157 3124 5212 can.
3157 5141 3234 5194 tit.
3265 5139 3354 5212 5].

2133 5217 2210 5284 (8)
2236 5213 2432 5284 detﬁg
2451 5213 2663 5280 ἑορτῆς
2680 5212 2868 5276 ξένια.
2885 5212 3018 5266 Cum
3034 5211 3275 5284 solemne
3293 5208 3367 5284 Pu
3378 5208 3419 5263 ri
3429 5225 3484 5284 m_
3496 5209 3642 5266 cele-

2061 5279 2280 5339 brarent
2299 5279 2596 5344 Jmlaai.sibi
2618 5284 2842 5336 invicem
2867 5289 3048 5350 partes
3069 5281 3132 5333 de
3151 5279 3399 5333 convivio
3415 5280 3634 5350 mittere

2058 5355 2305 5408 solebant
2339 5352 2514 5412 (Esth.
2546 5368 2622 5414 Ix,
2658 5352 2768 5419 l9.)
2797 5347 2969 5405 Εἶεἰο
3003 5351 3055 5402 in
3077 5351 3209 5419 _aliis
3245 5363 3458 5416 quoque
3480 5347 3636 5403 festi-

2055 5426 2343 5496 vitatibus,
2373 5421 2723 5496 Christianos
2746 5416 2872 5474 olim
2904 5423 3045 5496 inter
3069 5416 3286 5472 Judreos
3328 5428 3638 5496 versantes,

2057 5493 2366 5556 huiusmodi
2403 5494 2470 5545 ab
2496 5493 2560 5544 iis
2587 5492 2860 5559 portiones
2888 5491 3134 5554 accipere
3167 5503 3274 5559 non
3308 5488 3518 5559 puduit.
3560 5488 3634 5543 De

2057 5562 2160 5617 hoc
2213 5562 2466 5617 Ecclesiae
2513 5557 2796 5627 primitivae
2833 5561 3090 5624 przesules
3146 5558 3407 5613 certiores
3473 5557 3626 5622 facti,

2057 5633 2160 5686 hoc
2181 5647 2391 5684 canone
2417 5631 2468 5683 id
2493 5632 2858 5686 interdicunt:
2887 5641 2940 5682 et
2997 5636 3184 5695 poenas
3215 5628 3284 5681 ab
3316 5627 3634 5694 accipienti-

2057 5703 2157 5756 bus
2183 5702 2424 5769 exigunt,
2457 5701 2617 5768 idque
2645 5699 3020 5754 neChristiaui
3043 5714 3166 5754 cum
3189 5697 3394 5754 Judaeis
3420 5697 3629 5769 jejunia

2057 5772 2139 5828 vel
2169 5771 2302 5828 festa
2341 5784 2601 5842 peragere
2631 5770 2965 5825 viderentur.
