4072 6450
389 328 494 391 181

1621 334 1704 397 ΙΝ
1743 336 2118 400 CAN.LXX[
2160 340 2415 401 APOST.

3539 346 3655 410 182‘

387 455 494 506 xui
532 450 790 505 παντελεῖ
830 452 1219 524 ἀκοινωνησίᾳ.
1277 453 1458 516 καθὼς
1482 452 1579 506 καὶ
1606 456 1634 508 6
1674 452 1757 506 κθ¹
1786 450 1959 506 κανὼν

2075 455 2306 520 cientur,
2338 456 2432 512 sed
2477 456 2639 511 etiam
2670 456 2934 513 absolutae
2963 466 3019 513 et
3041 458 3190 513 omni
3226 473 3288 514 cx
3322 467 3474 526 parte
3517 476 3641 527 per-

387 544 496 612 τῆς
528 546 589 596 ὲν
616 544 909 616 Λαοδικείᾳ
938 546 1156 599 συνόδου
1183 543 1650 617 παρακελεύεται.
1670 543 1809 596 Ἀλλ’
1846 542 1966 596 είτιὲ

389 634 625 697 τούτους
650 634 968 705 όρθοδόξους
999 636 1100 705 μὲν
1128 630 1290 702 εἶναι,
1317 637 1738 707 καταφρονητάς
1771 635 1828 688 δὲ
1856 634 1966 687 τῶν

389 725 873 796 ὲκκλησιαστικῶν
912 728 1286 797 παραδόσεων,
1336 728 1430 780 καὶ
1480 726 1788 794 ἀδιαφόρως
1832 725 1967 788 ζῶν-

321 801 340 816 ’
385 833 519 880 ταςο
553 817 852 870 κάντεῦθεν
904 818 1286 889 μετριωτέρως
1316 819 1515 882 αὐτοὺς
1541 818 1619 880 ὡς
1673 816 1967 871 σκανδαλο-

386 907 585 970 ποιοὺς
619 906 969 971 κολάζεσθαι.
1003 907 1106 960 Διὰ
1139 909 1250 978 γὰρ
1275 909 1434 962 τοῦτο
1477 906 1570 960 καὶ
1605 908 1789 977 ἡμεῖς,
1837 907 1965 959 τάν-

389 997 551 1051 αντία
573 1000 692 1061 τοῖς
715 999 996 1060 Ἰουδαίοις
1023 999 1118 1053 καὶ
1145 1002 1261 1064 τοῖς
1281 1000 1464 1063 ἄλλοις
1499 1001 1800 1071 αίρετικοῖς
1828 1016 1962 1069 φρο-

386 1089 615 1154 νοῦντες
648 1091 745 1144 καὶ
781 1091 1139 1161 πράττοντες,
1172 1091 1515 1160 καταλύομεν
1549 1089 1964 1155 ἀνενδοιάστως,

388 1186 518 1238 ὅταν
569 1186 780 1252 ἐκεῖνοι
830 1184 1156 1254 νηστεύωσι,
1203 1185 1365 1254 τυχὸν
1410 1184 1501 1238 διὰ
1535 1184 1636 1254 τὴν
1675 1182 1818 1237 κατὰ
1862 1183 1964 1251 τῆς

387 1275 583 1329 Νινευῖ
613 1276 870 1346 ἀπειλὴν,
919 1276 953 1346 ἢ
997 1277 1092 1328 καὶ
1139 1277 1207 1328 δι’
1238 1277 1434 1346 ἐτέρας
1462 1277 1644 1338 αίτίας
1700 1275 1963 1339 δοκούσας

387 1369 608 1429 αὐτοῖς·
647 1366 756 1420 ἀπὸ
803 1365 988 1436 μέντοι
1027 1365 1120 1418 τοῦ
1160 1366 1543 1436 καθαιρεῖσθαι
1573 1367 1667 1420 καὶ
1702 1366 1964 1437 ἀφορίζε-

389 1459 518 1513 σθαι
543 1461 674 1523 τοὺς
704 1459 1084 1528 λαμϐάνοντας
1118 1457 1178 1523 ἐξ
1221 1459 1498 1512 Ἰουδαίων
1527 1458 1596 1512 τά
1623 1460 1724 1528 τῆς
1767 1459 1963 1530 ἑορτῆς

385 1549 570 1602 αὐτῶν
610 1550 782 1614 ξένια,
819 1550 888 1601 τὰ
920 1548 1103 1618 ἄζυμα
1131 1548 1354 1620 δηλαδὴ,
1414 1548 1509 1602 καὶ
1551 1549 1620 1602 τά
1654 1531 1837 1612 λοιπά,
1877 1548 1964 1602 λὲ·

383 1658 579 1710 γουσιν
629 1641 680 1694 οἱ
713 1640 901 1694 πολλοὶ
956 1641 1274 1694 ἁλίσκεσθαι
1320 1642 1444 1702 τοὺς
1481 1641 1841 1710 ποιουμένους
1876 1640 1964 1693 διὰ

385 1734 621 1802 ἀζύμων
673 1734 774 1802 τὴν
830 1733 1100 1802 μυστικὴν
1143 1731 1359 1786 θυσίαν.
1407 1733 1468 1786 Εἰ
1516 1733 1626 1802 γὰρ
1652 1732 1712 1785 τὸ
1748 1732 1958 1799 ἁπλῶς,

384 1827 547 1896 φησὶ,
577 1829 775 1896 φαγεῖν
809 1826 997 1896 ἄζυμα
1057 1825 1364 1894 Ἰουδαϊκῆς
1396 1825 1720 1895 καθαίρεσιν
1765 1826 1962 1894 ἐπάγει

385 1919 484 1968 καὶ
526 1914 861 1984 ἀφορισμὸν,
895 1915 956 1967 τὸ
1010 1913 1455 1983 μεταλαμϐάνειν
1491 1901 1693 1981 αὐτῶν,
1731 1915 1806 1978 ὡς
1844 1917 1958 1968 Κυ-

388 2005 586 2074 ριακοῦ
625 2005 899 2076 σώματος,
931 2005 1026 2058 καὶ
1054 2005 1370 2075 παρομοίως
1391 2005 1620 2068 ἐκείνοις
1645 2006 1735 2060 διὰ
1757 2006 1962 2060 τούτων

383 2101 448 2150 τὸ
485 2098 679 2168 Πάσχα
734 2097 932 2160 ποιεῖν,
984 2095 1146 2149 ποίαν
1198 2096 1297 2166 οὐχ
1332 2095 1444 2160 ἕξει
1487 2098 1838 2168 κατάγνωσιν
1867 2101 1963 2153 καὶ

383 2191 658 2256 κόλασιν;
692 2190 1011 2259 Σημείωσαι
1032 2187 1125 2242 οὖν
1147 2187 1390 2241 τοιοῦτον
1425 2188 1646 2255 κανόνα,
1688 2189 1784 2244 καὶ
1810 2191 1962 2259 ζήτει

381 2281 486 2349 τῆς
521 2282 576 2330 ὲν
615 2278 954 2348 Καρθαγὲνῃ
987 2278 1206 2330 συνόδου
1237 2279 1439 2332 κανόνα
1474 2276 1536 2342 ξ’.

457 2369 702 2424 ΖΩΝΑΡ.
733 2371 796 2423 El
844 2372 872 2423 6
901 2369 1254 2440 ἀκοινωνήτῳ
1295 2370 1688 2440 συνευξάμενος
1729 2370 1762 2440 ἥ
1828 2372 1963 2426 καθ-

381 2462 668 2535 ῃοημένῳ,
705 2460 791 2514 διὰ
817 2461 945 2522 τοὺς
984 2461 1085 2530 ἤδη
1121 2463 1546 2533 γεγραμμένους
1576 2464 1806 2528 κανόνας
1861 2463 1964 2517 ὑπὸ

381 2553 660 2623 ἐπιτίμιον
679 2555 846 2616 ἐστὶν,
873 2554 901 2604 ό
921 2553 1054 2620 μετὰ
1081 2552 1355 2606 Ἰουδαίων
1378 2555 1674 2622 ἑορτάζων,
1708 2553 1740 2624 ἦ
1773 2571 1965 2624 συννη-

379 2646 559 2700 τεύων
576 2646 780 2711 αὐτοῖς,
799 2645 833 2715 ἢ
857 2645 1080 2715 μερῖδας
1096 2647 1247 2708 τινὰς
1264 2647 1457 2716 ἑορτῆς
1473 2647 1652 2700 αὐτῶν
1673 2647 1962 2712 ἑξὲκείνων

295 2793 298 2796 ,
379 2737 676 2806 δεχόμενος
691 2735 1020 2806 (ἀνθρώπων
1039 2737 1138 2790 οὐκ
1156 2738 1576 2808 ἀφωρισμένων,
1596 2737 1716 2792 οὐδὲ
1737 2739 1965 2794 ἀκοινω-

380 2829 579 2896 νήτων,
605 2827 740 2880 ἀλλὰ
765 2827 1209 2896 Χριστοκτόνων,
1250 2827 1344 2881 καὶ
1377 2828 1564 2900 πόρρω
1599 2829 1697 2899 τῆς
1737 2830 1845 2882 τῶν
1877 2847 1964 2882 πι-

382 2919 532 2993 στῶν
561 2917 913 2988 όμηγύρεως,
951 2919 984 2989 ἦ
1020 2920 1220 2988 μᾶλλον
1242 2919 1589 2990 καταράτων)
1616 2921 1732 2984 πῶς
1763 2921 1862 2974 οὐκ
1896 2920 1963 2974 ἂν

380 3012 470 3081 εἴη
508 3012 679 3076 ἄξιος,
706 3010 1004 3083 ίερωμένος
1031 3010 1131 3074 ὢν,
1164 3011 1554 3081 καθαιρέσεως,
1587 3012 1829 3082 ἧλαῖκὸς
1863 3011 1960 3074 ὢν,

381 3099 729 3170 ἀφορισμοῦ;
758 3099 878 3154 Κᾶν
903 3099 1012 3170 γὰρ
1043 3101 1116 3171 μὴ
1140 3101 1209 3154 τὰ
1245 3100 1466 3156 ἐκείνων
1501 3105 1697 3174 φρονῇ,
1731 3103 1866 3158 ἀλλά
1897 3120 1960 3172 γε

380 3193 602 3254 πολλοῖς
651 3193 951 3246 σκανδάλου
996 3191 1214 3244 δίδωσιν
1262 3193 1520 3263 ἀφορμὴν
1558 3195 1650 3246 καὶ
1701 3193 1960 3248 ὑπόνοιαν

379 3284 508 3338 καθ’
525 3284 722 3336 ἑαυτοῦ
754 3284 827 3346 ὡς
852 3283 952 3347 τὰς
985 3283 1288 3346 Ἰουδαῖκὰς
1330 3285 1510 3354 τιμῶν
1541 3285 1782 3349 τελετάς.
1809 3286 1960 3356 Ἀμα

376 3377 436 3431 δὲ
465 3378 563 3430 καὶ
584 3375 897 3447 μιαίνεσθαι
918 3378 1233 3430 πιστεύεται
1257 3379 1322 3446 τῇ
1349 3376 1574 3431 ἐκείνων
1594 3395 1961 3449 συναναστρο-

379 3471 456 3538 φῇ
486 3485 501 3500 ⁸
540 3469 676 3538 πρὸς
700 3467 792 3530 οὒς
828 3468 857 3520 ό
888 3467 1021 3530 Θεὸς
1048 3467 1136 3520 διὰ
1158 3467 1252 3520 τοῦ
1287 3470 1572 3539 προφήτου
1609 3470 1704 3522 καὶ
1733 3470 1836 3538 πρὸ
1863 3473 1961 3540 τῆς

379 3561 817 3628 Χριστοκτονίας
849 3560 1170 3629 εὑρίσκεται
1199 3559 1472 3630 είρηκώς·
1506 3561 1836 3629 Νηστείαν,
1859 3562 1957 3615 καί

385 3653 627 3721 ἀργίαν,
660 3651 757 3705 καὶ
792 3651 900 3717 τὰς
927 3650 1136 3720 ἑορτὰς
1166 3652 1334 3721 ὑμῶν
1364 3651 1538 3720 μισεῖ
1565 3655 1604 3721 ὴ
1627 3655 1796 3723 ψυχή
1813 3672 1956 3721 μου.

384 3744 497 3795 Καὶ
522 3744 552 3794 ό
583 3740 666 3794 κθ¹
701 3741 800 3808 τῆς
830 3743 889 3796 ὲν
919 3741 1213 3811 Λαοδικείᾳ
1239 3741 1455 3795 συνόδου
1488 3741 1669 3796 κανὼν
1693 3742 1959 3812 Χριστια-

377 3833 470 3886 νδν
501 3833 562 3886 ἐν
592 3831 860 3898 Σαϐϐάτῳ
897 3831 971 3902 μὴ
1000 3832 1287 3902 σχολάζειν
1310 3831 1509 3902 όρίζει.
1556 3833 1619 3885 Οἱ
1648 3832 1708 3886 δὲ
1739 3834 1960 3887 Ἰουδαῖ-

389 3923 508 3976 σταὶ
541 3922 796 3990 ἀνάθεμα
846 3921 1112 3987 ἔστωσαν,
1144 3923 1300 3991 φησί.
1337 3923 1448 3977 Καὶ
1481 3924 1508 3976 6
1540 3921 1581 3987 ξ’
1628 3923 1808 3977 κανὼν
1856 3925 1958 3995 τῆς

391 4015 445 4066 ἐν
464 4011 798 4082 Καρθαγένῃ
842 4002 1064 4065 συνόδου
1101 4011 1306 4066 κωλύει
1339 4011 1401 4065 τὸ
1445 4014 1831 4084 συνεορτάζειν
1861 4015 1957 4068 καὶ

385 4101 782 4174 συμποσιάζειν
808 4102 1058 4171 Ἕλλησι.

964 4280 1204 4333 ΚΑΝΩΝ
1231 4281 1354 4335 OA’.

371 4371 450 4426 El
503 4388 596 4436 τις
642 4371 996 4441 Χριστιανὸς
1047 4372 1256 4426 ἔλαιον
1299 4369 1617 4442 ἀπενέτκοι
1657 4377 1744 4438 εὶς
1795 4375 1955 4444 ἱερὸν

2073 544 2225 600 fectre
2253 548 2821 616 excommunicationi,
2851 550 2928 604 uti
2965 550 3133 604 etiam
3169 549 3323 619 jubet
3360 550 3430 604 29
3465 566 3637 606 canon

2069 635 2282 690 Laodir.
2315 653 2436 709 syn.
2471 637 2575 693 Sed
2609 639 2695 695 dic
2730 641 2828 694 hos
2872 641 3089 710 quidem
3131 650 3277 694 recte
3332 642 3538 696 sentire
3586 651 3642 697 et

2067 729 2400 784 orthodoxos
2429 745 2568 796 esse,
2605 731 2697 786 sed
2733 731 3234 787 ecclesiasticarum
3280 733 3633 787 traditionum

2069 828 2490 889 contemptores,
2519 831 2575 876 et
2619 821 3093 876 indiscriminatim
3122 821 3366 876 viventes
3396 839 3409 876 :
3440 830 3494 876 et
3521 822 3643 874 ideo

2067 912 2213 981 ipsos
2243 911 2453 977 mitius,
2484 921 2541 966 ut
2563 912 2652 983 qui
2680 911 3066 968 oﬂ‘endiculum
3094 922 3374 982 generant,
3432 913 3634 980 puniri.

2066 1000 2360 1070 Propterea
2399 1016 2629 1074 namque
2658 1011 2710 1057 et
2740 1017 2836 1057 nos
2863 1004 2954 1072 qui
2988 1000 3187 1057 Judaeis
3233 1003 3463 1073 aliisque
3511 1001 3628 1056 hae--

2068 1090 2256 1145 reticis
2287 1091 2556 1160 contraria
2601 1099 2656 1146 et
2687 1090 2953 1145 sentimus
2996 1099 3053 1145 et
3098 1090 3333 1160 agimus,
3377 1091 3640 1145 solvimus

2066 1181 2203 1236 citra
2267 1181 2713 1247 dubitationem,
2764 1183 2979 1244 quando
3030 1180 3106 1236 illi
3161 1181 3443 1252 jejunant,
3502 1182 3639 1235 forte

2067 1283 2289 1344 propter
2317 1275 2490 1330 minas
2519 1273 2764 1342 Ninives,
2805 1275 2891 1330 vel
2933 1275 3068 1330 alias
3101 1290 3220 1344 quae
3261 1277 3342 1330 eis
3392 1273 3640 1328 videntur

2066 1381 2282 1423 causas.
2337 1368 2415 1421 Ac
2461 1382 2527 1422 ex
2567 1367 2669 1423 hoc
2699 1368 2915 1436 quidem
2969 1366 3112 1436 quod
3163 1367 3507 1434 deponuntur
3556 1365 3636 1418 vel

2065 1466 2420 1527 segregantur
2447 1458 2481 1512 ii
2503 1458 2596 1528 qui
2629 1473 2656 1511 a
2684 1456 2887 1514 Judaeis
2914 1457 3175 1513 festorum
3204 1457 3441 1526 ipsorum
3478 1455 3638 1508 xenia

2066 1552 2363 1620 accipiunt,
2397 1566 2584 1623 azyma
2614 1559 2668 1606 et
2700 1561 2919 1616 caetera,
2951 1551 3138 1607 dicunt
3170 1550 3327 1604 multi
3358 1563 3450 1604 eos
3483 1550 3635 1618 argui

2071 1644 2160 1712 qui
2195 1658 2290 1712 per
2338 1659 2526 1714 azyma
2574 1644 2862 1713 mysticum
2911 1642 3239 1698 sacriﬁcium
3294 1640 3522 1695 faciunt.
3577 1640 3636 1692 Si

2064 1734 2209 1788 enim
2237 1734 2557 1803 simpliciter
2579 1749 2824 1805 azymum
2855 1747 3098 1790 cemesse
3123 1732 3334 1787 Judaici
3366 1731 3511 1797 festi,
3538 1732 3658 1814 (ιθ-ί

1993 1811 2036 1867 Β
2071 1827 2390 1895 positionem
2435 1835 2490 1881 et
2524 1827 2950 1896 segregationem
2999 1825 3226 1889 inducit,
3271 1838 3461 1879 eorum
3517 1811 3635 1876 tan?

2065 1931 2229 1986 quam
2260 1916 2525 1970 Dominiei
2573 1914 2816 1984 corporis
2868 1929 2990 1969 esse
3030 1913 3338 1982 participes.
3388 1920 3442 1964 et
3485 1910 3638 1964 simi-

2065 2011 2192 2066 liter
2219 2024 2282 2064 ac
2316 2009 2390 2064 illi
2418 2010 2624 2064 Pascha
2655 2007 2861 2072 facere,
2901 2020 3062 2075 quam
3111 2019 3218 2059 non
3253 2002 3473 2057 habebit
3501 2015 3635 2055 con-

2065 2106 2470 2162 demnationem
2546 2115 2600 2161 et
2663 2101 3225 2158 animadversionem?
3302 2099 3436 2154 Nota
3507 2111 3654 2165 ergo~

2066 2196 2212 2250 hunc
2247 2209 2534 2260 canonem,
2569 2202 2626 2248 et
2657 2207 2838 2262 quazre
2867 2190 3257 2260 Carthaginen.
3311 2185 3501 2259 synodi
3543 2199 3638 2240 ca-

2066 2299 2259 2339 nouem
2307 2283 2398 2338 60.

2135 2373 2390 2430 ZONAR.
2425 2373 2479 2427 Si
2509 2373 2598 2440 qui
2633 2371 2794 2426 simul
2826 2379 2948 2425 orat
2983 2383 3104 2424 cum
3141 2364 3634 2426 excommunicato,

2064 2467 2146 2520 vel
2179 2467 2445 2534 deposito,
2488 2479 2583 2533 per
2610 2465 2720 2531 jam
2754 2461 2990 2532 scriptos
3027 2473 3288 2523 canones,
3311 2470 3485 2528 paenae
3511 2469 3638 2508 reus

2065 2567 2172 2620 est,
2201 2573 2323 2612 cum
2353 2556 2554 2610 .Indaris
2584 2568 2750 2624 agens
2786 2555 2981 2608 festum
3030 2551 3118 2605 vel
3156 2565 3276 2604 cum
3327 2549 3460 2617 ipsis
3497 2545 3640 2616 jeju-

2065 2663 2221 2708 nans,
2276 2647 2359 2702 vel
2409 2647 2620 2716 aliquas
2673 2645 2988 2700 earumdem
3039 2641 3161 2698 festi
3211 2649 3393 2710 partes
3433 2639 3499 2692 ab
3530 2637 3638 2692 illis

2064 2739 2334 2809 accipiens
2365 2737 2699 2808 (hominibus
2755 2752 2860 2790 non
2924 2731 3192 2804 separatis
3235 2741 3291 2786 et
3323 2743 3640 2786 excommu~

2064 2829 2282 2895 nicatis,
2317 2829 2410 2884 sed
2439 2827 2641 2884 Christi
2667 2826 3000 2882 occisoribus
3031 2833 3087 2878 et
3117 2821 3304 2894 procul
3335 2819 3571 2876 exclusis
3603 2833 3632 2872 a

2066 2919 2306 2975 ﬁdelium
2344 2929 2490 2976 cmtu
2519 2919 2601 2973 vel
2634 2914 2812 2987 potius
2846 2914 3192 2984 maledictis),
3232 2912 3498 2982 quomodo
3525 2926 3636 2965 non

2065 3009 2229 3066 etiam
2259 3009 2454 3080 dignus
2491 3008 2680 3074 fuerit,
2715 3015 2964 3063 sacratus
2996 3005 3237 3075 quidem,
3279 3001 3637 3070 depositione,

2066 3101 2147 3156 vel
2176 3101 2368 3166 laicus,
2429 3097 3033 3156 excommunicatione?
3079 3093 3212 3149 Nam
3271 3093 3484 3146 tametsi
3530 3107 3636 3146 nou

2064 3193 2283 3258 sentiat,
2318 3192 2460 3262 quod
2480 3191 2574 3245 .illi
2607 3209 2621 3246 :
2659 3190 2842 3257 multis
2880 3199 3057 3244 tamen
3088 3183 3431 3240 occasionem
3461 3196 3636 3260 scan:

2063 3284 2167 3337 dali
2203 3284 2428 3353 praebet,
2487 3282 2539 3336 in
2601 3295 2766 3351 seque
2819 3280 2993 3349 ipsum
3032 3275 3419 3342 suspicionem,
3481 3273 3634 3342 quasi

2060 3372 2310 3429 Judaicos
2336 3374 2532 3429 habeat
2567 3372 2618 3427 in
2652 3373 2860 3427 honore
2909 3371 3071 3435 ritus,
3110 3367 3271 3424 simul
3317 3378 3373 3420 et
3419 3365 3632 3419 illorum

2062 3465 2472 3522 conversatione
2500 3463 2860 3518 contaminari
2895 3451 3178 3516 creditur:
3220 3458 3286 3512 ad
3315 3471 3450 3524 quos
3493 3457 3634 3510 Deus

2061 3571 2156 3626 per
2183 3556 2526 3626 prophetam,
2570 3554 2718 3624 prius
2748 3555 2913 3608 etiam
2943 3566 3103 3620 quam
3138 3548 3416 3604 Christum
3468 3546 3636 3600 truci-

2061 3649 2307 3714 dassent,
2339 3645 2614 3702 invenitur
2657 3645 2880 3711 dixisse,
2913 3642 3208 3710 Jejunium,
3251 3649 3307 3692 et
3353 3637 3538 3701 ferias,
3577 3642 3633 3690 et

2060 3741 2379 3798 festivitates
2424 3748 2632 3796 vestras
2682 3741 2796 3795 odit
2839 3739 3017 3794 anima
3073 3736 3280 3792 mea“.
3331 3735 3633 3790 Vicesimus

2059 3840 2236 3885 autem
2291 3845 2466 3886 nouus
2519 3830 2574 3884 in
2641 3829 2907 3884 Laodicea
2979 3827 3171 3899 synodi
3224 3840 3394 3879 canon
3445 3823 3643 3879 deﬁnit’

2057 3920 2399 3990 Christianos
2425 3921 2476 3975 in
2506 3918 2758 3976 Sabbatis
2787 3921 2855 3974 ab
2884 3921 3139 3990 operibus
3163 3917 3276 3972 suis
3297 3931 3401 3970 non
3435 3915 3634 3969 debere

2057 4026 2272 4067 vacare.
2325 4009 2582 4065 Judaistae
2632 4025 2760 4065 vero
2818 4009 2931 4062 sint
2977 4009 3302 4072 anathema,
3347 4006 3498 4060 dicit.
3559 4003 3632 4057 Et

2058 4101 2432 4170 sexagesimus
2463 4101 2519 4154 in
2553 4099 2883 4169 Carthagine
2915 4098 3106 4168 synodi
3155 4112 3326 4150 canon
3373 4095 3651 4166 prohibet.
3688 4168 3698 4175 '

2057 4206 2217 4263 agere
2246 4190 2403 4258 festa,
2433 4190 2818 4259 convivarique
2849 4205 2969 4244 cum
2999 4187 3308 4258 gentilibus.

2473 4274 2476 4276 ⁷
2643 4280 2874 4338 CANON
2915 4280 3106 4337 LXXI.

2057 4376 2117 4432 Si
2185 4378 2301 4448 quis
2358 4377 2694 4432 Christianus
2755 4376 2926 4430 oleum
2997 4375 3200 4444 deferat
3265 4375 3320 4428 iu
3385 4373 3633 4440 templum

443 4459 661 4527 ἐθνῶν,
715 4462 752 4529 ἢ
806 4463 893 4527 εὶς
948 4461 1316 4531 συναγωγὴν
1367 4463 1670 4519 Ἰουδαίων
1713 4467 1783 4520 ἐν
1821 4468 1950 4534 ταῖς

2124 4471 2390 4538 gentium,
2435 4469 2514 4524 vel
2565 4471 2621 4522 in
2709 4483 3029 4539 synagogam
3067 4466 3402 4531 Juda'arum,
3443 4467 3501 4518 in
3543 4481 3636 4518 eo-

442 4552 680 4618 ἐορταῖς
705 4552 926 4614 αὐτῶν,
957 4555 996 4621 ἢ
1025 4555 1298 4622 λύχνους
1327 4555 1518 4621 ἅπτει,
1560 4559 1948 4627 ἀφοριζέσθω.

443 4643 642 4698 ΒΑΛΣ.
687 4643 977 4715 Διαφόρως
1026 4645 1245 4714 εἴρηται
1279 4648 1363 4700 ὅτι
1409 4649 1640 4719 οὐδεμία
1697 4659 1953 4708 κοινωνία

371 4733 558 4802 πιστῷ
592 4734 731 4803 μετὰ
757 4733 988 4788 ἀπίστου
1011 4748 1030 4766 σ
1055 4735 1178 4788 ὅθεν
1205 4737 1300 4791 καὶ
1341 4739 1368 4790 ό
1398 4739 1589 4809 παρὼν
1628 4743 1808 4796 κανὼν
1848 4747 1954 4815 ἀφ-

368 4823 820 4896 ορίζεσθαίφησι
853 4824 947 4879 τὸν
975 4825 1302 4895 Χριστιανὸν
1331 4827 1422 4880 τδν
1451 4829 1591 4896 μετὰ
1621 4832 1950 4904 οἱουδήτινος

372 4914 610 4970 ἀπίστου
665 4914 1119 4982 συνεορτάζοντα,
1179 4915 1212 4986 ἢ
1271 4916 1449 4971 ἔλαιον
1509 4920 1542 4990 ἢ
1610 4921 1804 4993 λύχνον
1854 4926 1952 4979 ἀν-

374 5008 622 5061 ἀπτοντα
655 5008 737 5069 είς
768 5006 1161 5076 ψευδοτελετὴν
1204 5008 1396 5072 αὑτοῦ,
1426 5010 1516 5062 διὰ
1543 5011 1603 5064 τὸ
1636 5013 1949 5083 λογίζεσθαι

369 5097 564 5151 τοῦτον
599 5100 715 5162 τοῖς
761 5099 1014 5178 ἀπίστοις
1045 5100 1346 5173 ὁμόφρονα.
1394 5103 1505 5157 Καὶ
1555 5105 1663 5183 ἀπὸ
1700 5108 1802 5175 μὲν
1850 5109 1947 5162 τοῦ

371 5191 642 5261 παρόντος
672 5192 1042 5263 ἐλαφρότερον
1079 5193 1108 5245 6
1131 5192 1377 5259 τοιοῦτος
1407 5196 1720 5267 κολάζεται,
1753 5200 1813 5266 ἐξ
1836 5202 1951 5254 ἑτέ-

374 5297 485 5350 ρων
519 5281 577 5333 δὲ
609 5281 866 5350 μεγάλως
888 5284 1233 5353 τιμωρεῖται.

440 5371 687 5426 ΖΩΝΑΡ.
747 5373 838 5435 Ὠς
893 5371 1003 5443 γὰρ
1057 5373 1233 5444 τιμῶν
1282 5377 1352 5428 τὰ
1402 5376 1511 5430 τῶν
1571 5377 1857 5448 Ἰουδαίων,
1909 5382 1942 5454 ἢ

369 5463 620 5527 ἐθνικῶν,
646 5465 745 5535 τὴν
778 5464 875 5519 τοῦ
902 5463 1087 5518 ἐλαίου
1122 5467 1360 5519 ποιεῖται
1416 5473 1802 5538 προσαγωγὴν,
1849 5475 1946 5527 καὶ

369 5556 467 5623 τὴν
494 5555 801 5626 λυχναψίαν
828 5571 840 5585 ·
883 5555 931 5607 εί
964 5553 1022 5607 δὲ
1057 5557 1192 5626 τιμᾷ
1243 5557 1576 5612 τρὶ-ἐκείνων
1625 5562 1806 5632 ὄργια,
1851 5564 1948 5617 καὶ

371 5646 437 5698 τὰ
472 5647 610 5700 αὐτὰ
645 5647 880 5706 ἐκείνοις
913 5649 1129 5717 φρονεῖν
1160 5647 1563 5717 λογισθήσεται.

441 5757 487 5788 ⁸⁸
517 5757 682 5812 Amos
716 5772 769 5824 ν,
792 5756 884 5812 28.
961 5757 1007 5790 ³³
1047 5756 1089 5813 ll
1119 5757 1246 5827 Cor.
1272 5776 1345 5826 Vl,
1380 5760 1464 5815 15.

2132 4577 2248 4614 rum
2282 4563 2454 4628 festis,
2491 4561 2568 4615 vel
2595 4561 2864 4615 lucernam
2897 4560 3164 4624 accendit,
3195 4567 3512 4627 segregetur.

2131 4653 2326 4708 BALS.
2360 4655 2479 4709 Alio
2515 4655 2674 4708 modo
2701 4653 2908 4708 dictum
2940 4661 3024 4707 est
3051 4651 3255 4706 nullam
3285 4665 3408 4706 esse
3457 4649 3634 4703 socie-

2059 4755 2224 4800 tatem
2269 4748 2410 4801 ﬁdeli
2440 4763 2559 4802 cum
2593 4746 2793 4802 infideli
2814 4747 2882 4810 ³⁸,
2915 4745 3060 4799 unde
3097 4752 3153 4799 et
3183 4757 3421 4812 praesens
3455 4757 3628 4795 canon

2060 4838 2330 4907 segregari
2359 4837 2490 4892 dicit
2513 4836 2882 4893 Christianum
2913 4835 3006 4904 qui
3033 4849 3155 4888 cum
3192 4832 3393 4887 inﬁdeli
3440 4832 3630 4902 quovis

2059 4927 2192 4984 festa
2223 4927 2482 4992 celebret,
2511 4920 2802 4990 vel'oleum
2827 4938 2920 4980 aut
2950 4928 3222 4979 lucernam
3250 4923 3315 4976 ad
3348 4922 3463 4992 ejus
3495 4922 3626 4978 falsa

2059 5019 2328 5075 sacriﬁcia
2376 5021 2657 5086 accendat,
2698 5035 2763 5074 eo
2806 5018 2946 5085 quod
3002 5017 3102 5070 iste
3145 5031 3267 5069 cum
3323 5015 3630 5070 inﬁdelibus

2054 5111 2364 5180 consentire
2407 5120 2714 5166 censeatur.
2767 5112 2954 5178 Atque
2995 5123 3059 5161 ex
3119 5109 3220 5162 hoc
3278 5107 3491 5176 quidem
3541 5121 3630 5158 ca-

2053 5217 2190 5255 none
2229 5203 2398 5257 levius
2429 5205 2726 5273 castigatur
2765 5202 2906 5267 talis,
2941 5217 3001 5256 ex
3035 5201 3155 5256 aliis
3186 5210 3364 5254 autem
3396 5199 3629 5268 graviter

2056 5303 2296 5358 punitur.
3024 5328 3026 5332 τ
3181 5352 3192 5361 _

2125 5382 2232 5454 47
2251 5380 2497 5436 ΖΟΝΑιὶ.
2527 5381 2658 5436 Nam
2695 5383 2839 5438 velut
2869 5384 3140 5438 honorans
3167 5396 3252 5446 ea,
3276 5393 3394 5450 qua:
3417 5376 3628 5433 Judaso~

2058 5487 2174 5524 rum
2210 5481 2359 5536 sunt,
2393 5482 2480 5524 aut
2503 5473 2806 5542 gentilium,
2829 5473 3004 5528 oleum
3030 5471 3203 5538 oll'ert,
3237 5477 3292 5525 et
3325 5467 3623 5537 lampadem

2058 5561 2330 5615 accendit.
2368 5560 2520 5628 Quod
2545 5563 2589 5617 si
2619 5563 2794 5619 defert
2850 5563 3062 5618 illorum
3126 5559 3278 5632 (estis
3336 5558 3620 5621 honorem,

2048 5653 2161 5722 jam
2189 5654 2397 5720 eadem,
2435 5669 2553 5724 quae
2585 5663 2640 5710 et
2673 5655 2769 5722 illis,
2797 5656 2999 5712 sentire
3031 5648 3361 5708 censebitur.
