4072 6434
363 334 477 396 185

1515 338 1595 398 IN
1626 339 1773 400 CAN
1831 341 2070 403 LXXIV
2110 342 2370 406 APOST.

3519 344 3618 407 186

437 453 633 507 ΒᾹΛΣ.
666 451 748 507 Τὰ
789 454 930 508 αὐτὰ
969 455 1048 526 τῷ
1079 452 1155 526 οβ’
1185 453 1369 507 κανόνι
1402 454 1495 506 καὶ
1538 455 1566 506 ὁ
1593 452 1786 521 παρὼν
1833 471 1930 508 κα⁴

2111 457 2309 514 B.\l.S.
2344 459 2542 516 Eadem
2570 476 2690 530 quae
2714 475 2841 516 ean.
2866 459 2959 514 79..
2988 472 3227 529 praesens
3251 459 3411 514 etiam
3436 475 3612 514 canon

359 543 474 596 vim
501 543 798 612 διορίζεται
829 546 992 616 χάριν
1025 546 1119 599 τοῦ
1154 544 1230 614 μὴ
1264 543 1580 597 κοινοῦσθαι
1603 544 1673 596 τὰ
1707 545 1783 613 τῷ
1818 544 1940 616 θεῷ

361 635 758 705 προσαγόμενοι
829 639 926 690 καὶ
986 639 1136 699 ναοῖς
1195 635 1604 705 ἀφιερούμενασ
1662 634 1940 705 οίαδήτινα

360 725 537 795 σκεύη
566 727 659 779 καὶ
686 727 913 782 ἔπιπλα.
952 727 1041 795 Τῷ
1071 727 1180 795 γὰρ
1212 726 1437 792 ὀνόματι
1464 727 1562 795 τῆς
1589 726 1781 795 ὀθόνης
1827 727 1940 781 πᾶν

360 817 596 888 ὕφασμα
617 820 889 890 δηλοῦται.
939 821 996 873 Ὀ
1036 823 1217 890 Ἀχαρ
1248 820 1305 872 δὲ
1335 822 1543 882 ἐκεῖνος
1575 821 1934 888 ίδιωσάμενος

358 911 615 979 γλῶτταν
656 913 866 981 χρυσῆν
901 913 1010 966 ἀπὸ
1049 913 1162 965 τῶν
1207 912 1655 980 ἑπαγγελῦἐντων
1695 912 1787 981 τῷ.
1819 911 1940 981 Θεῷ

358 1002 586 1069 χρυσῶν
616 1004 896 1072 λαφύρων,
948 1005 1040 1058 καὶ
1079 1006 1244 1074 μήπω
1285 1005 1724 1074 ἀφιερωθέντων,
1761 1003 1940 1058 ἐλιθο-

361 1095 569 1166 6011301]
620 1096 892 1165 παγγενῆ.
941 1097 1242 1162 Ἀνάγνωθι
1279 1096 1493 1150 καὶτὸν
1524 1102 1554 1148 ι’
1607 1096 1810 1149 κανόνα
1839 1097 1940 1165 τῆς

360 1189 416 1239 ὲν
449 1187 529 1256 τῷ
557 1189 677 1258 ναῷ
716 1189 826 1242 τῶν
873 1189 1072 1256 Ἀγίων
1129 1189 1471 1242 Ἀποστόλων
1506 1187 1551 1240 α’
1601 1191 1694 1241 uati.
1723 1187 1768 1256 β’
1811 1205 1938 1242 συν-

355 1281 503 1335 ὁδου.

427 1369 674 1423 ΖΩΝΑΡ.
709 1369 791 1422 Τὰ
828 1370 904 1440 τῷ
939 1369 1059 1440 θεῷ
1106 1369 1482 1438 ἀφορισθέντα
1516 1368 1833 1422 κοινοῦσθαι
1873 1369 1936 1422 οὐ

354 1461 490 1530 χρὴ.
534 1453 841 1529 ”Ηγίασται
895 1461 1024 1532 γὰρ,
1076 1462 1182 1516 κᾶν
1242 1462 1434 1524 σκεῦος
1484 1458 1801 1534 ᾖοίονδήτι,
1832 1461 1940 1514 κᾶν

358 1551 591 1621 ὕφασμα
615 1571 628 1584 ⁸
656 1553 743 1605 διὰ
779 1555 886 1623 γὰρ
923 1553 1024 1621 τῆς
1069 1552 1260 1620 ὀθόνης
1294 1551 1566 1621 ἐδήλωσεν
1615 1550 1762 1605 ἅπαν
1797 1549 1936 1621 ὕφα-

357 1661 497 1715 σμα,
528 1645 633 1698 κᾶν
676 1645 853 1698 ἔλαιον
888 1646 995 1712 εἴη,
1047 1646 1152 1698 κᾶν
1193 1645 1381 1714 κηρός.
1417 1643 1481 1697 'll
1528 1643 1636 1713 γὰρ
1677 1644 1811 1713 πρδς
1843 1643 1936 1696 τὸν

357 1733 453 1787 τοῦ
485 1733 624 1787 Θεοῦ
658 1735 786 1788 ναὸν
819 1733 1162 1805 προσαγωγὴ
1190 1735 1397 1787 τούτων
1423 1733 1640 1801 ἁγιάζει
1676 1734 1930 1788 αὐτά.οὑ

352 1826 466 1895 χρὴ
520 1825 613 1878 οὖν
659 1825 783 1878 οὔτε
832 1827 1019 1895 κηρὸν,
1047 1823 1170 1878 οὔτε
1219 1826 1400 1878 ἔλαιον
1447 1825 1800 1894 ἀφαιρεῖσθαι
1831 1825 1930 1894 τῆς

351 1916 677 1985 ἐκκλησίας,
725 1916 852 1969 οὔτε
883 1933 938 1968 τι
973 1916 1188 1978 σκεῦος,
1215 1916 1330 1969 ἀλλ’
1369 1916 1489 1969 οὐδὲ
1539 1914 1767 1984 ὕφασμα
1797 1916 1930 1968 ἀνα-

353 2009 510 2062 τεθὲν
544 2008 622 2075 τῷ
654 2007 792 2076 Θεῷ,
836 2009 930 2062 καὶ
971 2011 1053 2071 εἰς
1083 2008 1291 2062 οἰκείαν
1331 2009 1526 2079 χρῆσίν
1560 2027 1683 2061 τινα
1714 2007 1928 2073 λαμϐά-

357 2117 469 2153 νειν
500 2101 662 2154 αὐτὰ.
698 2100 1018 2169 ’Δφορισμῷ
1068 2101 1178 2170 γὰρ
1218 2100 1379 2153 τοῦτο
1431 2100 1741 2154 ὑπόκειται.
1781 2101 1838 2154 '0
1872 2101 1928 2154 δὲ

361 2193 540 2262 "App
568 2192 689 2244 οὐδὲ
731 2192 1135 2261 προσαχθέντα,
1173 2195 1266 2246 καὶ
1304 2193 1638 2260 ἀγιασθὲντα
1670 2192 1925 2260 ὑφείλετο

354 2282 434 2352 τῷ
463 2283 604 2352 Θεῷ,
626 2283 761 2337 ἀλλὰ
792 2285 952 2353 μόνον
977 2285 1384 2353 ὲπαγγελθέντα
1404 2301 1416 2314 ·
1448 2285 1543 2338 καὶ
1580 2285 1728 2354 ὅμως
1758 2283 1928 2338 ἔδωκε

356 2375 509 2446 δίκην
551 2377 799 2444 παγγενῆ
833 2375 1228 2444 λιθοδοληθείς.

356 2551 575 2607 ΔΡΙΣΤ.
626 2553 681 2606 '0
723 2553 851 2620 ιερὰ
905 2556 1095 2622 σκεύη
1132 2555 1220 2620 εις
1257 2552 1481 2624 χρῆσιν
1518 2549 1929 2621 σφετεριζόμε-

869 2663 998 2712 νος,
1041 2644 1393 2714 ἀφορίζεται.

433 2736 495 2790 '0
543 2737 623 2798 είς
681 2737 879 2805 χρῆσιν
946 2735 1154 2787 οἰκείαν
1203 2733 1272 2788 τὰ
1333 2734 1457 2804 ἱερὰ
1516 2732 1930 2802 οἰκειούμενος,

357 2826 550 2891 σκεῦος
574 2827 607 2895 ἢ
637 2827 852 2897 ὀθόνην,
901 2826 1255 2895 ἁγιασθέντα,
1297 2825 1373 2890 ὡς
1415 2823 1750 2896 παρανομῶν
1791 2826 1930 2892 atpo-

356 2920 695 2994 ρισθήσεται.

954 3008 1188 3064 ΚᾹΝΩΝ
1210 3009 1336 3063 OA'.

364 3105 736 3160 Ἐπίσκοπον
816 3101 1295 3170 κατηγορηθέντα
1374 3101 1478 3154 ἐπί
1562 3116 1680 3154 τινι
1771 3100 1930 3168 παρὰ

423 3199 796 3264 ἀξιοπίστων
825 3196 1149 3263 ἀνθρώπων
1189 3194 1499 3248 καλεῖσθαι
1525 3193 1712 3248 αὑτὸν
1739 3193 1926 3262 ἀναγ-

423 3291 597 3345 καῖον
650 3290 767 3344 ὑπὸ
828 3290 946 3341 τῶν
997 3288 1373 3341 ἐπισκόπων
1408 3286 1525 3340 κᾶν
1566 3285 1683 3355 μὲν
1740 3287 1929 3341 ἁπαν-

424 3384 613 3453 τήσῃ,
644 3383 742 3438 καί
789 3382 1159 3450 ὁμολογήσῃ,
1186 3379 1226 3446 ἢ
1249 3379 1596 3469 ἐλεγχθείη,
1631 3375 1928 3446 ὁρίζεσθαι

422 3478 486 3530 τὸ
539 3477 853 3544 ἐπιτίμιον.
915 3475 1057 3527 Ἐὰν
1109 3471 1177 3526 δὲ
1243 3473 1617 3540 καλούμενος
1667 3471 1752 3540 μὴ
1814 3475 1928 3526 ὑπ-

416 3569 682 3636 ακούσῃ,
709 3566 1008 3620 καλείσθω
1028 3564 1121 3617 καί
1140 3564 1439 3629 δεύτερον,
1475 3563 1926 3632 ἀποστελλομέ-

416 3681 543 3717 νων
568 3663 662 3715 ἐπ’
700 3658 888 3714 αὺτὸν
935 3657 1042 3709 δύο
1088 3657 1458 3710 ἐπισκόπων.
1512 3655 1653 3710 Ἐὰν
1703 3656 1772 3709 δὲ
1826 3655 1926 3710 καὶ

421 3757 579 3808 οὕτω
603 3753 689 3822 μὴ
721 3750 1068 3816 ὑπακούσῃ.
1103 3748 1405 3800 καλείσθω
1436 3745 1536 3800 καί
1562 3748 1767 3814 τρίτον
1818 3748 1928 3802 δύο

417 3847 606 3902 πάλιν
651 3845 1000 3899 ἐπισκόπων
1039 3840 1588 3908 ἀποστελλομένων
1623 3839 1772 3906 πρὸς
1822 3843 1930 3896 αὺ-

423 3939 546 3990 τόν.
585 3934 734 3988 Ἐὰν
787 3932 856 3986 δὲ
919 3931 1018 3985 καὶ
1064 3932 1256 3995 οὕτως
1311 3929 1785 3998 καταφρονήσας
1837 3929 1924 3998 μὴ

428 4027 767 4097 ἀπαντήσῃ,
789 4028 826 4095 ἡ
853 4024 1114 4090 σύνοδος
1144 4024 1565 4090 ἀποφαινέσθω
1592 4023 1718 4076 κατ’
1738 4022 1928 4078 αὐτοῦ

424 4125 492 4176 τὰ
531 4120 852 4184 δοκοῦντα,
884 4117 1046 4182 ὅπως
1075 4117 1159 4184 μὴ
1192 4115 1342 4186 δόξῃ
1378 4114 1713 4183 κερδαίνειν
1746 4133 1931 4185 φυγο-

417 4212 623 4266 δικῶν.

419 4306 618 4360 ΒΑΛΣ.
653 4303 792 4375 Περὶ
819 4303 940 4367 τοῦ,
976 4301 1119 4367 τίνες
1147 4303 1403 4355 δύνανται
1426 4302 1758 4371 κατηγορεῖν
1805 4301 1929 4353 ἑπι-

348 4402 569 4453 σκόπων
615 4397 650 4467 ἢ
710 4395 1011 4466 κληρικῶν,
1059 4394 1156 4448 καῖ.
1201 4393 1344 4456 τίνες
1399 4391 1930 4464 καταμαρτυροῦσιν

346 4491 551 4555 αὐτῶν,
571 4488 842 4556 ἀνάγνωθι
858 4485 953 4540 τοῦ
973 4487 1241 4556 παρόντος
1265 4485 1642 4554 συντάγματος
1661 4485 1840 4537 τίτλον
1883 4482 1928 4535 0'
1959 4517 2002 4573 ο

1985 4563 1998 4580 ⁷
2031 4586 2084 4637 in
2119 4597 2183 4636 eo
2213 4590 2380 4634 sunt:
2417 4589 2469 4633 et
2511 4590 2634 4645 cap.
2661 4575 2717 4640 2,
2755 4582 2808 4628 et
2835 4587 2954 4642 quae
2986 4580 3113 4626 sunt
3166 4569 3218 4622 in
3269 4567 3404 4635 ipso.
3457 4563 3608 4618 Prae-

345 4582 650 4654 κεφαλαίου
674 4580 741 4646 α’,
765 4580 860 4633 καὶ
885 4577 955 4631 τὰ
976 4581 1032 4631 ἐν
1067 4577 1236 4646 αὐτῷ,
1268 4578 1362 4630 καὶ
1389 4576 1689 4644 κεφάλαιον
1723 4575 1790 4646 β’,
1829 4576 1923 4629 καὶ

340 4678 411 4730 τὰ
443 4679 502 4729 ὲν
537 4673 706 4742 αὐτῷ.
749 4671 807 4725 '0
838 4671 894 4725 δὲ
929 4669 1118 4740 παρὼν
1156 4668 1336 4722 κανὼν
1381 4667 1626 4732 Θεσπίζει
1664 4668 1756 4720 τὸν
1793 4683 1925 4720 κατ-

338 4768 689 4839 ηγορηθέντα
732 4769 1032 4822 ἐπίσκοπον
1076 4767 1240 4837 χάριν
1284 4765 1703 4835 ὲγκληματικῆς
1740 4764 1919 4817 αἰτιά-

344 4879 488 4924 σεως
515 4861 942 4931 μετακαλεῖσθαι
973 4861 1114 4914 κατὰ
1161 4859 1361 4927 νόμους
1408 4857 1515 4910 ὑπὸ
1567 4855 1919 4909 ἐπισκόπων

343 4953 559 5005 ἀπόντα
610 4950 720 5018 γὰρ
768 4951 958 5004 τοῦτον
998 4949 1460 5014 καταδικάζεσθαι
1507 4947 1693 5002 ἄδικον
1730 4944 1914 5009 ἐδοξεο

346 5045 446 5098 καὶ
510 5043 946 5114 παρουσιάζοντα
1021 5042 1158 5113 μὲν,
1209 5042 1300 5095 καὶ
1375 5040 1436 5107 ea
1506 5040 1921 5110 ἀναντιῤῥήτων

347 5133 647 5204 ἐλέγχωνῆ
682 5132 791 5188 ἀπὸ
822 5133 1032 5195 οἰκείας
1063 5131 1354 5202 ὁμολογίας
1386 5129 1918 5199 καταδικαζόμενον,

345 5225 656 5288 καπνικῶς
715 5224 1119 5294 ὲπιτιμᾶσϐαιυ
1186 5223 1261 5294 μὴ
1323 5222 1770 5292 παραγενόμενον
1824 5219 1918 5282 δὲ,

344 5315 635 5369 καλεῖσθαι
689 5315 781 5369 καὶ
833 5312 991 5378 αὖθις
1045 5312 1208 5384 -παρὰ
1251 5311 1570 5367 ἐπισκόπων
1619 5310 1747 5364 δύου
1785 5309 1921 5363 ἀλλὰ

347 5409 454 5475 μὴν
489 5405 590 5461 καὶ
631 5408 698 5459 ὲκ
727 5405 935 5475 τρίτου,
963 5405 1038 5466 ὡς
1081 5403 1166 5467 ἂν,
1203 5405 1251 5455 εί
1298 5401 1434 5472 μηδὲ
1463 5400 1634 5464 οὕτως
1672 5396 1920 5469 παραγέ-

347 5515 534 5571 νηται,
573 5498 923 5568 ἀποφήνηται
953 5496 1075 5549 κατ’
1103 5494 1267 5548 αὐτοῦ
1301 5495 1332 5563 ἡ
1376 5493 1591 5556 σύνοδος
1630 5494 1726 5546 καὶ
1760 5509 1920 5563 povo—

343 5588 531 5658 μερῶς
557 5588 626 5641 τὰ
654 5587 914 5640 δοκοῦντα
943 5587 1082 5655 αὐτῇ
1109 5601 1124 5618 ο
1156 5585 1364 5647 Ὅπως,
1393 5585 1546 5654 φησὶ,
1580 5585 1654 5654 μὴ
1679 5585 1921 5654 κερδήσῃ

339 5680 367 5730 ό
390 5676 814 5746 καταφρονητὴς
841 5677 906 5728 ὲκ
935 5677 1034 5744 τῆς
1063 5673 1313 5737 ἁναιδοῦς
1338 5673 1706 5741 ὑπερθέσεως.
1733 5675 1922 5727 Ταῦτα

337 5770 432 5826 τοῦ
467 5769 694 5832 κανόνος
733 5767 1130 5839 διοριζομένου,
1161 5765 1396 5836 ἐξῃτήοη
1446 5764 1708 5820 πολλάκιπ
1758 5767 1918 5835 εἰπερ

2039 551 2301 619 decernit,
2329 569 2661 623 quaecunque
2693 552 2799 609 Deo
2825 553 3041 608 fuerunt
3076 553 3344 613 t'lcdicata,
3403 562 3455 604 ct
3490 563 3615 605 tem-

2039 642 2138 710 plis
2173 655 2508 709 consecrata,
2557 659 2666 699 non
2722 644 2834 698 heri
2883 643 3194 697 communia
3243 651 3294 695 et
3349 641 3611 711 profana;

2039 736 2218 802 qualia
2257 745 2383 790 sunt
2407 752 2532 790 vasa
2563 747 2618 792 et
2659 736 2926 806 supeilex.
2999 734 3112 789 Veli
3177 736 3320 788 enim
3374 734 3609 797 nomine,

2039 827 2298 898 quidquid
2327 838 2409 883 est
2451 829 2654 894 textile,
2690 830 3043 896 signiﬁcatur.
3076 829 3257 882 Acltaz
3295 836 3470 881 autem
3502 827 3612 892 ille,

2038 933 2160 971 cum
2191 917 2425 987 linguam
2469 933 2688 973 auream
2720 933 2785 970 ex
2830 917 3007 972 aureis
3038 917 3224 984 spoliis
3260 916 3367 969 Deo
3393 917 3609 985 quidem

2040 1009 2178 1062 votis
2213 1023 2278 1063 ac
2299 1009 2601 1076 promissis,
2631 1009 2722 1063 sed
2758 1010 2994 1062 nondum
3020 1007 3377 1074 consecratis,
3410 1007 3517 1059 sibi
3555 1014 3612 1060 ut

2038 1097 2311 1167 propriam
2344 1099 2700 1163 attribuisset,
2726 1097 3021 1168 generatim
3065 1097 3130 1151 ab
3173 1097 3440 1160 omnibus,
3480 1096 3612 1161 lapi-

2037 1187 2192 1240 dibus
2222 1189 2448 1242 obrutns
2479 1197 2581 1241 est.
2613 1185 2754 1256 Lege
2787 1196 2840 1240 et
2877 1201 2998 1240 can.
3035 1186 3059 1238 i
3097 1185 3206 1240 et?
3253 1185 3437 1255 synodi
3486 1199 3606 1252 qure

2038 1279 2138 1334 fuit
2161 1279 2212 1332 in
2235 1281 2434 1347 templo
2474 1279 2575 1335 SS.
2613 1279 3010 1348 Apostolorum.

2109 1369 2360 1425 ZONAR.
2388 1371 2460 1424 Ea
2490 1385 2608 1438 quae
2632 1369 2740 1424 Deo
2773 1377 3020 1439 separata
3049 1375 3196 1430 sunt,
3219 1384 3316 1421 usu
3340 1368 3610 1422 communi

2038 1464 2200 1533 pollui
2233 1478 2340 1516 non
2367 1472 2602 1531 Oportet.
2633 1462 2773 1517 Sunt
2805 1462 2948 1514 enim
2997 1460 3356 1523 sanctiﬁcata,
3389 1474 3481 1513 seu
3516 1474 3612 1520 vas

2037 1555 2254 1622 aliquod
2292 1553 2396 1608 tale
2427 1555 2516 1616 sit,
2544 1569 2638 1608 seu
2661 1569 2893 1621 pannus.
2932 1551 3084 1622 (Nam
3121 1567 3216 1621 per
3241 1551 3415 1606 velum
3447 1550 3615 1619 signi-

2039 1647 2163 1700 ﬂeat
2188 1661 2347 1700 omne
2371 1655 2602 1715 textum)
2629 1647 2744 1699 sive
2773 1645 2842 1700 sit
2863 1645 3068 1706 oleum,
3097 1645 3210 1698 sive
3239 1659 3385 1699 cera.
3418 1643 3474 1698 in
3514 1643 3607 1697 Dei

2036 1751 2234 1805 nempe
2276 1737 2478 1808 templo
2537 1736 2676 1791 facta
2735 1736 3110 1804 hujuscemodi
3168 1749 3349 1788 rerum
3408 1733 3610 1789 oblatio

2038 1831 2343 1888 sanctiﬁcat
2369 1845 2482 1886 eas.
2517 1828 2729 1883 Anferri
2763 1845 2869 1884 non
2898 1837 3109 1898 oportet
3148 1827 3312 1896 igitur
3339 1826 3407 1880 ab
3436 1826 3611 1881 eccle-

2038 1924 2139 1988 sia,
2172 1937 2274 1976 nec
2302 1936 2503 1984 ceram,
2552 1935 2653 1974 nec
2705 1918 2906 1981 olemn,
2947 1931 3045 1972 nec
3097 1933 3193 1972 vas
3247 1915 3462 1985 aliquod
3515 1916 3609 1970 sed

2038 2028 2212 2083 neque
2235 2027 2493 2082 pannum,
2530 2012 2618 2081 qui
2647 2011 2755 2064 Deo
2795 2009 2866 2064 sit
2895 2010 3133 2069 oblatus,
3162 2016 3214 2061 et
3253 2008 3353 2062 iata
3397 2019 3612 2060 sumere

2038 2106 2087 2158 in
2125 2105 2359 2173 aliquem
2385 2104 2653 2172 privatum
2683 2117 2863 2156 nsum.
2892 2099 3120 2167 Propter
3139 2099 3244 2153 hoc
3287 2096 3428 2151 enim
3476 2097 3608 2152 sub-

2032 2200 2292 2269 jiciuntur
2319 2197 2890 2255 excommunicationi.
2915 2195 3072 2250 Certe
3095 2195 3277 2248 Achaz
3309 2207 3406 2248 nec
3427 2192 3606 2246 oblata

2036 2290 2166 2352 Deo,
2205 2304 2302 2344 nec
2330 2287 2661 2342 sanctiﬁcata
2689 2284 2982 2346 subtraxit,
3009 2284 3099 2338 sed
3127 2283 3295 2336 solum
3318 2279 3604 2351 promissa.

2033 2379 2396 2433 Nihilominus
2426 2392 2619 2447 pmnas
2648 2375 2791 2430 dedit
2818 2375 2884 2428 ab
2931 2373 3187 2428 universo
3237 2371 3436 2442 populo
3471 2369 3609 2439 lapi-

2035 2469 2190 2523 dibus
2222 2469 2466 2522 obrutus.

2032 2559 2259 2616 ABIST.
2292 2559 2394 2625 Qui
2428 2575 2580 2613 sacra
2610 2571 2739 2612 vasa
2779 2557 2832 2610 in
2863 2570 3014 2610 usum
3044 2555 3316 2626 proprium
3337 2553 3606 2623 transfert,

2105 2654 2589 2708 excommunicatur

2105 2746 2208 2813 Qui
2267 2746 2321 2800 in
2375 2745 2651 2814 proprium
2699 2758 2856 2799 nsum
2910 2756 3066 2798 sacra
3117 2749 3300 2804 verm,
3379 2752 3475 2792 vas
3516 2745 3610 2790 aut

2035 2838 2282 2904 linteum,
2317 2835 2652 2890 sanctiﬁcata
2679 2851 2693 2900 ;
2724 2843 2781 2889 ut
2808 2833 2980 2902 legem
3035 2825 3458 2901 transgrediens,
3514 2841 3608 2882 ex-

2037 2930 2542 2987 communicabitur.

2496 3021 2609 3093 43
2644 3017 2876 3075 canon
2909 3015 3156 3072 LXXlV.

2041 3115 2356 3182 Episcopum
2387 3130 2418 3166 a
2443 3115 2564 3166 viris
2589 3113 2692 3180 ﬁde
2725 3112 2898 3180 dignis
2941 3111 3001 3161 ob
3029 3107 3232 3175 aliquid
3279 3111 3605 3167 accusatum,

2101 3208 2269 3274 ipsum
2300 3205 2362 3259 ab
2390 3206 2642 3274 episcOpis
2663 3203 2838 3258 vocari
2870 3217 3072 3255 necesse
3099 3209 3173 3252 est
3207 3213 3227 3252 :
3252 3207 3300 3251 et
3325 3198 3369 3249 si
3403 3212 3456 3249 se
3485 3195 3606 3263 qui-

2101 3300 2215 3354 dem
2233 3300 2448 3362 stiterit,
2470 3308 2516 3351 et
2539 3297 2825 3366 confessus,
2858 3293 2934 3347 vel
2964 3294 3228 3347 convicms
3252 3292 3317 3344 sit
3339 3297 3609 3341 statuatur

2100 3409 2274 3460 pinna.
2325 3391 2387 3446 Si
2438 3401 2612 3444 autem
2671 3395 2886 3443 vocatus
2937 3402 3037 3440 non
3083 3382 3338 3448 paruerit,
3381 3377 3606 3432 secundo

2102 3487 2258 3539 etiam
2287 3494 2518 3547 voretur,
2559 3481 2734 3534 missis
2771 3479 2838 3531 ad
2864 3479 3031 3544 ipsum
3084 3473 3333 3541 episcopis
3380 3470 3604 3522 duobus.

2102 3576 2162 3632 Si
2187 3586 2359 3630 autem
2383 3575 2542 3628 etiam
2573 3573 2647 3627 sic
2677 3588 2776 3625 non
2805 3568 3081 3627 obedierit,
3115 3573 3325 3619 vocetur
3354 3571 3401 3615 et
3427 3561 3604 3623 tertio,

2102 3669 2301 3722 duobus
2327 3666 2395 3719 ad
2430 3682 2542 3719 eam
2573 3679 2758 3716 rursus
2785 3663 2956 3714 missis
3004 3659 3281 3722 episcopis.
3329 3655 3386 3711 Si
3432 3665 3605 3706 autent

2101 3760 2180 3814 vel
2202 3761 2275 3812 sic
2297 3771 2580 3820 aspernans
2612 3765 2657 3808 et
2683 3759 2966 3806 contumax
2987 3767 3039 3803 se
3057 3765 3160 3803 non
3200 3747 3414 3806 stiterit,
3447 3760 3607 3812 syno-

2101 3856 2198 3907 dus
2230 3869 2292 3905 ea
2324 3867 2440 3922 qua:
2479 3848 2719 3904 videntur
2747 3851 2996 3898 adversus
3024 3857 3140 3895 eum
3185 3837 3509 3906 pronuntiet,
3543 3848 3606 3886 ne

2101 3946 2410 4014 lucrifacere
2432 3943 2672 3997 videatur
2698 3937 2823 3992 dum
2845 3935 3110 4007 judicium
3151 3930 3495 3999 subterfugit.

2104 4303 2300 4359 BALS.
2362 4301 2591 4370 Quinam
2651 4297 2865 4370 possint
2925 4295 3208 4366 episcopos
3265 4297 3320 4346 et
3375 4287 3605 4344 clericos

2035 4413 2319 4463 accusare,
2381 4405 2435 4450 et
2494 4394 2713 4464 quinam
2767 4392 3028 4446 adversus
3087 4401 3181 4441 cos
3239 4383 3606 4439 testimonium

2034 4493 2232 4555 terant,
2261 4489 2376 4558 lege
2407 4485 2690 4556 praesentis
2718 4483 2898 4553 Operis
2933 4481 3015 4534 tit.
3046 4479 3100 4542 9,
3130 4492 3248 4545 cap.
3286 4475 3346 4540 1,
3377 4483 3432 4538 et
3489 4485 3608 4539 qua:

2027 4690 2153 4730 sens
2188 4685 2365 4727 autem
2397 4685 2571 4727 canon
2626 4668 2842 4729 statuit,
2891 4673 3201 4718 accusatum
3259 4659 3602 4728 episcopum,

2025 4777 2088 4823 ut
2120 4767 2168 4821 ei
2211 4766 2416 4819 crimen
2449 4761 2781 4820 intendatur,
2813 4754 3051 4824 legitime
3107 4752 3176 4806 ab
3217 4747 3482 4818 episcopis
3513 4761 3608 4799 vo-

2028 4857 2141 4912 cari
2175 4870 2190 4908 ;
2227 4868 2348 4908 eum
2400 4852 2541 4907 enim
2595 4849 2876 4902 absentem
2925 4840 3301 4905 condemnari,
3360 4837 3606 4903 iniquum

2027 4947 2201 5002 visum
2234 4950 2320 4998 est
2350 4959 2365 4996 :
2399 4951 2452 4995 et
2497 4945 2818 5008 praesentem
2869 4934 3110 5004 quidem,
3157 4939 3212 4983 et
3259 4927 3338 4982 vel
3387 4942 3451 4980 ex
3499 4939 3606 4979 non

2031 5033 2340 5089 rcfellendis
2372 5027 2801 5100 probationibus,
2821 5023 2903 5078 vel
2923 5037 2986 5076 ex
3008 5019 3220 5092 propria
3241 5015 3604 5078 confessione,

2033 5126 2085 5180 in
2110 5125 2318 5195 judicio
2346 5122 2680 5183 convictum,
2715 5114 2976 5172 canonice
3025 5111 3267 5168 multari.
3318 5110 3373 5164 Si
3425 5114 3605 5162 autem

2032 5235 2136 5272 non
2165 5213 2476 5279 accesserit,
2509 5229 2536 5266 a
2583 5212 2792 5266 duobus
2838 5223 3028 5264 rursus
3079 5205 3348 5276 episcopis
3398 5199 3604 5256 vocari.

2035 5312 2194 5379 A,Iqui
2226 5317 2278 5362 et
2317 5308 2474 5362 tertio
2507 5319 2742 5374 quoque,
2779 5311 2834 5356 ut
2865 5302 2908 5356 si
2940 5317 3006 5356 ne
3041 5301 3120 5354 sic
3149 5297 3363 5368 quidem
3407 5307 3464 5347 se
3505 5291 3574 5345 sti

2031 5404 2178 5468 terit,
2227 5401 2463 5472 synodus
2521 5400 2779 5452 adversus
2834 5411 2954 5450 eum
3005 5391 3338 5463 pronuntiet,
3393 5381 3605 5441 etiamsi

2029 5487 2154 5561 pars
2183 5507 2287 5545 una
2318 5500 2521 5545 tantum
2551 5489 2712 5553 adsit,
2770 5503 2830 5543 ea
2884 5501 3004 5558 qua:
3064 5485 3165 5540 sibi
3228 5479 3601 5535 videbuntur:

2026 5585 2105 5639 Ne
2132 5591 2514 5650 comtemptor,
2553 5580 2750 5650 inquit,
2809 5594 2901 5632 seu
2955 5583 3270 5638 contumax,
3319 5585 3388 5625 ex
3433 5569 3607 5635 impn-

2029 5677 2173 5732 denti
2207 5675 2464 5729 dilatione
2489 5673 2749 5728 lucretur.
2783 5671 2906 5725 Haec
2933 5684 3058 5724 cum
3105 5669 3361 5721 decernat
3405 5674 3604 5721 canon,

2028 5780 2170 5836 saepe
2221 5763 2503 5836 quaesitum
2565 5772 2647 5818 est
2700 5779 2768 5816 an
2819 5775 2912 5831 per
2968 5764 3287 5829 praesentem
3340 5765 3604 5809 canonem
