4072 6458
423 345 519 406 187

1689 347 1972 408 THEOD.
2017 343 2425 406 BALSAMON

3563 350 3658 411 183

421 451 622 522 synodo
659 453 984 519 permissum
1017 453 1107 517 sit,
1160 453 1555 510 inobedientem
1601 470 1665 510 ac
1709 465 2022 508 contuma-i

2126 453 2312 525 νεδόθη
2368 455 2457 507 διὰ
2509 454 2604 508 τοῦ
2659 457 2902 508 τοιούτου
2944 456 3170 521 κανόνος
3221 459 3285 528 τῇ
3331 459 3540 532 συνόδῳ
3570 462 3664 515 καὶ

423 558 538 599 cem
564 545 872 612 episconum
898 545 1216 612 depositioni
1269 547 1554 622 subjicere.
1591 546 1851 600 Dixerunt
1893 561 1992 599 au-

427 646 532 690 tem
556 635 740 704 aliqui,
771 651 799 688 a
836 636 1206 690 misericordia
1233 637 1396 690 nimis
1437 638 1669 692 alienum
1725 652 1871 698 esse.
1934 644 1993 689 ut

425 724 496 780 ob
554 726 970 781 inobedientiam
1025 729 1140 783 sive
1220 730 1613 783 contumaciam
1693 728 1996 796 deponatur

427 815 748 884 episcopus:
785 819 877 871 sed
911 817 1068 872 aliter
1099 819 1293 872 debere
1325 819 1468 873 illum
1514 819 1712 888 puniri.
1749 820 1804 872 Si
1849 819 1993 872 enim

429 919 489 958 ea
520 914 684 970 esset,
721 906 993 974 inquiunt,
1025 909 1390 976 apostolorum
1417 911 1706 973 sententia,
1751 920 1810 964 ιιι
1835 911 1998 976 depo-

431 1007 649 1050 neretur
718 999 1028 1066 episcopus,
1101 1001 1448 1069 depositionis
1518 1001 1570 1054 in
1629 1001 1730 1055 hoc
1793 1015 1999 1054 canone

429 1088 820 1143 meminissent.
839 1089 942 1142 Alii
973 1099 1148 1145 autem
1186 1091 1452 1153 dixerunt,
1474 1091 1616 1160 quod
1647 1107 1713 1146 ex
1746 1093 1992 1160 proxime

430 1177 574 1231 edita
607 1193 634 1229 a
669 1178 777 1231 Deo
816 1181 1056 1233 coronati
1101 1189 1155 1233 et
1203 1183 1371 1234 sancti
1424 1182 1767 1248 imperatoris
1820 1182 1990 1235 nostri

431 1269 736 1323 veneranda
767 1268 1008 1337 Novella,
1044 1272 1353 1340 quicunque
1383 1273 1427 1327 is
1449 1273 1520 1326 sit
1549 1272 1812 1327 adversus
1842 1287 1998 1338 quem

430 1362 574 1415 actio
599 1362 916 1428 intenditur,
944 1364 985 1416 si
1020 1364 1069 1416 in
1098 1363 1358 1431 judicium
1391 1373 1634 1427 vocetur,
1666 1373 1717 1418 ct
1745 1374 1864 1433 post
1889 1373 1998 1417 trcs

433 1452 864 1507 denuntiationes
921 1469 1016 1523 per
1056 1465 1162 1509 tres
1211 1457 1439 1524 scriptas
1487 1457 1770 1511 citationes
1823 1469 2006 1508 accer-

431 1543 588 1605 situs,
622 1553 674 1595 et
707 1559 811 1596 non
844 1546 1082 1609 veniens,
1107 1546 1494 1600 condemnatur
1524 1546 1607 1600 vel
1654 1561 1757 1599 una
1798 1555 2002 1599 tantunt

432 1643 585 1702 parte
612 1645 900 1704 praesente.
934 1636 988 1690 Si
1020 1653 1146 1705 ergo
1182 1638 1345 1690 etiam
1388 1639 1674 1706 episcopus
1722 1653 1841 1692 cum
1909 1640 2005 1690 da-

436 1725 582 1779 tione
619 1725 779 1780 libelli
807 1743 871 1781 ac
902 1728 1118 1793 scriptis
1172 1728 1425 1798 legitimis
1475 1739 1764 1785 accusatus
1819 1729 2002 1794 fuerit,

2095 545 2414 616 καθαιρέσει
2459 547 2891 601 καθυποϐάλλειν
2932 550 3025 602 τὸν
3082 551 3286 622 ἀπειθῆ
3337 552 3662 608 ἐπίσκοπον.

2095 638 2206 690 Καὶ
2241 632 2395 691 εἶπόν
2431 655 2576 702 τινες
2608 639 2684 702 ὡς
2714 640 3043 709 ἀσυμπαθὲς
3095 643 3245 695 ἐστιν
3279 643 3337 708 ἐξ
3379 645 3669 705 ἀπειθείας

2096 729 2481 797 καθαιρεῖσθαι
2529 730 2866 784 ἐπίσκοπονο
2918 733 3096 797 ἄλλως
3148 735 3205 788 δέ
3263 752 3382 798 πως
3426 739 3671 804 ὀφείλειν

2099 821 2461 891 ἐπιτιμᾶσθαι
2511 822 2695 876 αὐτόν.
2730 825 2791 876 Εί
2833 823 2944 894 γάρ
2986 821 3054 895 ἦν
3101 825 3347 895 θελητὸν,
3381 829 3534 897 φασὶ,
3578 831 3671 883 καὶ

2097 915 2209 976 τοῖς
2261 913 2581 976 ἀποστόλοις
2607 915 2994 985 καθαιρεῖσθαι
3033 917 3126 970 τὸν
3152 920 3473 986 ἐπίσκοπον,
3506 923 3676 991 ἐμνή-

2102 1005 2311 1073 σθησαν
2347 1005 2412 1058 ἂν
2463 1008 2521 1059 ἐν
2568 1007 2647 1078 τῷ
2691 1008 2875 1062 κανόνι
2907 1011 3001 1062 καὶ
3052 1011 3451 1080 καθαιρέσεως.
3483 1015 3672 1068 Ἀλλοι

2101 1099 2156 1151 δέ
2206 1093 2362 1152 εἶπον
2407 1099 2483 1162 ὡς
2520 1101 2615 1152 καὶ
2677 1100 2786 1153 ἀπὸ
2840 1103 2939 1170 τῆς
2989 1103 3231 1172 συνεχῶς
3296 1105 3675 1176 ἐξενεχθείσης

2105 1191 2494 1261 προσκυνητῆς
2551 1194 2753 1262 νεαρᾶς
2823 1192 2918 1246 τοῦ
2991 1194 3318 1263 θεοστεφοῦς
3372 1198 3676 1264 κρατίστου

2104 1283 2197 1334 καὶ
2227 1283 2384 1350 ἁγίου
2449 1284 2607 1353 ἡμῶν
2657 1285 3081 1354 αὐτοκράτορος,
3141 1287 3287 1350 ἄπας
3344 1289 3678 1358 ἐναγὸμενος

2109 1375 2591 1444 μετακαλούμενος
2640 1378 2720 1440 είς
2761 1377 2824 1430 τὸ
2863 1378 3233 1450 δικαστήριον,
3267 1382 3358 1435 καὶ
3396 1381 3536 1451 μετά
3579 1383 3682 1452 μέι

2106 1484 2230 1537 τρια
2263 1467 2558 1538 μηνύματα
2585 1469 2673 1522 διὰ
2712 1470 2880 1539 τριῶν
2907 1470 3350 1540 ἐπιφωνημάτων
3379 1473 3684 1542 ἐγγράφων

2109 1559 2286 1611 ἐλθεῖν
2332 1559 2819 1630 παρεγγυώμενος,
2857 1562 2953 1614 καὶ
2985 1562 3056 1631 μὴ
3104 1563 3418 1631 ἐρχόμενος,
3457 1564 3683 1617 καταδι-

2109 1650 2334 1715 κάζεται
2384 1652 2480 1704 καὶ
2540 1652 2879 1722 μονομερῶς.
2919 1655 2981 1706 Εί
3031 1653 3162 1722 γοῦν
3220 1654 3317 1707 καὶ
3377 1655 3686 1718 ἐπίσκοπος

2116 1743 2254 1813 μετά
2309 1743 2512 1807 δόσεως
2563 1745 2825 1798 λιϐέλλων
2889 1746 2984 1799 καὶ
3053 1747 3304 1816 νομίμων
3383 1749 3688 1815 ἐγγράφων

435 1823 488 1868 et
516 1815 568 1868 in
593 1815 682 1881 jus
722 1825 964 1880 voratus,
1008 1817 1243 1886 primum
1290 1819 1504 1886 quidem
1554 1835 1649 1886 per
1726 1819 2013 1871 denuntia-

2125 1803 2505 1908 κατηγορηθῇ,⁷
2523 1838 2618 1890 καὶ
2652 1838 2992 1908 μετακληθῇ,
3025 1803 3241 1909 πρῶτον
3275 1840 3373 1910 μὲν
3397 1803 3692 1911 δἰάΙμηινυ-

436 1906 634 1973 tiones,
695 1907 893 1963 deinde
957 1911 1118 1963 etiam
1162 1925 1258 1976 per
1319 1910 1417 1963 tria
1475 1912 1694 1978 scriptis
1748 1912 2009 1964 mandata

437 1996 637 2061 edicta,
675 2007 729 2050 et
758 2013 817 2052 se
846 1998 1052 2064 judicio
1087 2013 1188 2052 non
1219 1998 1493 2060 obtulerit,
1536 1999 1882 2053 damnabitur
1928 2002 2013 2054 vel

439 2101 548 2141 una
573 2095 779 2140 tantum
815 2095 967 2155 parte
1000 2097 1288 2157 praesente.
1320 2087 1418 2142 llic
1442 2103 1570 2158 ergo
1620 2091 1824 2154 vocari,
1882 2092 2015 2161 legi-

438 2175 569 2230 time
598 2175 939 2244 intelligitur.
987 2175 1195 2231 scilicet
1239 2190 1334 2246 per
1366 2176 1435 2230 '50
1480 2177 1687 2230 dierum
1731 2177 1928 2244 edicta,
1963 2187 2020 2231 et

441 2283 546 2323 non
596 2278 655 2324 ut
713 2269 958 2323 nonnulli
1017 2269 1269 2324 dixerunt
1312 2285 1407 2340 per
1453 2269 1778 2337 paucorum‘
1809 2270 2017 2325 dierum

446 2361 661 2430 scriptis
707 2364 988 2417 mandatas
1044 2363 1501 2418 denuntiationes.
1543 2361 1656 2417 Hoc
1691 2371 1870 2417 autem
1913 2362 2020 2416 alio

448 2455 611 2508 modo
642 2455 839 2508 dictum
869 2463 951 2509 est
1000 2455 1052 2508 in
1091 2455 1342 2510 tribunali
1395 2455 1684 2524 imperiali,
1737 2465 1792 2510 et
1851 2455 2022 2520 magis

445 2547 499 2601 in
531 2561 693 2601 causa
724 2548 960 2615 episcopi
1003 2548 1259 2613 Bestente,
1317 2557 1372 2601 et
1413 2545 1713 2613 iudicatum
1763 2555 1869 2608 est,
1928 2561 2024 2615 per

449 2639 550 2692 tria
579 2637 816 2708 legitima
847 2639 1023 2692 edicta
1053 2639 1250 2694 debere
1272 2638 1452 2692 vocari
1477 2637 1809 2706 episcopum,
1835 2638 2025 2693 adver-

449 2745 543 2784 sus
573 2745 731 2799 quem
773 2731 911 2784 actio
940 2729 1263 2794 intenditur,
1296 2739 1351 2784 et
1376 2729 1447 2782 ita
1476 2737 1694 2799 propter
1738 2739 2022 2782 contuma-

449 2823 587 2876 ciam
625 2822 997 2877 condemnari.
1028 2822 1387 2876 Condemuari
1440 2822 1655 2890 quidem
1711 2821 2020 2892 episcopum

450 2921 825 2967 contumacem
891 2913 1045 2980 juxta
1113 2913 1334 2968 illustris
1391 2913 1736 2984 imperatoris
1813 2913 2018 2967 domini

450 3002 713 3056 Manuelis
751 3002 1010 3056 Cotnneni
1045 3001 1518 3068 Novellam,extra
1543 3015 1758 3055 onmem
1790 3010 1872 3054 est
1895 3016 2027 3054 cou—

456 3091 797 3145 Iroversiam.
853 3091 944 3145 Sic
1009 3091 1152 3145 enim
1206 3102 1263 3144 ut
1326 3093 1526 3145 dictum
1580 3101 1681 3155 est,
1728 3089 2026 3158 iudicatum

453 3180 556 3234 fuit
585 3182 724 3247 apud
755 3181 958 3249 regium
992 3191 1046 3234 ct
1076 3180 1313 3234 divinum
1345 3181 1651 3235 tribunal.A
1678 3180 1887 3235 duobus
1933 3196 2029 3233 au-

455 3278 561 3323 tem
585 3268 916 3322 antistitibus
946 3277 1000 3322 et
1051 3284 1154 3323 non
1194 3269 1348 3322 aliter
1377 3269 1705 3323 vocationem
1742 3270 1857 3336 ejus
1895 3271 2029 3348 fieri,

456 3370 515 3413 ιιι
543 3357 786 3412 nonnulli
822 3358 1096 3422 dixerunt,
1132 3373 1236 3410 non
1265 3367 1346 3412 est
1376 3357 1671 3412 secundum
1710 3359 1883 3428 legem
1932 3372 2029 3412 nec

457 3463 488 3502 e
515 3448 777 3503 sententia
795 3449 1075 3516 prmsentis
1097 3441 1336 3506 canonis.
1367 3443 1496 3506 Cum
1522 3449 1609 3507 hic
1629 3451 1770 3507 enint
1799 3450 2035 3522 scriptus

459 3541 560 3596 fuit
593 3539 990 3611 neejudicibus
1024 3551 1076 3596 et
1102 3543 1324 3596 notariis
1355 3543 1810 3610 patriarchalibus
1845 3559 1941 3613 per
1975 3558 2032 3597 se

459 3635 618 3688 ﬁdem
649 3633 831 3687 haberi
862 3633 914 3687 in
957 3647 1053 3687 usu
1087 3633 1208 3697 fuit,
1233 3644 1287 3688 et
1312 3635 1429 3687 ideo
1459 3634 1877 3688 determinatum
1907 3633 2030 3700 fuit,

459 3723 760 3778 antistitum
792 3725 1103 3778 vocationes
1126 3741 1154 3776 a
1196 3724 1405 3779 duobus
1437 3723 1554 3778 ﬁeri
1591 3722 1877 3792 episcopis.
1926 3721 2034 3776 llo-

461 3817 548 3870 die
570 3826 748 3870 autem
785 3831 904 3870 cum
932 3815 1205 3882 iudicibus
1231 3823 1286 3870 et
1317 3815 1546 3869 notariis
1576 3812 2036 3881 patriarclialibus

462 3923 560 3977 per
591 3923 650 3963 se
679 3908 942 3964 habeatur
985 3907 1139 3971 ﬁdes,
1200 3908 1510 3962 necessario
1566 3915 1621 3960 et
1673 3920 1794 3974 qua:
1845 3905 1910 3957 ab
1955 3904 2035 3959 eis

457 3998 601 4058 ﬁunt
630 3999 826 4065 edicta,
864 3998 1143 4068 reprobari
1181 4011 1287 4050 non
1333 4003 1582 4064 possunt.
1636 3993 1806 4048 Recte
1855 3995 2039 4062 itaque

465 4090 912 4145 condemnabitur
938 4089 1030 4159 qui
1063 4104 1157 4158 per
1187 4103 1248 4142 ea
1279 4094 1535 4141 evocatus
1569 4084 1729 4139 fuerit
1774 4093 1828 4138 ct
1876 4085 1926 4137 in
1955 4083 2041 4152 ju-

391 4180 395 4183 ’
466 4180 609 4235 dicio
643 4197 747 4235 non
785 4181 1009 4247 stiterit,
1060 4178 1494 4249 quandoquidem
1541 4174 1714 4229 edicta
1761 4189 1865 4228 non
1916 4184 2041 4229 sunt

465 4285 533 4326 ex
613 4287 676 4326 co
764 4271 1085 4326 labefactata
1162 4270 1289 4340 quia
1370 4265 1438 4321 ab
1478 4263 1846 4338 ;antistitibu_s
1935 4278 2038 4318 non

470 4365 626 4420 ﬁunt.
943 4369 946 4373 ’

543 4632 797 4688 ZONAR.
839 4632 903 4686 Et
937 4632 987 4685 in
1015 4626 1355 4698 sexagesimo
1378 4626 1556 4697 primo
1588 4638 1796 4680 canone
1835 4622 2042 4676 dictum

473 4724 573 4779 fuit
598 4739 626 4777 a
658 4723 835 4786 nobis,
860 4721 1005 4791 quod
1045 4718 1358 4788 episc0pum
1410 4730 1517 4769 non
1559 4714 1739 4784 quivis
1787 4726 2046 4766 accusare

475 4824 674 4886 potest,
705 4818 797 4870 sed
823 4813 1103 4881 inrulpati,
1125 4817 1179 4864 et
1224 4807 1510 4863 orthodoxi
1569 4804 1816 4860 homines
1852 4821 1865 4856 :
1901 4803 2047 4872 quod

474 4917 531 4962 et
556 4905 821 4974 signiﬁcat
854 4902 963 4974 49
993 4901 1080 4955 hic
1111 4912 1308 4962 canon,
1347 4897 1472 4951 dum
1501 4895 1656 4961 dicit,
1703 4895 1767 4947 ab
1821 4889 2048 4946 homini-

477 4999 570 5053 bus
610 4997 713 5067 ﬁde
746 4997 940 5065 dignis.
989 4994 1033 5046 Α
1081 4991 1274 5044 talibus
1308 4990 1473 5060 igitur
1508 4989 1552 5043 si
1597 4997 1877 5040 accusetur
1933 4979 2048 5054 epi-

479 5104 694 5160 scopus,
726 5089 778 5142 in
805 5087 1082 5141 absentem
1119 5097 1226 5138 non
1257 5089 1468 5151 oportet
1521 5079 1842 5134 sententiam
1883 5078 2044 5144 ferre,

479 5167 721 5234 sed'eum
750 5177 922 5232 citare
954 5188 1223 5242 :cumqne
1256 5173 1485 5232 venerit,
1523 5184 1607 5236 ea,
1645 5184 1765 5239 quae
1793 5168 2047 5221 dicuntur

483 5270 535 5324 in
567 5269 762 5337 ipsum,
795 5265 1000 5320 audire.
1028 5263 1317 5332 Postquam
1347 5261 1577 5315 audierit
1606 5269 1783 5314 autem
1835 5258 1918 5312 vel
1946 5257 2046 5311 ob-

480 5360 625 5430 jecta
664 5358 764 5413 sibi
797 5357 1024 5413 crimina
1053 5355 1329 5418 fatebitur,
1368 5353 1448 5407 vel
1472 5353 1720 5407 inﬁcians
1763 5349 2050 5403 convince-

2070 4467 2121 4528 D

2118 1934 2326 2002 μάτων,
2366 1927 2485 1984 εἶτα
2534 1932 2627 1984 καὶ
2661 1932 2750 1986 διά
2796 1932 2963 2000 τριῶν
3000 1931 3292 2002 ἐγγράφων
3331 1933 3698 2001 ἐπιφωνημά-

2113 2041 2241 2087 των,
2283 2025 2377 2077 καὶ
2419 2025 2520 2078 οὐκ
2565 2025 2872 2095 ἀπαντήσει
2921 2025 3003 2087 είς
3051 2024 3113 2076 τὸ
3174 2023 3549 2094 δικαστήριον,
3583 2023 3695 2078 κᾶν

2121 2114 2440 2185 μονομερῶς
2487 2116 3045 2187 καταδικασθήσεται.
3101 2115 3176 2169 Τδ
3229 2117 3339 2186 γὰρ
3392 2115 3695 2168 καλεῖσθαι

2119 2205 2352 2259 ἐνταῦθα
2404 2205 2542 2274 μετά
2581 2206 2783 2275 νόμους
2827 2208 3050 2268 νοεῖται,
3083 2203 3252 2275 ἦγσυν
3299 2206 3367 2258 δι’
3406 2209 3656 2274 ἐπιφωνη
3689 2236 3696 2243 -

2123 2299 2307 2368 μάτων
2334 2297 2837 2368 τριακονθημέρων,
2868 2299 2962 2351 καὶ
2994 2299 3090 2367 μὴ,
3127 2298 3200 2360 ὥς
3227 2315 3374 2360 τινες
3401 2293 3578 2359 εἷπον,
3604 2298 3701 2350 διὰ

2125 2390 2458 2460 μηνυμάτων
2487 2392 2781 2461 ἐγγράφων
2829 2391 3231 2460 ὀλιγοημέρων.
3275 2391 3448 2444 Τοῦτο
3476 2390 3532 2442 δὲ
3565 2390 3700 2442 ἐλα-

2121 2482 2260 2554 λήθη
2285 2483 2559 2554 διαφόρως
2590 2485 2684 2536 ἐπὶ
2730 2483 2976 2553 βήματος
3011 2482 3313 2552 βασιλικοῦ,
3350 2483 3443 2535 καὶ
3495 2481 3704 2550 μᾶλλον

2123 2576 2180 2626 ἐν
2206 2578 2271 2645 τῇ
2296 2575 2552 2628 ὑποθέσει
2586 2574 2679 2627 τοῦ
2704 2576 3000 2628 ἐπισκόπου
3031 2575 3296 2644 Βεσαίνης
3321 2591 3334 2604 ο
3373 2573 3468 2626 καὶ
3501 2572 3705 2641 ἐκρίθη

2123 2667 2214 2723 διὰ
2246 2670 2413 2738 τριῶν
2459 2669 2708 2739 νομίμων
2751 2669 3216 2738 ἐπιφωνημάτων,
3249 2667 3489 2735 ὀφείλειν
3535 2683 3710 2735 μετα-

2125 2759 2410 2814 καλεῖσθαι
2443 2761 2536 2814 τὸν
2582 2761 2912 2829 ἐναγόμενον
2947 2760 3273 2825 ἐπίσκοπον,
3305 2758 3403 2812 καὶ
3435 2757 3610 2820 οὕτως
3640 2757 3706 2823 ἐξ

2127 2853 2412 2911 ἀπειθείας
2481 2851 2966 2916 καταδικάζεσθαι.
3030 2851 3103 2904 Τὸ
3179 2851 3280 2921 μὲν
3336 2849 3710 2912 καταδικάζε-

2130 2948 2253 3001 σθαι
2300 2947 2412 3019 (15)
2460 2948 2551 3002 τὸν
2599 2949 2800 3017 ἀπειθῆ
2837 2949 3136 3001 ἐπίσκοπον
3178 2948 3322 3000 κατά
3373 2946 3474 3015 τὴν
3495 2943 3706 3012 νεαρὰν

2129 3041 2223 3093 τοῦ
2262 3040 2511 3110 ἀοιδίμου
2545 3038 2810 3109 βασιλέως
2849 3039 3019 3110 κυροῦ
3059 3039 3316 3107 Μανουὴλ
3355 3037 3449 3090 τοῦ
3475 3039 3705 3105 Κομνη-

2057 3129 2098 3187 C
2131 3133 2222 3185 νοῦ
2251 3133 2462 3216 ἄμαχόν
2489 3133 2909 3203 ἐστι.Κὲκριται
2931 3133 3038 3202 γὰρ
3063 3130 3226 3196 οὕτω,
3247 3130 3430 3193 καθὼς
3463 3130 3704 3198 εἴρηται,

2135 3225 2284 3296 παρὰ
2333 3224 2410 3293 τῷ
2458 3223 2723 3293 βασιλικῷ
2772 3225 2862 3276 καὶ
2907 3223 3034 3294 θείῳ
3086 3222 3314 3293 βήματι.
3361 3223 3434 3274 Τὸ
3473 3222 3528 3274 δὲ
3566 3220 3710 3290 μετὰ

2133 3316 2226 3369 δύο
2270 3317 2572 3386 ἀρχιερέων
2620 3316 2715 3368 καὶ
2762 3314 2836 3385 μὴ
2872 3314 3045 3376 ἄλλως
3093 3333 3209 3376 πως
3247 3314 3346 3384 τὴν
3377 3314 3569 3367 τούτου
3605 3330 3708 3381 με-

2132 3411 2399 3482 τάκλησιν
2421 3410 2686 3478 γίνεσθαι,
2711 3409 2784 3472 ῶς
2810 3427 2949 3472 τινες
2991 3405 3165 3474 εἷπον,
3195 3409 3295 3462 οὐκ
3323 3409 3440 3461 ἐστι
3466 3408 3707 3476 νόμιμον

2133 3505 2254 3558 οὐδὲ
2299 3505 2398 3573 τῆς
2438 3504 2646 3566 ἐννοίας
2690 3502 2783 3555 τοῦ
2828 3503 3095 3572 παρόντος
3128 3491 3384 3566 κανόνος.
3417 3505 3549 3556 Ὅτε
3596 3501 3709 3569 γὰρ

2133 3594 2290 3662 οὗτος
2337 3598 2553 3668 ἐγράιῖη
2607 3595 2733 3650 οὔτε
2785 3593 3057 3648 δικαστῶν
3112 3594 3238 3647 οὕτε
3281 3601 3710 3668 πατριαρχικῶν

2135 3695 2398 3763 νοταρίων
2438 3693 2657 3759 ἐνήργει
2698 3689 3042 3749 αὐτοπιστία,
3084 3689 3178 3740 καὶ
3226 3687 3314 3740 διὰ
3362 3689 3520 3742 τοῦτο
3573 3709 3712 3760 προ-

2135 3787 2341 3839 6αίνειν
2370 3782 2581 3854 ὡρίσθη
2603 3782 2703 3839 τὰς
2735 3779 2846 3832 τῶν
2874 3779 3175 3851 ἀρχιερέων
3214 3781 3582 3849 μετακλήσεις
3611 3784 3711 3836 ἐπὶ

2137 3876 2452 3930 ἐπισκόπων
2477 3873 2589 3927 δύο.
2630 3872 2879 3942 Σήμερον
2920 3870 2977 3923 δέ
3026 3869 3126 3937 τῆς
3154 3869 3264 3922 τῶν
3287 3871 3560 3925 δικαστῶν
3606 3876 3706 3926 καὶ

2136 3969 2245 4021 τῶν
2300 3961 2716 4035 πατριαρχικῶν
2756 3957 3018 4028 νοταρίων
3059 3957 3414 4023 αὑτοπιστίας
3451 3961 3710 4030 ἐνεργού-

2140 4077 2260 4128 σης,
2291 4057 2350 4121 ἐξ
2380 4055 2626 4122 ἀνάγκης
2655 4051 2749 4105 καὶ
2779 4050 2848 4102 τὰ
2877 4049 2944 4101 δι’
2975 4047 3156 4102 αὐτῶν
3188 4052 3448 4120 γινόμενα
3493 4054 3706 4120 ἐπιφω-

2137 4153 2358 4222 νήματα
2422 4147 2606 4214 ἕξουσι
2665 4146 2725 4199 τὸ
2787 4145 3284 4215 ἀπαρεγχείρητον.
3357 4143 3554 4205 Καλῶς
3614 4138 3709 4197 οὗν

2139 4241 2676 4310 καταδικασθήσεται
2704 4239 2733 4291 ὁ
2773 4237 2841 4291 δι’
2889 4237 3071 4291 αὐτῶν
3100 4235 3467 4306 ἐπιφωνηθεὶς
3497 4235 3593 4287 καὶ
3634 4234 3712 4304 μὴ

2139 4336 2457 4405 ἀπαντήσας
2487 4333 2566 4393 είς
2597 4331 2656 4383 τὺ
2685 4330 3058 4400 δικαστήριον,
3091 4329 3165 4392 ὠς
3195 4327 3305 4381 τῶν
3340 4329 3590 4397 ἐπιφωνη
3602 4326 3708 4394 μά-

2147 4445 2255 4482 των
2305 4426 2380 4496 μὴ
2421 4423 2861 4492 κατασειομένων
2903 4423 2967 4474 ἐκ
3019 4420 3112 4474 τοῦ
3150 4419 3227 4490 μὴ
3279 4418 3532 4489 γενέσθαι
3559 4417 3717 4488 παρὰ

2147 4516 2469 4588 ἀρχιερέων.

2214 4610 2459 4663 ΖΩΝΑΡ.
2497 4605 2606 4660 Καὶ
2639 4607 2695 4658 ἐν
2727 4604 2802 4675 τῷ
2833 4605 2912 4668 ξαν
2963 4602 3148 4658 κανόνι
3201 4603 3418 4672 εἴρηται
3462 4602 3597 4670 ἡμῖν
3637 4600 3716 4663 ὡς

2143 4703 2205 4757 οὐ
2261 4704 2369 4765 πᾶς
2417 4718 2498 4763 τις
2556 4699 2884 4769 κατηγορεῖν
2941 4695 3243 4748 ἐπισκόπου
3305 4694 3550 4756 δύναται,
3598 4693 3717 4745 ἀλλ’

2143 4795 2501 4864 ἀνεπίληπτοι
2531 4791 2810 4860 ἄνθρωποι
2842 4787 2937 4841 καὶ
2967 4785 3270 4856 ὀρθόδοξοι·
3299 4787 3460 4838 τοῦτο
3493 4782 3583 4838 οὖν
3620 4785 3716 4838 καὶ

2145 4889 2173 4940 ὁ
2208 4883 2387 4938 κανὼν
2429 4877 2584 4946 οὗτος
2611 4881 2763 4950 δηλοῖ
2793 4879 2882 4933 διὰ
2909 4878 3004 4931 τοῦ
3049 4878 3249 4946 λέγειν,
3285 4877 3444 4946 παρὰ
3473 4876 3714 4940 ἀξιοπί-

2147 4994 2312 5033 στων
2336 4975 2681 5044 ἀνθρώπων.
2714 4973 2834 5027 Κᾶν
2866 4971 2956 5025 οὖν
2993 4971 3143 5041 παρὰ
3177 4971 3435 5022 τοιούτων
3471 4984 3715 5036 κατηγο⁴

2151 5072 2327 5143 ρεῖται
2375 5067 2692 5130 ἐπίσκοπος,
2722 5065 2782 5117 οὐ
2832 5063 2936 5134 χρὴ
2971 5062 3138 5116 αὑτοῦ
3186 5061 3418 5123 ἀπόντος
3468 5057 3721 5128 καταψη-

2153 5159 2426 5231 φίζεσθαι·
2459 5156 2595 5209 ἀλλὰ
2624 5152 3047 5223 μετακαλεῖσθαι
3078 5149 3374 5211 abs-omni.
3395 5146 3715 5229 ἐρχόμενον,

2150 5253 2262 5306 τῶν
2293 5249 2415 5302 κατ’
2447 5245 2611 5302 αὐτοῦ
2661 5245 2968 5312 λεγομένων
3003 5241 3243 5294 ἀκούειν.
3282 5237 3544 5299 Ἀκούσας
3577 5236 3654 5297 δὲ,
3685 5236 3718 5305 ἢ

2154 5338 2478 5413 ὁμολογήσει
2527 5335 2592 5389 τὰ
2645 5334 2961 5401 ἐπαγόμενα
3007 5330 3156 5400 αὐτῷ
3203 5328 3527 5397 αἰτιάματα,
3560 5327 3592 5398 ἢ
3627 5327 3725 5394 ἀρ-

1706 5484 1904 5547 Guill.
1934 5477 2266 5556 Beveregii
2306 5482 2471 5537 notae

565 5617 673 5686 (15)
704 5617 772 5669 Τὸ
797 5615 911 5685 μὲν
937 5612 1448 5686 καταδικάζεσραιμ.
1487 5608 1613 5662 Haec
1635 5619 1823 5686 _usque
1861 5603 1925 5686 ad
1955 5602 2048 5682 ab-

494 5673 669 5738 soluta
722 5673 977 5739 iu'hunc
1021 5697 1280 5738 canonem
1347 5678 1682 5734 Balsamonis
1739 5673 1942 5727 scholia
1992 5673 2044 5723 in

498 5754 773 5814 impressis
795 5754 1073 5811 codicibus
1100 5753 1303 5809 Graecis
1338 5751 1739 5807 desiderantur.
1767 5743 1871 5796 Sed
1895 5740 2010 5794 Gen
2027 5768 2042 5780 -

2159 5598 2337 5652 tianus
2374 5593 2638 5646 llervetus
2662 5589 2806 5653 legit,
2829 5599 2877 5640 et
2905 5585 3095 5639 Latine
3121 5582 3306 5636 vertit.
3346 5580 3449 5653 Nos
3471 5577 3722 5653 Gramina

2162 5649 2364 5721 teritum
2411 5679 2474 5716 ex
2524 5676 2629 5714 ms.
2678 5649 3135 5712 Butlleiauonunc
3157 5654 3386 5723 primum
3437 5651 3488 5702 in
3547 5649 3723 5700 lucent

2155 5735 2502 5795 pt'ofcritittts.
