4072 6420
309 405 414 468 103

1490 403 1574 464 ΙΝ
1616 399 1788 462 CAN.
1827 397 2135 462 LXXVIII
2168 399 2402 461 APOST

3478 410 3579 474 194

301 521 358 572 εί
385 517 454 570 τὰ
491 516 798 586 πράγματα
833 515 989 569 ἅτινα
1017 517 1307 569 ἐπικτᾶται
1339 517 1366 568 6
1399 515 1700 576 ἐπίσκοπος
1743 510 1889 581 μετὰ

2007 509 2058 562 ιιΙ
2091 501 2225 578 quos
2255 511 2366 564 vult
2399 513 2792 579 transmittere,
2849 517 3018 572 multo
3061 517 3232 590 magis
3287 520 3580 589 episcopa-

297 611 405 682 τὴν
440 610 786 680 χειροτονίαν
821 609 884 661 ἐκ
916 610 1022 660 τῶν
1046 612 1142 680 τῆς
1187 607 1511 679 Ἑκκλησίας
1545 605 1788 668 εἰσόδων,
1821 605 1881 656 οὐ

294 701 533 755 δύναται
584 698 940 769 δωρεῖσθαιῆ
975 699 1372 767 παραπέμπειν
1407 699 1542 767 πρὸς
1575 695 1667 759 οὒς
1704 693 1890 763 βούλε-

292 807 418 857 ται,
455 791 642 860 πολλῷ
685 790 890 860 μᾶλλον
935 791 1033 862 τὴν
1070 791 1401 860 ἐπισκοπὴν.
1437 787 1738 856 ’Δνὲιγνωθι
1790 786 1890 854 τῆς

296 885 362 935 ἐν
397 882 743 954 Καρθαγένῃ
793 881 1014 933 συνόδου
1063 881 1266 933 κανόνα
1299 880 1378 949 λβ¹
1414 880 1510 932 καὶ
1544 879 1643 947 τῆς
1679 879 1736 928 ἐν
1780 877 1892 929 ’Λν-

303 974 518 1043 τιοχεία
561 975 767 1026 κανόνα
813 972 901 1040 κγ’
948 972 1298 1042 λέγονταλμὴ
1341 972 1543 1037 ἐξεῖναι
1575 972 1886 1039 ἐπισκόπῳ,

302 1065 406 1116 κᾶν
435 1065 693 1134 τελευτᾷ,
728 1063 918 1133 ἕτερον
943 1062 1208 1132 καθιστᾷν
1240 1062 1487 1132 διάδοχον
1518 1060 1739 1114 ἑαυτοῦ.

376 1152 639 1206 ΖΩΝΛΡ.
696 1152 807 1222 Τὴν
873 1153 1263 1222 ἀρχιερατικὴν
1317 1152 1570 1218 ἐξουσίαν
1625 1150 1728 1220 τῆς
1791 1151 1887 1202 τοῦ

301 1244 464 1311 ἁγίου
533 1244 855 1313 Πνεύματος
903 1245 1130 1312 χάριτος
1173 1243 1345 1311 δῶρον
1393 1243 1712 1312 νομίζεσθαι
1752 1243 1883 1312 χρὴ.

300 1336 434 1400 Πῶς
493 1331 590 1388 οὖν
637 1352 721 1396 τις
748 1337 850 1404 τὴν
886 1336 1047 1405 χάριν
1089 1335 1182 1387 τοῦ
1224 1337 1542 1404 Πνεύματος
1576 1335 1650 1396 ὡς
1684 1335 1889 1404 κλῆρον

303 1425 675 1494 μετ-,ϐιϐάσει
725 1425 865 1492 πρὸς
911 1426 1118 1493 ἕτερον,
1153 1426 1303 1496 αὑτῷ
1348 1427 1742 1495 χαριζόμενοςς
1789 1426 1891 1479 Διὰ

299 1517 470 1568 ’τοῦτο
531 1519 592 1570 οὑ
645 1517 1066 1587 συγκεχώρηται
1115 1521 1228 1581 τοῖς
1265 1520 1588 1582 ἐπισκόποις
1618 1519 1734 1573 ἀνθ’
1767 1522 1892 1573 ἐαυ-

298 1608 416 1659 τῶν
462 1609 711 1679 ἐτέρους,
742 1608 836 1671 οὒς
894 1608 1198 1678 βούλονται,
1250 1612 1333 1673 είς
1381 1612 1479 1674 τὰς
1528 1611 1650 1664 κατ’
1691 1611 1891 1674 αὐτοὺς

300 1699 612 1766 ἐκκλησίας
662 1700 1013 1771 ἐγκαθινστᾷν.
1079 1702 1290 1764 Οἵτινες
1340 1703 1450 1772 γὰρ
1498 1701 1532 1756 ἃ
1584 1705 1888 1772 ἐκτήσαντο

305 1792 627 1859 πράγματα
661 1793 718 1844 ἐν
756 1790 835 1861 τῷ
870 1791 967 1861 τῆς
990 1794 1297 1861 ἐπισκοπῆς
1330 1793 1506 1864 καιρῷ
1538 1795 1636 1846 οὐκ
1673 1795 1888 1864 ἔχουσιν

2001 611 2133 656 ιυιιι.
2164 601 2303 672 Lege.
2331 605 2515 660 Carth.
2549 623 2692 677 syn.,
2746 624 2866 662 can.
2910 610 2980 664 32
3026 620 3080 664 et
3131 611 3388 666 Antioch.
3432 628 3578 684 εχει..

2000 708 2120 748 can.
2149 697 2241 762 25,
2276 697 2516 752 dicentes
2548 713 2651 752 non
2685 699 2851 754 licere
2888 701 3162 771 episcopo,
3209 703 3422 758 etiamsi
3467 720 3582 758 mo-

2002 786 2194 850 riatur,
2245 788 2408 842 alium
2464 791 2834 845 succcsmretn
2879 808 3035 846 suum
3081 794 3394 864 episcopum
3445 810 3579 850 con-

1997 876 2243 933 Stituere.

2069 1139 2324 1196 ZONAR.
2378 1140 2720 1200 Pontiﬁciam
2764 1147 3082 1214 potentiam,
3125 1152 3298 1204 sancti
3347 1150 3582 1221 Spiritus

1998 1235 2182 1304 gratia:
2214 1237 2411 1289 donum
2451 1240 2710 1293 convenit
2730 1239 3054 1294 existimari.
3075 1239 3316 1296 Gratiam
3346 1243 3581 1314 Spiritus

1999 1325 2180 1395 igitur,
2217 1326 2364 1380 velut
2388 1327 2783 1394 hereditatem,
2816 1334 3094 1397 quomodo
3117 1333 3241 1403 quis
3269 1333 3322 1387 in
3349 1338 3578 1390 alterum

1998 1417 2306 1480 "transferet,
2377 1419 2479 1487 ipsi
2548 1421 2908 1488 gratificans?
2955 1421 3274 1492 Propterea,
3337 1442 3440 1480 non
3499 1437 3582 1481 est

1997 1509 2266 1576 episcopis
2303 1509 2651 1578 permissum,
2685 1511 2808 1566 loco
2858 1516 2976 1592 sui,
3013 1530 3148 1583 quos
3199 1517 3404 1581 volunt,
3448 1518 3582 1570 alios

2000 1600 2050 1653 in
2079 1600 2342 1654 ecclesias
2374 1601 2474 1656 sibi
2507 1603 2780 1672 subiectas
2805 1605 3084 1659 inducere.
3116 1605 3250 1660 Nam
3283 1608 3373 1676 qui
3413 1609 3582 1662 liber-

1999 1693 2162 1743 tatem
2195 1707 2298 1743 non
2333 1691 2532 1745 habent
2561 1694 2925 1764 relinquendi,
2962 1697 3158 1766 quibus
3209 1701 3416 1761 volunt,
3472 1715 3580 1764 res,

2001 1795 2135 1848 quas
2168 1783 2512 1850 episcopatus
2560 1785 2641 1837 sui
2697 1794 2936 1854 tempore
3009 1788 3364 1855 possederunt
3424 1789 3578 1859 (nisi,

309 1881 506 1934 ἄδειαν
559 1881 998 1952 καταλιμπάνειν
1033 1883 1114 1947 οἷς
1169 1884 1450 1954 βούλονται
1505 1887 1577 1955 (εἰ
1619 1887 1694 1955 μὴ
1725 1886 1794 1937 τά
1833 1887 1898 1938 ἐκ

2007 1887 2122 1942 qum
2161 1885 2513 1943 cognatorum
2545 1877 2888 1932 successione
2924 1877 3055 1947 ipsis
3105 1880 3464 1948 obvenerunt,
3523 1891 3582 1935 ut

305 1974 568 2045 διαδοχῆς
601 1975 882 2043 συγγενῶν
913 1976 1271 2047 περιελθόντα
1316 1977 1522 2044 αὐτοῖς,
1556 1977 1630 2036 ὡς
1681 1979 1708 2030 6
1738 1995 1896 2049 τρια-

311 2067 514 2129 κοστὸς
544 2066 803 2137 δεύτερος
836 2067 1017 2120 κανὼν
1051 2069 1149 2138 τῆς
1189 2071 1248 2122 ἐν
1299 2069 1632 2142 Καρθαγένῃ
1676 2072 1895 2124 συνόδου

317 2159 498 2229 φησὶ),
539 2159 657 2220 πῶς
680 2158 852 2228 αὐτὴν
881 2161 981 2230 τὴν
1013 2161 1322 2232 ἐπισκοπὴν
1347 2164 1428 2226 είς
1469 2163 1692 2234 ἐτέρους
1734 2182 1900 2235 μετα-

315 2249 662 2311 σιὸἀσουσ.ν,
691 2251 880 2322 ὥσπερ
912 2253 1278 2323 κληρονόμους
1301 2255 1501 2318 αὐτοὺς
1533 2257 1628 2326 τῆς
1659 2275 1894 2328 ποιμαν-

317 2341 481 2410 τικῆς
525 2342 797 2406 ἐξουσίας,
849 2344 942 2396 καὶ
974 2344 1074 2414 τῆς
1099 2346 1414 2412 οἰκονομίας
1465 2347 1573 2402 τῶν
1606 2351 1899 2418 πτωχικῶν

237 2451 248 2464 ·
318 2435 669 2503 πραγμάτων
711 2435 1238 2505 καταλιμπάνοντες,
1287 2441 1382 2491 καὶ
1445 2439 1532 2493 διὰ
1590 2440 1762 2503 πάθος
1805 2441 1901 2494 ἀν-

317 2523 596 2592 θρώπινον
645 2525 856 2594 (φιλίαν
889 2527 1090 2595 δηλαδὴ
1133 2527 1165 2598 ἢ
1205 2529 1391 2598 σχέσιν
1443 2532 1797 2603 συγγενικὴν)
1831 2533 1899 2588 τὰ

315 2613 394 2683 τῷ
432 2614 555 2684 Θεῷ
609 2615 1121 2688 ἁφιερωθένταωῖς
1174 2620 1454 2690 βούλονται
1505 2624 1897 2694 χαριζόμενοι;

320 2704 384 2756 EI
409 2700 507 2758 οὖν
540 2707 697 2776 παρά
724 2724 870 2770 τινος
900 2707 1142 2761 τοιοῦτόν
1166 2725 1216 2762 τι
1251 2711 1501 2780 γένηται,
1535 2714 1628 2765 κα)⁵
1668 2713 1727 2766 τδ
1747 2716 1896 2782 γινόο

320 2812 487 2864 μενον
525 2797 732 2866 ἄκυρον
767 2794 910 2850 εἶναι
947 2798 1112 2866 φησὶν
1145 2799 1172 2850 6
1209 2801 1412 2867 κανὼν,
1446 2803 1541 2855 καὶ
1597 2803 1690 2858 τὶν
1741 2805 1899 2857 τοῦτο

319 2886 632 2955 ποιήσαντα
659 2887 1043 2956 ἀφορίζεσθαι.
1081 2894 1219 2952 Τοὺς
1260 2893 1369 2963 γὰρ
1402 2895 1737 2958 ἐπισκόπους
1791 2895 1899 2948 ὑπὸ

319 2979 429 3029 τῶν
458 2975 700 3032 συνόδων
744 2980 992 3046 γίνεσθαι
1046 2983 1393 3036 διατέτακται
1416 3001 1431 3016 ο
1473 2973 1567 3037 καὶ
1605 2987 1630 3038 6
1656 2987 1900 3049 εἰκοστὸς

321 3067 504 3135 τρίτος
549 3067 732 3120 κανὼν
767 3069 868 3138 τῆς
905 3073 961 3122 ἐν
1003 3071 1305 3142 Ἀντιοχείᾳ
1348 3075 1568 3128 συνόδου
1619 3075 1771 3143 λέγει
1823 3077 1898 3148 μὴ

2005 1965 2312 2020 tricesimus
2377 1969 2650 2023 secundus
2693 1971 2742 2023 in
2794 1970 3119 2040 Carthagine
3168 1975 3356 2042 synodi
3405 1990 3578 2028 canon

2002 2055 2155 2125 dicit)
2191 2059 2462 2125 quomodo
2496 2058 2669 2126 ipsum
2720 2059 3094 2128 episcopatum
3142 2062 3473 2118 transfereut
3524 2066 3578 2118 in

2003 2150 2157 2215 alios,
2185 2167 2278 2206 eos
2306 2161 2362 2204 ut
2393 2153 2676 2222 pastoralis
2705 2156 2987 2222 potestatis
3033 2156 3301 2220 haeredes,
3362 2166 3416 2210 et
3467 2157 3580 2209 dis-

2004 2243 2316 2298 tributionis
2345 2259 2528 2298 carum
2563 2259 2766 2309 rerum,
2807 2261 2927 2316 qua:
2962 2256 3088 2300 sunt
3142 2263 3436 2317 pauperum
3487 2265 3580 2302 re-

2003 2334 2329 2404 linquentes,
2359 2346 2412 2391 et
2439 2338 2677 2392 humana
2709 2339 2918 2394 incitati
2954 2339 3240 2394 affectione
3283 2339 3581 2412 (videlicet,

2003 2439 2209 2490 amore,
2243 2428 2325 2481 vel
2359 2436 2606 2498 respectu
2635 2431 2753 2483 solo
2785 2431 3235 2500 propinquorum)
3274 2433 3382 2486 Deo
3431 2433 3582 2487 dedi-

2002 2527 2145 2582 cata,
2180 2517 2265 2582 iis,
2298 2519 2495 2588 quibus
2523 2519 2728 2584 volunt,
2763 2522 2932 2591 gratis
2969 2522 3280 2577 donantes?
3319 2521 3488 2592 Igitur
3535 2525 3580 2578 si

2001 2609 2111 2663 tale
2141 2610 2270 2679 quid
2302 2611 2369 2664 ab
2398 2611 2580 2681 aliquo
2613 2612 2725 2675 ﬁat,
2753 2621 2807 2666 et
2839 2613 3050 2668 irritum
3100 2629 3245 2680 esse,
3303 2618 3446 2686 quod
3500 2616 3581 2681 ﬁt,

2003 2710 2058 2754 et
2108 2701 2198 2769 qui
2261 2700 2470 2767 fecerit,
2530 2703 3027 2769 excommunicari,
3091 2721 3264 2760 canon
3337 2707 3582 2762 mandat.

2002 2790 2296 2862 EpiscOpos
2315 2795 2464 2847 enim
2502 2803 2763 2850 statutqu
2795 2806 2877 2851 est
2915 2813 2943 2851 a
2976 2799 3180 2868 synodo
3231 2804 3427 2855 creari.
3485 2801 3586 2872 Sy-

2005 2887 2128 2938 nodi
2160 2899 2374 2954 quoque
2410 2887 2460 2939 in
2497 2887 2784 2942 Antiochia
2833 2889 3126 2943 vicesimus
3167 2891 3357 2945 tertius
3409 2906 3583 2946 canon

2005 2967 2155 3040 dicit,
2193 2978 2448 3048 episc0po
2479 2993 2582 3033 non
2614 2979 2796 3043 licere,
2834 2980 3044 3034 tametsi
3073 2980 3181 3034 vita
3232 2983 3581 3050 defungatur,

2006 3068 2232 3124 alterum
2266 3069 2548 3125 instituere
2579 3087 2948 3126 successorem
2981 3087 3162 3126 suum.
3199 3071 3312 3128 I-Ioc
3370 3083 3426 3128 et
3476 3075 3584 3139 his,

323 3158 527 3222 ἐξεῖναι
569 3162 882 3246 ἐπισκόπῳ,
931 3163 1034 3216 κᾶν
1092 3165 1338 3235 τελευτᾷ,
1386 3165 1577 3235 ἕτερον
1633 3166 1902 3238 καθιστᾷν

2007 3161 2095 3229 qui
2130 3171 2344 3215 suntex
2377 3160 2569 3224 Israel,
2624 3171 2861 3218 vetatur.
2920 3163 3052 3217 Nam
3110 3163 3278 3235 Moysi
3329 3175 3580 3235 tanquam

322 3252 572 3321 διάδοχον
607 3245 823 3306 ἐαύτοῦ,
859 3253 1030 3305 Τοῦτο
1054 3255 1110 3306 δὲ
1145 3260 1237 3307 καὶ
1266 3259 1378 3319 τοῖς
1432 3255 1491 3320 ἐξ
1546 3257 1765 3327 Ἰσραὴλ
1794 3258 1904 3311 άπ-

323 3347 647 3415 ηγόρευται.
697 3345 788 3414 Τῷ
840 3349 1210 3418 γὰρ’Μωῦσεῖ
1238 3347 1312 3410 ὡς
1353 3349 1585 3419 αἰτίαμα
1635 3350 1905 3403 ἐπενεκα-

321 3434 489 3501 isi-co,
529 3438 611 3490 ὅτι
656 3440 747 3500 τὶν
791 3437 1005 3508 Ἀαρὼν
1052 3440 1142 3492 καὶ
1197 3441 1322 3502 τοὺς
1358 3439 1522 3492 αὑτοῦ
1576 3440 1771 3503 παῖδας
1823 3443 1906 3504 εἰς

325 3531 633 3600 ἱερωσύνην
666 3533 994 3600 προήνεγκε.
1021 3532 1125 3582 Καὶ
1159 3530 1207 3582 εί
1243 3534 1316 3604 μὴ
1339 3531 1428 3586 διὰ
1460 3534 1704 3603 σημείων
1727 3534 1754 3585 6
1775 3535 1907 3598 Θεδς

325 3625 516 3687 αὐτοῖς
571 3625 671 3695 τὴν
706 3625 1010 3696 ἱερωσύνην
1057 3627 1376 3693 ἐϐεϐαίωσε,
1415 3626 1534 3697 τάχ’
1575 3627 1639 3681 ἂν
1683 3629 1777 3681 καὶ
1826 3627 1909 3692 ἐξ·

326 3714 575 3768 ωθοῦντο
613 3715 809 3785 αὐτῆς.

328 3809 556 3861 ΑΡΙΣΤ.
600 3809 964 3875 Ἐπίσκοπος
1000 3812 1128 3866 ἀντ’
1171 3811 1358 3865 αὐτοῦ
1387 3811 1730 3866 ἐπίσκοπον
1755 3811 1907 3867 ἀπο-

661 3906 664 3908 ’
809 3905 952 3959 ϐιῶν
987 3907 1058 3959 οὐ
1083 3907 1428 3972 καθίστησι.

413 3995 517 4049 Τδν
572 3996 836 4067 μέλλοντα
906 3999 987 4060 εἰς
1039 3997 1347 4066 ἐπισκοπὴν
1414 3996 1902 4066 προχειρίζεσθαι,

344 4087 489 4154 παρὰ
535 4088 644 4140 τῶν
699 4089 795 4157 τῆς
826 4089 1096 4158 ἐπαρχίας
1163 4087 1478 4140 ἐπισκόπων
1534 4087 1902 4142 καθίστασθαι

338 4179 740 4233 κεκανόνισται.
797 4179 872 4232 Τὸ
944 4178 1001 4232 δὲ
1069 4179 1158 4233 τὸν
1216 4178 1514 4230 ἐπίσκοπον
1568 4177 1910 4231 τελευτῶντα

337 4273 523 4341 ἕτερον
581 4273 699 4326 ἀντ’
740 4270 906 4324 αὑτοῦ
961 4271 1230 4341 καθιστᾷν
1291 4269 1658 4340 κληρονομίας
1691 4270 1909 4337 εἰσάγει

334 4363 546 4416 δίκαιον
580 4380 594 4395 ·
633 4363 733 4432 τὴν
757 4362 813 4415 δὲ
846 4362 938 4423 τοῦ
965 4361 1102 4414 Θεοῦ
1151 4362 1482 4432 Ἐκκλησίαν
1511 4361 1617 4414 ὑπὸ
1650 4361 1908 4432 κληρονό-

335 4472 440 4525 μον
469 4456 651 4518 οὐδεὶς
681 4454 888 4523 ὀφείλει
920 4453 1148 4508 τιθέναι.

921 4547 1157 4602 ΚΑΝΩΝ
1199 4549 1316 4601 ΟΖ’.

334 4637 412 4696 Et
452 4657 549 4706 τις
579 4638 889 4706 ἀνάπηρος
912 4633 954 4708 ᾖ
983 4636 1091 4691 τὸν
1118 4636 1448 4705 ὀφθαλμὸν,
1487 4635 1525 4704 ἢ
1565 4635 1636 4689 τὸ
1685 4635 1910 4702 σκέλος

399 4732 855 4801 πεπληγμένος,
908 4729 1077 4794 ἄξιος
1108 4728 1176 4782 δέ
1221 4728 1392 4782 ἐστιν
1433 4726 1792 4796 ἐπισκοπῆς,
1826 4745 1912 4796 γι-

401 4823 606 4879 νέσθω
627 4837 640 4850 ·
667 4825 743 4875 οὐ
786 4823 898 4889 τὰρ
937 4822 1100 4890 λώϐη
1130 4818 1404 4890 σώματος
1450 4820 1639 4873 αὐτὸν
1663 4823 1909 4889 μιαίνει,

407 4916 574 4968 ἀλλὰ
604 4909 808 4983 ψυχῆς
836 4911 1176 4982 μολυσμός.

917 5001 1155 5055 ΚΛΝΩΝ
1189 4999 1318 5056 OIl'.

336 5099 556 5168 κωφὸς
573 5097 643 5150 δὲ
655 5094 746 5149 ὢν
772 5096 874 5149 καὶ
905 5095 1132 5163 τυφλὸς
1156 5095 1240 5163 μὴ
1269 5093 1525 5160 γινέσθω
1544 5093 1880 5160 ἐπίσκοπος
1902 5112 1913 5124 ·

411 5195 526 5259 οὐχ
555 5192 636 5256 ὡς
660 5189 1093 5258 μεμιασμένος,
1131 5185 1268 5240 ἀλλ’
1321 5185 1422 5238 ἵνα
1463 5185 1549 5254 μὴ
1595 5187 1666 5238 τὰ
1699 5185 1919 5254 ἐκκλη..

409 5284 692 5349 σιαςτικὰ
729 5278 1238 5348 παρεμποδίζοιτο.

413 5378 616 5430 ΒΑΛΣ.
661 5375 796 5426 ’Δπδ
839 5374 937 5443 μὲν
965 5373 1058 5424 τοῦ
1091 5369 1323 5426 παλαιοῦ
1357 5369 1522 5441 νόμου
1551 5369 1728 5434 οὐδεὶς
1754 5369 1920 5422 λελω-
1951 5416 1962 5427 _

341 5473 583 5543 ὄημένος
617 5468 760 5520 κατά
792 5483 846 5518 τι
875 5465 1040 5536 μέρος
1087 5461 1184 5516 τοῦ
1219 5463 1468 5531 σώματος
1500 5464 1578 5524 εἰς
1617 5463 1920 5532 ἱερωσύνην

341 5563 782 5636 προεῶϐάζετο·
838 5559 1041 5628 μᾶλλον
1079 5555 1178 5626 μὲν
1224 5553 1340 5616 οὖν,
1381 5553 1476 5607 ἐὰν
1510 5553 1646 5620 μετὰ
1691 5553 1920 5624 ἱερωσύ-

342 5678 436 5729 νην
462 5658 629 5726 ἕσχεν
675 5657 740 5705 ἐκ
792 5650 1001 5712 πάθους
1031 5648 1212 5716 λώϐην
1237 5645 1380 5710 τινὰ,
1414 5644 1648 5698 ἐπαύετο
1680 5647 1772 5699 τοῦ
1810 5648 1923 5716 ἱερ-

339 5754 562 5822 ουργεῖν
586 5767 600 5780 ο
631 5750 680 5801 οί
712 5747 770 5798 δὲ
809 5745 944 5798 θεῖοι
992 5743 1279 5795 ἀπόστολοι
1307 5740 1434 5801 τοὺς
1497 5737 1596 5805 μὲν
1631 5739 1923 5806 ἐμποδιζο-

346 5850 542 5914 μένους
572 5846 639 5898 si
673 5841 772 5910 τῆς
824 5836 1125 5908 ἱερωσύνης
1179 5836 1424 5903 ἐνεργεῖν
1473 5833 1548 5902 μὴ
1596 5832 1921 5900 προσίεσθαι

2009 3257 2212 3308 crimen
2243 3253 2619 3322 obiiciebatur,
2668 3256 2810 3326 quod
2841 3256 3020 3310 Aaron
3073 3268 3125 3310 et
3166 3258 3282 3326 ejus
3323 3258 3461 3313 Iilios
3515 3261 3583 3312 ad

2008 3343 2370 3400 Sacerdotium
2408 3348 2786 3416 promovisset.
2821 3348 2900 3402 Ac
2947 3349 3050 3403 nisi
3103 3350 3241 3404 Deus
3298 3364 3395 3418 per
3427 3352 3597 3422 signa,

2009 3438 2384 3505 conﬁrmasset
2437 3439 2565 3509 ipsis
2613 3439 3002 3504 sacerdotium,
3048 3440 3189 3495 forte
3233 3441 3461 3496 fuissent
3514 3440 3588 3515 ab

2009 3528 2102 3582 illo
2127 3528 2356 3599 depulsi.

2009 3793 2238 3852 ARIST.
2275 3795 2563 3867 Episcopus
2589 3797 2692 3850 vita
2715 3795 2987 3850 discedens
3005 3796 3058 3849 in
3091 3811 3186 3850 suo
3219 3797 3333 3850 loco
3377 3798 3582 3867 episcc-

2513 3905 2635 3958 pum
2661 3905 2761 3942 non
2787 3889 3081 3944 constituit.

2082 3981 2214 4036 Eum
2243 3983 2333 4051 qui
2366 3981 2419 4034 in
2449 3981 2820 4050 episcopatum
2851 3982 3164 4053 deligendus
3192 3991 3301 4045 est,
3349 3981 3416 4036 ab
3467 3998 3588 4036 om-

2007 4072 2165 4126 nibus
2195 4070 2488 4138 provincia}
2539 4071 2813 4148 episcopis
2869 4071 3127 4125 constitui
3175 4071 3450 4126 decretum
3475 4083 3581 4126 est.

2008 4161 2323 4217 Morientem
2359 4173 2542 4215 autem
2589 4161 2902 4230 episcopum
2949 4161 3115 4215 alium
3155 4177 3254 4216 suo
3298 4163 3416 4216 loco
3457 4179 3589 4217 con-

2007 4256 2254 4319 stituere,
2274 4252 2365 4322 jus
2389 4252 2718 4308 luereditatis
2737 4253 3061 4308 introducit:
3089 4252 3382 4310 Ecclesiam
3403 4263 3584 4309 autem

2011 4346 2106 4402 Dei
2140 4362 2300 4403 nemo
2327 4347 2486 4404 debet
2521 4348 2576 4402 in
2609 4347 2876 4404 haeredem
2907 4348 3180 4404 conferre.

2497 4483 2505 4489 ’
2541 4523 2770 4580 canon
2803 4523 3060 4579 Lxxvu.

2019 4617 2078 4674 Si
2104 4619 2333 4689 quis-vel
2365 4616 2513 4670 oculo
2541 4616 2777 4681 orbatus,
2828 4617 2903 4670 vel
2937 4617 3132 4686 feruore
3183 4615 3429 4680 oblwsus,
3479 4617 3590 4684 epi-

2087 4722 2304 4781 scopatu
2337 4720 2508 4764 autem
2535 4709 2724 4777 dignus
2749 4709 2836 4769 sit,
2875 4709 2972 4776 [tat
3002 4723 3020 4760 .'
3046 4725 3146 4761 non
3177 4710 3316 4762 enim
3353 4708 3589 4776 corporis

2091 4805 2340 4856 damnum
2374 4815 2494 4853 eum
2519 4797 2729 4867 polluit,
2764 4789 3070 4850 sed'animre
3097 4797 3406 4866 inquinatio.

2458 4976 2560 5046 51
2604 4975 2833 5034 CANON
2875 4972 3155 5030 LXXVIII.
3205 5013 3207 5015 ι

2022 5072 2126 5137 Qui
2159 5081 2332 5126 autem
2363 5079 2438 5122 est
2470 5069 2663 5124 surdus
2701 5080 2756 5122 et
2805 5085 3001 5129 caseus,
3051 5082 3115 5119 ne
3155 5067 3231 5120 sit
3277 5068 3591 5136 episcopus;

2058 5180 2162 5217 non
2193 5172 2248 5215 ut
2272 5162 2529 5232 pollutus,
2561 5162 2649 5214 sed
2675 5178 2741 5215 ne
2781 5160 3137 5214 ecc'lesiastica
3172 5161 3551 5228 impediuntur.

2096 5363 2290 5419 BALS.
2324 5362 2561 5431 Antiqua
2596 5359 2812 5428 quidem
2841 5358 2956 5426 lege
2983 5358 3164 5412 nullus
3211 5357 3316 5411 ulla
3350 5355 3592 5424 corporis

2026 5469 2178 5530 parte
2210 5457 2488 5511 mutilatos
2517 5453 2583 5508 ad
2613 5449 2977 5506 sacerdotium
3003 5449 3451 5517 promovebatur:
3487 5449 3594 5500 into

2025 5552 2202 5621 potius
2231 5550 2274 5604 si
2304 5558 2420 5616 post
2452 5546 2812 5600 Sacerdotium
2843 5559 2907 5596 ex
2937 5543 3125 5596 morbo
3150 5541 3230 5594 vel
3256 5556 3384 5593 Casu
3414 5540 3593 5608 talique

2029 5649 2188 5700 laesus
2219 5659 2282 5697 ac
2309 5640 2590 5696 mutilatos
2623 5645 2786 5702 esset,
2812 5652 2840 5689 ιι
2865 5635 3147 5689 sacriﬁcio
3193 5633 3463 5687 cessabat.
3511 5636 3596 5684 Di-

2025 5740 2135 5791 vini
2173 5746 2350 5789 autem
2403 5731 2656 5801 apostoli,
2708 5743 2800 5782 cos
2847 5727 3085 5796 quidem,
3116 5725 3203 5793 qui
3257 5737 3364 5790 quo
3417 5725 3595 5776 minus

2032 5847 2152 5894 utra:
2207 5835 2330 5884 sunt
2380 5822 3093 5883 sacerdotiiexsequantur.
3152 5815 3389 5876 impediti
3447 5823 3595 5870 sunt.
