4072 6384
379 337 488 407 197

1585 341 1663 401 IN
1704 343 1876 404 CAN.
1920 346 2164 410 LXXIX
2197 353 2454 416 APOST.

3523 361 3624 425 IS

373 456 408 526 ἢ
450 451 906 524 μεταχειρίσηται
952 453 1018 505 τὰ
1068 452 1224 520 ἅγια,
1277 451 1372 505 καὶ
1422 453 1708 525 μεταδώσῃ
1741 455 1948 526 ἑτέροις

2058 477 2274 519 manum
2336 461 2588 522 fortassis
2643 468 2831 534 habet,
2884 485 2987 541 qua
3033 473 3169 528 nihil
3221 490 3381 543 agere
3436 481 3628 546 possit.

370 547 610 608 τούτωνς
651 544 687 616 ἢ
719 541 849 595 ἄλλο
869 559 923 595 τι
964 542 1357 614 ἀρχιερατικδν
1397 545 1668 626 ἐκνεογήσῃ
1703 545 1952 617 λειτούρ-

368 656 570 709 γημας

365 817 601 870 ΔΡΙΣΤ.
634 817 798 870 KAN.
828 818 946 870 OZ'.
975 817 1214 870 Γίνεται
1239 821 1434 887 χωλὸς
1469 819 1564 872 καὶ
1591 819 1953 889 ἑτερόφθαλ-

625 926 760 976 μος,
800 908 969 974 ἄξιος
996 909 1305 979 ὑπάρχων,
1348 912 1706 977 ἐπίσκοπος.

459 998 525 1050 Ἦ
559 999 669 1067 γὰρ
700 999 795 1050 τοῦ
826 1000 1078 1068 σώματος
1101 1001 1273 1070 λώϐη,
1323 1003 1414 1054 τὸν
1480 1002 1596 1070 βίον
1640 1003 1829 1073 ἔχοντα
1861 1005 1952 1056 ἁν-

368 1092 723 1159 επίληπτον,
774 1092 854 1151 εἰς
914 1090 1218 1158 ἐπισκοπῆς
1262 1091 1478 1159 ἀξίωμα
1521 1092 1954 1163 προϐιϐασοῆναι

367 1181 478 1232 οὐκ
527 1181 843 1250 ἐμποδίζει,
877 1182 924 1232 εἰ
969 1181 1042 1251 μή
1097 1199 1197 1233 που
1240 1181 1423 1250 κωφὸς
1453 1182 1484 1250 ἦ
1517 1182 1716 1250 τυφλός
1748 1184 1896 1233 ἐστιν
1926 1184 1954 1234 6

372 1271 599 1339 μέλλων
641 1273 1104 1342 χειροτονεῖσθαυ
1159 1275 1186 1326 6
1239 1273 1485 1337 τοιοῦτος
1535 1276 1664 1342 γὰρ,
1725 1275 1822 1343 οὐχ
1877 1274 1954 1336 ὡς

377 1381 450 1430 με
463 1366 766 1433 μιασμένος
797 1364 1094 1426 κωλύεται,
1123 1365 1240 1418 ἀλλ’
1274 1365 1348 1428 ὡς
1376 1365 1450 1434 μὴ
1475 1366 1540 1418 τὰ
1569 1367 1956 1437 ἐκκλησιαστι-

371 1458 450 1507 xi
493 1455 796 1522 δυνάμενος
833 1457 1234 1525 ἀπροσκέπτως
1260 1455 1526 1524 ἐνεργεῖν.

449 1549 625 1601 ΚΑΝ.
661 1546 788 1602 UH'.
836 1549 899 1602 Ὀ
940 1552 1144 1617 μέντοι
1181 1550 1414 1618 τυφλὸς
1444 1550 1542 1604 καὶ
1585 1553 1785 1622 κωφὸς
1810 1556 1882 1608 οὐ

997 1642 1340 1707 γενήσεταί.

969 1735 1206 1786 ΚΑΝΩΝ
1241 1731 1340 1787 00’

2057 561 2326 618 quomodo
2348 575 2507 615 sacra
2533 576 2815 631 peragere,
2843 575 3096 619 sanctave
3121 568 3372 623 manibus
3398 578 3634 626 tractare

2057 657 2240 714 queat,
2276 659 2328 704 et
2357 652 2478 706 aliis
2510 669 2572 707 ea
2600 655 2836 718 tradere,
2876 656 2958 711 vel
2992 657 3211 728 aliquod
3239 662 3383 716 aliud
3419 663 3632 735 episco-

2058 740 2176 807 pale
2211 744 2568 797 ministerium
2600 749 2897 802 exercere?

2056 831 2280 886 AIIIST.
2329 835 2484 888 CAN.
2538 837 2800 894 LXXVII.
2851 840 3109 909 Claudiis,
3170 855 3220 899 et
3261 846 3429 900 aitero
3479 848 3632 900 oculo

2303 940 2509 993 captus,
2546 932 2588 982 si
2625 922 2937 999 dignus'sit,
2983 938 3043 1003 ﬁt
3073 940 3367 1006 episcopus.

2129 1013 2301 1069 Laesio
2341 1019 2486 1071 enim
2536 1025 2781 1089 corporis
2827 1040 2949 1078 eum
2996 1029 3084 1093 qui
3133 1029 3466 1099 inculpatum
3521 1035 3633 1104 agit

2056 1105 2222 1158 vitam
2279 1108 2329 1160 in
2389 1111 2738 1179 episcopatus
2794 1115 3110 1184 dignitatem
3162 1126 3466 1186 promoveri
3523 1140 3632 1180 non

2058 1195 2306 1264 impedit,
2341 1199 2444 1254 nisi
2473 1200 2611 1254 Iorte
2645 1207 2840 1258 surdus
2873 1215 2965 1258 aut
3007 1222 3179 1262 cwcus
3229 1211 3318 1276 sit,
3362 1215 3452 1280 qui
3485 1217 3633 1268 ordi-

2056 1287 2330 1341 nationem
2361 1300 2446 1342 est
2477 1305 2854 1360 suscepturus.
2891 1294 3041 1351 Talis
3067 1301 3210 1353 enim
3241 1319 3344 1356 non
3375 1313 3625 1374 tauquam

2058 1377 2298 1446 pollutus
2353 1382 2714 1448 prohibetur,
2764 1388 2856 1439 sed
2914 1390 3040 1456 quia
3095 1393 3462 1449 ecclesiastica
3525 1414 3633 1454 non

2056 1478 2231 1538 potest
2272 1473 2391 1523 siue
2421 1471 2747 1529 olI'endiequ
2792 1493 3074 1548 peragere.
3210 1466 3214 1470 l

2089 1557 2246 1612 CAN.
2281 1561 2564 1618 LXXVIII.
2597 1564 2780 1622 Cacus
2812 1581 2986 1623 autem
3017 1580 3065 1624 et
3102 1576 3297 1628 auritis
3327 1591 3429 1628 non
3457 1577 3588 1654 ﬁet.‘

2587 1745 2818 1800 CANON
2861 1748 3100 1806 LXXIX.

380 1821 527 1877 Ἐάν
567 1841 659 1890 τις
717 1826 973 1894 δαίμονα
1025 1827 1164 1897 ἔχῃ,
1206 1832 1492 1898 ani-nptth
1533 1832 1620 1901 μὴ
1669 1833 1946 1901 γινέσθω,

2054 1828 2117 1884 Si
2141 1807 2257 1900 quis
2294 1831 2581 1887 dwmonem
2620 1836 2830 1904 habeat,
2865 1856 2924 1892 ne
2953 1840 3048 1909 ﬁat
3073 1841 3314 1908 clericus,
3354 1845 3443 1896 sed
3463 1861 3627 1912 neque

441 1915 613 1969 ἀλλὰ
648 1915 808 1983 μηδέ
837 1915 958 1982 τοῖς
994 1917 1230 1984 πιστοῖς
1267 1922 1680 1990 συνευχέσθω.
1723 1929 1948 1993 Καθαρ-

443 2009 575 2072 οε1ς
621 2007 708 2083 δὲ,
755 2008 1219 2078 προσ-δεχέσθω·
1273 2013 1372 2066 καὶ
1413 2014 1522 2068 ἐὰν
1568 2010 1608 2086 ᾗ
1634 2017 1825 2083 ἄξιος,
1866 2037 1954 2088 γι-

440 2098 664 2154 νέσθω.

447 2190 575 2243 ΒΑΛ
591 2192 648 2244 Σ.
687 2193 746 2246 '0
773 2193 1224 2265 δαιμονιζόμενος
1249 2197 1539 2270 ἐστέρηται
1567 2201 1826 2269 λογισμοῦ
1857 2206 1951 2258 καὶ

370 2282 694 2348 διαθέσεως,
725 2285 1025 2339 κάντεῦθεν
1061 2288 1165 2340 ὑπὸ
1195 2291 1288 2341 τοῦ
1321 2291 1541 2356 κανόνος
1571 2295 1879 2349 κεκώλυται
1917 2298 1948 2367 ἦ

373 2378 448 2444 τῷ
481 2377 671 2446 κλήρῳ
719 2379 1246 2446 συγκαταλέγεσθαι,
1282 2382 1313 2452 ἢ
1351 2386 1465 2446 τοῖς
1509 2388 1720 2449 πιστοῖς
1760 2389 1953 2441 συνεύ-

373 2471 590 2538 χεσθαι,
624 2471 710 2523 ἵνα
743 2471 818 2542 μὴ
853 2471 1033 2540 φαῦλά
1077 2491 1198 2526 τινα
1233 2477 1325 2527 καὶ
1357 2476 1570 2546 ἄσεμνα
1619 2481 1951 2552 διαπραττό-

379 2579 564 2630 μενος,
593 2563 689 2614 καὶ
719 2562 1096 2632 δαιμονιώδεις
1130 2566 1418 2636 ἐκϐοὴσεις
1472 2571 1820 2638 ποιούμενος,
1857 2572 1950 2626 τὸν

363 2651 469 2702 -τοῦ
504 2651 643 2702 Θεοῦ
674 2651 803 2704 λαὸν
834 2658 1201 2726 συνταράττῃ,
1247 2658 1340 2708 καὶ
1371 2658 1469 2726 τὴν
1496 2659 1808 2729 δοξολογίαν
1852 2663 1948 2717 τοῦ

373 2743 506 2796 ναοῦ
566 2745 798 2814 ἀχρειοῖ.
843 2747 1000 2801 Μετὰ
1045 2749 1102 2801 δὲ
1150 2750 1248 2818 τὴν
1291 2751 1582 2820 ἀνάνηψιν,
1639 2756 1687 2806 εί
1749 2757 1947 2828 εὑρεθῇ

371 2836 546 2899 ἄξιος,
585 2839 881 2908 γενήσεται
931 2841 1024 2894 καὶ
1067 2842 1327 2910 κληρικὸς
1355 2860 1368 2874 ·
1418 2847 1444 2896 ὁ
1477 2846 1658 2913 μέντοι
1691 2853 1738 2914 γ’
1768 2850 1949 2904 κανὼν

369 2929 465 2980 τοῦ
532 2931 883 3002 πατριάρχου
942 2931 1351 3002 ’Λλεξανδρείας
1410 2935 1678 3004 Τιμοθέου
1748 2939 1945 3008 φησίν⁹

380 3028 512 3078 Ἐὰν
544 3025 738 3087 πιστὸς
785 3024 1187 3094 δαιμονίζηται,
1240 3025 1448 3093 ὀφείλει
1499 3028 1946 3096 μεταλαμϐάνειν

2122 1937 2238 1974 cum
2269 1924 2509 1990 ﬁdelibus
2539 1939 2797 1994 precetur.
2826 1929 3096 2001 Purgatus
3117 1943 3292 1988 autem
3327 1937 3632 2004 recipiatur,

2123 2025 2172 2068 et
2210 2016 2257 2069 si
2287 2018 2358 2070 sit
2385 2017 2600 2087 dignus,
2635 2019 2756 2087 fiat.
3253 2032 3258 2036 '

2126 2195 2320 2251 BALS.
2355 2194 2457 2262 Qui
2494 2212 2522 2251 a
2559 2199 2802 2254 daemone
2836 2211 3120 2267 correptus
3169 2210 3273 2266 est,
3305 2205 3515 2258 ratione
3567 2219 3633 2258 ac

2055 2299 2234 2343 mente
2291 2290 2533 2358 privatus
2567 2301 2681 2354 est,
2729 2301 2896 2361 atque
2950 2294 3156 2349 idcirco
3197 2295 3277 2350 vel
3333 2296 3385 2349 in
3427 2297 3630 2350 clerum

2055 2383 2319 2450 cooptari,
2379 2384 2462 2437 vel
2515 2399 2638 2438 eum
2704 2385 2952 2440 ﬁdelibus
2989 2389 3225 2455 precari,
3285 2389 3390 2442 hoc
3426 2402 3634 2444 canone

2055 2475 2409 2543 prohibetur,
2453 2492 2520 2530 ne
2572 2476 2712 2530 ferte
2747 2479 2790 2530 si
2852 2479 2980 2546 quid
3039 2481 3162 2533 mali
3218 2490 3310 2533 aut
3362 2481 3631 2536 inhonesti

2054 2564 2245 2630 egerit,
2308 2579 2371 2618 ac
2428 2565 2790 2620 dmmoniaeas
2849 2583 3008 2622 voces
3062 2570 3327 2632 emiserit,
3376 2572 3631 2639 populum

2057 2654 2148 2709 Dei
2179 2658 2494 2722 conturbet,
2528 2667 2687 2726 atque
2741 2658 2979 2714 oltieium
3020 2660 3125 2730 52
3166 2662 3407 2716 divinum
3459 2664 3631 2734 impe-

2054 2748 2188 2802 diat.
2239 2746 2530 2817 Postquam
2585 2762 2765 2804 autem
2821 2753 2886 2804 ad
2937 2767 2996 2805 se
3038 2753 3283 2816 redierit,
3337 2753 3384 2807 si
3435 2754 3632 2823 dignus

2055 2840 2218 2896 fuerit
2251 2841 2526 2904 inventus,
2560 2843 2722 2895 etiam
2752 2842 2988 2896 clericus
3020 2843 3128 2896 ﬁet.
3164 2842 3381 2897 Tertius
3410 2846 3552 2913 quitb
3574 2859 3628 2898 m

2053 2942 2201 2988 certe
2227 2949 2402 2988 canon
2440 2933 2763 3002 patriarcha:
2792 2933 3144 2987 Alexandrini
3175 2927 3446 2988 Timothei
3477 2937 3628 3001 dicit,

2055 3027 2112 3081 Si
2142 3029 2212 3082 sit
2244 3025 2412 3081 ﬁdelis
2441 3027 2683 3080 deemone
2703 3026 2960 3094 percitus,
2981 3026 3138 3080 debet
3166 3040 3287 3081 esse
3317 3039 3627 3080 sanctorum

368 3122 480 3171 τῶν
514 3119 688 3186 ἁγίων
744 3119 1104 3187 μυστηρίων*
1164 3121 1408 3180 καὶ,οὑκ
1462 3120 1834 3174 ἐναντιοῦνται
1871 3121 1948 3192 τῷ

2057 3120 2446 3197 mysteriorum
2497 3119 2814 3186 particeps:
2867 3125 2922 3172 et
2974 3119 3228 3186 praesenti
3285 3117 3478 3172 eanoni
3523 3132 3628 3172 non

369 3211 604 3282 παρόντι
638 3211 848 3263 κανόνι.
879 3208 1120 3270 Ἐκεῖνος
1170 3209 1272 3279 μὲν
1307 3211 1415 3280 γάρ
1460 3211 1730 3282 ἐξελήφϐη
1790 3211 1952 3284 χάριν

367 3303 461 3356 τοῦ
496 3306 559 3355 ὲκ
587 3301 984 3371 διαλείμματος
1040 3302 1394 3371 μαινομένου,
1429 3304 1523 3356 καλΙ
1556 3305 1760 3367 εἰδότος
1809 3307 1953 3360 κατὰ

367 3392 459 3442 τὸν
502 3390 696 3460 καιρὸν
743 3391 844 3460 τῆς
891 3391 1107 3460 νήψεως
1147 3392 1254 3446 τῶν
1280 3391 1440 3446 Θείων
1488 3395 1851 3462 ἁγιασμάτων
1889 3396 1951 3448 τὸ

371 3484 680 3552 μυστήριον
705 3497 721 3512 ·
769 3483 798 3534 6
840 3481 898 3535 δὲ
932 3483 1126 3551 παρὼν
1167 3483 1348 3536 κανὼν
1392 3487 1522 3554 περὶ
1557 3485 1654 3538 τοῦ
1685 3486 1950 3556 διηνεκῶς

371 3575 749 3645 μαινομένουε
786 3574 834 3626 εί
895 3573 951 3627 δὲ
996 3577 1089 3627 καὶ
1143 3578 1269 3644 περὶ
1316 3576 1410 3628 τοῦ
1444 3579 1509 3629 ἐκ
1555 3577 1951 3646 διαλείμματος

373 3669 712 3737 μαινομένου
766 3668 929 3734 εἴπῃς
979 3669 1068 3717 τὸν
1101 3667 1302 3720 κανόνα
1333 3669 1523 3722 τοῦτον
1576 3668 1949 3738 διαλέγεσθαι,

369 3762 466 3812 καὶ
495 3759 673 3821 οὕτως
703 3761 805 3813 οὐκ
845 3760 1000 3812 ἔσται
1033 3759 1114 3812 σοί
1139 3776 1191 3812 τι
1231 3761 1507 3830 ἐμποδών
1542 3761 1662 3812 οὐδὲ
1698 3763 1810 3832 γὰρ
1843 3780 1949 3816 πα-

378 3853 838 3924 ραχωρηθήσεται
870 3854 896 3904 6
921 3853 986 3904 ὲκ
1020 3851 1419 3922 διαλείμματος
1464 3857 1791 3925 μαινόμενος
1817 3856 1950 3924 κλη-

387 3947 616 4016 ρωθῆναι
641 3964 656 3979 ο
715 3945 804 3998 ἴνα
863 3945 938 4016 μὴ
970 3946 1394 4017 περιυὸρίζηται
1425 3949 1458 4015 ἡ
1495 3948 1762 4018 ἱερωσύνη
1809 3950 1950 4003 κατὰ

384 4041 471 4093 τὸν
499 4040 688 4112 καιρὸν
727 4043 829 4111 τῆς
863 4040 1062 4110 μανίας
1106 4039 1297 4099 αὑτοῦ,
1335 4040 1430 4092 καὶ
1463 4038 1858 4112 βλασφημῆται
1888 4045 1950 4094 τὸ

377 4136 548 4189 Θεῖον.
1519 4190 1532 4204 ,

440 4227 690 4280 ZQN‘AP.
743 4224 1084 4295 Ἀκάθαρτος
1149 4224 1343 4297 ὥσπερ
1404 4229 1431 4278 6
1495 4226 1949 4296 δαιμονιζόμενος

368 4321 624 4389 κρίνεται
645 4337 660 4351 ·
699 4319 794 4372 καὶ
840 4317 958 4387 ἅμα
986 4317 1214 4370 ὑπόνοια
1242 4318 1466 4383 δίδοται,
1493 4318 1590 4383 ὡς,
1610 4322 1659 4372 εί
1693 4319 1768 4390 μὴ
1798 4320 1948 4384 ἄξιον

367 4411 570 4463 ἑαυτοῦ
602 4411 1033 4480 κατοικητήριον
1062 4409 1154 4462 τὸν
1197 4409 1488 4480 ἄνθρωπον
1522 4412 1549 4462 6
1597 4412 1808 4482 δαίμων
1859 4410 1948 4463 εὖ-

2059 3213 2403 3267 adversatur.
2439 3209 2538 3264 Ille
2567 3212 2714 3265 enim
2750 3211 2817 3264 de
2857 3226 2921 3266 eo
2951 3212 3208 3280 loquitur,
3237 3211 3327 3278 qui
3359 3227 3458 3280 per
3483 3209 3626 3264 dilu-

2055 3300 2175 3356 cida
2215 3299 2492 3354 intervalla
2531 3298 2713 3354 furore
2746 3301 3063 3370 corripitur,
3123 3309 3176 3354 et
3231 3299 3334 3354 scit
3385 3314 3450 3354 eo
3487 3308 3628 3352 tem-

2054 3408 2186 3462 pore
2222 3409 2328 3463 quo
2364 3393 2613 3462 resipuit,
2648 3392 2953 3447 divinorum
3001 3403 3465 3446 sacramentorum
3514 3406 3630 3460 my-

2052 3487 2278 3541 5terium
2312 3503 2328 3540 :
2369 3499 2605 3552 praesens
2633 3493 2816 3539 autem
2851 3497 3024 3537 canon
3056 3483 3121 3537 de
3150 3499 3213 3537 eo
3247 3485 3503 3553 loquitur,
3531 3485 3627 3552 qui

2053 3586 2139 3631 est
2171 3585 2435 3644 perpetuo
2486 3575 2749 3630 furiosus.
2805 3574 2862 3628 Si
2903 3582 3083 3627 autem
3126 3575 3291 3626 etiam
3334 3575 3400 3628 de
3427 3589 3490 3629 eo
3533 3575 3628 3643 qui

2055 3681 2150 3734 per
2177 3667 2411 3720 dilucida
2453 3664 2588 3719 {urit
2634 3664 2938 3734 intervalla,
2976 3678 3243 3718 canonem
3281 3663 3427 3732 loqui
3474 3663 3627 3716 dixe-

2057 3759 2152 3820 ris,
2189 3771 2288 3811 nec
2330 3757 2410 3810 sic
2440 3757 2656 3823 quidem
2689 3756 2857 3810 ullum
2892 3756 2984 3808 tibi
3016 3758 3119 3808 erit
3151 3755 3622 3824 impedimentum.

2055 3849 2244 3919 Neque
2273 3849 2419 3902 enim
2452 3847 2782 3902 concedetur
2813 3848 2862 3901 ei
2901 3849 2990 3916 qui
3027 3862 3126 3916 per
3155 3847 3388 3901 dilucida
3454 3847 3627 3900 inter-

2053 3941 2188 3995 valla
2223 3941 2407 3996 furore
2443 3940 2762 4010 corripitur,
2795 3941 2847 3996 in
2885 3942 3086 3995 clerum
3133 3941 3398 4012 cooptari,
3445 3957 3512 3996 ne
3537 3955 3628 3995 sa-

2051 4033 2352 4087 cerdotium
2407 4032 2606 4086 furoris
2659 4041 2903 4101 tempore
2962 4033 3290 4086 contumelia
3332 4032 3623 4097 afﬁciatur,

2053 4123 2378 4192 probrisque
2403 4131 2456 4176 et
2482 4122 2834 4190 blasphemiis
2881 4137 3078 4176 numen
3107 4131 3408 4189 appetatur.

2122 4215 2378 4272 ZUNAR.
2459 4215 2716 4284 Quisquis
2787 4223 2870 4268 est
2940 4213 3282 4279 immundus,
3367 4225 3622 4283 tanquam

2053 4323 2276 4367 vexatus
2303 4327 2331 4364 a
2365 4312 2608 4365 daemone
2636 4308 2910 4378 judicatur
2938 4325 2952 4362 :
2986 4308 3146 4363 simul
3193 4309 3355 4362 etiam
3383 4309 3624 4376 suspicio

2051 4406 2336 4474 praabetur,
2374 4401 2516 4471 quod
2555 4399 2656 4454 nisi
2688 4401 2906 4470 dignum
2949 4413 3007 4453 se
3041 4399 3428 4463 habitaculum,
3479 4401 3620 4454 hunc

368 4521 508 4573 ρηκε
545 4503 636 4555 διὰ
666 4502 781 4572 βίου
806 4503 1144 4572 φαυλότητα,
1171 4503 1270 4554 οὐκ
1307 4501 1372 4555 ἂν
1397 4502 1574 4554 είσέδυ
1607 4501 1790 4555 αὐτόν.
1821 4503 1946 4565 Πῶς

2053 4485 2324 4550 hominem
2358 4494 2566 4547 daemon
2623 4491 2941 4556 invenisset,
3002 4492 3070 4544 ob
3127 4492 3249 4544 vitm
3302 4491 3620 4559 nequitiam,

364 4591 462 4647 οὖν
501 4596 531 4647 6
559 4593 805 4657 τοιοῦτος
846 4595 926 4654 είς
965 4595 1302 4662 χειροτονίαν
1328 4594 1452 4647 τινὰ
1490 4594 1899 4664 προαχθήσεται
1930 4611 1945 4658 ;

363 4687 430 4737 Εἰ
463 4684 574 4753 γὰρ
625 4683 797 4752 μύρον
828 4683 1034 4753 δοχεῖον
1071 4684 1280 4752 σαπρὸν
1311 4685 1372 4737 οὐ
1411 4685 1754 4750 πιστεύεται,
1805 4685 1948 4737 κατὰ

361 4777 458 4830 τὺν
495 4776 673 4845 μέγαν
702 4778 762 4828 ἐν
791 4775 1046 4845 θεολογίᾳ
1078 4776 1403 4846 Γρηγόριον,
1439 4775 1555 4838 πῶς
1589 4776 1665 4845 τῷ
1706 4775 1798 4828 τοῦ
1831 4775 1946 4828 δαί-

364 4883 537 4935 μονος
564 4866 757 4936 δοχείῳ
787 4868 818 4936 ἡ
860 4870 1021 4936 χάρις
1052 4865 1144 4918 τοῦ
1182 4867 1339 4934 ἁγίου
1372 4867 1691 4936 Πνεύματος
1719 4884 1945 4920 πιστευ-

363 4957 641 5025 θήσεται;
683 4956 847 5008 Ἀλλὰ
883 4956 1019 5025 μηδὲ
1063 4949 1422 5022 συνεύχεσθαι
1451 4959 1564 5018 τοῖς
1608 4959 1825 5019 πιστοῖς
1853 4957 1945 5008 τὸν

360 5049 639 5110 τοιοῦτον,
672 5051 699 5101 6
729 5047 924 5120 παρὼν
958 5046 1140 5100 κανὼν
1163 5049 1533 5101 διατάττεται.
1579 5049 1635 5100 Ὀ
1665 5048 1720 5100 δὲ
1760 5047 1943 5117 τρίτος

362 5141 460 5195 τοῦ
515 5142 864 5211 πατριάρχου
933 5139 1345 5211 Ἀλεξανδρείας
1400 5139 1670 5210 Τιμοθέου
1736 5138 1940 5200 κανὼν,

359 5237 660 5306 ἀπόκρισις
690 5234 766 5288 ὢν
808 5235 948 5304 πρὸς
987 5234 1080 5286 τὸν
1133 5234 1519 5304 ἐρωτήσαντα,
1565 5232 1692 5286 Ἐὰν
1747 5232 1942 5294 πιστὸς

359 5327 769 5399 δαιμονίζητιιι,
818 5328 868 5379 εί
893 5326 1101 5394 ὀφείλει
1138 5325 1580 5394 μεταλαμῦἀνειν
1618 5325 1726 5375 τῶν
1773 5323 1943 5390 ἁγίων

363 5421 724 5491 μυστηρίων;
773 5419 974 5488 φησίν·
1018 5417 1141 5469 Ἐὰν
1181 5417 1256 5486 μὴ
1310 5414 1618 5485 ὲξαγορεύῃ
1648 5415 1709 5466 τὸ
1741 5416 1943 5483 μυστὴ-

358 5526 500 5577 ριον,
534 5511 676 5578 μήτε
711 5508 886 5568 ἄλλως
929 5523 1040 5567 πω,
1082 5506 1402 5575 βλασφημῇ,
1439 5505 1938 5573 μεταλαμϐανέτω.

356 5601 585 5652 Ἔοικεν
615 5600 710 5652 οῦν
757 5595 1134 5650 ἐναντιοῦσθαι
1191 5596 1265 5665 τῷ
1300 5596 1527 5664 παρόντι
1580 5595 1792 5648 κανόνι.
1827 5595 1942 5645 Οὐκ

347 5687 512 5762 οἶμαι
556 5693 638 5745 δέ.
693 5688 832 5743 Ἀλλ’
866 5691 894 5742 6
933 5686 1032 5756 μὲν
1063 5686 1425 5750 ἀποστολικὸς
1456 5686 1636 5741 κανὼν
1671 5685 1799 5756 περὶ
1849 5685 1941 5737 τοῦ

2051 4602 2326 4656 nunquam
2392 4584 2586 4639 luisset
2645 4582 2924 4654 ingressus
2973 4583 3026 4634 in
3076 4597 3219 4636 eum.
3257 4579 3406 4634 Talis
3458 4583 3623 4647 igitur

2049 4693 2290 4750 quonam
2325 4677 2484 4729 modo
2519 4677 2586 4728 ad
2629 4673 3034 4727 ordinationem
3085 4673 3377 4741 quamlibet
3425 4687 3621 4741 prave-

2051 4771 2248 4826 hetur?
2276 4767 2409 4820 Nam
2443 4767 2486 4820 si
2523 4766 2636 4820 vasi
2670 4765 2811 4831 putri
2851 4779 2957 4817 non
3004 4763 3250 4816 creditur
3281 4773 3616 4830 unguentum

2052 4860 2374 4932 (secundum
2417 4871 2672 4926 magnum
2705 4855 2757 4908 in
2794 4853 3068 4921 theologia
3100 4850 3442 4921 Gregorium)
3484 4866 3621 4921 quo-

2052 4960 2209 5011 modo
2245 4953 2591 5019 receptaequ
2621 4950 2884 5004 dmmonis
2921 4949 3096 5016 gratia
3155 4946 3392 5016 Spiritus
3445 4944 3618 5000 sancti

2048 5046 2345 5102 credetur?
2375 5045 2478 5098 Sed
2507 5054 2562 5098 et
2599 5043 2848 5094 ﬁdelibus
2882 5055 2982 5094 nec
3013 5041 3170 5093 simul
3194 5055 3352 5094 orare
3395 5041 3616 5109 quidem

2049 5155 2173 5192 cum
2209 5137 2323 5201 tali,
2355 5149 2590 5205 prmsens
2629 5147 2808 5187 canon
2862 5131 3128 5200 praecipit.
3187 5131 3372 5200 Atqui,
3426 5131 3616 5185 tertius

2048 5227 2402 5283 Alexandrini
2448 5224 2769 5294 patriarcha:
2822 5221 3092 5277 Timothei
3143 5237 3342 5288 canon,
3392 5237 3617 5289 respon-

2047 5324 2253 5375 sioncm
2304 5319 2588 5373 continens
2637 5316 2704 5369 ad
2749 5329 2872 5370 eum
2897 5316 2991 5383 qui
3036 5316 3510 5383 interrogaverat:
3557 5312 3615 5366 Si

2048 5412 2221 5466 ﬁdelis
2272 5427 2301 5463 a
2362 5410 2624 5462 dmuonio
2697 5415 2986 5473 correptus
3038 5403 3245 5467 fuerit,
3308 5419 3373 5455 an
3421 5403 3616 5456 debeat

2045 5511 2355 5556 sanctorum
2421 5499 2802 5568 mysteriorum
2865 5496 3132 5565 particeps
3185 5494 3350 5547 esse?
3417 5493 3610 5548 dicit:

2049 5594 2160 5648 Nisi
2207 5592 2457 5645 enuntiet
2505 5589 2842 5660 mysterium,
2878 5598 2932 5666 et
2984 5588 3085 5639 nisi
3147 5600 3251 5652 quo
3305 5584 3411 5636 alio
3454 5584 3614 5637 modo

2047 5683 2406 5754 blasphemet,
2445 5683 2714 5751 particeps
2748 5688 2888 5734 esto.
2917 5679 3103 5748 Igitur,
3134 5677 3388 5750 praesenti
3419 5675 3616 5731 cationi
