4072 6430
464 404 483 419 .
527 347 627 415 199

1822 338 2105 399 THEOD.
2135 336 2540 398 BALSAMON

3676 336 3776 398 200

521 459 849 515 contrariari
889 458 1125 514 videtur.
1153 458 1221 510 At
1250 469 1351 527 ego
1384 469 1487 509 non
1535 461 1686 524 puto.
1722 452 1828 507 Sed
1876 461 2100 522 aposto-

2210 450 2383 504 διόλου
2426 450 2757 521 μαινομένου
2791 448 2973 518 λέγειν
3022 447 3369 519 κριθήσεται,
3422 448 3520 502 καὶ
3569 447 3645 517 μὴ
3671 448 3779 501 διά·

525 555 661 609 licus
691 554 904 622 quidem
938 567 1113 608 canon
1152 553 1217 605 de
1264 566 1489 620 prorsus
1535 551 1727 604 insano
1776 547 1923 616 loqui
1951 546 2095 616 judiv

525 646 784 706 cabitur,
832 654 887 699 et
928 645 1017 712 qui
1076 645 1281 699 luroris
1339 658 1445 696 non
1504 640 1667 695 habet
1729 639 2097 693 intervallum.

522 738 657 792 Nam
693 738 959 807 quomodo
997 737 1115 790 talis
1146 744 1459 789 assumatur
1500 734 1566 788 ad
1597 732 1873 787 ofﬁcium?
1914 729 2101 784 Timo-

526 830 635 883 thei
692 843 821 883 vero
870 828 1184 895 responsio,
1247 829 1312 880 de
1372 840 1467 888 eo,
1517 825 1607 892 qui
1663 837 1758 891 per
1818 820 2101 876 intervalla

525 920 781 974 afﬁcitur.
816 918 916 973 Hic
946 919 1114 985 enim,
1158 919 1281 972 dum
1322 933 1427 972 non
1469 915 1744 985 ailligitur,
1776 915 1981 968 sanctis
2015 926 2103 967 sa-

524 1011 813 1066 cramentis
850 1010 1045 1079 dignus
1070 1009 1416 1078 iudicabitur.
1452 1007 1757 1076 Agitatione
1816 1018 1946 1059 vero
1974 1004 2104 1058 da:-

526 1103 774 1157 moniaca
822 1102 1110 1168 liberatus,
1169 1103 1214 1156 si
1247 1101 1443 1170 dignus
1500 1099 1662 1153 fuerit
1699 1097 1994 1165 judicatus,
2046 1096 2099 1149 in

526 1193 728 1247 clerum
766 1194 1053 1262 deligetur.

527 1284 755 1339 ARIST.
792 1284 1168 1339 Dwmoniacus
1198 1300 1301 1337 non
1333 1284 1393 1352 ﬁt
1434 1282 1679 1345 clericus,
1716 1295 1806 1334 nec
1838 1293 1955 1330 cum
1982 1276 2103 1329 aliis

586 1380 701 1424 orat
724 1387 741 1425 :
762 1381 875 1440 post
908 1374 1271 1441 purgationem
1307 1378 1506 1435 autem,
1542 1370 1587 1423 si
1615 1370 1806 1438 dignus
1831 1366 1918 1431 sit,
1952 1366 2037 1435 ﬁt.

599 1549 716 1611 Non
753 1549 812 1603 lit
836 1550 1067 1604 clericus
1100 1550 1187 1618 qui
1225 1550 1521 1603 daemonem
1574 1549 1760 1612 habet,
1790 1546 1963 1602 donec
1995 1546 2102 1600 daa-

531 1657 689 1695 mone
745 1642 1007 1696 liberatur
1062 1659 1076 1695 :
1141 1642 1232 1694 sed
1296 1656 1395 1694 nec
1458 1656 1577 1692 cum
1644 1638 1893 1692 ﬁdelibus
1959 1646 2099 1691 orat.

530 1731 716 1786 Morbo
750 1740 930 1784 autem
981 1731 1242 1783 liberatus
1271 1742 1326 1782 et
1376 1730 1444 1783 ad
1475 1743 1660 1798 preces
1689 1728 2016 1792 admittitur,
2050 1735 2103 1781 et

530 1825 597 1878 ad
629 1824 852 1887 clerum,
881 1825 927 1877 si
967 1823 1164 1891 dignus
1203 1830 1305 1885 est,
1352 1830 1724 1892 promovetur.

1080 2006 1311 2061 CANON
1347 2004 1561 2061 LXXX.

528 2100 667 2154 Eum
712 2100 801 2169 qui
857 2115 922 2153 ea:
965 2099 1071 2153 vita
1140 2100 1325 2168 gentili
1364 2098 1643 2152 accesserit
1705 2109 1751 2152 et
1810 2098 2108 2168 baptizatus

596 2193 800 2261 fuerit,
854 2192 931 2247 vel
967 2208 1031 2245 ea;
1069 2191 1313 2259 improba
1362 2189 1569 2244 vivendi
1620 2190 1842 2255 ratione,
1882 2207 1990 2244 non
2033 2198 2111 2244 est

598 2301 805 2354 (equum
866 2284 1111 2353 protinus
1171 2283 1469 2351 episcopum
1532 2281 1670 2348 ﬁeri.
1727 2282 1976 2350 Iniquum
2029 2292 2104 2336 est

598 2377 735 2428 enim
765 2416 779 2439 ,
839 2386 893 2427 ut
942 2376 1035 2443 qui
1081 2376 1165 2428 sui
1220 2375 1447 2427 nondum
1503 2372 1880 2442 eaperientiam
1933 2382 2107 2427 osten-

597 2466 755 2529 derit,
789 2466 857 2519 sit
892 2466 1121 2519 aliorum
1165 2466 1438 2533 magister,
1476 2465 1579 2518 nisi
1603 2464 1741 2533 forte
1781 2466 1877 2518 hoc
1924 2466 2104 2518 divina

602 2559 778 2627 gratia
818 2559 934 2625 ﬁat.

589 2648 803 2704 'BALS.
835 2648 989 2704 Scire
1039 2650 1203 2703 debes
1252 2663 1316 2703 ex
1356 2663 1480 2704 can.
1523 2647 1591 2704 lO
1642 2646 1853 2702 Sardic.
1889 2662 2013 2719 syn.
2053 2658 2107 2702 et

2139 1788 2180 1843 B

2204 543 2418 611 λειμμα
2445 542 2683 611 ἔχοντος.
2720 540 2846 603 Πῶς
2887 540 2978 593 οὖν
3002 543 3029 593 ὁ
3062 540 3303 603 τοιοῦτος
3348 559 3420 594 πςι
3434 538 3781 610 ραληφθήσε-

2202 651 2293 686 ται
2323 635 2400 695 εἰς
2453 636 2656 703 εὑχήνς
2689 635 2722 701 ἠ
2772 634 2825 685 δὲ
2854 632 2946 684 τοῦ
3012 633 3279 701 Τιμοθέου
3317 632 3624 702 ἀπόκρισις
3659 633 3781 701 περὶ

2203 723 2297 776 τοῦ
2345 725 2410 776 ὲκ
2439 724 2850 793 διαλειμμάτων
2886 724 3209 793 πάσχοντος.
3254 722 3471 792 ’0,γὰρ
3522 723 3779 790 τοιοῦτοί,

2203 815 2291 867 ὅτε
2364 813 2439 883 μὴ
2487 813 2711 881 πάσχει,
2776 812 2888 864 τῶν
2956 813 3323 881 ἁγιασμάτων
3381 811 3777 882 ἀξιωθήσεται.

2217 904 2575 971 Ἀπαλλαγεὶς
2610 904 2666 956 δὲ
2696 904 2794 973 τῆς
2821 903 3148 973 δαιμονικῆς
3188 903 3499 973 ἐνεργείας,
3546 904 3594 955 εί
3639 903 3780 968 ἄξιος

2206 997 2445 1068 κριθείη,
2480 998 2928 1068 κληρωθήσεται.

2203 1264 2426 1317 ΛΡΙΣΤ.
2479 1264 2542 1317 '0
2570 1261 2876 1332 δαιμονῶν
2912 1265 2983 1317 οὐ
3014 1262 3342 1329 πληροῦται
3382 1261 3532 1316 οὐδὲ
3558 1264 3779 1317 συνεύ-

2282 1370 2482 1423 χεται·
2521 1355 2673 1424 μετὰ
2709 1354 2779 1407 δὲ
2826 1355 2932 1408 τὸν
2956 1355 3281 1424 καθαρμὸν,
3335 1357 3388 1409 εὶ
3424 1354 3599 1421 ἄξιός
3630 1356 3776 1421 ἐστι,

2278 1452 2526 1519 γίνεται.

2277 1543 2352 1594 Οὐ
2384 1541 2591 1609 γίνεται
2624 1539 2884 1613 κληρικδς
2912 1542 2938 1593 ὁ
2964 1538 3255 1608 δαιμονῶν,
3289 1540 3486 1611 μέχρις
3516 1538 3584 1592 ἂν
3613 1539 3778 1591 ἀπαλ-

2206 1633 2344 1701 λαγῇ
2397 1632 2494 1683 τοῦ
2541 1632 2832 1699 δαίμονος·
2866 1630 2982 1684 ἀλλ’
3019 1632 3141 1684 οὐδὲ
3193 1635 3520 1700 συνεύχεται
3556 1635 3667 1695 τοῖς
3694 1649 3781 1684 πι-

2210 1729 2376 1788 στοῖς.
2412 1725 2776 1793 Ἀπαλλαγεὶς
2824 1724 2881 1777 δὲ
2936 1727 3032 1777 τοῦ
3084 1725 3311 1789 πάθους,
3350 1728 3445 1780 καὶ
3496 1728 3574 1789 είς
3624 1726 3780 1796 εὐχὴν

2212 1820 2597 1890 προσδέχεται,
2630 1821 2725 1874 καὶ
2754 1822 2834 1885 εἰς
2868 1820 3090 1891 κλῆρον,
3130 1823 3178 1875 si
3221 1822 3375 1890 ἄξιός
3406 1825 3550 1891 ἐστι⁹
3590 1822 3778 1893 προδι-

2211 1912 2459 1976 ϐάζεται.

2816 2006 3053 2060 ΚΑΝΩΝ
3093 2007 3176 2060 II'.
3600 2044 3603 2045 ν

2218 2097 2328 2149 Τὸν
2359 2097 2430 2162 ἐξ
2483 2097 2724 2151 ἐθνικοῦ
2771 2097 2918 2161 βίου
2954 2098 3066 2168 (l9)
3099 2101 3522 2167 προσελθόντα
3562 2103 3658 2156 καὶ
3684 2100 3783 2163 ,ϐα-

2284 2189 2632 2253 πτισθέντα,
2670 2189 2706 2255 ἢ
2736 2191 2805 2242 ἐκ
2836 2192 3078 2257 φαύλης
3104 2190 3427 2259 διαγωγῆς,
3456 2195 3528 2246 οὺ
3562 2192 3785 2245 δίκαιόν

2284 2282 2417 2339 ἐστι
2483 2283 2621 2351 παρ’
2680 2281 2833 2336 αὐτὰ
2896 2283 3375 2351 προχειρίζεσθαι
3429 2284 3780 2336 ἐπίσκοπον.

2288 2373 2535 2428 ’Λδικον
2588 2373 2696 2440 γὴρ
2745 2373 2852 2424 τὸν
2895 2372 3139 2439 μηδέπω
3191 2372 3409 2440 πεῖραν
3449 2372 3782 2439 ἐνδειξάμε-

2283 2484 2398 2520 νον
2442 2464 2661 2532 ἐτέρων
2692 2462 2846 2518 εἶναι
2895 2463 3291 2526 διδάσκαλον,
3327 2468 3381 2519 εὶ
3404 2467 3585 2535 μήπω
3642 2464 3783 2519 κατὰ

2284 2560 2451 2612 θείαν
2472 2556 2664 2625 χάριν,
2688 2556 2865 2610 τοῦτο
2888 2555 3150 2624 γένηται.

2285 2650 2487 2703 ΒΑΛΣ.
2534 2648 2745 2703 Μαθεῖν
2787 2647 3028 2715 ὀφείλεις
3062 2648 3170 2700 ἀπὶ)
3194 2647 3289 2701 τοῦ
3337 2648 3370 2700 ι’
3415 2651 3636 2715 κανόνος
3692 2652 3782 2720 τῆς

1716 2760 1917 2821 Guill.
1949 2761 2287 2839 Beveregii
2330 2767 2521 2823 notae.

600 2862 711 2932 μθ)
755 2861 881 2932 Ter:
913 2858 982 2923 ἐξ
1025 2859 1269 2932 ἐθνικοῦ
1301 2860 1468 2924 βίου.
1520 2858 1677 2915 Joan.
1704 2931 1710 2932 ί
1738 2861 2107 2932 Antiochenus

529 2928 663 3001 legit
690 2932 780 2984 τὸν
825 2928 884 2993 ἐξ
930 2931 1102 2983 ὲθνῶν
1132 2931 1341 2983 collect.
1374 2946 1496 2984 can.
1532 2934 1613 2984 tit.
1649 2931 1738 2985 '56.
1765 2931 1836 2983 At
1870 2935 2106 2998 synodus

531 3000 745 3059 Nicaena
799 3003 971 3069 prima
1014 3016 1272 3053 canonem
1317 3002 1457 3069 hunc
1489 3002 1661 3053 citaus
1713 3001 1820 3053 ἀπὸ
1887 3000 2102 3053 ὲθνικοῦ

531 3071 647 3142 βίου
680 3068 827 3142 legit.
866 3072 1163 3142 Enimvero
1182 3068 1456 3142 secundus
1499 3072 1655 3142 istius
1690 3070 1886 3142 synodi
1920 3086 2099 3142 canon

532 3138 751 3209 incipit,
787 3140 1007 3208 Ἐπειδὴ
1050 3138 1221 3192 πολλὰ
1265 3140 1384 3207 ἢτοι
1424 3139 1529 3193 ὑπὸ
1561 3138 1827 3209 ἀνάγκης,
1861 3138 1892 3208 ἢ
1926 3140 2103 3204 ἄλλως

530 3210 1037 3279 ἐπειγομένων-τῶν
1068 3210 1371 3275 ἀνθρώπων
1404 3212 1619 3277 εγένετο
1670 3214 1819 3276 παρὰ
1860 3209 1951 3262 τὸν
2005 3227 2106 3261 κα-

531 3282 659 3333 νόνα
690 3278 779 3332 τὸν
838 3278 1292 3348 ἐκκλησιαστικὸν
1326 3317 1340 3340 ,
1403 3280 1541 3332 ὥστε
1606 3279 1930 3348 ἀνθρώπους
1995 3280 2104 3333 ἀπὸ

530 3350 745 3402 ὲθνικοῦ
778 3350 910 3419 βίου⁶
948 3349 1072 3418 ἄρτι
1114 3347 1509 3419 προσελθόντας
1555 3351 1620 3417 τῇ
1664 3347 1874 3419 πίστει,
1913 3357 2043 3413 etc.,
2076 3364 2106 3403 e

530 3421 725 3487 quibus
773 3418 935 3471 etiam
992 3420 1168 3472 verbis
1224 3418 1522 3473 clarissime
1585 3418 1840 3471 elucescit
1905 3419 2107 3472 κανόνα

532 3489 984 3558 ἐκκλησιαστικὸν
1020 3500 1145 3542 ante
1174 3492 1317 3542 hanc
1342 3492 1605 3558 synodum
1631 3487 1905 3541 exstitisse
1932 3526 1946 3551 ,
1977 3503 2071 3542 eos
2090 3528 2105 3552 ,

530 3562 620 3628 qui
661 3574 692 3611 a
722 3560 827 3611 vita
856 3561 1037 3625 gentili
1072 3560 1137 3612 ad
1163 3558 1543 3628 Christianam
1578 3558 1734 3610 iidem
1769 3571 1940 3624 nuper
1973 3572 2108 3611 con-

534 3627 674 3681 versi
708 3638 856 3689 sunt,
892 3630 1171 3697 episcopos
1227 3630 1471 3696 protinus
1520 3627 1635 3680 ﬁeri
1672 3628 2047 3693 prohibentem
2087 3644 2103 3684 :

532 3700 621 3766 qui
650 3698 785 3750 alius
822 3698 963 3751 haud
996 3700 1157 3752 dubie
1190 3713 1295 3751 non
1327 3698 1448 3760 fuit,
1484 3712 1644 3766 quam
1685 3709 1923 3762 praesens
1971 3711 2106 3762 apo-

533 3765 779 3834 stolicus,
802 3782 960 3835 quem
995 3782 1134 3836 saepe
1159 3768 1458 3835 neglectum
1485 3776 1540 3819 et
1570 3765 1843 3829 violatum,
1870 3770 2106 3835 synodus

535 3838 750 3889 Merena
785 3838 928 3890 dicto
964 3852 1170 3891 canone
1204 3846 1547 3905 reparatbet
1594 3850 1689 3888 sua
1717 3840 1723 3851 '
1750 3836 1966 3889 tandem
2011 3852 2107 3889 au-

533 3908 781 3959 Ctoritate
805 3908 1110 3962 conﬁrmat.
1133 3904 1398 3974 Josephus
1426 3904 1713 3976 Egyptius
1758 3906 1821 3976 in
1875 3905 2106 3976 Arabica

533 3990 726 4028 canon.
775 3978 1091 4029 collectione
1120 3978 1234 4030 haec
1265 3973 1439 4028 verba
1482 3973 1574 4026 τον
1620 3973 1681 4037 ἐξ
1720 3973 1936 4026 ἐθνικοῦ
1986 3975 2103 4043 βίου

534 4046 719 4110 vertit,
768 4045 1072 4115 Quicunque
1119 4048 1193 4099 vir
1238 4046 1336 4113 fuit
1370 4046 1605 4097 ethnicus
1646 4045 1725 4097 vel
1769 4045 2055 4098 idololatra
2085 4059 2105 4098 :

534 4130 638 4185 non
669 4130 753 4185 ine
783 4114 1142 4185 fugithani/ia
1180 4131 1338 4185 posse
1360 4130 1745 4185 nonnunquam
1777 4115 2104 4182 signiﬁcare,

532 4181 866 4246 Mnslimum,
900 4187 1014 4240 sive
1069 4181 1511 4239 Mahammedicw
1571 4181 1847 4254 religionis
1878 4194 2106 4238 sectato-

530 4268 659 4305 rem.
685 4256 771 4307 Sic
801 4257 945 4307 enim
976 4256 1173 4323 haniph
1201 4271 1343 4323 saepe
1367 4254 1634 4322 signiﬁcat
1656 4258 1721 4308 ab
1750 4256 1864 4306 Abu
1897 4254 2101 4321 hanifa,

539 4324 630 4388 qui
664 4334 850 4377 auctor
883 4328 982 4378 fuit
1016 4328 1173 4378 unius
1204 4338 1233 4377 e
1263 4334 1495 4393 quatuor
1527 4324 1868 4377 muslimismi
1919 4328 2104 4389 sectis,

531 4393 675 4462 circa
706 4395 981 4462 religionis
1014 4396 1166 4449 istius
1221 4410 1401 4449 ramos
1453 4396 1704 4458 versatis,
1762 4408 1894 4460 quas
1941 4394 2109 4447 Abul-

533 4461 828 4532 pbaragius
848 4466 927 4517 sic
949 4474 1245 4525 enumerat,
1277 4465 1433 4518 Secta
1459 4463 1642 4515 maleci
1668 4462 1783 4515 Ebn
1805 4463 1988 4525 Anasi,
2022 4480 2107 4516 se-

2132 3180 2175 3238 ϐ

2218 2863 2289 2914 At
2323 2878 2422 2915 vox
2461 2859 2682 2929 Syriaca
2717 2859 2921 2925 hanpho
2954 2869 3011 2913 ut
3053 2869 3106 2915 et
3145 2861 3435 2929 hanphoio,
3465 2869 3547 2916 est
3584 2862 3777 2931 gentilis

2212 2931 2472 2985 ethnicus.
2509 2931 2658 2986 Unde
2688 2930 3006 2985 vocabulum
3037 2931 3137 2985 hoc
3172 2933 3468 2986 Arabicum
3496 2930 3773 2986 formatum

2215 3001 2461 3067 videtur;
2495 3002 2636 3070 quod
2675 3011 2959 3068 prepterea
2983 3000 3217 3054 ethnicus
3245 3004 3517 3055 transtuli.
3553 3003 3653 3057 Sed
3682 3017 3778 3055 non

2213 3070 2444 3127 dilﬁteor
2469 3072 2694 3123 alterum
2727 3073 2887 3123 etiam
2919 3084 3137 3123 sensum
3172 3071 3390 3124 admitti
3422 3088 3600 3140 posse,
3629 3073 3775 3125 modo

2212 3140 2455 3195 dicamus
2492 3140 2833 3195 Christianos
2857 3140 3169 3205 orientales,
3205 3141 3293 3207 qui
3333 3142 3481 3195 inter
3515 3141 3778 3195 Muslimos

2208 3212 2323 3264 sive
2354 3209 2832 3264 Muhammedanos
2860 3220 3143 3263 versantur
3166 3249 3182 3273 ,
3216 3211 3366 3266 hunc
3416 3227 3675 3267 canonem
3720 3211 3779 3263 de

2210 3280 2274 3333 iis
2311 3283 2405 3349 (ut
2433 3295 2532 3346 par
2557 3280 2673 3349 est)
2705 3294 2858 3346 teque
2909 3293 2971 3332 ac
3002 3281 3067 3332 de
3119 3280 3358 3349 ethnicis
3416 3282 3779 3349 interpretatos

2211 3364 2355 3414 esse,
2382 3360 2439 3401 nt
2472 3349 2954 3402 Multammedanns
2985 3350 3145 3401 etiam
3178 3348 3392 3418 pariter
3420 3366 3483 3405 ac
3537 3348 3773 3405 ethnicus

2209 3424 2276 3472 ad
2320 3418 2684 3473 Christianam
2720 3432 3012 3472 conversiis
3075 3419 3232 3471 ﬁdem
3262 3456 3277 3481 ,
3339 3421 3489 3475 illico
3530 3435 3633 3473 non
3692 3419 3774 3470 ﬁat

2208 3490 2523 3557 episcopus.
2569 3488 2722 3553 Quod
2749 3497 2930 3542 autem
2979 3502 3075 3558 nec
3134 3487 3301 3543 laicus
3328 3492 3602 3558 quispiam
3632 3488 3778 3542 Chri-

2210 3556 2417 3612 stianus
2445 3562 2690 3626 protinus
2724 3559 2916 3609 evadat
2944 3556 3227 3625 episcopus
3250 3598 3264 3621 ,
3300 3556 3414 3613 nisi
3446 3556 3774 3614 interioribus

2210 3630 2363 3694 prius
2402 3629 2669 3695 susceptis
2697 3627 2976 3695 gradibus,
3008 3642 3036 3678 a
3069 3628 3296 3682 concilio
3328 3630 3636 3683 Sardiccnsi
3662 3642 3778 3681 Cau-

2212 3706 2324 3751 tum
2349 3706 2455 3759 est,
2479 3713 2600 3751 ean.
2634 3698 2717 3751 l0.

2283 3768 2396 3890 (232
2425 3770 2494 3848 Et
2519 3767 2701 3835 μήπω
2716 3766 2877 3848 ,κατα
2900 3766 3069 3820 θείαν
3086 3766 3278 3846 χάριν.
3308 3767 3583 3823 Auxentio
3610 3766 3779 3821 Eccle-

2283 3854 2304 3890 ε
2394 3839 2760 3890 edrolanensrs
2790 3851 3040 3890 epist-ouo
3069 3848 3174 3889 vrta
3213 3838 3501 3890 defuncto.
3535 3847 3647 3890 orta
3667 3850 3778 3890 ara-

2210 3838 2304 3894 sia:
2340 3838 2760 3891 Mediolanensis
2790 3838 3040 3905 episcopo
3069 3840 3174 3889 vita
3213 3838 3501 3906 defuncto,
3535 3847 3647 3892 orta
3667 3850 3778 3906 gra-

2210 3908 2429 3962 vissima
2461 3908 2601 3959 inter
2628 3907 2771 3960 cives
2799 3907 3166 3959 controversia
3201 3908 3265 3961 de
3317 3906 3509 3963 futuro
3540 3909 3777 3976 episcopo

2208 3977 2491 4046 eligendo;
2531 3990 2697 4047 usque
2732 3977 2865 4029 adeo
2890 3984 2949 4047 ut
2990 3976 3302 4047 tumultuari
3370 3973 3651 4047 coeperint.
3679 3973 3773 4047 Sed

2210 4045 2494 4102 commode
2518 4046 2736 4109 accidit,
2766 4055 2822 4098 ut
2852 4045 2935 4098 vir
2950 4046 3154 4114 pietate
3178 4061 3241 4100 ac
3265 4045 3513 4103 doctrina
3541 4045 3771 4113 insignis,

2210 4116 2800 4186 nomineAmbrosius,
2830 4118 2946 4168 urbi
3002 4124 3129 4169 tunc
3190 4120 3449 4184 temporis
3498 4115 3769 4186 praefectus

2210 4196 2376 4241 esset.
2402 4184 2501 4239 llic
2521 4187 2744 4249 veritus,
2774 4200 2843 4239 ne
2876 4186 3000 4237 mali
3036 4186 3238 4251 aliquid
3267 4183 3333 4240 ex
3374 4183 3520 4241 tanto
3556 4183 3768 4239 tumultu

2213 4266 2551 4315 nasceretur,
2589 4271 2688 4324 pro
2713 4256 2832 4307 loco
2874 4267 3035 4323 atque
3069 4254 3242 4308 oﬁicio
3273 4271 3374 4312 suo
3402 4258 3480 4318 (ut
3504 4270 3620 4310 cum
3645 4251 3768 4306 Bul-

2211 4328 2317 4380 ﬁno
2350 4325 2563 4393 loquar)
2594 4326 2661 4379 ad
2697 4324 2981 4393 ecclesiam
3009 4324 3115 4377 illic
3140 4329 3443 4389 contendit,
3467 4326 3766 4393 seditionem

2207 4394 2388 4464 populi
2422 4388 2791 4459 repressurus.
2829 4392 3171 4466 Cumautem
3232 4396 3392 4466 longa
3430 4388 3503 4450 ac
3554 4388 3767 4466 eleganti

2210 4462 2454 4518 Oratione
2480 4478 2708 4518 vesanus
2745 4463 3103 4517 multitudinis
3128 4462 3386 4520 tumultos
3416 4462 3767 4533 compescuis-

532 4539 615 4603 cta
642 4528 1027 4603 Multammedis
1056 4534 1339 4586 EbnEdris
1360 4533 1731 4600 Asshaﬁensis,
1752 4542 1892 4585 secta
1913 4532 2101 4585 Ahme-
2138 4528 2181 4582 D
2210 4545 2312 4600 set,
2348 4548 2535 4587 onmes
2560 4534 2610 4585 in
2639 4548 2798 4586 unam
2830 4536 3073 4603 protinus
3109 4537 3436 4588 sententiam
3469 4528 3770 4599 conSpiran'

531 4602 612 4651 dis
648 4602 763 4654 Ebn
807 4603 1055 4665 Hanbeli,
1112 4613 1159 4655 et
1218 4614 1357 4656 secta
1388 4603 1614 4667 ﬂanin
1643 4603 1937 4654 Alnooman
1986 4604 2102 4656 Elm

535 4667 753 4743 Thabet.
791 4674 1024 4741 Abulph.
1056 4673 1275 4743 Dynast.
1307 4674 1359 4728 9.
1382 4677 1452 4727 At
1482 4674 1597 4724 Abu
1637 4671 1834 4743 haniiee
1861 4687 1968 4739 pra:
2000 4687 2104 4726 cae-

533 4740 664 4792 teris
694 4740 1025 4795 exstructum
1060 4740 1143 4796 est
1173 4745 1491 4805 oratorium,
1516 4753 1761 4796 vocatmn
1797 4740 2105 4795 Oratoriunt

530 4810 782 4864 antistitis
817 4812 929 4864 Abu
959 4812 1160 4878 hanin
1192 4851 1206 4875 ,
1236 4813 1387 4879 cujus
1423 4814 1782 4864 meminerunt
1829 4811 2104 4880 obulpha-

534 4882 713 4950 ragius
743 4884 952 4950 dynast.
977 4882 1029 4946 9,
1056 4877 1109 4948 p7.
1138 4881 1241 4935 366
1265 4877 1318 4936 et
1340 4881 1648 4934 Elmaciuns
1673 4880 1810 4933 Hist.
1843 4877 2102 4935 Sara’cen.

534 4948 574 5020 l.
604 4964 687 5012 nt,
723 4948 844 5020 pag.
872 4951 996 5005 287.
1032 4952 1107 5020 De
1139 4955 1326 5006 eodem
1362 4952 1481 5005 Abu
1511 4950 1694 5004 hanil'a
1724 4950 1843 5004 vide
1868 4951 2019 5019 plura
2050 4953 2105 5005 in

534 5017 832 5088 doctissimi
856 5023 1024 5075 nostri
1049 5019 1280 5075 Edvardi
1309 5020 1560 5075 Pocockii
1581 5022 1719 5074 uotis
1755 5021 1807 5073 in
1832 5017 2105 5088 specimen

534 5087 776 5159 historiae
802 5092 1066 5154 Arabum,
1099 5106 1219 5159 pag.
1243 5092 1347 5145 297
1374 5131 1388 5155 ,
1438 5102 1491 5145 et
1533 5088 1749 5143 llenrici
1806 5087 2105 5158 HOttingeri

534 5155 675 5212 Hist.
712 5159 921 5214 Orient.
954 5162 990 5214 ι.
1019 5176 1076 5225 ιι,
1099 5155 1154 5215 ’0.
1173 5155 1238 5216 ⁷7.
1266 5164 1347 5215 Ab
1378 5164 1479 5213 hoc
1507 5160 1624 5211 Abu
1648 5160 1833 5228 hanifa
1864 5175 1969 5213 non
1996 5155 2106 5213 sua

535 5235 745 5279 tantum
780 5230 950 5296 ipsius
1003 5243 1171 5295 secta,
1218 5234 1314 5286 sed
1364 5241 1504 5284 totus
1533 5231 1917 5284 muslimismus
1950 5245 2107 5283 voca-

537 5297 961 5369 turAlhani/iah
990 5312 1044 5354 et
1082 5304 1366 5356 muslitnus
1394 5301 1599 5369 llani/i.
1634 5298 1700 5351 Et
1744 5300 1858 5353 haec
1890 5300 2106 5367 quidem

534 5367 815 5419 ordinaria
836 5380 919 5423 est
949 5372 1107 5440 hujus
1139 5372 1379 5425 vocabuli
1406 5367 1762 5439 signiﬁcatio;
1804 5384 1922 5437 qua:
1980 5370 2106 5422 huic

541 5442 720 5493 tamen
752 5440 871 5493 loco
904 5449 1173 5508 quadrare
1202 5456 1306 5496 non
1354 5444 1615 5503 videatur,
1648 5440 1917 5508 siquidem
1948 5454 2111 5491 cano—

538 5521 632 5559 nes
674 5512 726 5562 hi
762 5510 921 5580 lOuge
956 5520 1084 5565 ante
1116 5510 1473 5565 Muslimiticze
1526 5510 1804 5578 religionis
1853 5518 2106 5563 exortum

532 5581 821 5651 conscripti
887 5591 1034 5636 sunt.
1093 5581 1431 5649 Quapropter
1494 5581 1711 5633 aliunde
1742 5588 1955 5651 petatur
1984 5592 2110 5631 vera

536 5649 705 5721 ipsius
740 5651 1066 5718 signiﬁcatio
1098 5669 1114 5704 :
1146 5656 1377 5721 e'lingua
1429 5652 1683 5705 nimirum
1718 5649 1938 5721 Syriaca
1966 5664 2110 5721 ,_cu-

528 5717 615 5783 jus
649 5722 902 5773 vocabula
931 5723 981 5774 in
1011 5722 1108 5775 hac
1158 5717 1427 5791 pra-cipue
1474 5735 1742 5773 canonum
1797 5718 2111 5771 collectione

538 5792 836 5861 saepissime
865 5793 1094 5850 Arabica
1124 5790 1281 5859 ﬁunt,
1320 5790 1375 5847 nt
1409 5792 1534 5846 alibi
1575 5790 1844 5845 ostensuri
1898 5800 2104 5843 smnus.

2210 4614 2312 4670 tes,
2349 4605 2521 4672 ipsum
2559 4600 2900 4657 Ambrosium
2934 4600 3037 4657 sibi
3064 4606 3376 4673 episcopum
3408 4603 3640 4659 ordinari
3672 4612 3768 4651 ιιηο

2207 4689 2301 4729 ore
2347 4673 2685 4742 ﬂagitabant.
2747 4673 2844 4726 llic
2892 4681 3071 4726 autem
3134 4674 3310 4728 adhuc
3364 4676 3769 4742 catechumenos

2208 4753 2345 4807 erat,
2382 4740 2446 4796 ac
2480 4744 2702 4811 proinde
2730 4743 2963 4796 nondum
3017 4744 3343 4811 baptizatus.
3374 4740 3765 4811 Valentinianus

2211 4804 2343 4868 vero
2380 4804 2705 4881 imperator,
2745 4814 2812 4864 de
2872 4813 3049 4879 populi
3089 4804 3372 4868 'consensu
3439 4812 3653 4881 certior_
3691 4804 3766 4879 la:-

2207 4894 2326 4937 ctus
2355 4921 2369 4946 ,
2420 4878 2768 4936 Ambrosium
2813 4878 3024 4935 etiamsi
3064 4883 3419 4936 reluctantem
3449 4921 3463 4945 ,
3516 4878 3763 4946 baptizari

2210 4954 2393 5031 simul,
2419 4967 2487 5031 ac_
2510 4954 2822 5031 episcopum
2838 4952 3103 5031 protinus
3129 4953 3364 5031 ordinari
3386 4953 3555 5031 iubet,
3588 4947 3683 5031 vel.

2211 5024 2284 5075 ait
2306 5008 2718 5076 'l‘li'eodoretus':
2751 5008 2934 5073 Ταῦτα
2954 5022 3139 5089 μαθὼν
3159 5024 3187 5074 ὁ
3207 5008 3457 5091 βασιλέως
3479 5008 3762 5091 προσέταξε

2210 5091 2531 5160 παραυτίκα
2580 5092 2674 5161 καὶ
2725 5082 2997 5161 μυηθῆναι
3054 5092 3149 5143 καὶ
3194 5082 3633 5161 ᾖειροτονήθῆναι
3680 5082 3762 5129 τὸν

2211 5156 2527 5233 ἀξιέπαινον
2564 5156 2753 5233 ἄνδρα.
2792 5156 2927 5213 Hist.
2969 5162 3167 5215 eccles.
3195 5156 3236 5214 Ϊ.
3270 5156 3342 5233 tv,
3381 5156 3496 5228 cap.
3534 5156 3586 5217 6,
3615 5160 3763 5233 mox:

2211 5220 2309 5301 que
2349 5230 2445 5283 Dei
2471 5220 2697 5301 gratiam
2735 5239 3040 5285 consecutus
3074 5270 3089 5294 ,
3120 5242 3165 5283 et
3214 5220 3477 5301 initiatus:
3486 5224 3648 5301 sacris
3673 5259 3686 5282 ν
3712 5220 3763 5301 ξε

2213 5284 2456 5354 ἔασενάοδ
2471 5284 2705 5370 'eﬂectus
2745 5309 2819 5352 est
2837 5318 2856 5365 ;
2885 5307 2941 5352 ut
2971 5284 3162 5354 scribit
3193 5300 3431 5353 lluﬁinus
3462 5298 3594 5370 llist.
3628 5284 3759 5370 eccl-

2214 5371 2256 5424 l.
2290 5385 2350 5431 ιι,
2375 5383 2496 5437 cap.
2521 5366 2608 5422 ll.
2633 5366 2745 5421 Hac
2762 5371 3109 5423 tumultuaria
3129 5370 3395 5423 Ambrosii
3417 5366 3760 5437 ordinatioth

2212 5453 2320 5510 qua
2360 5452 2391 5492 e
2417 5433 2807 5493 catechumeno
2843 5441 2907 5510 ad
2943 5441 3257 5509 episcopum
3318 5441 3459 5510 illico
3494 5433 3761 5510 proveqlfff

2214 5501 2320 5571 est,
2355 5509 2499 5563 serio
2530 5524 2816 5577 perpensa,
2847 5501 2994 5563 dicai
3028 5501 3228 5577 aliq'uis
3266 5501 3507 5565 eamdem
3557 5501 3760 5577 minimo

2216 5565 2547 5633 canonicani
2566 5565 2751 5640 fuisse,
2791 5565 2891 5632 nec
2925 5596 2953 5630 a
2980 5565 3227 5646 praesenti
3262 5592 3464 5634 canone
3488 5565 3760 5646 apostoliso

2216 5651 2544 5711 adlllissallt;
2584 5660 2765 5715 utpote
2801 5664 2906 5715 quo
2941 5641 3081 5715 cum,
3113 5652 3201 5717 qui
3238 5666 3265 5702 a
3291 5647 3474 5719 gentili
3517 5641 3762 5719 vita-sttit

2215 5734 2308 5788 per
2336 5708 2586 5783 accessit,
2619 5708 2671 5770 εἰ
2702 5708 3006 5786 baptizatus
3036 5708 3160 5782 est:
3189 5708 3499 5788 episcopum
3535 5708 3762 5788 [ἱΐθιίβξξξδ

2215 5777 2331 5843 ﬁeri
2379 5777 2712 5856 prohibetur.
2751 5777 2854 5843 Sed
2883 5789 3021 5843 absit
3045 5799 3101 5841 ut
3131 5777 3459 5846 taniil’atiis
3479 5777 3761 5839 ordinatio-
