4072 6402
304 338 416 398 illi!)

1490 336 1573 397 IN
1613 336 1779 397 CAN.
1824 334 2102 397 LXXXII
2139 334 2395 396 APOST.

3467 333 3572 390 206

304 444 531 502 ΑΡΙΣΤ.
569 443 946 509 Ἐπίσκοπος
975 444 1390 512 ἁνεπίσκοπος
1415 445 1446 498 ό
1479 445 1742 516 δημόσια
1773 462 1895 516 χει-

2003 445 2231 502 ARIST.
2272 445 2563 516 Episcopus
2599 445 2660 495 de
2693 441 2990 511 episcomtlu
3038 437 3318 508 deponitur
3345 439 3434 506 qui
3481 456 3571 494 ne-

864 533 1163 603 ριζόμενος
1206 535 1262 605 (2
1270 535 1342 604 ι).

392 628 460 680 '0
517 628 598 690 εἰς
637 625 908 696 δημοσίας
955 626 1256 696 διοικήσεις
1302 626 1498 681 ἑαυτὸν
1543 627 1806 694 ἐκδιδοὺς,
1856 630 1890 701 ἢ

304 716 710 788 πρεσϐύτερος,
736 717 772 787 ἢ
797 716 1068 778 διάκονος,
1100 716 1134 783 ἢ
1161 716 1478 784 ἐπίσκοπος,
1508 717 1542 788 ἢ
1567 718 1891 784 παυσάσθω,

299 811 333 880 ἦ
372 809 456 879 μὴ
485 807 831 878 πειθόμενος,
860 807 1256 878 καθαιρείσθω.

893 898 1144 952 -ΚΑΝΩΝ
1175 899 1302 954 ΠΒ¹.

307 991 558 1057 Οἰκέτας
587 993 674 1057 εἰς
704 989 938 1058 κλῆρον
962 989 1432 1059 προχειρίζεσθαι
1464 990 1611 1046 ἄνευ
1643 991 1752 1060 τῆς
1775 991 1894 1046 τῶν

291 1117 298 1122 -
367 1082 694 1138 δεσποτῶν
767 1081 1129 1152 συγγνώμης
1183 1085 1294 1136 οὐκ
1366 1082 1758 1152 ἐπιτρέπομεν
1794 1083 1895 1137 ἐπὶ

371 1175 554 1243 λύπῃ
579 1174 697 1226 τῶν
715 1171 1096 1242 κεκτημένων
1113 1189 1126 1203 ·
1152 1173 1330 1227 οῑκων
1346 1175 1453 1244 γὰρ
1465 1175 1813 1243 ἀνατροπὴν
1825 1176 1891 1229 τὸ

369 1267 660 1320 τοιοῦτον
707 1262 1030 1334 ἐργάζεται.
1075 1267 1146 1319 El
1192 1264 1260 1318 δέ
1289 1281 1435 1319 ποτε
1462 1267 1560 1320 καί
1593 1266 1755 1333 ἄξιος
1781 1283 1892 1335 ερα-

367 1359 509 1425 νείη
535 1361 568 1411 d
599 1357 839 1424 οικέτης
880 1357 1031 1424 πρὸς
1061 1359 1442 1428 χειροτονίαν
1471 1359 1733 1428 βαθμοῦ,
1769 1355 1893 1424 οἷος

371 1455 479 1507 καί
539 1458 572 1506 ὀ
627 1451 918 1521 ’ἡμέτερος
984 1451 1307 1521 Ὄνήσιμος
1359 1453 1472 1522 (9.5)
1522 1452 1736 1521 ἐφάνη.
1792 1452 1892 1506 καὶ

369 1544 898 1614 συγχωρήσουσιν
917 1546 970 1598 οἱ
995 1542 1306 1608 δεσπόται,
1332 1542 1430 1597 καὶ
1455 1543 1895 1611 ὲλευθερώσου-

369 1649 466 1696 σι,
516 1634 618 1688 καὶ
645 1632 768 1685 τοῦ.
792 1633 966 1686 οἴκου
990 1633 1493 1701 ἐξαποστείλωσι,
1523 1636 1800 1703 γινέσθω.

371 1725 584 1778 ΒΑΛΣ.
640 1725 776 1794 Περὶ
817 1723 1021 1777 δούλων
1047 1723 1441 1795 κληρουμένων
1483 1725 1761 1794 ἀνάγνωθι
1797 1725 1895 1782 καὶ

2472 536 2614 608 galia
2644 534 2849 602 publica
2882 541 3096 586 tractat.

2066 629 2168 695 Qui
2199 630 2264 684 ad
2307 627 2547 696 publicas
2585 623 3084 678 administrationes
3131 634 3188 674 se
3229 618 3415 686 dejicit
3459 618 3573 672 sive

1997 723 2300 793 presbyter,
2325 719 2440 774 sive
2472 717 2752 780 diaconus,
2778 715 2890 768 sive
2917 712 3232 781 episcopus,
3257 717 3349 762 aut
3376 719 3574 773 cesset,

1995 825 2089 871 aut
2121 829 2224 871 non
2257 827 2568 884 persuasus,
2599 811 2925 878 deponatur.

2444 903 2552 976 54
2578 901 2807 958 canon
2849 897 3106 954 Lxxxn.

1997 999 2188 1056 Servos
2221 999 2275 1052 in
2304 998 2502 1051 clerum
2533 993 2741 1064 prore/ti
2781 993 2892 1045 sine
2923 991 3070 1044 venia
3103 988 3433 1042 dominorum
3469 1002 3573 1040 non

2066 1091 2415 1161 permittimus
2442 1089 2510 1141 ad
2543 1099 2900 1156 possessorum
2932 1082 3250 1136 molestiam.
3286 1079 3574 1132 Domorum

2069 1183 2206 1237 enim
2259 1180 2575 1235 eversionem
2625 1177 2759 1230 illud
2818 1174 2993 1243 efﬁcit,
3039 1172 3086 1224 si
3141 1171 3351 1240 quando
3400 1176 3576 1223 autem

2066 1274 2222 1328 etiam
2256 1273 2444 1341 dignus
2477 1285 2655 1323 servus
2677 1268 2814 1321 visus
2847 1267 2916 1320 sit
2948 1265 3035 1334 qui
3065 1264 3133 1316 ad
3166 1263 3389 1331 gradum
3419 1260 3575 1330 eligu-

2069 1374 2174 1428 tur,
2203 1363 2378 1433 qualis
2419 1371 2593 1416 noster
2623 1375 2826 1430 quoque
2878 1357 3157 1412 Onesimus
3191 1356 3331 1408 visus
3377 1361 3452 1406 est
3478 1393 3493 1417 ,
3526 1363 3575 1406 et

2069 1456 2268 1509 domini
2297 1453 2639 1508 concesserint
2670 1468 2731 1506 ac
2762 1449 3111 1516 liberaverint,
3142 1455 3191 1501 et
3222 1444 3419 1500 uadibus
3451 1445 3576 1498 emi-

2071 1546 2256 1608 serint,
2287 1543 2402 1612 ﬁat.

2070 1724 2268 1780 BAL’S.
2305 1724 2380 1780 De
2417 1722 2590 1779 servis
2632 1722 2724 1792 qui
2754 1723 2808 1776 in
2842 1721 3046 1776 clerum
3093 1726 3433 1787 cooptantur,
3461 1718 3578 1787 lege

299 1816 358 1868 τὸ
386 1814 484 1878 λς’
520 1813 818 1882 κεφάλαιον
848 1812 944 1866 τοῦ
1004 1818 1052 1867 α’
1092 1813 1272 1866 τίτλου
1319 1815 1414 1867 τοῦ
1461 1815 1727 1886 παρόντος
1775 1833 1896 1870 συν-

2003 1817 2167 1873 etiam
2195 1817 2265 1872 56
2309 1831 2431 1885 cap.
2461 1814 2622 1884 primi
2653 1816 2762 1879 tit.,
2798 1811 3078 1883 prtesentis
3107 1811 3312 1879 operis.
3353 1809 3449 1864 llic
3480 1824 3578 1863 au-

299 1909 404 1974 τάγ
415 1925 609 1977 ματος.
645 1905 913 1960 Ἐνταῦθα
933 1905 990 1958 δὲ
1014 1907 1042 1958 ό
1069 1905 1272 1971 κανὼν,
1309 1907 1386 1978 μὴ
1413 1906 1583 1961 θέλων
1613 1909 1898 1964 σκανδαλί-

302 1998 505 2063 ζεσθαι
531 1997 624 2067 ὑφ’
648 1997 806 2066 ήμῶν
829 1997 954 2058 τοὺς
980 1997 1244 2064 ἀδελφοὺς
1267 1998 1445 2069 ἡμῶν,
1481 2000 1542 2052 ού
1573 2003 1894 2071 παραχωρεῖ

304 2092 384 2153 εἰς
420 2089 628 2159 κλῆρον
659 2088 1003 2158 προάγεσθαι
1046 2088 1235 2142 δοῦλον
1269 2090 1588 2172 [summa
1622 2091 1726 2145 κᾶν
1759 2108 1895 2162 φρο-

306 2179 616 2248 νιμώτατός
669 2180 786 2232 ἐστι
837 2179 936 2231 καὶ⁸
984 2178 1160 2244 ἄξιος,
1216 2179 1379 2250 εἰμὴ
1428 2181 1524 2233 καὶ
1555 2182 1584 2234 ό
1625 2181 1895 2252 δεσπότης

307 2269 445 2336 πρὸς
507 2267 670 2320 τοῦτο
733 2268 1048 2338 συναινέσῃ,
1100 2268 1195 2322 καὶ
1257 2272 1524 2340 πρότερον
1579 2269 1893 2342 ἐλευθερίας

308 2361 470 2411 αὐτὸν
500 2357 734 2432 ἀξιώσῃ.
785 2359 1032 2430 Ἐγράφη
1069 2360 1128 2414 δὲ
1160 2362 1298 2432 πρὸς
1333 2362 1683 2434 παράδειγμα
1707 2367 1800 2418 καὶ
1831 2365 1893 2418 τὸ

311 2451 532 2516 γεγονδς
579 2451 676 2503 ἐπὶ
707 2451 784 2521 τῷ
827 2451 1128 2522 Ὀνησίμῳ.
1174 2452 1495 2524 Γέγραπται
1535 2456 1646 2527 γὰρ
1685 2457 1762 2520 ὡς
1801 2455 1891 2510 τὸν

311 2538 554 2592 τοιοῦτον
590 2540 888 2610 Ὀνήσιμον
931 2540 1118 2596 δοῦλον
1160 2541 1293 2596 ὄντα
1331 2543 1636 2613 Φιλήμονος
1661 2547 1690 2600 ό
1719 2547 1894 2616 μέγας

310 2630 521 2693 Παῦλος
549 2630 889 2701 ἀντέστρεφε
919 2633 1054 2703 πρὸς
1097 2633 1190 2687 τὸν
1230 2635 1671 2706 Φιλήμονα,’”κᾶν
1701 2645 1914 2710 χρησι-Δ

311 2723 560 2794 μώτατος
619 2725 757 2795 πρὸς
804 2726 1082 2780 διακονίαν
1130 2727 1310 2793 ἔδοξεν
1355 2729 1527 2801 αὐτῷ,
1593 2730 1766 2785 εἰπὼν
1817 2733 1892 2804 μὴ

313 2816 518 2869 δίκαιον
551 2811 696 2869 εἶναι
752 2815 882 2870 ἄνευ
936 2817 1162 2888 γνώμης
1223 2820 1318 2873 τοῦ
1365 2821 1670 2892 Φιλήμονος
1704 2821 1892 2876 τοῦτον

313 2909 577 2961 διακονεῖν
609 2910 668 2962 ὲν
697 2908 776 2978 τῷ
804 2908 908 2977 τῆς
937 2910 1175 2975 πίστεως
1206 2911 1547 2982 κηρύγματι.
1583 2914 1746 2967 Ὥστε
1769 2913 1891 2966 οὐδὲ

311 2999 615 3069 ἒλευθερία,
660 3000 784 3054 οὐδὲ
829 3001 1123 3072 ἱερωσύνη,
1157 3001 1268 3054 οὐδ’
1302 3002 1432 3056 ἄλλο
1465 3019 1518 3056 τι
1568 3004 1891 3069 ἀποξενοῦσι

313 3094 395 3145 tow
441 3093 748 3160 ἀγνοοῦντα
801 3092 1092 3163 δεσπότην,
1151 3097 1216 3148 ἐκ
1266 3095 1366 3165 τῆς
1427 3096 1750 3166 κυριότητος
1795 3097 1891 3151 τοῦ

311 3186 495 3238 δούλου
545 3185 738 3240 αὑτοῦ.
777 3185 890 3240 Καὶ
925 3185 987 3238 τὸ
1030 3187 1263 3257 νόμιμον
1281 3183 1355 3241 ’δὲ
1392 3187 1454 3241 τδ
1503 3188 1897 3262 διοριζόμενον,

311 3279 450 3331 κατᾶ
523 3277 844 3350 ἐλευθερίαν
899 3278 960 3332 οὐ
1017 3278 1221 3332 δίδοται
1284 3281 1777 3348 ἀποκατάστασις,
1835 3283 1897 3337 οὐ

311 3373 516 3423 νοεῖται
546 3371 681 3438 περὶ
707 3371 986 3432 τοιούτων,
1029 3371 1168 3424 ἀλλὰ
1210 3373 1340 3441 περὶ
1381 3372 1571 3428 δούλου
1599 3374 1899 3446 ἐλευθερω-

308 3463 494 3537 θέντος
521 3462 668 3515 κατὰ
696 3461 925 3531 γνώμην
955 3461 1219 3515 δεσπότου
1254 3463 1504 3528 ἀτελοῦς.

377 3552 632 3606 ΖΩΝΑΡ.
687 3549 768 3603 Τὰ
815 3551 1154 3620 ἐμποιοῦντα
1194 3553 1468 3607 σκάνδαλά
1509 3572 1622 3610 τισι
1672 3555 1898 3626 φεύγειν

310 3645 386 3698 δεῖ
414 3646 544 3706 τοὺς
573 3643 826 3706 πιστούς.
860 3643 1046 3697 Αἴτιον
1078 3645 1136 3699 δὲ
1173 3647 1475 3701 σκανδάλου
1511 3649 1606 3702 ml.
1631 3649 1810 3720 λύπης
1837 3649 1899 3703 τὸ

309 3739 398 3790 τὸν
453 3736 742 3805 ἀλλότριον
777 3734 968 3789 δοῦλον
1019 3737 1171 3807 παρὰ
1205 3738 1436 3810 γνώμην
1488 3740 1583 3794 τοῦ
1633 3741 1898 3796 δεσπότου

312 3826 673 3898 κληροῦσθαι.
701 3825 793 3879 Διὸ
819 3827 913 3881 καὶ
939 3827 1138 3880 κωλύει
1161 3828 1320 3883 τοῦτο
1345 3833 1372 3884 ό
1396 3830 1598 3897 κανὼν,
1621 3832 1696 3898 ὼς
1715 3835 1900 3896 οἴκους

316 3922 472 3982 ’ὀλους
505 3920 830 3988 ἀνατρέπον.
890 3919 1048 3984 Ἴσως
1088 3921 1197 3991 γὰρ
1233 3921 1514 3992 διοικητὴς
1570 3923 1636 3978 ἂν
1683 3923 1770 3993 εἴη
1801 3924 1896 3979 τοῦ

330 4010 476 4062 οἴκου
506 4011 590 4064 τοῦ
616 4011 884 4064 δεσπότου
909 4010 1075 4064 αὑτοῦ
1112 4013 1141 4064 ό
1169 4011 1360 4074 δοῦλος
1396 4013 1627 4076 ἐκεῖνος,
1661 4014 1694 4082 ἢ
1731 4017 1898 4085 ἔργα·

331 4103 544 4171 στηρίου
583 4101 914 4156 δεσποτικοῦ
953 4104 1380 4173 προῖστάμενος,
1425 4103 1458 4174 ἢ
1496 4104 1758 4174 χρήματα
1794 4109 1897 4176 ἐμ·

323 4196 752 4264 πεπιστευμένος
783 4193 852 4248 δι’
886 4195 1180 4265 ἐμπορίαν,
1210 4195 1307 4248 καὶ
1331 4196 1364 4264 ἡ
1396 4197 1701 4266 χειροτονία
1728 4194 1894 4250 αὐτοῦ

320 4287 400 4338 διὰ
430 4286 606 4339 ταῦτα
637 4289 718 4350 εἰς
747 4287 925 4355 λύπην
953 4285 1106 4338 ἔσται
1143 4285 1224 4358 τῷ
1249 4286 1486 4358 δεσπότῃ
1523 4288 1712 4343 αὑτοῦ.
1754 4292 1814 4343 Εἰ
1839 4290 1895 4343 δὲ

317 4380 462 4444 Ξξιος
492 4381 772 4448 ἱερατικοῦ
817 4378 1026 4449 βαθμοῦ
1075 4381 1288 4452 κριθείη
1328 4381 1357 4431 ὁ
1399 4381 1638 4450 οἰκέτης,
1672 4382 1778 4454 χρὴ
1807 4383 1895 4438 τὸν

2007 1920 2114 1967 tem
2141 1925 2312 1965 canon
2345 1908 2537 1963 nolens
2569 1907 2770 1962 nostris
2805 1904 3059 1959 fratribus
3084 1902 3286 1971 aliquid
3333 1917 3363 1955 a
3423 1901 3579 1957 nobis

2003 2001 2310 2057 oll'eudicnli
2345 1998 2550 2063 atferri,
2581 2013 2687 2052 non
2729 1996 2999 2068 permittit
3046 2004 3105 2049 ut
3137 1995 3350 2048 alienus
3389 2008 3578 2048 servus

2004 2093 2059 2148 in
2090 2091 2300 2147 clerum
2333 2099 2739 2160 promoveatur,
2767 2087 2983 2142 etiamsi
3028 2087 3098 2140 sit
3123 2085 3580 2155 prudentissimus

2014 2188 2071 2237 et
2105 2181 2319 2251 dignus,
2353 2179 2456 2234 nisi
2503 2186 2558 2234 et
2608 2178 2857 2232 dominus
2885 2177 2934 2232 ei
2977 2175 3053 2230 rei
3097 2175 3473 2239 consenserit,
3527 2185 3580 2229 et

2005 2284 2126 2327 eum
2150 2271 2299 2341 prius
2327 2269 2578 2326 libertate
2600 2268 2817 2338 dignum
2843 2265 3258 2321 existimaverit.
3291 2265 3369 2318 Ad
3395 2279 3582 2320 exem-

2003 2364 2154 2434 plum
2191 2372 2372 2417 autem
2428 2361 2692 2429 scriptum
2735 2367 2822 2414 est
2869 2359 3088 2427 etquod
3143 2358 3344 2411 factum
3391 2367 3475 2411 est
3525 2358 3580 2412 in

2000 2455 2282 2512 Onesimo.
2314 2455 2588 2523 Scriptum
2613 2459 2696 2507 est
2727 2450 2873 2506 enim
2900 2451 3042 2520 quod
3075 2452 3220 2505 lmuc
3265 2447 3581 2504 Onesimum

2005 2546 2336 2603 Philemonis
2366 2561 2580 2601 servum
2613 2559 2842 2615 magnus
2870 2543 3069 2599 Paulus
3104 2546 3169 2598 ad
3205 2544 3580 2599 Philemonem

2004 2638 2235 2704 remisit,
2269 2637 2485 2692 etiamsi
2515 2637 2564 2691 ei
2593 2636 2743 2691 visus
2773 2643 2920 2691 esset
2953 2635 3020 2688 ad
3062 2636 3422 2690 ministerium
3475 2636 3582 2688 uti.

2005 2729 2264 2792 lissimus,
2303 2729 2512 2792 dicens,
2551 2743 2658 2784 non
2692 2741 2812 2784 esse
2840 2727 3044 2797 justum
3079 2743 3203 2782 eum
3249 2728 3368 2783 sine
3403 2726 3582 2788 Phile-

2006 2820 2182 2876 monis
2242 2819 2519 2875 voluntate
2585 2821 2637 2873 in
2688 2817 2812 2873 lidei
2893 2817 3280 2886 praedicatione
3351 2819 3579 2873 servire.

2004 2913 2184 2979 Quare
2214 2928 2314 2968 nec
2346 2911 2588 2977 libertas,
2648 2925 2747 2966 nec
2788 2912 3178 2975 sacerdotium,
3231 2926 3330 2966 nec
3377 2910 3582 2979 aliquid

2004 3005 2148 3060 aliud
2203 3005 2486 3059 dominum
2543 3005 2884 3074 ignorantem
2936 3018 2967 3056 a
3017 3003 3160 3058 servi
3212 3002 3297 3058 sui
3342 3001 3583 3057 dominio

1952 3147 1971 3170 ,
2002 3095 2336 3151 abalienant.
2371 3095 2437 3150 Et
2471 3095 2553 3150 lex
2586 3109 2708 3164 qua:
2737 3095 2928 3149 statuit
2971 3096 3234 3149 adversus
3269 3095 3581 3148 libertatem

2003 3203 2112 3244 non
2165 3189 2280 3244 dari
2324 3188 2750 3251 restitutionem,
2804 3189 2871 3241 de
2929 3186 3016 3242 his
3074 3203 3177 3242 non
3237 3186 3579 3255 intelligitur,

2001 3281 2097 3338 sed
2156 3282 2224 3338 de
2278 3295 2438 3338 servo
2506 3281 2733 3336 liberato
2792 3295 2858 3334 ex
2936 3279 3211 3334 voluntate
3279 3276 3580 3348 imperfecti

2001 3371 2227 3429 domini.

2073 3555 2325 3614 ZONAR.
2366 3556 2584 3613 Fideles
2613 3557 2769 3612 decet
2799 3571 2863 3611 ea
2915 3555 3124 3627 lugere,
3164 3570 3285 3626 quae
3330 3556 3582 3611 scandala

2011 3659 2276 3723 generem
2326 3650 2617 3719 aliquibus.
2668 3650 2922 3704 Alienum
2966 3663 3096 3704 vero
3126 3662 3340 3704 servum
3393 3659 3582 3702 contra

2000 3743 2206 3799 domini
2247 3742 2572 3798 sententiam
2604 3740 2862 3796 clericum
2913 3739 3050 3804 ﬁeri,
3103 3754 3268 3794 causa
3305 3747 3387 3794 cst
3423 3755 3582 3794 scan-

1997 3834 2135 3902 dali,
2189 3841 2354 3901 atque
2392 3832 2674 3887 molestiae.
2704 3830 2876 3898 Quam
2905 3831 2977 3886 oh
3011 3845 3148 3896 rem,
3205 3830 3458 3900 prohibet
3480 3830 3583 3884 hoc

2001 3940 2202 3989 canon,
2235 3933 2296 3979 ut
2320 3939 2460 3992 rem,
2487 3939 2606 3993 qua:
2633 3925 2826 3979 domos
2860 3933 3004 3979 totas
3042 3925 3260 3978 evertit.
3312 3922 3584 3977 Fortassis

2000 4019 2147 4072 enim
2177 4030 2368 4072 servus
2393 4016 2483 4072 ille
2509 4025 2836 4085 procurator
2867 4016 2941 4069 sit
2969 4017 3166 4069 domus
3214 4016 3420 4069 domini
3473 4015 3581 4078 sui,

1999 4110 2084 4163 vel
2118 4109 2358 4168 tabernae
2409 4107 2696 4162 dominicae
2729 4107 3070 4176 praepositus,
3127 4105 3208 4160 vel
3257 4106 3416 4174 cujus
3461 4107 3584 4159 ﬁdet

2001 4200 2221 4256 creditae
2250 4201 2359 4254 sint
2386 4199 2629 4267 pecuniae
2651 4198 2721 4252 ad
2747 4199 3190 4267 negotiationem,
3221 4206 3274 4252 ct
3299 4205 3584 4266 propterea

2001 4293 2228 4348 domino
2261 4305 2359 4347 suo
2393 4290 2655 4347 molestia:
2679 4293 2819 4347 foret
2863 4293 2980 4359 ejus
2999 4291 3292 4346 ordinatio.
3339 4289 3493 4356 Quod
3535 4290 3580 4344 si

2001 4399 2193 4441 servus
2230 4385 2400 4456 gradu
2427 4398 2585 4439 sacro
2617 4384 2813 4454 dignus
2848 4381 3218 4446 existimetur,
3268 4383 3580 4451 episcopum

314 4473 616 4524 ἐπίσκοπον
652 4471 968 4526 κοινοῦσθαι
1001 4473 1069 4525 τὰ
1120 4471 1252 4542 περὶ
1300 4472 1469 4528 αὐτοῦ
1500 4474 1578 4544 τῷ
1611 4475 1847 4547 δεσπότῃ
1881 4491 1896 4506 ⁸

2005 4467 2074 4534 de
2103 4494 2168 4533 eo
2202 4478 2420 4548 negotio
2450 4491 2574 4533 cum
2623 4477 2842 4536 domino
2894 4476 3301 4530 communicare
3346 4483 3582 4543 Oportet.

313 4566 408 4617 καὶ
431 4567 482 4616 εί
525 4566 780 4626 κάκεῖνος
807 4565 1140 4631 συνευδοκεῖ,
1178 4565 1708 4637 χειροτονηθήσεται.
1737 4570 1843 4622 Καὶ
1867 4570 1895 4622 ό

313 4664 494 4732 μέγας
517 4661 627 4730 γὰρ
660 4658 869 4723 Παῦλος
904 4659 1190 4730 Ὀνήσιμον
1219 4658 1406 4713 δοῦλον
1435 4660 1562 4714 ὄντα
1595 4662 1895 4734 Φιλήμονος

2004 4569 2068 4624 Ει
2085 4569 2128 4624 si
2143 4571 2190 4640 is
2204 4583 2416 4639 quoque
2437 4568 2797 4634 consenserit,
2819 4568 3119 4624 ordinetur.
3146 4565 3366 4636 Magnus
3384 4565 3584 4621 etenim

2004 4660 2206 4717 Paulus
2250 4661 2564 4718 Onesimum
2623 4660 2956 4716 Philemonis
3005 4675 3248 4724 servum,
3295 4659 3454 4727 cujus
3483 4658 3582 4711 ιιιί-

1554 4799 1742 4860 Guill.
1777 4801 2100 4879 Beveregii
2131 4807 2316 4864 notae.

387 4922 500 4984 ('24)
518 4919 941 4993 Χειριζόμενος.
962 4919 1019 4972 In
1040 4917 1307 4976 Simeonis
1321 4921 1633 4993 Logothetu:
1655 4923 1898 4993 Epitome

314 4993 514 5059 legitur
543 4989 1078 5059 μεταχειριζόμενος.

390 5061 504 5131 (25)
541 5061 602 5112 ’0
629 5060 912 5140 ἡμέτερος
937 5059 1612 5140 ξονήσιμοςζξτοιιοιηρη
1638 5064 1901 5140 ἡμέτερος

317 5129 422 5186 non
471 5145 630 5185 secus
681 5145 746 5184 ac
768 5129 904 5200 ἐμοῦ
937 5129 988 5182 in
1022 5144 1234 5200 canone
1274 5133 1344 5187 29
1387 5135 1454 5186 ah
1495 5129 1900 5200 interpolatore,

315 5201 509 5256 nescio
543 5214 674 5268 quo,
713 5198 983 5266 adjectum
1021 5198 1268 5264 videtur,
1337 5214 1394 5256 ut
1446 5198 1680 5256 canones
1720 5204 1774 5256 hi
1835 5203 1902 5256 ab

317 5271 582 5340 apostolis
631 5270 832 5340 conditi
875 5269 1042 5340 fuisse
1070 5271 1593 5340 crederentur.7Nec
1615 5271 1900 5327 Balsamon

318 5337 498 5394 autem
529 5354 628 5394 nec
659 5337 900 5392 Zonaras
923 5337 1077 5391 istius
1095 5341 1422 5395 mentionem
1443 5339 1666 5403 faciunt,
1691 5341 1902 5397 etiamsi

317 5413 381 5464 de
405 5409 669 5464 Onesimo
700 5409 1012 5475 loquantur.
1042 5405 1280 5464 Joannes
1319 5410 1693 5466 Autioeheuus
1721 5412 1774 5465 in
1802 5425 1900 5465 sua

316 5481 643 5534 collectione
676 5491 848 5532 totum
879 5479 1020 5530 hunc
1052 5491 1314 5534 cauonem
1339 5482 1523 5534 omisit
1550 5521 1564 5542 ,
1598 5490 1657 5534 ιιι
1683 5483 1748 5535 de
1778 5496 1900 5534 vera

314 5554 470 5604 istius
528 5551 763 5602 lectione
826 5547 956 5600 nihil
1017 5561 1083 5599 ex
1138 5563 1203 5602 eo
1251 5559 1497 5613 constet;
1557 5553 1630 5603 uti
1699 5566 1796 5604 nec
1836 5565 1902 5603 ex

313 5619 714 5685 llarmcnopuli
757 5618 995 5688 epitome
1025 5655 1040 5678 ,
1069 5631 1191 5686 quae
1243 5619 1410 5687 ipsius
1461 5619 1700 5674 Onesimi
1735 5621 1902 5675 etiam

305 5709 414 5746 non
483 5687 803 5751 tneminit,’
846 5687 940 5741 sed
1006 5696 1176 5738 totum
1239 5704 1500 5744 canonum
1559 5691 1903 5745 hrcvitersic

298 5761 597 5833 exprimit,
633 5759 867 5826 Οἰκέτης
913 5756 973 5808 ού
1015 5756 1309 5828 κληροῦται
1347 5761 1496 5826 παρᾶ
1541 5759 1763 5828 γνώμην
1807 5758 1899 5813 τοῦ

2006 4923 2293 4976 δεσπότου.
2335 4921 2592 4975 Harmon.
2621 4935 2745 4974 can.
2783 4921 2912 4986 epit.
2941 4926 3075 4973 sect.
3099 4918 3153 4982 5,
3188 4917 3274 4972 tit.
3307 4917 3358 4971 ί.
3396 4915 3499 4972 Sed
3534 4919 3585 4971 in

2006 4995 2234 5047 Arabica
2268 4992 2610 5054 collectione,
2639 5000 2694 5044 et
2735 4991 2937 5042 omisso
2979 4988 3298 5056 pronomine
3331 5028 3344 5050 ,
3385 4997 3439 5041 et
3488 5004 3586 5041 no-

2007 5064 2154 5116 mine
2173 5073 2426 5130 corrupto
2447 5061 2664 5130 legitur,
2694 5061 2829 5113 sicut
2860 5058 3250 5130 Onesiphorus;
3277 5056 3582 5130 lllljlljlttotli

2009 5142 2186 5186 autem
2249 5127 2589 5200 propriorum
2640 5131 2908 5199 praecipue
2937 5129 3235 5200 hominum
3286 5143 3316 5181 e
3360 5127 3585 5200 AGraecis

2007 5196 2362 5255 deductorum
2397 5196 2838 5266 corruptionihus
2874 5199 3009 5252 nihil
3044 5200 3095 5252 in
3133 5197 3311 5265 lingua
3343 5196 3580 5250 Arabica

2008 5270 2343 5338 frequentius
2375 5271 2656 5325 occurrit:
2695 5271 2820 5322 hinc
2873 5268 3224 5322 nihilominus
3265 5266 3420 5334 plane
3451 5267 3586 5320 satis

2007 5349 2252 5409 apparet,
2294 5342 2589 5409 pronomen
2621 5340 2889 5408 ἡμέτερος
2908 5339 2959 5393 in
2989 5338 3196 5409 codice.
3219 5351 3326 5409 quo
3358 5350 3486 5409 usus
3505 5345 3590 5388 est

2006 5405 2616 5480 Josephus'Egyptius,
2645 5405 3028 5480 desideratum
3062 5407 3251 5480 fuisse.
3279 5405 3346 5458 Et
3365 5405 3584 5470 quidem

2010 5495 2114 5534 non
2139 5476 2596 5543 immerito,cum
2639 5477 2772 5531 nihil
2804 5480 2948 5532 enim
2989 5476 3192 5531 certius
3217 5489 3338 5528 esse
3384 5482 3584 5541 potest,

2008 5564 2170 5617 quam
2211 5549 2372 5602 hosce
2403 5563 2644 5602 canones
2666 5549 2734 5600 ab
2757 5549 2886 5616 ipsis
2921 5546 3177 5617 apostolis
3229 5558 3334 5617 non
3377 5544 3585 5617 consti-

2013 5609 2158 5681 t'utos
2205 5633 2325 5673 esse
2353 5657 2368 5682 ,
2417 5621 2501 5671 vel
2552 5629 2660 5672 tota
2706 5609 2974 5670 sententia
3031 5609 3141 5675 οἷος
3176 5613 3268 5664 καὶ
3314 5613 3588 5683 ἡμέτερος

2025 5691 2312 5758 Ὀνήσιμος
2349 5689 2559 5757 ἐφάνη,
2597 5687 2680 5741 vel
2729 5687 2919 5740 saltent
2973 5699 3267 5754 pronouurn
3323 5685 3587 5752 ἡμέτερος

2011 5768 2350 5826 expungatur
2381 5772 2603 5815 necesse
2634 5768 2736 5812 est.
