4072 6402
292 392 404 455 Ξδ9

1504 391 1587 453 IN
1616 388 1783 453 CAN.
1816 384 2108 452 LXXXIV
2140 392 2396 456 APOST.

3483 391 3589 458 210

289 507 394 574 τῆς
458 505 521 557 ὲν
568 503 879 573 Χαλκηδόνι
948 504 1191 570 συνόδου,
1241 503 1717 576 ἀναθεματίζοντα
1766 502 1894 566 τοὺς

2003 516 2127 572 tem,
2158 507 2206 564 si
2261 522 2367 565 non
2397 505 2776 577 pmnitentiam
2827 513 3013 576 agant.
3064 503 3356 571 Quaesierit
3405 515 3586 561 autem

286 598 601 662 τοιούτους,
644 600 693 651 εί
730 598 804 669 μὴ
841 599 1322 670 μεταμεληθῶσιν.
1362 599 1663 670 Ἐρωτήσει
1697 595 1754 651 δέ
1788 614 1893 664 τις,

293 688 449 760 ’Δρα
470 692 565 745 καὶ
602 691 843 744 ἐνταῦθα
873 692 934 745 τὸ
977 692 1287 746 παυσάσθω
1317 693 1349 762 ἢ
1382 692 1758 766 καθαιρείσθω
1785 693 1901 759 ἕξει

290 781 510 854 χώραν,
536 783 720 845 καθὼς
747 784 804 837 ὲν
834 783 915 855 τῷ
940 791 1031 838 πα²
1074 786 1261 838 κανόνι
1302 784 1659 855 ἐδιδάχθημεν
1688 800 1703 816 ο
1739 784 1773 854 ἢ
1805 784 1898 838 καὶ

294 872 403 942 πρὸ
449 874 900 943 ἐπιφωνημάτων
951 875 980 927 δ
1037 874 1138 946 τὴν
1188 875 1479 946 στρατείαν
1515 876 1898 946 μεταχειριζό-

304 981 463 1032 μενος
509 964 814 1035 ίερωμένος
863 968 1196 1021 ἀπεντεῦθεν
1221 968 1717 1039 καθαιρεθήσεταις
1758 968 1897 1039 Ati-

296 1031 416 1121 σις.
468 1031 769 1125 Οἶμαι-ὄτι
829 1059 923 1111 καὶ
973 1059 1233 1127 ἐνταῦθα,
1296 1031 1434 1130 μετ-ά
1482 1031 1900 1131 ἑταιρῶνήῶδὸ

298 1148 720 1217 στρατολογῶν,
781 1152 831 1203 εί
895 1151 970 1221 μὴ
1029 1155 1342 1218 παύσεται,
1410 1152 1916 1237 καθαιρεθίμτεται.⁸

295 1239 492 1293 Πάντα
524 1241 635 1310 γὰρ
670 1243 738 1296 τὰ
776 1244 1088 1314 δημοσιακὰ
1110 1246 1211 1318 τὴν
1238 1248 1408 1319 αὐτὴν
1433 1248 1619 1302 αἰτίαν
1658 1247 1896 1317 ἔχουσιν.

302 1330 619 1400 Ἀνάγνωθι
650 1337 744 1389 καὶ
770 1353 896 1405 κεφ.
950 1337 1028 1391 λ6¹
1068 1339 1165 1393 τοῦ
1211 1339 1259 1394 θ’
1294 1341 1472 1395 τίτλον
1501 1341 1598 1395 τοῦ
1631 1341 1900 1412 παρόντος

290 1425 715 1495 συντάγματος,
744 1431 841 1482 καὶ
874 1429 943 1482 τὰ
970 1432 1027 1483 ἐν
1055 1431 1221 1503 αὐτῷ.

362 1517 621 1573 ΖΩΝΑΡ.
653 1519 952 1589 Στρατείαν
978 1524 1210 1577 ἐνταῦθα
1253 1527 1353 1598 οὐχ
1388 1529 1599 1582 ὅπλων
1618 1530 1902 1601 petast-

276 1624 483 1676 ρησιν
504 1608 542 1677 ἢ
572 1614 959 1678 προστασίαν
983 1618 1365 1685 στρατιωτῶν
1386 1617 1542 1691 οἶμαι
1568 1622 1662 1675 τὸν
1694 1623 1898 1679 κανόνα

286 1699 507 1768 λέγειν,
567 1702 707 1757 ἀλλὰ
749 1710 1170 1777 στρατιωτικῶν
1222 1714 1570 1784 πραγμάτων
1600 1716 1893 1787 διοίκησιν,

289 1787 408 1846 οἷον
432 1795 766 1865 σιτηρεσίων
798 1802 1210 1869 στρατιωτικῶν
1243 1804 1589 1877 διανέμησιν,
1620 1808 1898 1879 ἢτροφῶν

292 1886 673 1968 στρατιώταις
733 1892 1140 1964 ἀφωρισμένων
1174 1896 1467 1973 ὑποδοχὴν,
1508 1900 1541 1969 ἢ
1598 1904 1895 1973 στρατολο-

289 1977 442 2045 γίαν,
484 1979 641 2050 ἢκαὶ
672 1983 974 2055 διοικήσεις
1019 1989 1187 2053 ἄλλας
1220 1992 1397 2058 τινὰς,
1432 1992 1501 2057 ἃς
1533 1995 1629 2048 καὶ
1658 1995 1709 2048 οί
1742 1998 1898 2049 πολι-

289 2072 437 2173 τικοὶ
455 2071 620 2173 νόμοι
649 2076 942 2145 στρατείας
972 2079 1320 2150 εὑρίσκονται
1347 2084 1735 2156 ὀνομάζοντεςέ
1757 2085 1897 2152 Τοὺς

294 2162 433 2227 γοῦν
469 2162 741 2230 τοιούτοις
784 2168 899 2222 τισὶ
929 2172 1296 2240 σχολάζοντας
1348 2177 1685 2247 ἱερωμένους
1724 2179 1753 2232 ὁ
1791 2197 1898 2233 καί

296 2250 404 2304 νὼν
438 2254 548 2306 ὑπὸ
590 2256 913 2330 καθαίρεσιν
936 2263 1120 2332 τίθησι
1176 2266 1417 2335 πάντως,
1475 2269 1525 2321 εί
1562 2270 1637 2341 μὴ
1688 2272 1897 2328 τούτων

297 2342 653 2410 ἀφίστανται.
694 2351 769 2403 Ού
803 2351 913 2423 γὰρ
939 2354 1019 2407 δεῖ
1045 2356 1293 2425 μιγνύειν
1317 2359 1386 2413 τὰ
1404 2360 1614 2431 ἄμικτα
1634 2380 1647 2394 ⁸
1670 2363 1738 2419 τὰ
1758 2365 1899 2419 Καί·

302 2452 470 2527 σαρος
519 2441 657 2507 φησὶ
700 2442 795 2495 καὶ
841 2444 912 2496 τά
940 2444 1036 2499 τοῦ
1070 2447 1226 2504 Θεοῦ.
1276 2451 1336 2504 '0
1360 2452 1417 2505 δὲ
1452 2455 1552 2523 τῆς
1582 2454 1644 2507 ἐν
1669 2455 1897 2527 Χαλκη-

302 2525 414 2581 δόνι
447 2529 674 2584 συνόδου
730 2532 964 2604 ἕϐδομος
1020 2539 1199 2592 κανὼν
1246 2543 1339 2596 καὶ
1387 2525 1898 2614 ἀναθεματίζεσθαι

302 2617 428 2682 τοὺς
460 2620 743 2688 τοιούτους
781 2624 858 2698 μὴ
895 2630 1376 2702 μεταμελομένους
1412 2636 1606 2707 ὁρίζει.

305 2805 532 2862 ΛΡΙΣΤ.
581 2808 802 2879 Ἰερεὺς
847 2813 1051 2885 ἅρχων
1104 2819 1445 2887 ἁνίεροςνι
1491 2825 1568 2879 Τὰ
1606 2827 1717 2897 γὰρ
1753 2829 1899 2883 Καί-

410 2916 607 2969 σαρος
631 2904 908 2975 Καίσαρι,
939 2908 1037 2962 καί
1069 2911 1142 2967 τὰ
1172 2914 1280 2967 τοῦ
1304 2916 1453 2971 Θεοῦ
1477 2917 1557 2984 τῷ
1596 2920 1737 2985 Θεῷ.
1765 2941 1785 2975 ι

384 2991 446 3047 '0
493 2992 816 3085 Ῥωμαϊκὴν
868 3002 1161 3071 στρατείαν
1212 3006 1417 3062 ἐθέλων
1480 3013 1757 3085 κατέχειν,
1801 3018 1899 3073 καὶ

308 3083 590 3155 ἱερατικὴν
620 3086 912 3158 διοίκησιν,
942 3092 1334 3165 καθαιρείσθω.
1371 3100 1449 3155 Τὰ
1468 3083 1897 3179 γὰριΚαίσαρος

305 3178 583 3246 Καίσαρι,
628 3182 725 3236 καὶ
760 3185 832 3239 τὰ
879 3189 986 3242 τοῦ
1023 3192 1172 3246 Θεοῦ
1204 3193 1283 3260 τῷ
1312 3195 1456 3262 Θεῷ.

884 3281 1127 3336 ΚΑΝΩΝ
1173 3282 1295 3341 ΠΔ’.

304 3365 521 3458 Ὅστις
546 3370 783 3438 ὑϐρίσει
803 3374 1073 3437 βασιλέα
1104 3377 1215 3447 (50)
1251 3379 1289 3448 ἢ
1328 3381 1594 3450 ἄρχοντα
1629 3389 1790 3458 παρὰ
1833 3391 1901 3445 τὸ

368 3455 639 3549 δίκαιον,
670 3464 958 3530 τιμωρίαν
1002 3468 1289 3522 τιννύτω·
1322 3473 1419 3525 καὶ
1454 3476 1504 3527 εί
1532 3476 1653 3544 μὲν
1694 3455 1903 3549 acinpr-

372 3548 510 3619 κὸς,
544 3557 968 3623 καθαιρείσθω·
1017 3562 1068 3614 εὶ
1099 3560 1168 3614 δὲ
1196 3564 1428 3631 λιιινιὸς,
1459 3548 1848 3635 ἀφοριζέσθω.

374 3644 575 3699 ΒΔΛΣ.
626 3644 684 3699 Ὀ
706 3649 1006 3713 Μωσαῖκὸς
1033 3653 1196 3721 νόμος
1221 3655 1385 3725 φησίν
1405 3673 1423 3691 ο
1462 3660 1763 3728 ’Ἄρχοντα
1790 3663 1900 3717 τοῦ

298 3734 453 3787 λαοῦ
476 3750 599 3788 σου
627 3738 741 3791 οὐκ
788 3738 948 3805 ἐρεῖς
975 3741 1199 3809 κακῶς.
1242 3745 1579 3813 Ἀκολούθως
1618 3749 1712 3806 οὖν
1753 3753 1901 3824 αὐτῷ

302 3827 605 3896 διορίζεται
638 3832 732 3883 καὶ
754 3834 782 3885 ὁ
804 3833 1000 3903 παρὼν
1036 3838 1237 3901 κανὼν,
1288 3840 1381 3892 τὸν
1412 3841 1708 3912 ὑϐρίζοντα
1746 3847 1903 3918 βασι-

310 3919 410 3972 λέα
430 3922 465 3989 ἢ
482 3922 736 3993 ἄρχοντα,
763 3927 1025 3997 κληρικὸν
1051 3930 1153 4001 μὲν
1176 3934 1327 4001 ὄντα,
1351 3935 1757 4008 καθαιρεῖσθαι,
1780 3941 1901 3996 lai-

322 4016 421 4108 κον
455 4018 532 4084 δὲ,
572 4022 954 4091 ἀφορίζεσθαι.
989 4027 1101 4080 Καὶ
1126 4028 1285 4082 τοῦτο
1338 4032 1437 4100 μὲν
1473 4033 1599 4087 ὅσον
1656 4036 1764 4090 ἀπὸ
1796 4037 1901 4108 τῆς

322 4106 775 4183 ἐκκλησιαστικῆς
818 4119 1183 4186 παραδόσεως
1207 4134 1221 4150 ⁶
1252 4123 1300 4175 οἱ
1348 4122 1405 4175 δὲ
1437 4123 1710 4180 πολιτικοὶ
1740 4106 1899 4197 νόμοι

315 4200 485 4264 ἄλλως
526 4203 865 4261 διευλυτοῦσι
916 4210 986 4263 τὰ
1043 4211 1143 4281 τῆς
1180 4212 1467 4287 βασιλικῆς
1513 4217 1747 4289 ὕϐρεως.
1788 4221 1900 4276 Καὶ

308 4293 585 4361 ἀνάγνωθι
641 4298 702 4351 τὸ
730 4297 819 4365 λς’
859 4319 988 4371 κεφ.
1036 4305 1131 4358 τοῦ
1173 4306 1218 4359 θ’
1260 4307 1442 4361 τίτλου
1483 4308 1576 4363 τοῦ
1623 4311 1901 4383 παρόντος

310 4387 713 4458 συντάγματος.
746 4394 904 4458 Τινὲς
933 4397 1333 4473 ἑρμηνεύοντες
1362 4401 1443 4469 τὸ,
1479 4402 1547 4454 Εἴ
1567 4420 1652 4468 τις
1683 4380 1900 4475 eopiosi.

308 4479 540 4547 βασιλέα
575 4484 607 4553 ἢ
642 4486 879 4557 ἄρχοντα
907 4492 1060 4563 παρὰ
1088 4491 1149 4546 τὺ
1181 4494 1409 4560 δίκαιον,
1445 4493 1600 4551 εἶπον
1634 4498 1900 4566 πολλάκις

303 4572 751 4644 ὲκλαμϐάνεσθαι
781 4581 988 4636 καὶτὸν
1024 4583 1232 4639 δίκαιον
1261 4587 1484 4658 ἔλεγχον
1517 4589 1637 4643 ἀντὶ
1659 4589 1896 4662 ὕϐρεως.

300 4662 537 4735 Νομίζω
562 4666 619 4721 δὲ
643 4668 799 4723 τοῦτο
822 4673 1221 4742 ἑρμηνεύεσθαι
1251 4677 1358 4729 ἀπ’)
1394 4677 1488 4730 τοῦ
1522 4677 1583 4731 ιδ’
1622 4695 1750 4747 κεφ.
1799 4680 1897 4734 τοῦ
1943 4697 1956 4711 ·

300 4755 389 4817 λς’
422 4757 610 4811 τίτλου
640 4761 733 4814 τοῦ
763 4760 806 4829 ξ’
844 4763 1052 4834 βιϐλίου
1088 4767 1196 4821 τῶν
1231 4768 1558 4833 Βασιλικῶν,
1590 4771 1729 4841 ὅπερ
1758 4789 1901 4826 κατ-

300 4849 558 4920 εστρὼοη
614 4855 695 4916 εἰς
738 4855 798 4908 τὸ
844 4854 935 4921 λς’
974 4860 1269 4930 κεφάλαιον
1329 4862 1425 4917 τοῦ
1496 4861 1541 4917 θ’
1587 4862 1768 4918 τίτλου
1799 4863 1894 4918 τοῦ

304 4943 581 5012 παρόντος
611 4947 1018 5020 συντάγματος.

417 5105 466 5138 ³⁸
492 5105 669 5164 Exod.
696 5124 834 5175 xx",
868 5111 962 5168 28.

2000 601 2291 672 quispiam,
2325 614 2394 654 an
2425 609 2479 655 et
2507 599 2599 656 hic
2647 598 2802 663 illud,
2847 597 3079 653 desistat
3132 597 3215 652 vel
3258 596 3587 667 deponatur,

2001 695 2177 750 locum
2214 694 2434 760 habeat,
2481 692 2936 761 quemadmodum
2985 700 3040 747 et
3081 692 3135 746 in
3166 690 3229 745 8i
3278 705 3401 747 can.
3452 692 3590 746 didi-

2001 789 2198 852 cimus,
2267 800 2335 841 an
2400 785 2563 841 etiam
2612 793 2739 840 ante
2787 783 2989 850 edicta,
3038 784 3297 839 sacerdos
3335 784 3428 854 qui
3474 798 3590 837 rem

2000 880 2294 935 militarem
2342 886 2545 934 tractat
2608 878 2770 933 illico
2810 876 3131 946 deponetur.
3185 876 3415 932 Salutio.
3462 876 3591 931 Exi-

2002 974 2165 1030 stimo
2192 973 2335 1044 quod
2368 972 2472 1043 55
2506 972 2595 1027 hic
2640 985 2861 1041 quoque
2920 978 3042 1040 post
3083 971 3343 1037 edictum,
3396 970 3445 1026 is
3496 971 3591 1039 qui

2003 1064 2280 1121 exercitus
2310 1078 2500 1119 curam
2528 1064 2717 1127 habet,
2750 1062 2802 1117 si
2826 1076 2931 1117 non
2965 1060 3216 1126 desistat,
3262 1061 3590 1131 deponetur.

2003 1160 2198 1215 Omnia
2231 1159 2377 1213 enim
2410 1156 2627 1226 publica
2657 1155 2905 1210 eamdem
2933 1169 3155 1210 causam
3178 1155 3413 1211 habent.
3447 1153 3592 1225 Lego

2002 1251 2168 1306 etiam
2201 1256 2362 1318 caput
2388 1247 2459 1302 52
2493 1245 2632 1301 tituli
2668 1245 2802 1300 noni
2834 1246 3121 1315 praesentis
3153 1243 3362 1315 operis,
3387 1254 3441 1301 ct
3470 1259 3594 1314 qua:

2004 1342 2059 1398 in
2095 1342 2184 1397 illo
2214 1341 2416 1411 scripta
2450 1347 2597 1394 sunt.

2072 1529 2329 1586 ZONAR.
2382 1525 2659 1607 Caponem
2712 1538 2820 1580 non
2871 1523 3109 1579 arbitror
3170 1522 3261 1578 hic
3318 1521 3597 1592 appellare

2005 1622 2322 1695 στρατείαν,
2360 1619 2646 1673 Armorum
2675 1617 3068 1679 tractationem,
3092 1613 3172 1669 vel
3188 1614 3422 1668 militum
3447 1629 3597 1683 pm-

2003 1720 2300 1790 fecturam,
2360 1712 2454 1769 sed
2510 1708 2831 1765 militarium
2883 1722 3067 1764 rerum
3113 1706 3597 1778 procurationem;

2004 1810 2169 1865 veluti
2205 1802 2526 1863 militarium
2563 1802 2968 1873 stipendiorum
3010 1798 3478 1862 distributionem,
3505 1798 3593 1853 vel

2002 1914 2236 1957 annonae
2291 1895 2599 1951 nutriendis
2651 1894 2915 1948 militibus
2965 1892 3219 1962 seposita:
3265 1887 3595 1954 curam,vel

2002 1992 2235 2048 militum
2276 1987 2731 2058 descriptionem,
2753 1986 2836 2039 vel
2893 1985 3057 2039 etiam
3104 1997 3243 2051 quas
3291 1982 3433 2036 alias
3459 1996 3592 2050 pro—

2001 2084 2311 2139 curationes
2348 2098 2363 2136 :
2406 2094 2542 2149 quas
2576 2077 2795 2148 quidem
2828 2076 3018 2131 civiles
3050 2077 3197 2145 leges
3241 2073 3593 2130 inveniuntur

2001 2175 2165 2230 etiam
2196 2173 2481 2230 nominare
2512 2170 2828 2239 στρατείας.
2864 2169 3227 2224 Consecratos
3266 2166 3429 2236 igitur
3469 2166 3593 2222 istis

2001 2266 2473 2336 quaiibuscunque
2505 2271 2763 2318 vacantes
2796 2276 2972 2317 canon
3006 2259 3333 2329 depositioni
3365 2257 3592 2313 omnino

2001 2358 2224 2429 subjicit
2255 2375 2270 2412 :
2298 2357 2341 2412 si
2379 2372 2485 2411 non
2518 2355 2698 2411 abhis
2726 2354 3062 2409 abstineant.
3099 2351 3211 2407 Nec
3249 2350 3405 2407 enim
3432 2350 3594 2404 decet

2001 2466 2108 2507 non
2138 2449 2413 2506 miscenda
2442 2449 2675 2503 miscere
2703 2463 2727 2501 ιη
2751 2462 2815 2501 ea
2842 2445 3159 2517 (dicit)-quae
3182 2449 3309 2498 sunt
3336 2440 3590 2507 Caesaris,

2001 2552 2057 2599 et
2085 2558 2150 2599 ea
2177 2557 2298 2613 quae
2338 2549 2468 2597 sunt
2495 2539 2611 2595 Dei.
2651 2539 2932 2609 Septimus
2962 2546 3143 2593 autem
3168 2536 3222 2592 in
3245 2533 3597 2589 Chalcedone

2000 2637 2194 2711 synodi
2228 2650 2407 2693 canon
2443 2634 2579 2691 tales
2610 2648 2749 2704 quos
2787 2647 2899 2688 non
2950 2631 3244 2703 pmniteat,
3265 2629 3594 2685 anathema-

2003 2732 2159 2787 tizari
2193 2732 2459 2787 decernit.

2000 2826 2231 2884 ARIST.
2275 2827 2541 2883 Sacerdos
2591 2827 2979 2896 magistratum
3006 2822 3231 2887 obiens,-
3286 2816 3593 2888 deponitur.

2046 2939 2065 2974 ι
2090 2920 2221 2987 Qua:
2240 2921 2379 2975 enim
2398 2919 2628 2975 Ca’sart's
2658 2928 2799 2979 sunt,
2820 2917 3046 2981 Ca’sari,
3068 2922 3257 2984 etque:
3284 2912 3401 2980 Dei,
3426 2912 3592 2966 Deo.»

2076 3013 2179 3082 Qui
2216 3010 2521 3066 Romanam
2554 3009 2805 3064 militiam
2842 3007 3082 3063 retinere
3108 3004 3289 3070 vellet,
3337 3017 3403 3057 ac
3425 3002 3597 3057 etiam

2002 3103 2396 3160 sacerdotalem
2449 3101 3028 3165 administrationem,
3067 3097 3393 3164 deponatur.
3460 3092 3597 3157 Qua:

1929 3201 1973 3261 α
2006 3198 2142 3252 enim
2172 3195 2399 3252 Censoris
2431 3204 2575 3258 sunt,
2616 3192 2839 3257 Cwsari,
2870 3201 2921 3247 et
2962 3207 3104 3260 qnaz,
3135 3187 3259 3253 Dei,
3300 3186 3436 3241 Deo.

2505 3286 2737 3343 CANON
2804 3281 3092 3339 LXXXIV.

2007 3383 2257 3451 Quisquis
2289 3398 2459 3454 regem
2488 3379 2563 3434 rel
2590 3379 2882 3450 principem
2913 3384 3104 3445 prceter
3130 3374 3227 3444 jus
3271 3370 3597 3427 contumelia

2076 3476 2337 3546 aﬂ‘ecerit,
2380 3490 2563 3544 partas
2593 3472 2758 3526 luat:
2798 3479 2849 3525 et
2892 3470 2940 3524 ai
2977 3470 3047 3523 sit
3091 3468 3305 3538 quidem
3348 3465 3595 3530 clericus,

2077 3569 2373 3639 deponatur
2406 3581 2425 3620 :
2465 3566 2511 3621 si
2544 3579 2662 3620 vero
2702 3563 2897 3627 laicus,
2926 3568 3249 3631 segregetur.

2080 3658 2276 3715 BALS.
2327 3659 2440 3713 Lex
2480 3656 2717 3711 Mesaica
2763 3654 2893 3709 dicit
2941 3671 2955 3708 :
3006 3651 3247 3720 Principi
3289 3650 3471 3722 populi
3516 3653 3597 3707 tui

2008 3770 2112 3809 non
2140 3748 2514 3807 maledicas“.
2570 3748 2631 3803 Ei
2681 3761 2812 3818 ergo
2846 3754 3249 3815 consequenter
3300 3745 3493 3801 statuit
3539 3753 3597 3799 et

2009 3862 2247 3917 praesens
2295 3858 2493 3906 canon,
2551 3856 2674 3896 eum
2725 3839 2818 3910 qui
2873 3838 3257 3910 imperatorem
3307 3836 3393 3890 vel
3438 3835 3594 3904 prin—

2007 3940 2179 4008 cipem
2206 3935 2405 4007 injuria
2428 3934 2613 3999 allicit,
2642 3934 2688 3988 si
2724 3934 2793 3987 sit
2819 3933 3038 4000 quidem
3074 3930 3330 3995 clericus,
3360 3929 3553 3997 deponi
3578 3946 3593 3983 :

2006 4034 2050 4089 si
2084 4046 2214 4087 vero
2239 4030 2436 4093 laicus,
2477 4027 2789 4099 segregari;
2829 4034 2883 4080 et
2932 4026 3035 4079 hoc
3074 4022 3295 4090 quidem
3331 4031 3594 4091 quantum

2008 4121 2071 4175 ad
2104 4119 2534 4176 ecclesiasticam
2568 4116 2914 4171 traditionem
2940 4113 3155 4168 attinet.
3185 4112 3385 4167 Civiles
3411 4119 3593 4166 autent

2006 4214 2155 4285 leges
2184 4214 2339 4279 imp.,
2388 4194 2586 4265 factam
2619 4209 2869 4279 iujuriam
2920 4207 3081 4261 aliter
3131 4204 3428 4269 vindicant,
3477 4202 3595 4270 lego

2005 4314 2185 4361 autent
2217 4304 2307 4370 56,
2346 4319 2470 4374 cap.
2499 4302 2629 4358 noni
2659 4303 2745 4356 tit.
2775 4299 3061 4370 praesentis
3100 4297 3305 4367 operis.
3338 4294 3595 4349 Nonnulli

2006 4412 2188 4456 autem
2216 4398 2344 4452 illud
2379 4396 2818 4466 interpretantes,
2849 4390 2906 4446 Si
2957 4390 3079 4461 quis
3125 4402 3309 4456 regem
3333 4388 3419 4444 vel
3447 4388 3598 4456 prin-

2007 4494 2181 4563 cipent
2220 4498 2415 4562 praeter
2438 4489 2527 4561 jus
2556 4486 2884 4545 contumelia
2917 4486 3103 4548 allicit,
3136 4483 3421 4538 dixeruntt
3448 4496 3595 4550 saepe

2007 4588 2172 4641 etiam
2221 4584 2421 4656 justam
2461 4580 2947 4652 reprehensionem
2990 4592 3087 4647 pro
3147 4574 3347 4645 injuria
3395 4572 3593 4640 accipi.

2004 4680 2271 4737 Existimo
2298 4687 2482 4734 autem
2523 4677 2631 4731 hoc
2659 4673 2918 4743 explicari
2968 4687 2996 4726 a
3034 4671 3101 4725 14
3131 4684 3253 4739 cap.
3287 4670 3377 4736 56,
3406 4667 3494 4722 tit.
3528 4666 3597 4722 60

2004 4772 2102 4828 lib.
2134 4771 2297 4826 Basil.
2330 4768 2473 4840 quod
2505 4767 2671 4830 situm
2725 4775 2809 4822 est
2848 4765 2903 4820 in
2945 4761 3019 4819 36
3057 4775 3176 4832 cap.
3229 4760 3285 4823 9,
3317 4759 3427 4827 tit.,
3460 4772 3597 4828 prae.

2004 4866 2174 4922 sentis
2209 4864 2411 4936 operis.

1552 5209 1740 5272 Guill.
1770 5210 2096 5289 Beveregii
2125 5216 2317 5273 notae.

376 5321 500 5392 (30)
528 5321 731 5387 Ὅστις
751 5323 987 5388 ὑϐρίσει
1012 5324 1303 5387 βασιλέα.
1337 5326 1505 5382 Recte
1530 5328 1616 5383 hie
1645 5335 1903 5386 observat

305 5392 768 5472 liarnwnnpqlus,
799 5397 945 5472 quod
973 5395 1075 5449 hoc
1094 5399 1710 5472 catt_0tte_,_Baqtléa_pév
1741 5401 1902 5471 ὑϐρί-

306 5466 434 5547 ζειν.
486 5462 820 5547 κεκιξλυται,
861 5464 1109 5547 ἐλέγχειν
1155 5465 1210 5519 δὲ
1255 5469 1531 5547 οὐδαμῶς.
1575 5462 1902 5527 Contumelia

306 5534 517 5611 quidem
549 5533 1528 5611 afﬁcereimperatm'eut__prohibitum
1577 5552 1672 5602 est,
1720 5559 1900 5611 repre-

307 5605 739 5676 hendereautem
765 5619 1116 5676 nequaquam.
1151 5605 1403 5663 liarmeu.
1434 5610 1567 5676 epit.
1604 5628 1727 5666 can.
1764 5605 1898 5668 sccl.

308 5675 362 5754 ᾗ,
395 5677 481 5754 tit.
514 5674 573 5754 ξς,
609 5675 697 5754 cui
733 5673 1061 5754 sullragatnr
1083 5686 1135 5729 et
1170 5677 1432 5754 zonaras.
1470 5673 1545 5754 :Et
1575 5681 1652 5735 sic
1679 5684 1896 5752 quidem

310 5744 371 5801 υ.
404 5743 734 5812 Ambrosius
792 5745 1172 5812 imperatorem
1216 5747 1658 5806 Valentinianum
1697 5743 1894 5812 ’τευτε-

310 5814 514 5885 hcndit,
552 5811 887 5871 Theodoret;
924 5813 1070 5870 Hist.
1102 5817 1282 5876 eccles.
1343 5820 1437 5878 lib.
1477 5836 1561 5887 tv,
1595 5837 1715 5888 cap.
1751 5811 1819 5889 7,
1849 5831 1902 5881 et

1999 5328 2403 5394 Theodosium,
2432 5327 2564 5385 ibid.
2611 5328 2650 5385 l.
2682 5345 2736 5392 γ.
2774 5344 2823 5382 c.
2863 5328 2948 5382 l7.
2984 5325 3139 5380 Joan.
3176 5326 3595 5396 Chrysostomus

2000 5400 2200 5456 multos
2230 5399 2567 5468 optimatum
2596 5407 2651 5453 et
2682 5400 3134 5468 magistratuum,
3172 5395 3386 5468 Socrat.
3419 5395 3547 5468 l._vt
3573 5434 3591 5462 ,

1998 5487 2051 5529 c.
2086 5471 2141 5525 5.
2198 5465 2462 5525 Αίεοηίιιε
2509 5465 2869 5540 Βαιωοιοεῖιιιι
2924 5466 3270 5540 reprehendit
3319 5465 3481 5540 sin-tul
3537 5475 3592 5519 et

1999 5533 2772 5615 sa_cris__interdixit,_Niccph:
2796 5538 2959 5615 σερε.
2985 5533 3133 5615 ἸΙξει.
3164 5533 3324 5615 nam.
3360 5534 3453 5589 lib.
3485 5550 3537 5615 ιν
3571 5574 3586 5600 ,

2000 5611 2089 5664 alii
2124 5610 2282 5674 alios,
2316 5619 2374 5665 ut
2423 5604 2805 5665 ecclesiastica:
2852 5604 3104 5663 Historiae
3145 5604 3440 5673 scriptores
3489 5605 3589 5659 ab-

1999 5683 2140 5735 unde
2166 5690 2458 5735 testantur.
2489 5680 2560 5736 Ut
2595 5688 2751 5734 extra
2768 5680 2988 5733 dubium
3022 5679 3094 5733 sit
3128 5678 3269 5731 hunc
3300 5689 3588 5742 canonem,

2000 5766 2107 5806 non
2149 5752 2216 5806 de
2237 5752 2382 5822 justa
2435 5752 2822 5822 imperatorum
2873 5746 3325 5822 reprehensione,
3372 5745 3414 5797 si
3458 5746 3597 5802 deii-

2015 5817 2252 5889 qucrint;
2286 5822 2380 5879 sed
2415 5822 2479 5879 de
2513 5817 2841 5878 contumelia
2882 5817 3289 5888 intelligendum
3319 5830 3456 5872 esse.
