4072 6460
427 347 535 416 215

1697 344 1744 404 Τ
1745 341 1976 405 ΠΕΟῙ).
2022 341 2429 404 BALSAMON

3615 342 3720 409 216

429 458 660 513 riuntur.
705 451 820 508 lloc
850 459 1030 506 autem
1063 449 1338 516 fecerunt,
1373 449 1630 518 quoniam
1662 449 1799 504 varii
1829 449 2002 516 nothi,

2113 465 2254 518 φορα
2309 449 2439 503 νόθα
2470 449 2884 522 συγγράμματα
2916 455 3014 506 καὶ
3063 451 3509 525 ψευδεπίγραφοι
3547 448 3716 524 ﬁxam,

425 559 480 605 et
515 547 650 602 falso
677 544 945 612 inscripiti
981 541 1105 598 libri
1133 551 1313 609 erant,
1339 542 1422 598 vel
1449 542 1746 599 etiamnum
1775 550 1924 607 sunt,
1951 551 2008 598 et

424 642 712 697 adulterati
748 638 967 709 quidam
997 653 1012 692 :
1044 635 1234 706 quales
1263 636 1430 691 etiam
1476 652 1594 707 quae
1622 652 1718 708 per
1755 636 2005 693 Clemen-

423 745 534 790 tem
633 731 985 803 promulgatae
1070 729 1291 784 fuerunt
1376 727 1826 786 Constitutiones.
1924 727 2008 784 Ab

359 858 364 863 -
423 825 693 882 haereticis
721 825 866 879 enim
909 823 1236 894 quibusdam
1290 831 1346 877 et
1399 822 1717 878 adulterata!
1767 830 1824 877 et
1878 838 2005 877 eor-

371 909 374 911 Α
424 926 597 988 rupta:
630 916 870 972 fuerunt.
904 916 1245 986 Quapropter
1273 917 1406 970 istas
1435 917 1658 970 omnino
1705 914 1810 986 legi
1839 915 2008 970 vetuit

424 1011 760 1066 oecumenica
794 1017 950 1064 sexta
978 1008 1220 1080 synodus
1267 1009 1319 1062 in
1351 1007 1589 1061 secundo
1619 1009 1795 1078 capite
1837 1021 2004 1062 cano-

425 1119 553 1157 num
585 1102 655 1157 ab
678 1117 741 1156 ea
775 1110 1132 1156 statutorum.
1165 1100 1299 1156 Alite
1326 1115 1459 1156 vero
1488 1099 1730 1168 quaedam
1758 1100 2008 1154 dinume-

426 1194 708 1259 ratioues,
767 1193 903 1248 alios
966 1201 1166 1262 praeter
1219 1192 1307 1246 hic
1370 1200 1722 1247 enumeratos
1795 1189 2004 1254 libros,

424 1287 750 1357 permittunt
793 1286 957 1341 etiam
1010 1286 1136 1357 legi,
1175 1295 1230 1341 et
1283 1284 1624 1354 Sapientiam
1676 1283 2005 1351 Salomonis,

421 1389 477 1433 et
506 1377 716 1445 .ludith,
749 1386 803 1433 et
833 1375 1080 1442 Tobiam,
1111 1388 1166 1433 et
1195 1367 1558 1449 Apocalypsin
1579 1375 1862 1446 Theologi.

495 1469 558 1524 lli
586 1469 805 1540 quidem
850 1478 980 1525 sunt
1022 1470 1190 1540 igitur
1236 1469 1833 1525 venerandissimorum
1877 1481 2008 1534 apo-

422 1562 687 1618 stolorum
731 1563 1008 1634 octoginta
1058 1564 1299 1634 quinque
1349 1577 1611 1618 canones.
1668 1559 2006 1627 Quibusdam

423 1653 683 1709 tamenin
717 1654 872 1710 libris
903 1667 1142 1710 canones
1185 1654 1514 1710 habentibus
1562 1653 1912 1708 inveniuntur
1954 1664 2009 1706 et

422 1745 514 1799 alii
571 1760 848 1811 canones,
935 1746 1370 1816 uniuscujusque
1449 1745 2004 1801 celebratissimorum

423 1835 788 1903 apostolorum
840 1837 1059 1892 nomine
1100 1838 1370 1906 inscripti.
1417 1837 1524 1893 Sed
1556 1837 1610 1892 in
1639 1835 1829 1892 Trullo
1868 1851 2002 1891 con-
2033 1817 2081 1878 Β

423 1937 642 1997 gregata
700 1929 940 2000 synodus
990 1929 1347 1985 ducentorum
1401 1929 1589 2000 viginti
1633 1937 1838 1999 septem
1879 1943 2004 1982 san-

421 2029 634 2076 ctorum
677 2020 920 2086 Patrum,
972 2022 1074 2077 sub
1099 2037 1265 2092 regno
1316 2021 1666 2092 imperatoris
1711 2020 2006 2076 Justiniani

425 2109 784 2177 Rhinotmeti,
819 2126 937 2181 quae
969 2112 1111 2167 dicta
1142 2123 1227 2168 est
1255 2119 1432 2177 sexta,
1458 2120 1680 2167 sanctos
1718 2123 2008 2166 recensens

423 2217 679 2268 canones,
725 2205 806 2260 sic
839 2204 914 2259 ait
946 2223 961 2260 :
991 2204 1130 2261 lluic
1160 2214 1361 2262 sanctae
1392 2205 1602 2275 synodo
1648 2205 1822 2260 visum
1885 2203 2005 2268 fuit,

423 2302 485 2346 ut
540 2295 664 2360 rati,
715 2304 773 2349 et
812 2295 954 2350 ﬁrmi
1009 2306 1268 2353 maneant
1318 2311 1556 2352 canones
1626 2311 1656 2349 a
1701 2295 1909 2351 sanctis
1955 2301 2010 2347 et

423 2383 598 2440 beatis
631 2386 888 2442 Patribus
940 2389 1146 2442 nostris
1207 2388 1630 2458 praecessoribus
1689 2385 1896 2454 recepti
1956 2393 2012 2438 et

423 2473 730 2539 approbati.
766 2472 1085 2543 Traditique
1117 2475 1276 2531 nobis
1312 2478 1478 2531 etiam
1530 2475 1751 2530 nomine
1787 2483 2009 2529 sancto-

427 2577 547 2615 rum
617 2571 674 2617 et
729 2563 1251 2634 gloriosissimorum
1321 2566 1693 2636 apostolorum
1772 2579 2009 2619 canones

425 2657 705 2726 octoginta
738 2657 1002 2727 quinque.
1037 2658 1160 2713 Mox
1189 2661 1525 2729 conscriptas
1566 2673 1597 2713 a
1646 2669 1834 2714 sancto
1883 2655 2009 2711 Cle-

428 2755 613 2803 mente
643 2749 1096 2815 Constitutiones,
1145 2765 1266 2804 cum
1317 2751 1545 2805 dixisset
1589 2751 1688 2804 has
1745 2748 1849 2817 legi
1899 2762 2006 2801 non

429 2849 702 2908 oportere,
755 2848 812 2892 et
862 2853 956 2894 eas
991 2839 1291 2910 rejecisset,
1321 2840 1390 2895 ob
1427 2840 1476 2895 id
1501 2840 1645 2910 quod
1697 2837 2006 2892 adulterina

429 2931 700 3002 qmdam,
727 2941 789 2986 et
811 2932 985 2988 aliena
1019 2949 1047 2986 a
1084 2934 1283 3001 pietate
1314 2934 1425 2987 sint
1463 2933 1596 3003 ipsis
1639 2930 1706 2985 ad
1753 2929 2011 2984 Ecclesia:

427 3020 726 3089 perniciem
765 3023 968 3078 inserta
1000 3025 1068 3078 ab
1099 3019 1394 3088 haereticis,
1443 3022 1688 3078 meminit
1720 3019 2012 3092 synodico-

426 3130 546 3169 rum
582 3129 874 3182 canonum,
899 3124 952 3169 et
973 3115 1431 3172 oecumenicarum
1469 3114 1823 3185 synodorum,
1862 3113 2013 3168 loca-

427 3205 564 3260 lium
595 3221 839 3277 quoque,
869 3215 924 3261 et
953 3221 983 3261 a
1015 3206 1219 3261 divinis
1276 3206 1529 3261 Patribus
1572 3215 1728 3260 extra
1766 3203 2011 3276 synodos

427 3296 692 3354 factorum
720 3297 826 3368 57
845 3313 1134 3365 canonum,
1159 3299 1411 3369 deinceps
1424 3298 1511 3352 his
1529 3296 1782 3366 subjecit,
1798 3295 2008 3351 Nemini

425 3388 509 3446 fas
537 3405 658 3447 esse
685 3392 1029 3461 supradictas
1056 3406 1293 3448 canones
1334 3393 1666 3453 adulterare,
1693 3389 1781 3446 vel
1811 3389 2014 3456 impro-

426 3484 577 3548 bare,
608 3485 694 3540 vel
735 3485 870 3540 alios
899 3494 1094 3554 prteter
1130 3484 1441 3556 propositos
1479 3484 1723 3554 recipere
1770 3495 2011 3537 canones

428 3578 564 3632 falso
591 3577 902 3646 inscriptos,
951 3593 1087 3648 quos
1113 3574 1332 3648 quidam
1379 3579 1664 3632 veritatem
1717 3576 2008 3647 cauponari

427 3670 628 3733 conati,
655 3655 1107 3738 composuerunt.
1145 3667 1280 3724 Cum
1310 3670 1585 3724 secundus
1616 3678 1784 3723 sextae
1818 3666 2010 3737 synodi

426 3775 602 3815 canon
652 3761 768 3816 haec
803 3761 1038 3827 ordinet,
1092 3777 1193 3816 nec
1225 3777 1452 3830 usquam
1493 3760 1813 3814 memoriam
1847 3757 2012 3812 faciat

427 3851 656 3906 aliorum
690 3851 1114 3920 apostolicorum
1142 3865 1412 3906 canonum
1452 3858 1649 3917 praeter
1688 3848 1824 3903 istos
1863 3856 2013 3901 octo-

428 3945 571 4013 ginta
606 3945 868 4014 quinque,
897 3959 1004 3999 non
1038 3951 1256 4013 oportet
1286 3943 1422 3996 alios
1445 3941 1602 4006 ullos,
1633 3938 1726 4008 qui
1755 3940 2011 4016 dicantur

428 4037 819 4107 apostolorum,
847 4052 1089 4092 canones
1127 4033 1438 4104 approbari,
1475 4034 1568 4088 sed
1600 4034 1772 4103 magis
1823 4046 2012 4101 repro-

429 4129 568 4194 hari,
596 4129 860 4200 obeloque
907 4127 1177 4198 transﬁgi,
1211 4136 1267 4181 et
1314 4127 1464 4199 rejici
1513 4135 1815 4195 :tanquam
1871 4123 2011 4178 falso

431 4225 721 4295 inscriptos
773 4234 828 4280 et
874 4240 976 4278 non
1043 4223 1334 4293 legitimos,
1393 4231 1448 4278 et
1504 4231 1657 4277 extra
1722 4233 2007 4274 numerum

431 4331 804 4387 eorumquos
859 4317 1025 4371 divini
1075 4316 1366 4386 sanctique
1415 4313 1606 4370 Patres
1643 4312 1856 4381 judicio
1908 4324 2011 4367 suo

431 4407 869 4480 comprobarunt.

432 4593 658 4650 ARIST.
682 4591 971 4663 Sexaginta
1001 4591 1259 4647 librorum
1295 4606 1464 4646 canon
1499 4597 1705 4643 tantum
1747 4597 1825 4644 est
1863 4603 2015 4642 vene-

1099 4681 1324 4736 randus.

498 4777 592 4832 Isti
629 4775 726 4832 soli
766 4776 886 4830 libri
921 4775 1136 4830 clericis
1171 4783 1225 4828 et
1272 4774 1427 4828 laicis
1472 4771 1770 4829 venerandi
1815 4772 2017 4826 sancti-

432 4887 538 4942 que
563 4870 811 4941 judicare
842 4869 1062 4934 debcnt,
1094 4867 1304 4922 scilicet
1335 4865 1544 4922 Veteris
1571 4865 1787 4936 quidem
1823 4865 2016 4921 Testa-

433 4963 618 5028 menti,
651 4960 818 5016 Mosis
853 4960 1114 5030 quinque,
1146 4957 1396 5022 Genesis,
1434 4958 1669 5023 Exodus,
1719 4956 2013 5025 Leriticus,

434 5055 675 5119 Numeri,
712 5051 1211 5107 Deuteronomittm.
1237 5049 1369 5105 Jesu
1405 5051 1497 5104 nm
1535 5050 1682 5104 Nave
1712 5066 1870 5106 unus.
1919 5049 2014 5105 Ju-

434 5148 610 5203 dicum
647 5155 704 5202 et
727 5145 873 5200 Ruth
913 5159 1078 5200 unus.
1111 5143 1318 5212 Regum
1343 5153 1594 5213 quatuor.
1620 5141 2013 5200 Derelictorum

434 5256 500 5294 ex
559 5238 698 5293 libro
748 5237 957 5291 dierum
999 5237 1126 5291 duo.
1165 5235 1352 5291 Esdra:
1409 5234 1540 5290 duo.
1598 5235 1793 5290 Esther
1849 5251 2012 5291 unus.

437 5331 866 5385 Maccabaeorum
925 5338 1058 5386 tres.
1106 5327 1207 5384 Job
1263 5342 1420 5383 unus.
1470 5327 1822 5389 Psalterium.
1854 5344 2013 5384 unus.

435 5421 742 5479 Salomonis
774 5430 905 5478 tres.
952 5421 1268 5478 Proverbia.
1317 5422 1699 5479 Ecclesiastes.
1734 5422 2017 5477 Canticum

437 5515 797 5571 canticorum.
832 5514 1258 5586 jProphetarum
1316 5515 1620 5570 duodecim.
1679 5514 1910 5583 Insuper
1965 5524 2021 5568 et

437 5616 593 5661 extra
617 5607 719 5661 hos
764 5617 820 5662 et
867 5606 1158 5676 Sapientia:
1201 5607 1559 5662 eruditissimi
1614 5605 1832 5661 Sirach.
1884 5604 2018 5659 Novi

439 5707 620 5753 autem
676 5696 1012 5754 Testamenti
1075 5697 1368 5772 Evangelia
1417 5709 1694 5770 quatuor,
1743 5698 1979 5752 Matthzei
2010 5757 2024 5781 ν

440 5789 628 5858 Marci,
660 5789 839 5862 Lucan,
870 5789 1118 5851 Joannis.
1144 5791 1297 5849 Pauli
1314 5791 1569 5862 Epistolas
1586 5789 2020 5862 quatuordecim.

2109 541 2141 610 ἢ
2170 541 2264 598 καί
2299 543 2438 594 εἰσιο
2475 543 2544 596 τὰ
2580 542 2638 594 δὲ
2680 544 2775 596 καὶ
2808 544 3194 615 νενοθευμένα,
3227 542 3348 600 οἶαι
3402 546 3506 600 καὶ
3534 547 3594 599 αί
3628 547 3717 600 διὰ

2108 631 2201 686 τοῦ
2231 633 2552 706 Κλήμεντος
2580 636 3044 707 ὲκπεφωνημέναι
3069 639 3360 708 διαταγαί.
3407 638 3525 692 Καὶ
3553 631 3720 691 αὗται

2109 728 2203 780 καὶ
2236 728 2391 798 παρὰ
2424 728 2729 795 κακοδόξων
2778 731 2942 785 τινῶν
2973 733 3343 802 ὲνοθεύθησάν
3379 750 3440 786 τε
3479 734 3580 786 καὶ
3611 751 3721 784 πα-

2113 819 2485 892 ρεφθάρησαν.
2539 821 2630 875 Διὸ
2670 823 2763 876 καὶ
2815 823 3290 892 ἀναγινώσκεσθαι
3351 825 3500 888 ὅλως
3546 825 3722 888 αὑτὰς

2109 913 2491 984 ἀπηγόρευσεν
2540 915 2573 984 ἡ
2609 915 2967 986 οίκουμενικὴ
3001 916 3137 993 ἕκτη
3177 916 3410 980 σύνοδος
3445 919 3506 970 έν
3546 933 3722 984 κεφα-

2108 1005 2244 1077 λαίῳ
2303 1005 2546 1077 δευτέρῳ
2583 1007 2692 1061 τῶν
2727 1008 2860 1078 παρ’
2895 1009 3067 1078 αὐτῆς
3095 1009 3376 1063 τεθέντων
3441 1010 3718 1063 κανόνων.

2109 1096 2266 1160 Τινὲς
2297 1096 2353 1149 δὲ
2381 1097 2490 1151 τῶν
2524 1097 2703 1152 ἄλλων
2762 1099 3206 1172 ἀπαριθμήσεων
3265 1099 3722 1170 παραχωροῦσιν

2109 1188 2584 1258 ἀναγινώσκεσθαι
2609 1191 2746 1262 πρὸς
2777 1194 2891 1255 τοῖς
2923 1175 3160 1245 ἐνταῦθα
3193 1193 3721 1262 ἀπηριθμημένοις,

2109 1282 2206 1336 καὶ
2252 1283 2350 1352 τὴν
2400 1282 2604 1352 Σοφίαν
2646 1283 3015 1354 Σολομῶντος,
3063 1285 3158 1336 καὶ
3188 1284 3435 1354 ἸουδὴΟ,
3476 1285 3578 1336 καὶ
3611 1285 3722 1337 Two

2111 1373 2257 1439 ϐίαν,
2284 1373 2380 1427 καὶ
2411 1376 2510 1445 τὴν
2545 1375 2919 1445 Ἀποκάλυψιν
2947 1374 3039 1429 τοῦ
3073 1374 3367 1444 Θεολόγου.

2219 1459 2334 1519 ὗτοι
2383 1465 2483 1536 μὲν
2512 1460 2605 1520 οὖν
2634 1468 2772 1520 εἰσιν
2796 1469 2845 1520 οἱ
2877 1469 2984 1521 τῶν
3014 1468 3350 1521 πανσέπτων
3386 1466 3720 1520 ἀποστόλων

2111 1563 2192 1620 περ’
2230 1557 2477 1621 κανόνες.
2521 1558 2882 1629 Εὑρίσκονται
2935 1559 2992 1612 δὲ
3043 1558 3100 1611 ἓν
3131 1576 3244 1612 τισι
3279 1559 3397 1612 τῶν
3440 1560 3576 1620 τοὺς
3611 1575 3720 1609 κα-

2109 1651 2265 1714 νόνας
2295 1650 2531 1720 ἑχόντων
2582 1649 2804 1721 βιϐλίων
2852 1649 2949 1705 καὶ
2993 1652 3174 1724 ἕτεροι
3209 1651 3446 1714 κανόνες
3483 1651 3574 1705 ἐπ’
3605 1651 3722 1704 όνό-

2113 1761 2245 1813 ματι
2275 1744 2507 1798 ἑκάστου
2551 1743 2662 1796 τῶν
2720 1743 3100 1812 πανευςρήμων
3135 1743 3470 1796 ἀποστόλων
3529 1746 3720 1809 ἐπιγε-

2109 1837 2440 1906 γραμμένοι.
2483 1835 2627 1889 Ἀλλ’
2654 1838 2688 1906 ἡ
2745 1837 2803 1889 ὲν
2829 1834 2907 1906 τῷ
2955 1835 3214 1907 Τρούλλῳ
3245 1834 3722 1904 συναθροισθεῖσα

2110 1928 2326 1991 σύνοδος
2366 1927 2475 1979 τῶν
2506 1927 2622 1992 cxi,”
2669 1927 2842 1996 ἁγίων
2875 1927 3138 1996 Πατέρων
3169 1926 3263 1980 ἐπὶ
3299 1928 3405 1996 τῆς
3434 1925 3721 1995 βασιλείας

2107 2018 2202 2072 τοῦ
2233 2019 2639 2091 αὐτοκράτορος
2678 2016 3064 2072 Ἰουστινιανοῦ
3103 2016 3200 2071 τοῦ
3245 2018 3713 2088 Ῥινοτμήτου,ή

2109 2113 2377 2184 λεγομένη
2400 2113 2561 2181 ἕκτη,
2581 2113 2963 2185 ἀπαρίθμησιν
3000 2112 3357 2184 ποιησαμένη
3404 2113 3520 2166 τῶν
3552 2111 3716 2175 ἱερῶν

2111 2206 2355 2259 κανόνων
2378 2243 2393 2269 ,
2429 2205 2575 2258 οὕτω
2615 2206 2816 2276 φησιν’
2855 2203 3045 2270 Ἔδοξε
3087 2207 3153 2276 τῇ
3184 2205 3324 2274 ἁγία
3365 2204 3551 2276 ταύτῃ
3588 2220 3718 2257 συνη

2109 2298 2215 2368 ὁδῳ
2243 2297 2424 2369 μένειν
2455 2295 2704 2368 βεϐαίους
2734 2295 2829 2350 καὶ
2857 2297 3120 2368 ἀσφαλεῖς
3149 2297 3276 2359 τοὺς
3328 2296 3440 2349 ὑπὸ
3465 2296 3579 2348 τῶν
3612 2292 3718 2364 πρὸ

2111 2389 2269 2460 ἡμῶν
2303 2389 2477 2458 ἁγίων
2510 2389 2602 2442 καὶ
2648 2387 2940 2460 μακαρίων
2971 2389 3231 2458 Πατέρων
3265 2387 3577 2458 δεχθέντας
3623 2384 3719 2436 καὶ

2113 2480 2486 2552 κυρωθέντας,
2510 2479 2646 2533 ἀλλά
2685 2479 2792 2550 μὴν
2825 2481 2920 2532 καὶ
2967 2479 3383 2550 παραδοθέντας
3426 2479 3566 2548 ἡμῖν
3597 2474 3718 2528 ὀνό-

2114 2589 2247 2642 ματι
2300 2571 2410 2625 τῶν
2464 2570 2638 2638 ἁγίων
2694 2569 2789 2623 καὶ
2835 2569 3197 2635 ἐνδοξοτάτων
3253 2568 3589 2622 ἀποστόλων
3634 2561 3718 2616 πε⁹

2111 2663 2364 2726 κανόνας.
2385 2660 2518 2715 Είτα
2548 2661 2681 2732 περί
2709 2661 2818 2713 τῶν
2845 2661 3000 2726 παρὰ
3035 2659 3130 2712 τοῦ
3164 2658 3326 2726 ἁγίου
3384 2659 3714 2726 Κλήμεντος

2115 2755 2537 2826 συγγραφεισῶν
2571 2753 2901 2821 Διατάξεων,
2960 2751 3190 2805 εἰποῦσα
3227 2751 3305 2821 μὴ
3338 2752 3548 2820 χρῆναι
3583 2744 3717 2800 ταύ-

2111 2866 2211 2912 τας
2235 2847 2734 2916 ἀναγινώσκεσθαι,
2770 2847 2867 2900 καὶ
2919 2843 3347 2913 ἀποϐαλλομένη
3409 2842 3612 2904 αὑτὰς,
3639 2839 3715 2902 ὡς

2112 2936 2406 3006 αἱρετικῶν
2458 2936 2590 2990 νόθα
2643 2935 2916 2999 τινὰῗκαὶ
2972 2933 3097 2998 ξένα
3144 2933 3245 3000 τῆς
3296 2932 3591 2994 εὐσεϐείας
3625 2928 3715 2982 ἐπὶ

2111 3027 2258 3099 λύμῃ
2283 3027 2382 3098 τῆς
2423 3027 2751 3099 Ἐκκλησίας
2769 3027 2962 3088 αὐταῖς
2991 3025 3469 3098 παρενειράντων,
3501 3025 3711 3094 μέμνη-

2113 3137 2204 3174 ται
2227 3121 2337 3172 τών
2383 3120 2680 3172 συνοδικῶν
2728 3119 2994 3182 κανόνων,
3050 3118 3159 3172 τῶν
3192 3134 3251 3169 τε
3306 3113 3711 3184 οίκουμενικῶν

2117 3210 2348 3263 συνόδων
2382 3210 2474 3263 καὶ
2502 3210 2611 3263 τῶν
2640 3211 2905 3273 τοπικῶν,
2933 3209 3030 3262 καὶ
3078 3208 3187 3262 τῶν
3226 3225 3306 3260 πα
3315 3208 3390 3278 ρὰ
3417 3206 3582 3258 θείων
3613 3203 3712 3255 Πα-

2113 3302 2287 3372 τέρων
2319 3302 2475 3364 ὲκτδς
2506 3302 2742 3355 συνόδων
2799 3303 3108 3371 γενομένων
3141 3303 3415 3354 κανόνων.
3475 3299 3586 3351 Καὶ
3618 3293 3710 3347 ἐπὶ

2113 3393 2327 3457 τούτοις
2351 3394 2546 3462 ἐπάγει
2583 3395 2779 3465 μηδενὶ
2827 3395 3029 3460 ἐξεῖναι
3063 3394 3192 3456 τοὺς
3243 3391 3708 3463 προδηλωθέντας

2114 3485 2563 3556 παραχαράττειν
2609 3487 2862 3548 κανόνας.
2896 3486 2928 3557 ἦ
2965 3485 3208 3546 ἀθετεῖν,
3241 3486 3272 3553 ἢ
3304 3485 3534 3555 ἐτέρους
3562 3477 3710 3546 παρὰ

2113 3577 2240 3638 τοὺς
2271 3577 2671 3648 προκειμένους
2724 3578 3132 3648 παραδέχεσθαι
3168 3578 3411 3640 κανόνας
3447 3575 3706 3645 ψευδεπι-

2114 3668 2360 3736 γράψους
2421 3669 2527 3722 ὑπό
2585 3689 2749 3724 τινων
2778 3664 3138 3730 συντεθέντας
3171 3671 3278 3722 τῶν
3311 3672 3417 3741 τὴν
3453 3668 3706 3738 ἀλήθειαν

2114 3757 2453 3826 καπηλεύειν
2507 3761 2999 3832 ἐπιχειρησάντων.
3060 3762 3247 3814 Ταῦτα
3299 3762 3401 3814 τοῦ
3457 3760 3707 3828 δευτέρου

2116 3852 2341 3915 κανόνος
2386 3847 2485 3923 τῆς
2521 3855 2688 3925 ἕκτης
2741 3855 2964 3908 συνόδου
2998 3855 3448 3924 διαταττομένου,
3493 3851 3586 3906 καὶ
3613 3867 3706 3920 μη·

2112 3946 2284 4016 δαμοῦ
2319 3947 2508 4015 μνείαν
2545 3947 2922 4017 ποιησαμένου
2958 3948 3160 4024 ἐτέρων
3193 3945 3580 4000 ἀποστολικῶν
3609 3961 3706 3996 κα-

2113 4037 2318 4104 νόνων,
2378 4037 2531 4107 παρὰ
2585 4040 2714 4101 τοὺς
2783 4035 2865 4089 πε¹
2922 4038 3021 4091 οὐκ
3077 4039 3438 4108 ὲγκρίνεσθαι
3473 4038 3552 4090 δεῖ
3585 4035 3705 4095 τοὺς

2113 4131 2442 4200 λεγομένους
2475 4130 2672 4194 ἄλλους
2729 4129 2840 4182 τῶν
2895 4130 3210 4183 ἀποστόλων
3259 4133 3538 4194 κανόνας,
3591 4123 3704 4179 ἀλλ’

2113 4221 2508 4292 ἀποκρίνεσθαι
2561 4221 2784 4291 μᾶλλον,
2832 4222 3175 4286 όϐελίζεσθαί
3212 4240 3270 4275 τε
3323 4224 3425 4277 καὶ
3471 4216 3704 4274 ἀποϐάλ-

2110 4317 2303 4371 λεσθαι
2330 4334 2344 4350 ο
2380 4316 2455 4380 ὡς
2500 4315 3006 4386 ψευδεπιγράφους,
3060 4317 3155 4370 καὶ
3205 4316 3404 4378 νόθους
3467 4311 3701 4368 καὶτῶν

2115 4405 2403 4477 ἀπηριθμη
2415 4407 2612 4475 μένων,
2637 4407 2735 4460 καὶ
2759 4410 2872 4471 τοῖς
2903 4406 3069 4470 θείοις
3093 4406 3192 4462 καὶ
3227 4406 3396 4477 ἱεροῖς
3427 4401 3702 4473 Πατράσιν

2047 4503 2091 4559 D
2120 4498 2529 4569 ὲγκεκριμένων
2557 4499 2735 4561 ἐκτός.

2167 4590 2391 4646 ΔΡΙΣΤ.
2433 4591 2766 4662 Σεϐάσμιος
2807 4591 2845 4658 ἡ
2888 4587 3397 4659 ἐξηκοντάϐιϐλος
3429 4588 3641 4659 μόνον.

2188 4780 2374 4834 Ταῦτα
2421 4779 2559 4851 μόνα
2615 4778 2750 4830 πᾶσι
2795 4777 3078 4848 κληρικοῖς
3131 4775 3226 4830 καὶ
3275 4775 3488 4836 λαῖκοῖς
3521 4765 3696 4842 βιϐλία

2117 4873 2392 4942 σεϐάσμιοι
2431 4871 2526 4924 καὶ
2556 4870 2688 4937 ἆγια
2710 4868 2984 4936 ὀφείλουσι
3015 4867 3332 4941 κρίνεσθαι·
3384 4868 3554 4938 ἤγουν
3601 4860 3697 4926 τῆς

2119 4964 2218 5035 μὲν
2270 4963 2510 5023 παλαιᾶς
2568 4961 2847 5030 Διαθήκης
2890 4961 3086 5015 πέντεο
3145 4961 3182 5013 Γ
3187 4961 3397 5024 ένεσις,
3449 4956 3696 5023 Ἔξοδος,

2117 5054 2439 5118 Λευῖτικδν,
2499 5052 2793 5124 Ἀριθμοὶ,
2844 5054 3276 5123 Δευτερονόμιον
3301 5069 3314 5084 ·
3347 5049 3528 5120 Ἰησοῦ
3580 5041 3696 5097 υἱοῦ

2116 5147 2271 5217 Ναυῆ
2300 5148 2360 5200 έν
2380 5166 2394 5179 ·
2419 5146 2639 5218 Κριτῶν
2657 5147 2751 5199 καὶ
2788 5145 2945 5199 Ῥοὺθ
2979 5145 3038 5199 ἓν
3059 5161 3073 5176 ’
3100 5144 3403 5198 Βασιλειῶν
3424 5143 3660 5208 τέσσαρα
3679 5149 3695 5165 ⁸

2116 5241 2616 5311 Παραλειπομένων
2648 5241 2746 5308 τῆς
2773 5238 2955 5308 βίϐλου
3010 5238 3119 5292 τῶν
3145 5239 3368 5307 ἡμερῶν
3413 5235 3505 5288 δύο
3525 5249 3538 5264 ·
3568 5231 3694 5282 Ἕσ-

2115 5333 2217 5404 δρα
2249 5331 2342 5385 δύο
2362 5345 2378 5362 ⁸
2419 5331 2731 5402 Ἐσθὴρὲν“
2762 5331 3144 5385 Μακκαϐαίων
3159 5329 3240 5400 γ”
3277 5328 3402 5383 Ἰὼϐ
3431 5327 3490 5381 ἓν
3509 5340 3524 5355 ⁸
3550 5319 3688 5392 ψαλ-

2116 5426 2307 5496 τήριον
2345 5423 2406 5477 ἓν
2429 5441 2442 5454 ο
2475 5423 2821 5494 Σολομῶντος
2864 5424 2992 5493 τρία
3018 5440 3032 5455 ⁸
3084 5421 3384 5494 Παροιμίαι
3409 5437 3422 5451 ·
3461 5413 3692 5479 Ἐκκλη-

2121 5520 2385 5589 σιαστήςο
2443 5515 2638 5590 ⁷ᾼσμα
2699 5517 3006 5588 ᾀσμάτωνο
3077 5515 3375 5588 προφητῶν
3431 5503 3686 5564 δεκαδύο·

2120 5609 2320 5674 ἔξωθεν
2344 5607 2400 5662 δὲ
2425 5607 2630 5660 τούτων
2656 5608 2751 5660 καὶ
2785 5607 2838 5658 αἱ
2874 5605 3065 5674 Σοφίαι
3099 5604 3194 5656 τοῦ
3236 5596 3582 5670 πολυμαθοῦς
3608 5590 3690 5643 Σι-

2125 5701 2260 5772 ράκ³
2310 5699 2410 5769 τῆς
2440 5699 2497 5752 δὲ
2524 5699 2716 5767 καινῆς
2765 5697 3042 5766 Διαθήκης
3071 5696 3381 5763 Εὖαγγέλια
3423 5691 3687 5753 τέσσαρατ

2124 5791 2434 5856 Ματθαίου,
2468 5791 2716 5856 Μάρκου,
2771 5789 2976 5856 Λουκᾶ,
3007 5788 3288 5844 Ἰωάννου·
3326 5783 3534 5842 Παύλου
3575 5777 3691 5829 ἐπιτ
