4072 6406
348 377 449 438 221

416 579 636 631 τοῦτον
663 578 761 632 καὶ
789 579 861 632 ἐν
899 577 980 644 τῷ
1010 578 1213 647 κλήρῳ
1245 579 1668 646 ἐξεταζόμενον
1705 579 1935 633 πεπαῦ-

415 673 558 724 σθαι
585 669 915 739 προσήκει·
973 670 1071 724 καὶ
1102 671 1170 723 ἐκ
1206 669 1313 724 τοῦ
1344 669 1521 737 δεῦρο
1552 670 1783 738 μηδένα
1817 669 1936 726 τῶν

413 765 708 817 τοιούτων
737 762 964 832 χρῆναι
989 762 1376 831 προάγεσθαι.
1411 763 1637 830 Ὥσπερ
1670 763 1738 817 δὲ
1758 764 1937 819 τοῦτο

411 853 752 920 πρόδηλον,
780 854 872 907 ὅτι
891 853 1025 921 περὶ
1054 853 1175 907 τῶν
1198 853 1678 921 ἐπιτηδευόντων
1698 855 1764 908 τὸ
1784 854 1938 923 πρᾶο

402 960 531 1014 γμα
564 945 666 998 καὶ
717 946 1076 1014 τολμώντων
1129 943 1386 1010 ἑαυτοὺς
1413 944 1743 1012 ἐκτέμνειν,
1775 946 1939 1012 εἴρη-

407 1053 545 1090 rm‘
603 1037 794 1103 οὕτως
869 1038 926 1090 εἷ
988 1054 1148 1102 τινες
1193 1037 1314 1092 ὑπὸ
1370 1037 1692 1105 βαρϐάρων
1756 1039 1794 1106 ἢ
1842 1037 1940 1091 δε-

401 1129 658 1183 σποτῶν
699 1129 1200 1197 εὐνουχίσθησαν
1224 1169 1238 1194 ,
1297 1130 1680 1196 εὑρίσκοιντο
1717 1129 1786 1181 δὲ
1833 1129 1940 1183 ἆλ-

399 1227 532 1287 λως
556 1223 733 1287 ἄξιοι,
752 1222 896 1288 τοὺς
920 1223 1232 1289 τοιούτους
1261 1225 1348 1288 εἰς
1365 1221 1598 1290 κλῆρον
1624 1223 1938 1290 προσίεται

405 1319 444 1369 ό
482 1316 687 1367 κανών
725 1316 860 1385 (54).
1081 1369 1086 1372 .

407 1409 610 1462 ΒΑΛΣ.
642 1409 704 1460 ΟΞ
731 1407 1078 1460 ἀποστολικοὶ
1110 1406 1242 1459 θετοι
1265 1406 1512 1470 κανόνες,
1546 1407 1573 1458 6
1593 1402 1700 1467 κα’,
1721 1405 1750 1458 ὁ
1780 1404 1884 1474 κβ’,
1911 1405 1939 1457 6

330 1505 448 1564 κγ’,
475 1497 572 1549 καὶ
601 1499 628 1549 ὁ
658 1495 734 1549 κδ’
761 1498 964 1560 ἱκανῶς
994 1499 1145 1566 ἡμᾶς
1200 1498 1447 1561 ἐδίδαξαν
1489 1497 1542 1549 τί
1576 1496 1783 1565 ὀφείλει
1847 1494 1933 1564 γί-

334 1589 536 1643 νεσθαι
590 1590 675 1651 εἰς
699 1590 828 1650 τοὺς
857 1588 1452 1657 ἀκρωτηριαζομένους
1490 1589 1616 1651 τοὺς
1655 1588 1932 1656 διδύμους.

345 1680 691 1744 Ἀκολούθως
723 1676 816 1733 οὖν
844 1679 1062 1743 τούτοις
1097 1681 1190 1732 καὶ
1210 1682 1238 1732 6
1274 1679 1464 1750 παρὼν
1500 1679 1684 1733 κανὼν
1714 1680 1938 1732 διατάτ-

331 1789 500 1826 τεται
563 1773 704 1842 μήτε
757 1774 885 1836 τοὺς
932 1773 1160 1834 ἑαυτοὺς
1206 1772 1462 1833 ἐκδόντας
1496 1773 1576 1834 είς
1618 1773 1856 1843 ἐκτομὴν
1902 1773 1932 1842 ἢ

332 1863 668 1933 αὐτόχειρας
700 1863 1022 1932 γενομένους
1054 1863 1409 1931 κληροῦσθαι,
1443 1862 1476 1934 ἢ
1513 1864 1593 1924 εἰς
1631 1862 1935 1931 ἱερωσύνην

336 1954 708 2024 προάγεσθαι.
733 1955 872 2008 ἀλλὰ
899 1955 1002 2008 κᾶν
1033 1955 1386 2025 προέφθασαν
1418 1957 1474 2008 ὲν
1508 1955 1697 2024 κλήρῳ
1736 1956 1938 2025 ταχθῆ-

337 2066 452 2116 ναι,
510 2049 878 2102 ὲκὸάλλεσθαι
934 2048 1156 2112 τούτους
1183 2064 1196 2078 ·
1239 2051 1376 2118 μήτε
1440 2049 1568 2113 τοὺς
1605 2048 1698 2117 ὑφ’
1729 2050 1936 2116 ἑτέρων

340 2141 820 2211 ὲπηρεασθέντας,
866 2143 961 2196 καὶ
996 2141 1106 2194 τῶν
1172 2140 1510 2204 παιδογόνων
1573 2141 1938 2211 στερηθέντας

345 2233 551 2303 μορίων
574 2271 591 2295 ,
616 2233 713 2285 ἐὰν
741 2233 883 2299 ἄξιοι
915 2234 1229 2303 κρίνωνται,
1261 2232 1572 2303 ἱερωσύνης
1629 2232 1938 2286 κωλύεσθαι

343 2328 431 2380 διὰ
462 2325 642 2379 τοῦτο.
674 2325 978 2393 Ἀνάγνωθι
1012 2327 1106 2378 καὶ
1161 2325 1252 2377 τὸν
1286 2331 1338 2394 η’
1396 2325 1596 2378 κανόνα
1630 2326 1727 2394 τῆς
1758 2327 1814 2378 ὲν
1860 2324 1940 2395 τῷ

343 2420 457 2488 ναῷ
487 2421 599 2472 τῶν
638 2418 842 2486 Ἀγίων
890 2417 1237 2472 Ἀποστὸλων
1269 2417 1549 2481 συστάσης
1581 2418 1804 2471 συνόδου
1839 2420 1940 2488 τῆς

343 2512 647 2581 λεγομένης
681 2509 907 2582 πρώτης
936 2512 1031 2564 καὶ
1060 2511 1334 2578 δευτέρας.
1365 2511 1523 2564 Ἐπεὶ
1543 2511 1620 2575 δὲ,
1655 2512 1782 2573 τοὺς
1804 2511 1941 2564 ἁπο-

346 2603 629 2666 στολικοὺς
661 2604 898 2665 κανόνας
943 2600 1366 2671 ἑρμηνεύοντες,
1403 2601 1727 2671 ἐγράψαμεν
1778 2601 1942 2654 κολά-

343 2693 532 2759 ζεσθαι
556 2695 651 2749 τὸν
685 2695 824 2764 μετὰ
858 2694 957 2764 τὴν
991 2693 1330 2763 χειροτονίαν
1383 2692 1471 2746 διὰ
1529 2693 1702 2756 πάθος
1737 2693 1933 2746 ἑαυτὸν

343 2788 884 2858 ἁκρωτηριάσαντα’
919 2786 1026 2839 ἀπὸ
1060 2785 1117 2838 δὲ
1161 2783 1255 2838 τοῦ
1292 2786 1562 2854 παρόντος
1593 2786 1823 2849 κανόνος
1851 2785 1942 2837 λέ·

344 2899 560 2948 γοντος,
597 2881 663 2934 Εἴ
697 2898 782 2944 τις
828 2881 888 2932 ὲν
936 2879 1076 2947 νόσῳ
1112 2878 1218 2930 ὑπὸ
1280 2877 1481 2946 ἰατρῶν
1516 2879 1939 2949 ὲχειρουργήθη,

344 2969 501 3036 οὗτος
536 2973 750 3044 μενέτω
803 2972 862 3025 ἐν
893 2970 970 3040 τῷ
1016 2971 1243 3041 κλήρῳ·
1282 2970 1377 3021 καὶ
1425 2963 1604 3034 αὖθις,
1655 2971 1718 3022 Εἰ
1769 2972 1825 3023 δέ
1857 2989 1940 3035 τις

345 3067 616 3133 ὑγιαίνων
651 3064 850 3117 ἑαυτὸν
902 3062 1146 3131 ἐξέτεμε,
1204 3064 1395 3118 τοῦτον
1423 3063 1516 3118 καί
1550 3065 1607 3114 ἐν
1636 3063 1716 3134 τῷ
1752 3064 1941 3134 κλήρῳ

1482 380 1564 441 ΙΝ
1594 379 1758 442 CAN.
1799 381 1826 439 ῐ
1856 380 2069 443 CONC.
2106 385 2382 452 NIC.’EN.
2410 391 2465 452 Ι.

420 486 647 553 κλήρῳ.
691 489 764 539 Et
797 486 867 540 δέ
923 504 1013 552 τις
1070 487 1359 556 ὑγιαίνων
1397 488 1618 542 ἑαυτὸν
1669 488 1933 556 ἐξέτεμε,
1962 487 2017 548 Α

2109 508 2242 551 esset
2272 516 2459 566 sanus,
2485 501 2711 569 seipsnm
2735 505 2988 570 exseruit,
3023 519 3141 559 eum
3180 506 3338 558 etiam
3391 506 3443 560 in
3485 508 3624 560 clero

2109 593 2425 646 recensitunt
2476 610 2680 647 cessare
2733 597 2994 658 convenit,
3035 606 3082 649 et
3124 597 3360 660 deinceps
3418 599 3620 652 nullum

2110 679 2268 735 talem
2309 693 2510 753 oportet
2563 689 2876 754 promoveri.
2933 687 3386 751 Quemadmodum
3440 701 3617 743 autem

2111 773 2208 829 hoc
2239 778 2576 846 manifestum
2607 787 2704 842 est,
2733 778 2872 848 quod
2915 781 2977 832 de
3010 782 3075 834 iis
3107 797 3194 850 qut
3249 783 3311 833 de
3354 782 3623 836 industria

2109 866 2206 921 hoc
2234 877 2414 936 agunt,
2466 879 2517 921 et
2568 870 2764 935 seipsos
2821 869 3016 923 audent
3040 872 3371 935 exscindere,
3423 872 3625 926 dictum

2111 969 2185 1011 est
2215 975 2234 1011 :
2261 959 2338 1011 ita
2369 961 2414 1012 si
2440 959 2604 1028 aliqui
2633 978 2664 1014 a
2699 961 2957 1014 Barbari:
3002 961 3080 1013 vel
3119 963 3348 1015 dominis
3393 965 3619 1016 castrati

2109 1053 2236 1114 sint,
2262 1052 2596 1105 inveniantur
2616 1063 2788 1105 autem
2821 1064 2865 1107 et
2896 1054 2938 1105 ii
2962 1052 3164 1122 alioqui
3188 1055 3359 1122 digni,
3390 1054 3518 1108 tales
3553 1056 3610 1107 in

2113 1141 2310 1194 clerum
2339 1141 2568 1196 admittit
2598 1160 2785 1198 canon.

2111 1409 2309 1465 BALS.
2341 1411 2520 1465 Divini
2546 1427 2782 1468 canones
2813 1413 3094 1483 apostolici
3128 1414 3225 1478 ει,
3253 1414 3348 1476 22,
3377 1415 3448 1467 25
3473 1423 3521 1469 et
3549 1416 3622 1471 ει

2039 1503 2172 1556 satis
2203 1518 2300 1556 nos
2335 1503 2653 1568 docuerunt,
2703 1505 2828 1572 quid
2888 1504 3002 1559 ﬁeri
3055 1505 3252 1560 debeat
3287 1504 3338 1558 in
3386 1520 3482 1560 eos
3533 1509 3622 1576 qui

2039 1596 2248 1665 seipsos
2302 1604 2668 1650 castrarunt:
2719 1595 3132 1666 Consequenter
3185 1599 3350 1666 igitur
3411 1598 3528 1652 istis
3569 1609 3626 1653 et.

2039 1685 2128 1739 hic
2163 1701 2400 1756 praesens
2434 1701 2606 1742 canon
2639 1687 2905 1752 decernit,
2935 1701 3028 1740 eos
3079 1688 3170 1756 qui
3196 1689 3406 1753 seipsos
3453 1703 3618 1742 exse-

2039 1783 2243 1835 candos
2277 1780 2635 1843 tradiderunt,
2671 1778 2754 1833 vel
2789 1779 2888 1847 ipsi
2937 1779 3050 1834 suis
3095 1779 3196 1834 sibi
3248 1782 3498 1835 manibus
3546 1780 3626 1833 vi-

2041 1871 2156 1924 rilia
2190 1879 2624 1939 amputaverunt,
2661 1870 2712 1924 in
2749 1870 2953 1924 clerum
2987 1885 3091 1923 non
3121 1871 3385 1937 cooptari,
3423 1885 3523 1924 nec
3557 1872 3623 1923 a-I

2039 1965 2398 2019 sacerdmium
2429 1963 2760 2034 promoveri,
2796 1963 2904 2032 59
2934 1964 3027 2017 sed
3057 1971 3113 2016 et
3143 1962 3188 2016 si
3222 1962 3440 2030 priusin
3465 1961 3624 2014 cleri-

2039 2070 2224 2112 corum
2247 2070 2532 2110 numerum
2557 2063 2684 2108 sunt
2707 2054 2963 2121 cooptati,
2991 2067 3083 2109 eos
3109 2053 3253 2121 ejici,
3284 2067 3386 2107 nec
3415 2067 3509 2106 eos
3532 2053 3623 2122 qui

2041 2149 2107 2202 ab
2179 2148 2302 2202 aliis
2364 2147 2572 2202 exsecti
2604 2144 2975 2215 membrisque
3033 2143 3361 2215 genitalibus
3428 2144 3626 2213 privati
3700 2147 3702 2150 ’

2041 2247 2187 2303 sunt,
2222 2239 2266 2293 si
2304 2238 2449 2307 digni
2479 2236 2786 2308 sacerdotio
2810 2237 3145 2306 judicentur,
3179 2244 3463 2304 propterea
3500 2248 3628 2304 pro-

2042 2330 2236 2386 hiberi.
2274 2330 2417 2401 Lege
2475 2330 2638 2385 etiam
2699 2344 2964 2382 canonem
3018 2337 3268 2381 octavum
3311 2327 3502 2396 synodi
3566 2324 3624 2380 in

2041 2421 2240 2491 templo
2268 2423 2592 2476 Sanctorum
2622 2419 3000 2488 Apostolorum
3036 2419 3258 2479 habitae,
3295 2433 3414 2487 quae
3446 2416 3620 2486 prima

2041 2521 2095 2567 et
2123 2513 2356 2568 secunda
2389 2514 2608 2567 dicitur.
2639 2511 2908 2584 Quoniam
2953 2521 3137 2566 autem
3186 2518 3243 2564 et
3289 2507 3621 2576 apostolicos

2042 2620 2276 2661 canones
2312 2605 2749 2674 interpretantes,
2783 2604 3105 2673 scripsimus
3138 2616 3261 2656 eum
3293 2615 3512 2671 quoque
3533 2599 3627 2670 qui

2039 2707 2166 2769 post
2197 2697 2592 2753 ordinationem
2621 2697 2858 2765 seipsum
2891 2703 3109 2764 propter
3141 2693 3388 2747 morbum
3459 2690 3628 2744 muti-

2041 2788 2195 2854 lavit,
2237 2788 2571 2858 puniendum
2632 2802 2755 2843 esse
2807 2801 2821 2840 :
2868 2802 2932 2840 ex
2970 2788 3087 2866 .boc
3142 2795 3323 2838 autem
3371 2780 3627 2852 praesenti

2043 2894 2252 2939 canone
2279 2881 2514 2943 dicente,
2553 2878 2610 2932 Si
2638 2879 2759 2948 quis
2793 2893 2822 2931 a
2855 2877 3084 2932 medicis
3108 2877 3162 2930 in
3193 2875 3383 2930 morbo
3413 2872 3629 2928 excisus

2043 2985 2148 3043 est,
2181 2975 2227 3031 is
2256 2975 2308 3028 in
2337 2973 2487 3028 clero
2518 2980 2732 3027 maneat
2769 2988 2783 3026 :
2823 2981 2875 3024 et
2903 2985 3114 3034 rursus,
3167 2968 3225 3024 Si
3271 2968 3397 3038 quis
3444 2974 3627 3020 autem

2045 3084 2165 3124 cum
2207 3075 2354 3122 esset
2383 3081 2572 3129 sanus,
2609 3065 2851 3135 seipsum
2896 3063 3162 3126 exsecuit,
3188 3076 3309 3116 eum
3367 3059 3530 3113 etiam
3572 3057 3628 3111 in

344 3157 741 3226 ἐξεταζόμενον
766 3155 1077 3208 πεπαῦσθαι
1116 3157 1380 3227 προσήκει
1405 3171 1418 3186 ⁸
1453 3153 1608 3210 εἶπόν
1671 3174 1820 3220 τινες
1867 3157 1941 3229 μὴ

2046 3160 2190 3214 clero
2223 3159 2549 3213 recensitum
2598 3169 2815 3211 cessare
2858 3154 3158 3210 convenit:
3197 3152 3454 3206 dixerunt
3505 3147 3628 3217 qui-

344 3247 680 3312 κολάζεοθαι
708 3248 798 3299 τὸν
834 3247 972 3317 μετὰ
1007 3246 1106 3316 τὴν
1136 3246 1414 3318 κλήρωσιν
1448 3247 1537 3300 διὰ
1559 3247 1731 3309 πάθος
1760 3249 1946 3319 ἀκρω-

342 3342 751 3412 τηριασθέντα·
797 3337 980 3408 φαμὲν
1023 3337 1098 3400 ὡς
1126 3339 1152 3390 6
1187 3337 1426 3402 τοιοῦτος
1458 3338 1641 3393 κανὼν
1670 3340 1730 3392 ού
1767 3339 1944 3393 διαλέ-

343 3451 502 3502 γεται
552 3434 686 3502 περὶ
736 3431 845 3483 τῶν
875 3431 1442 3500 ἀκρωτηριασθέντων
1473 3430 1615 3500 μετὰ
1652 3433 1750 3499 τὴν
1785 3432 1945 3502 ἱερω-

342 3528 534 3596 σύνην,
562 3525 697 3579 ἀλλὰ
730 3524 950 3595 πρὸτῆς
980 3525 1302 3594 ἱερωσύνης,
1339 3527 1473 3596 μετὰ
1505 3526 1561 3578 δὲ
1609 3526 1814 3596 ταύτην
1860 3529 1943 3591 εἰς

343 3619 685 3691 ἀμφιϐολίαν
717 3617 1089 3685 ἐμπεσόντων.
1129 3619 1189 3671 ΕΞ
1230 3618 1286 3671 δὲ
1333 3619 1427 3670 καὶ
1484 3617 1646 3670 πλέον
1685 3618 1945 3672 ἀνθίστα-

344 3715 433 3766 sai
461 3731 549 3775 τις
604 3711 698 3765 καὶ
737 3711 880 3762 θέλει
918 3710 1445 3780 συγγνωμονηθῆναι
1491 3710 1585 3762 τὸν
1631 3710 1718 3763 διὰ
1774 3710 1948 3772 πάθος

354 3806 495 3875 μετὰ
528 3804 632 3872 τὴν
662 3802 966 3872 ἱερωσύνην
1041 3801 1564 3870 ἁκρωτηριασθέντα
1597 3841 1611 3866 ,
1660 3803 1947 3856 ἀκουσάτω

354 3899 427 3959 ὼς
460 3898 495 3963 ἡ
523 3892 650 3966 pit?!
685 3896 1119 3954 Ἰονστινιέινειος
1149 3893 1343 3962 Νεαρᾶ
1433 3894 1660 3961 κειμένη
1695 3895 1749 3944 ὲν
1780 3891 1948 3961 βίϐλῳ

368 3990 609 4059 ξ’,τίτλῳ
640 3986 744 4052 να’,
775 3987 1056 4054 κεφαλαίῳ
1110 3985 1430 4054 τελευταίῳ,
1467 3985 1589 4054 ἥτις
1636 3986 1730 4037 καὶ
1798 4001 1933 4037 κατ-

368 4079 602 4150 εστρώθη
625 4082 682 4132 ὲν
706 4077 990 4146 κεφαλαίῳ
1017 4077 1076 4128 ιδ’
1104 4075 1197 4128 τοῦ
1224 4077 1440 4143 πρώτου
1471 4067 1649 4127 τίτλον
1678 4073 1773 4126 τοῦ
1807 4090 1948 4142 παρ-

363 4175 510 4238 όντος
578 4173 984 4239 συντάγματος,
1048 4169 1391 4238 ἐπιστομίζει
1426 4167 1610 4221 αὐτόν.
1669 4167 1854 4220 Ταῦτα
1891 4167 1948 4220 δὲ

359 4267 618 4337 λέγομεν,
666 4267 762 4318 ἐὰν
785 4265 952 4334 χωρὶς
988 4263 1245 4333 εἰδήσεως
1293 4263 1392 4332 τῆς
1435 4261 1770 4330 Ἐκκλησίας
1804 4259 1946 4329 μετὰ

2051 3256 2319 3308 danteum
2372 3265 2474 3303 non
2525 3247 2851 3319 puniri,qui
2901 3255 3123 3318 propter
3174 3244 3443 3308 morbum,
3475 3249 3628 3309 post-

2049 3360 2210 3417 quam
2252 3344 2306 3399 in
2361 3343 2566 3398 clerum
2619 3351 2871 3410 receptus
2921 3349 3025 3404 est,
3085 3339 3360 3392 mutilatus
3412 3335 3628 3390 fuerit:

2047 3439 2281 3492 dicimus
2334 3438 2477 3491 hunc
2509 3450 2770 3490 canonem
2807 3448 2916 3488 non
2973 3432 3121 3501 loqui
3165 3433 3228 3484 de
3278 3431 3343 3485 iis
3386 3430 3475 3498 qui
3511 3437 3632 3498 post

2047 3529 2408 3585 sacerdotium
2439 3525 2668 3579 mutilati
2701 3531 2844 3590 sunt,
2865 3522 2959 3578 sed
2992 3521 3226 3591 quijante
3245 3518 3631 3584 sacerdotium,

2047 3619 2115 3674 iis
2146 3627 2323 3672 autem
2353 3627 2538 3687 postea
2571 3615 2940 3670 controversia
2993 3619 3136 3665 mota
3175 3620 3278 3666 est.
3319 3609 3413 3663 Sin
3451 3619 3630 3663 autem

2051 3712 2226 3780 magis
2255 3711 2417 3764 etiam
2448 3707 2650 3763 insistit
2678 3707 2900 3775 aliquis,
2933 3714 2986 3758 et
3017 3704 3064 3758 ei
3121 3704 3236 3756 vult
3273 3701 3497 3772 ignosci,
3539 3699 3631 3768 qui

2051 3807 2276 3870 propter
2326 3799 2573 3852 morbum
2621 3806 2741 3866 post
2791 3795 3156 3850 sacerdotium
3210 3793 3490 3846 mutilatos
3525 3799 3631 3854 est,

2035 3890 2229 3944 audiat
2268 3887 2410 3958 quod
2443 3885 2733 3940 Justiniani
2765 3884 2986 3940 Novella
3024 3884 3127 3938 142
3159 3898 3277 3951 qum
3316 3883 3367 3935 in
3403 3896 3470 3934 Lx
3497 3879 3632 3933 libro

2054 3984 2137 4036 tit.
2175 3981 2263 4043 51,
2301 3995 2418 4049 cap.
2458 3979 2664 4043 ultimo,
2704 3979 2804 4031 sita
2859 3987 2966 4041 est,
3003 3992 3122 4044 qua!
3161 3977 3323 4031 ctiam
3371 3974 3631 4027 collocata

2053 4074 2108 4128 itt
2138 4088 2258 4142 cap.
2290 4072 2356 4124 Η
2383 4069 2543 4139 primi
2577 4069 2712 4122 tituli
2763 4069 3048 4137 praesentis
3079 4067 3282 4136 aperis,
3329 4066 3415 4119 isti
3444 4079 3505 4116 os
3537 4075 3630 4114 oc-

2055 4165 2246 4223 cludit.
2304 4161 2429 4218 Hmc
2479 4169 2658 4218 autem
2721 4162 2793 4214 ita
2852 4160 3049 4214 habere
3101 4159 3354 4222 dicimus,
3417 4155 3460 4210 si
3514 4155 3632 4208 sine

1999 4307 2003 4310 .
2059 4257 2313 4314 Ecclesiae
2367 4254 2561 4310 notitia
2594 4261 2712 4324 post
2760 4251 3126 4307 sacerdotium
3171 4251 3294 4320 quis
3351 4247 3632 4304 mutilatus

1609 4375 1800 4439 Guill.
1840 4374 2165 4455 Beveregii
2199 4377 2393 4435 notat.

361 4515 490 4556 ante
523 4506 770 4553 coactam
808 4495 948 4549 banc
975 4494 1440 4563 synodum-nobis
1481 4501 1825 4562 perpetrasse
1861 4496 1943 4548 vi-
1972 4503 2017 4558 ι)
2047 4509 2097 4547 c.
2132 4493 2222 4547 Ἡ.
2258 4490 2525 4546 Nimirum
2577 4489 2681 4563 hoc
2729 4502 2936 4561 canone
2983 4496 3200 4563 cautum
3249 4496 3360 4563 est,
3407 4494 3468 4563 _ut
3509 4485 3624 4553 qui,

362 4576 548 4632 detur,
581 4579 638 4620 et
665 4567 918 4620 Patribus
978 4567 1031 4618 in
1079 4580 1141 4619 ea
1169 4564 1484 4618 convocatis
1509 4564 1666 4632 hujus
1715 4566 1942 4619 canonis

361 4647 432 4695 de
465 4654 608 4693 novo
641 4637 920 4690 saucieudi
947 4635 1291 4690 occasionem
1319 4634 1653 4702 praebuisse:
1689 4649 1755 4687 ex
1784 4637 1942 4704 cujus

359 4712 532 4765 etiam
581 4708 832 4762 instituto
878 4707 1138 4759 Leontius
1216 4704 1360 4757 illico
1407 4705 1819 4770 deponebatur;
1886 4715 1943 4758 ut

365 4788 606 4834 testatur
635 4777 990 4836 Athanasius.
1040 4776 1129 4842 qui
1183 4783 1304 4842 post
1343 4773 1508 4826 verba
1561 4782 1688 4827 ante
1731 4773 1944 4828 laudata

363 4849 690 4903 immediate
741 4845 1022 4913 subiungit
1062 4846 1196 4904 tunc,
1235 4843 1348 4896 Καὶ
1397 4843 1498 4912 τὴν
1553 4843 1652 4913 μὲν
1707 4843 1946 4913 ὑποψίαν

364 4923 474 4973 οὒκ
506 4917 810 4984 ἀπενίψατο
839 4932 852 4946 ·
888 4912 977 4968 διὰ
1009 4915 1166 4967 τοῦτο
1203 4915 1403 4978 μᾶλλον
1439 4912 1834 4983 πρεσϐύτερος
1871 4912 1948 4968 ὢν

367 4983 694 5060 καθῃρέθη.
746 4987 960 5060 Albam
998 4986 1129 5060 ibid.
1183 4984 1248 5036 Et
1284 4983 1709 5060 _Soerates,_t_le
1758 4985 1946 5060 eodem

369 5050 606 5113 Ιιθοὶἱὶὶο
637 5050 894 5125 loquens,
916 5057 1011 5121 ait,
1044 5054 1250 5117 Ὅστις.
1273 5054 1435 5125 ἡνίκα
1453 5050 1947 5125 πρεεξὸύτεροςῆνο

369 5128 634 5198 ἀφῃρέθη
691 5126 792 5198 τῆς
842 5124 1022 5198 ἀξίας,
1084 5125 1166 5198 ὅτι
1214 5123 1435 5198 γυναικὶ
1486 5123 1949 5198 συνδιημερεύων,

373 5193 650 5266 essent;
684 5197 874 5266 ὄνομα,
911 5195 1007 5247 καὶ
1042 5196 1155 5266 τὴν
1188 5197 1267 5257 εἰς
1308 5197 1486 5266 ,αὐτὴν
1523 5193 1781 5266 αἰσχρὰν,
1805 5193 1952 5266 331:6-

370 5285 528 5322 νοιαν
560 5262 862 5334 ἐπικρύψαι
893 5265 1224 5330 σπουδάσας,
1259 5265 1369 5316 τῶν
1399 5264 1746 5334 γεννητικῷν
1769 5262 1954 5328 ἑξέτε-

375 5356 482 5409 μεν
536 5338 748 5409 ὲαοτόν.
775 5334 1182 5409 δορί-ειηιίίει.
1206 5334 1415 5409 coclea.
1447 5333 1575 5409 l._tt,
1608 5348 1658 5386 c.
1683 5333 1776 5388 26.
1808 5334 1952 5387 Idem

375 5404 564 5462 autem
598 5407 856 5460 Leontius
889 5408 956 5457 ad
1006 5405 1403 5458 Antiurbenum
1466 5404 1719 5457 thronum
1767 5413 1956 5466 postea

377 5489 670 5545 promotus
715 5486 818 5534 est,
865 5477 960 5529 sed
1014 5487 1204 5529 Contra
1253 5473 1482 5545 concilii
1544 5473 1702 5539 hujus
1751 5471 1956 5526 Nicaeui

374 5543 626 5610 decreta,
691 5557 747 5599 ut
801 5548 919 5614 ipse
977 5559 1193 5614 quoque
1251 5543 1622 5614 Theodoretus
1669 5545 1952 5614 Aobservat,

376 5620 596 5678 dicens,
646 5616 736 5668 Ἐν
771 5611 1074 5684 Ἀντιοχείᾳ
1153 5615 1251 5666 ετὰ
1279 5614 1552 5679 Στέφανον
1575 5611 1828 5673 Λεόντιος
1857 5613 1957 5679 τὴν

376 5688 688 5737 nauseam
720 5684 937 5737 ἐδέξατο
985 5632 1289 5737 παοὲτοὺς
1319 5687 1376 5735 ὲν
1406 5683 1615 5737 Nimis.
1640 5686 1957 5737 γραφέντας

376 5688 688 5758 προεδρίαν
720 5683 961 5750 ἐδέξατο
985 5683 1136 5753 παρὰ
1162 5686 1289 5746 τοὺς
1319 5687 1376 5735 ὲν
1406 5683 1615 5750 Νικαίᾳ.
1640 5686 1957 5750 γραφέντας

369 5759 541 5826 ὅρους
582 5757 792 5822 ταύτην
828 5755 1032 5826 λαθών·
1066 5756 1328 5826 ἐκτομίας
1362 5747 1606 5826 γὰρῆν,
1657 5752 1960 5826 αύτουργὸς

370 5821 673 5898 πενόμενος
723 5821 820 5893 τῆς
846 5825 1071 5891 τόλμης.
1105 5821 1381 5882 Tit-sudor.
1426 5821 1574 5881 Hist.
1613 5821 1795 5877 ποίεε.
1830 5821 1867 5875 1.
1898 5835 1958 5882 ιι,

376 5688 688 5770 προεδρίαν
720 5684 937 5770 ἐδέξατρ
953 5755 964 5770 '
985 5701 1098 5770 παρ

2057 4579 2181 4618 cum
2212 4577 2379 4616 sanus
2406 4570 2574 4624 esset,
2603 4559 2840 4626 seipsum
2869 4558 3363 4612 exsecuitclericus
3389 4556 3632 4623 depona-

2053 4642 2140 4687 tur
2173 4651 2187 4698 ;
2224 4649 2286 4684 ac
2316 4633 2540 4696 proinde
2594 4629 2851 4682 Leontius
2889 4628 3195 4682 sacerdotio
3231 4627 3426 4679 merito
3464 4629 3631 4691 depo-

2051 4704 2299 4757 nebatur.
2336 4701 2402 4754 Et
2432 4701 2713 4754 decretum
2764 4708 2847 4752 est
2883 4705 3171 4766 praeterea,
3239 4705 3301 4748 ut
3336 4698 3473 4766 talis
3522 4711 3626 4749 non

2047 4780 2490 4838 promoveretur;
2552 4769 2646 4822 sed
2675 4764 2956 4836 promotus
3019 4775 3103 4821 est
3153 4764 3435 4831 Leontius,
3467 4775 3632 4833 atque

2049 4841 2172 4896 ideo
2197 4856 2368 4894 canon
2398 4840 2646 4893 violatus.

2124 4913 2235 4980 (54)
2263 4912 2366 4974 Εἰς
2395 4909 2628 4980 κλῆρον
2655 4906 2967 4980 προσίεται
2998 4907 3035 4980 (ξ
3059 4906 3280 4980 κανών.
3313 4906 3466 4973 Quod
3500 4915 3626 4960 ante

2052 4974 2383 5041 notavimus,
2415 4974 2662 5032 Nicienos
2699 4974 2960 5030 videlicet
3007 4974 3192 5032 Patres
3259 4979 3362 5032 hoc
3419 4990 3633 5031 canone

2051 5050 2186 5107 nihil
2211 5049 2278 5104 de
2312 5063 2451 5103 novo
2480 5047 2852 5107 constituisse.
2881 5046 2974 5100 sed
3031 5048 3361 5114 apostolicos
3419 5055 3632 5100 tantum

2054 5135 2292 5176 canones
2307 5118 2654 5173 tecum‘enicm
2679 5116 2868 5187 synodi
2891 5119 3220 5172 auctoritate
3239 5119 3626 5187 conﬁrmasse,

2055 5207 2118 5245 ex
2153 5191 2302 5244 hisce
2331 5189 2510 5243 verbis
2565 5185 2909 5242 manifestum
2964 5187 3169 5242 evadit.
3237 5185 3448 5242 Nemini
3485 5185 3630 5238 enim

2054 5261 2275 5315 dubium
2305 5274 2427 5312 esse
2456 5268 2655 5327 potest,
2695 5259 2824 5326 quin
2853 5257 2918 5310 ad
2972 5258 3339 5325 antiquiorem
3393 5256 3630 5327 aliquem

2055 5343 2324 5384 canonem
2356 5324 2470 5382 ltic'
2496 5324 2799 5394 respectum
2849 5324 3176 5391 habuerunt,
3220 5341 3452 5393 eumque
3497 5324 3634 5394 cita-

2058 5409 2208 5462 runt,
2236 5400 2501 5462 dicente=,
2537 5392 2664 5466 tofo:
2686 5397 2966 5466 τοιούτους
2998 5398 3079 5459 εἰς
3112 5396 3316 5466 κλῆρον
3345 5392 3632 5466 προσίεται¹

2054 5471 2082 5523 ὁ
2112 5461 2313 5523 κανών.
2373 5461 2512 5529 Non,
2556 5463 2712 5530 οὗτος
2755 5469 2783 5520 6
2807 5465 3007 5530 κανών,
3043 5468 3158 5531 sed,
3192 5461 3459 5526 δ’κανών,
3491 5476 3555 5514 ac
3582 5461 3631 5515 si

2058 5541 2348 5601 dixissent,
2383 5553 2556 5592 canon
2591 5541 2823 5592 antehac
2849 5537 3046 5601 editus,
3106 5544 3160 5588 et
3205 5536 3403 5602 cuique
3450 5541 3631 5594 notus,

2061 5610 2198 5663 tales
2235 5609 2286 5660 in
2315 5612 2520 5664 clerum
2550 5610 2805 5662 admittit.
2849 5606 3038 5661 Nullus
3075 5615 3254 5658 autem
3314 5604 3451 5656 alius
3502 5609 3632 5654 tunc

2062 5679 2326 5745 temporis
2379 5679 2630 5731 exstabat
2678 5693 2876 5739 canon,
2947 5691 3054 5742 quo
3105 5676 3207 5745 hoc
3249 5674 3632 5745 constitutum

2064 5742 2256 5811 luerat,
2289 5760 2485 5814 praeter
2511 5748 2871 5814 apostolicum
2905 5746 3157 5816 “2|,queut
3192 5743 3357 5816 igitur
3387 5744 3473 5798 hic
3520 5742 3632 5797 lau-

2062 5819 2178 5875 dari
2212 5817 2327 5882 iure
2360 5817 2558 5874 merito
2590 5817 2892 5878 iudicamus
