4072 6398
507 300 610 369 227

1774 305 1879 361 ’ΠΙ
1890 305 1981 360 [ΞΟ
1992 305 2055 362 D.
2115 305 2204 360 BA
2218 301 2515 362 LSAMON

3695 307 3796 374 29.8

510 412 938 469 Novatianorum
969 411 1214 479 hreresis,
1243 419 1298 465 ct
1328 425 1358 464 a
1386 410 1588 481 nuptiis
1619 421 1673 465 ct
1715 410 1962 465 carnium
1991 423 2088 464 esu

2201 410 2434 480 αἵρεσις,
2481 408 2576 464 καὶ
2624 410 2656 479 ἡ
2704 409 2932 480 ἄκαιρος
2968 409 3270 481 ἀποχὴτοῦ
3305 411 3517 481 γάμου,
3555 414 3650 466 καὶ
3696 419 3796 484 τῆς

511 504 822 573 importuna
858 503 1206 566 abstinentia,
1234 511 1291 554 ut
1333 501 1445 554 vult
1492 501 1525 556 5
1571 514 1745 555 canon
1800 507 2000 568 apost.,
2037 509 2092 554 et

512 596 626 650 alii.
674 597 784 666 Ego
819 605 998 650 autem
1035 595 1180 656 dico,
1221 595 1363 664 quod
1407 610 1569 648 omne
1620 603 1900 662 peccatum
1946 589 2091 660 quod

511 684 668 740 alTert
719 687 1014 756 perniciem
1054 686 1270 745 animae.
1305 685 1538 740 animale
1567 694 1814 748 vocatur,
1857 683 1972 737 sive
2023 696 2090 734 ex

512 777 944 843 corporali,sive
977 791 1042 831 ex
1098 777 1316 831 animali
1377 777 1706 846 appetitione
1761 772 2090 843 principium

512 869 760 937 accipiat.
796 867 1089 938 Pr0pterea
1143 869 1288 921 enim
1332 883 1514 922 omnia
1563 875 1782 936 peccata
1830 866 2093 920 animales

512 963 694 1030 lapsus
725 970 882 1015 voeat
920 960 1180 1014 Ecclesia.
1221 959 1359 1026 Quin
1413 960 1576 1013 etiam
1614 973 1790 1013 canon
1843 965 2094 1026 peccato-

512 1068 628 1106 rum
659 1052 1034 1106 tantummodo
1065 1050 1377 1104 animalium
1410 1050 1674 1112 meminit,
1706 1059 1763 1104 ut
1786 1065 1903 1119 qum
1929 1049 2090 1103 etiam

511 1145 809 1215 corporalia
841 1144 1325 1213 comprehendant.
1355 1141 1506 1209 Quod
1542 1152 1722 1195 autem
1771 1157 1874 1194 non
1904 1142 2094 1209 punia-

511 1244 600 1289 tur
631 1236 954 1305 baptizatus,
997 1246 1048 1290 et
1101 1235 1155 1288 in
1200 1235 1400 1288 clerum
1469 1241 1802 1302 assumptus,
1875 1243 2094 1300 propter

496 1325 942 1390 'l'nrnicationem,
993 1326 1077 1379 vel
1125 1327 1351 1388 caadem,
1395 1340 1555 1393 quam
1594 1334 1718 1377 ante
1770 1325 2091 1390 baptismum

493 1415 758 1482 'adtnisit,
828 1418 945 1486 lege
981 1417 1052 1470 20
1085 1432 1205 1471 can.
1265 1418 1436 1470 sancti
1466 1415 1656 1480 Basil.,
1691 1425 1744 1469 et
1793 1429 1910 1484 quae
1947 1415 1997 1468 in
2028 1429 2093 1468 eo

513 1524 658 1574 sunt,
686 1521 740 1565 et
764 1519 1072 1565 sanctorum
1109 1509 1473 1578 apostolorum
1508 1523 1629 1564 can.
1661 1508 1747 1560 l7.

585 1602 838 1656 ZONAR.
875 1601 1199 1656 Sanctorum
1231 1615 1447 1670 quoque
1470 1598 1834 1668 apostolorum
1866 1606 2091 1666 octoge-

513 1697 684 1752 simus
711 1711 907 1760 canon,
941 1695 1032 1763 qui
1060 1709 1122 1747 ex
1156 1692 1344 1763 gentili
1384 1691 1516 1756 vita,
1570 1700 1665 1745 aut
1718 1690 1961 1759 improba
2015 1690 2096 1743 vi-

514 1792 667 1844 vendi
696 1791 904 1844 ratione
943 1787 1258 1853 accesserit,
1317 1802 1662 1857 nequaquam
1737 1786 1919 1840 Subito
1977 1784 2093 1852 epi-
2127 1774 2167 1830 Β

513 1897 736 1954 scopum
769 1881 942 1936 creari
964 1881 1228 1934 decernit.
1254 1877 1320 1932 Et
1349 1879 1527 1949 magni
1550 1877 1723 1944 Pauli,
1749 1875 2095 1930 Timotheum

514 1990 610 2044 per
663 1973 982 2043 Epistolam,
1023 1970 1238 2039 qualem
1296 1970 1611 2038 episcopum
1661 1982 1780 2023 esse
1827 1975 2096 2037 oporteat,

513 2065 810 2130 educentis,
862 2078 1015 2125 voce,
1058 2078 1124 2116 ne
1174 2061 1410 2132 eligatur
1457 2063 1784 2132 neophytus,
1836 2061 2096 2115 admone-

516 2171 660 2211 mur.
718 2155 928 2210 Idcirco
979 2153 1138 2222 bujus
1185 2156 1347 2208 etiam
1405 2154 1596 2225 synodi
1647 2153 1861 2217 Patres,
1918 2167 2099 2221 neque

513 2247 817 2318 quempiam
875 2246 940 2300 ad
998 2248 1157 2299 [idem
1214 2245 1584 2310 accedentem,
1647 2243 1752 2298 nisi
1798 2243 2095 2308 catechesi,

514 2347 780 2408 quantum
829 2339 964 2392 satis
1017 2336 1202 2400 fuerit,
1257 2337 1550 2399 eruditum,
1614 2350 1740 2389 mox
1800 2336 2098 2404 baptizare,

515 2447 650 2487 neve
685 2431 1020 2498 baptizatum
1057 2429 1225 2492 illico,
1249 2428 1356 2482 nisi
1384 2427 1629 2497 ejusdem
1683 2427 1802 2481 ﬁdei
1843 2438 2100 2482 constan-

516 2522 614 2586 tia,
651 2519 885 2586 vitacque
919 2519 1130 2573 ratione
1171 2519 1386 2587 penitus
1437 2516 1741 2585 explorata,
1796 2517 1849 2571 in
1896 2518 2098 2572 clermn

513 2611 755 2681 cooptari
789 2610 967 2674 liceat,
1023 2610 1330 2664 decrevere.
1385 2607 1539 2676 Quod
1575 2609 1620 2662 si
1675 2606 1827 2676 cuius
1878 2609 2100 2677 probata

514 2701 648 2756 satis
675 2716 884 2754 morum
916 2699 1200 2770 integritas
1223 2698 1528 2764 videbatur,
1563 2698 1796 2753 decursu
1843 2699 2100 2768 temporis

516 2793 737 2848 animali
769 2792 1005 2848 crimine
1042 2791 1275 2846 infectus
1312 2807 1433 2846 esse
1478 2791 1924 2860 deprehenditur,
1974 2805 2098 2845 eum

516 2884 973 2954 cessarejubent.
1011 2883 1285 2950 Quaeritur
1335 2899 1485 2948 vero,
1536 2883 1810 2952 quodnam
1860 2883 1930 2937 sit
1983 2883 2100 2936 ani-

515 2976 653 3030 male
686 2983 988 3046 peccatnm,
1023 2990 1189 3030 curve
1219 2975 1537 3030 animalium
1573 2984 1779 3028 tantum
1830 2990 1936 3030 non
1981 2988 2103 3029 cor-

2199 501 2576 570 κρεωφαγίας,
2602 501 2748 554 κατὰ
2779 501 2872 554 τὸν
2899 500 2940 554 ε’
2966 504 3166 555 κανόνα
3202 503 3312 556 τῶν
3343 503 3528 570 ἁγίων
3560 504 3797 557 ἀποστί-

2199 589 2328 654 λων,
2372 593 2468 644 καὶ
2513 593 2716 662 ἐτέρων
2744 609 2759 624 ο
2799 592 2910 660 ἐγὼ
2947 594 3002 646 δέ
3036 612 3180 663 φημι
3208 595 3282 658 ὡς
3329 597 3446 648 πᾶν
3491 596 3798 665 ἁμάρτημα

2199 682 2404 750 ἐπάγον
2434 686 2499 753 τῇ
2530 682 2675 754 ψυχῇ
2713 684 2920 754 βλάϐην
2951 683 3184 755 ψυχικὸν
3215 686 3583 756 ὀνομάζεται,
3613 688 3717 741 κᾶν
3738 692 3798 741 ἐκ

2202 776 2524 844 σωματικῆς
2582 775 2816 846 ὀρέξεως
2869 777 3089 847 δέξηται
3146 778 3246 847 τὴν
3295 779 3518 848 ἀρχὴν,
3570 779 3676 832 κᾶν
3740 783 3799 834 ἐκ

2198 865 2460 936 ψυχικῆς.
2511 868 2608 919 Διὰ
2640 868 2750 938 γὰρ
2779 867 2939 921 τοῦτο
2975 869 3070 920 καὶ
3100 867 3281 922 πάντα
3309 869 3381 921 τὰ
3409 871 3798 941 ἁμαρτήματα

2199 955 2410 1026 ψυχικὰ
2439 958 2736 1027 σφάλματα
2766 959 2798 1028 ή
2863 958 3160 1024 ’Ἐκκλησία
3201 960 3601 1029 κατονομάζει.
3635 961 3743 1012 Καὶ
3773 963 3799 1010 ὸ

2199 1049 2381 1103 κανὼν
2431 1049 2487 1102 δὲ
2548 1050 2726 1120 μόνων
2749 1049 2998 1121 ἐμνήσθη
3049 1051 3480 1120 ἁμαρτημάτων
3524 1051 3796 1122 ψυχικῶν,

2199 1140 2276 1203 ὡς
2325 1143 2685 1212 περιεχόντων
2740 1144 2832 1194 καὶ
2878 1143 2947 1196 τὰ
2983 1143 3239 1212 σαρκικὰ.
3274 1145 3411 1211 Περὶ
3469 1143 3660 1212 μέντοι
3707 1145 3796 1195 τοῦ

2203 1233 2278 1302 μὴ
2319 1233 2646 1298 κολάζεσθαι
2699 1235 2790 1287 τὸν
2834 1235 3237 1305 βαπτισθέντα,
3295 1236 3394 1288 καὶ
3442 1234 3798 1305 κληρωθέντα

2199 1322 2289 1376 διὰ
2310 1324 2407 1393 τὴν
2432 1325 2539 1390 πρὸ
2565 1324 2661 1377 τοῦ
2701 1325 3075 1395 βαπτίσματος
3112 1325 3372 1395 πορνείαν
3419 1326 3455 1395 ἢ
3503 1325 3598 1377 τὸν
3644 1327 3796 1394 φόνον

2200 1416 2474 1484 ἀνάγνωθι
2499 1417 2589 1470 τὸν
2617 1424 2665 1470 κ’
2707 1419 2908 1471 κανόνα
2933 1419 3027 1471 τοῦ
3075 1418 3234 1485 ἁγίου
3274 1417 3569 1470 Βασιλείου
3612 1420 3707 1470 καὶ
3734 1422 3799 1472 τά

2201 1505 2258 1558 ἐν
2287 1506 2438 1574 αὐτῷ
2473 1508 2698 1560 καὶτῶν
2728 1509 2902 1576 ἁγίων
2941 1510 3260 1562 ἀποστόλων
3290 1511 3504 1562 κανόνα
3545 1509 3636 1574 ιζ’.

2279 1599 2528 1654 ΖΩΝΛΡ.
2590 1600 2698 1652 Καὶ
2741 1602 2766 1650 ὁ
2817 1599 3178 1669 ὀγδοηκοστὸς
3224 1600 3409 1654 κανὼν
3458 1601 3571 1653 τῶν
3630 1602 3796 1668 ἁγίων

2201 1693 2520 1748 ἀποστόλων
2553 1692 2643 1745 τὸν
2675 1691 2736 1756 ἐξ
2781 1691 2998 1746 ἐθνικοῦ
3047 1693 3164 1764 βίου
3225 1693 3604 1765 προσελθόντα
3651 1693 3682 1764 ἥ
3737 1695 3795 1746 ἐκ

2200 1784 2410 1853 φαύλης
2445 1783 2723 1851 διαγωγῆς
2753 1783 2826 1852 μὴ
2854 1782 3052 1835 αὐτίκα
3080 1783 3541 1853 προχειρίζεσθαι
3576 1785 3794 1836 ἐπίσκο-

2201 1894 2303 1929 πον
2347 1877 2702 1945 ἐπισκήπτει.
2756 1875 2916 1926 Καὶὸ
2947 1874 3124 1942 μέγας
3163 1875 3221 1928 δὲ
3277 1875 3499 1940 Παῦλος
3552 1875 3793 1946 Τιμοθέῳ

2199 1969 2452 2042 γράφων,
2484 1968 2579 2020 καὶ
2603 1962 2716 2019 οἷον
2744 1963 2884 2019 εἶναι
2931 1967 3011 2019 δεῖ
3050 1968 3141 2019 τὸν
3170 1968 3250 2029 είς
3293 1966 3617 2038 ἐπισκοπὴν
3668 1983 3796 2036 προ⁴

2200 2063 2469 2131 αγόμενον
2494 2059 2936 2128 διαταττόμενος.
2968 2059 3064 2112 καὶ
3081 2058 3154 2129 μὴ
3177 2059 3440 2127 νεόφυτον
3471 2055 3615 2113 εἷναί
3642 2077 3790 2127 φησι.

2201 2153 2293 2206 Διὸ
2319 2152 2415 2206 καὶ
2439 2154 2487 2204 οἱ
2515 2151 2758 2221 Πατέρες
2781 2145 2928 2204 οὗτοι
2949 2149 3196 2221 ὁρίζουσι
3229 2153 3370 2220 μήτε
3399 2154 3494 2204 τὶν
3523 2155 3590 2222 τῇ
3619 2153 3793 2204 πίστει

2202 2243 2648 2314 προσερχόμενον
2690 2243 2892 2296 αὐτίκα
2933 2242 3321 2312 βαπτίζεσθαι,
3357 2245 3407 2295 εί
3451 2245 3529 2314 μὴ
3567 2246 3793 2315 ἀρκούν-

2201 2352 2307 2398 τως
2333 2334 2693 2404 κατηχηθείη,
2723 2336 2862 2404 μήτε
2889 2334 3255 2404 βαπτισθέντα
3273 2336 3444 2399 εὐθὺς
3475 2339 3558 2399 είς
3596 2337 3790 2405 κλῆρον

2201 2425 2666 2489 κατατάττεσθαι,
2703 2429 2872 2495 μήπω
2910 2426 3069 2479 δόντα
3106 2427 3359 2498 δοκίμιον
3396 2431 3622 2495 ἐαυτοῦ,
3654 2433 3792 2493 ὅπως

2201 2537 2263 2572 τε
2291 2520 2424 2588 περὶ
2454 2520 2551 2590 τὴν
2586 2521 2770 2574 πίστιν
2803 2521 2937 2592 ἔχει,
2965 2524 3060 2576 καὶ
3092 2523 3244 2586 ὅπως
3268 2527 3404 2595 περὶ
3440 2527 3534 2579 τὸν
3569 2529 3698 2596 βίον.
3733 2525 3792 2579 Ei

2201 2611 2382 2664 δὲκαὶ
2415 2611 2555 2682 μετὰ
2588 2614 2916 2683 δοκιμασίας
2948 2615 3178 2686 γένηται
3209 2617 3590 2689 ἀνεπίληπτος
3621 2619 3785 2684 δόξας,

2206 2707 2490 2776 προϊόντος
2522 2706 2579 2758 δὲ
2609 2707 2704 2760 τοῦ
2735 2708 2934 2778 χρόνου
2968 2708 3278 2779 ἁμάρτημά
3310 2727 3368 2762 τι
3401 2712 3635 2781 ψυχικὸν
3660 2713 3790 2782 ἔχων

2206 2797 2518 2867 ἐλεγχθείη,
2551 2799 2824 2853 παύεσθαι
2860 2801 3051 2853 τοῦτον
3092 2801 3502 2858 διατάττονται.
3549 2807 3787 2874 Ἀπορεῖ-

2204 2905 2297 2942 ται
2321 2891 2379 2942 δὲ
2415 2891 2466 2942 τί
2510 2891 2575 2945 ἂν
2625 2893 2711 2964 εῖη
2748 2893 2808 2946 τὸ
2847 2894 3080 2963 ψυχικὸν
3129 2895 3465 2967 ἁμάρτημα,
3500 2901 3594 2952 καὶ
3633 2898 3716 2952 διὰ
3742 2898 3788 2951 τί

2203 2980 2452 3051 ψυχικῶν
2497 2985 2744 3055 ἐμνήσθη
2795 2986 2977 3055 μόνον,
3027 2986 3146 3039 ἀλλ’
3189 2987 3312 3056 οὐχὶ
3365 2991 3463 3042 καὶ
3519 2989 3788 3062 σαρκικῶν

515 3068 782 3135 poralium
806 3083 1022 3138 quoque
1046 3068 1131 3121 hic
1159 3067 1377 3120 inducta
1407 3067 1631 3130 mentio,
1655 3081 1775 3121 cum
1795 3066 2096 3135 prasertim

2209 3073 2497 3144 καθαιρεῖν
2536 3077 2736 3144 μᾶλλον
2767 3079 3095 3145 πεφυκότων
3129 3081 3256 3142 τοὺς
3293 3083 3786 3150 περιπεπτωκότας

515 3161 814 3229 carporalia
854 3161 1010 3230 longe
1039 3159 1401 3228 frequentius,
1429 3158 1686 3213 animalia
1723 3173 1827 3212 non
1861 3160 1932 3213 ita
1957 3173 2100 3229 saepe

514 3253 854 3323 depositione
928 3252 1245 3306 multentur.
1319 3251 1552 3317 Quidam
1618 3251 1798 3321 igitur,
1889 3251 2099 3306 crimen

513 3360 676 3399 aliine
707 3361 812 3415 quo
849 3344 1060 3398 lzcditur
1089 3345 1273 3398 anima
1323 3343 1561 3398 animale
1609 3358 1639 3397 a
1672 3345 1876 3398 sanctis
1921 3341 2102 3397 Patri-

515 3439 639 3500 bus,
671 3438 762 3507 qui
796 3439 940 3491 hunc
966 3451 1234 3492 canouem
1261 3437 1502 3501 edidere,
1537 3443 1907 3506 nuncupatum
1934 3435 2102 3491 fuisse

515 3531 857 3586 existimant.
891 3529 997 3584 Alii
1025 3529 1276 3584 animalia
1301 3542 1524 3600 peccata
1557 3545 1618 3584 ea
1649 3530 1858 3596 dicunt,
1884 3544 2003 3598 qua:
2034 3544 2100 3584 ex

518 3623 684 3677 animi
744 3622 1265 3693 perturbationibus,
1321 3621 1578 3685 elatione,
1627 3621 1860 3685 exempli
1911 3634 2098 3686 causa,

518 3716 797 3787 superbia,
833 3716 1308 3785 inobedientiaque
1330 3717 1604 3770 oriuntur.
1641 3713 1776 3767 Nam
1807 3715 1921 3768 lucc
1969 3728 2106 3782 quo-

519 3821 625 3876 que
663 3808 963 3869 hominem,
998 3806 1101 3861 nisi
1138 3807 1422 3862 curatione
1459 3806 1742 3873 tollantur,
1770 3804 2098 3874 depositioni

517 3896 812 3950 obnoxium
858 3897 1130 3951 reddunt:
1165 3897 1327 3966 idque
1352 3897 1456 3967 61
1491 3895 1575 3949 vel
1609 3908 1796 3949 eorum
1829 3895 2098 3965 exemplo,

517 3986 609 4055 qui
641 3987 924 4041 Novatiani
959 3986 1306 4052 dicebantur,
1349 3984 1509 4040 facile
1539 3993 1785 4054 apparet.
1819 3983 1928 4040 Nec
1950 3984 2096 4039 enim

522 4080 596 4134 illi
635 4080 904 4149 opinionis
933 4095 1121 4134 errore
1157 4081 1336 4150 aliquo
1369 4081 1798 4149 decipiebantur,
1832 4080 1930 4136 sed
1979 4095 2101 4135 cum

519 4187 578 4225 se
612 4187 796 4240 puros,
825 4171 1078 4227 insolenti
1110 4172 1330 4228 fastidio
1355 4172 1480 4228 elati
1512 4174 1879 4241 nominarent,
1927 4184 1980 4229 et
2009 4189 2104 4230 eos

521 4263 614 4332 qui
650 4263 978 4318 turbulentis
999 4265 1166 4318 etiam
1205 4265 1538 4333 temporibus
1579 4265 1712 4334 lapsi
1765 4275 1894 4320 sunt
1938 4267 2103 4320 etiam

517 4357 898 4426 resipiscentes
920 4357 1246 4426 repellebant
1261 4371 1359 4410 nec
1371 4356 1599 4425 digamis
1614 4357 2102 4412 communicabant.

520 4451 858 4519 Quapropter
889 4451 957 4503 ob
993 4449 1298 4517 superbiam
1341 4456 1394 4502 et
1439 4446 1668 4502 fratrum
1725 4448 1907 4502 odium
1955 4463 1985 4502 e
2024 4448 2092 4502 {i-
2127 4447 2176 4506 D

520 4543 720 4596 delimn
753 4543 1013 4597 societate
1030 4540 1294 4595 eliminati
1325 4550 1470 4594 sunt.
1495 4539 1699 4605 Quodsi
1743 4543 2097 4607 quamobrem

520 4633 595 4687 illi
633 4634 698 4687 ab
725 4633 968 4688 Ecclesia
1005 4645 1226 4702 quoque
1261 4630 1614 4699 ejicerentur,
1646 4630 1780 4685 satis
1825 4645 1902 4685 ea:
1940 4631 2100 4700 justae

517 4741 694 4780 causa:
728 4727 854 4779 visa:
888 4733 1012 4778 sunt
1041 4737 1056 4776 :
1091 4723 1180 4792 qui
1229 4722 1538 4792 arrogantia
1590 4733 1804 4776 tumens
1845 4723 2099 4792 episcopo

517 4833 616 4872 suo
647 4833 753 4872 non
789 4820 1149 4886 obtemperet,
1191 4826 1244 4870 et
1279 4817 1330 4868 in
1387 4816 1686 4884 pertinacia
1724 4826 1929 4881 manet,
1969 4817 2098 4886 quid

518 4921 700 4960 causa:
735 4907 806 4959 sit
836 4904 1194 4975 quamobrem
1234 4920 1343 4959 non
1396 4906 1443 4960 is
1490 4919 1706 4975 quoque
1759 4906 2098 4975 depositione

518 4998 811 5068 puniatur?
845 4999 909 5052 Et
947 5012 1073 5051 vero
1097 4999 1319 5068 quintus
1368 5008 1678 5053 sanctorum
1727 4999 2097 5068 apostolorum

517 5107 714 5151 canon,
751 5105 843 5143 eos
867 5090 958 5158 qni
997 5105 1194 5145 uxores
1229 5105 1358 5144 suas
1411 5091 1591 5159 specie
1627 5091 1902 5159 religionis
1945 5090 2096 5160 ejici-

520 5190 636 5246 uut,
673 5182 973 5250 segregari,
1009 5189 1118 5235 tum
1147 5183 1192 5235 si
1225 5183 1278 5235 in
1311 5197 1375 5235 eo
1405 5191 1670 5251 perstent,
1701 5184 1866 5236 etiam
1903 5181 2096 5250 deponi

515 5272 689 5342 jubet.
723 5271 1032 5336 Quinetiam
1077 5273 1391 5328 tricesimus
1426 5283 1611 5328 sextus
1647 5275 1958 5328 corumdem
2005 5288 2095 5328 ca-

520 5381 622 5417 non
655 5379 748 5418 eos
779 5365 1090 5434 quicunque
1128 5366 1506 5435 episcoporum
1552 5366 1759 5420 calculo
1802 5365 1869 5419 ad
1907 5365 2098 5434 praefe-

517 5468 701 5510 cturas
728 5457 1042 5524 spiritualcs
1066 5459 1242 5512 vocati
1276 5473 1477 5513 munus
1516 5460 1671 5514 obire
1700 5460 2094 5524 recusaverint,

517 5548 690 5601 donec
745 5549 798 5603 id
854 5549 1193 5619 suscipiant,
1259 5559 1571 5620 segregatos
1651 5565 1770 5604 esse
1830 5551 2092 5604 decernit.

521 5637 662 5708 Ergo
760 5641 808 5694 si
897 5643 947 5696 id
999 5657 1270 5711 nunquam
1339 5643 1722 5711 susceperint,
1795 5650 2094 5710 perpetua,

523 5730 702 5796 quoad
783 5731 1054 5800 vixerint,
1133 5733 1504 5802 segregatione
1581 5733 1930 5788 tenebuntur.
1992 5730 2093 5796 Qui

2202 3169 2412 3231 αὐτοῖς,
2464 3168 2574 3221 τῶν
2626 3167 2874 3238 ψυχικῶν
2920 3169 2977 3222 δέ
3017 3186 3081 3238 γε
3132 3171 3208 3233 ὡς
3257 3173 3350 3224 ἐπ’
3388 3175 3688 3244 ἐλάχιστον.
3730 3172 3785 3224 Oi

2205 3260 2304 3329 μὲν
2324 3261 2418 3314 οὖν
2449 3260 2574 3322 τοὺς
2603 3259 2696 3313 τὸν
2725 3261 2930 3314 κανόνα
2957 3261 3284 3332 ὲκθεμένους
3318 3266 3518 3334 ἁγίους
3550 3269 3685 3319 Πατέ
3697 3281 3786 3335 ρας

2202 3354 2312 3406 πᾶν
2343 3352 2655 3422 ἁμάρτημα
2696 3352 2779 3414 είς
2830 3351 3011 3422 ψυχὴν
3063 3354 3230 3423 φέρον
3268 3354 3373 3426 τὴν
3411 3358 3616 3428 βλάϐην
3642 3357 3785 3426 ψυχι-

2201 3444 2297 3498 κὸν
2325 3443 2649 3512 ὠνομάσθαι
2695 3445 2891 3512 φασίν’
2933 3447 2978 3498 οἱ
3017 3446 3073 3499 δὲ
3101 3446 3310 3516 ψυχικά
3342 3469 3510 3520 φασιν
3543 3451 3783 3522 ἁμαρτή-

2206 3555 2352 3609 ματα
2387 3536 2456 3590 τά
2488 3539 2553 3590 ἐκ
2591 3536 2848 3606 ψυχικῶν
2881 3537 3070 3590 παθῶν
3101 3545 3395 3607 γινόμενα,
3425 3539 3538 3596 οἷον
3581 3545 3638 3610 ἐξ
3677 3545 3784 3610 οἰή-

2203 3646 2342 3692 σεως
2389 3629 2486 3683 καὶ
2533 3629 2939 3698 ὑπερηφανίας,
2994 3631 3086 3683 καὶ
3131 3633 3426 3700 ἀνηκοΐας.
3469 3638 3582 3690 Καὶ
3623 3635 3783 3689 ταῦτα

2202 3721 2312 3792 γὰρ
2342 3720 2668 3789 καθαιρέσει
2711 3721 3066 3792 ἀθεράπευτα
3116 3723 3358 3793 μένοντα
3387 3730 3741 3784 ὑποϐάλλουσι
3767 3741 3782 3757 ⁸

2201 3815 2362 3879 δῆλον
2424 3813 2482 3867 δὲ
2533 3813 2694 3867 τοῦτο
2728 3816 2791 3867 ἐκ
2841 3814 2953 3867 τῶν
3005 3816 3372 3886 καλουμένων
3417 3819 3781 3875 Ναυατιανῶν.

2215 3909 2447 3962 Ἐκεῖνοι
2475 3907 2581 3978 γὰρ
2617 3908 2676 3960 οὐ
2712 3907 2851 3978 πρὸς
2905 3909 3084 3979 δόγμα
3130 3912 3492 3980 ἐσφάλλοντο·
3523 3916 3652 3970 ἀλλὰ
3681 3916 3781 3967 Κα-

2205 4000 2408 4070 θαροὺς
2439 4001 2668 4062 ἑαυτοὺς
2697 3997 2757 4065 ἐξ
2799 4000 3034 4070 οἰήσεως
3078 4003 3473 4072 ὀνομάζοντες,
3517 4008 3638 4062 οὔτε
3670 4008 3781 4068 τοὺς

2205 4093 2262 4145 ἐν
2310 4091 2572 4162 διωγμοῖς
2621 4093 3037 4161 παραπεσόντας
3082 4098 3486 4164 μετανοοῦντας
3528 4101 3776 4170 ἐδέχοντο,

2204 4181 2328 4235 οὔτε
2369 4183 2625 4253 διγάμοις
2673 4183 3014 4239 ἐκοινώνουν.
3073 4188 3163 4238 Δι’)
3198 4189 3292 4241 καὶ
3339 4191 3775 4262 ἐξεκηρύχθησαν
3846 4228 3854 4240 .

2205 4275 2303 4345 τῆς
2329 4277 2436 4328 τῶν
2463 4279 2674 4330 πιστῶν
2714 4277 3043 4348 όμηγύρεως
3088 4281 3176 4333 διὰ
3232 4282 3336 4352 τὴν
3363 4285 3540 4354 οἴησιν
3571 4283 3657 4336 καὶ
3689 4280 3775 4350 τὴν

2212 4367 2568 4436 μισαδελφίαν
2602 4368 2804 4422 αὐτῶν.
2848 4370 2910 4422 Εἰ
2943 4369 3075 4437 γοῦν
3110 4373 3308 4426 ἐκεῖνοι
3352 4376 3440 4429 διὰ
3492 4375 3659 4429 ταῦτα
3691 4373 3774 4425 καὶ

2201 4458 2301 4527 τῆς
2363 4458 2691 4529 Ἐκκλησίας
2739 4460 3155 4530 ἀπεϐλήθησαν,
3211 4465 3329 4527 πῶς
3379 4467 3479 4518 οὐκ
3535 4465 3600 4518 ἂν
3647 4466 3672 4516 ὁ
3714 4461 3774 4512 δι’

2203 4550 2382 4618 οἴησιν
2433 4551 2718 4619 ἐπισκόπῳ
2776 4551 2942 4605 αὑτοῦ
2980 4552 3056 4622 μὴ
3089 4554 3415 4624 πειθόμενος
3469 4557 3560 4610 καὶ
3605 4553 3772 4621 ἀδιόρ-

2203 4636 2373 4701 θωτος
2426 4639 2603 4709 μένων
2650 4640 3152 4711 καθαιρεθήσεται;
3189 4643 3297 4696 Καὶ
3347 4649 3375 4698 ὁ
3436 4647 3680 4715 πέμπτος
3722 4641 3772 4693 δὲ

2201 4727 2310 4780 τῶν
2369 4729 2542 4797 ἁγίων
2608 4731 2920 4784 ἀποστόλων
2996 4731 3176 4786 κανὼν
3232 4738 3358 4802 τοὺς
3417 4739 3518 4799 τὰς
3578 4733 3772 4788 ἐαυτὼν

2201 4821 2468 4885 γυναῖκας
2503 4820 2779 4890 προφάσει
2805 4821 3096 4886 εὐλαϐείας
3131 4824 3497 4889 ἐκϐάλλοντας
3533 4821 3772 4894 ἀφορίζε-

2204 4910 2325 4964 σθαι
2359 4912 2587 4978 κελεύει,
2625 4913 2986 4982 ἐπιμένοντας
3030 4916 3086 4968 δέ
3117 4917 3209 4969 καὶ
3237 4918 3646 4992 καθαιρεῖσθαι.
3671 4913 3769 4966 Καὶ

2200 5003 2229 5055 ὁ
2277 5001 2365 5066 λς’
2426 5005 2532 5058 τῶν
2589 5003 2767 5058 αὐτῶν
2824 5005 3172 5060 διατάττεται
3245 5012 3372 5074 τοὺς
3455 5010 3617 5079 ψήφῳ
3672 5003 3769 5057 τῶν

2201 5095 2518 5150 ἐπισκόπων
2555 5097 2632 5158 εἰς
2659 5099 2998 5168 προστασίαν
3021 5098 3414 5170 καλουμένους,
3443 5102 3518 5170 μὴ
3552 5097 3764 5152 καταδε-

2199 5190 2462 5258 χομένους
2504 5187 2562 5240 δὲ
2609 5187 2669 5240 τὸ
2717 5189 3114 5262 λειτούργημα,
3150 5194 3575 5264 ἁφωρισμένους
3617 5185 3762 5246 εἶναι,

2199 5279 2303 5340 ’ἐως
2324 5277 2389 5330 ἂν
2415 5276 2841 5343 καταδέξωνται.
2871 5279 3032 5334 Ὥστε
3059 5285 3108 5334 εί
3140 5281 3214 5353 μή
3246 5283 3642 5352 καταδέχοιντο,
3669 5271 3765 5326 εἷεν

2198 5366 2263 5421 ἂν
2293 5366 2381 5418 διὰ
2403 5365 2518 5436 βίου
2544 5368 2942 5438 ἁφωρισμένοι.
2971 5369 3036 5421 Οί
3059 5370 3117 5423 δέ
3141 5371 3230 5423 διὰ
3262 5370 3378 5441 βίου
3408 5364 3764 5439 ἀφωρισμένοι

2198 5458 2352 5510 οὐδὲν
2385 5459 2678 5511 ἀπεοίκασι
2724 5459 3149 5532 καθῃρημένων.
3201 5460 3371 5534 Οἶμαι
3421 5463 3475 5514 δὲ
3524 5460 3762 5530 κρεῖσσον

2198 5552 2374 5604 εἰπεῖν
2427 5553 2508 5604 ὅτι
2560 5555 2670 5604 πᾶν
2717 5553 3025 5624 ἁμάρτημα
3068 5555 3294 5620 δικαίως
3348 5555 3414 5609 ἂν
3461 5550 3762 5622 ὀνομάζοιτο

2197 5640 2452 5710 ψυχικὸν,
2487 5641 2563 5702 ὡς
2593 5642 2656 5693 ἐκ
2688 5645 3056 5712 παρατροπῆς
3080 5645 3186 5699 τῶν
3218 5644 3471 5716 ψυχικῶν
3497 5638 3760 5704 δυνάμεων

2199 5733 2300 5802 τὴν
2339 5734 2516 5804 ἀρχὴν
2549 5734 2691 5804 ἕχον.
2725 5735 2819 5800 Εἰς
2851 5737 2976 5791 τοία
3023 5739 3134 5808 γὰρ
3163 5741 3275 5796 τῶν
3312 5738 3438 5807 περὶ
3467 5737 3560 5805 τὴν
3596 5725 3759 5800 ψυχὴν
