4072 6394
339 341 449 404 Ξῖ.)
1452 339 1529 398 ΙΝ
1562 337 1728 398 CAN.
1779 337 1832 396 lI
1871 337 1910 395 C

2025 338 2085 397 ε.
2114 337 2388 402 NlC/EN.
2425 341 2470 399 Ι.
3492 345 3599 406 Ξτιο

336 449 737 520 θεωρουμένων
788 449 1210 522 διαιρουμένων,
1263 449 1348 514 εἷς
1397 465 1458 502 τε
1492 449 1553 500 τὸ
1599 448 1836 516 λογικὸν,
1873 445 1916 496 τὶ

2037 463 2164 501 vero
2197 460 2310 502 ιοιο
2346 450 2467 503 vitm
2501 458 2741 518 tempore
2773 449 3038 520 segregati
3063 460 3207 513 sunt,
3264 451 3395 506 nihil
3444 470 3470 504 a
3515 455 3613 505 de-

335 543 762 611 ἐπιθυμητικὸν,
801 544 895 596 καὶ
928 544 990 595 τὸ
1016 543 1269 612 θυμικὸν,
1306 541 1366 606 ἐξ
1396 541 1628 594 ἐκάστου
1653 541 1842 593 τούτου
1865 541 1923 592 ai

335 637 541 702 ἀρεταὶ
574 635 666 686 καὶ
689 636 745 686 αἱ
771 634 962 688 κακίαι
993 634 1270 702 πεφύκασι
1296 633 1528 702 φύεσθαι
1549 649 1562 662 ο
1595 633 1650 684 αἱ
1678 633 1774 700 μὲν
1795 632 1924 684 ὅταν

331 727 517 795 ὀρθῶς
545 727 639 780 καὶ
659 727 734 788 ὡς
759 727 909 796 παρὰ
936 728 1030 780 τοῦ
1057 724 1394 796 δημιουργοῦ
1417 727 1550 794 ἡμῖν
1574 723 1923 793 ἐνετέθησαν,

328 819 533 880 αὑταῖς
566 818 831 887 χρώμεθα
856 833 872 848 ·
907 820 963 872 αἱ
1007 819 1064 872 δέ
1111 818 1324 881 κακίαι,
1363 819 1491 871 ὅταν
1523 818 1712 880 αὑταῖς
1744 833 1923 887 παρα-

329 906 626 976 χρώμεθα.
661 907 768 960 Τοῦ
799 908 900 976 μὲν
928 908 1022 960 οῦν
1052 907 1362 976 λογιστικοῦ
1398 907 1570 978 ἀρετὴ
1596 908 1690 962 καὶ
1722 907 1924 976 κατόρ-

332 999 499 1066 θωμα
545 1002 577 1068 ὴ
617 999 889 1061 εὐσέϐεια,
937 1001 1031 1052 καὶ
1067 1001 1123 1052 at
1161 999 1238 1067 τῷ
1273 999 1401 1066 θείῳ
1437 1000 1742 1068 πρέπουσαι
1789 1001 1924 1070 ἡμέ-

330 1105 494 1156 τεραι
544 1090 770 1151 ἔννοιαι,
810 1090 905 1141 καὶ
944 1091 976 1157 ἡ
1035 1089 1128 1141 τοῦ
1179 1088 1345 1141 καλοῦ
1411 1089 1636 1143 καὶτοῦ
1681 1089 1924 1160 χείρονος

326 1178 714 1247 ἀνεπισφαλὴς
757 1179 1052 1249 διάκρισις,
1101 1180 1196 1232 καὶ
1230 1179 1282 1232 τί
1319 1180 1417 1249 μὲν
1455 1180 1732 1250 αἱρεῖσθαι
1781 1181 1921 1246 δέον,

327 1267 382 1321 τί
436 1267 495 1320 δὲ
549 1267 983 1336 ἀποτρέπεσθαι.
1024 1269 1090 1320 Ἡ
1134 1267 1192 1320 δὲ
1241 1269 1306 1320 ἐκ
1352 1267 1556 1320 τούτων
1604 1267 1924 1330 ἀπόπτωσις

327 1359 507 1411 κακία
532 1359 624 1411 καὶ
649 1359 899 1429 ἁμαρτία
927 1360 1064 1414 ἐστε.
1093 1360 1198 1412 Τοῦ
1223 1360 1267 1412 δ’
1294 1358 1695 1429 ἐπιθυμητικοῦ
1722 1359 1922 1428 μέρους

324 1451 509 1522 ἀρετὴ
540 1453 599 1503 τὺ
629 1453 739 1503 τῶν
769 1451 936 1513 ὅντως
963 1453 1094 1521 ἐρᾷν
1134 1451 1393 1520 ὀρεκτῶν,
1423 1452 1524 1520 τῆς
1553 1451 1723 1514 Θείας,
1755 1449 1920 1521 φημὶ,

327 1543 582 1609 φύσεως,
633 1542 726 1593 καὶ
780 1542 888 1593 τῶν
913 1541 1150 1594 οἰκειοῦν
1183 1543 1330 1610 ἡμᾶς
1371 1543 1556 1612 ἐκείνῃ
1606 1541 1921 1611 δυναμένων

327 1632 614 1702 πράξεων,
660 1633 724 1686 Ἠ
747 1634 792 1686 δ’
817 1635 880 1686 ὲκ
910 1633 1116 1685 τούτων
1153 1634 1484 1704 παρατροπὴ
1515 1634 1607 1686 καὶ
1639 1633 1718 1696 είς
1753 1636 1920 1703 γήϊνα

325 1729 478 1799 φορὰ
503 1730 600 1798 τῆς
634 1729 928 1799 ἐπιθυμίας
960 1731 1287 1800 ἁμάρτημα.
1335 1731 1565 1799 Ὁμοίως
1617 1730 1672 1782 δέ
1702 1731 1793 1783 καὶ
1827 1729 1920 1782 τοῦ

2028 539 2220 608 positis
2278 539 2550 595 diﬂ'crunt.
2615 540 2726 610 ﬁo
2788 557 2914 595 vero
2977 543 3048 595 ita
3111 558 3330 608 censeo,
3391 553 3609 612 peccata

2028 630 2234 696 omnia,
2288 642 2576 699 propterea
2625 633 2765 700 quod
2821 649 2884 686 ex
2936 634 3242 701 depravatis
3286 633 3480 685 anitna'.
3533 637 3610 684 [ςι-

2027 721 2316 776 cultatibus
2336 730 2512 776 ortum
2537 723 2759 786 dueunt,
2789 722 3046 776 animalia
3078 723 3269 777 merito
3291 723 3395 776 dici
3433 740 3608 789 posse.

2027 811 2158 866 Cum
2189 813 2332 866 enim
2371 821 2478 868 tres
2511 815 2621 868 sint
2659 814 2826 868 animi
2857 813 3018 873 \‘eluti
3069 822 3279 883 partes,
3319 813 3479 878 ratio,
3513 830 3605 864 cn-

2029 903 2250 972 piditas,
2297 903 2396 968 ira,
2436 918 2502 958 ex
2539 904 2728 958 har-um
2775 904 3028 974 singulis,
3075 903 3303 957 virtutes
3347 918 3411 956 ac
3459 904 3608 968 vitia,

2026 993 2261 1048 virtutes
2315 993 2556 1062 quidem,
2607 994 2653 1048 si
2691 1003 2856 1056 recte,
2894 1003 2944 1047 et
2981 1009 3044 1046 ea
3082 1008 3202 1061 qua:
3253 1007 3283 1046 a
3319 991 3609 1046 Conditore

2025 1086 2341 1154 pra‘scripta
2376 1084 2500 1149 fuit,
2553 1086 2930 1140 moderatione
2974 1085 3214 1137 adhibita
3270 1083 3335 1136 iis
3368 1093 3606 1147 ntmtntr,

2025 1177 2072 1231 si
2115 1192 2243 1230 vero
2274 1177 2462 1231 iisdem
2497 1177 2812 1242 abutamur,
2835 1176 2964 1228 vitia
2998 1184 3321 1229 nascuntur.
3361 1175 3609 1228 Rationis

2027 1269 2190 1340 igitur
2224 1269 2392 1324 virtus
2419 1279 2579 1338 atque
2608 1268 2840 1323 ollicium
2872 1277 2976 1333 est,
3007 1268 3199 1337 pietas,
3236 1281 3460 1336 qumque
3501 1283 3605 1318 nu-

2025 1362 2188 1418 minis
2225 1361 2492 1431 Majestati
2538 1361 2882 1425 conveniant,
2941 1359 3133 1412 animis
3182 1361 3380 1411 nostris
3433 1359 3607 1411 infor-

2027 1466 2184 1508 mata:
2209 1454 2478 1514 notiones,
2515 1462 2624 1505 tum
2661 1453 2800 1506 inter
2826 1452 3116 1505 honestum
3165 1465 3230 1503 ac
3259 1461 3429 1518 turpe,
3466 1452 3608 1502 inter

2025 1549 2079 1604 id
2109 1549 2252 1619 quod
2281 1548 2459 1616 sequi,
2491 1555 2583 1600 aut
2607 1547 2794 1617 fugere
2823 1553 3095 1614 oporteat,
3142 1554 3289 1598 recta
3341 1544 3603 1612 dijudica-

2027 1639 2118 1694 tio.
2147 1637 2274 1692 litec
2322 1637 2424 1692 nisi
2458 1645 2661 1701 teneat,
2701 1637 2752 1690 in
2788 1636 2978 1689 vitium
3022 1636 3337 1702 crimenque
3389 1633 3600 1687 delabi-

2027 1739 2134 1784 tur.
2181 1728 2505 1798 Cupiditatis
2566 1727 2762 1782 deinde
2795 1727 2966 1782 virtus
3010 1732 3114 1791 est,
3157 1741 3219 1779 ea
3255 1739 3374 1792 quae
3419 1737 3604 1775 amore

322 1821 568 1890 θυμικοῦ
608 1821 776 1890 ἀρετὴ
822 1823 855 1891 ἡ
896 1823 1033 1892 πρὸς
1083 1823 1182 1890 τὴν
1217 1823 1418 1874 κακίαν
1465 1823 1781 1884 ἐναντίωσις
1823 1824 1916 1876 καὶ

2025 1835 2149 1874 vere
2183 1819 2350 1888 digna
2379 1828 2530 1884 sunt,
2569 1819 2805 1872 divinam
2839 1817 3046 1871 scilicet
3073 1825 3344 1881 naturam,
3374 1828 3604 1882 qua:th

320 1911 624 1982 ἀπέχθεια,
665 1917 760 1966 καὶ
812 1913 873 1965 τὸ
927 1915 1064 1982 πρὸς
1110 1911 1210 1975 τὰς
1254 1911 1348 1966 τοῦ
1403 1911 1652 1981 σώματος
1709 1912 1920 1984 ὀρέξεις

320 2004 708 2067 ἀνθίστασθαι,
753 2005 844 2058 καὶ
892 2005 1083 2074 μέχρις
1112 2006 1347 2074 αἵματος
1394 2005 1528 2074 πρὸς
1584 2005 1684 2074 τὴν
1733 2006 1920 2076 ἁμαρο

319 2095 447 2146 τίαν
471 2095 980 2161 ἀντικαθίστασθαι,
1011 2096 1228 2150 καὶτοῦ
1271 2095 1435 2165 ὀρθοῦ
1485 2096 1642 2162 λόγου
1687 2095 1784 2152 καὶ
1821 2098 1920 2166 τῆς

321 2187 534 2255 ἀρετῆς
597 2188 930 2255 προμαχείν,
987 2187 1084 2238 καὶ
1146 2187 1286 2257 μετὰ
1339 2188 1432 2241 τοῦ
1486 2188 1654 2241 Δαϐἱδ
1687 2187 1866 2255 λέγειν
1901 2205 1917 2220 ο

322 2273 517 2330 Εἶδον
544 2277 1022 2343 ἀσυγετοῦντας,
1057 2280 1155 2331 καί
1203 2279 1579 2347 ἐξετηκόμην
1609 2295 1622 2309 ⁶
1665 2280 1834 2334 κακία
1864 2279 1920 2332 δὲ

323 2369 359 2437 ή
415 2368 559 2438 προς
602 2368 695 2420 τὸν
747 2368 976 2438 πλησίον
1024 2369 1162 2440 ὀργὴ
1197 2411 1211 2434 ,
1252 2371 1435 2423 καὶτὸ
1485 2372 1660 2438 μῖσος,
1710 2371 1804 2423 καὶ
1860 2371 1917 2423 αἱ

322 2456 632 2526 φιλόνεικοι
689 2455 978 2523 διαθέσεις,
1030 2463 1122 2511 καὶ
1186 2459 1242 2512 αἱ
1295 2460 1676 2528 μνησικακίαι.
1735 2459 1918 2522 Οὕτως

323 2543 446 2610 οὖν,
497 2548 575 2609 ὡς
634 2550 874 2618 εἴρηται,
913 2551 977 2602 ἐκ
1032 2549 1141 2602 τῶν
1192 2549 1438 2620 ψυχικῶν
1471 2551 1755 2620 δυνάμεων
1809 2553 1916 2606 τῶν

323 2639 752 2708 ἁμαρτημάτων
803 2642 1232 2710 συνισταμένων,
1261 2641 1447 2704 καλῶς
1488 2643 1538 2694 οἱ
1576 2642 1708 2694 θεῖοι
1743 2643 1917 2695 Πατέ-

325 2749 418 2802 ρες
451 2731 664 2800 ψυχικὰ
693 2731 982 2801 εἰρήκασιν
1005 2732 1406 2803 ἁμαρτήματα,
1441 2735 1536 2786 καὶ
1563 2732 1638 2803 τῷ
1690 2734 1918 2804 μεγάλῳ

327 2823 530 2891 Παύλῳ
573 2823 830 2890 ἑπόμενοι
882 2822 1092 2890 λέγοντι
1120 2838 1135 2852 ο
1189 2824 1362 2877 Ἐστι
1409 2823 1579 2891 σῶμα
1624 2823 1915 2892 ψυχικὸν,

323 2915 423 2965 καί
461 2915 598 2966 ἐστι
632 2913 806 2982 σῶμα
845 2914 1254 2982 πνευματικόν
1279 2931 1294 2946 ·
1328 2914 1558 2984 ψυχικὸν
1592 2915 1917 2984 ὀνομάζοντι

322 3005 382 3056 τὸ
406 3003 514 3056 ὑπὸ
553 3004 652 3073 τῆς
688 3005 867 3074 ψυχῆς
890 3005 1360 3075 ήγεμονευόμενον
1391 3007 1483 3058 καὶ
1513 3007 1916 3078 κυριαρχούμεο

2024 1911 2289 1982 imprimis
2348 1912 2592 1964 actiones
2640 1910 2814 1964 eidem
2877 1907 3170 1963 conciliare
3229 1920 3326 1960 nos
3378 1913 3602 1973 queant,

2021 2015 2208 2056 amore
2239 2000 2546 2069 complecti.
2580 1999 2702 2051 Alio
2732 1999 2774 2051 si
2813 1996 3114 2058 deflexerit,
3171 2003 3334 2063 atque
3381 1995 3446 2045 ad
3496 2000 3605 2044 ter-

2023 2107 2151 2146 rena
2209 2091 2476 2158 cupiditas
2528 2089 2838 2154 diverterit,
2891 2089 3121 2143 crimine
3184 2089 3602 2155 haudquaquam

2022 2183 2253 2237 carebit.
2296 2181 2628 2236 Pravitatem
2677 2181 2912 2250 denique
2947 2180 3150 2244 odisse,
3193 2179 3353 2250 eique
3403 2177 3601 2230 bellum

2023 2275 2224 2329 habere
2280 2289 2494 2345 semper
2562 2273 2863 2338 indictum,
2925 2273 3286 2342 appetitiones
3359 2268 3605 2338 corporis

2021 2381 2296 2430 coercere,
2324 2377 2376 2418 et
2406 2366 2473 2420 ad
2504 2379 2690 2419 necem
2743 2379 2915 2431 usque
2959 2363 3148 2418 sceleri
3198 2361 3499 2424 adversari,
3549 2366 3605 2412 et

2022 2472 2119 2527 pro
2171 2467 2318 2510 recta
2380 2459 2594 2511 ratione
2669 2471 2734 2510 ac
2799 2457 3079 2510 honestate
3143 2454 3474 2523 depugnare,
3538 2463 3601 2504 ac

2021 2550 2242 2604 Davidis
2270 2551 2420 2613 illud,
2462 2548 2582 2602 Vidi
2610 2549 3035 2618 prwvaricanles,
3080 2558 3127 2602 et
3179 2546 3504 2600 tabescebam
3533 2545 3599 2608 ³’,

2022 2657 2308 2712 usurpare,
2339 2640 2432 2694 ira!
2462 2641 2634 2693 virtus
2663 2649 2765 2693 est.
2798 2639 3023 2705 Eadem,
3053 2639 3144 2693 ubi
3180 2655 3239 2695 se
3268 2645 3321 2694 in
3367 2642 3598 2694 amicum

2023 2731 2287 2794 intendat,
2320 2731 2444 2784 odio
2475 2729 2816 2792 effervescat,
2844 2739 2900 2782 et
2921 2729 2986 2783 ad
3023 2730 3405 2783 contentiones
3431 2743 3598 2800 prona

2023 2823 2249 2886 feratur,
2280 2821 2530 2892 injuriatu
2559 2821 2670 2874 alte
2717 2821 2997 2887 recondat,
3046 2821 3098 2874 in
3129 2821 3260 2874 vitio
3305 2830 3406 2875 est.
3460 2821 3596 2874 Cum

2023 2915 2186 2985 igitur
2213 2929 2279 2968 ex
2311 2915 2476 2967 animi
2532 2913 2902 2974 facultatibus,
2948 2925 3006 2966 ut
3057 2912 3316 2976 diximus,
3376 2921 3597 2981 peccata

2022 3007 2343 3072 eonfientur,
2389 3005 2510 3075 jure
2553 3015 2772 3075 peccata
2841 3005 3006 3058 divini
3067 3005 3279 3069 Patres,
3341 3004 3595 3058 animalia

321 3113 434 3159 νον,
470 3095 568 3148 καὶ
599 3098 722 3156 ταῖς
775 3099 1032 3164 φυσικαῖς
1087 3096 1260 3164 αὐτῆς
1313 3097 1561 3150 δουλεῦον
1596 3099 1909 3169 δυνάμεσιν,

2025 3100 2370 3152 nominavere
2404 3115 2418 3152 :
2450 3113 2702 3168 magnum
2755 3112 2970 3166 quoque
3027 3096 3252 3150 Paulum
3303 3107 3595 3164 sequentes

321 3188 571 3241 ἐκδιδοῦν
599 3205 657 3241 τε
715 3187 872 3260 θυμῴ
924 3190 1018 3243 καί⁵
1067 3189 1355 3260 ἐπιθυμίᾳ,
1413 3189 1506 3242 καὶ
1552 3194 1661 3252 τοῖς
1695 3193 1908 3261 γηῖνοις

321 3281 723 3350 προστετηκὸς,
749 3283 846 3334 καὶ
874 3281 1026 3334 οὐδὲν
1057 3281 1200 3353 ὑπὲρ
1232 3281 1407 3336 ταῦτα
1438 3283 1693 3352 φρονοῦν.

2021 3193 2113 3262 qui
2149 3191 2307 3254 dicit,
2347 3190 2441 3243 Est
2470 3206 2657 3257 corpus
2697 3187 2948 3252 animale,
2987 3198 3034 3240 et
3076 3199 3149 3242 est
3198 3204 3384 3256 corpus
3437 3189 3598 3256 spiri-

2019 3283 2161 3338 tuale
2198 3282 2266 3348 δ’,
2300 3282 2532 3337 animale
2572 3282 2858 3336 nominans
2906 3282 2957 3336 id
2995 3283 3136 3350 quod
3181 3281 3371 3334 anima:
3411 3279 3596 3344 ductu,

322 3378 668 3445 imperioque
701 3381 933 3448 regitur,
970 3377 1155 3446 illique
1219 3378 1408 3433 inditis
1454 3396 1482 3432 a
1530 3389 1724 3434 natura
1778 3379 2122 3435 facultatibus
2177 3380 2440 3446 serviens,
2497 3379 2592 3434 irae
2640 3393 2720 3442 se,
2767 3378 3157 3448 cupiditatique
3207 3376 3492 3447 permittit,
3531 3389 3595 3430 ac

319 3472 558 3529 terrenis
589 3483 846 3543 perpetuo
873 3472 1089 3528 anisum
1123 3483 1226 3542 est,
1293 3483 1349 3530 et
1415 3476 1550 3530 nihil
1602 3492 1764 3548 supra
1823 3494 1886 3532 ea
1920 3480 2145 3550 cegitat.

316 3607 554 3664 ΑΡΙΣΤ.
607 3610 672 3662 Ol
702 3609 772 3673 ἐξ
805 3609 1048 3664 romae
1097 3610 1242 3676 ,βίου
1268 3609 1356 3680 μὴ
1387 3613 1611 3682 ταχέως
1639 3616 1728 3680 εἰς
1755 3631 1900 3684 πρε-

380 3699 717 3768 σϐυτέρους
738 3699 1120 3769 ἀγέσθωσανο
1139 3701 1278 3770 δίχα
1303 3701 1416 3770 τὰρ
1437 3701 1547 3770 τῆς
1566 3703 1663 3758 διὰ
1677 3709 1902 3775 χρόνον

389 3791 753 3860 δοκιμασίας
791 3792 980 3856 κακὸς
1005 3794 1037 3844 ό
1085 3795 1382 3861 νεόφυτος
1406 3832 1422 3846 .
1471 3795 1540 3848 Ei
1580 3793 1648 3848 δέ
1677 3813 1766 3861 τις
1804 3797 1902 3850 καί

386 3883 541 3951 μετὰ
580 3881 696 3951 τὴν
748 3883 1128 3951 χειροτονίαν
1176 3885 1528 3953 ἁμαρτήσας
1573 3887 1904 3957 ἀποδειχθῇ

393 3974 710 4040 πρότερον,
743 3973 998 4042 ὕστερον
1030 3974 1143 4046 (40)
1174 3976 1386 4030 οὑτοσὶ
1412 3978 1742 4032 aestatian
1799 3978 1906 4032 τοῦ

388 4064 649 4134 κλήρου.

391 4181 475 4234 Τὰ
517 4181 656 4233 αὐτὰ
683 4179 761 4249 τῷ
808 4179 1150 4252 ὀγδοηκοστῷ
1196 4182 1384 4236 κανόνι
1413 4182 1522 4236 τῶν
1569 4184 1740 4254 ἁγίων
1773 4185 1908 4236 ἀπο-

319 4273 528 4324 στόλων
556 4272 650 4324 καὶ
681 4273 711 4325 ὀ
739 4271 919 4325 κανὼν
941 4266 1095 4335 οὗτος
1115 4273 1284 4340 λέγει,
1320 4275 1381 4327 τὸ
1412 4275 1504 4328 τὸν
1537 4275 1668 4347 ἄρτι
1709 4273 1908 4344 βαπτι-

320 4365 523 4419 σθέντα
549 4365 624 4434 μὴ
654 4364 819 4427 εὐθὺς
846 4366 927 4428 εἰς
957 4366 1268 4436 ἐπισκοπὴν
1297 4368 1330 4438 ἢ
1366 4370 1444 4432 εἰς
1477 4367 1906 4439 πρεσϐυτερεῖον

2011 3614 2245 3672 ARIST.
2321 3615 2428 3684 Qui
2471 3631 2538 3671 ex
2562 3615 2769 3670 etltnica
2801 3615 2908 3668 vita
2929 3613 3189 3684 prodeunt
3219 3629 3282 3666 ne
3311 3613 3496 3666 statim
3525 3613 3594 3664 ad

2074 3711 2401 3780 presbyteros
2432 3718 2865 3777 promoveantur.
2942 3704 3088 3779 Nam
3133 3705 3244 3759 sine
3285 3705 3595 3773 probatione

2077 3818 2181 3870 qua
2213 3802 2274 3870 [it
2299 3817 2584 3870 progressu
2639 3801 2908 3869 temporis,
2951 3799 3123 3852 malus
3169 3806 3244 3850 est
3287 3797 3590 3866 neopltytus.

2078 3891 2137 3946 Si
2159 3895 2276 3961 quis
2301 3904 2476 3947 autem
2505 3902 2554 3946 et
2581 3903 2693 3960 post
2722 3892 3112 3945 ordinationem
3133 3901 3288 3943 antea
3312 3889 3595 3958 deliquisse

2010 3990 2032 4056 ξ
2085 3995 2379 4054 compertus
2414 3987 2503 4053 sit,
2533 3995 2718 4054 postea
2746 3985 2832 4039 ltic
2861 3985 3002 4038 clero
3039 3983 3358 4051 expellatur.

2084 4185 2285 4240 Eadem
2330 4199 2448 4254 qua:
2491 4185 2854 4249 octogesimus
2895 4198 3069 4238 canon
3111 4190 3424 4236 sanctorum
3457 4196 3590 4248 apo-

2024 4278 2310 4342 stolorum,
2343 4279 2428 4332 hic
2458 4292 2674 4346 quoque
2699 4292 2871 4331 canon
2899 4278 3048 4340 dicit,
3079 4276 3239 4330 modo
3265 4277 3590 4342 baptizatum

2014 4386 2121 4426 non
2155 4371 2334 4427 subito
2369 4371 2432 4424 ad
2462 4371 2824 4439 episcopatum
2857 4378 2946 4422 aut
3001 4368 3433 4438 presbyteratntn
3469 4383 3595 4436 pro-

317 4460 482 4524 ἄγειν
508 4471 524 4486 ο
564 4456 650 4507 ἵνα
684 4455 779 4526 μὴ,
827 4456 905 4538 ᾡς
937 4457 1213 4526 νεόφυτος,
1252 4460 1545 4528 τυφωθεὶς,
1591 4463 1672 4523 εἰς
1707 4459 1907 4528 παγίδα

2021 4461 2255 4527 moveri;
2297 4476 2398 4526 ne,
2443 4469 2501 4512 ut
2532 4461 2863 4530 neophytus,
2895 4458 3115 4512 inﬂatus
3137 4497 3152 4521 ,
3200 4459 3250 4511 in
3279 4458 3477 4512 diaboli
3513 4457 3594 4510 la-

318 4551 418 4602 τοῦ
448 4547 702 4602 διαϐόλου
725 4549 822 4602 καὶ
857 4552 1032 4618 κρῖμα
1058 4552 1296 4621 ἐμπέσῃ.
1321 4553 1415 4604 Δεῖ
1451 4552 1582 4619 γοῦν
1615 4552 1706 4605 τὸν
1735 4551 1916 4604 τοιοῦ-

2021 4568 2207 4623 queunt
2244 4563 2298 4608 et
2333 4553 2596 4622 judicium
2643 4553 2863 4606 incidat.
2927 4551 3150 4620 Oportet
3201 4553 3383 4621 itaque
3429 4553 3589 4606 talem

321 4659 414 4692 τον
456 4641 598 4692 κατὰ
637 4639 730 4690 τὸν
769 4639 1058 4693 ἑνδέκατον
1087 4641 1288 4694 κανόνα
1309 4642 1408 4710 τῆς
1437 4643 1496 4694 ἐν
1531 4641 1767 4712 Σαρδικῇ
1788 4657 1915 4693 συν-

325 4734 441 4785 όδου
505 4731 772 4802 πρότερον
799 4732 880 4793 εἰς
915 4730 1148 4784 ἕκαστον
1175 4733 1408 4802 βαθμὸν,
1451 4732 1620 4803 ἡγουν
1660 4731 1911 4801 ἀναγνώ-

335 4840 474 4888 στου,
529 4821 910 4885 ὑποδιακόνου,
969 4822 1062 4874 καὶ
1107 4824 1216 4875 τῶν
1267 4823 1415 4893 ἐξῆς,
1486 4824 1766 4877 ἐκτελέσαι
1807 4825 1912 4878 κᾶν

321 4915 440 4978 ἐνὸς
467 4915 667 4984 χρόνον
701 4933 906 4986 μηκος,
948 4917 1042 4970 καὶ
1071 4915 1268 4979 οὕτως,
1335 4919 1383 4969 εἰ
1423 4916 1570 4982 ἄξιος
1607 4917 1710 4986 τῆς
1765 4916 1914 4980 θείας

319 5005 633 5076 ἱερωσύνης
676 5009 862 5078 κριθῇ,
904 5008 1008 5078 τῆς
1046 5009 1310 5079 μεγίστης
1362 5008 1670 5063 ἀπολαῦσαι
1701 5011 1866 5078 τιμῆς
1891 5025 1904 5039 ’

314 5099 521 5166 ὥσπερ
543 5097 604 5166 δὴ
641 5099 804 5152 πάλιν
837 5099 930 5153 καὶ
961 5100 1099 5167 μετὰ
1133 5100 1231 5169 τὴν
1259 5100 1615 5170 χειροτονίαν,
1644 5101 1694 5154 εί
1731 5100 1908 5171 ἀμαρο

311 5189 496 5260 ripa;
520 5190 846 5261 ἀποδειχθῇ,
879 5190 978 5259 τῆς
1005 5191 1162 5255 ἀξίας
1189 5191 1623 5259 μετακινεῖσθαι.

429 5392 477 5425 ³⁸
521 5389 664 5446 Psal.
706 5407 899 5458 cxvnt,
932 5389 1060 5446 158.
1177 5389 1223 5421 ⁸⁸
1261 5389 1276 5444 l
1311 5390 1439 5446 Cor.
1469 5406 1558 5455 xv,
1591 5391 1681 5446 M.

2007 4644 2162 4714 juxta
2225 4643 2572 4699 undecimum
2637 4657 2898 4698 canoncm
2969 4641 3162 4711 synodi
3224 4641 3588 4703 Sardicensis,

2011 4735 2162 4804 prius
2195 4736 2247 4789 in
2281 4749 2612 4804 unoquoque
2640 4735 2829 4805 gradu,
2864 4749 3059 4800 nempe
3089 4733 3306 4790 lectoris
3333 4743 3388 4788 et
3416 4737 3592 4804 hypo-

2015 4826 2228 4882 diaconi
2259 4835 2312 4880 et
2340 4827 2674 4896 reliquorum
2709 4825 3068 4879 ministerium
3097 4838 3356 4894 peragere
3397 4827 3588 4878 saltent

2011 4918 2172 4971 unius
2197 4917 2454 4984 temporis
2486 4918 2744 4986 Spatium,
2770 4926 2824 4968 et
2849 4917 2949 4982 sic,
2985 4917 3029 4970 si
3065 4916 3255 4985 dignus
3281 4916 3464 4969 divino
3493 4933 3586 4970 sa-

2017 5007 2255 5061 certlotio
2272 5007 2569 5076 indicetur,
2596 5008 2846 5062 maxima:
2865 5007 3133 5075 particeps
3160 5007 3250 5060 fiat
3275 5007 3588 5076 dignitatis:

2019 5099 2162 5154 sicut
2201 5109 2380 5153 autem
2421 5100 2615 5153 iterum
2652 5108 2706 5153 et
2751 5109 2870 5169 post
2900 5100 3330 5164 ordinationem,
3375 5100 3418 5154 si
3457 5101 3592 5153 deli-

2017 5192 2199 5262 quisse
2232 5200 2542 5260 compertus
2570 5188 2752 5258 fuerit,
2783 5191 3049 5262 dignitate
3077 5202 3381 5255 amovetur.

1520 5585 1525 5590 ς
1562 5543 1756 5605 Guill.
1793 5541 2124 5619 Beveregii
2160 5547 2352 5603 notas.

380 5680 499 5748 (40)
556 5679 890 5748 Πρότερον,
937 5672 1217 5748 ὕστερον.
1276 5671 1333 5724 lu
1399 5669 1666 5748 Sitneonis
1726 5667 1902 5748 Lego:

308 5738 764 5817 thétm't-piionte'
788 5745 1008 5812 legitur,
1041 5738 1398 5812 ἢίπρότερον,
1424 5740 1457 5810 ἢ
1488 5738 1745 5810 ὕστερον.
1787 5739 1892 5792 bed

2013 5675 2196 5744 nostra
2232 5661 2392 5719 lectio
2425 5667 2719 5734 genuinum
2752 5666 2978 5722 canonis
3013 5681 3230 5723 sensum
3271 5665 3460 5721 melius
3499 5683 3590 5722 cx-

2012 5746 2218 5802 prtnut.
