4072 6466
378 386 482 450 239
776 422 789 425 ς
1630 375 1906 436 TIIEOD.
1940 374 2343 434 BALSAMON

3550 367 3667 429 240

379 502 537 554 armis
581 495 818 567 episcopi
873 506 1060 549 omnes
1105 491 1243 560 apud
1294 491 1526 560 primunt
1576 506 1640 546 ex
1687 492 1822 561 ipsis
1869 491 1951 544 bis

2060 488 2257 550 αὐτῶν,
2291 487 2376 554 ἐφ’
2402 477 2447 552 ᾧ
2508 481 2735 537 λύεσθαι
2774 482 2845 537 τά
2903 481 3034 554 περὶ
3090 480 3200 535 τῶν
3238 481 3668 548 ἀκοινωνῆτων

380 591 730 654 conveniant,
786 585 853 641 ad
890 582 1186 639 solvendas
1238 583 1601 637 dubitationes
1634 585 1700 637 de
1732 598 1952 636 excom-

383 681 690 747 municatis,
756 689 809 731 et
862 677 1099 745 reliquas
1158 674 1553 729 ecclesiasticas
1600 675 1950 742 qnccstiones.

378 775 662 829 Acerbitas
694 780 872 823 autem
905 769 992 823 hic
1018 766 1247 835 apellata
1279 774 1363 818 est
1402 764 1566 817 animi
1594 765 1949 832 perturbatio.

376 866 642 918 Caeterum
695 876 813 928 qua:
846 860 909 913 de
940 857 1134 910 annuis
1173 853 1393 925 synodis
1430 854 1530 907 hoc
1574 867 1780 906 canone
1826 868 1955 906 cou-

382 957 641 1019 tinentur,
685 951 786 1006 hoc
828 950 943 1004 loco
979 946 1285 1003 accuratius
1319 960 1347 999 a
1385 945 1540 999 nobis
1570 944 1810 1013 exposita
1848 958 1951 996 non

375 1057 520 1109 sunt,
571 1053 628 1099 ut
672 1059 794 1114 quae
842 1057 947 1095 non
983 1042 1091 1094 sint
1126 1040 1178 1093 itt
1212 1055 1341 1093 usu:
1388 1048 1441 1092 et
1493 1039 1636 1106 quod
1671 1036 1704 1091 8
1750 1050 1955 1091 canone

377 1137 567 1206 synodi
612 1151 746 1205 qua:
804 1131 905 1186 fuit
959 1133 1012 1185 in
1065 1130 1270 1199 Trullo,
1328 1142 1383 1184 et
1438 1129 1690 1185 similiter
1733 1126 1955 1181 Novella

374 1227 670 1281 Justiniani
708 1227 822 1281 sive
865 1223 936 1279 Ξθ
985 1234 1037 1277 et
1077 1221 1141 1276 9.1
1204 1222 1377 1292 capite
1418 1223 1576 1290 primi
1626 1222 1708 1276 tit.
1751 1220 1805 1285 3,
1855 1219 1951 1274 lib.

374 1322 657 1375 Basilicor.
709 1327 975 1373 statutum
1023 1325 1125 1381 est,
1167 1324 1226 1370 ut
1260 1315 1425 1369 semel
1462 1323 1669 1370 tantum
1700 1313 1957 1368 conveni-

377 1422 502 1464 rent
545 1411 805 1479 episcopi.
858 1408 1007 1478 Lege
1050 1416 1103 1461 et
1136 1406 1235 1461 ista
1267 1405 1465 1474 capita.
1525 1405 1719 1470 Quazre
1747 1414 1801 1457 et
1830 1417 1952 1456 can.

379 1499 447 1550 14
477 1496 669 1567 synodi
707 1492 989 1549 Sardiceu.
1057 1491 1202 1562 Lege
1250 1499 1309 1545 et
1352 1489 1386 1544 8
1435 1504 1558 1559 cap.
1612 1488 1695 1542 tit.
1752 1485 1786 1541 8
1819 1500 1956 1556 prae-

379 1588 550 1640 sentis
587 1590 790 1655 operis.

448 1723 725 1816 ΖΟΝΔΠ(
754 1757 1074 1811 Sanctorum
1124 1770 1337 1826 quoque
1385 1755 1751 1823 apostolorum
1802 1754 1953 1808 ntulti

2052 579 2354 649 ἀμφίϐολα,
2416 581 2511 631 καὶ
2575 576 2739 629 λοιπά
2792 573 3227 645 ἐκκλησιαστικά
3301 573 3662 644 ζητήματα.

2065 671 2257 741 Ἀηδία
2292 671 2348 723 δὲ
2374 667 2669 738 ὠνομάσθη
2704 666 2941 722 ἐνταῦθα
2969 669 3003 737 ἡ
3034 665 3343 737 ἐμπάθεια.
3400 665 3495 718 Τὰ
3531 666 3668 734 μέν.

2052 781 2136 816 τοι
2160 762 2565 833 περιερχόμενα
2602 761 2682 830 τῷ
2713 759 2948 830 παρόντι
2977 758 3163 812 κανόνι
3187 756 3472 825 περὶτῶν
3527 758 3667 825 ἐτη-

2057 857 2189 910 σίων
2206 856 2438 908 συνόδων
2470 853 2977 923 ἀγωνιστικώτερον
3005 853 3066 905 οὐ
3098 852 3496 923 διελήφθησαν
3524 852 3667 915 παρ’

2051 948 2211 1019 ἡμῶν
2291 947 2558 1013 ἐνταυθοῖ,
2615 947 2690 1009 ὼς
2744 946 2818 1017 μὴ
2873 944 3220 1015 ἐνεργοῦντα,
3271 944 3381 997 καὶ
3410 944 3501 997 ὅτι
3550 942 3668 996 ἀπὸ

2051 1041 2145 1093 τοῦ
2162 1038 2213 1110 η’
2263 1040 2485 1102 κανόνος
2514 1039 2613 1109 τῆς
2645 1040 2702 1092 ἐν
2724 1038 2801 1107 τῷ
2826 1038 3078 1108 Τρούλλῳ
3105 1036 3352 1101 συνόδου,
3379 1034 3667 1097 ὡσαύτως

2054 1132 2152 1187 καὶ
2178 1130 2285 1183 ἀπὸ
2309 1130 2740 1184 Ἰουστινιανείου
2775 1129 3014 1198 Νεαρᾶς,
3041 1128 3159 1198 ἦτοι
3188 1126 3282 1180 τοῦ
3348 1125 3404 1178 κ’
3432 1126 3542 1178 καὶ
3574 1123 3667 1179 κα.⁹

2056 1225 2356 1294 κεφαλαίου
2383 1224 2479 1276 τοῦ
2525 1220 2574 1276 α’
2600 1221 2779 1274 τίτλου
2804 1221 2899 1273 τοῦ
2925 1220 2975 1287 γ’
3002 1220 3211 1291 βιόλίου
3236 1218 3357 1272 τῶν
3423 1217 3665 1270 Βασιλι-

2053 1315 2188 1383 κῶν,
2212 1316 2446 1386 ὥρισται
2490 1312 2639 1378 ἅπαξ
2706 1312 3066 1383 συνέρχεσθαι
3102 1313 3231 1372 τοὺς
3267 1308 3662 1371 ἐπισκόπους.

2057 1409 2167 1463 Καὶ
2208 1406 2485 1476 ἀνάγνωθι
2545 1406 2614 1459 τά
2664 1404 2889 1458 τοιαῦτα
2915 1421 3042 1472 κεφ.
3095 1402 3256 1473 Ζήτει
3295 1402 3402 1455 καὶ
3454 1401 3557 1482 τδν
3578 1400 3663 1464 λζ’
3708 1466 3721 1471 _

2057 1502 2262 1553 κανόνα
2294 1502 2402 1552 τῶν
2439 1499 2610 1566 ἁγίων
2640 1497 2976 1560 ἀποστόλων,
3030 1496 3131 1549 τδνη
3163 1494 3221 1547 ιδ’
3266 1494 3496 1547 κανόνα
3553 1492 3662 1561 τῆς

2055 1594 2115 1646 ἐν
2166 1592 2399 1662 Σαρδικῇ
2449 1590 2690 1643 συνόδου.
2760 1588 3061 1656 Ἀνάγνωθι
3117 1588 3209 1640 καὶ
3251 1586 3320 1639 τὸ
3374 1591 3430 1655 η’
3478 1585 3667 1652 κεφά-

2054 1683 2207 1738 λαιον
2257 1684 2353 1735 τοῦ
2425 1680 2478 1748 η’
2519 1682 2701 1733 τίτλου
2751 1679 2847 1732 τοῦ
2904 1679 3173 1750 παρόντος
3224 1678 3662 1745 συντάγματος.

2127 1776 2371 1831 ΖΩΝΑΡ.
2387 1778 2497 1831 Καὶ
2508 1776 2614 1828 τῶν
2630 1776 2799 1842 ἁγίων
2815 1772 3129 1826 ἀποστόλων
3141 1770 3399 1839 διάφοροι
3421 1771 3664 1831 κανόνες

314 1868 317 1875 ’
377 1868 639 1916 canones,
682 1850 769 1918 qtti
801 1864 829 1901 a
865 1848 980 1902 suis
1011 1846 1279 1915 episcopis
1307 1846 1575 1915 segregati
1615 1854 1766 1912 sunt,
1801 1860 1894 1899 eos
1922 1861 1951 1897 a

2060 1871 2476 1941 διαλαμϐάνουσι
2502 1870 2575 1939 μὴ
2596 1868 2843 1939 δέχεσθαι
2862 1868 3014 1937 παρά
3034 1883 3190 1919 τινων
3207 1867 3340 1926 τοὺς
3370 1866 3538 1936 παρά
3551 1864 3666 1917 τῶν

379 1947 592 1999 nemine
637 1943 703 1995 ad
728 1940 1160 1996 communionem
1203 1938 1412 1990 admitti
1441 1937 1604 1991 licere
1635 1939 1952 1991 decernunt.

381 2035 645 2103 Quoniam
681 2046 804 2085 vero
834 2032 1261 2100 segregationem
1290 2027 1697 2081 immerentibus
1726 2028 1953 2097 irrogari

376 2126 699 2197 quandoque
730 2123 1012 2190 contingit,
1061 2122 1130 2174 ob
1163 2122 1279 2188 ejus
1308 2119 1467 2183 forte,
1514 2121 1603 2189 qui
1631 2119 1953 2187 segregavit,

378 2217 739 2277 iracundiam,
783 2214 863 2267 vel
908 2202 1265 2276 simultatem,
1317 2224 1405 2266 aut
1436 2213 1505 2266 ob
1535 2212 1701 2265 animi
1742 2223 1957 2280 pertur-

376 2311 649 2365 bationem
686 2307 946 2376 aliquam,
1004 2318 1166 2375 quant
1197 2315 1250 2359 et
1279 2306 1626 2360 acerbitatent
1658 2304 1743 2359 hic
1779 2305 1957 2358 nomi-

379 2404 549 2467 navit,
598 2401 803 2455 idcirco
834 2399 978 2453 hunc
1011 2411 1271 2452 canonem
1308 2397 1447 2451 sacri
1482 2395 1671 2449 Patres
1718 2396 1954 2460 edidere,

379 2514 486 2568 quo
545 2496 975 2566 segregationcs,
1026 2493 1455 2563 quandocunqne
1508 2490 1717 2544 scilicet
1770 2489 1805 2542 ii
1863 2490 1951 2559 qui

380 2591 647 2661 segregati
684 2598 829 2653 sunt,
859 2586 1055 2654 injuste
1081 2601 1139 2640 se
1172 2585 1240 2637 ab
1264 2601 1328 2637 eo
1356 2585 1445 2654 qui
1476 2584 1775 2653 Segregavit
1810 2599 1959 2636 com-

384 2680 635 2734 mutiiotte
676 2689 851 2732 motos
881 2692 1004 2731 esse
1048 2686 1470 2744 conquerantur,
1526 2673 1829 2729 ettaminari
1872 2676 1959 2742 jn-

381 2774 530 2826 bent.
583 2768 714 2823 Eam
746 2781 871 2822 vero
895 2782 1073 2821 causa:
1104 2767 1558 2834 disijuisitionem,
1601 2782 1629 2819 a
1666 2766 1959 2834 provinciae

381 2861 652 2931 episcopis
704 2860 976 2925 omnibus,
1033 2869 1129 2913 aut
1184 2868 1331 2912 certe
1387 2859 1431 2912 si
1493 2858 1584 2927 qui
1644 2857 1959 2910 inltrmitate

381 2951 729 3017 valetudinis,
790 2959 883 3004 aut
940 2950 1133 3002 itinere
1189 2948 1520 3014 necessario,
1582 2950 1756 3001 aliave
1811 2950 1957 3015 justa

383 3060 545 3098 causa
597 3043 838 3113 impediti
894 3042 1053 3106 torte,
1107 3057 1231 3115 cum
1264 3041 1486 3109 reliquis
1523 3056 1628 3095 non
1662 3040 1955 3105 adfuerint,

302 3113 315 3129 ’
388 3151 417 3189 a
473 3137 717 3206 pluribus
775 3134 965 3190 haberi
1010 3113 1216 3188 volunt.
1311 3132 1479 3187 Porro
1534 3132 1671 3187 duas
1724 3132 1958 3203 synodos

394 3228 819 3303 singtilisaunis,
845 3230 987 3299 quod
1017 3240 1327 3283 sanctorum
1357 3243 1569 3297 quoque
1593 3228 1959 3296 apostolorum
1986 3202 2029 3261 θ

386 3336 595 3374 canone
626 3322 893 3375 sancitum
930 3318 1050 3384 fuit,
1100 3320 1154 3372 itt
1206 3334 1527 3389 unaquaque
1556 3318 1833 3387 provincia
1867 3332 1963 3371 ce-

387 3413 673 3466 lebrandas
702 3427 822 3465 esse
852 3412 1163 3465 decrevere.
1225 3410 1424 3463 Verum
1479 3410 1554 3463 illi
1604 3410 1821 3478 quidem
1869 3410 1959 3461 uni

388 3506 590 3573 synodo
642 3502 939 3566 habendae,
995 3514 1240 3569 quartam
1302 3500 1693 3555 Iiebdomadem
1764 3497 1962 3553 Pente-

387 3604 599 3659 costes;
654 3592 806 3645 alteri
837 3592 1333 3660 Hj'perberetzeum,
1381 3593 1483 3645 hoc
1530 3601 1633 3665 cst,
1676 3591 1961 3645 Octobrem

391 3698 631 3735 mensem
690 3684 1080 3751 praelinivere:
1141 3682 1315 3735 sancti
1375 3697 1499 3735 vero
1552 3682 1716 3749 hujus
1771 3681 1961 3750 synodi

389 3773 598 3839 Patres,
627 3784 837 3843 tempus
858 3785 1258 3829 commutavere
1282 3789 1379 3841 pro
1402 3782 1590 3842 quarta
1614 3775 1964 3828 Pentecostes

390 3866 723 3920 hebdomade
752 3879 874 3919 ante
906 3866 1385 3937 Quadragesimam
1412 3866 1672 3921 celebrari
1697 3868 1959 3936 synodum

391 3961 797 4012 decernentes:
856 3961 1080 4028 ejusque
1126 3960 1205 4012 rei
1256 3959 1542 4013 subdidere
1593 3975 1849 4014 causam:
1888 3959 1956 4015 L't

388 4052 586 4117 omnis,
606 4052 876 4122 inquiunt,
894 4052 1001 4122 65
1026 4052 1526 4123 situnltastollalur.
1546 4055 1789 4108 Alterum
1810 4070 1964 4107 nant-

390 4132 515 4208 que,
555 4143 645 4211 qui
692 4144 997 4196 immerenti
1047 4142 1150 4196 sibi
1197 4158 1410 4211 pcenam
1460 4144 1848 4214 segregationis
1878 4144 1959 4195 lu-

390 4234 588 4288 ﬂictatn
637 4250 758 4289 esse
796 4234 1090 4299 existimet,
1143 4236 1365 4288 omnino
1393 4236 1699 4305 segreganti
1734 4250 1961 4311 succcn-
1994 4236 1997 4237 ⁷

395 4342 517 4381 sere
543 4341 767 4380 necesse
791 4336 896 4379 est.
970 4325 1204 4379 Rursum
1243 4327 1334 4380 ubi
1361 4327 1766 4380 damnationem
1794 4328 1866 4387 ab
1897 4341 1962 4379 eo

391 4419 484 4488 qui
528 4430 836 4487 segregatus
874 4426 977 4484 est,
1025 4434 1134 4472 non
1188 4432 1344 4486 aequo
1392 4418 1574 4471 animo
1621 4420 1808 4481 latam,
1866 4417 1962 4472 sed

2023 1983 2030 1992 '
2058 1963 2531 2017 ίδίωνέπισκόπων
2551 1960 2968 2031 άφορισθέντας.
3005 1956 3158 2012 Ἐπεὶ
3189 1957 3245 2010 δέ
3267 1974 3436 2023 τινας
3468 1957 3667 2026 ἀφορί-

2055 2052 2241 2117 ζεσθαι
2267 2052 2340 2120 μὴ
2368 2050 2590 2111 δικαίως
2627 2049 2914 2119 συμϐαίνει
2935 2047 3025 2101 διά
3055 2046 3225 2117 θυμὸν
3251 2047 3398 2109 ἴσως
3441 2048 3547 2100 καὶ
3570 2064 3666 2116 μι-

2054 2144 2355 2215 κροψυχίαν
2386 2141 2479 2194 τοῦ
2504 2140 2888 2211 ἀφορίσαντος,
2915 2141 2949 2212 ἢ
2976 2139 3041 2192 δι’
3070 2139 3390 2209 ὲμπάθειάν
3421 2150 3575 2204 τινα,
3594 2138 3664 2209 ἣν

2059 2236 2152 2287 καὶ
2177 2236 2371 2303 ἀηδίαν
2400 2232 2672 2302 ὠνόμασε,
2710 2232 2800 2285 διά
2854 2229 3014 2284 τοῦτο
3041 2230 3132 2283 τὸν
3153 2230 3414 2301 παρόντα
3454 2232 3666 2284 κανόνα

2056 2326 2107 2379 οἱ
2136 2328 2275 2396 ἱεροὶ
2311 2324 2552 2393 Πατέρες
2581 2324 2848 2387 ἐξέθεντο,
2866 2320 3219 2387 ἐξετάζεσθαι
3245 2320 3663 2392 διαταξάμενοι

2053 2418 2179 2481 τοὺς
2202 2418 2560 2487 ἀφορισμοὺς,
2583 2418 2709 2469 ὅταν
2735 2415 2939 2487 δηλαδὴ
2958 2415 3008 2467 οἱ
3025 2415 3412 2485 ἀφωρισμέναι
3431 2414 3661 2468 αἰτιῶν-

2054 2527 2145 2562 ται
2164 2510 2287 2572 τοὺς
2316 2508 2708 2578 ἀφορίσαντας,
2759 2506 2833 2571 ὡς
2868 2506 3020 2577 παρά
3077 2506 3140 2558 τὸ
3171 2506 3395 2559 δίκαιον
3455 2508 3659 2578 ἀφορι-

2060 2602 2279 2663 σθέντες
2300 2616 2315 2630 ο
2348 2601 2449 2669 τὴν
2477 2599 2532 2651 δέ
2563 2598 2814 2663 ἐξέτασιν
2841 2598 2993 2669 παρά
3041 2597 3151 2651 τῶν
3193 2597 3530 2651 ἐπισκόπων
3555 2597 3659 2667 τῆς

2058 2695 2331 2765 ἐπαρχίας
2377 2691 2705 2762 γίνεσθαι,ἢ
2752 2691 2993 2755 πάντων,
3028 2689 3061 2761 ἢ
3107 2690 3218 2743 τῶν
3262 2689 3566 2750 πλειόνων.
3605 2687 3659 2743 ει

2057 2803 2209 2849 τινας
2240 2788 2316 2857 μὴ
2376 2786 2619 2838 συνιέναι
2647 2786 2757 2848 τοῖς
2785 2784 2994 2846 λοιποῖς
3018 2782 3314 2846 συμϐαίνει
3357 2782 3436 2835 δι’
3480 2780 3656 2837 datis-

2061 2894 2207 2929 νειαν
2244 2878 2394 2939 ἴσως,
2427 2877 2459 2947 ἦ
2490 2874 2797 2947 ἀναγκαίαν
2822 2875 3157 2944 ἀποδημίαν,
3188 2873 3223 2944 ἢ
3251 2873 3431 2943 ἄλλην
3465 2874 3656 2942 ἀπαρ-

2058 2969 2280 3037 αίτητον
2322 2943 2523 3021 αἰτίαν.
2582 2943 2837 3020 Γίνεσθαι
2868 2967 2923 3021 δέ
2963 2943 3217 3031 συνόδδυς
3242 2966 3373 3021 καθ’
3403 2967 3657 3035 ἑκάστην

2060 3058 2329 3129 ἐπαρχίαν
2361 3059 2635 3128 ὡρίσαντο
2688 3059 2768 3124 δὶς
2797 3058 2889 3112 τού
2921 3057 3197 3122 ἐνιαυτοῦ,
3230 3057 3380 3128 ὅπερ
3408 3058 3513 3111 καὶ
3538 3058 3653 3118 τοῖς

2062 3150 2239 3219 ἁγίοις
2265 3152 2586 3214 ἀποστόλοις
2616 3151 3020 3207 κεκανόνισται.
3063 3149 3203 3205 Ἀλλ’
3251 3151 3307 3203 oi.
3343 3151 3452 3220 μέν
3511 3150 3653 3206 κατὰ

2062 3244 2163 3315 τὴν
2192 3243 2464 3314 τετάρτην
2493 3241 2767 3311 ἑϐδομάδα
2800 3242 2896 3311 τῆς
2924 3241 3312 3311 Πεντηκοστῆς
3348 3241 3453 3313 τὴν
3514 3240 3650 3311 μίαν

2062 3338 2313 3405 γίνεσθαι
2347 3337 2457 3388 τῶν
2486 3335 2727 3390 συνόδων
2762 3322 3130 3399 ’διετάξαντοο
3190 3332 3296 3404 τὴν
3352 3335 3400 3388 δ’
3453 3333 3653 3417 ἑτέραν

2062 3430 2203 3482 κατά
2230 3429 2321 3481 τὸν
2392 3426 2845 3497 Ὑπερϐερεταῖον
2888 3427 3057 3496 μῆνα,
3090 3427 3258 3496 ἦγουν
3309 3427 3408 3480 τὸν
3442 3423 3645 3478 Ὀκτὼο

2064 3519 2255 3588 6ριον’
2286 3517 2337 3570 oi
2385 3517 2440 3569 δέ
2504 3519 2600 3586 τῆς
2669 3516 2888 3571 συνόδου
2935 3516 3141 3584 ταύτης
3191 3516 3347 3584 ἅγιοι
3402 3516 3651 3587 Πατέρες

2061 3612 2153 3661 τὸν
2216 3610 2316 3678 μὲν
2386 3609 2583 3679 καιρὸν
2641 3608 2979 3677 ἐνήλλαξαν,
3032 3609 3156 3661 ἀντὶ
3211 3608 3318 3677 τῆς
3372 3608 3646 3678 τετάρτης

2064 3698 2354 3768 ἑϐδομάδος
2381 3700 2480 3767 τῆς
2536 3699 2921 3768 Πεντηκοστῆς
2965 3698 3073 3767 πρὸ
3116 3698 3215 3766 τῆς
3280 3700 3644 3769 Τεσσαρακοο

2065 3789 2195 3857 στῆς
2220 3789 2506 3860 ὁρίσαντες
2532 3791 2629 3859 τὴν
2659 3789 2875 3843 σύνοδον
2905 3787 3188 3857 γίνεσθαι·
3214 3792 3311 3842 καὶ
3328 3791 3433 3860 τὴν
3466 3790 3643 3842 αἰτίαν

2062 3882 2340 3962 ἐπήγαγον
2364 3898 2377 3911 ·
2402 3882 2542 3947 Ἵνα,
2563 3881 2717 3949 φασὶ,
2741 3883 2875 3934 πᾶσι
2901 3880 3237 3951 μικροψυχία
3256 3883 3644 3952 περιαιρῆται.

2075 3971 2135 4023 ’0
2162 3973 2267 4040 γάρ
2302 3972 2537 4042 νομίζων
2576 3972 2652 4042 μὴ
2685 3972 3076 4043 προσηκόντως
3104 3973 3480 4043 ἀφορισθῆναι
3513 3971 3644 4025 πᾶν·

2063 4080 2170 4124 τως
2210 4063 2496 4117 λυπεῖσθαι
2537 4065 2720 4135 μέλλει
2751 4066 2892 4117 κατά
2940 4064 3034 4116 τοῦ
3084 4064 3515 4137 ἀφορίσαντοςοη
3551 4064 3645 4116 καὶ

2062 4160 2089 4209 ό
2120 4159 2387 4226 ἀφορίσας
2430 4156 2486 4209 δέ
2535 4155 2748 4209 ἀκούων
2807 4158 2881 4227 μὴ
2933 4156 3299 4226 εὐγνωμόνως
3350 4156 3644 4226 δεχόμενον

2061 4244 2152 4297 τὸν
2180 4244 2543 4311 ἀφορισθέντα
2568 4244 2629 4295 τὸ
2650 4244 2950 4313 ἐπιτίμιον,
2986 4244 3121 4296 ἀλλά
3149 4245 3644 4315 καταγογγύςοντα

2064 4332 2231 4385 αὑτοῦ
2268 4334 2367 4385 οὐκ
2408 4333 2635 4397 ἀπαθῶς
2673 4335 2809 4403 πρὸς
2862 4335 3025 4387 αὑτὸν
3072 4336 3433 4392 διακείσεται.
3487 4333 3645 4387 Οὕτω
3674 4360 3685 4377 ι

2062 4426 2118 4477 δέ
2148 4427 2284 4494 πρὸς
2312 4425 2574 4495 ἀλλήλους
2607 4427 2840 4495 ἐχόντων
2865 4427 3044 4480 αὐτῶν
3100 4428 3217 4489 πῶς
3244 4429 3312 4481 ἂν
3373 4440 3643 4497 προσενε·

392 4511 627 4580 querelis
677 4522 959 4579 exceptam
1016 4509 1183 4563 fuisse
1244 4520 1557 4580 segregator
1609 4507 1957 4570 inaudiverit,

2065 4517 2221 4589 χθείη
2261 4520 2321 4571 τὸ
2343 4518 2516 4590 δῶρον
2547 4518 2805 4609 καθαρῶς
2832 4519 2909 4590 τῷ
2957 4519 3114 4589 eeo;
3158 4521 3257 4574 Διά
3315 4520 3481 4573 τοῦτο
3535 4516 3642 4587 πρὸ

390 4603 497 4656 erit
547 4601 752 4656 homini
809 4618 913 4656 non
976 4600 1362 4654 amicissimus.
1449 4600 1524 4652 Ita
1574 4614 1703 4653 vero
1757 4597 1964 4653 affectis

394 4694 645 4761 utrinque
695 4693 991 4758 tuentibus,
1035 4707 1139 4760 qua
1190 4692 1399 4745 ratione
1446 4707 1641 4746 munus
1678 4690 1789 4745 Deo
1833 4708 1966 4761 puro

394 4784 687 4839 offeratur?
731 4782 969 4837 Proinde
996 4785 1220 4837 alterius
1248 4783 1464 4852 quidem
1496 4795 1619 4837 ante
1650 4786 1964 4852 Quadrage-

393 4875 608 4940 simam,
663 4873 886 4927 alterius
934 4888 1060 4926 vero
1111 4873 1354 4926 autumni
1405 4882 1645 4949 tempore
1700 4877 1859 4944 (nam
1911 4875 1963 4929 iu

392 4974 713 5016 autumnum
782 4959 1013 5015 October
1072 4958 1306 5030 incidit)
1386 4962 1574 5030 synodi
1636 4963 1965 5018 celebranda:

393 5054 509 5107 dies
533 5064 615 5105 eSt
647 5052 988 5107 constitutus.
1035 5050 1093 5105 ln
1123 5051 1343 5121 synodis
1369 5062 1547 5106 autem
1581 5054 1718 5119 istis,
1746 5064 1967 5110 contro-

393 5146 694 5198 versiarum
750 5142 1014 5209 ejusmodi
1066 5143 1457 5198 discussionem
1521 5146 1701 5201 induci
1760 5147 1962 5213 placet:

394 5249 639 5304 quosque
676 5235 961 5289 manifesto
1013 5246 1067 5289 et
1118 5237 1237 5291 sine
1284 5240 1652 5293 controversia
1708 5252 1964 5294 nocentes

398 5342 522 5381 esse
570 5327 877 5395 apparuerit
910 5326 1106 5397 (facile
1136 5328 1373 5397 namque
1400 5330 1512 5383 lieri
1538 5343 1734 5398 potest,
1781 5343 1840 5387 ut
1866 5333 1966 5384 ob-

392 5418 595 5485 jectuut
637 5418 704 5471 ab
737 5419 991 5488 episcopo
1022 5420 1248 5484 crimen,
1304 5421 1390 5472 ille
1417 5422 1504 5473 cui
1534 5422 1698 5475 multa
1734 5426 1965 5491 irrogata

396 5519 499 5573 est,
530 5512 830 5579 p‘erneget),
862 5520 1112 5579 tanquam
1145 5525 1211 5565 ex
1235 5511 1545 5579 prtescripto
1591 5514 1835 5578 rationis,
1864 5516 1964 5567 hoc

397 5610 482 5653 est
520 5600 641 5667 jure
672 5604 1049 5657 communione
1086 5603 1279 5669 privati
1308 5604 1375 5658 ab
1406 5605 1655 5659 omnibus
1692 5606 1968 5660 habebun—

396 5699 507 5755 tur,
559 5692 732 5747 donec
779 5695 1053 5764 episcopis
1108 5696 1360 5750 omnibus
1415 5699 1690 5754 communi
1741 5699 1966 5753 consdio

396 5785 685 5842 humanius
734 5784 937 5852 aliquid
984 5786 1052 5840 de
1084 5786 1151 5843 iis
1193 5796 1427 5843 statuere
1475 5787 1728 5855 placitum
1779 5787 1962 5843 fuerit.

2064 4611 2164 4680 τῆς
2214 4610 2683 4681 Τεσσαρακοστῆς
2718 4612 3047 4683 ᾠκονομήθη
3077 4614 3178 4683 τὴν
3227 4614 3364 4682 μίαν
3421 4612 3641 4665 σύνοδον

2065 4685 2332 4770 γίνεσθαι,
2363 4705 2462 4770 τὴν
2489 4702 2542 4754 δὲ
2574 4703 2768 4774 λοιπὴν
2804 4704 2949 4756 κατά
3003 4704 3065 4756 τὸ
3126 4706 3450 4775 μετόπωρον
3491 4718 3507 4734 ·
3548 4702 3639 4753 καὶ

2066 4798 2093 4846 ὁ
2135 4794 2464 4865 Ὀκτὼὅριος
2500 4794 2557 4845 δὲ
2603 4797 2710 4863 μὴν
2748 4795 2842 4846 τοῦ
2880 4795 3195 4866 μετοπώρου
3228 4798 3417 4865 Ιἐστίν.
3454 4795 3541 4848 Ἐν
3582 4792 3637 4843 δὲ

2065 4888 2181 4948 ταῖς
2206 4887 2447 4949 συνόδοις
2476 4886 2703 4951 ταύταις
2739 4887 3089 4952 ἐξετάζεσθαι
3119 4889 3188 4941 τά
3215 4867 3446 4942 τοιαῦτα
3468 4888 3636 4955 ζητῄ-

2069 4977 2571 5047 ματαριετάξαντυ,
2588 4978 2680 5029 καὶ
2706 4978 2754 5029 οί
2778 4978 3221 5050 ὁμολογουμένως
3251 4981 3345 5032 καὶ
3369 4979 3444 5048 μὴ
3472 4978 3629 5045 ἀμφιο

2068 5068 2237 5129 δόλως
2290 5068 2827 5138 προσκεκρουκότες·
2868 5070 3014 5133 εἰκὸς
3066 5071 3176 5138 γὰρ
3227 5073 3517 5141 ἀρνεῖσθαι
3546 5070 3635 5119 τὸν

2067 5161 2462 5229 ἐπιτιμηθέντα
2491 5161 2550 5210 τὸ
2571 5160 2721 5228 παρά
2758 5159 2851 5213 τοῦ
2886 5163 3186 5214 ἐπισκόπου
3217 5162 3366 5232 αύτῴ
3399 5166 3631 5228 ἐπεγκαο

2066 5250 2327 5319 λούμενον
2377 5251 2873 5321 ἀμάρτημα,κατά
2933 5252 3111 5321 λόγον,
3174 5254 3342 5325 ἧγουν
3388 5253 3636 5313 δικαίως,

2067 5344 2428 5412 ἀκοινώνητοι
2451 5343 2667 5396 ἔσονται
2698 5360 2849 5413 παρα
2882 5346 3039 5409 πᾶσι,
3077 5346 3270 5415 μέχρις
3311 5344 3380 5397 ἂν
3439 5339 3631 5399 κοινῶς

2065 5438 2177 5495 τοῖς
2210 5436 2532 5497 ἐπισκόποις
2554 5436 2682 5505 δόξῃ
2706 5437 3228 5508 φιλανθρωπότερόν
3269 5455 3321 5491 τι
3360 5435 3489 5509 περὶ
3537 5430 3627 5484 αὖα

2066 5523 2177 5574 τῶν
2206 5522 2614 5593 ἀποφήνασθαι.
2657 5525 2814 5577 Ἀλλά
2831 5527 2976 5579 εἴποι
3007 5544 3090 5591 τις
3119 5528 3185 5582 ἀν
3214 5542 3230 5558 ⁸
3264 5527 3387 5589 Πῶς
3406 5519 3626 5593 οὐχὶ,τίῖ³

2068 5615 2391 5685 ἀφορίσαντι
2439 5617 2665 5687 ἀνετέθη
2712 5619 2865 5687 παρά
2910 5618 3006 5673 τοῦ
3038 5622 3263 5685 κανόνος
3296 5623 3330 5692 ή
3385 5618 3559 5688 ψῆφος
3591 5613 3627 5678 ἡ

2068 5708 2209 5779 ὑπὲρ
2239 5707 2332 5759 τοῦ
2356 5711 2771 5778 ἀφορισθέντος,
2799 5713 2937 5765 ἀλλά
2961 5716 3040 5785 τῷ
3066 5717 3233 5789 κοινῷ
3261 5715 3369 5771 τῶν
3393 5706 3626 5765 ἐπισκόο·

2014 5864 2021 5873 κ
2070 5817 2219 5869 mou;
2272 5798 2514 5854 Τοῦτοδέ
2568 5798 2719 5873 οἶμαι
2780 5806 3051 5876 εἰρῆσθαι,
3101 5809 3230 5864 ὅταν
3291 5810 3320 5861 ὁ
3371 5800 3625 5871 ἀφορίσαι,
