4072 6386
430 351 528 420 241

1556 365 1643 425 1N
1670 365 1835 425 CAN.
1874 368 1921 428 V
1952 365 2163 431 CONC.
2203 366 2477 427 NICEN.
2523 367 2573 425 ῐ.

3573 368 3680 431 242

429 472 829 569 σκληρύνηται,
862 477 958 530 καὶ
989 476 1066 548 μὴ
1099 477 1235 551 ,θέλῃ
1270 480 1407 549 μετὰ
1441 482 1634 569 καιρδν
1697 481 1855 535 λῦσαι
1912 484 2001 534 τοῦ

2105 483 2222 537 iam
2261 502 2407 547 vero,
2448 484 2592 539 dicet
2614 484 2828 552 aliquis.
2856 499 2954 539 cur
2995 486 3060 537 ad
3092 484 3467 553 episcoporum
3499 484 3678 552 potius

429 565 715 635 ἐπιτιμίου
755 569 848 622 τὸν
891 569 1203 639 ἄνθρωπον,
1250 572 1282 643 ἢ
1333 573 1429 626 ἐὰν
1478 565 1612 636 ίσως
1651 576 1685 629 6
1733 575 2002 646 ἀφορίσας

350 703 360 722 γ
428 657 735 729 τελευτήσῃ
774 661 851 730 μὴ
875 660 1045 723 λύσας
1071 662 1161 715 τὸν
1214 660 1635 740 ἐπιτιμηθέντα.
1690 668 1827 720 Τότε
1892 668 2002 737 γὰρ

326 751 333 757 ’
428 747 732 820 ιξέσταιτῇ
766 752 992 823 συνόδῳ,
1042 754 1092 805 εί
1126 755 1311 826 συνίδῃ
1341 757 1434 809 τὸν
1468 759 1658 830 καιρὸν
1691 760 1782 812 τοῦ
1825 761 2001 814 ἐπιτι-

426 839 559 909 μίου
591 840 889 912 ἀρκοῦντα,
930 845 1029 897 καὶ
1077 846 1179 912 τὴν
1232 848 1522 917 μετάνοιαν
1587 850 1681 903 τοῦ
1745 853 2004 922 ἐπιτιμη-

426 930 635 996 θέντος,
671 932 939 1001 ἀνάλογον
962 935 1040 1005 τῷ
1072 937 1437 1008 ἁμαρτήματι
1485 939 1831 1009 ψηφίσασθαι
1858 942 1999 1013 ὑπὲρ

426 1022 615 1084 αὑτοῦ,
653 1024 748 1077 καὶ
767 1021 926 1079 λῦσαι
960 1025 1037 1096 τῷ
1063 1028 1334 1099 ἀνθρώπῳ
1374 1030 1435 1082 τὸ
1476 1018 1801 1100 ἐπιτίμιον,
1838 1035 1941 1086 κᾶν
1972 1036 2000 1087 6

424 1114 727 1179 ἐπίσκοπος
776 1117 942 1170 αὐτοῦ
978 1118 1239 1186 ἄτεγκτος
1273 1123 1409 1193 μένῃ
1440 1124 1535 1176 καὶ
1567 1124 1865 1188 ἀνένδοτος,
1893 1126 2000 1179 κᾶν

428 1203 642 1257 ὶπεὸίω
666 1208 857 1275 τυχόν.
902 1209 962 1264 Ὀ
999 1210 1099 1280 μὲν
1165 1212 1260 1266 οὖν
1287 1214 1398 1266 τῶν
1446 1215 1619 1283 ἁγίων
1670 1217 1989 1271 ἀποστόλων

430 1298 752 1364 τριακοστὸς
775 1300 1007 1372 ἕϐδομος
1040 1303 1243 1372 κανὼν,
1300 1308 1394 1360 καὶ
1445 1307 1473 1360 ὁ
1525 1306 1716 1378 παρὼν
1770 1309 1851 1373 δὶς
1902 1310 1997 1364 τοῦ

429 1385 583 1450 ἔτους
608 1387 992 1446 διατάττονται
1023 1395 1275 1462 γίνεσθαι
1310 1399 1567 1463 συνόδους
1592 1418 1607 1432 ·
1667 1403 1694 1454 ὁ
1723 1400 1779 1454 δὲ
1809 1400 1996 1469 ὁγδοος

428 1476 528 1547 τῆς
566 1479 958 1552 οίκουμενικῆς
994 1487 1213 1540 συνόδου
1242 1490 1499 1552 καινίσας
1532 1490 1695 1545 τοῦτο
1724 1492 1873 1557 ἅπαξ
1901 1494 1995 1545 τοῦ

410 1572 674 1640 ἐνιαυτοῦ
726 1574 1022 1643 διορίζεται
1073 1580 1131 1631 ἐν
1182 1581 1388 1653 ἑκάστῃ
1450 1585 1690 1655 ἐπαρχίᾳ
1746 1583 1996 1651 γίνεσθαι

429 1661 650 1718 σύνοδον
686 1667 795 1721 ἀπὸ
828 1669 922 1722 τοῦ
981 1672 1177 1742 Πάσχα
1221 1675 1418 1744 μέχρις
1467 1674 1590 1728 ὅλου
1652 1675 1746 1730 τοῦ
1783 1677 1995 1730 Ὀκτω-

429 1755 581 1826 Ξρίου
610 1761 801 1829 μηνὸς,
834 1763 893 1817 ἐν
923 1765 1075 1833 τόπῳ
1104 1765 1162 1819 ὃν
1184 1769 1212 1819 6
1232 1768 1332 1837 τῆς
1368 1771 1755 1838 μητροπόλεως
1813 1772 1989 1841 ὁρίσει

430 1846 738 1918 ἀρχιερεύς.
810 1853 952 1917 Τοὺς
1030 1855 1085 1909 δὲ
1143 1857 1219 1926 μὴ
1278 1861 1713 1929 συνερχομένους
1767 1862 1993 1916 ἐπισκό-

428 1955 562 2004 πους
592 1942 961 2011 ὑγιαίνοντας,
995 1949 1086 2001 καὶ
1122 1949 1491 2021 ἐνδημοῦντας
1529 1954 1648 2015 ταῖς
1684 1953 1865 2008 αὐτῶν
1899 1954 2001 2007 πό-

427 2039 566 2095 λεσι,
581 2035 676 2088 καὶ
696 2035 771 2106 μή
804 2053 927 2090 τινα
951 2039 1144 2109 ἑτέραν
1163 2042 1422 2110 ἀσχολίαν
1446 2042 1668 2110 εὔλογον
1694 2045 1787 2097 καὶ
1809 2046 1963 2115 ἀπαρ
1979 2074 1998 2085 -

428 2123 647 2193 ιίτητον
710 2126 953 2197 ἔχοντας,
983 2131 1287 2201 ἀδελφικῶς
1341 2133 1804 2202 ἐπιπλήττεσθαι·
1833 2136 2003 2205 ἤγουν

420 2215 572 2283 μετὰ
597 2219 903 2292 πραότητος
932 2222 1314 2293 ἐπιτιμᾶσθαι.
1349 2225 1467 2277 Νῦν
1505 2225 1638 2278 δὲτὸ
1687 2226 1795 2278 τῶν
1843 2227 2000 2279 συνό-

428 2308 531 2361 δων
607 2311 813 2366 τοῦτων
861 2314 1038 2386 πάντη
1093 2319 1578 2388 καταπεφρόνηται
1630 2318 1705 2379 ὡς
1730 2319 2001 2388 μηδέποτε

347 2474 351 2477 γ
428 2401 703 2468 γίνεσθαι.
772 2408 909 2477 Περὶ
969 2410 1263 2478 ἐπιτιμίων
1304 2410 1415 2463 τῶν
1448 2410 1522 2481 μὴ
1568 2412 2005 2481 ἀπαντησάντων

427 2496 485 2545 ἐν
514 2497 638 2559 ταῖς
668 2499 910 2563 συνόδοις
933 2500 1209 2569 ἀνάγνωθι
1246 2501 1342 2571 τῆς
1401 2503 1460 2555 ἐν
1517 2503 1850 2579 Καρθαγένῃ
1899 2520 2003 2556 κα-

428 2586 559 2641 νόνα
592 2597 701 2655 ος¹.
1890 2600 1891 2603 ‘

2105 589 2453 639 conventum,
2500 592 2659 643 quam
2692 580 2756 629 ad
2790 577 3100 644 episcopum
3147 576 3321 640 illum,
3369 576 3460 643 qui
3498 590 3681 644 segre-

2103 669 2336 735 gatiouis
2384 678 2585 733 auctor,
2624 667 2745 724 fuit.
2793 671 2859 721 de
2908 684 2971 720 eo
3001 670 3089 737 qui
3121 678 3437 737 segregatus
3471 677 3555 722 est
3580 670 3679 721 dei-

2102 763 2358 816 ee-rnendi
2391 761 2624 816 facultas
2657 761 2871 814 delata?
2930 760 3041 828 Ego
3081 775 3206 814 vero
3242 761 3291 813 id
3328 760 3397 813 ita
3445 760 3685 813 arbitror

2105 852 2505 919 accipiendum,
2562 861 2622 904 ut
2649 851 2859 917 quoties
2890 860 3079 904 auctor
3108 851 3513 920 segregatiouis-
3560 851 3685 920 cpi-1

2100 957 2300 1008 scapus
2352 942 2813 1011 mquorduriorem
2854 956 2911 996 se
2945 941 3203 1008 praebeat,
3229 956 3403 1009 neque
3450 942 3683 995 decursu

2103 1034 2362 1099 temporis
2392 1031 2662 1087 hominem
2694 1045 2850 1100 pteua
2879 1031 3140 1097 absolvat,
3192 1031 3271 1086 vel
3321 1032 3554 1084 nondum
3586 1032 3691 1084 ali-'

2098 1125 2276 1178 soluto
2304 1125 2782 1188 fortcvdeCesserit,
2816 1132 2942 1176 tunc
2960 1140 3118 1192 quem
3138 1134 3190 1176 et
3209 1124 3454 1192 supplicii
3470 1123 3684 1177 diutur-

2101 1217 2293 1277 nitate.
2325 1225 2379 1271 et
2400 1216 2585 1270 dolore
2610 1216 2799 1280 animi,
2833 1216 2969 1269 satis
2998 1228 3280 1282 ptenarum
3307 1229 3403 1282 pro
3434 1200 3677 1269 criminis

2101 1312 2308 1364 ratione
2349 1309 2564 1363 dedisse
2595 1308 2866 1377 cognitum
2902 1306 2994 1370 sit,
3050 1307 3174 1360 licet
3221 1307 3507 1375 episcopus
3556 1307 3678 1375 ejus

2099 1402 2451 1458 inexorabilis
2487 1410 2543 1457 et
2599 1401 2954 1469 implacabilis
3006 1408 3335 1469 perseveret,
3389 1406 3484 1451 aut
3536 1399 3683 1453 forte

2098 1495 2382 1550 defunctus
2410 1494 2503 1555 sit.
2548 1493 2614 1549 de
2645 1494 2734 1547 illo
2763 1491 3055 1554 statuendi,
3108 1491 3488 1563 hominemque
3516 1504 3679 1557 pena-

2097 1587 2406 1642 absolvendi
2437 1601 2603 1655 penes
2629 1587 2893 1656 synodum
2929 1584 3000 1638 sit
3037 1583 3286 1638 facultas.
3347 1580 3669 1636 Smctorum

2074 1679 2261 1749 igitur
2309 1677 2675 1747 apostolorum
2731 1692 2904 1731 canon
2969 1676 3277 1730 tricesimus
3332 1673 3682 1742 septimuset

2095 1785 2339 1841 prmsens
2386 1771 2471 1824 bis
2516 1770 2805 1840 quotannis
2852 1769 3126 1823 habendas
3168 1781 3287 1820 esse
3316 1765 3551 1835 synodos
3581 1765 3679 1817 de-

2098 1870 2350 1917 cernunt.
2404 1859 2638 1916 Octavus
2679 1872 2856 1914 autem
2884 1868 3051 1913 sexta:
3084 1856 3435 1912 mcnmenit‘a!
3487 1853 3688 1925 synodi

2101 1954 2205 2010 bac
2233 1953 2515 2011 immutata
2547 1952 2933 2008 constitutione
2974 1949 3214 2005 decernit
3256 1946 3424 2003 semel
3458 1946 3511 1999 iu
3547 1958 3680 1997 una-

2100 2060 2317 2115 quaque
2366 2044 2668 2114 provincia,
2731 2042 2957 2113 singulis
3013 2042 3193 2105 annis,
3251 2048 3491 2105 tempore
3536 2034 3687 2103 quod

2104 2138 2246 2192 intra
2280 2137 2499 2193 Pascha:
2547 2138 2807 2192 solemnia
2854 2137 2919 2190 ad
2955 2135 3239 2191 Octobrem
3290 2144 3466 2199 usque
3495 2136 3680 2183 extre-

2097 2245 2246 2283 mum
2271 2229 2580 2293 intercedit,
2609 2228 2729 2282 loco
2758 2241 2888 2281 vero
2917 2240 3004 2289 eo,
3038 2239 3198 2294 quem
3232 2216 3685 2286 metropolitanus

2096 2321 2345 2391 elegerit,
2394 2319 2656 2390 synodum
2694 2318 2902 2371 haberi.
2959 2316 3062 2381 Qui
3108 2327 3241 2370 vero
3270 2309 3526 2380 episcopi,
3576 2321 3683 2361 nec

2098 2412 2404 2466 valetudine
2463 2409 2725 2479 impediti,
2771 2424 2870 2463 nec
2910 2424 2939 2461 a
2990 2406 3107 2462 suis
3152 2404 3376 2459 urbibus
3411 2412 3678 2456 terrarum

2100 2502 2290 2572 spatiis
2318 2499 2595 2568 disiuncti,
2637 2515 2736 2555 nec
2765 2499 2872 2554 alia
2900 2498 3066 2567 iusta,
3117 2492 3487 2550 necessariave
3514 2504 3679 2543 occu-

2094 2584 2323 2665 patione
2385 2594 2590 2649 detenti
2648 2592 2942 2667 convenire
3004 2586 3372 2659 neglexerint,
3440 2580 3678 2635 fraterne

424 2683 650 2750 corrigi,
700 2686 804 2741 hoc.
846 2696 931 2743 est
975 2689 1079 2744 leni
1124 2689 1591 2747 animadversione
1626 2692 1803 2762 puniri
1841 2692 2017 2762 jubet.
2058 2691 2269 2749 Nostris
2332 2706 2462 2747 vero
2488 2689 2820 2758 temporibus
2853 2698 2964 2742 tota
2994 2687 3108 2740 haec
3141 2682 3470 2756 synodorum
3539 2672 3680 2728 ratio

423 2787 668 2842 conisque
709 2777 1020 2848 negligitur,
1074 2789 1132 2834 ut
1186 2782 1432 2850 uuspiam
1483 2782 1848 2839 celebrentur.

423 2863 550 2919 vide
587 2880 708 2934 syn.
737 2866 925 2923 Cartb.
960 2884 1083 2925 can.
1121 2870 1210 2924 76.

421 2988 652 3048 ΑΡΙΣΤ.
687 2991 755 3043 Ol
782 2989 855 3053 ἐξ
907 2988 1128 3059 ἐτέρων
1160 2989 1567 3061 ἀφοριζόμενοι
1618 2993 1726 3063 ὑφ’
1783 2994 2031 3067 ἑτέρων,

488 3081 582 3153 μὴ
632 3082 1213 3151 προσδεχέσθωσαν,
1243 3084 1410 3151 πλὴν
1440 3088 1491 3139 ει
1538 3086 1626 3155 μὴ
1656 3086 1752 3140 διὰ
1798 3102 2002 3153 μικρο-

491 3176 751 3245 ιεςιιυχίαν,
787 3175 825 3243 ἢ
850 3177 1249 3244 φιλονεικίαν,
1294 3176 1333 3244 ἤ
1360 3195 1412 3231 τι
1442 3174 1674 3231 τοιοῦτο
1707 3216 1722 3238 ,
1782 3180 1814 3230 d
1852 3178 2002 3245 dgao-
2030 3207 2075 3267 ε

481 3267 705 3336 ρισμός
724 3267 962 3337 γέγονε·
994 3270 1211 3323 τούτου
1262 3271 1373 3338 γὰρ
1429 3270 1638 3323 ἕνεκεν
1689 3269 1801 3339 (48)
1829 3268 2003 3333 ἔδοξε

490 3360 596 3424 δίς
625 3358 735 3412 τοῦ
761 3359 940 3425 ἔτους
992 3362 1123 3412 καθ’
1158 3359 1431 3425 ἑκάστην
1463 3358 1761 3427 ἐπαρχίαν
1812 3358 1999 3411 σύνο-

488 3453 609 3507 δον
631 3453 910 3522 τίνεσθαι
931 3453 1118 3520 ’μίαν
1148 3451 1266 3521 μὲν
1319 3452 1433 3519 πρὸ
1468 3451 1580 3518 τῆς
1635 3452 2004 3516 Τεσσαρακο-

487 3541 675 3611 στῆς,
707 3542 921 3611 ἑτέραν
941 3541 1011 3595 δὲ
1041 3542 1175 3610 περὶ
1205 3541 1271 3595 τὸ
1296 3544 1668 3612 μετόπωρον.

492 3660 608 3723 Δεῖ,
648 3657 791 3711 κατά
817 3658 918 3726 τὴν
944 3657 1267 3729 παροιμίαν,
1284 3658 1376 3711 τὸν
1393 3660 1679 3728 τρώσαντα
1700 3658 2003 3725 ἐπαγαγεῖν

420 3754 522 3806 καὶ
548 3753 645 3822 τὴν
688 3750 865 3804 ίασινν
899 3751 995 3802 καὶ
1042 3749 1116 3821 μὴ
1148 3751 1237 3802 τὸν
1270 3750 1373 3802 ὑπὸ
1420 3749 1513 3802 τοῦ
1550 3751 1680 3804 ἰδίου
1703 3751 2001 3803 ἐπισκόπου

428 3843 814 3911 ἀφορισθέντα,
852 3840 941 3909 ὑφ’
979 3842 1181 3910 ἐτέρων
1207 3840 1611 3910 παραδεχθῆναι
1635 3838 2004 3905 ἀνεξετάστως

440 3935 608 3998 οὕτω,
637 3937 721 3988 καὶ
748 3935 921 4006 χωρὶς
952 3934 1339 4004 συζητὴσεωςο
1371 3933 1507 3986 ἀλλά
1535 3932 1634 4004 τὴν
1676 3925 1855 3985 αίτίαν
1906 3932 2001 3985 τοῦ

443 4025 736 4095 ἀφορισμοῦ
799 4022 1271 4092 κατασκέψασθαι,
1329 4024 1541 4094 μήποτε
1613 4022 1714 4075 οὐκ
1764 4022 2003 4088 εὐλόγως

442 4117 710 4189 ἑπηνέχθη
738 4120 768 4172 6
802 4104 1108 4186 ἀφορισμός
1130 4131 1145 4145 ⁶
1192 4115 1292 4168 οὐκ
1318 4116 1382 4167 ἐκ
1417 4110 1803 4191 μικροψυχίας,
1839 4112 1872 4182 ἢ
1908 4113 2001 4181 φί-

433 4211 716 4283 λονεικίας,
778 4210 812 4282 ἦ
862 4210 1053 4279 ἐτέρας
1101 4209 1246 4270 τινὸς
1295 4208 1489 4276 ἀηδίας
1531 4206 1625 4260 τοῦ
1676 4206 1997 4260 ἐπισκόπου.

430 4305 552 4357 Ἵνα
582 4304 715 4371 γοῦν
753 4304 894 4374 μήτε
930 4304 978 4355 οἱ
1009 4302 1418 4371 ἀφοριζόμενοι,
1454 4298 1528 4363 ὡς
1556 4299 1770 4369 ἔτυχεν,
1802 4297 2001 4368 ἀφορί-

426 4398 653 4463 ζωνται,
679 4398 814 4467 μήτε
837 4395 889 4447 οἱ
920 4394 1271 4463 ἀφορίζοντες
1306 4393 1502 4454 αὐτοὺς
1528 4393 1811 4445 ἐπίσκοποι
1839 4407 2003 4443 κατα-

428 4488 766 4556 φρονῶνται,
796 4485 1000 4556 ἐτέρων
1036 4484 1261 4545 τούτους
1321 4483 1638 4536 ἐπισκόπων
1694 4482 1994 4552 παραδεχο-

427 4579 609 4648 μένων
656 4576 1048 4642 ἀνεξετάστως,
1081 4574 1163 4636 δ¹ις
1205 4572 1307 4625 τοιῖ
1372 4572 1526 4635 ἔτους
1579 4570 1702 4625 καθ’
1760 4572 2000 4641 ἑκάστην

422 4673 706 4743 ἐπαρχίαν
736 4668 957 4723 σύνοδον
1003 4667 1254 4735 γίνεσθαι
1280 4668 1343 4735 τῇ
1392 4665 1525 4735 ἁγίᾳ.
1575 4665 1749 4736 ταύτῃ
1797 4664 2002 4733 συνόδῳ

418 4763 639 4830 ἔδοξεν·
674 4762 785 4814 κῖνα
819 4761 971 4827 κοινῇ
1004 4757 1197 4827 γνώμῃ
1252 4756 1473 4810 πάντων
1515 4755 1629 4808 τῶν
1684 4755 2000 4806 ἐπισκόπων

420 4858 529 4925 τῆς
569 4855 740 4925 αὐτῆς
774 4851 1042 4921 ἐπαρχίας
1075 4850 1186 4902 πᾶν
1249 4849 1471 4918 ζήτημα
1533 4847 1996 4925 ἐκκλησιαστικὸν

418 4922 526 5004 καὶ
555 4922 706 5000 πᾶσα
735 4943 1040 5013 ἀμφιϐολία
1067 4942 1262 5012 λύηται
1285 4957 1300 4971 ·
1354 4939 1537 5002 καθὼς
1594 4941 1689 4992 καὶ
1747 4940 1775 4991 6
1800 4922 1877 5003 λζ’
1898 4956 1999 4991 κα-

421 5036 535 5089 νὼν
569 5034 677 5085 τῶν
732 5032 902 5099 ἁγίων
959 5030 1272 5082 ἀποστόλων
1326 5026 1656 5097 διαγορεύει.
1706 5027 1874 5097 Πλὴν,
1924 5026 2001 5089 ὡς

424 5127 611 5179 ἐκεῖσε
644 5124 988 5194 ἐγράψαμεν,
1036 5121 1063 5174 6
1108 5119 1289 5188 ὄγδοος
1319 5120 1501 5173 κανὼν
1526 5121 1619 5190 τῆς
1664 5120 1720 5172 ἐν
1744 5117 2001 5188 Τρούλλῳ

423 5219 597 5282 ἕκτης
632 5216 849 5270 συνόδου
877 5213 972 5267 καὶ
1003 5216 1031 5267 6
1056 5214 1215 5274 ἕκτος
1247 5210 1349 5279 τῆς
1380 5213 1437 5262 ἐν
1469 5212 1672 5281 Νικαίᾳ
1720 5211 1779 5263 τὸ
1816 5209 2001 5263 δεύτε-

428 5327 528 5381 ρον
558 5308 646 5363 διὰ
684 5309 782 5379 τὴν
810 5306 1102 5376 συντριὸὴν
1152 5300 1248 5358 καί
1293 5303 1355 5357 τὸ
1412 5302 1606 5366 ἐνδεῶς
1663 5305 1809 5377 ἔχειν
1862 5303 1999 5374 πρὸς

425 5401 739 5472 ὁδοιπορίαν
764 5400 890 5463 τοὺς
920 5395 1450 5468 συναθροιζομένους
1472 5396 1808 5457 ἐπισκόπους
1853 5395 2001 5460 ἅπαξ

1963 2785 2037 2839 De
2075 2784 2290 2840 illorum
2316 2798 2446 2839 vero
2468 2768 2645 2853 poenis
2672 2780 2765 2850 qui
2796 2779 2862 2833 ad
2888 2776 3127 2849 synodos
3155 2790 3258 2828 non
3299 2766 3679 2828 convenerint,

2108 2988 2339 3044 ARIST.
2395 2987 2472 3043 Ab
2503 2985 2626 3039 aliis
2655 2982 3093 3038 excommunicati
3135 2978 3199 3032 ab
3248 2980 3369 3031 aliis
3407 2993 3469 3031 ne
3506 2960 3678 3029 suscié

2121 3084 2413 3149 ppiantur,
2477 3080 2577 3132 nisi
2622 3093 2715 3145 per
2762 3073 3271 3143 pnsillanimitatem,
3322 3080 3414 3123 aut
3463 3081 3680 3124 conten-

2178 3174 2390 3233 tionem,
2437 3178 2526 3222 aut
2555 3168 2677 3231 quid
2706 3164 3003 3219 istiusmodi
3031 3162 3495 3216 excommunicalio
3534 3163 3679 3232 facta

2174 3264 2264 3317 sit.
2325 3261 2622 3329 Eapropter
2649 3259 2787 3312 enim
2829 3258 2995 3311 visum
3038 3265 3134 3315 est,
3181 3262 3239 3307 ut
3280 3257 3355 3309 bis
3394 3257 3677 3325 quotannis

2175 3360 2231 3412 in
2279 3371 2591 3426 unaquaque
2635 3354 2904 3421 provincia
2951 3352 3181 3421 synodus
3213 3349 3516 3413 celebretur,
3570 3365 3679 3402 una

2171 3449 2381 3516 quidem
2425 3457 2547 3501 ante
2591 3444 3059 3514 Quadragesimam
3166 3441 3335 3495 altera
3384 3443 3528 3495 circa
3574 3426 3679 3493 au-

2177 3554 2442 3596 tumnum.

2175 3653 2420 3723 Oportet.
2456 3662 2516 3707 ut
2542 3651 2618 3704 ait
2650 3650 3013 3718 proverbium,
3042 3646 3413 3715 vulnerantem
3446 3643 3679 3709 adjicere

2104 3756 2159 3801 et
2205 3746 2491 3808 medelam,
2542 3754 2596 3798 et
2644 3758 2746 3797 nou
2781 3757 2809 3795 a
2840 3740 3056 3809 proprio
3087 3739 3341 3808 episcopo
3369 3752 3679 3791 excommu-

2104 3840 2339 3894 nicatum
2374 3836 2710 3904 inexplorate
2740 3836 2873 3887 adeo
2910 3844 2963 3884 et
3006 3833 3121 3886 sine
3165 3831 3416 3885 examine
3456 3832 3524 3882 ab
3558 3829 3678 3883 aliis

2104 3932 2335 3997 admitti,
2363 3932 2453 3986 sed
2482 3930 2533 3983 in
2561 3926 3136 3982 excouimunicationis
3160 3939 3377 3978 causam
3406 3922 3678 3991 inquirere
3726 3984 3729 3987 _

2105 4039 2172 4076 ue
2224 4021 2363 4075 forte
2401 4018 2599 4087 injuste
2634 4017 2780 4069 illata
2820 4016 2891 4069 sit
2938 4012 3443 4071 excommunicatio.
3493 4024 3563 4064 ne
3612 4024 3679 4063 ex

2104 4113 2547 4184 pusillanimilate
2578 4148 2593 4172 ,
2636 4117 2731 4161 aut
2785 4106 3151 4169 contentione,
3205 4111 3297 4155 aut
3337 4103 3440 4154 alia
3496 4101 3678 4167 aliqua

2103 4202 2342 4274 episcopi
2374 4200 2688 4255 acerbitate.
2746 4195 2817 4251 Ut
2852 4199 3032 4261 itaque
3075 4208 3172 4247 nec
3202 4188 3675 4253 excommunicati,

2103 4308 2164 4352 ut
2189 4296 2487 4363 contingat,
2542 4289 3102 4352 excomniuuicentur,
3153 4299 3253 4339 nec
3302 4283 3393 4352 qui
3445 4296 3538 4335 eos
3583 4295 3681 4333 ex-

2104 4386 2573 4441 colnmunicarunt
2593 4389 3009 4435 contemnantur
3027 4376 3285 4444 episcopi,
3321 4377 3443 4428 dum
3472 4371 3559 4424 alii
3585 4386 3678 4424 eos

2104 4476 2340 4547 episcopi
2389 4475 2507 4530 sine
2540 4474 2790 4530 examine
2819 4472 3135 4533 admittunt,
3183 4475 3385 4521 sanctae
3429 4465 3550 4517 huic
3582 4477 3676 4531 sy.

2030 4554 2079 4613 Ῑ)
2107 4571 2247 4626 nodo
2276 4570 2357 4623 bis
2383 4567 2669 4636 quotannis
2694 4565 2744 4618 in
2768 4577 3090 4631 unaquaque
3112 4556 3386 4628 provincia
3410 4553 3675 4622 synodum

2109 4661 2297 4719 haberi
2352 4662 2524 4714 visum
2573 4669 2688 4723 est,
2752 4665 2810 4723 ut
2854 4653 3124 4710 con‘nuuni
3187 4651 3424 4705 omnimn
3477 4648 3529 4701 in
3576 4647 3676 4699 ista
3750 4698 3755 4709 _

2108 4754 2385 4825 provincia
2445 4746 2823 4820 episcoporum
2875 4744 3185 4808 sententia,
3236 4741 3413 4794 omnis
3451 4737 3676 4807 quaestio
3750 4778 3783 4787 _.

2106 4843 2473 4901 ecclesiastica
2516 4852 2571 4897 et
2618 4839 2987 4895 controversia
3035 4836 3215 4891 omnis
3256 4831 3673 4887 determinelur:
3750 4830 3763 4849 "

2107 4949 2166 4993 ut
2194 4949 2245 4991 et
2277 4939 2343 4993 57
2370 4953 2540 4990 canon
2571 4945 2876 4989 sanctorum
2905 4932 3270 5001 apostolorum
3317 4927 3500 4982 edicit.
3567 4924 3675 4977 Sed

2104 5042 2158 5084 ut
2189 5031 2259 5083 ibi
2292 5029 2631 5098 scripsimus,
2682 5036 2905 5080 octavus
2947 5033 3112 5079 sexta:
3152 5021 3340 5090 synodi
3390 5020 3446 5073 in
3492 5016 3674 5095 Trullo

2103 5137 2301 5183 canon,
2348 5130 2401 5173 et
2447 5129 2632 5173 sextus
2677 5117 2907 5171 Niczenze
2948 5114 3197 5169 secunda:
3240 5111 3308 5166 ob
3347 5109 3671 5170 molestiam,

2105 5225 2160 5269 et
2203 5213 2349 5283 quod
2407 5212 2789 5266 insuliicieutes
2838 5211 2945 5264 sint
2987 5210 3052 5263 ad
3107 5207 3206 5261 tale
3263 5203 3670 5273 suscipiendum

2108 5307 2209 5360 iter
2236 5304 2544 5373 congregati
2598 5302 2860 5372 episcopi,
2904 5300 3069 5356 semel
3102 5296 3392 5368 quotannis
3438 5296 3489 5347 in
3535 5309 3671 5345 una-
3720 5306 3721 5309 ‘

2106 5411 2319 5466 (tuaque
2357 5394 2632 5465 provincia
2667 5394 2778 5448 fieri
2811 5392 3075 5463 synodum
3126 5390 3500 5449 decreverunt,
3554 5382 3673 5436 loco

1668 5574 1853 5634 Guill.
1882 5575 2205 5652 Beveregii
2240 5582 2428 5638 notae.

494 5734 612 5803 (ιει
643 5734 869 5789 Τούτου
917 5730 1027 5801 τὰρ
1051 5731 1284 5785 ἕνεκεν.
1332 5728 1459 5784 Ηαιο
1515 5744 1686 5803 usque
1722 5732 1786 5803 ad
1817 5730 2003 5803 ﬁnem

421 5799 654 5862 canonis
696 5806 751 5860 in
805 5799 1192 5868 bac'Aristeni,
1251 5816 1459 5856 necnon
1511 5799 1782 5858 Simeouis
1815 5800 1986 5871 Lugo-

2093 5730 2276 5856 dtheta:
2300 5730 2556 5798 epitome.
2589 5737 2645 5781 ut
2678 5726 2727 5781 in
2753 5724 2962 5781 Justelli
2981 5705 3302 5779 bibliotheca
3332 5719 3502 5783 edita,
3528 5715 3667 5771 desi-

2132 5811 2372 5856 crantut‘.

2132 5811 2372 5856 οιιιηιυι.
