4072 6374
582 350 696 416 263

1804 353 1909 412 ΤΗ
1917 351 2088 413 ΕΟΙ).
2122 350 2523 412 BALSAMON

3712 350 3820 414 264

657 460 845 515 BALS.
905 457 1148 515 Novatus
1195 461 1288 516 ille
1328 470 1445 517 erat
1476 461 1844 516 Romanorum
1889 463 2139 516 Ecclesiae

2314 463 2510 517 ΒΑΛΣ.
2541 462 2599 515 Ὀ
2611 462 2860 525 Ναυᾶτος
2877 462 3082 522 ἐκεῖνος
3101 459 3472 532 πρεσϐύτερος
3488 455 3558 531 ἦν
3581 461 3682 530 τῆς
3705 462 3822 514 τῶν

583 554 885 622 presbyter,
916 561 967 604 ut
993 551 1180 604 scribit
1198 551 1459 605 Eusebius
1483 551 1766 620 Pamphili.
1803 551 1938 605 Cum
1965 563 2144 604 autem

584 641 727 694 facta
783 650 926 692 esset
971 639 1316 707 persecutio,
1372 649 1425 690 et
1474 638 1624 690 multi
1680 648 1898 705 propter
1947 647 2146 690 metum

587 731 777 786 mortis
810 730 941 798 lapsi
973 738 1173 793 essent,
1206 739 1258 782 et
1291 729 1656 798 pmnitentiam
1696 738 1937 795 agerent,
1973 730 2088 796 ipse
2118 745 2146 780 a

584 821 832 876 dannoue
858 819 1094 880 inﬂatus,
1119 834 1214 872 eos
1241 819 1455 873 nolebat
1484 819 1789 872 admittere.
1840 817 1944 872 Sed
1977 834 2149 886 neque

582 931 705 968 cum
736 913 982 979 digamis,
1005 913 1170 980 utqui
1194 921 1338 964 esset
1373 912 1482 978 ipse
1524 913 1827 976 continens,
1851 912 2149 964 communi-

577 1004 760 1059 cabat.
786 1004 884 1068 Qui
912 1017 1039 1068 ergo
1059 1003 1243 1055 eadem
1263 1011 1421 1072 atque
1441 1001 1552 1072 69
1570 1005 1668 1058 iste
1695 1004 2020 1066 sentiebant,
2043 1001 2149 1054 No-

584 1097 784 1148 vatiani
825 1094 1114 1155 dicuntur,
1164 1104 1218 1146 et
1255 1107 1352 1161 per
1391 1095 1617 1147 ironiam
1654 1093 1907 1163 καθαροὶ,
1947 1093 1999 1146 id
2042 1103 2146 1156 est,

584 1187 727 1256 puri.
793 1185 1058 1251 Quoniam
1107 1195 1286 1237 autem
1338 1187 1542 1256 synodo
1591 1185 1774 1240 Roma:
1820 1187 2000 1239 habita
2049 1185 2149 1238 sub

576 1277 833 1333 Cornelio
883 1290 1018 1343 papa
1077 1275 1436 1330 Romanorum
1493 1275 1785 1339 Ecclesia,
1852 1279 2150 1344 imperante

585 1369 766 1432 Decio,
787 1365 1133 1419 anathemate
1153 1381 1438 1434 percussus
1463 1379 1545 1421 est
1573 1365 1830 1430 Novatus,
1851 1379 1904 1420 et
1924 1369 2012 1437 qui
2033 1366 2150 1434 ejus

586 1462 832 1515 haeresim
863 1459 1246 1530 sequebantur,
1275 1460 1404 1514 dicit
1429 1477 1601 1515 canon
1639 1461 1781 1530 quod
1813 1461 1856 1514 si
1890 1459 2049 1528 aliqui
2082 1477 2147 1517 ex

584 1553 651 1606 iis
683 1569 805 1607 cum
836 1554 1045 1607 sincera
1079 1553 1389 1622 poenitentia
1436 1567 1465 1604 ε
1502 1567 1598 1606 sua
1631 1552 1972 1618 improbitate
2006 1550 2152 1605 defe-

577 1644 780 1706 cerint,
810 1652 862 1696 et
900 1659 958 1697 se
991 1644 1270 1698 catholicae
1311 1643 1562 1698 Ecclesia:
1596 1645 1809 1698 decreta
1838 1653 2148 1700 servaturos

581 1736 989 1797 aiiirmaverint,
1018 1735 1383 1805 suscipientur
1429 1753 1443 1786 :
1495 1743 1548 1788 et
1575 1737 1618 1789 si
1647 1737 1755 1788 sint
1787 1736 2002 1803 quidem
2039 1736 2146 1790 cle-

586 1829 708 1891 rici,
747 1828 988 1896 proprios
1020 1827 1224 1897 gradus
1256 1829 1551 1891 habebunt,
1583 1838 1640 1880 ut
1670 1827 1760 1896 qni
1790 1841 1896 1881 non
1927 1828 2069 1896 quod
2095 1828 2146 1881 in

579 1921 683 1975 ilde
709 1932 928 1983 errent,
970 1921 1062 1974 sed
1099 1919 1297 1974 fratres
1329 1919 1454 1973 odio
1484 1918 1750 1984 habeant,
1788 1924 2147 1974 condemnen-

578 2024 686 2067 tur.
744 2012 800 2066 Si
828 2021 1007 2066 autem
1039 2012 1398 2082 episcopalem
1428 2013 1742 2081 dignitatem
1782 2012 2053 2075 habeant,
2100 2014 2144 2066 si

576 2105 668 2156 alii
713 2104 1054 2158 inveniantur
1099 2103 1338 2174 episcopi
1381 2103 1432 2154 in
1484 2103 1740 2172 regione,
1795 2103 1848 2158 in
1893 2120 1996 2173 qua
2042 2103 2144 2172 ipsi

574 2195 732 2249 electi
764 2203 908 2257 sunt,
931 2195 1035 2265 ipsi
1063 2195 1277 2262 quidem
1308 2193 1438 2247 nihil
1465 2195 1767 2264 episcopale
1784 2199 2142 2250 exercehimt:

575 2287 670 2340 sed
705 2286 1009 2354 providebit
1029 2286 1314 2354 episcopus
1345 2293 1406 2338 ut
1433 2286 1516 2339 vel
1544 2285 1617 2339 illi
1647 2281 1820 2340 solum
1843 2287 2148 2356 episcopale

576 2392 772 2429 nomen
817 2377 1090 2440 habeant,
1140 2380 1223 2432 vel
1265 2379 1370 2431 alio
1416 2378 1631 2431 nomine
1673 2377 2028 2446 appellentur.
2087 2379 2142 2432 Si

575 2477 756 2521 autem
789 2483 894 2520 non
925 2467 1034 2520 sint
1070 2468 1122 2520 in
1150 2482 1210 2522 ea
1241 2469 1461 2538 regione
1492 2467 1753 2536 episcOpi,
1797 2469 1898 2538 ipsi
1927 2483 2145 2539 quoque

575 2560 942 2628 episc0patnm
967 2553 1446 2614 administrabunt.
1486 2559 1618 2614 Illud
1641 2570 1844 2624 autem,
1873 2559 1926 2614 in
1953 2561 2145 2629 quibus

572 2661 629 2704 et
659 2658 869 2719 tempus
892 2649 1246 2704 constitutum
1270 2658 1373 2716 est,
1398 2660 1450 2705 et
1467 2652 1840 2721 opportunitas
1859 2652 2142 2721 praeﬁnita,

574 2740 642 2794 de
673 2740 738 2794 iis
774 2741 862 2809 qui
920 2751 1162 2811 tempore
1196 2743 1592 2811 persecutionis
1620 2742 1752 2812 lapsi
1782 2751 1940 2810 sunt,
1986 2753 2040 2801 et
2080 2747 2145 2800 de

573 2832 820 2902 digamis,
859 2831 1059 2887 dictum
1089 2845 1212 2889 est:
1242 2836 1337 2890 sed
1362 2843 1416 2890 et
1443 2837 1622 2891 clerici
1659 2876 1675 2901 ,
1728 2848 2011 2908 postquam
2054 2855 2144 2894 su-

574 2923 744 2995 scepti
778 2924 1148 2988 luerint,tunc
1184 2925 1330 2982 clero
1373 2932 1907 2985 connumerabuntur
1945 2932 1996 2986 in
2034 2947 2143 3002 quo

573 3015 723 3082 prius
757 3015 990 3070 ordinati
1031 3014 1270 3081 fuerant,
1321 3019 1536 3088 quando
1567 3021 1678 3089 pro
1723 3020 1789 3075 iis
1835 3021 1925 3077 alii
1954 3022 2137 3078 clerici

2261 553 2545 622 Ῥωμαίων
2569 550 2916 621 Ἑκκλησίας,
2943 548 3121 612 καθὼς
3145 551 3346 618 ἱστορεῖ
3370 552 3397 603 ὁ
3418 550 3509 603 τοῦ
3530 551 3820 620 Παμφίλου

2249 639 2524 703 Εὐσέϐιος.
2559 641 2855 710 Γενομένου
2919 641 2977 692 δὲ
3005 639 3247 707 διωγμοῦ
3275 642 3368 691 καὶ⁵
3399 639 3610 691 πολλῶν
3641 657 3822 709 παραα-

2248 731 2612 784 πεπτωκότων
2647 731 2734 783 διὰ
2783 730 2946 798 φόϐον
2981 731 3229 792 Θανάτου,
3267 731 3359 783 καὶ
3387 729 3826 799 μετανοούντων,

2249 824 2444 886 αὐτὸς,
2505 823 2611 876 ὑπὸ
2641 823 2738 874 τοῦ
2777 821 3027 891 δαίμονος
3080 823 3461 890 φυσιούμενος,
3485 823 3642 898 ἡθελε
3691 821 3826 875 τού-

2247 930 2372 976 τους
2431 915 2506 984 μὴ
2576 915 3010 984 παραδέχεσθαι,
3080 913 3196 966 ἀλλ’
3245 914 3369 970 οὐδὲ
3425 915 3679 982 διγάμοις
3740 914 3828 978 ὡς

2245 1005 2403 1073 δῆθεν
2473 1005 2767 1073 σωφρονῶν
2817 1004 3113 1058 ικοινώνει.
3173 1007 3236 1056 Οί
3281 1003 3412 1070 γοῦν
3483 1005 3553 1058 τὰ
3599 1006 3822 1060 ἐκείνου

2249 1098 2614 1167 φρονήσαντες
2639 1097 2686 1148 Ν
2692 1097 2970 1151 αυατιανοὶ
2991 1097 3257 1164 λέγονται,
3284 1099 3376 1151 καὶ
3396 1096 3514 1150 κατ’
3537 1098 3830 1167 είρωνείαν

2249 1188 2514 1258 Καθαροί.
2589 1189 2741 1242 Ἐπεὶ
2790 1189 2847 1242 δὲ
2896 1190 3118 1242 συνόδου
3177 1191 3475 1260 γενομένης
3511 1192 3571 1243 ὲν
3630 1189 3828 1261 Ῥώμῃ

2249 1282 2343 1334 ἐπὶ
2402 1280 2702 1352 Κορνηλίου
2760 1282 2915 1334 πάπα
2956 1281 3054 1350 τῆς
3083 1280 3195 1334 τῶν
3240 1279 3529 1350 Ῥωμαίων
3584 1283 3831 1352 Ἐκκλη-

2251 1373 2394 1437 σίας,
2437 1371 2812 1441 βασιλεύοντος
2842 1372 3058 1436 Δεκίου,
3113 1371 3515 1442 ἀηθεματίσθη
3559 1373 3589 1425 ὁ
3628 1374 3829 1427 Naui-

2249 1478 2345 1523 τος
2407 1463 2503 1514 καὶ
2546 1463 2594 1514 oi
2629 1461 2946 1532 αἱρεσιῶται
2975 1461 3168 1526 αὐτοῦ,
3203 1463 3368 1532 φησιν
3401 1463 3432 1514 ό
3479 1461 3660 1515 κανὼν
3709 1463 3826 1523 ὅτι,

2263 1551 2389 1605 Ἐάν
2418 1570 2567 1615 τινες
2615 1554 2680 1604 ἐκ
2727 1551 2932 1605 τούτων
2966 1552 3104 1621 μετὰ
3149 1551 3479 1622 εἰλικρινοῦς
3529 1553 3829 1622 μετανοίας

2249 1644 2531 1697 ἀποστῶσι
2559 1645 2656 1714 τῆς
2691 1644 2964 1713 προτέρας
2997 1645 3218 1707 κακίας,
3250 1647 3344 1698 καὶ
3390 1646 3820 1714 ἀσφαλίσωνται

2252 1731 2541 1795 φυλάττειν
2591 1731 2659 1783 τὰ
2691 1731 2792 1800 τῆς
2834 1731 3127 1801 καθολικῆς
3189 1733 3515 1802 Ἐκκλησίας
3546 1735 3825 1804 δόγματα,

2182 1808 2221 1862 Β
2248 1823 2619 1890 δεχθὴσονται.
2661 1823 2771 1876 Καὶ
2797 1825 2845 1875 εί
2876 1825 2975 1891 μέν
3017 1825 3128 1876 είσι
3165 1823 3438 1894 κληρικοὶ,
3470 1825 3652 1890 ἕξουσι
3684 1828 3831 1881 πάν-

2245 1931 2352 1976 τως
2380 1915 2510 1976 τοὺς
2543 1915 2789 1978 ,οἰκείους
2824 1915 3089 1984 βαθμοὺς,
3124 1914 3200 1978 ὡς
3223 1909 3310 1985 ’μὴ
3347 1916 3672 1984 σφάλλοντες
3687 1920 3830 1989 περὶ

2245 2008 2344 2074 τὴν
2374 2005 2580 2070 πίστιν,
2607 2005 2721 2058 ἀλλ’
2755 2006 2831 2068 ὼς
2863 2005 3180 2075 μισάδελφοι
3211 2007 3667 2078 κατακρινόμενοι
3686 2024 3703 2042 ο
3759 2012 3820 2063 εἰ

2244 2098 2300 2150 δὲ
2352 2099 2710 2152 ἑπισκοπικδν
2759 2099 2978 2169 ἀξίωμα
3027 2099 3263 2170 ἔχουσιν,
3315 2100 3494 2154 ἄλλων
3524 2101 3624 2172 μὶν
3673 2106 3829 2159 κατὰ

2247 2190 2432 2262 χώραν
2477 2195 2560 2256 είς
2593 2193 2661 2264 ἢν
2691 2187 2838 2246 οὗτοι
2865 2195 3346 2265 έπεκηρύχθησαν,
3409 2195 3830 2267 εὑρισκομένων

2242 2285 2582 2350 ἐπισκόπων,
2633 2287 2788 2340 αὐτοὶ
2820 2288 3182 2364 ἑπισκοπικόν
3227 2305 3280 2342 τι
3301 2289 3404 2342 οὐκ
3429 2289 3823 2359 ὲνεργήσουσι,

2243 2379 2381 2431 ἀλλὰ
2414 2378 2687 2447 φροντίσει
2720 2380 2749 2430 ό
2775 2380 3072 2443 ἐπίσκοπος
3105 2380 3139 2449 ἢ
3192 2381 3354 2450 μόνον
3381 2381 3557 2450 δνομα
3589 2382 3825 2446 τούτους

2244 2468 2387 2537 ἔχειν
2413 2469 2734 2531 ὶπισκόπου,
2780 2470 2814 2540 ἢ
2871 2469 2937 2522 δι’
2987 2471 3180 2542 ἑτέρου
3221 2470 3505 2523 καλεῖσθαι
3528 2471 3821 2541 ὀνόματος.

2245 2563 2335 2632 Μὴ
2363 2562 2530 2615 ὄντων
2560 2563 2616 2616 δὲ
2644 2563 2926 2633 ἐγχωρίων
2975 2563 3315 2628 ἐπισκόπων,
3351 2563 3811 2633 οἰκονομήσουσιν

2244 2654 2398 2706 αύτοὶ¹
2429 2655 2527 2706 καὶ
2554 2652 2627 2706 τὰ
2660 2655 2762 2720 τῆς
2794 2654 3120 2727 ἐπισκοπῆς.
3174 2655 3247 2708 Τὸ
3276 2655 3330 2708 δὲ
3360 2654 3444 2724 ἐφ’
3469 2649 3544 2711 ὧν
3574 2657 3669 2708 καὶ
3695 2657 3824 2725 χρό-

2243 2744 2598 2814 νοςιῖῳισται,
2625 2748 2718 2798 καὶ
2753 2747 2943 2818 καιρὸς
2966 2747 3247 2808 τέτακται,
3281 2747 3478 2818 ὲρῤέθη
3516 2748 3648 2819 περὶ
3693 2754 3818 2802 τῶν

2243 2839 2764 2907 παραπεπτωκότων
2805 2841 2864 2893 ὲν
2915 2841 3095 2910 καιρῷ
3124 2839 3368 2910 διωγμοῦ
3402 2841 3493 2893 καὶ⁵
3529 2841 3640 2894 τῶν
3661 2842 3820 2909 διγά-

2244 2943 2384 2996 μων.
2417 2925 2578 2979 Ἀλλὰ
2607 2929 2700 2980 καλ⁸
2732 2929 2784 2981 oi
2827 2927 3105 2999 κληρικοὶ,
3132 2928 3270 2998 μετὰ
3296 2928 3360 2981 τό
3384 2929 3662 2999 δεχθῆναι,
3689 2931 3820 2984 τότε

2240 3013 2318 3083 τῷ
2348 3013 2536 3084 κλήρῳ
2568 3017 3090 3086 συναριθμήσονται,
3114 3016 3200 3086 ἐφ’
3220 3012 3264 3085 ᾧ
3293 3021 3824 3092 προεχειροτονήθη-

571 3107 807 3161 ordinati
845 3124 949 3162 non
987 3107 1207 3163 fuerint.
1270 3107 1328 3164 Si
1363 3121 1544 3165 autem
1590 3113 1723 3166 tales
1766 3113 2136 3178 inveniantur.

2243 3121 2366 3169 σαν,
2389 3107 2477 3158 ὅτε
2495 3107 2596 3159 ούκ
2618 3107 2927 3177 ἐτάχθησαν
2953 3108 3075 3161 ἀντὶ
3103 3108 3308 3161 τούτων
3330 3109 3508 3180 ἕτεροι
3540 3110 3818 3181 κληρωτοί.

571 3198 664 3252 ﬁet
711 3209 768 3254 et
815 3199 960 3269 quod
1007 3201 1261 3269 superius
1303 3200 1372 3256 de
1413 3203 1684 3272 episcOpis
1726 3205 1986 3274 scriptum
2035 3217 2136 3262 est.

569 3291 765 3360 Quacro
808 3300 987 3346 autem
1026 3289 1124 3346 :Si
1156 3294 1246 3365 qui
1279 3309 1465 3347 eorum
1499 3296 1564 3348 ad
1610 3296 1866 3365 majorem
1916 3300 2138 3367 gradum

573 3383 792 3449 provehi
821 3382 1107 3446 voluerint,
1141 3401 1207 3436 an
1232 3385 1660 3453 prohibebuntur
1684 3402 1750 3441 ex
1784 3389 1883 3441 hoc
1913 3405 2136 3452 canone,

571 3477 664 3543 qui
705 3474 836 3528 dicit
878 3474 929 3528 in
975 3475 1242 3545 principio
1276 3494 1292 3531 :
1336 3475 1520 3531 Visum
1568 3489 1650 3533 est
1679 3491 1883 3536 sancta:
1911 3487 2135 3552 synodo.

571 3577 630 3620 ut
654 3568 734 3622 eis
765 3567 1036 3637 impositis
1068 3570 1312 3624 manibus
1345 3570 1423 3624 sic
1458 3570 1508 3623 in
1537 3571 1686 3625 clero
1732 3583 1984 3626 maneant
2019 3591 2030 3626 :
2071 3591 2136 3627 an

569 3658 707 3710 citra
785 3658 1224 3727 impedimentum
1308 3661 1812 3729 promovebantur?
1903 3662 2134 3718 Salutio.

570 3748 646 3802 Ex
675 3749 744 3804 80
776 3765 898 3804 can.
931 3761 1106 3818 apost.
1137 3759 1191 3806 et
1213 3752 1246 3805 5
1273 3768 1396 3807 can.
1425 3755 1703 3822 praesentis
1733 3770 1852 3824 syn.
1878 3766 2136 3810 statutum

565 3848 650 3890 est
677 3847 736 3890 ut
757 3841 921 3892 etiam
952 3840 1044 3908 qui
1079 3850 1204 3894 sunt
1225 3842 1448 3896 omnino
1492 3844 1734 3898 inﬁdeles
1757 3883 1773 3906 ,
1817 3861 1911 3911 per
1938 3851 2135 3913 gradus

516 3980 527 3993 ,
566 3926 633 3978 ad
660 3928 1022 3982 sacerdotium
1051 3928 1422 3985 admittantur.
1461 3932 1653 3997 Quidni
1681 3948 1807 4002 ergo
1829 3934 2133 3999 Novatiani,

566 4026 620 4076 et
649 4019 738 4088 qui
760 4017 977 4075 Cathari
1009 4020 1287 4087 dicuntur,
1318 4025 1798 4092 promovebantur,
1825 4030 1939 4096 qui,
1963 4038 2020 4081 ut
2053 4029 2135 4084 di—

564 4122 710 4164 ctum
749 4121 856 4177 est,
899 4112 951 4165 in
985 4112 1092 4167 (ide
1124 4129 1228 4168 non
1272 4127 1491 4178 errant,
1537 4116 1632 4170 sed
1669 4125 1920 4187 tauquam
1957 4120 2137 4178 immi-

564 4195 873 4258 sericordes
899 4204 1268 4259 damnantur?
1331 4207 1485 4273 Quod
1525 4220 1704 4265 autem
1749 4211 1873 4265 illos
1909 4211 1961 4266 in
1988 4213 2133 4268 clero

566 4310 787 4348 manere
823 4297 1174 4354 constitutum
1208 4308 1325 4362 est,
1375 4299 1427 4353 id
1461 4301 1590 4355 mihi
1625 4316 1721 4370 pro
1745 4303 1824 4357 eis
1858 4305 2026 4374 magis
2049 4305 2130 4360 fa-

562 4396 690 4435 cere
718 4384 931 4438 videtur
961 4399 975 4436 :
1018 4386 1314 4444 verisimile
1345 4392 1488 4444 enim
1518 4401 1634 4445 erat
1683 4393 1862 4448 dicere
1898 4395 2125 4464 aliquos,

2251 3194 2519 3249 Τοιούτων
2543 3197 2600 3250 δέ
2628 3214 2791 3252 τινων
2811 3199 3238 3269 εὑρισκομένων,
3259 3201 3554 3270 γενήσεται
3577 3201 3608 3253 ὃ
3646 3218 3699 3253 τι
3720 3203 3823 3256 καὶ

2254 3292 2383 3360 περὶ
2434 3291 2545 3343 τῶν
2617 3291 2936 3344 ἐπισκόπων
2993 3291 3210 3364 ἐγράφη
3279 3292 3507 3346 ἄνωθεν.
3587 3293 3814 3362 Ἐρωτῶ

2243 3381 2344 3433 δέ’
2388 3381 2514 3435 Ἐάν
2569 3398 2710 3445 τινες
2758 3384 2822 3432 ὲκ
2869 3380 3069 3434 τούτων
3127 3383 3261 3452 πρὸς
3317 3383 3538 3452 μείζονα
3607 3381 3817 3451 βαθμὸν

2249 3473 2794 3543 προαναόισαςθῆναι
2867 3473 3169 3543 Θελήσωσιν
3209 3511 3225 3536 ,
3315 3473 3812 3543 ιμποδισθ-ήσονται

2243 3567 2350 3617 ἀπὸ
2397 3565 2490 3617 ’τοῦ
2535 3566 2752 3627 κανόνος
2785 3564 2974 3618 τούτου
3008 3565 3257 3632 λέγοντος
3288 3565 3428 3618 κατὰ
3477 3569 3577 3627 τὰς
3611 3565 3819 3636 ἀρχὰ,⁶

2246 3654 2431 3718 Ἔδοξε
2456 3654 2524 3725 τῇ
2553 3656 2685 3726 ἁγίᾳ
2723 3657 2942 3726 συνόδῳ,
2968 3655 3110 3710 ὥστε
3147 3652 3658 3726 χειροθετουμένευ..
3712 3658 3818 3710 αύ-

2242 3745 2367 3808 τούς
2402 3744 2581 3815 μένειν
2605 3748 2777 3810 οὕτως
2805 3749 2863 3800 έν
2909 3747 2986 3817 τῷ
3020 3748 3207 3817 κλήρῳ
3233 3762 3246 3776 ·
3285 3747 3316 3817 ἢ
3347 3746 3640 3809 ἀκωλύτως
3673 3766 3814 3817 προ-

2242 3837 2530 3905 κόςῖιουσιν;
2559 3840 2768 3904 Λύσις.
2813 3839 2949 3892 Ἀπὸ
2993 3839 3088 3892 τοῦ
3116 3844 3174 3892 π’
3205 3838 3560 3892 ἁποστολικοῦ
3590 3839 3822 3904 κανόνος

2242 3926 2336 3981 καὶ
2359 3926 2453 3982 τοῦ
2509 3929 2554 3997 β’
2599 3929 2818 3990 κανόνος
2847 3929 2946 3998 τῆς
2997 3928 3277 3998 παρούσης
3309 3929 3527 3981 συνόδου
3565 3928 3796 3981 δέδοκτα

2240 4017 2337 4068 καὶ
2393 4017 2520 4082 τοὺς
2554 4018 2727 4089 πάντη
2764 4020 3027 4081 ἀπίστους
3065 4021 3205 4072 κατὰ
3241 4018 3483 4089 βαθμοὺς
3533 4019 3796 4087 ἱερᾶσθαι

2243 4111 2360 4162 Ἵνα
2411 4110 2463 4162 τί
2519 4111 2646 4177 γοῦν
2677 4111 2724 4162 οἱ
2753 4110 3080 4165 Ναυατιανοὶ
3119 4112 3210 4163 καὶ
3238 4109 3483 4180 Καθαροὶ
3526 4110 3817 4179 λεγόμενοι

2238 4201 2300 4252 ού
2333 4202 2992 4271 προαναδιδασθήσονται,
3019 4201 3149 4272 περὶ
3181 4202 3276 4271 τὴν
3312 4205 3515 4264 πίστιν,
3553 4202 3627 4265 ὡς
3653 4200 3814 4269 εἴρη-

2237 4307 2350 4355 ται,
2383 4293 2458 4362 μὴ
2487 4292 2865 4360 σφαλλόμενοι,
2915 4293 3028 4344 ἀλλ’
3056 4293 3130 4355 ὡς
3157 4291 3506 4361 ἀσυμπαθεῖς
3545 4309 3788 4360 κατακρι

2239 4382 2492 4450 νόμενοι;
2530 4383 2603 4435 Τὸ
2646 4383 2702 4435 δὲ
2762 4384 2942 4454 μένειν
2993 4384 3190 4446 αὐτοὺς
3219 4383 3389 4446 οὕτως
3419 4386 3477 4436 ὲν
3514 4383 3593 4453 τῷ
3625 4383 3818 4456 κλήρῳ

559 4474 761 4528 debere
797 4475 1013 4543 quidem
1058 4477 1206 4547 ipsos
1248 4481 1471 4548 suscipi,
1524 4483 1616 4536 sed
1657 4498 1780 4538 esse
1814 4485 2134 4553 simpliciter

2241 4473 2438 4542 μᾶλλον
2465 4475 2602 4545 ὑπὲρ
2654 4475 2878 4528 ἐκείνων
2932 4474 3212 4546 ὁρισθῆναι
3242 4475 3439 4528 νοεῖταί
3505 4492 3619 4544 μοι.
3650 4476 3819 4544 Εἰκὸς

563 4575 624 4620 ιιι
659 4564 844 4620 ildeles
884 4565 1050 4623 laicus
1073 4608 1089 4630 ,
1135 4581 1194 4624 et
1223 4583 1330 4624 non
1361 4573 1572 4642 priores
1599 4589 1728 4627 suos
1752 4576 1951 4642 gradus
1979 4591 2139 4632 exer-

557 4669 687 4710 cere
735 4673 749 4710 :
793 4658 938 4724 quod
979 4659 1187 4728 synodo
1228 4678 1336 4716 non
1371 4662 1576 4731 placuit
1622 4680 1639 4720 :
1691 4669 1784 4720 sed
1817 4681 2136 4728 wncessum

558 4755 645 4799 est
680 4756 738 4801 ut
768 4747 869 4814 ipsi
903 4750 954 4802 in
993 4754 1194 4819 gradus
1230 4768 1356 4807 suos
1385 4755 1822 4812 restituerentur.
1889 4747 2135 4814 Restitu-

563 4839 730 4895 tionis
773 4850 955 4898 autem
987 4843 1205 4900 neruine
1249 4859 1356 4899 una
1383 4844 1476 4915 jus
1516 4860 1730 4920 quoque
1777 4850 2136 4920 promotionis

559 4931 894 4988 ostenditur.

633 5193 883 5254 ZONAR.
915 5199 1135 5256 Cathari
1167 5201 1293 5274 (hoc
1315 5213 1400 5258 est
1436 5205 1575 5275 puri)
1603 5205 1887 5263 Novatiani
1929 5212 2120 5268 dicun-

563 5297 674 5342 tur.
736 5289 860 5344 Fuit
913 5285 1092 5346 auteni
1133 5294 1371 5349 Nova-tus
1423 5296 1676 5352 Humana:
1709 5299 1963 5356 Ecclesia:
2011 5319 2132 5370 pre-

563 5382 771 5454 sbyter,
835 5384 926 5454 qui
995 5383 1045 5438 in
1123 5388 1497 5455 persecutione
1543 5389 1737 5460 lapsos,
1785 5394 1953 5464 culpa:
2001 5397 2126 5450 licet

560 5482 836 5542 pertaesos,
875 5473 1187 5544 repellebat,
1230 5487 1394 5547 atque
1438 5494 1468 5532 a
1517 5480 1850 5550 digamorum
1886 5500 2124 5538 commu-

561 5563 723 5618 nione
805 5565 1019 5633 penitus
1076 5567 1419 5623 abhorrebat.
1480 5567 1813 5640 Propterea,
1877 5576 2124 5640 quamvis

559 5654 707 5708 nullo
758 5671 942 5711 errore
985 5657 1040 5711 in
1087 5657 1153 5713 iis
1198 5659 1289 5729 qui
1337 5659 1458 5714 ﬁdei
1505 5673 1668 5728 sunt,
1717 5669 2012 5728 teneretur,
2052 5667 2122 5720 ob

564 5756 774 5798 morum
859 5754 1036 5802 tamen
1094 5747 1585 5820 implacabilitalem
1618 5789 1635 5815 ,
1718 5750 2124 5822 fraternumque

2242 4567 2352 4636 γὰρ
2390 4562 2457 4637 ἦν
2509 4566 2690 4634 λέγειν
2729 4567 2882 4628 τινὰς
2909 4566 3145 4635 ὀφείλειν
3174 4566 3431 4635 δεχθῆναι
3463 4566 3560 4635 μὲν
3585 4568 3817 4634 αὐτοὺς,

2239 4656 2379 4727 πλὴν
2405 4647 2543 4708 εἶναι
2565 4655 2638 4721 ὡς
2666 4655 2851 4719 ἁπλῶς
2873 4658 3098 4719 πιστοὺς
3130 4657 3372 4722 λα’ίκοὺς,
3411 4659 3504 4710 καὶ
3554 4658 3629 4727 μὴ
3661 4661 3819 4729 ἐνερ-

2238 4749 2353 4816 γεῖν
2404 4750 2546 4803 κατὰ
2588 4750 2714 4810 τοὺς
2765 4749 3065 4818 προτέρους
3095 4749 3301 4801 τούτων
3337 4748 3618 4818 βαθμούς·
3670 4750 3815 4821 ὅπερ

2235 4840 2390 4906 παρὰ
2419 4838 2517 4908 τῆς
2548 4838 2768 4891 συνόδου
2813 4839 2914 4890 οὐκ
2933 4838 3144 4908 ἐδέχθη,
3176 4839 3292 4890 ἀλλ’
3324 4837 3540 4907 ἐνεδόθη
3565 4839 3818 4893 ἀποκαθο

2238 4929 2493 4984 ίστασθαι
2544 4929 2766 4993 τούτους
2823 4931 2902 4990 είς
2967 4931 3094 4987 τοὺς
3148 4929 3384 4995 οίκείους
3416 4927 3695 4997 βαθμούς·
3732 4930 3815 4996 τῷ

2231 5021 2289 5074 δὲ
2315 5001 2544 5090 όνόματι
2571 5023 2668 5089 τῆς
2701 5018 3198 5083 ἀποκαταστάσεως
3255 5020 3347 5071 καὶ
3373 5021 3434 5072 τὸ
3463 5019 3679 5071 δίκαιον
3709 5022 3808 5090 τῆς

2225 5112 2511 5182 προκοπῆς
2538 5112 3014 5179 συναναφαίνεται.
3119 5130 3123 5137 ·
3691 5138 3697 5153 ι

2301 5201 2547 5256 ΖΩΝΛΡ.
2584 5203 2827 5273 Καθαροὶ
2862 5203 3111 5270 λέγονται
3145 5203 3194 5255 οἱ
3245 5203 3596 5257 Ναυατιανοί.
3635 5204 3695 5256 ⁸0
3743 5204 3803 5255 δὲ

2227 5293 2476 5358 Ναυᾶτος
2505 5293 2871 5364 πρεσϐύτερος
2901 5289 2970 5364 ἦν
2995 5297 3092 5362 τῆς
3123 5283 3411 5362 Ῥωμαίων
3453 5294 3798 5363 Ἐκκλησία..

2226 5387 2284 5448 ὃς
2311 5388 2436 5446 τοὺς
2465 5390 2522 5439 ἐν
2543 5387 2619 5456 τῷ
2639 5387 2862 5455 διωγμῷ
2886 5387 3389 5455 παραπεπτωκότας
3409 5385 3802 5455 μετανοοῦντας

2227 5477 2326 5528 οὐκ
2354 5477 2410 5529 ὲδ
2441 5493 2585 5546 χετο,
2623 5475 2746 5528 οὗτε
2774 5477 3022 5546 διγάμοις
3063 5479 3353 5529 ἐκοινώνει.
3393 5477 3508 5542 Διὸ,
3571 5479 3673 5531 κᾶν
3728 5479 3806 5550 μὴ

2231 5570 2462 5639 περἰτὴν
2490 5570 2669 5622 πίστιν
2697 5569 3008 5638 ἐσφάλλετο,
3037 5569 3172 5623 ἀλλά
3203 5585 3263 5636 γε
3285 5569 3372 5622 διὰ
3401 5569 3460 5622 τὸ
3484 5571 3805 5642 ἀσυμπαθὲς

2229 5660 2390 5713 αὺτοῦ
2412 5666 2502 5714 καὶ
2530 5663 2879 5731 μισάδελφον,
2909 5663 3128 5717 συνόδου
3159 5663 3460 5732 γενομένης
3490 5665 3547 5718 έν
3613 5664 3804 5733 Ῥώμῃ

2227 5755 2319 5807 ἐπὶ
2339 5754 2636 5822 Κορνηλίου
2652 5755 2747 5821 τῆς
2763 5753 2981 5822 Ῥώμης
2993 5755 3176 5820 πάπα,
3197 5755 3807 5832 Δεκίουβασιλεύοντος,
