4072 6386
287 378 399 440 26⁸5

1371 374 1453 434 ΙΝ
1485 373 1652 434 CAN.
1684 371 1828 432 VIII
1864 369 2080 431 CONC.
2119 369 2390 432 NICAEN.
2431 369 2484 433 Ῑ.

3450 372 3557 434 Ξϐῧ

287 491 600 561 ἀπεϐλήθη,
637 491 732 545 καὶ
783 489 1214 562 ἀνεθεματίσθη.
1267 488 1341 554 ὡς
1377 491 1406 541 6
1445 490 1536 545 τοῦ
1590 491 1864 562 Παμφίλου

1978 491 2182 561 odium,
2218 493 2273 548 in
2303 495 2528 563 synodo,
2564 509 2684 563 qua:
2716 491 2970 550 Cornelio
2997 493 3371 550 Romanorum
3392 509 3547 564 papa,

281 586 548 648 Εὐσέϐιος
577 585 808 655 ίστορεῖ.
837 585 974 645 Τοὺς
1003 584 1135 652 γοῦν
1163 581 1491 655 αἱρεσιὼτας
1519 583 1714 638 τούτου
1744 601 1877 651 προ-

280 677 619 748 ερχομένους
640 676 892 746 δέχεσθαι
910 677 938 728 6
955 676 1136 730 κανὼν
1154 669 1314 738 οὗτος
1337 677 1528 746 ὁρίζει,
1547 676 1873 746 ὁμολογοῦν-

273 785 380 829 τας
397 767 694 836 ἐγγράφως
719 767 887 819 ὄτιτὰ
914 766 1016 834 τῆς
1039 766 1335 835 καθολικῆς
1351 767 1680 838 Ἐκκλησίας
1706 769 1878 838 τηρή-

277 873 441 910 σουσι
484 846 755 925 δόγματα,
789 857 882 908 καὶ⁵
908 856 1035 917 τοὺς
1059 856 1128 908 δι’
1173 855 1420 926 ἀνάγκην
1451 857 1872 927 ἀρνησαμένους

277 949 335 1000 τέ
345 968 371 999 ν
391 948 633 1016 Χριστὸν
647 947 912 1013 δέξονται,
931 948 1024 999 καὶ
1052 946 1500 1016 οίκονομήσουσιν
1516 947 1714 1010 αὐτοὺς
1733 948 1874 1001 κατὰ

282 1043 406 1100 τοῦς
431 1039 663 1109 καιροὺς
711 1038 1048 1108 ὡρισμένους
1071 1041 1136 1107 τῇ
1174 1038 1433 1110 μετανοίᾳ
1476 1039 1586 1092 τῶν
1622 1057 1874 1111 παραπε-

280 1150 324 1186 sc
338 1131 607 1183 ςωκότωψ
622 1129 778 1182 τοῦτο
792 1131 900 1200 γάρ
913 1131 1031 1183 ἐστι
1043 1131 1103 1182 τὸ
1115 1131 1204 1198 ἐφ’
1220 1123 1295 1182 ὧν
1309 1131 1402 1183 καὶ
1414 1131 1603 1201 χρόνος
1619 1130 1871 1202 ὥρισται,

281 1225 380 1277 καὶ
402 1224 596 1294 καιρὸς
620 1223 879 1276 τέτακται
900 1238 914 1251 ⁸
938 1223 1034 1275 καὶ
1053 1225 1160 1284 τοῖς
1179 1223 1430 1291 διγάμοις
1455 1225 1872 1296 κοινωνήσουσι,

278 1317 381 1369 καὶ
439 1317 489 1367 εί
552 1314 1059 1385 κεχειροτονημένοι
1115 1314 1257 1366 εἰσὶν
1307 1316 1387 1378 εἰς
1444 1315 1782 1379 ἐπισκόπους
1836 1318 1868 1388 ἢ

275 1407 762 1479 πρεσϐυτέρουςῆ
809 1405 1090 1467 διακόνους
1138 1406 1191 1457 oi
1225 1407 1282 1473 ἐξ
1333 1407 1511 1461 αὐτῶν
1555 1410 1874 1478 προσιόντες

272 1506 345 1568 τῇ
384 1498 710 1570 Ἐκκλησία,
751 1499 932 1566 μένειν
964 1498 1159 1554 αὐτοὺς
1183 1500 1242 1550 ἐν
1265 1498 1340 1568 τῷ
1372 1498 1558 1570 κλήρῳ
1583 1503 1724 1555 κατὰ
1745 1503 1871 1566 τοὺς

272 1591 522 1653 οἰκείους
554 1589 821 1659 βαθμοὺς,
862 1588 957 1641 ἐὰν
987 1587 1120 1650 ῐσως
1167 1587 1227 1639 ἐν
1255 1589 1376 1649 ταῖς
1422 1587 1762 1654 ἐκκλησίαις,
1813 1593 1872 1643 ἐν

271 1675 368 1744 αῖς
399 1682 918 1751 ἐχειροτονήθησαν,
947 1680 1048 1732 οὐκ
1087 1678 1227 1731 εἰσὶν
1258 1678 1462 1748 ἕτεροι.
1499 1679 1623 1732 Ὅτι
1654 1683 1761 1751 γὰρ
1807 1681 1868 1735 οὐ

272 1775 414 1844 περὶ
444 1773 546 1843 τὴν
579 1774 764 1826 πίστιν
817 1771 1170 1857 ἐσφάλλοντο,
1208 1770 1325 1824 ἀλλ’
1373 1771 1454 1834 εἰς
1510 1773 1869 1843 μισαδελφίαν

269 1868 374 1919 καὶ
423 1865 653 1936 ἄρνησιν
711 1844 1164 1934 μετανοίαίτοῖς
1224 1865 1702 1932 παραπεπτωκόσι
1773 1868 1868 1920 καὶ
1900 1844 1942 1900 Β

269 1957 699 2028 ἐπιστρέφουσι.
731 1957 820 2010 διὰ
855 1955 1014 2009 τοῦτο
1047 1958 1140 2010 καὶ
1173 1957 1274 2025 τὴν
1305 1959 1645 2024 χειροτονίαν
1685 1959 1869 2014 αὐτῶν

267 2052 302 2110 ὴ
367 2049 590 2111 σύνοδος
622 2047 863 2114 ἐδέξατο,
912 2049 1008 2102 καὶ
1062 2048 1250 2118 μένειν
1291 2048 1489 2110 αὐτοὺς
1536 2051 1594 2106 ἐν
1633 2053 1746 2114 τοῖς
1791 2055 1870 2106 οὶ-

267 2141 449 2203 κείοις
503 2141 732 2213 βαθμοῖς
788 2142 1101 2214 διωρίσατο,
1178 2143 1226 2194 εί
1293 2139 1368 2212 μὴ
1423 2141 1723 2207 ἐπίσκοπος
1779 2146 1864 2216 εἴη

267 2233 331 2285 ἐν
363 2232 432 2300 τῇ
464 2231 726 2302 καθολικῇ
780 2234 878 2298 τῆς
911 2231 1120 2294 πόλεως
1150 2233 1366 2302 ἐκείνης
1402 2233 1694 2307 ἐκκλησίᾳ.
1720 2237 1783 2290 Εἰ
1809 2237 1867 2290 δὲ

269 2325 330 2375 ἐν
363 2320 640 2392 ἐκκλησίᾳ
677 2322 816 2374 είσὶν
869 2323 997 2379 ἔνθα
1027 2325 1330 2390 ἐπίσκοπος
1381 2329 1413 2399 ἢ
1467 2329 1864 2399 πρεσϐύτερος,

264 2416 297 2467 6
322 2414 430 2482 μὲν
466 2415 769 2474 ἐπίσκοπος
789 2413 900 2478 ἔξει
923 2414 984 2466 τὸ
1002 2415 1101 2485 τῆς
1127 2417 1435 2489 ἐπισκοπῆς
1458 2419 1678 2491 ἀξίωμα
1691 2422 1785 2474 καὶ
1806 2421 1866 2476 τὸ

269 2508 454 2578 ὗνομα
479 2524 494 2537 ”
524 2509 552 2560 6
588 2507 643 2562 δὲ
682 2507 835 2576 παρὰ
871 2509 984 2570 τοῖς
1028 2508 1307 2580 Καθαροῖς
1359 2513 1696 2584 κεκλημένος
1750 2516 1867 2568 ἐπῖ-

269 2617 480 2662 σκοπός
531 2600 564 2670 ἢ
634 2601 1008 2671 πρεσϐυτέρου
1067 2601 1180 2668 ἔξει
1225 2606 1431 2675 τιμὴν,
1471 2607 1504 2680 ἢ
1538 2607 1678 2671 τέως
1726 2627 1868 2681 χωρ-

273 2695 622 2760 ιπισκόπου,
651 2695 738 2747 ἵνα
765 2696 842 2766 τῷ
885 2697 1070 2767 κλήρῳ
1111 2700 1612 2770 συγκαταλέγηται,
1657 2706 1750 2758 καὶ
1788 2705 1864 2777 μὴ

263 2789 470 2840 τούτου
512 2788 760 2860 ἐκπέσῃο
802 2789 850 2840 εί
885 2791 958 2858 μή
1015 2806 1116 2842 που
1163 2793 1619 2857 συγκαταϐαίνων
1667 2797 1694 2848 ὁ
1741 2797 1863 2852 ἐπί-

261 2893 480 2939 σκοπος
536 2878 636 2946 τῆς
693 2877 992 2948 καθολικῆς
1055 2878 1384 2950 Ἐκκλησίας
1435 2883 1653 2955 θελήσει
1700 2887 1862 2939 αὐτὸν

261 2969 448 3038 δνομα
497 2969 592 3020 καὶ
647 2967 813 3040 τιμὴν
867 2970 1169 3024 ἐπισκόπου
1225 2972 1392 3042 ἔχειν.
1428 2976 1501 3028 Οὐ
1549 2979 1731 3045 μέντοι
1770 2979 1863 3032 καὶ

263 3062 342 3120 ὡς
370 3059 678 3123 ἐπίσκοπος
713 3062 1021 3130 ἐνεργήσει,
1070 3062 1156 3113 ἵνα
1189 3062 1266 3133 μὴ
1319 3065 1376 3115 ἐν
1411 3068 1478 3136 τῇ
1533 3068 1669 3138 αὐτῇ
1709 3069 1862 3122 πόλει

261 3151 359 3206 δύο
389 3144 530 3205 ὦσεν
556 3153 868 3207 ἐπίσκοποι.

1981 584 2142 640 Decio
2191 587 2517 655 imperante,
2564 585 2748 640 Romae
2775 586 2955 642 habita
2990 587 3118 652 fuit,
3169 596 3228 641 ut
3288 589 3553 643 Eusebius

1977 674 2244 744 Pamphili
2300 682 2610 740 memorat,
2663 674 2871 745 ejectus
2970 685 3134 745 atque
3209 677 3558 732 anathemate

1979 767 2267 823 damnatus
2304 779 2409 823 est.
2466 768 2543 825 Ex
2590 769 2678 823 illo
2723 769 2886 839 igitur
2933 770 3310 825 haereticorum
3352 786 3550 838 grege.

1975 862 2070 931 qni
2103 875 2224 915 cum
2249 860 2489 916 Ecclesia
2517 862 2568 914 in
2601 861 2832 931 gratiam
2870 862 3044 917 redire
3071 862 3312 931 cupiant,
3336 876 3428 916 eos
3463 863 3552 917 hic

1977 968 2152 1008 canon
2203 952 2546 1023 recipiendos
2578 967 2700 1008 esse
2744 954 3010 1008 decernit:
3070 955 3230 1009 modo
3269 969 3329 1010 se
3377 963 3553 1009 tamen

1976 1047 2046 1101 ab
2085 1045 2338 1102 Ecclesiae
2376 1046 2656 1102 catholica:
2698 1046 2913 1116 placitis
2957 1062 3062 1104 non
3107 1048 3462 1114 discessuros,
3493 1065 3556 1103 ac

1975 1154 2091 1204 eos,
2141 1143 2233 1208 qui
2277 1140 2607 1194 necessitate
2636 1139 2807 1193 coacti
2837 1137 3113 1193 Christum
3144 1148 3198 1194 et
3235 1141 3400 1194 Deum
3457 1157 3557 1196 ne-

1975 1239 2236 1301 gaverunt
2289 1230 2381 1284 ubi
2425 1237 2624 1284 statuta
2659 1224 2982 1286 criminibus
3011 1231 3293 1300 expiandis
3317 1241 3555 1300 tempora

1974 1321 2328 1390 expleverint,
2393 1319 2472 1392 (id
2526 1336 2760 1390 namque
2804 1322 2967 1376 verba
3026 1322 3116 1376 illa
3171 1323 3450 1391 indicant,
3499 1324 3556 1378 in

1975 1414 2172 1480 quibus
2233 1422 2287 1466 et
2353 1422 2565 1481 tempus
2611 1413 2967 1467 constitutum
3019 1420 3124 1479 est,
3181 1424 3236 1469 et
3291 1415 3556 1484 prtetinita

1973 1509 2110 1580 dies)
2137 1508 2494 1572 admissuros,
2525 1517 2724 1561 etcum
2766 1508 2996 1578 digamis
3051 1513 3557 1565 communicaturos

1971 1614 2115 1664 esse,
2155 1599 2498 1668 chirographi
2554 1598 2636 1653 sui
2689 1599 2996 1655 testimonio
3035 1600 3416 1670 proﬁteantur.
3479 1604 3558 1656 Ac

1971 1692 2276 1764 siquidem,
2335 1693 2427 1760 qui
2477 1706 2544 1745 ex
2593 1693 2726 1761 ipsis
2779 1693 2844 1746 ad
2901 1691 3198 1747 Ecclesiam
3241 1694 3506 1748 accedunt
3536 1737 3550 1754 ,

1972 1783 2208 1854 episcopi
2246 1785 2381 1854 jam,
2437 1793 2528 1836 aut
2579 1781 2915 1853 presbyteri,
2970 1791 3064 1836 aut.
3117 1783 3329 1838 diaconi
3385 1787 3554 1840 creati

1971 1886 2097 1934 sunt
2155 1890 2334 1946 neque
2375 1875 2631 1930 Ecclesia:
2665 1873 2828 1940 forte,
2885 1889 3114 1943 quarum
3157 1875 3460 1929 ministerio
3517 1875 3554 1928 ii

1977 1979 2102 2025 sunt
2142 1967 2389 2036 ascripti,
2421 1967 2554 2022 alios
2589 1967 2807 2029 habent,
2841 1979 2997 2021 suum
3049 1967 3100 2020 in
3131 1964 3279 2022 clero
3316 1967 3556 2036 dignita-

1972 2062 2042 2117 tis
2070 2063 2317 2117 onlinem
2351 2060 2610 2115 retinere.
2652 2059 2804 2125 Quod
2832 2058 2980 2113 enim
3017 2058 3072 2112 in
3108 2058 3215 2114 iide
3234 2058 3370 2113 nihil
3408 2059 3558 2127 ejus-

1971 2154 2114 2208 modi
2208 2153 2455 2208 homines
2507 2151 2846 2217 oﬂ‘enderint,
2899 2150 2992 2205 sed
3052 2160 3258 2206 tantum
3315 2150 3558 2206 fraterno

1970 2247 2095 2302 odio
2115 2287 2131 2312 ,
2162 2247 2426 2315 veniaque
2480 2245 2646 2314 lapsis
2677 2251 2733 2298 et.
2755 2243 3196 2313 resipiscentibus
3242 2245 3555 2314 deneganda

1974 2339 2272 2408 peccarint,
2325 2347 2609 2407 propterea
2653 2335 3052 2390 ordinationem
3092 2350 3281 2390 eorum
3335 2335 3556 2390 admisit

1973 2426 2232 2497 synodus,
2267 2433 2324 2478 et
2360 2426 2410 2477 in
2443 2437 2542 2477 suo
2581 2436 2908 2492 quemquam
2952 2423 3143 2492 gradu,
3173 2423 3278 2477 nisi
3304 2437 3425 2499 cum
3471 2422 3553 2476 al.

1974 2529 2053 2573 ter
2080 2520 2132 2572 in
2171 2519 2360 2572 eadem
2396 2516 2531 2570 urbe
2558 2514 2952 2570 catholicarum
2993 2516 3232 2585 partium
3265 2517 3555 2586 episcopus

1973 2612 2133 2676 foret,
2186 2623 2407 2663 manere
2435 2609 2628 2663 voluit.
2679 2608 2750 2661 At
2792 2607 2836 2662 si
2881 2608 2934 2661 in
2965 2607 3208 2663 Ecclesia
3239 2618 3386 2670 sunt.
3431 2623 3551 2677 qua:

1969 2705 2305 2774 episcopum,
2344 2710 2440 2755 aut
2481 2699 2860 2770 presbyterum
2909 2699 3128 2762 habeat,
3183 2700 3420 2771 episcopi
3453 2715 3556 2754 no-

1971 2810 2120 2858 men,
2166 2809 2230 2848 ac
2277 2793 2592 2863 dignitatem
2643 2791 2752 2860 70
2791 2791 2906 2860 ipse
2966 2791 3250 2860 retinebit;
3297 2794 3389 2862 qui
3429 2808 3556 2848 vero

1972 2887 2110 2954 apud
2136 2884 2401 2938 Catharos
2434 2883 2720 2951 episcopus
2759 2882 2936 2937 dictus
2983 2883 3180 2947 fuerat,
3222 2885 3552 2955 presbyteri,

1970 2986 2064 3031 aut
2111 2973 2488 3044 ehorepiscopi
2532 2975 2598 3027 ad
2619 2989 2894 3034 summum
2937 2974 3145 3028 honore
3181 2975 3456 3044 fungetur,
3493 2990 3553 3030 ut

1971 3069 2022 3123 in
2050 3068 2196 3124 clero
2229 3073 2670 3129 connumeretur,
2714 3053 2886 3133 eoque
2921 3080 3028 3118 non
3074 3066 3308 3130 excidat,
3339 3067 3445 3121 nisi
3476 3068 3554 3122 ei-

1891 3154 1933 3209 C
1977 3163 2096 3216 dem
2130 3160 2377 3216 catholici
2410 3159 2648 3228 episcopi
2680 3158 3034 3226 indulgentia,
3073 3161 3312 3231 episcopi
3353 3175 3548 3215 nomen

268 3246 656 3312 honoremque
696 3247 995 3311 permittat.
1036 3245 1364 3302 Functiones
1411 3256 1589 3305 tamen
1626 3255 1866 3324 episcopi
1899 3256 2168 3324 proprias,
2215 3271 2280 3308 ne
2312 3253 2418 3310 duo
2449 3252 2609 3306 unius
2639 3252 2788 3307 urbis
2822 3252 3060 3321 episcopi
3137 3253 3290 3320 sint,
3345 3270 3554 3324 nequa-

269 3354 431 3404 quam
457 3346 735 3391 exerceat.

261 3429 497 3483 ΔΡΙΣΤ.
583 3431 650 3482 Οἱ
683 3432 999 3499 λεγόμενοι
1060 3436 1316 3502 Καθαροί
1385 3441 1864 3509 προσερχόμενοι

322 3518 575 3586 πρῶτον
657 3523 1698 3597 όμολογείτωσανὅτισυνθήσονται
1740 3535 1867 3600 τοῖς

332 3610 682 3676 ἐκκλησίας·
733 3613 999 3680 θεσμοῖς,
1055 3617 1153 3668 καὶ
1203 3616 1656 3684 κοινωνήσουσι
1703 3622 1866 3687 (and-

333 3719 502 3771 μοις,
533 3704 631 3755 καὶ
667 3703 1147 3772 συγχωρήσουσι
1181 3710 1304 3772 τοῖς
1341 3715 1862 3776 παραπεπτωκόσι.

345 3797 456 3848 Καὶ
510 3794 697 3859 οὓτως
728 3797 762 3848 ὀ
814 3798 1240 3865 εὑρισκόμενος
1296 3804 1864 3873 κεχειροτονημένος

349 3886 445 3950 εἴη
466 3885 534 3936 ἐν
572 3884 648 3950 τῷ
693 3887 896 3941 αὐτῶν
943 3887 1189 3956 τάγματι
1213 3931 1228 3955 ,
1272 3884 1404 3943 οἷον
1441 3897 1472 3944 ό
1503 3895 1620 3962 μὲν
1649 3899 1866 3963 κυρίως

357 3979 679 4046 ἐπίσκοπος
707 3983 801 4048 εἴη
826 3982 1189 4048 ἐπίσκοπος.
1227 3985 1290 4036 '0
1319 3983 1386 4036 δὲ
1407 3992 1566 4055 παρὰ
1594 3989 1718 4054 τοῖς
1749 3994 1862 4044 Κα-

365 4069 561 4136 θαροῖς
610 4073 944 4139 ἐπίσκοπος
996 4076 1034 4143 ἢ
1089 4077 1543 4146 χωρεπίσκοπος
1583 4083 1760 4146 ἕστω,
1818 4085 1858 4153 ἣ

354 4170 757 4239 πρεσϐυτέρου
803 4171 983 4239 τιμὴν
1032 4171 1070 4240 ἢ
1134 4173 1474 4228 ἐπισκόπου
1503 4177 1854 4242 κεκτήσθωο

347 4267 421 4318 οὐ
442 4265 552 4335 γὰρ
576 4266 821 4320 ἔσονται
842 4265 952 4321 δύο
972 4269 1051 4332 εἰς
1077 4287 1119 4337 μ
1133 4268 1224 4321 "ar
1242 4269 1587 4338 ἐκκλησίαν
1607 4272 1855 4326 ἐπίσκο-

345 4370 462 4406 ποι.

358 4447 490 4500 Ἀπὸ
525 4447 636 4500 τῶν
661 4446 1118 4518 προσερχομένων
1146 4450 1213 4518 τῇ
1241 4447 1371 4519 ἁγίᾳ.
1401 4448 1494 4501 τοῦ
1525 4448 1660 4503 Θεοῦ
1697 4450 1858 4503 καθο-

273 4541 395 4611 λικῇ
433 4541 528 4593 καὶ
560 4540 895 4609 ἀποστολικῇ
935 4539 1236 4610 Ἐκκλησία
1268 4541 1318 4593 οἱ
1348 4542 1447 4610 μὲν
1476 4541 1855 4610 βαπτίζονται,

262 4636 315 4686 oi
356 4635 416 4686 δὲ
480 4634 644 4703 μύρῳ
695 4631 964 4702 χρίονται,
1017 4632 1067 4684 οἱ
1111 4632 1165 4684 δέ
1202 4634 1364 4700 μόνον
1396 4635 1853 4704 ἀναθεματίζουσι

265 4727 362 4794 τὴν
395 4723 539 4777 ἰδίαν
571 4724 666 4774 καὶ
697 4725 884 4774 πᾶσαν
911 4721 1080 4790 ἄλλην
1118 4721 1351 4792 αἵρεσιν.
1384 4723 1447 4775 Oi
1496 4724 1626 4790 γοῦν
1671 4724 1858 4777 δελεαο

266 4820 491 4876 σ’ὶέντες
526 4815 631 4867 ὑπὸ
681 4813 776 4866 τοῦ
805 4813 1081 4874 Ναυάτου,
1117 4813 1214 4865 καὶ
1245 4814 1492 4884 Καθαροὶ
1523 4814 1654 4884 παρ’
1687 4814 1854 4867 αὐτοῦ

241 4907 694 4978 ,όνομασθέντεῦ
725 4905 800 4968 ὡς
838 4903 912 4974 μὴ
942 4904 1362 4974 καταδεχόμενοι
1416 4905 1512 4974 τὴν
1562 4907 1855 4975 μετάνοιαν

243 5002 372 5053 τῶν
382 5000 848 5069 ἁμαρτησάντων,
867 4997 960 5048 καὶ
978 4997 1064 5048 τὸν
1076 4996 1327 5067 δεύτερον
1341 4999 1411 5066 γά
1420 5017 1516 5068 μον
1534 4999 1853 5062 κωλύοντες,

240 5093 359 5143 ἐὰν
386 5092 455 5159 τῇ
497 5087 794 5157 Ἐκκλησία
823 5085 1176 5155 προσέλθωσι,
1206 5087 1300 5138 καὶ
1337 5087 1715 5156 ὁμολογήσωσι
1758 5089 1853 5140 καὶ

238 5181 535 5250 Erycinae;
553 5179 980 5248 παραδέχεσθαι,
1013 5181 1105 5229 καὶ
1130 5180 1241 5240 τοῖς
1269 5179 1633 5249 ἁμαρτήμασι
1686 5195 1854 5248 μετα..

233 5273 494 5340 νοήσασι
537 5271 869 5337 συγχωρεῖν,
903 5267 999 5320 καὶ
1028 5266 1216 5330 ἁπλῶς
1247 5269 1378 5321 πᾶσι
1418 5272 1530 5331 τοῖς
1554 5268 1850 5339 ἐκκλησια-

235 5361 469 5422 στικοῖς
508 5357 902 5410 ἐπακολουθεῖν
938 5357 1200 5426 δόγμασι,
1239 5359 1333 5428 τὴν
1387 5357 1524 5410 ἰδίαν
1572 5358 1852 5428 ἀναθεμαο

230 5455 508 5520 τξζοντες
570 5451 786 5520 αἵρεσιν
818 5453 914 5504 καὶ
961 5454 1058 5515 τὰς
1089 5452 1274 5514 ἄλλας,
1331 5451 1847 5522 προσδεχθήσονται,

227 5549 340 5599 καὶ
384 5543 540 5613 μόνῳ
572 5542 651 5610 τῷ
683 5543 825 5611 ἁγίῳ
861 5544 1019 5612 μύρῳ
1061 5543 1473 5612 χρισθήσονται.
1502 5543 1618 5594 Καὶ
1651 5544 1698 5594 εί
1749 5543 1850 5611 μέν

227 5653 393 5699 τινες
433 5634 626 5688 αὐτῶν
656 5636 798 5686 εἰσιν
833 5636 865 5704 ἢ
925 5635 1276 5704 ἐπίσκοποιῆ
1334 5634 1759 5706 χωρεπίσκοποι,
1791 5635 1848 5685 ἐν

227 5733 303 5797 τῇ
346 5729 492 5796 αὖτῇ
531 5725 702 5778 πάλιν
729 5724 855 5796 ἀξίᾳ
893 5725 1166 5795 μενοῦσιν,
1202 5729 1248 5778 εἰ
1281 5728 1352 5795 μή
1387 5744 1487 5778 που
1522 5728 1578 5783 ἐν
1610 5729 1673 5794 τῇ
1707 5727 1842 5795 αιδτῇ

229 5825 403 5874 πόλει
465 5820 672 5884 ἕτεφς
729 5818 1025 5879 ἐπίσκοπος
1085 5815 1186 5886 τῆς
1253 5815 1546 5885 καθολικῆς
1613 5815 1842 5884 Ἑκκλη.

623 5912 898 5971 tamen.
941 5915 1055 5969 (5n.
1103 5907 1446 5970 CXXXVII.

1975 3440 2205 3496 AlllST.
2241 3439 2464 3494 Cat/tari
2497 3437 2626 3491 dicti
2650 3439 2950 3494 accedentes
2977 3439 3145 3505 primo
3180 3439 3551 3507 proﬁteantur,

2042 3535 2182 3603 quod
2221 3531 2469 3584 Ecclesiae
2496 3530 2859 3584 sanctionibus
2890 3531 3201 3596 essentiam,
3247 3541 3296 3586 et
3333 3548 3450 3586 cum
3474 3536 3557 3586 di-

2043 3628 2208 3694 gumis
2243 3623 2738 3686 communicabunt,
2771 3621 3080 3689 veniamque
3144 3623 3310 3690 lapsis
3362 3641 3550 3677 conce-

2043 3721 2186 3773 dent.
2227 3718 2294 3771 Et
2321 3719 2396 3772 sic
2420 3719 2509 3786 qui
2538 3726 2773 3786 repertus
2825 3726 2900 3770 est
2929 3717 3228 3781 ordinatus,
3277 3718 3333 3771 in
3373 3720 3554 3771 eodem

2042 3812 2228 3866 ordine
2257 3811 2607 3864 constituatur
2641 3825 2664 3861 .:
2706 3817 2762 3862 ut
2809 3810 2855 3862 si
2893 3824 3007 3862 vere
3046 3816 3124 3861 est
3168 3808 3461 3875 episcoyus,
3487 3811 3552 3862 sit

2043 3904 2334 3972 episcopus.
2377 3900 2480 3965 Qui
2526 3916 2642 3954 rcro
2672 3903 2811 3968 apud
2836 3897 3094 3953 Cat/raros
3121 3901 3392 3968 episcopus
3426 3902 3550 3969 fuit,

2045 4000 2114 4050 sit
2151 3995 2553 4063 chorepiscopus
2602 3993 2678 4046 vel
2709 3994 3021 4062 presbyteri,
3067 3994 3146 4046 uel
3173 3993 3402 4061 episcopi
3451 3996 3551 4046 Ito-

2041 4104 2166 4141 ποι-ε
2196 4090 2441 4156 gaudeat.
2471 4084 2675 4138 limum
2707 4085 2846 4138 enim
2875 4085 3096 4140 ecclesia
3128 4085 3234 4138 duo
3259 4102 3361 4138 non
3395 4096 3547 4138 erant

2038 4179 2288 4247 episcnpi.

2042 4445 2115 4498 Ex
2168 4443 2232 4498 iis
2282 4443 2373 4514 qui
2416 4443 2483 4498 ad
2533 4453 2774 4499 sanctam
2824 4443 3149 4500 catholicam
3191 4454 3245 4501 et
3289 4447 3545 4514 apostoli-

1893 4527 1938 4581 Ι)
1967 4548 2087 4588 eam
2125 4533 2216 4586 Dei
2248 4531 2546 4587 Ecclesiam
2575 4534 2822 4599 veniunt,
2850 4532 3091 4588 nonnulli
3123 4534 3338 4604 quidam
3372 4535 3549 4602 bapti-

1963 4635 2177 4693 zantur,
2225 4625 2312 4679 alii
2355 4635 2532 4679 autem
2589 4635 2865 4694 unguento
2918 4625 3220 4689 illinuntur,
3268 4625 3358 4679 alii
3423 4641 3548 4680 vero

1963 4717 2138 4770 solum
2177 4733 2329 4770 suam
2365 4727 2419 4770 et
2446 4717 2607 4770 aliam
2630 4733 2844 4770 onmem
2889 4717 3140 4772 haeresim
3172 4728 3543 4774 exsecrantur.

1961 4807 2062 4872 Qui
2133 4809 2315 4877 itaque
2378 4823 2408 4861 a
2453 4807 2658 4862 Novato
2713 4808 2922 4876 decepti
2973 4818 3024 4863 et
3075 4808 3296 4864 Cathari
3358 4810 3426 4864 ab
3482 4827 3546 4864 eo

1961 4900 2227 4954 nominati
2264 4908 2392 4952 sunt
2425 4909 2483 4953 ut
2522 4900 2950 4970 resipiscentiam
2985 4915 3172 4955 eorum
3213 4901 3304 4968 qui
3357 4915 3550 4970 pecca-

1960 5002 2087 5044 rnnt
2130 5005 2236 5045 non
2287 4991 2608 5059 recipientes
2660 5001 2714 5046 et
2761 4993 3026 5046 secundas
3060 4993 3409 5062 prohibentes
3445 5012 3548 5048 nu—

1960 5083 2122 5151 ptias,
2157 5082 2199 5135 si
2230 5085 2294 5135 ad
2338 5082 2633 5136 Ecclesiam
2668 5085 2934 5150 venerint,
2974 5093 3028 5138 et
3063 5085 3298 5140 confessi
3341 5084 3543 5140 fuerint

1959 5187 2016 5226 sc
2039 5181 2095 5226 et
2139 5172 2380 5240 digamos
2407 5173 2774 5236 admissuros,
2805 5183 2857 5228 et
2891 5175 2955 5227 iis
3002 5189 3140 5242 quos
3189 5184 3532 5242 peccatorum

1957 5264 2208 5334 pmnituit
2239 5265 2448 5318 veniam
2483 5268 2701 5319 daturos
2724 5275 2778 5319 et
2827 5268 3004 5320 omnia
3039 5283 3262 5334 prorsus
3295 5268 3548 5322 ecclesia-

1957 5357 2090 5411 stica
2138 5357 2521 5413 observaturos
2568 5361 2840 5429 dogmata,
2877 5370 2930 5416 ct
2973 5377 3128 5416 suam
3181 5371 3237 5415 et
3269 5362 3404 5414 alias
3452 5377 3547 5414 ex-
3633 5415 3640 5419 .

1954 5458 2234 5506 sacrantes
2279 5451 2514 5508 haereses
2564 5454 2936 5520 admittentur,
2995 5465 3048 5510 ct
3101 5465 3307 5509 tantum
3359 5467 3548 5510 sancto

1954 5552 2229 5608 unguento
2263 5543 2559 5598 illinentur.
2593 5546 2660 5599 Et
2693 5547 2736 5600 si
2769 5549 2986 5615 quidem
3013 5549 3180 5616 aliqui
3215 5563 3400 5602 eorum
3436 5549 3550 5603 sint.

1951 5635 2187 5703 episcopi
2218 5635 2724 5708 autchorcpiscopi,
2752 5640 2802 5692 in
2822 5640 3007 5693 eadem
3028 5643 3216 5694 rursus
3249 5642 3542 5695 manebunt.

1953 5725 2241 5794 dignitate,
2273 5728 2374 5781 nisi
2411 5728 2549 5782 forte
2587 5730 2637 5783 in
2675 5731 2862 5785 eadem
2911 5731 3132 5787 civitate
3173 5731 3310 5785 alius
3361 5736 3550 5788 catho-

1959 5818 2074 5874 licae
2108 5817 2360 5876 Ecciesiae
2406 5821 2716 5878 inveniatur
2751 5823 3060 5894 cpiscopus,
3103 5836 3228 5903 ante
3261 5825 3551 5886 adventum

3191 5913 3224 5974 9
