4072 6396
491 395 594 457 2οΊ

1771 376 2051 436 THEOB.
2094 376 2491 437 BALSAMON

3659 377 3693 439 2
3712 379 3768 441 8

494 514 732 570 ipsorum
764 503 1066 559 ordinatus.
1097 502 1185 556 Sic
1219 498 1365 554 enim
1402 493 1722 567 praeferetur
1747 491 1836 561 qui
1875 489 1942 543 ab
1976 488 2080 543 ini-

2203 490 2311 550 τίας
2349 488 2667 560 εὑρίσκεται
2729 488 2835 559 περ’)
2880 486 2979 557 τῆς
3031 486 3297 551 ἑλεῖσεως
3346 486 3527 541 αύττιν
3584 507 3769 560 χειρο-

498 603 572 655 tiu
621 598 837 667 proprie
883 606 1002 651 erat
1055 595 1366 663 cpiscopus,
1416 598 1471 643 et
1516 586 1663 642 solus
1733 584 2083 654 episcopatus

498 694 749 744 thronum
790 687 1060 743 retinebit.
1116 684 1382 751 Quoniam
1419 696 1523 753 non
1557 686 1769 747 oportet
1798 675 1936 729 duos
1963 686 2086 728 esse

494 784 781 854 episcopos
804 781 855 834 in
880 780 1072 833 eadem
1100 776 1341 831 civitate.
1373 773 1465 827 Ille
1498 779 1677 825 autem
1709 767 1798 838 qui
1825 781 1852 818 a
1881 764 2085 820 Cathe-

428 863 440 876 ⁷
495 878 571 928 ris
606 873 800 926 dicitur
827 873 1115 941 episcOpns
1154 878 1211 921 ut
1238 865 1522 937 presbyter
1554 859 1947 923 honorabitur,
1998 854 2084 909 vel

495 968 538 1019 si
568 965 821 1033 episcopo
871 959 1170 1031 placuerit,
1229 966 1280 1010 et
1328 954 1565 1026 episeOpi
1614 950 1853 1005 nominis
1914 947 2085 1017 parti-

495 1071 624 1123 ceps
673 1054 820 1117 erit,
886 1058 941 1105 at
984 1050 1076 1119 jus
1132 1046 1348 1116 aliquod
1392 1042 1699 1114 episcopale
1753 1054 1860 1094 non
1923 1052 2085 1092 exer-

495 1148 657 1203 ccbit.

1110 1314 1345 1373 CANON
1384 1313 1476 1368 IX.

501 1417 808 1484 Quicunque
844 1414 978 1466 citra
1023 1411 1468 1466 exanimationem
1508 1406 1739 1474 promoti
1787 1412 1908 1458 sunt
1960 1418 2083 1472 pre-

574 1507 767 1577 sbyteri
806 1506 881 1560 vel
936 1502 1230 1557 examinati
1282 1517 1378 1553 sua
1417 1504 1627 1565 peccata
1670 1494 1896 1562 confessi
1940 1502 2117 1557 sunt,

574 1602 746 1667 risque
784 1595 1067 1663 confessis,
1113 1601 1307 1662 pra'ter
1366 1604 1621 1643 canonem
1672 1586 1804 1638 moti
1848 1584 2087 1637 homines

575 1705 763 1742 manus
786 1688 1166 1756 imposuerunt,
1201 1699 1287 1736 eos
1314 1698 1483 1735 canon
1514 1695 1616 1732 non
1640 1677 1894 1731 admittit.
1933 1675 2086 1740 Quod

571 1790 648 1835 est
696 1782 833 1834 enim
882 1795 913 1832 a
960 1776 1356 1845 reprehensione
1388 1773 1643 1835 alienum,
1701 1766 1936 1837 defendit
1982 1767 2087 1820 Ec-

575 1873 759 1927 clesia.

569 2052 767 2107 BALS.
805 2051 969 2106 Multa
1005 2061 1132 2104 sunt
1161 2064 1284 2118 qua:
1318 2049 1385 2103 ad
1426 2047 1791 2102 sacerdotium
1850 2062 1931 2099 ne-
1963 2058 2088 2113 per-

501 2149 771 2211 veniatur,
810 2144 1101 2215 prohibent
1125 2182 1140 2207 ,
1180 2157 1301 2195 cum
1341 2141 1539 2209 quibus
1581 2150 1662 2193 est
1694 2150 1748 2193 et
1779 2139 2083 2195 fornicatio.

505 2240 562 2294 Si
620 2240 741 2307 quis
801 2251 929 2306 ergo
978 2234 1141 2287 fuerit
1190 2232 1571 2286 fornicationis
1616 2233 1923 2294 damnatus,
1972 2231 2090 2286 sive

500 2340 789 2399 antequam
835 2332 1275 2387 consecraretur,
1328 2324 1445 2377 sive
1518 2332 1727 2389 postea,
1774 2322 2087 2391 deponitur.

502 2421 660 2476 Unde
685 2419 815 2473 dicit
848 2432 1041 2480 canon,
1071 2414 1213 2485 quod
1244 2414 1290 2468 si
1317 2414 1438 2482 quis
1462 2413 1600 2465 citra
1624 2414 2087 2467 examinationem

500 2525 585 2570 est
631 2520 980 2568 consecratus
1007 2509 1160 2564 velet
1178 2515 1303 2561 ante
1323 2504 1724 2560 ordinationem
1751 2505 1969 2575 quidem
2010 2513 2093 2559 est

502 2614 782 2674 peccatum
816 2598 1121 2660 confessus,
1164 2594 1260 2649 sed
1304 2601 1501 2663 praeter
1528 2606 1792 2646 canonem
1819 2602 1903 2646 est
1940 2592 2089 2646 ordi-

504 2704 684 2757 natus,
734 2708 800 2746 cx
847 2688 1188 2744 ordinatione
1237 2700 1343 2739 non
1389 2683 1630 2754 juvatur,
1670 2683 1765 2737 sed
1801 2692 2089 2753 postquam

504 2788 557 2840 id
605 2784 877 2854 cognitum
907 2780 1073 2835 fuerit
1102 2778 1412 2847 deponitur.
1462 2777 1724 2831 Dicebant
1766 2776 1910 2830 enim
1952 2792 2091 2830 aon-

506 2879 657 2944 nulli,
717 2874 1169 2946 quemadmodum
1234 2871 1503 2942 baptisma
1570 2887 1762 2925 novum
1816 2871 2086 2925 hominem

506 2972 635 3025 facit
666 2983 787 3023 eum
820 2967 908 3038 qui
936 2964 1243 3037 baptizatus
1272 2972 1385 3030 est,
1426 2962 1500 3018 ita
1537 2973 1592 3018 et
1628 2963 1999 3021 sacerdotibus
2024 2976 2089 3017 ea

506 3078 625 3129 qua:
664 3060 826 3129 prius
872 3058 1111 3113 admissa
1142 3065 1268 3112 sunt
1311 3065 1535 3126 peccata
1570 3055 1835 3126 abstergit
1879 3071 1892 3108 :
1946 3056 2091 3125 quod

505 3154 806 3206 caunnibus
840 3165 945 3203 non
972 3159 1058 3202 est
1084 3162 1410 3202 consonum.

576 3242 833 3297 ZONAR.
872 3240 974 3307 Qui
1026 3240 1093 3293 ad
1136 3252 1323 3292 sacros
1354 3238 1571 3292 ordines
1614 3239 1937 3304 evehuntur,
1970 3237 2093 3291 vitae

507 3337 776 3402 integros,
813 3350 913 3387 nec
951 3332 1073 3385 ullis
1102 3330 1352 3383 vitiorum
1385 3331 1629 3394 maculis,
1674 3330 1871 3398 quibus
1906 3327 2092 3384 infecti

509 3430 580 3483 ab
638 3426 922 3480 ordinibus
965 3432 1244 3485 arcentur,
1310 3430 1525 3476 notatos
1579 3436 1703 3475 esse
1756 3435 1826 3474 ac
1880 3420 2093 3475 illorum

512 3530 798 3589 propterea
827 3518 991 3570 vitam
1034 3525 1090 3569 et
1136 3528 1315 3568 mores
1365 3514 1553 3567 sedulo
1586 3512 1891 3567 examinari
1919 3527 2093 3565 canon

505 3616 683 3682 jubet.
734 3610 887 3676 Quod
937 3610 980 3663 si
1019 3607 1108 3676 qui
1154 3607 1313 3673 forte,
1361 3606 1557 3675 inquit,
1603 3614 1807 3658 temere
1843 3603 2099 3672 nulloque

511 3705 723 3760 delectu
757 3704 821 3757 ad
850 3715 1038 3757 sacros
1076 3700 1294 3754 ordines
1342 3699 1719 3761 atbnittantur,
1758 3706 1850 3750 aut
1889 3704 2100 3751 suamet

515 3800 643 3849 vitia
689 3793 789 3864 ipsi
825 3793 1168 3857 conﬁtentes,
1197 3802 1385 3845 contra
1429 3788 1655 3844 (ultionis
1700 3791 2095 3856 priescriptuin,

513 3887 797 3940 ordinibus
839 3882 1083 3952 insigniti
1122 3882 1349 3947 iuerint,
1397 3895 1505 3933 non
1545 3878 1910 3932 admittendos
1953 3893 2094 3941 esse,

519 3993 614 4031 nec
637 3977 929 4046 quidquam
957 3975 1063 4029 illis
1100 3974 1434 4042 illegitimum
1472 3972 1804 4025 creationem
1833 3973 1938 4042 71
1966 3986 2095 4039 pro-

519 4071 676 4124 desse
703 4070 963 4123 decernit.
995 4066 1341 4137 Depositione
1376 4079 1608 4133 namque
1634 4064 2022 4116 multabuutur.

522 4161 751 4216 ARIST.
785 4160 889 4225 Qui
917 4162 1027 4213 sine
1052 4160 1442 4213 examinatione
1478 4157 1816 4220 ordinantur,
1847 4158 1889 4207 si
1922 4167 2099 4221 postea

590 4253 966 4304 convincuntur
1022 4248 1160 4317 quod
1225 4262 1403 4300 revera
1458 4254 1782 4315 peccaram,
1824 4245 2101 4298 detur-ben-

590 4356 695 4401 tur.
1648 4330 1653 4334 ’

592 4433 647 4488 Si
698 4436 820 4505 quis
850 4434 994 4488 enim
1030 4432 1170 4486 clam
1203 4433 1464 4502 peccavit,
1493 4443 1547 4486 et
1572 4431 1708 4485 citra
1745 4432 2102 4485 examinatio-

2188 581 2451 650 τονηθείς.
2530 580 3005 650 Προτιμηθήσεται
3060 578 3171 649 γὰρ
3229 578 3405 642 οὕτως
3459 581 3488 633 ὀ
3544 579 3606 645 ἐξ
3657 583 3765 651 ἀρ-

2185 671 2285 740 χῆς
2320 673 2526 741 κυρίως
2553 671 2875 735 ἐπίσκοπος,
2901 671 2993 722 καὶ
3019 671 3180 741 μόνος
3212 670 3307 724 τὸν
3336 671 3433 742 τῆς
3459 673 3771 741 ἐπισκοπῆς

2185 764 2373 835 θρόνον
2400 764 2641 830 καθέξει,
2673 764 2760 816 διὰ
2787 764 2849 816 τδ
2877 764 2953 835 μὴ
2981 764 3104 817 δέον
3130 760 3269 817 εῖναι
3300 764 3394 817 δύο
3423 766 3769 827 ἐπισκόπους

2186 853 2243 905 ὲν
2278 854 2380 923 μιᾷ
2404 852 2555 904 πόλει
2585 853 2877 923 τυγχάνειν
2903 869 2918 884 ο
2950 850 3113 915 αύτδς
3144 854 3199 907 δὲ
3228 855 3382 923 παρά
3413 856 3528 917 τοῖς
3582 856 3773 908 Καθα-

2189 947 2301 1015 ροῖς
2330 944 2733 1013 ὀνομαζόμενος
2764 943 3066 1005 ἐπίσκοπος
3094 945 3169 1007 ὼς
3197 944 3578 1016 πρεσϐύτερος
3606 965 3773 1019 τιμη-

2187 1036 2435 1106 θήσεται,
2464 1036 2521 1105 ἦ,
2557 1036 2605 1087 εἱ
2640 1035 2791 1088 δοκεῖ
2813 1035 2893 1105 τῷ
2923 1036 3229 1105 ὲπισκόπῳ,
3256 1037 3352 1090 καὶ
3379 1035 3470 1088 τοῦ
3502 1037 3773 1104 ὀνόματος
3822 1096 3823 1099 η

2189 1126 2413 1197 μεθέξει
2447 1126 2542 1178 τοῦ
2572 1125 2876 1179 ἐπισκόπου
2905 1142 2918 1156 ο
2952 1128 3316 1179 ὲπισκοπικὸν
3346 1126 3403 1180 δέ
3459 1145 3512 1179 τι
3554 1127 3771 1180 δίκαιον

2184 1219 2285 1271 οὐκ
2315 1218 2626 1289 ἐνεργήσει.

2814 1310 3055 1363 ΚΑΝΩΝ
3085 1309 3166 1365 6'.

2245 1400 2318 1454 ΕΖ
2334 1416 2495 1466 τινες
2512 1400 2925 1466 ἀνεξετάστως
2943 1402 3342 1470 προήχθησαν
3357 1404 3774 1471 πρεσϐύτεροι,

2252 1492 2291 1562 ἢ
2325 1494 2782 1563 ἀνακρινόμενοι
2812 1494 3216 1563 ὡμολόγησαν
3275 1496 3345 1549 τὰ
3383 1496 3779 1564 ἁμαρτήματα

2256 1587 2484 1653 αὐτοῖς,
2521 1588 2619 1639 καὶ
2668 1588 3180 1657 ὁμολογησάντων
3223 1588 3424 1642 αὐτῶν
3469 1588 3630 1656 παρὰ
3672 1605 3783 1640 κα·

2256 1679 2409 1731 νόνα
2461 1679 2804 1746 κινούμενοι
2860 1682 2913 1733 ot
2955 1679 3256 1746 ἅνθρωποι
3301 1680 3428 1745 τοῖς
3479 1681 3783 1745 τοιούτοις

2259 1770 2430 1840 χεῖρα
2447 1770 2870 1835 ἐπιτεθείκασι.
2905 1771 3156 1847 τούτους
3187 1775 3219 1826 ὀ
3250 1772 3455 1825 κανὼν
3483 1775 3555 1824 οὐ
3591 1786 3787 1839 προσ-

2262 1866 2430 1917 ίεται.
2508 1862 2579 1916 Τὸ
2636 1860 2749 1932 γὰρ
2806 1863 3229 1931 ἀιηέπίληπτον
3270 1862 3503 1919 ἐκδικεῖ
3554 1864 3595 1917 ’ἡ
3653 1863 3787 1916 Ἐκ-

2261 1956 2513 2021 πλησία.

2261 2048 2459 2102 ΒᾹΛΣ.
2491 2048 2738 2120 Διάφορά
2770 2048 2878 2100 είσι
2908 2049 2979 2100 τὰ
3014 2045 3291 2100 κωλύοντα
3318 2046 3415 2119 τὴν
3448 2049 3784 2119 ἱερωσύνην,

2193 2138 2317 2206 μεθ’
2341 2132 2417 2192 ὧν
2448 2140 2565 2190 ἔστι
2596 2140 2691 2192 καὶ
2725 2139 2757 2209 ἡ
2792 2138 3039 2208 πορνεία.
3092 2139 3156 2190 Εἰ
3185 2137 3316 2206 γοῦν
3362 2138 3665 2208 κατακριθῇ
3694 2156 3789 2201 τις

2190 2233 2451 2303 πορνείαν
2492 2231 2859 2305 ἡμαρτηκὼς,
2919 2234 3020 2288 κᾶν
3072 2250 3131 2285 τε
3175 2231 3282 2302 πρὸ
3340 2229 3436 2284 τοῦ
3489 2230 3789 2302 ἱερωθῆναι

2192 2327 2296 2379 κᾶν
2330 2343 2390 2380 τε
2428 2327 2567 2397 μετά
2590 2325 2786 2391 ταῦτα,
2815 2325 3186 2396 καθαιρεϊται.
3222 2323 3385 2377 Ὅθεν
3413 2324 3579 2395 φησὶν
3607 2327 3635 2377 ὁ
3684 2340 3790 2376 κα-

2194 2420 2302 2474 νὼν
2344 2419 2439 2473 τὸν
2482 2418 2862 2484 ἀνεξετάστως
2910 2418 3232 2487 ἱερωθέντα,
3260 2417 3293 2488 ἢ
3326 2419 3421 2470 καὶ
3448 2414 3787 2486 ἐξομολογηο

2192 2514 2428 2583 σάμενον
2478 2512 2579 2582 μὲν
2619 2510 2728 2581 πρὸ
2786 2511 2884 2581 τῆς
2940 2510 3281 2581 χειροτονίας
3329 2508 3389 2562 τὸ
3449 2510 3784 2578 ἁμάρτημα,

2191 2603 2345 2675 παρά
2386 2604 2443 2656 δὲ
2491 2602 2724 2664 κανόνας
2758 2600 3205 2672 χειροτονηθέντα
3248 2599 3323 2669 μὴ
3362 2598 3693 2666 ὠφελεῖσθαι
3721 2601 3787 2652 ἐκ

2188 2697 2289 2767 τῆς
2318 2696 2682 2767 χειροτονίας,
2710 2695 2847 2749 ἀ),λὰ
2882 2693 3019 2762 μετά
3047 2692 3340 2761 διάγνωσιν
3372 2690 3784 2763 καθαιρεῖσθαι.

2193 2792 2421 2859 Ἔλεγον
2453 2790 2561 2859 γάρ
2595 2806 2739 2852 τινες
2768 2787 2881 2858 (55)
2908 2789 3012 2851 ὅτι,
3046 2785 3238 2857 ὥσπερ
3259 2785 3318 2839 τὸ
3350 2784 3637 2856 βάπτισμα
3662 2784 3790 2838 νέον

2189 2884 2481 2953 ἄνθρωπον
2532 2884 2681 2936 ποιεῖ
2707 2880 2799 2935 τὸν
2832 2880 2901 2951 βα
2915 2879 3234 2945 ⁸κτισθέντα,
3264 2878 3406 2931 οὕτω
3437 2878 3531 2931 καὶ
3557 2879 3588 2947 ὴ
3626 2879 3793 2947 ἱερω-

2192 2974 2327 3045 σύνη
2356 2974 2424 3025 τὰ
2455 2973 2562 3044 πρὸ
2584 2972 2680 3041 τῆς
2712 2969 3011 3039 ἱερωσύνης
3045 2968 3426 3038 ἁμαρτήματα
3458 2965 3787 3033 ἀπαλείφει,

2190 3067 2328 3137 ὅπερ
2367 3066 2481 3127 τοῖς
2528 3062 2749 3117 κανόσιν
2786 3062 2886 3114 οὐκ
2922 3060 3124 3126 ἔδοξεν.

2268 3246 2514 3302 ΖΩΝΑΡ.
2559 3242 2993 3313 Ἀνεπιλήπτους
3030 3240 3127 3293 καὶ
3155 3237 3565 3310 καθαρεύοντας
3610 3237 3799 3291 αἰτια-

2203 3340 2389 3412 μάτων
2441 3336 2763 3391 κωλυόντων
2796 3324 3053 3407 ἱερᾶσθαι
3101 3332 3351 3403 βούλεται
3385 3333 3411 3384 ὁ
3439 3329 3621 3383 κανὼν
3656 3330 3793 3391 τοὺς

2196 3436 2279 3496 είς
2312 3430 2613 3502 ἱερωσύνην
2651 3428 3065 3499 προαγομένους
3098 3420 3263 3487 εἶναι,
3286 3423 3381 3476 καὶ
3416 3422 3509 3475 τὸν
3548 3420 3664 3492 βίον
3693 3423 3792 3473 καὶ

2198 3526 2296 3595 τὴν
2350 3521 2629 3591 διαγωγὴν
2656 3521 2837 3573 αὐτῶν
2886 3516 3257 3584 ἐξετάζεσθαι.
3292 3517 3354 3568 Ei
3394 3516 3438 3568 δ’
3464 3516 3592 3578 ἴσως
3621 3514 3796 3579 τινὲς,

2202 3618 2387 3687 φησὶν,
2420 3614 2790 3678 ἀνεξετάστως
2820 3610 3176 3681 προαχθῶσιν
3210 3612 3288 3671 εἰς
3323 3608 3626 3678 ἱερωσύνης
3656 3609 3799 3676 βαθ-

2205 3708 2388 3778 μὸν,ῆ
2441 3707 2666 3759 ἐκείνων
2726 3704 3178 3772 ὁμολογησάντων
3244 3703 3310 3753 τὰ
3361 3700 3574 3751 ἑαυτῶν
3629 3699 3800 3750 ἐλατ-

2202 3800 2451 3869 τώματα,
2482 3798 2530 3850 οἱ
2558 3797 2997 3868 χειροτονοῦντες
3028 3796 3226 3857 αὐτοὺς
3260 3794 3413 3864 παρὰ
3445 3794 3647 3847 κανόνα
3674 3811 3801 3862 χει-

2206 3892 2617 3961 ροτονήσουσιν,
2648 3890 3053 3959 ἀπροσδέκτους
3091 3888 3287 3949 αὐτοὺς
3337 3883 3478 3939 εἶναι
3518 3885 3799 3950 θεσπίζει,

2203 3985 2296 4038 καὶ
2330 3985 2498 4055 μηδὲν
2528 3986 2592 4036 ἐκ
2620 3984 2723 4052 τῆς
2752 3982 3087 4052 χειροτονίας
3111 3985 3212 4053 τῆς
3271 3981 3514 4051 ἀθέσμου
3559 3981 3801 4049 ὠφελεῖ-

2204 4076 2328 4128 σθαι
2361 4092 2375 4107 ·
2400 4075 2898 4146 καθαιρεθήτονται
2923 4075 3055 4145 γάρ.

2203 4169 2428 4222 ΑΡΙΣΤ.
2487 4168 2543 4223 Οἱ
2628 4168 3045 4233 ἀνεξετάστως
3124 4168 3666 4236 χειροτονούμενοι,
3738 4167 3798 4219 ei

2276 4258 2423 4326 ἑξῆς
2449 4258 2797 4329 ἐλέγχοιντο
2825 4259 2913 4312 ὅτι
2940 4259 3210 4328 ἥμαρτον
3278 4259 3486 4323 ὄντως,
3552 4258 3798 4308 πεπιιύς

2276 4354 2400 4402 σθω
2408 4366 2545 4403 σαν.

2293 4441 2420 4493 Ἐὰν
2458 4442 2567 4509 γὰρ
2607 4442 2939 4513 ἁμαρτήσας
2969 4457 3054 4503 τις
3094 4439 3326 4501 διέλαθε,
3353 4441 3448 4491 καὶ
3533 4439 3801 4503 ἀνεξετά-

522 4540 643 4577 tem
691 4527 756 4577 ad
792 4525 1027 4594 episc0pi
1062 4533 1154 4577 aut
1187 4524 1488 4592 presbyteri
1532 4523 1759 4593 gradum
1814 4530 2090 4590 provectus

2212 4550 2350 4595 στως
2381 4535 2462 4595 εἰς
2516 4532 2888 4603 ὲπισκὸπουῆ
2957 4531 3333 4603 πρεσϐυτέρου
3394 4532 3603 4601 βαθμὸν
3650 4550 3799 4604 προ-

523 4619 645 4683 fuit,
696 4618 741 4671 si
797 4626 920 4688 post
973 4618 1371 4677 ordinationem
1443 4617 1729 4670 convictus
1768 4614 2100 4683 fueritquod

523 4710 791 4777 peccavit,
820 4709 1127 4765 sacerdotio
1157 4708 1482 4762 llt0\ebilur.

1101 4800 1328 4853 CANUN
1377 4798 1444 4852 Χ.

525 4896 834 4963 Quicunque
859 4908 922 4946 ea:
943 4894 1004 4946 iis
1033 4894 1123 4961 qui
1151 4893 1284 4959 lapsi
1309 4906 1427 4946 sunt
1448 4931 1461 4954 ,
1493 4893 1574 4945 vel
1608 4908 1699 4959 per
1718 4891 2099 4962 ignorantiam,

596 4988 673 5042 rel
690 4984 972 5040 scientibus
990 4985 1055 5039 iis
1072 4988 1162 5054 qui
1179 4998 1562 5053 prontorerunt,
1590 4987 1824 5038 ordinati
1839 4995 1980 5049 sunt,
2000 4987 2099 5039 hoc

2209 4624 2396 4695 ήχθη·
2443 4627 2537 4677 ἐὰν
2621 4626 2763 4691 μετά
2823 4627 2920 4694 τὴν
2977 4626 3312 4695 χειροτονίαν
3375 4626 3653 4694 ἐλέγχοιτο
3710 4630 3801 4681 ὅτι

2207 4718 2448 4786 ἥμαρτε,
2473 4718 2571 4787 τῆς
2606 4717 2909 4787 ἱερωσύνης
2941 4717 3305 4786 παυθήσεται.

2798 4808 3037 4859 ΚΑΝΩΝ
3069 4807 3126 4861 l’.

2208 4898 2374 4951 Ὅσοι
2436 4898 2984 4967 προεχειρίσθησαν
3043 4897 3163 4951 τῶν
3226 4904 3799 4967 παραπεπτωκότων

2278 4989 2429 5043 κατὰ
2448 4994 2713 5058 ιἰτνοιαν,
2747 4992 2785 5059 ἢ
2818 4991 2916 5045 καὶ
2941 4990 3303 5060 προειδότων
3346 4990 3466 5047 τῶν
3494 5006 3795 5064 προχειρι-

1758 5121 1943 5183 Guiil.
1978 5123 2301 5202 Beveregii
2333 5130 2525 5185 notae.

599 5247 711 5319 (55)
751 5249 1004 5319 Ἕλενον
1034 5246 1146 5318 γάρ
1190 5264 1370 5313 τινες.
1424 5246 1723 5303 Nonnullos
1773 5264 1868 5319 sua
1919 5251 2085 5305 etiam

526 5332 684 5377 aetate
710 5322 778 5373 ita
809 5321 1066 5379 sensisse,
1094 5328 1324 5373 teStatus
1355 5330 1437 5372 est
1468 5319 1818 5374 Innocentius
1841 5318 1882 5386 l,
1936 5323 2083 5389 Papa

528 5394 825 5454 Romanus,
855 5390 1129 5457 quietiam
1164 5392 1365 5456 optime
1405 5393 1733 5453 observavit,
1760 5400 1888 5457 quot
1947 5392 2087 5445 mala

528 5478 590 5516 ex
628 5463 727 5516 ista
759 5459 1010 5528 Opinione
1037 5459 1201 5513 semel
1230 5460 1464 5513 admissa
1501 5472 1984 5525 consequerentur.
2017 5460 2084 5512 At

527 5534 743 5597 dicitur,
784 5532 979 5598 inquit,
1011 5546 1132 5583 uera
1160 5545 1222 5582 ac
1254 5530 1390 5588 iusta
1432 5531 1654 5600 legitimi
1680 5530 1970 5582 sacerdotis
2000 5531 2090 5583 be-

528 5603 778 5664 nedictio,
813 5601 1022 5669 auferre
1057 5616 1205 5653 omne
1231 5602 1439 5665 vitium,
1463 5600 1601 5669 quod
1635 5618 1667 5653 a
1703 5601 1886 5653 vitioso
1914 5600 2089 5668 fuerat

530 5673 799 5737 tttjc’Clttm.
834 5670 974 5738 Ergo
1002 5672 1046 5723 si
1072 5674 1147 5723 ita
1170 5685 1267 5734 est,
1291 5678 1619 5739 applicentur
1683 5674 1750 5721 ad
1798 5670 2096 5722 ordinatio-

532 5758 647 5794 nem
676 5742 912 5807 sacrilegi
933 5783 945 5801 ,
974 5743 1218 5805 adulteri,
1254 5757 1406 5811 tthtte
1433 5742 1665 5794 omnium
1686 5741 1967 5811 criminum
1995 5741 2089 5803 rei,

528 5816 653 5873 quia
692 5813 1039 5865 benedictione
1071 5810 1418 5865 ordinationis
1452 5812 1672 5865 crimina
1706 5812 1782 5864 rel
1838 5810 1960 5863 vitia
1994 5826 2091 5879 pu-

2193 5260 2375 5305 tantur
2413 5251 2637 5320 auferri.
2663 5251 2859 5307 Nullus
2891 5253 2947 5322 ﬁt
2972 5256 3291 5323 pwnitentice
3321 5255 3489 5323 locus,
3547 5257 3676 5327 quia
3724 5260 3782 5309 id

2191 5332 2359 5389 potest
2412 5335 2666 5389 prasstare
2713 5327 3007 5397 ordinatio,
3064 5328 3204 5394 quod
3244 5327 3422 5397 longa
3482 5329 3779 5397 satisfactio

2191 5404 2449 5459 prtvstarc
2480 5396 2763 5447 consuevit.
2803 5396 3017 5449 Nostra:
3081 5412 3198 5449 vero
3233 5396 3319 5449 lex
3371 5395 3626 5451 Ecclesin
3680 5412 3781 5460 est,

2193 5464 2515 5516 uenientibus
2558 5466 2621 5516 ab
2654 5464 2934 5529 hwreticis,
2979 5467 3067 5535 qui
3110 5477 3283 5519 tamen
3349 5468 3463 5520 illic
3524 5468 3787 5533 baptizati

2192 5536 2316 5593 sint.
2348 5549 2439 5600 per
2469 5536 3057 5601 manasintpositimtem
3087 5539 3284 5589 laicam
3312 5547 3521 5590 tantum
3550 5540 3787 5592 tribuere

2191 5606 2611 5657 οοιηηιιιηίοηεηι
2639 5620 2729 5658 nec
2763 5621 2826 5676 ea:
2854 5606 2935 5659 Itis
2960 5607 3187 5676 aliquem
3224 5610 3279 5659 in
3310 5609 3592 5660 clericatus
3619 5609 3789 5662 hono-

2202 5688 2309 5796 ﬁt)!
2340 5678 2414 5798 r31
2445 5676 2692 5742 exiguum
2724 5674 3345 5746 subrogare.lanosum.
3392 5677 3485 5745 Ἠ,
3515 5679 3583 5733 ad
3608 5694 3787 5749 episc.

2262 5758 2353 5797 ace
2396 5760 2555 5798 unite.

2262 5758 2555 5799 itCCQOHIt’B.
