  <div class='ocr_page' id='page_1' title='image "/cluster/home/n/w/nwhite01/storage/ocr_20150623/137:no.1/coo.31924054870427/143.png"; bbox 0 0 4072 6412; ppageno 0'>
   <div class='ocr_carea' id='block_1_1' title="bbox 393 326 490 389">
    <p class='ocr_par' dir='ltr' id='par_1_1' title="bbox 393 326 490 389">
     <span class='ocr_line' id='line_1_1' title="bbox 393 326 490 389; baseline 0.031 -3"><span class='ocrx_word' id='word_1_1' title='bbox 393 326 490 389; x_wconf 71' lang='lat'><strong>2’1</strong></span> 
     </span>
    </p>
   </div>
   <div class='ocr_carea' id='block_1_2' title="bbox 1587 319 2371 379">
    <p class='ocr_par' dir='ltr' id='par_1_2' title="bbox 1587 319 2371 379">
     <span class='ocr_line' id='line_1_2' title="bbox 1587 319 2371 379; baseline -0.001 0"><span class='ocrx_word' id='word_1_2' title='bbox 1587 335 1592 340; x_wconf 84' lang='lat'><strong><em>‘</em></strong></span> <span class='ocrx_word' id='word_1_3' title='bbox 1649 320 1927 379; x_wconf 78' lang='lat' dir='ltr'><strong>&#39;IllEOD.</strong></span> <span class='ocrx_word' id='word_1_4' title='bbox 1972 319 2155 378; x_wconf 82' lang='lat' dir='ltr'><strong>B.\LS</strong></span> <span class='ocrx_word' id='word_1_5' title='bbox 2175 319 2371 378; x_wconf 67' lang='lat' dir='ltr'><strong>AMON</strong></span> 
     </span>
    </p>
   </div>
   <div class='ocr_carea' id='block_1_3' title="bbox 3534 325 3642 387">
    <p class='ocr_par' dir='ltr' id='par_1_3' title="bbox 3534 325 3642 387">
     <span class='ocr_line' id='line_1_3' title="bbox 3534 325 3642 387; baseline 0 -1"><span class='ocrx_word' id='word_1_6' title='bbox 3534 325 3642 387; x_wconf 64' lang='lat'><strong>272</strong></span> 
     </span>
    </p>
   </div>
   <div class='ocr_carea' id='block_1_4' title="bbox 478 428 1976 506">
    <p class='ocr_par' dir='ltr' id='par_1_4' title="bbox 478 429 1963 503">
     <span class='ocr_line' id='line_1_4' title="bbox 478 429 1963 503; baseline -0.005 -14"><span class='ocrx_word' id='word_1_7' title='bbox 478 435 670 491; x_wconf 80' lang='lat' dir='ltr'><strong>BALS.</strong></span> <span class='ocrx_word' id='word_1_8' title='bbox 736 435 808 490; x_wconf 70' lang='lat'><strong>62</strong></span> <span class='ocrx_word' id='word_1_9' title='bbox 859 450 1034 488; x_wconf 81' lang='lat' dir='ltr'><strong>canon</strong></span> <span class='ocrx_word' id='word_1_10' title='bbox 1097 431 1427 503; x_wconf 77' lang='lat' dir='ltr'><strong>apostolicus</strong></span> <span class='ocrx_word' id='word_1_11' title='bbox 1479 439 1674 486; x_wconf 86' lang='lat' dir='ltr'><strong>tractat</strong></span> <span class='ocrx_word' id='word_1_12' title='bbox 1737 431 1802 484; x_wconf 91' lang='lat' dir='ltr'><strong>de</strong></span> <span class='ocrx_word' id='word_1_13' title='bbox 1856 429 1963 483; x_wconf 78' lang='lat' dir='ltr'><strong>cie-</strong></span> 
     </span>
    </p>
   </div>
   <div class='ocr_carea' id='block_1_5' title="bbox 2078 428 3653 506">
    <p class='ocr_par' dir='ltr' id='par_1_5' title="bbox 2144 428 3653 506">
     <span class='ocr_line' id='line_1_5' title="bbox 2144 428 3653 506; baseline 0.003 -24"><span class='ocrx_word' id='word_1_14' title='bbox 2144 429 2349 483; x_wconf 77' lang='grc' dir='ltr'><strong>ΒΑΛΣ.</strong></span> <span class='ocrx_word' id='word_1_15' title='bbox 2418 428 2475 482; x_wconf 86' lang='grc' dir='ltr'>Ὀ</span> <span class='ocrx_word' id='word_1_16' title='bbox 2509 429 2584 500; x_wconf 76' lang='grc' dir='ltr'><strong>ξβ¹</strong></span> <span class='ocrx_word' id='word_1_17' title='bbox 2642 429 3003 495; x_wconf 65' lang='grc' dir='ltr'>ἀποστολικὶς</span> <span class='ocrx_word' id='word_1_18' title='bbox 3053 432 3231 487; x_wconf 84' lang='grc' dir='ltr'>κανὼν</span> <span class='ocrx_word' id='word_1_19' title='bbox 3295 433 3653 506; x_wconf 74' lang='grc' dir='ltr'>διαλαμϐάνει</span> 
     </span>
    </p>
   </div>
   <div class='ocr_carea' id='block_1_6' title="bbox 391 524 1962 598">
    <p class='ocr_par' dir='ltr' id='par_1_6' title="bbox 391 524 1962 598">
     <span class='ocr_line' id='line_1_6' title="bbox 391 524 1962 598; baseline -0.007 -15"><span class='ocrx_word' id='word_1_20' title='bbox 391 530 518 584; x_wconf 87' lang='lat' dir='ltr'><strong>ricis</strong></span> <span class='ocrx_word' id='word_1_21' title='bbox 546 528 634 598; x_wconf 85' lang='lat' dir='ltr'><strong>qui</strong></span> <span class='ocrx_word' id='word_1_22' title='bbox 664 541 758 597; x_wconf 87' lang='lat' dir='ltr'><strong>per</strong></span> <span class='ocrx_word' id='word_1_23' title='bbox 791 526 898 580; x_wconf 91' lang='lat' dir='ltr'><strong>vim</strong></span> <span class='ocrx_word' id='word_1_24' title='bbox 933 524 1256 594; x_wconf 86' lang='lat' dir='ltr'><strong>transgressi</strong></span> <span class='ocrx_word' id='word_1_25' title='bbox 1307 531 1467 577; x_wconf 85' lang='lat' dir='ltr'><strong>sunt:</strong></span> <span class='ocrx_word' id='word_1_26' title='bbox 1514 535 1753 592; x_wconf 67' lang='lat' dir='ltr'><strong>praesens</strong></span> <span class='ocrx_word' id='word_1_27' title='bbox 1782 530 1962 573; x_wconf 70' lang='lat' dir='ltr'><strong>autem</strong></span> 
     </span>
    </p>
   </div>
   <div class='ocr_carea' id='block_1_7' title="bbox 390 614 1970 684">
    <p class='ocr_par' dir='ltr' id='par_1_7' title="bbox 390 614 1970 684">
     <span class='ocr_line' id='line_1_7' title="bbox 390 614 1970 684; baseline -0.006 -10"><span class='ocrx_word' id='word_1_28' title='bbox 390 636 586 683; x_wconf 82' lang='lat' dir='ltr'><strong>canon,</strong></span> <span class='ocrx_word' id='word_1_29' title='bbox 625 618 693 673; x_wconf 86' lang='lat' dir='ltr'><strong>de</strong></span> <span class='ocrx_word' id='word_1_30' title='bbox 723 618 789 670; x_wconf 89' lang='lat' dir='ltr'><strong>iis</strong></span> <span class='ocrx_word' id='word_1_31' title='bbox 818 616 908 684; x_wconf 86' lang='lat' dir='ltr'><strong>qui</strong></span> <span class='ocrx_word' id='word_1_32' title='bbox 941 615 1058 670; x_wconf 84' lang='lat' dir='ltr'><strong>sine</strong></span> <span class='ocrx_word' id='word_1_33' title='bbox 1095 617 1144 669; x_wconf 92' lang='lat' dir='ltr'><strong>vi</strong></span> <span class='ocrx_word' id='word_1_34' title='bbox 1177 614 1454 671; x_wconf 85' lang='lat' dir='ltr'><strong>Christum</strong></span> <span class='ocrx_word' id='word_1_35' title='bbox 1491 622 1827 683; x_wconf 81' lang='lat' dir='ltr'><strong>negaverunt</strong></span> <span class='ocrx_word' id='word_1_36' title='bbox 1855 629 1868 666; x_wconf 92' lang='lat'><strong>:</strong></span> <span class='ocrx_word' id='word_1_37' title='bbox 1914 621 1970 664; x_wconf 91' lang='lat' dir='ltr'><strong>et</strong></span> 
     </span>
    </p>
   </div>
   <div class='ocr_carea' id='block_1_8' title="bbox 391 704 1964 779">
    <p class='ocr_par' dir='ltr' id='par_1_8' title="bbox 391 704 1964 779">
     <span class='ocr_line' id='line_1_8' title="bbox 391 704 1964 779; baseline -0.005 -15"><span class='ocrx_word' id='word_1_38' title='bbox 391 711 527 764; x_wconf 81' lang='lat' dir='ltr'><strong>dicit</strong></span> <span class='ocrx_word' id='word_1_39' title='bbox 557 724 652 764; x_wconf 92' lang='lat' dir='ltr'><strong>eos</strong></span> <span class='ocrx_word' id='word_1_40' title='bbox 685 717 938 779; x_wconf 74' lang='lat' dir='ltr'><strong>oportere</strong></span> <span class='ocrx_word' id='word_1_41' title='bbox 962 707 1132 776; x_wconf 82' lang='lat' dir='ltr'><strong>recipi</strong></span> <span class='ocrx_word' id='word_1_42' title='bbox 1156 746 1172 772; x_wconf 91' lang='lat'><strong>,</strong></span> <span class='ocrx_word' id='word_1_43' title='bbox 1207 707 1250 761; x_wconf 85' lang='lat' dir='ltr'><strong>si</strong></span> <span class='ocrx_word' id='word_1_44' title='bbox 1280 720 1536 776; x_wconf 77' lang='lat' dir='ltr'><strong>germane</strong></span> <span class='ocrx_word' id='word_1_45' title='bbox 1558 745 1576 768; x_wconf 88' lang='lat'><strong><em>.</em></strong></span> <span class='ocrx_word' id='word_1_46' title='bbox 1618 704 1672 759; x_wconf 82' lang='lat' dir='ltr'><strong>id</strong></span> <span class='ocrx_word' id='word_1_47' title='bbox 1700 713 1782 759; x_wconf 86' lang='lat' dir='ltr'><strong>est</strong></span> <span class='ocrx_word' id='word_1_48' title='bbox 1820 716 1964 765; x_wconf 85' lang='lat' dir='ltr'><strong>vere,</strong></span> 
     </span>
    </p>
   </div>
   <div class='ocr_carea' id='block_1_9' title="bbox 393 795 1970 870">
    <p class='ocr_par' dir='ltr' id='par_1_9' title="bbox 393 795 1970 870">
     <span class='ocr_line' id='line_1_9' title="bbox 393 795 1970 870; baseline -0.008 -14"><span class='ocrx_word' id='word_1_49' title='bbox 393 801 766 870; x_wconf 76' lang='lat' dir='ltr'><strong>pmnitentiam</strong></span> <span class='ocrx_word' id='word_1_50' title='bbox 807 806 1010 868; x_wconf 92' lang='lat' dir='ltr'><strong>agant:</strong></span> <span class='ocrx_word' id='word_1_51' title='bbox 1057 806 1113 852; x_wconf 90' lang='lat' dir='ltr'><strong>et</strong></span> <span class='ocrx_word' id='word_1_52' title='bbox 1152 797 1326 852; x_wconf 83' lang='lat' dir='ltr'><strong>tribus</strong></span> <span class='ocrx_word' id='word_1_53' title='bbox 1367 797 1582 865; x_wconf 83' lang='lat' dir='ltr'><strong>quidem</strong></span> <span class='ocrx_word' id='word_1_54' title='bbox 1613 795 1775 849; x_wconf 87' lang='lat' dir='ltr'><strong>annis</strong></span> <span class='ocrx_word' id='word_1_55' title='bbox 1825 802 1970 846; x_wconf 86' lang='lat' dir='ltr'><strong>stare</strong></span> 
     </span>
    </p>
   </div>
   <div class='ocr_carea' id='block_1_10' title="bbox 393 887 1967 960">
    <p class='ocr_par' dir='ltr' id='par_1_10' title="bbox 393 887 1967 960">
     <span class='ocr_line' id='line_1_10' title="bbox 393 887 1967 960; baseline -0.007 -13"><span class='ocrx_word' id='word_1_56' title='bbox 393 906 546 947; x_wconf 74' lang='lat' dir='ltr'><strong>extra</strong></span> <span class='ocrx_word' id='word_1_57' title='bbox 585 891 838 960; x_wconf 80' lang='lat' dir='ltr'><strong>templum</strong></span> <span class='ocrx_word' id='word_1_58' title='bbox 870 907 886 956; x_wconf 90' lang='lat'><strong>;</strong></span> <span class='ocrx_word' id='word_1_59' title='bbox 933 899 988 944; x_wconf 92' lang='lat' dir='ltr'><strong>et</strong></span> <span class='ocrx_word' id='word_1_60' title='bbox 1028 889 1122 944; x_wconf 88' lang='lat' dir='ltr'><strong>Dei</strong></span> <span class='ocrx_word' id='word_1_61' title='bbox 1172 888 1277 958; x_wconf 75' lang='grc'><strong>72</strong></span> <span class='ocrx_word' id='word_1_62' title='bbox 1319 887 1548 957; x_wconf 87' lang='lat' dir='ltr'><strong>hynmos</strong></span> <span class='ocrx_word' id='word_1_63' title='bbox 1586 887 1776 941; x_wconf 89' lang='lat' dir='ltr'><strong>audire</strong></span> <span class='ocrx_word' id='word_1_64' title='bbox 1815 901 1829 939; x_wconf 90' lang='lat'><strong>:</strong></span> <span class='ocrx_word' id='word_1_65' title='bbox 1878 899 1967 938; x_wconf 89' lang='lat' dir='ltr'><strong>se-</strong></span> 
     </span>
    </p>
   </div>
   <div class='ocr_carea' id='block_1_11' title="bbox 396 975 1965 1050">
    <p class='ocr_par' dir='ltr' id='par_1_11' title="bbox 396 975 1965 1050">
     <span class='ocr_line' id='line_1_11' title="bbox 396 975 1965 1050; baseline -0.004 -19"><span class='ocrx_word' id='word_1_66' title='bbox 396 996 536 1050; x_wconf 77' lang='lat' dir='ltr'><strong>ptem</strong></span> <span class='ocrx_word' id='word_1_67' title='bbox 587 991 764 1034; x_wconf 89' lang='lat' dir='ltr'><strong>autem</strong></span> <span class='ocrx_word' id='word_1_68' title='bbox 805 981 964 1034; x_wconf 89' lang='lat' dir='ltr'><strong>annis</strong></span> <span class='ocrx_word' id='word_1_69' title='bbox 1021 979 1298 1033; x_wconf 82' lang='lat' dir='ltr'><strong>substerni</strong></span> <span class='ocrx_word' id='word_1_70' title='bbox 1333 977 1450 1032; x_wconf 83' lang='lat' dir='ltr'><strong>sive</strong></span> <span class='ocrx_word' id='word_1_71' title='bbox 1488 977 1630 1030; x_wconf 90' lang='lat' dir='ltr'><strong>intra</strong></span> <span class='ocrx_word' id='word_1_72' title='bbox 1681 975 1965 1029; x_wconf 81' lang='lat' dir='ltr'><strong>ecclesiam</strong></span> 
     </span>
    </p>
   </div>
   <div class='ocr_carea' id='block_1_12' title="bbox 395 1063 1969 1136">
    <p class='ocr_par' dir='ltr' id='par_1_12' title="bbox 395 1063 1969 1136">
     <span class='ocr_line' id='line_1_12' title="bbox 395 1063 1969 1136; baseline -0.006 -12"><span class='ocrx_word' id='word_1_73' title='bbox 395 1083 571 1132; x_wconf 85' lang='lat' dir='ltr'><strong>stare,</strong></span> <span class='ocrx_word' id='word_1_74' title='bbox 616 1068 710 1122; x_wconf 87' lang='lat' dir='ltr'><strong>sed</strong></span> <span class='ocrx_word' id='word_1_75' title='bbox 773 1076 892 1136; x_wconf 85' lang='lat' dir='ltr'><strong>post</strong></span> <span class='ocrx_word' id='word_1_76' title='bbox 939 1066 1242 1131; x_wconf 86' lang='lat' dir='ltr'><strong>ambonem,</strong></span> <span class='ocrx_word' id='word_1_77' title='bbox 1275 1075 1330 1119; x_wconf 87' lang='lat' dir='ltr'><strong>et</strong></span> <span class='ocrx_word' id='word_1_78' title='bbox 1391 1079 1513 1119; x_wconf 92' lang='lat' dir='ltr'><strong>cum</strong></span> <span class='ocrx_word' id='word_1_79' title='bbox 1566 1063 1969 1117; x_wconf 87' lang='lat' dir='ltr'><strong>catechnmcnis</strong></span> 
     </span>
    </p>
   </div>
   <div class='ocr_carea' id='block_1_13' title="bbox 394 1154 1969 1228">
    <p class='ocr_par' dir='ltr' id='par_1_13' title="bbox 394 1154 1969 1228">
     <span class='ocr_line' id='line_1_13' title="bbox 394 1154 1969 1228; baseline -0.006 -13"><span class='ocrx_word' id='word_1_80' title='bbox 394 1163 562 1216; x_wconf 77' lang='lat' dir='ltr'><strong>exire.</strong></span> <span class='ocrx_word' id='word_1_81' title='bbox 614 1160 894 1228; x_wconf 83' lang='lat' dir='ltr'><strong>Complcto</strong></span> <span class='ocrx_word' id='word_1_82' title='bbox 950 1168 1130 1212; x_wconf 86' lang='lat' dir='ltr'><strong>autem</strong></span> <span class='ocrx_word' id='word_1_83' title='bbox 1181 1156 1498 1225; x_wconf 88' lang='lat' dir='ltr'><strong>septennio,</strong></span> <span class='ocrx_word' id='word_1_84' title='bbox 1551 1170 1675 1208; x_wconf 91' lang='lat' dir='ltr'><strong>cmn</strong></span> <span class='ocrx_word' id='word_1_85' title='bbox 1725 1154 1969 1206; x_wconf 72' lang='lat' dir='ltr'><strong>ﬁdelith</strong></span> 
     </span>
    </p>
   </div>
   <div class='ocr_carea' id='block_1_14' title="bbox 392 1244 1968 1319">
    <p class='ocr_par' dir='ltr' id='par_1_14' title="bbox 392 1244 1968 1319">
     <span class='ocr_line' id='line_1_14' title="bbox 392 1244 1968 1319; baseline -0.006 -14"><span class='ocrx_word' id='word_1_86' title='bbox 392 1254 608 1319; x_wconf 81' lang='lat' dir='ltr'><strong>quidem</strong></span> <span class='ocrx_word' id='word_1_87' title='bbox 637 1268 740 1306; x_wconf 88' lang='lat' dir='ltr'><strong>una</strong></span> <span class='ocrx_word' id='word_1_88' title='bbox 774 1249 1488 1318; x_wconf 71' lang='lat' dir='ltr'><strong>comprecahunturintegre</strong></span> <span class='ocrx_word' id='word_1_89' title='bbox 1512 1264 1525 1300; x_wconf 86' lang='lat'>:</span> <span class='ocrx_word' id='word_1_90' title='bbox 1548 1256 1672 1314; x_wconf 84' lang='lat' dir='ltr'><strong>post</strong></span> <span class='ocrx_word' id='word_1_91' title='bbox 1695 1244 1968 1298; x_wconf 82' lang='lat' dir='ltr'><strong>biennium</strong></span> 
     </span>
    </p>
   </div>
   <div class='ocr_carea' id='block_1_15' title="bbox 395 1339 1483 1414">
    <p class='ocr_par' dir='ltr' id='par_1_15' title="bbox 395 1339 1483 1414">
     <span class='ocr_line' id='line_1_15' title="bbox 395 1339 1483 1414; baseline -0.006 -14"><span class='ocrx_word' id='word_1_92' title='bbox 395 1362 522 1400; x_wconf 87' lang='lat' dir='ltr'><strong>vero</strong></span> <span class='ocrx_word' id='word_1_93' title='bbox 562 1344 707 1414; x_wconf 81' lang='lat' dir='ltr'><strong>digni</strong></span> <span class='ocrx_word' id='word_1_94' title='bbox 737 1341 1081 1396; x_wconf 86' lang='lat' dir='ltr'><strong>habebuntur</strong></span> <span class='ocrx_word' id='word_1_95' title='bbox 1107 1339 1483 1395; x_wconf 80' lang='lat' dir='ltr'><strong>sacramentis.</strong></span> 
     </span>
    </p>
   </div>
   <div class='ocr_carea' id='block_1_16' title="bbox 469 1514 1973 1590">
    <p class='ocr_par' dir='ltr' id='par_1_16' title="bbox 469 1514 1973 1590">
     <span class='ocr_line' id='line_1_16' title="bbox 469 1514 1973 1590; baseline -0.007 -12"><span class='ocrx_word' id='word_1_96' title='bbox 469 1522 724 1578; x_wconf 72' lang='lat' dir='ltr'><strong>ZONAR.</strong></span> <span class='ocrx_word' id='word_1_97' title='bbox 775 1521 850 1575; x_wconf 86' lang='lat' dir='ltr'><strong>De</strong></span> <span class='ocrx_word' id='word_1_98' title='bbox 888 1522 954 1576; x_wconf 87' lang='lat' dir='ltr'><strong>iis</strong></span> <span class='ocrx_word' id='word_1_99' title='bbox 1007 1519 1098 1590; x_wconf 91' lang='lat' dir='ltr'><strong>qui</strong></span> <span class='ocrx_word' id='word_1_100' title='bbox 1134 1520 1204 1573; x_wconf 90' lang='lat' dir='ltr'><strong>oh</strong></span> <span class='ocrx_word' id='word_1_101' title='bbox 1266 1517 1575 1572; x_wconf 78' lang='lat' dir='ltr'><strong>violentiam</strong></span> <span class='ocrx_word' id='word_1_102' title='bbox 1627 1514 1850 1570; x_wconf 89' lang='lat' dir='ltr'><strong>multam</strong></span> <span class='ocrx_word' id='word_1_103' title='bbox 1917 1523 1973 1568; x_wconf 87' lang='lat' dir='ltr'><strong>et</strong></span> 
     </span>
    </p>
   </div>
   <div class='ocr_carea' id='block_1_17' title="bbox 399 1610 2043 1682">
    <p class='ocr_par' dir='ltr' id='par_1_17' title="bbox 399 1610 2043 1682">
     <span class='ocr_line' id='line_1_17' title="bbox 399 1610 2043 1682; baseline -0.006 -10"><span class='ocrx_word' id='word_1_104' title='bbox 399 1618 779 1672; x_wconf 88' lang='lat' dir='ltr'><strong>necessitatem</strong></span> <span class='ocrx_word' id='word_1_105' title='bbox 814 1615 971 1667; x_wconf 87' lang='lat' dir='ltr'><strong>ﬁdem</strong></span> <span class='ocrx_word' id='word_1_106' title='bbox 1012 1621 1297 1682; x_wconf 81' lang='lat' dir='ltr'><strong>negarunt,</strong></span> <span class='ocrx_word' id='word_1_107' title='bbox 1331 1610 1421 1664; x_wconf 91' lang='lat' dir='ltr'><strong>alii</strong></span> <span class='ocrx_word' id='word_1_108' title='bbox 1457 1624 1695 1663; x_wconf 88' lang='lat' dir='ltr'><strong>canones</strong></span> <span class='ocrx_word' id='word_1_109' title='bbox 1729 1613 1968 1665; x_wconf 81' lang='lat' dir='ltr'><strong>exstant,</strong></span> <span class='ocrx_word' id='word_1_110' title='bbox 2023 1653 2043 1662; x_wconf 77' lang='lat'><strong>-</strong></span> 
     </span>
    </p>
   </div>
   <div class='ocr_carea' id='block_1_18' title="bbox 397 1698 1968 1774">
    <p class='ocr_par' dir='ltr' id='par_1_18' title="bbox 397 1698 1968 1774">
     <span class='ocr_line' id='line_1_18' title="bbox 397 1698 1968 1774; baseline -0.008 -11"><span class='ocrx_word' id='word_1_111' title='bbox 397 1709 493 1763; x_wconf 52' lang='lat' dir='ltr'><strong>Ille</strong></span> <span class='ocrx_word' id='word_1_112' title='bbox 547 1721 726 1760; x_wconf 88' lang='lat' dir='ltr'><strong>autem</strong></span> <span class='ocrx_word' id='word_1_113' title='bbox 773 1721 867 1760; x_wconf 82' lang='lat' dir='ltr'><strong>eos</strong></span> <span class='ocrx_word' id='word_1_114' title='bbox 910 1706 1105 1774; x_wconf 79' lang='lat' dir='ltr'><strong>tangit,</strong></span> <span class='ocrx_word' id='word_1_115' title='bbox 1161 1704 1250 1770; x_wconf 89' lang='lat' dir='ltr'><strong>qui</strong></span> <span class='ocrx_word' id='word_1_116' title='bbox 1293 1718 1389 1758; x_wconf 86' lang='lat' dir='ltr'><strong>sua</strong></span> <span class='ocrx_word' id='word_1_117' title='bbox 1428 1701 1708 1755; x_wconf 74' lang='lat' dir='ltr'><strong>voluntate</strong></span> <span class='ocrx_word' id='word_1_118' title='bbox 1764 1716 1792 1754; x_wconf 91' lang='lat' dir='ltr'><strong>a</strong></span> <span class='ocrx_word' id='word_1_119' title='bbox 1844 1698 1968 1753; x_wconf 83' lang='lat' dir='ltr'><strong>ﬁdei</strong></span> 
     </span>
    </p>
   </div>
   <div class='ocr_carea' id='block_1_19' title="bbox 395 1773 2046 1870">
    <p class='ocr_par' dir='ltr' id='par_1_19' title="bbox 395 1773 2046 1870">
     <span class='ocr_line' id='line_1_19' title="bbox 395 1773 2046 1870; baseline -0.005 -18"><span class='ocrx_word' id='word_1_120' title='bbox 395 1799 673 1870; x_wconf 80' lang='lat' dir='ltr'><strong>proposito</strong></span> <span class='ocrx_word' id='word_1_121' title='bbox 719 1773 1083 1850; x_wconf 77' lang='lat' dir='ltr'><strong>desciverunt.</strong></span> <span class='ocrx_word' id='word_1_122' title='bbox 1140 1795 1218 1848; x_wconf 88' lang='lat' dir='ltr'><strong>Ac</strong></span> <span class='ocrx_word' id='word_1_123' title='bbox 1251 1793 1558 1861; x_wconf 73' lang='lat' dir='ltr'><strong>huiusmodi</strong></span> <span class='ocrx_word' id='word_1_124' title='bbox 1595 1792 1814 1862; x_wconf 88' lang='lat' dir='ltr'><strong>quidem</strong></span> <span class='ocrx_word' id='word_1_125' title='bbox 1867 1791 1970 1845; x_wconf 87' lang='lat' dir='ltr'><strong>ho-</strong></span> <span class='ocrx_word' id='word_1_126' title='bbox 2004 1773 2046 1826; x_wconf 75' lang='grc' dir='ltr'><strong>Β</strong></span> 
     </span>
    </p>
   </div>
   <div class='ocr_carea' id='block_1_20' title="bbox 397 1882 1974 1956">
    <p class='ocr_par' dir='ltr' id='par_1_20' title="bbox 397 1882 1974 1956">
     <span class='ocr_line' id='line_1_20' title="bbox 397 1882 1974 1956; baseline -0.008 -10"><span class='ocrx_word' id='word_1_127' title='bbox 397 1894 591 1956; x_wconf 75' lang='lat' dir='ltr'><strong>mines,</strong></span> <span class='ocrx_word' id='word_1_128' title='bbox 622 1890 764 1954; x_wconf 89' lang='lat' dir='ltr'><strong>licet,</strong></span> <span class='ocrx_word' id='word_1_129' title='bbox 808 1885 1008 1956; x_wconf 73' lang='lat' dir='ltr'><strong>inquit,</strong></span> <span class='ocrx_word' id='word_1_130' title='bbox 1043 1887 1295 1954; x_wconf 84' lang='lat' dir='ltr'><strong>indignos</strong></span> <span class='ocrx_word' id='word_1_131' title='bbox 1332 1885 1508 1949; x_wconf 85' lang='lat' dir='ltr'><strong>venia,</strong></span> <span class='ocrx_word' id='word_1_132' title='bbox 1545 1882 1593 1938; x_wconf 91' lang='lat' dir='ltr'><strong>si</strong></span> <span class='ocrx_word' id='word_1_133' title='bbox 1639 1894 1819 1938; x_wconf 91' lang='lat' dir='ltr'><strong>tamen</strong></span> <span class='ocrx_word' id='word_1_134' title='bbox 1853 1895 1974 1952; x_wconf 84' lang='lat' dir='ltr'><strong>ger-</strong></span> 
     </span>
    </p>
   </div>
   <div class='ocr_carea' id='block_1_21' title="bbox 399 1973 1970 2050">
    <p class='ocr_par' dir='ltr' id='par_1_21' title="bbox 399 1973 1970 2050">
     <span class='ocr_line' id='line_1_21' title="bbox 399 1973 1970 2050; baseline -0.006 -14"><span class='ocrx_word' id='word_1_135' title='bbox 399 1999 552 2036; x_wconf 76' lang='lat' dir='ltr'><strong>mana</strong></span> <span class='ocrx_word' id='word_1_136' title='bbox 593 1983 938 2050; x_wconf 71' lang='lat' dir='ltr'><strong>pantitentia,</strong></span> <span class='ocrx_word' id='word_1_137' title='bbox 973 1979 1076 2032; x_wconf 90' lang='lat' dir='ltr'><strong>hoc</strong></span> <span class='ocrx_word' id='word_1_138' title='bbox 1103 1989 1222 2040; x_wconf 84' lang='lat' dir='ltr'><strong>est,</strong></span> <span class='ocrx_word' id='word_1_139' title='bbox 1271 1991 1396 2030; x_wconf 80' lang='lat' dir='ltr'><strong>vera</strong></span> <span class='ocrx_word' id='word_1_140' title='bbox 1421 2016 1435 2041; x_wconf 93' lang='lat'><strong>,</strong></span> <span class='ocrx_word' id='word_1_141' title='bbox 1490 1991 1597 2029; x_wconf 90' lang='lat' dir='ltr'><strong>non</strong></span> <span class='ocrx_word' id='word_1_142' title='bbox 1646 1975 1768 2028; x_wconf 83' lang='lat' dir='ltr'><strong>ﬁcta</strong></span> <span class='ocrx_word' id='word_1_143' title='bbox 1799 1982 1854 2028; x_wconf 93' lang='lat' dir='ltr'><strong>et</strong></span> <span class='ocrx_word' id='word_1_144' title='bbox 1897 1973 1970 2026; x_wconf 91' lang='lat' dir='ltr'><strong>si-</strong></span> 
     </span>
    </p>
   </div>
   <div class='ocr_carea' id='block_1_22' title="bbox 399 2066 1971 2137">
    <p class='ocr_par' dir='ltr' id='par_1_22' title="bbox 399 2066 1971 2137">
     <span class='ocr_line' id='line_1_22' title="bbox 399 2066 1971 2137; baseline -0.008 -9"><span class='ocrx_word' id='word_1_145' title='bbox 399 2075 595 2128; x_wconf 79' lang='lat' dir='ltr'><strong>mulata</strong></span> <span class='ocrx_word' id='word_1_146' title='bbox 634 2075 753 2127; x_wconf 85' lang='lat' dir='ltr'><strong>duci</strong></span> <span class='ocrx_word' id='word_1_147' title='bbox 787 2081 1022 2134; x_wconf 87' lang='lat' dir='ltr'><strong>constet,</strong></span> <span class='ocrx_word' id='word_1_148' title='bbox 1062 2069 1422 2137; x_wconf 87' lang='lat' dir='ltr'><strong>ardoremque</strong></span> <span class='ocrx_word' id='word_1_149' title='bbox 1451 2068 1616 2122; x_wconf 83' lang='lat' dir='ltr'><strong>animi</strong></span> <span class='ocrx_word' id='word_1_150' title='bbox 1652 2083 1758 2121; x_wconf 90' lang='lat' dir='ltr'><strong>non</strong></span> <span class='ocrx_word' id='word_1_151' title='bbox 1787 2066 1971 2136; x_wconf 70' lang='lat' dir='ltr'><strong>vulga-</strong></span> 
     </span>
    </p>
   </div>
   <div class='ocr_carea' id='block_1_23' title="bbox 397 2158 1969 2236">
    <p class='ocr_par' dir='ltr' id='par_1_23' title="bbox 397 2158 1969 2236">
     <span class='ocr_line' id='line_1_23' title="bbox 397 2158 1969 2236; baseline -0.005 -18"><span class='ocrx_word' id='word_1_152' title='bbox 397 2182 508 2218; x_wconf 89' lang='lat' dir='ltr'><strong>rem</strong></span> <span class='ocrx_word' id='word_1_153' title='bbox 540 2180 650 2236; x_wconf 71' lang='lat' dir='ltr'><strong>pra:</strong></span> <span class='ocrx_word' id='word_1_154' title='bbox 693 2179 750 2217; x_wconf 83' lang='lat' dir='ltr'><strong>se</strong></span> <span class='ocrx_word' id='word_1_155' title='bbox 795 2163 992 2226; x_wconf 76' lang='lat' dir='ltr'><strong>ferant,</strong></span> <span class='ocrx_word' id='word_1_156' title='bbox 1029 2176 1097 2216; x_wconf 78' lang='lat' dir='ltr'><strong>ex</strong></span> <span class='ocrx_word' id='word_1_157' title='bbox 1136 2160 1470 2229; x_wconf 67' lang='lat' dir='ltr'><strong>indulgentia</strong></span> <span class='ocrx_word' id='word_1_158' title='bbox 1519 2158 1775 2213; x_wconf 75' lang='lat' dir='ltr'><strong>videlicet</strong></span> <span class='ocrx_word' id='word_1_159' title='bbox 1833 2173 1969 2227; x_wconf 88' lang='lat' dir='ltr'><strong>qua-</strong></span> 
     </span>
    </p>
   </div>
   <div class='ocr_carea' id='block_1_24' title="bbox 396 2238 1971 2324">
    <p class='ocr_par' dir='ltr' id='par_1_24' title="bbox 396 2238 1971 2324">
     <span class='ocr_line' id='line_1_24' title="bbox 396 2238 1971 2324; baseline -0.004 -12"><span class='ocrx_word' id='word_1_160' title='bbox 396 2238 539 2319; x_wconf 73' lang='lat' dir='ltr'><strong>dam,</strong></span> <span class='ocrx_word' id='word_1_161' title='bbox 575 2255 804 2310; x_wconf 87' lang='lat' dir='ltr'><strong>ﬁdelium</strong></span> <span class='ocrx_word' id='word_1_162' title='bbox 839 2269 1064 2309; x_wconf 90' lang='lat' dir='ltr'><strong>numero</strong></span> <span class='ocrx_word' id='word_1_163' title='bbox 1107 2253 1386 2324; x_wconf 80' lang='lat' dir='ltr'><strong>aggregari</strong></span> <span class='ocrx_word' id='word_1_164' title='bbox 1416 2252 1614 2321; x_wconf 83' lang='lat' dir='ltr'><strong>placet.</strong></span> <span class='ocrx_word' id='word_1_165' title='bbox 1655 2251 1719 2304; x_wconf 89' lang='lat' dir='ltr'><strong>Et</strong></span> <span class='ocrx_word' id='word_1_166' title='bbox 1753 2253 1971 2306; x_wconf 72' lang='lat' dir='ltr'><strong>mattziat</strong></span> 
     </span>
    </p>
   </div>
   <div class='ocr_carea' id='block_1_25' title="bbox 397 2343 1968 2416">
    <p class='ocr_par' dir='ltr' id='par_1_25' title="bbox 397 2343 1968 2416">
     <span class='ocr_line' id='line_1_25' title="bbox 397 2343 1968 2416; baseline -0.003 -17"><span class='ocrx_word' id='word_1_167' title='bbox 397 2357 454 2402; x_wconf 93' lang='lat' dir='ltr'><strong>nt</strong></span> <span class='ocrx_word' id='word_1_168' title='bbox 506 2347 793 2400; x_wconf 87' lang='lat' dir='ltr'><strong>triennium</strong></span> <span class='ocrx_word' id='word_1_169' title='bbox 848 2345 1066 2416; x_wconf 85' lang='lat' dir='ltr'><strong>quidem</strong></span> <span class='ocrx_word' id='word_1_170' title='bbox 1106 2345 1246 2399; x_wconf 89' lang='lat' dir='ltr'><strong>inter</strong></span> <span class='ocrx_word' id='word_1_171' title='bbox 1290 2343 1574 2397; x_wconf 84' lang='lat' dir='ltr'><strong>audientes</strong></span> <span class='ocrx_word' id='word_1_172' title='bbox 1609 2353 1802 2410; x_wconf 79' lang='lat' dir='ltr'><strong>agant,</strong></span> <span class='ocrx_word' id='word_1_173' title='bbox 1845 2357 1968 2394; x_wconf 88' lang='lat' dir='ltr'><strong>cum</strong></span> 
     </span>
    </p>
   </div>
   <div class='ocr_carea' id='block_1_26' title="bbox 396 2433 1968 2505">
    <p class='ocr_par' dir='ltr' id='par_1_26' title="bbox 396 2433 1968 2505">
     <span class='ocr_line' id='line_1_26' title="bbox 396 2433 1968 2505; baseline -0.001 -17"><span class='ocrx_word' id='word_1_174' title='bbox 396 2438 594 2505; x_wconf 78' lang='lat' dir='ltr'><strong>quibus</strong></span> <span class='ocrx_word' id='word_1_175' title='bbox 635 2436 843 2494; x_wconf 86' lang='lat' dir='ltr'><strong>scilicet</strong></span> <span class='ocrx_word' id='word_1_176' title='bbox 884 2445 1036 2489; x_wconf 75' lang='lat' dir='ltr'><strong>extra</strong></span> <span class='ocrx_word' id='word_1_177' title='bbox 1075 2433 1332 2502; x_wconf 88' lang='lat' dir='ltr'><strong>templum</strong></span> <span class='ocrx_word' id='word_1_178' title='bbox 1387 2433 1598 2504; x_wconf 82' lang='lat' dir='ltr'><strong>religati</strong></span> <span class='ocrx_word' id='word_1_179' title='bbox 1657 2435 1710 2486; x_wconf 89' lang='lat' dir='ltr'><strong>in</strong></span> <span class='ocrx_word' id='word_1_180' title='bbox 1761 2433 1968 2502; x_wconf 83' lang='lat' dir='ltr'><strong>porticu</strong></span> 
     </span>
    </p>
   </div>
   <div class='ocr_carea' id='block_1_27' title="bbox 398 2525 1970 2598">
    <p class='ocr_par' dir='ltr' id='par_1_27' title="bbox 398 2525 1970 2598">
     <span class='ocr_line' id='line_1_27' title="bbox 398 2525 1970 2598; baseline -0.004 -15"><span class='ocrx_word' id='word_1_181' title='bbox 398 2531 718 2592; x_wconf 78' lang='lat' dir='ltr'><strong>consistant,</strong></span> <span class='ocrx_word' id='word_1_182' title='bbox 763 2528 1068 2598; x_wconf 88' lang='lat' dir='ltr'><strong>divinisque</strong></span> <span class='ocrx_word' id='word_1_183' title='bbox 1101 2526 1398 2594; x_wconf 88' lang='lat' dir='ltr'><strong>Scripturis</strong></span> <span class='ocrx_word' id='word_1_184' title='bbox 1428 2525 1711 2580; x_wconf 83' lang='lat' dir='ltr'><strong>audiendis</strong></span> <span class='ocrx_word' id='word_1_185' title='bbox 1743 2533 1970 2591; x_wconf 82' lang='lat' dir='ltr'><strong>vacent,</strong></span> 
     </span>
    </p>
   </div>
   <div class='ocr_carea' id='block_1_28' title="bbox 399 2618 1974 2689">
    <p class='ocr_par' dir='ltr' id='par_1_28' title="bbox 399 2618 1974 2689">
     <span class='ocr_line' id='line_1_28' title="bbox 399 2618 1974 2689; baseline -0.002 -14"><span class='ocrx_word' id='word_1_186' title='bbox 399 2633 603 2689; x_wconf 77' lang='lat' dir='ltr'><strong>septem</strong></span> <span class='ocrx_word' id='word_1_187' title='bbox 630 2621 786 2676; x_wconf 89' lang='lat' dir='ltr'><strong>anuis</strong></span> <span class='ocrx_word' id='word_1_188' title='bbox 825 2622 880 2674; x_wconf 89' lang='lat' dir='ltr'><strong>in</strong></span> <span class='ocrx_word' id='word_1_189' title='bbox 918 2619 1286 2676; x_wconf 85' lang='lat' dir='ltr'><strong>substratioue</strong></span> <span class='ocrx_word' id='word_1_190' title='bbox 1325 2619 1453 2681; x_wconf 90' lang='lat' dir='ltr'><strong>sint,</strong></span> <span class='ocrx_word' id='word_1_191' title='bbox 1489 2618 1588 2672; x_wconf 91' lang='lat' dir='ltr'><strong>hoc</strong></span> <span class='ocrx_word' id='word_1_192' title='bbox 1629 2627 1734 2682; x_wconf 90' lang='lat' dir='ltr'><strong>est,</strong></span> <span class='ocrx_word' id='word_1_193' title='bbox 1783 2618 1836 2671; x_wconf 91' lang='lat' dir='ltr'><strong>in</strong></span> <span class='ocrx_word' id='word_1_194' title='bbox 1879 2632 1974 2672; x_wconf 88' lang='lat' dir='ltr'><strong>ec-</strong></span> 
     </span>
    </p>
   </div>
   <div class='ocr_carea' id='block_1_29' title="bbox 399 2711 1970 2782">
    <p class='ocr_par' dir='ltr' id='par_1_29' title="bbox 399 2711 1970 2782">
     <span class='ocr_line' id='line_1_29' title="bbox 399 2711 1970 2782; baseline -0.001 -16"><span class='ocrx_word' id='word_1_195' title='bbox 399 2715 617 2768; x_wconf 68' lang='lat' dir='ltr'><strong>clesiam</strong></span> <span class='ocrx_word' id='word_1_196' title='bbox 642 2713 861 2782; x_wconf 82' lang='lat' dir='ltr'><strong>quidem</strong></span> <span class='ocrx_word' id='word_1_197' title='bbox 895 2711 1289 2782; x_wconf 84' lang='lat' dir='ltr'><strong>ingrediantur,</strong></span> <span class='ocrx_word' id='word_1_198' title='bbox 1325 2726 1511 2765; x_wconf 86' lang='lat' dir='ltr'><strong>verum</strong></span> <span class='ocrx_word' id='word_1_199' title='bbox 1542 2711 1970 2780; x_wconf 86' lang='lat' dir='ltr'><strong>postambonem</strong></span> 
     </span>
    </p>
   </div>
   <div class='ocr_carea' id='block_1_30' title="bbox 399 2803 1978 2870">
    <p class='ocr_par' dir='ltr' id='par_1_30' title="bbox 399 2803 1978 2870">
     <span class='ocr_line' id='line_1_30' title="bbox 399 2803 1978 2870; baseline -0.001 -13"><span class='ocrx_word' id='word_1_200' title='bbox 399 2815 568 2870; x_wconf 83' lang='lat' dir='ltr'><strong>stent,</strong></span> <span class='ocrx_word' id='word_1_201' title='bbox 609 2815 662 2859; x_wconf 90' lang='lat' dir='ltr'><strong>et</strong></span> <span class='ocrx_word' id='word_1_202' title='bbox 711 2820 830 2859; x_wconf 81' lang='lat' dir='ltr'><strong>cum</strong></span> <span class='ocrx_word' id='word_1_203' title='bbox 877 2803 1286 2859; x_wconf 88' lang='lat' dir='ltr'><strong>catechumenis</strong></span> <span class='ocrx_word' id='word_1_204' title='bbox 1338 2814 1569 2870; x_wconf 79' lang='lat' dir='ltr'><strong>exeant;</strong></span> <span class='ocrx_word' id='word_1_205' title='bbox 1625 2803 1844 2858; x_wconf 91' lang='lat' dir='ltr'><strong>biennio</strong></span> <span class='ocrx_word' id='word_1_206' title='bbox 1889 2805 1978 2857; x_wconf 85' lang='lat' dir='ltr'><strong>de-</strong></span> 
     </span>
    </p>
   </div>
   <div class='ocr_carea' id='block_1_31' title="bbox 2073 519 3655 596">
    <p class='ocr_par' dir='ltr' id='par_1_31' title="bbox 2073 519 3655 596">
     <span class='ocr_line' id='line_1_31' title="bbox 2073 519 3655 596; baseline 0.005 -24"><span class='ocrx_word' id='word_1_207' title='bbox 2073 519 2209 589; x_wconf 75' lang='grc' dir='ltr'>περι.</span> <span class='ocrx_word' id='word_1_208' title='bbox 2237 520 2346 572; x_wconf 90' lang='grc' dir='ltr'><strong>τῶν</strong></span> <span class='ocrx_word' id='word_1_209' title='bbox 2386 521 2527 573; x_wconf 85' lang='grc' dir='ltr'><strong>κατά</strong></span> <span class='ocrx_word' id='word_1_210' title='bbox 2555 521 2678 590; x_wconf 85' lang='grc' dir='ltr'><strong>βίαν</strong></span> <span class='ocrx_word' id='word_1_211' title='bbox 2706 523 3078 592; x_wconf 70' lang='grc' dir='ltr'>παραϐάντων</span> <span class='ocrx_word' id='word_1_212' title='bbox 3133 525 3416 596; x_wconf 85' lang='grc' dir='ltr'>κληρικῶν</span> <span class='ocrx_word' id='word_1_213' title='bbox 3444 543 3458 558; x_wconf 88' lang='grc'><strong>·</strong></span> <span class='ocrx_word' id='word_1_214' title='bbox 3492 529 3521 580; x_wconf 84' lang='grc' dir='ltr'><strong>ὁ</strong></span> <span class='ocrx_word' id='word_1_215' title='bbox 3596 529 3655 580; x_wconf 69' lang='grc' dir='ltr'>δὲ</span> 
     </span>
    </p>
   </div>
   <div class='ocr_carea' id='block_1_32' title="bbox 2071 613 3658 692">
    <p class='ocr_par' dir='ltr' id='par_1_32' title="bbox 2071 613 3658 692">
     <span class='ocr_line' id='line_1_32' title="bbox 2071 613 3658 692; baseline 0.006 -26"><span class='ocrx_word' id='word_1_216' title='bbox 2071 613 2270 684; x_wconf 73' lang='grc' dir='ltr'>παρὼν</span> <span class='ocrx_word' id='word_1_217' title='bbox 2302 615 2436 686; x_wconf 76' lang='grc' dir='ltr'>περὶ</span> <span class='ocrx_word' id='word_1_218' title='bbox 2464 613 2575 670; x_wconf 83' lang='grc' dir='ltr'><strong>τῶν</strong></span> <span class='ocrx_word' id='word_1_219' title='bbox 2605 615 2776 685; x_wconf 67' lang='grc' dir='ltr'>χωρίς</span> <span class='ocrx_word' id='word_1_220' title='bbox 2804 616 2928 685; x_wconf 83' lang='grc' dir='ltr'>βίας</span> <span class='ocrx_word' id='word_1_221' title='bbox 2982 620 3380 691; x_wconf 76' lang='grc' dir='ltr'><strong>ἀρνησαμένων</strong></span> <span class='ocrx_word' id='word_1_222' title='bbox 3396 622 3490 676; x_wconf 77' lang='grc' dir='ltr'>τὸν</span> <span class='ocrx_word' id='word_1_223' title='bbox 3517 623 3658 692; x_wconf 77' lang='grc' dir='ltr'>Χριο</span> 
     </span>
    </p>
   </div>
   <div class='ocr_carea' id='block_1_33' title="bbox 2071 705 3660 786">
    <p class='ocr_par' dir='ltr' id='par_1_33' title="bbox 2071 705 3660 786">
     <span class='ocr_line' id='line_1_33' title="bbox 2071 705 3660 786; baseline 0.006 -28"><span class='ocrx_word' id='word_1_224' title='bbox 2071 705 2197 758; x_wconf 87' lang='grc' dir='ltr'>στόν</span> <span class='ocrx_word' id='word_1_225' title='bbox 2227 721 2242 736; x_wconf 88' lang='grc'><strong>·</strong></span> <span class='ocrx_word' id='word_1_226' title='bbox 2274 705 2367 758; x_wconf 87' lang='grc' dir='ltr'><strong>καί</strong></span> <span class='ocrx_word' id='word_1_227' title='bbox 2393 723 2527 776; x_wconf 86' lang='grc' dir='ltr'>φησι</span> <span class='ocrx_word' id='word_1_228' title='bbox 2547 706 2799 776; x_wconf 84' lang='grc' dir='ltr'>δέχεσθαι</span> <span class='ocrx_word' id='word_1_229' title='bbox 2826 709 3072 773; x_wconf 83' lang='grc' dir='ltr'><strong>τούτους,</strong></span> <span class='ocrx_word' id='word_1_230' title='bbox 3108 713 3348 780; x_wconf 77' lang='grc' dir='ltr'>γνησίως</span> <span class='ocrx_word' id='word_1_231' title='bbox 3378 715 3496 785; x_wconf 72' lang='grc' dir='ltr'>ἦτοι</span> <span class='ocrx_word' id='word_1_232' title='bbox 3523 717 3660 786; x_wconf 58' lang='grc' dir='ltr'>ἀλησ</span> 
     </span>
    </p>
   </div>
   <div class='ocr_carea' id='block_1_34' title="bbox 2071 796 3660 874">
    <p class='ocr_par' dir='ltr' id='par_1_34' title="bbox 2071 796 3660 874">
     <span class='ocr_line' id='line_1_34' title="bbox 2071 796 3660 874; baseline 0.006 -24"><span class='ocrx_word' id='word_1_233' title='bbox 2071 796 2178 860; x_wconf 90' lang='grc' dir='ltr'><strong>θῶς</strong></span> <span class='ocrx_word' id='word_1_234' title='bbox 2221 799 2664 866; x_wconf 82' lang='grc' dir='ltr'><strong>μετανοοῦντας·</strong></span> <span class='ocrx_word' id='word_1_235' title='bbox 2697 801 2791 852; x_wconf 80' lang='grc' dir='ltr'>καὶ</span> <span class='ocrx_word' id='word_1_236' title='bbox 2823 801 2950 871; x_wconf 87' lang='grc' dir='ltr'>τρία</span> <span class='ocrx_word' id='word_1_237' title='bbox 3011 802 3112 871; x_wconf 85' lang='grc' dir='ltr'>μὲν</span> <span class='ocrx_word' id='word_1_238' title='bbox 3180 803 3273 874; x_wconf 77' lang='grc' dir='ltr'>ἔτη</span> <span class='ocrx_word' id='word_1_239' title='bbox 3337 805 3443 870; x_wconf 80' lang='grc' dir='ltr'><strong>ἔξω</strong></span> <span class='ocrx_word' id='word_1_240' title='bbox 3500 807 3660 861; x_wconf 75' lang='grc' dir='ltr'>ἵστα-ί</span> 
     </span>
    </p>
   </div>
   <div class='ocr_carea' id='block_1_35' title="bbox 2073 888 3656 964">
    <p class='ocr_par' dir='ltr' id='par_1_35' title="bbox 2073 888 3656 964">
     <span class='ocr_line' id='line_1_35' title="bbox 2073 888 3656 964; baseline 0.006 -23"><span class='ocrx_word' id='word_1_241' title='bbox 2073 889 2197 941; x_wconf 91' lang='grc' dir='ltr'>σθαι</span> <span class='ocrx_word' id='word_1_242' title='bbox 2226 889 2322 941; x_wconf 84' lang='grc' dir='ltr'><strong>τοῦ</strong></span> <span class='ocrx_word' id='word_1_243' title='bbox 2351 888 2506 951; x_wconf 87' lang='grc' dir='ltr'>ναοῦ,</span> <span class='ocrx_word' id='word_1_244' title='bbox 2540 891 2635 943; x_wconf 78' lang='grc' dir='ltr'>καὶ</span> <span class='ocrx_word' id='word_1_245' title='bbox 2684 892 2992 961; x_wconf 80' lang='grc' dir='ltr'>ἀκροᾶσθαι</span> <span class='ocrx_word' id='word_1_246' title='bbox 3040 893 3149 946; x_wconf 86' lang='grc' dir='ltr'><strong>τῶν</strong></span> <span class='ocrx_word' id='word_1_247' title='bbox 3199 894 3482 964; x_wconf 84' lang='grc' dir='ltr'>ὑμνῳδιῶν</span> <span class='ocrx_word' id='word_1_248' title='bbox 3558 899 3656 951; x_wconf 79' lang='grc' dir='ltr'><strong>τοῦ</strong></span> 
     </span>
    </p>
   </div>
   <div class='ocr_carea' id='block_1_36' title="bbox 2071 979 3660 1054">
    <p class='ocr_par' dir='ltr' id='par_1_36' title="bbox 2071 979 3660 1054">
     <span class='ocr_line' id='line_1_36' title="bbox 2071 979 3660 1054; baseline 0.005 -21"><span class='ocrx_word' id='word_1_249' title='bbox 2071 980 2222 1033; x_wconf 84' lang='grc' dir='ltr'>Θεοῦ.</span> <span class='ocrx_word' id='word_1_250' title='bbox 2251 979 2395 1032; x_wconf 77' lang='grc' dir='ltr'>ἑπτὰ</span> <span class='ocrx_word' id='word_1_251' title='bbox 2429 979 2484 1032; x_wconf 83' lang='grc' dir='ltr'>δὲ</span> <span class='ocrx_word' id='word_1_252' title='bbox 2515 980 2609 1050; x_wconf 80' lang='grc' dir='ltr'>ἐτη</span> <span class='ocrx_word' id='word_1_253' title='bbox 2638 982 2992 1047; x_wconf 76' lang='grc' dir='ltr'><strong>ὑποπίπτειν,</strong></span> <span class='ocrx_word' id='word_1_254' title='bbox 3044 984 3163 1054; x_wconf 71' lang='grc' dir='ltr'>ἦτοι</span> <span class='ocrx_word' id='word_1_255' title='bbox 3215 985 3471 1040; x_wconf 80' lang='grc' dir='ltr'><strong>ἵστασθαι</strong></span> <span class='ocrx_word' id='word_1_256' title='bbox 3505 989 3660 1050; x_wconf 78' lang='grc' dir='ltr'>ἐντὸς</span> 
     </span>
    </p>
   </div>
   <div class='ocr_carea' id='block_1_37' title="bbox 2071 1071 3658 1145">
    <p class='ocr_par' dir='ltr' id='par_1_37' title="bbox 2071 1071 3658 1145">
     <span class='ocr_line' id='line_1_37' title="bbox 2071 1071 3658 1145; baseline 0.005 -22"><span class='ocrx_word' id='word_1_257' title='bbox 2071 1073 2170 1134; x_wconf 67' lang='grc' dir='ltr'>τῆς</span> <span class='ocrx_word' id='word_1_258' title='bbox 2208 1071 2531 1139; x_wconf 80' lang='grc' dir='ltr'>ἐκκλησίας,</span> <span class='ocrx_word' id='word_1_259' title='bbox 2565 1073 2790 1126; x_wconf 78' lang='grc' dir='ltr'>ὄπισθεν</span> <span class='ocrx_word' id='word_1_260' title='bbox 2834 1076 3019 1144; x_wconf 79' lang='grc' dir='ltr'>μέντοι</span> <span class='ocrx_word' id='word_1_261' title='bbox 3081 1075 3176 1126; x_wconf 83' lang='grc' dir='ltr'><strong>τοῦ</strong></span> <span class='ocrx_word' id='word_1_262' title='bbox 3234 1076 3516 1145; x_wconf 79' lang='grc' dir='ltr'>ἀμὸωνος,</span> <span class='ocrx_word' id='word_1_263' title='bbox 3559 1082 3658 1133; x_wconf 79' lang='grc' dir='ltr'>καὶ</span> 
     </span>
    </p>
   </div>
   <div class='ocr_carea' id='block_1_38' title="bbox 2073 1161 3656 1241">
    <p class='ocr_par' dir='ltr' id='par_1_38' title="bbox 2073 1161 3656 1241">
     <span class='ocr_line' id='line_1_38' title="bbox 2073 1161 3656 1241; baseline 0.007 -27"><span class='ocrx_word' id='word_1_264' title='bbox 2073 1161 2391 1232; x_wconf 79' lang='grc' dir='ltr'>ἐξέρχεσθαι</span> <span class='ocrx_word' id='word_1_265' title='bbox 2425 1165 2701 1231; x_wconf 83' lang='grc' dir='ltr'>μετὰτῶν</span> <span class='ocrx_word' id='word_1_266' title='bbox 2757 1167 3208 1236; x_wconf 86' lang='grc' dir='ltr'>κατηχουμένων.</span> <span class='ocrx_word' id='word_1_267' title='bbox 3263 1169 3656 1241; x_wconf 88' lang='grc' dir='ltr'>Πληρωθείσης</span> 
     </span>
    </p>
   </div>
   <div class='ocr_carea' id='block_1_39' title="bbox 2070 1252 3656 1328">
    <p class='ocr_par' dir='ltr' id='par_1_39' title="bbox 2070 1252 3656 1328">
     <span class='ocr_line' id='line_1_39' title="bbox 2070 1252 3656 1328; baseline 0.008 -24"><span class='ocrx_word' id='word_1_268' title='bbox 2070 1252 2128 1305; x_wconf 79' lang='grc' dir='ltr'>δὲ</span> <span class='ocrx_word' id='word_1_269' title='bbox 2152 1254 2250 1323; x_wconf 79' lang='grc' dir='ltr'>τῆς</span> <span class='ocrx_word' id='word_1_270' title='bbox 2283 1255 2584 1319; x_wconf 76' lang='grc' dir='ltr'><strong>ἑπταετίας</strong></span> <span class='ocrx_word' id='word_1_271' title='bbox 2617 1257 2967 1321; x_wconf 78' lang='grc' dir='ltr'>συνεύξονται</span> <span class='ocrx_word' id='word_1_272' title='bbox 3010 1258 3110 1327; x_wconf 83' lang='grc' dir='ltr'>μὲν</span> <span class='ocrx_word' id='word_1_273' title='bbox 3135 1259 3274 1328; x_wconf 85' lang='grc' dir='ltr'><strong>μετά</strong></span> <span class='ocrx_word' id='word_1_274' title='bbox 3305 1261 3412 1312; x_wconf 88' lang='grc' dir='ltr'><strong>τῶν</strong></span> <span class='ocrx_word' id='word_1_275' title='bbox 3444 1265 3656 1316; x_wconf 87' lang='grc' dir='ltr'>πιστῶν</span> 
     </span>
    </p>
   </div>
   <div class='ocr_carea' id='block_1_40' title="bbox 2072 1342 3656 1416">
    <p class='ocr_par' dir='ltr' id='par_1_40' title="bbox 2072 1342 3656 1416">
     <span class='ocr_line' id='line_1_40' title="bbox 2072 1342 3656 1416; baseline 0.003 -20"><span class='ocrx_word' id='word_1_276' title='bbox 2072 1342 2505 1413; x_wconf 80' lang='grc' dir='ltr'>καθολὸκληρον,</span> <span class='ocrx_word' id='word_1_277' title='bbox 2561 1344 2669 1397; x_wconf 88' lang='grc' dir='ltr'><strong>τῶν</strong></span> <span class='ocrx_word' id='word_1_278' title='bbox 2715 1344 2773 1398; x_wconf 85' lang='grc' dir='ltr'>δὲ</span> <span class='ocrx_word' id='word_1_279' title='bbox 2819 1346 3179 1415; x_wconf 81' lang='grc' dir='ltr'>ἁγιασμὰτων</span> <span class='ocrx_word' id='word_1_280' title='bbox 3234 1347 3376 1416; x_wconf 84' lang='grc' dir='ltr'><strong>μετά</strong></span> <span class='ocrx_word' id='word_1_281' title='bbox 3451 1347 3656 1401; x_wconf 81' lang='grc' dir='ltr'>διετίαν</span> 
     </span>
    </p>
   </div>
   <div class='ocr_carea' id='block_1_41' title="bbox 2071 1433 3368 1511">
    <p class='ocr_par' dir='ltr' id='par_1_41' title="bbox 2071 1433 3368 1511">
     <span class='ocr_line' id='line_1_41' title="bbox 2071 1433 3368 1511; baseline 0.002 -25"><span class='ocrx_word' id='word_1_282' title='bbox 2071 1433 2498 1502; x_wconf 80' lang='grc' dir='ltr'>ἀξιωθήσονται.</span> <span class='ocrx_word' id='word_1_283' title='bbox 3359 1503 3368 1511; x_wconf 31' lang='grc' dir='ltr'><strong><em>ι</em></strong></span> 
     </span>
    </p>
   </div>
   <div class='ocr_carea' id='block_1_42' title="bbox 2145 1524 3656 1600">
    <p class='ocr_par' dir='ltr' id='par_1_42' title="bbox 2145 1524 3656 1600">
     <span class='ocr_line' id='line_1_42' title="bbox 2145 1524 3656 1600; baseline 0.005 -24"><span class='ocrx_word' id='word_1_284' title='bbox 2145 1524 2394 1579; x_wconf 77' lang='grc' dir='ltr'><strong>ΖΩΝΔΡ.</strong></span> <span class='ocrx_word' id='word_1_285' title='bbox 2423 1525 2643 1596; x_wconf 83' lang='grc' dir='ltr'>Ἕτεροι</span> <span class='ocrx_word' id='word_1_286' title='bbox 2682 1527 2782 1594; x_wconf 79' lang='grc' dir='ltr'>μὲν</span> <span class='ocrx_word' id='word_1_287' title='bbox 2825 1527 3049 1591; x_wconf 74' lang='grc' dir='ltr'>κανόνες</span> <span class='ocrx_word' id='word_1_288' title='bbox 3080 1529 3206 1599; x_wconf 77' lang='grc' dir='ltr'>περὶ</span> <span class='ocrx_word' id='word_1_289' title='bbox 3279 1529 3388 1582; x_wconf 88' lang='grc' dir='ltr'><strong>τῶν</strong></span> <span class='ocrx_word' id='word_1_290' title='bbox 3441 1530 3505 1583; x_wconf 81' lang='grc' dir='ltr'>ἐκ</span> <span class='ocrx_word' id='word_1_291' title='bbox 3536 1529 3656 1600; x_wconf 82' lang='grc' dir='ltr'>βίας</span> 
     </span>
    </p>
   </div>
   <div class='ocr_carea' id='block_1_43' title="bbox 2075 1615 3657 1692">
    <p class='ocr_par' dir='ltr' id='par_1_43' title="bbox 2075 1615 3657 1692">
     <span class='ocr_line' id='line_1_43' title="bbox 2075 1615 3657 1692; baseline 0.006 -26"><span class='ocrx_word' id='word_1_292' title='bbox 2075 1615 2280 1686; x_wconf 81' lang='grc' dir='ltr'>πολλῆς</span> <span class='ocrx_word' id='word_1_293' title='bbox 2311 1617 2407 1668; x_wconf 80' lang='grc' dir='ltr'>καὶ</span> <span class='ocrx_word' id='word_1_294' title='bbox 2434 1617 2680 1686; x_wconf 80' lang='grc' dir='ltr'><strong>ἀνάγκης</strong></span> <span class='ocrx_word' id='word_1_295' title='bbox 2714 1619 3119 1690; x_wconf 83' lang='grc' dir='ltr'>ἀρνησαμένων</span> <span class='ocrx_word' id='word_1_296' title='bbox 3181 1619 3279 1692; x_wconf 82' lang='grc' dir='ltr'><strong>τὴν</strong></span> <span class='ocrx_word' id='word_1_297' title='bbox 3311 1622 3496 1675; x_wconf 75' lang='grc' dir='ltr'>πίστιν</span> <span class='ocrx_word' id='word_1_298' title='bbox 3540 1623 3657 1676; x_wconf 78' lang='grc' dir='ltr'>δια·</span> 
     </span>
    </p>
   </div>
   <div class='ocr_carea' id='block_1_44' title="bbox 2075 1709 3658 1786">
    <p class='ocr_par' dir='ltr' id='par_1_44' title="bbox 2075 1709 3658 1786">
     <span class='ocr_line' id='line_1_44' title="bbox 2075 1709 3658 1786; baseline 0.007 -26"><span class='ocrx_word' id='word_1_299' title='bbox 2075 1709 2395 1778; x_wconf 88' lang='grc' dir='ltr'>γορεύουσιν</span> <span class='ocrx_word' id='word_1_300' title='bbox 2421 1725 2433 1737; x_wconf 86' lang='grc'>·</span> <span class='ocrx_word' id='word_1_301' title='bbox 2470 1711 2498 1762; x_wconf 85' lang='grc' dir='ltr'>ὁ</span> <span class='ocrx_word' id='word_1_302' title='bbox 2526 1710 2583 1762; x_wconf 82' lang='grc' dir='ltr'>δὲ</span> <span class='ocrx_word' id='word_1_303' title='bbox 2610 1710 2803 1780; x_wconf 86' lang='grc' dir='ltr'>παρὼν</span> <span class='ocrx_word' id='word_1_304' title='bbox 2839 1713 2968 1782; x_wconf 73' lang='grc' dir='ltr'>περὶ</span> <span class='ocrx_word' id='word_1_305' title='bbox 2999 1714 3109 1766; x_wconf 90' lang='grc' dir='ltr'><strong>τῶν</strong></span> <span class='ocrx_word' id='word_1_306' title='bbox 3168 1716 3340 1784; x_wconf 80' lang='grc' dir='ltr'>χωρὶς</span> <span class='ocrx_word' id='word_1_307' title='bbox 3407 1717 3658 1786; x_wconf 76' lang='grc' dir='ltr'>ἀνάγκης</span> 
     </span>
    </p>
   </div>
   <div class='ocr_carea' id='block_1_45' title="bbox 2075 1799 3660 1871">
    <p class='ocr_par' dir='ltr' id='par_1_45' title="bbox 2075 1799 3660 1871">
     <span class='ocr_line' id='line_1_45' title="bbox 2075 1799 3660 1871; baseline 0.007 -20"><span class='ocrx_word' id='word_1_308' title='bbox 2075 1799 2443 1869; x_wconf 79' lang='grc' dir='ltr'>παραϐάντων</span> <span class='ocrx_word' id='word_1_309' title='bbox 2473 1800 2859 1870; x_wconf 79' lang='grc' dir='ltr'>διαλαμὸἀνει,</span> <span class='ocrx_word' id='word_1_310' title='bbox 2892 1801 2986 1868; x_wconf 86' lang='grc' dir='ltr'><strong>οὒς</strong></span> <span class='ocrx_word' id='word_1_311' title='bbox 3049 1805 3148 1857; x_wconf 70' lang='grc' dir='ltr'>καὶ</span> <span class='ocrx_word' id='word_1_312' title='bbox 3215 1806 3470 1871; x_wconf 75' lang='grc' dir='ltr'>ἀναξίους</span> <span class='ocrx_word' id='word_1_313' title='bbox 3520 1803 3660 1863; x_wconf 66' lang='grc' dir='ltr'>εἶναι</span> 
     </span>
    </p>
   </div>
   <div class='ocr_carea' id='block_1_46' title="bbox 2074 1883 3661 1961">
    <p class='ocr_par' dir='ltr' id='par_1_46' title="bbox 2074 1883 3661 1961">
     <span class='ocr_line' id='line_1_46' title="bbox 2074 1883 3661 1961; baseline 0.004 -21"><span class='ocrx_word' id='word_1_314' title='bbox 2074 1883 2492 1960; x_wconf 65' lang='grc' dir='ltr'>φιλανθρωπίας</span> <span class='ocrx_word' id='word_1_315' title='bbox 2536 1890 2723 1960; x_wconf 70' lang='grc' dir='ltr'>φησίν.</span> <span class='ocrx_word' id='word_1_316' title='bbox 2743 1891 2884 1944; x_wconf 80' lang='grc' dir='ltr'>Ἀλλ’</span> <span class='ocrx_word' id='word_1_317' title='bbox 2921 1893 3070 1961; x_wconf 85' lang='grc' dir='ltr'>ὅμως</span> <span class='ocrx_word' id='word_1_318' title='bbox 3105 1895 3201 1946; x_wconf 76' lang='grc' dir='ltr'>καὶ</span> <span class='ocrx_word' id='word_1_319' title='bbox 3226 1893 3353 1957; x_wconf 86' lang='grc' dir='ltr'>τοὺς</span> <span class='ocrx_word' id='word_1_320' title='bbox 3381 1895 3661 1958; x_wconf 82' lang='grc' dir='ltr'>τοιούτους</span> 
     </span>
    </p>
   </div>
   <div class='ocr_carea' id='block_1_47' title="bbox 2073 1980 3659 2055">
    <p class='ocr_par' dir='ltr' id='par_1_47' title="bbox 2073 1980 3659 2055">
     <span class='ocr_line' id='line_1_47' title="bbox 2073 1980 3659 2055; baseline 0.003 -22"><span class='ocrx_word' id='word_1_321' title='bbox 2073 1980 2164 2033; x_wconf 86' lang='grc' dir='ltr'><strong>διὰ</strong></span> <span class='ocrx_word' id='word_1_322' title='bbox 2195 1981 2540 2050; x_wconf 76' lang='grc' dir='ltr'>χρηστότητα</span> <span class='ocrx_word' id='word_1_323' title='bbox 2564 1983 2799 2052; x_wconf 82' lang='grc' dir='ltr'>δέχεται,</span> <span class='ocrx_word' id='word_1_324' title='bbox 2830 1985 2880 2035; x_wconf 84' lang='grc' dir='ltr'><strong>εί</strong></span> <span class='ocrx_word' id='word_1_325' title='bbox 2910 1986 3146 2055; x_wconf 76' lang='grc' dir='ltr'>γνησίως</span> <span class='ocrx_word' id='word_1_326' title='bbox 3238 1986 3659 2055; x_wconf 77' lang='grc' dir='ltr'>μεταμέλονται,</span> 
     </span>
    </p>
   </div>
   <div class='ocr_carea' id='block_1_48' title="bbox 2072 2069 3658 2146">
    <p class='ocr_par' dir='ltr' id='par_1_48' title="bbox 2072 2069 3658 2146">
     <span class='ocr_line' id='line_1_48' title="bbox 2072 2069 3658 2146; baseline 0.004 -25"><span class='ocrx_word' id='word_1_327' title='bbox 2072 2069 2358 2121; x_wconf 80' lang='grc' dir='ltr'>τουτέστιν</span> <span class='ocrx_word' id='word_1_328' title='bbox 2396 2069 2634 2140; x_wconf 86' lang='grc' dir='ltr'>ἀληθῶς,</span> <span class='ocrx_word' id='word_1_329' title='bbox 2665 2070 2781 2124; x_wconf 78' lang='grc' dir='ltr'>ἀλλ’</span> <span class='ocrx_word' id='word_1_330' title='bbox 2808 2071 2869 2124; x_wconf 86' lang='grc' dir='ltr'><strong>ού</strong></span> <span class='ocrx_word' id='word_1_331' title='bbox 2898 2071 3070 2135; x_wconf 89' lang='grc' dir='ltr'>νόθως</span> <span class='ocrx_word' id='word_1_332' title='bbox 3127 2075 3238 2144; x_wconf 24' lang='grc' dir='ltr'>καὶ,</span> <span class='ocrx_word' id='word_1_333' title='bbox 3283 2076 3658 2146; x_wconf 71' lang='grc' dir='ltr'><strong>ἐψευσμένως,</strong></span> 
     </span>
    </p>
   </div>
   <div class='ocr_carea' id='block_1_49' title="bbox 2077 2149 3663 2236">
    <p class='ocr_par' dir='ltr' id='par_1_49' title="bbox 2077 2149 3663 2236">
     <span class='ocr_line' id='line_1_49' title="bbox 2077 2149 3663 2236; baseline 0.005 -24"><span class='ocrx_word' id='word_1_334' title='bbox 2077 2149 2219 2229; x_wconf 78' lang='grc' dir='ltr'><strong>μετά</strong></span> <span class='ocrx_word' id='word_1_335' title='bbox 2243 2159 2577 2232; x_wconf 79' lang='grc' dir='ltr'>θερμότητος</span> <span class='ocrx_word' id='word_1_336' title='bbox 2612 2163 2667 2216; x_wconf 80' lang='grc' dir='ltr'>δὲ</span> <span class='ocrx_word' id='word_1_337' title='bbox 2714 2163 2809 2216; x_wconf 73' lang='grc' dir='ltr'>καὶ</span> <span class='ocrx_word' id='word_1_338' title='bbox 2899 2165 3210 2235; x_wconf 74' lang='grc' dir='ltr'>προθυμίας</span> <span class='ocrx_word' id='word_1_339' title='bbox 3262 2167 3490 2236; x_wconf 81' lang='grc' dir='ltr'>πολλῆς.</span> <span class='ocrx_word' id='word_1_340' title='bbox 3549 2167 3663 2220; x_wconf 77' lang='grc' dir='ltr'><strong>Καὶ</strong></span> 
     </span>
    </p>
   </div>
   <div class='ocr_carea' id='block_1_50' title="bbox 2069 2252 3662 2329">
    <p class='ocr_par' dir='ltr' id='par_1_50' title="bbox 2069 2252 3662 2329">
     <span class='ocr_line' id='line_1_50' title="bbox 2069 2252 3662 2329; baseline 0.004 -26"><span class='ocrx_word' id='word_1_341' title='bbox 2069 2253 2199 2322; x_wconf 85' lang='grc' dir='ltr'>τρία</span> <span class='ocrx_word' id='word_1_342' title='bbox 2233 2252 2333 2321; x_wconf 82' lang='grc' dir='ltr'>μὲν</span> <span class='ocrx_word' id='word_1_343' title='bbox 2369 2252 2466 2323; x_wconf 74' lang='grc' dir='ltr'>ἐτη</span> <span class='ocrx_word' id='word_1_344' title='bbox 2521 2254 2825 2323; x_wconf 82' lang='grc' dir='ltr'>ἀκροᾶσθαι</span> <span class='ocrx_word' id='word_1_345' title='bbox 2878 2257 3274 2323; x_wconf 79' lang='grc' dir='ltr'>διακελεύεται,</span> <span class='ocrx_word' id='word_1_346' title='bbox 3345 2259 3514 2329; x_wconf 73' lang='grc' dir='ltr'>ἤγουν</span> <span class='ocrx_word' id='word_1_347' title='bbox 3555 2257 3662 2323; x_wconf 77' lang='grc' dir='ltr'><strong>ἔξω</strong></span> 
     </span>
    </p>
   </div>
   <div class='ocr_carea' id='block_1_51' title="bbox 2072 2344 3664 2419">
    <p class='ocr_par' dir='ltr' id='par_1_51' title="bbox 2072 2344 3664 2419">
     <span class='ocr_line' id='line_1_51' title="bbox 2072 2344 3664 2419; baseline 0.003 -23"><span class='ocrx_word' id='word_1_348' title='bbox 2072 2344 2174 2413; x_wconf 79' lang='grc' dir='ltr'>τῆς</span> <span class='ocrx_word' id='word_1_349' title='bbox 2207 2345 2510 2414; x_wconf 76' lang='grc' dir='ltr'>ἐκκλησίας</span> <span class='ocrx_word' id='word_1_350' title='bbox 2567 2345 2822 2398; x_wconf 75' lang='grc' dir='ltr'>ἵστασθαι</span> <span class='ocrx_word' id='word_1_351' title='bbox 2894 2349 2952 2400; x_wconf 79' lang='grc' dir='ltr'>ἐν</span> <span class='ocrx_word' id='word_1_352' title='bbox 2997 2347 3076 2418; x_wconf 84' lang='grc' dir='ltr'>τῷ</span> <span class='ocrx_word' id='word_1_353' title='bbox 3127 2348 3362 2419; x_wconf 82' lang='grc' dir='ltr'>νάρθηκι</span> <span class='ocrx_word' id='word_1_354' title='bbox 3407 2350 3501 2402; x_wconf 78' lang='grc' dir='ltr'>καὶ</span> <span class='ocrx_word' id='word_1_355' title='bbox 3554 2348 3664 2400; x_wconf 85' lang='grc' dir='ltr'><strong>τῶν</strong></span> 
     </span>
    </p>
   </div>
   <div class='ocr_carea' id='block_1_52' title="bbox 2077 2435 3664 2511">
    <p class='ocr_par' dir='ltr' id='par_1_52' title="bbox 2077 2435 3664 2511">
     <span class='ocr_line' id='line_1_52' title="bbox 2077 2435 3664 2511; baseline 0.004 -23"><span class='ocrx_word' id='word_1_356' title='bbox 2077 2435 2241 2488; x_wconf 84' lang='grc' dir='ltr'>θείων</span> <span class='ocrx_word' id='word_1_357' title='bbox 2273 2435 2496 2490; x_wconf 83' lang='grc' dir='ltr'>ἀκούειν</span> <span class='ocrx_word' id='word_1_358' title='bbox 2529 2437 2788 2508; x_wconf 82' lang='grc' dir='ltr'>Γραφῶν,</span> <span class='ocrx_word' id='word_1_359' title='bbox 2817 2440 2959 2492; x_wconf 82' lang='grc' dir='ltr'><strong>έπτά</strong></span> <span class='ocrx_word' id='word_1_360' title='bbox 3016 2441 3073 2493; x_wconf 86' lang='grc' dir='ltr'>δὲ</span> <span class='ocrx_word' id='word_1_361' title='bbox 3125 2440 3222 2511; x_wconf 80' lang='grc' dir='ltr'>ἔτη</span> <span class='ocrx_word' id='word_1_362' title='bbox 3307 2441 3664 2506; x_wconf 81' lang='grc' dir='ltr'>ὑποπίπτειν,</span> 
     </span>
    </p>
   </div>
   <div class='ocr_carea' id='block_1_53' title="bbox 2077 2525 3667 2601">
    <p class='ocr_par' dir='ltr' id='par_1_53' title="bbox 2077 2525 3667 2601">
     <span class='ocr_line' id='line_1_53' title="bbox 2077 2525 3667 2601; baseline 0.003 -24"><span class='ocrx_word' id='word_1_363' title='bbox 2077 2526 2198 2596; x_wconf 78' lang='grc' dir='ltr'>ἢτοι</span> <span class='ocrx_word' id='word_1_364' title='bbox 2242 2525 2394 2588; x_wconf 81' lang='grc' dir='ltr'>ἐντὸς</span> <span class='ocrx_word' id='word_1_365' title='bbox 2431 2527 2528 2596; x_wconf 79' lang='grc' dir='ltr'>μὲν</span> <span class='ocrx_word' id='word_1_366' title='bbox 2558 2528 2654 2596; x_wconf 79' lang='grc' dir='ltr'>τῆς</span> <span class='ocrx_word' id='word_1_367' title='bbox 2685 2528 2982 2599; x_wconf 76' lang='grc' dir='ltr'>ἐκκλησίας</span> <span class='ocrx_word' id='word_1_368' title='bbox 3016 2529 3386 2601; x_wconf 79' lang='grc' dir='ltr'>είσέρχεσθαι,</span> <span class='ocrx_word' id='word_1_369' title='bbox 3412 2531 3468 2583; x_wconf 81' lang='grc' dir='ltr'>ὲν</span> <span class='ocrx_word' id='word_1_370' title='bbox 3496 2531 3553 2584; x_wconf 85' lang='grc' dir='ltr'>δὲ</span> <span class='ocrx_word' id='word_1_371' title='bbox 3586 2530 3667 2599; x_wconf 81' lang='grc' dir='ltr'>τῷ</span> 
     </span>
    </p>
   </div>
   <div class='ocr_carea' id='block_1_54' title="bbox 2077 2617 3669 2693">
    <p class='ocr_par' dir='ltr' id='par_1_54' title="bbox 2077 2617 3669 2693">
     <span class='ocr_line' id='line_1_54' title="bbox 2077 2617 3669 2693; baseline 0.004 -23"><span class='ocrx_word' id='word_1_372' title='bbox 2077 2617 2304 2671; x_wconf 71' lang='grc' dir='ltr'>ὄπισθεν</span> <span class='ocrx_word' id='word_1_373' title='bbox 2333 2619 2612 2690; x_wconf 77' lang='grc' dir='ltr'>μέρειτοῦ</span> <span class='ocrx_word' id='word_1_374' title='bbox 2631 2623 2883 2692; x_wconf 74' lang='grc' dir='ltr'>ἇμϐωνος</span> <span class='ocrx_word' id='word_1_375' title='bbox 2917 2624 3167 2678; x_wconf 81' lang='grc' dir='ltr'>ἵστασθαι</span> <span class='ocrx_word' id='word_1_376' title='bbox 3193 2625 3286 2677; x_wconf 66' lang='grc' dir='ltr'>καὶ</span> <span class='ocrx_word' id='word_1_377' title='bbox 3304 2625 3502 2690; x_wconf 79' lang='grc' dir='ltr'>ἐξιέναι</span> <span class='ocrx_word' id='word_1_378' title='bbox 3530 2624 3669 2693; x_wconf 84' lang='grc' dir='ltr'><strong>μετά</strong></span> 
     </span>
    </p>
   </div>
   <div class='ocr_carea' id='block_1_55' title="bbox 2079 2710 3668 2789">
    <p class='ocr_par' dir='ltr' id='par_1_55' title="bbox 2079 2710 3668 2789">
     <span class='ocr_line' id='line_1_55' title="bbox 2079 2710 3668 2789; baseline 0.004 -26"><span class='ocrx_word' id='word_1_379' title='bbox 2079 2710 2193 2764; x_wconf 86' lang='grc' dir='ltr'><strong>τῶν</strong></span> <span class='ocrx_word' id='word_1_380' title='bbox 2228 2714 2458 2776; x_wconf 82' lang='grc' dir='ltr'>πιστῶν,</span> <span class='ocrx_word' id='word_1_381' title='bbox 2481 2714 2557 2784; x_wconf 83' lang='grc' dir='ltr'>μὴ</span> <span class='ocrx_word' id='word_1_382' title='bbox 2588 2716 2773 2786; x_wconf 83' lang='grc' dir='ltr'>μέντοι</span> <span class='ocrx_word' id='word_1_383' title='bbox 2805 2719 2898 2768; x_wconf 54' lang='grc' dir='ltr'><strong>καὶ⁵</strong></span> <span class='ocrx_word' id='word_1_384' title='bbox 2926 2717 3022 2786; x_wconf 76' lang='grc' dir='ltr'>τῆς</span> <span class='ocrx_word' id='word_1_385' title='bbox 3046 2717 3155 2779; x_wconf 86' lang='grc' dir='ltr'><strong>τῶν</strong></span> <span class='ocrx_word' id='word_1_386' title='bbox 3188 2719 3540 2789; x_wconf 84' lang='grc' dir='ltr'>ἀγιασμάτων</span> <span class='ocrx_word' id='word_1_387' title='bbox 3567 2735 3668 2787; x_wconf 81' lang='grc' dir='ltr'>με-</span> 
     </span>
    </p>
   </div>
   <div class='ocr_carea' id='block_1_56' title="bbox 2085 2804 3496 2884">
    <p class='ocr_par' dir='ltr' id='par_1_56' title="bbox 2085 2804 3496 2884">
     <span class='ocr_line' id='line_1_56' title="bbox 2085 2804 3496 2884; baseline 0.005 -27"><span class='ocrx_word' id='word_1_388' title='bbox 2085 2804 2376 2874; x_wconf 72' lang='grc' dir='ltr'>ταλήψεως</span> <span class='ocrx_word' id='word_1_389' title='bbox 2409 2804 2720 2874; x_wconf 79' lang='grc' dir='ltr'>ἀξιοῦσθαι,</span> <span class='ocrx_word' id='word_1_390' title='bbox 2751 2807 2857 2871; x_wconf 83' lang='grc' dir='ltr'>ἓως</span> <span class='ocrx_word' id='word_1_391' title='bbox 2883 2809 2949 2863; x_wconf 85' lang='grc' dir='ltr'>ἂν</span> <span class='ocrx_word' id='word_1_392' title='bbox 2979 2811 3012 2877; x_wconf 84' lang='grc' dir='ltr'><strong>ή</strong></span> <span class='ocrx_word' id='word_1_393' title='bbox 3036 2809 3208 2864; x_wconf 84' lang='grc' dir='ltr'>διετία</span> <span class='ocrx_word' id='word_1_394' title='bbox 3228 2809 3496 2884; x_wconf 78' lang='grc' dir='ltr'>παρέλθῃ.</span> 
     </span>
    </p>
   </div>
   <div class='ocr_carea' id='block_1_57' title="bbox 404 2893 3666 2964">
    <p class='ocr_par' dir='ltr' id='par_1_57' title="bbox 404 2893 3666 2964">
     <span class='ocr_line' id='line_1_57' title="bbox 404 2893 3666 2964; baseline 0.002 -14"><span class='ocrx_word' id='word_1_395' title='bbox 404 2913 548 2950; x_wconf 88' lang='lat' dir='ltr'><strong>mum</strong></span> <span class='ocrx_word' id='word_1_396' title='bbox 590 2913 710 2950; x_wconf 89' lang='lat' dir='ltr'><strong>cum</strong></span> <span class='ocrx_word' id='word_1_397' title='bbox 779 2897 1024 2953; x_wconf 86' lang='lat' dir='ltr'><strong>ﬁdelibus</strong></span> <span class='ocrx_word' id='word_1_398' title='bbox 1077 2899 1366 2952; x_wconf 79' lang='lat' dir='ltr'><strong>stationem</strong></span> <span class='ocrx_word' id='word_1_399' title='bbox 1418 2897 1689 2958; x_wconf 85' lang='lat' dir='ltr'><strong>habeant,</strong></span> <span class='ocrx_word' id='word_1_400' title='bbox 1739 2908 1974 2962; x_wconf 88' lang='lat' dir='ltr'><strong>cumque</strong></span> <span class='ocrx_word' id='word_1_401' title='bbox 2011 2893 2077 2948; x_wconf 90' lang='lat' dir='ltr'><strong>iis</strong></span> <span class='ocrx_word' id='word_1_402' title='bbox 2125 2895 2427 2964; x_wconf 84' lang='lat' dir='ltr'><strong>precationi</strong></span> <span class='ocrx_word' id='word_1_403' title='bbox 2504 2907 2731 2962; x_wconf 83' lang='lat' dir='ltr'><strong>vacent,</strong></span> <span class='ocrx_word' id='word_1_404' title='bbox 2791 2911 2896 2952; x_wconf 92' lang='lat' dir='ltr'><strong>non</strong></span> <span class='ocrx_word' id='word_1_405' title='bbox 2955 2907 3135 2951; x_wconf 89' lang='lat' dir='ltr'><strong>tamen</strong></span> <span class='ocrx_word' id='word_1_406' title='bbox 3205 2897 3274 2951; x_wconf 91' lang='lat' dir='ltr'><strong>ad</strong></span> <span class='ocrx_word' id='word_1_407' title='bbox 3354 2909 3666 2956; x_wconf 88' lang='lat' dir='ltr'><strong>sanctorum</strong></span> 
     </span>
    </p>
   </div>
   <div class='ocr_carea' id='block_1_58' title="bbox 399 2987 3304 3061">
    <p class='ocr_par' dir='ltr' id='par_1_58' title="bbox 399 2987 3304 3061">
     <span class='ocr_line' id='line_1_58' title="bbox 399 2987 3304 3061; baseline -0.001 -21"><span class='ocrx_word' id='word_1_408' title='bbox 399 2989 819 3059; x_wconf 69' lang='lat' dir='ltr'><strong>perceptionem,</strong></span> <span class='ocrx_word' id='word_1_409' title='bbox 858 2990 958 3046; x_wconf 87' lang='lat' dir='ltr'><strong>nisi</strong></span> <span class='ocrx_word' id='word_1_410' title='bbox 987 2990 1173 3061; x_wconf 91' lang='lat' dir='ltr'><strong>elapso</strong></span> <span class='ocrx_word' id='word_1_411' title='bbox 1215 2989 1463 3043; x_wconf 89' lang='lat' dir='ltr'><strong>decennii</strong></span> <span class='ocrx_word' id='word_1_412' title='bbox 1500 2997 1760 3055; x_wconf 89' lang='lat' dir='ltr'><strong>tempore,</strong></span> <span class='ocrx_word' id='word_1_413' title='bbox 1802 2987 2182 3040; x_wconf 86' lang='lat' dir='ltr'><strong>admittantur.</strong></span> <span class='ocrx_word' id='word_1_414' title='bbox 3289 2993 3304 3010; x_wconf 89' lang='lat'>&#39;</span> 
     </span>
    </p>
   </div>
   <div class='ocr_carea' id='block_1_59' title="bbox 398 3083 623 3140">
    <p class='ocr_par' dir='ltr' id='par_1_59' title="bbox 398 3083 623 3140">
     <span class='ocr_line' id='line_1_59' title="bbox 398 3083 623 3140; baseline -0.013 0"><span class='ocrx_word' id='word_1_415' title='bbox 398 3083 623 3140; x_wconf 70' lang='lat' dir='ltr'><strong>AltlS&#39;l‘.</strong></span> 
     </span>
    </p>
   </div>
   <div class='ocr_carea' id='block_1_60' title="bbox 469 3175 1982 3246">
    <p class='ocr_par' dir='ltr' id='par_1_60' title="bbox 469 3175 1982 3246">
     <span class='ocr_line' id='line_1_60' title="bbox 469 3175 1982 3246; baseline -0.003 -14"><span class='ocrx_word' id='word_1_416' title='bbox 469 3193 609 3244; x_wconf 84' lang='lat' dir='ltr'><strong>sunt,</strong></span> <span class='ocrx_word' id='word_1_417' title='bbox 653 3179 859 3234; x_wconf 80' lang='lat' dir='ltr'><strong>etiamsi</strong></span> <span class='ocrx_word' id='word_1_418' title='bbox 898 3178 1049 3232; x_wconf 77' lang='lat' dir='ltr'><strong>venia</strong></span> <span class='ocrx_word' id='word_1_419' title='bbox 1090 3179 1191 3229; x_wconf 84' lang='lat' dir='ltr'><strong>sint</strong></span> <span class='ocrx_word' id='word_1_420' title='bbox 1227 3175 1465 3246; x_wconf 77' lang='lat' dir='ltr'><strong>indigni,</strong></span> <span class='ocrx_word' id='word_1_421' title='bbox 1539 3175 1759 3244; x_wconf 80' lang='lat' dir='ltr'><strong>aliquali</strong></span> <span class='ocrx_word' id='word_1_422' title='bbox 1809 3185 1982 3228; x_wconf 84' lang='lat' dir='ltr'><strong>tamen</strong></span> 
     </span>
    </p>
   </div>
   <div class='ocr_carea' id='block_1_61' title="bbox 471 3268 1792 3341">
    <p class='ocr_par' dir='ltr' id='par_1_61' title="bbox 471 3268 1792 3341">
     <span class='ocr_line' id='line_1_61' title="bbox 471 3268 1792 3341; baseline -0.005 -14"><span class='ocrx_word' id='word_1_423' title='bbox 471 3275 619 3328; x_wconf 84' lang='lat' dir='ltr'><strong>renia</strong></span> <span class='ocrx_word' id='word_1_424' title='bbox 644 3272 847 3341; x_wconf 81' lang='lat' dir='ltr'><strong>dignati</strong></span> <span class='ocrx_word' id='word_1_425' title='bbox 870 3268 1147 3322; x_wconf 82' lang='lat' dir='ltr'><strong>duodecim</strong></span> <span class='ocrx_word' id='word_1_426' title='bbox 1173 3284 1339 3322; x_wconf 84' lang='lat' dir='ltr'><strong>annos</strong></span> <span class='ocrx_word' id='word_1_427' title='bbox 1363 3276 1792 3338; x_wconf 83' lang='lat' dir='ltr'><strong>prosternuntur.</strong></span> 
     </span>
    </p>
   </div>
   <div class='ocr_carea' id='block_1_62' title="bbox 473 3361 1975 3435">
    <p class='ocr_par' dir='ltr' id='par_1_62' title="bbox 473 3361 1975 3435">
     <span class='ocr_line' id='line_1_62' title="bbox 473 3361 1975 3435; baseline -0.006 -16"><span class='ocrx_word' id='word_1_428' title='bbox 473 3367 796 3435; x_wconf 85' lang='lat' dir='ltr'><strong>Quicunque</strong></span> <span class='ocrx_word' id='word_1_429' title='bbox 821 3363 979 3416; x_wconf 79' lang='lat' dir='ltr'><strong>ﬁdem</strong></span> <span class='ocrx_word' id='word_1_430' title='bbox 1010 3362 1148 3416; x_wconf 88' lang='lat' dir='ltr'><strong>citra</strong></span> <span class='ocrx_word' id='word_1_431' title='bbox 1190 3361 1571 3415; x_wconf 89' lang='lat' dir='ltr'><strong>necessitatem</strong></span> <span class='ocrx_word' id='word_1_432' title='bbox 1609 3361 1975 3427; x_wconf 84' lang='lat' dir='ltr'><strong>abnegarunt,</strong></span> 
     </span>
    </p>
   </div>
   <div class='ocr_carea' id='block_1_63' title="bbox 409 3435 1984 3530">
    <p class='ocr_par' dir='ltr' id='par_1_63' title="bbox 409 3435 1984 3530">
     <span class='ocr_line' id='line_1_63' title="bbox 409 3435 1984 3530; baseline -0.004 -17"><span class='ocrx_word' id='word_1_433' title='bbox 409 3435 720 3530; x_wconf 75' lang='lat' dir='ltr'><strong>quanquam</strong></span> <span class='ocrx_word' id='word_1_434' title='bbox 767 3455 1105 3509; x_wconf 90' lang='lat' dir='ltr'><strong>humanitate</strong></span> <span class='ocrx_word' id='word_1_435' title='bbox 1176 3453 1282 3507; x_wconf 89' lang='lat' dir='ltr'><strong>sint</strong></span> <span class='ocrx_word' id='word_1_436' title='bbox 1341 3453 1582 3521; x_wconf 80' lang='lat' dir='ltr'><strong>indigni,</strong></span> <span class='ocrx_word' id='word_1_437' title='bbox 1629 3451 1984 3506; x_wconf 89' lang='lat' dir='ltr'><strong>nihilominus</strong></span> 
     </span>
    </p>
   </div>
   <div class='ocr_carea' id='block_1_64' title="bbox 403 3543 1984 3615">
    <p class='ocr_par' dir='ltr' id='par_1_64' title="bbox 403 3543 1984 3615">
     <span class='ocr_line' id='line_1_64' title="bbox 403 3543 1984 3615; baseline -0.003 -14"><span class='ocrx_word' id='word_1_438' title='bbox 403 3550 580 3615; x_wconf 81' lang='lat' dir='ltr'><strong>aliqua</strong></span> <span class='ocrx_word' id='word_1_439' title='bbox 620 3545 948 3614; x_wconf 77' lang='lat' dir='ltr'><strong>indulgentia</strong></span> <span class='ocrx_word' id='word_1_440' title='bbox 989 3551 1280 3598; x_wconf 88' lang='lat' dir='ltr'><strong>censentur</strong></span> <span class='ocrx_word' id='word_1_441' title='bbox 1326 3543 1510 3612; x_wconf 82' lang='lat' dir='ltr'><strong>digni,</strong></span> <span class='ocrx_word' id='word_1_442' title='bbox 1561 3551 1619 3595; x_wconf 89' lang='lat' dir='ltr'><strong>ut</strong></span> <span class='ocrx_word' id='word_1_443' title='bbox 1659 3544 1749 3613; x_wconf 87' lang='lat' dir='ltr'><strong>qtti</strong></span> <span class='ocrx_word' id='word_1_444' title='bbox 1803 3559 1868 3597; x_wconf 87' lang='lat' dir='ltr'><strong>cx</strong></span> <span class='ocrx_word' id='word_1_445' title='bbox 1918 3543 1984 3598; x_wconf 91' lang='lat' dir='ltr'><strong>iis</strong></span> 
     </span>
    </p>
   </div>
   <div class='ocr_carea' id='block_1_65' title="bbox 404 3634 1982 3706">
    <p class='ocr_par' dir='ltr' id='par_1_65' title="bbox 404 3634 1982 3706">
     <span class='ocr_line' id='line_1_65' title="bbox 404 3634 1982 3706; baseline -0.003 -14"><span class='ocrx_word' id='word_1_446' title='bbox 404 3638 640 3704; x_wconf 72' lang='lat' dir='ltr'><strong>legitime</strong></span> <span class='ocrx_word' id='word_1_447' title='bbox 687 3637 1060 3706; x_wconf 63' lang='lat' dir='ltr'><strong>paenitentiam</strong></span> <span class='ocrx_word' id='word_1_448' title='bbox 1120 3634 1355 3704; x_wconf 86' lang='lat' dir='ltr'><strong>egerint,</strong></span> <span class='ocrx_word' id='word_1_449' title='bbox 1398 3643 1508 3687; x_wconf 87' lang='lat' dir='ltr'><strong>tres</strong></span> <span class='ocrx_word' id='word_1_450' title='bbox 1556 3634 1772 3702; x_wconf 90' lang='lat' dir='ltr'><strong>quidem</strong></span> <span class='ocrx_word' id='word_1_451' title='bbox 1810 3649 1982 3688; x_wconf 88' lang='lat' dir='ltr'><strong>annos</strong></span> 
     </span>
    </p>
   </div>
   <div class='ocr_carea' id='block_1_66' title="bbox 407 3727 1984 3791">
    <p class='ocr_par' dir='ltr' id='par_1_66' title="bbox 407 3727 1984 3791">
     <span class='ocr_line' id='line_1_66' title="bbox 407 3727 1984 3791; baseline -0.004 -3"><span class='ocrx_word' id='word_1_452' title='bbox 407 3737 547 3788; x_wconf 78' lang='lat' dir='ltr'><strong>inter</strong></span> <span class='ocrx_word' id='word_1_453' title='bbox 599 3733 880 3786; x_wconf 83' lang='lat' dir='ltr'><strong>audientes</strong></span> <span class='ocrx_word' id='word_1_454' title='bbox 927 3729 1042 3784; x_wconf 86' lang='lat' dir='ltr'><strong>sive</strong></span> <span class='ocrx_word' id='word_1_455' title='bbox 1084 3728 1137 3782; x_wconf 91' lang='lat' dir='ltr'><strong>in</strong></span> <span class='ocrx_word' id='word_1_456' title='bbox 1182 3728 1391 3782; x_wconf 79' lang='lat' dir='ltr'><strong>foribus</strong></span> <span class='ocrx_word' id='word_1_457' title='bbox 1429 3736 1572 3782; x_wconf 88' lang='lat' dir='ltr'><strong>stent</strong></span> <span class='ocrx_word' id='word_1_458' title='bbox 1611 3727 1877 3791; x_wconf 85' lang='lat' dir='ltr'><strong>basilicis,</strong></span> <span class='ocrx_word' id='word_1_459' title='bbox 1929 3737 1984 3781; x_wconf 89' lang='lat' dir='ltr'><strong>et</strong></span> 
     </span>
    </p>
   </div>
   <div class='ocr_carea' id='block_1_67' title="bbox 407 3818 1979 3890">
    <p class='ocr_par' dir='ltr' id='par_1_67' title="bbox 407 3818 1979 3890">
     <span class='ocr_line' id='line_1_67' title="bbox 407 3818 1979 3890; baseline -0.003 -14"><span class='ocrx_word' id='word_1_460' title='bbox 407 3826 616 3876; x_wconf 63' lang='lat' dir='ltr'><strong>dixiuas</strong></span> <span class='ocrx_word' id='word_1_461' title='bbox 648 3823 958 3890; x_wconf 85' lang='lat' dir='ltr'><strong>Scripturas</strong></span> <span class='ocrx_word' id='word_1_462' title='bbox 989 3821 1228 3874; x_wconf 89' lang='lat' dir='ltr'><strong>audiant.</strong></span> <span class='ocrx_word' id='word_1_463' title='bbox 1261 3818 1365 3872; x_wconf 90' lang='lat' dir='ltr'><strong>Sed</strong></span> <span class='ocrx_word' id='word_1_464' title='bbox 1385 3829 1503 3887; x_wconf 88' lang='lat' dir='ltr'><strong>post</strong></span> <span class='ocrx_word' id='word_1_465' title='bbox 1531 3820 1660 3873; x_wconf 91' lang='lat' dir='ltr'><strong>illud</strong></span> <span class='ocrx_word' id='word_1_466' title='bbox 1686 3819 1979 3874; x_wconf 77' lang='lat' dir='ltr'><strong>tricnnium</strong></span> 
     </span>
    </p>
   </div>
   <div class='ocr_carea' id='block_1_68' title="bbox 409 3910 1980 3975">
    <p class='ocr_par' dir='ltr' id='par_1_68' title="bbox 409 3910 1980 3975">
     <span class='ocr_line' id='line_1_68' title="bbox 409 3910 1980 3975; baseline -0.003 -6"><span class='ocrx_word' id='word_1_467' title='bbox 409 3918 550 3970; x_wconf 89' lang='lat' dir='ltr'><strong>intra</strong></span> <span class='ocrx_word' id='word_1_468' title='bbox 604 3915 844 3968; x_wconf 61' lang='lat' dir='ltr'><strong>ecclesiae</strong></span> <span class='ocrx_word' id='word_1_469' title='bbox 910 3911 1170 3966; x_wconf 91' lang='lat' dir='ltr'><strong>ambitum</strong></span> <span class='ocrx_word' id='word_1_470' title='bbox 1231 3910 1688 3975; x_wconf 85' lang='lat' dir='ltr'><strong>introducantur,</strong></span> <span class='ocrx_word' id='word_1_471' title='bbox 1749 3923 1803 3964; x_wconf 88' lang='lat' dir='ltr'><strong>et</strong></span> <span class='ocrx_word' id='word_1_472' title='bbox 1857 3927 1980 3965; x_wconf 92' lang='lat' dir='ltr'><strong>cum</strong></span> 
     </span>
    </p>
   </div>
   <div class='ocr_carea' id='block_1_69' title="bbox 408 4003 1980 4074">
    <p class='ocr_par' dir='ltr' id='par_1_69' title="bbox 408 4003 1980 4074">
     <span class='ocr_line' id='line_1_69' title="bbox 408 4003 1980 4074; baseline -0.002 -13"><span class='ocrx_word' id='word_1_473' title='bbox 408 4005 885 4061; x_wconf 81' lang='lat' dir='ltr'><strong>succumbentibus</strong></span> <span class='ocrx_word' id='word_1_474' title='bbox 932 4004 984 4058; x_wconf 91' lang='lat' dir='ltr'><strong>in</strong></span> <span class='ocrx_word' id='word_1_475' title='bbox 1032 4003 1238 4074; x_wconf 88' lang='lat' dir='ltr'><strong>postica</strong></span> <span class='ocrx_word' id='word_1_476' title='bbox 1279 4004 1525 4058; x_wconf 84' lang='lat' dir='ltr'><strong>ambonis</strong></span> <span class='ocrx_word' id='word_1_477' title='bbox 1571 4013 1722 4074; x_wconf 86' lang='lat' dir='ltr'><strong>parte</strong></span> <span class='ocrx_word' id='word_1_478' title='bbox 1776 4014 1980 4073; x_wconf 87' lang='lat' dir='ltr'><strong>septem</strong></span> 
     </span>
    </p>
   </div>
   <div class='ocr_carea' id='block_1_70' title="bbox 409 4097 1956 4167">
    <p class='ocr_par' dir='ltr' id='par_1_70' title="bbox 409 4097 1956 4167">
     <span class='ocr_line' id='line_1_70' title="bbox 409 4097 1956 4167; baseline -0.003 -15"><span class='ocrx_word' id='word_1_479' title='bbox 409 4114 580 4153; x_wconf 80' lang='lat' dir='ltr'><strong>annos</strong></span> <span class='ocrx_word' id='word_1_480' title='bbox 609 4107 981 4167; x_wconf 86' lang='lat' dir='ltr'><strong>permaneant,</strong></span> <span class='ocrx_word' id='word_1_481' title='bbox 1020 4110 1125 4151; x_wconf 87' lang='lat' dir='ltr'><strong>una</strong></span> <span class='ocrx_word' id='word_1_482' title='bbox 1168 4111 1291 4150; x_wconf 85' lang='lat' dir='ltr'><strong>cum</strong></span> <span class='ocrx_word' id='word_1_483' title='bbox 1328 4097 1846 4150; x_wconf 85' lang='lat' dir='ltr'><strong>catechumenornm</strong></span> <span class='ocrx_word' id='word_1_484' title='bbox 1889 4111 1956 4149; x_wconf 76' lang='lat' dir='ltr'><strong>ex</strong></span> 
     </span>
    </p>
   </div>
   <div class='ocr_carea' id='block_1_71' title="bbox 409 4188 1978 4258">
    <p class='ocr_par' dir='ltr' id='par_1_71' title="bbox 409 4188 1978 4258">
     <span class='ocr_line' id='line_1_71' title="bbox 409 4188 1978 4258; baseline -0.004 -12"><span class='ocrx_word' id='word_1_485' title='bbox 409 4191 729 4246; x_wconf 79' lang='lat' dir='ltr'><strong>c|.unatione</strong></span> <span class='ocrx_word' id='word_1_486' title='bbox 749 4199 1028 4246; x_wconf 80' lang='lat' dir='ltr'><strong>exeuntes.</strong></span> <span class='ocrx_word' id='word_1_487' title='bbox 1059 4189 1126 4243; x_wconf 86' lang='lat' dir='ltr'><strong>Et</strong></span> <span class='ocrx_word' id='word_1_488' title='bbox 1155 4198 1275 4258; x_wconf 66' lang='lat' dir='ltr'><strong>pest</strong></span> <span class='ocrx_word' id='word_1_489' title='bbox 1308 4188 1644 4258; x_wconf 88' lang='lat' dir='ltr'><strong>septenninm</strong></span> <span class='ocrx_word' id='word_1_490' title='bbox 1687 4188 1978 4256; x_wconf 80' lang='lat' dir='ltr'><strong>expletum,</strong></span> 
     </span>
    </p>
   </div>
   <div class='ocr_carea' id='block_1_72' title="bbox 412 4281 1978 4351">
    <p class='ocr_par' dir='ltr' id='par_1_72' title="bbox 412 4281 1978 4351">
     <span class='ocr_line' id='line_1_72' title="bbox 412 4281 1978 4351; baseline -0.003 -16"><span class='ocrx_word' id='word_1_491' title='bbox 412 4300 507 4351; x_wconf 64' lang='lat' dir='ltr'><strong>per</strong></span> <span class='ocrx_word' id='word_1_492' title='bbox 544 4284 678 4337; x_wconf 83' lang='lat' dir='ltr'><strong>alios</strong></span> <span class='ocrx_word' id='word_1_493' title='bbox 717 4284 850 4338; x_wconf 85' lang='lat' dir='ltr'><strong>duos</strong></span> <span class='ocrx_word' id='word_1_494' title='bbox 881 4298 1052 4338; x_wconf 83' lang='lat' dir='ltr'><strong>annos</strong></span> <span class='ocrx_word' id='word_1_495' title='bbox 1086 4298 1191 4338; x_wconf 89' lang='lat' dir='ltr'><strong>una</strong></span> <span class='ocrx_word' id='word_1_496' title='bbox 1219 4297 1342 4336; x_wconf 89' lang='lat' dir='ltr'><strong>cum</strong></span> <span class='ocrx_word' id='word_1_497' title='bbox 1377 4281 1623 4336; x_wconf 88' lang='lat' dir='ltr'><strong>ﬁdelibus</strong></span> <span class='ocrx_word' id='word_1_498' title='bbox 1660 4281 1978 4345; x_wconf 84' lang='lat' dir='ltr'><strong>consislant,</strong></span> 
     </span>
    </p>
   </div>
   <div class='ocr_carea' id='block_1_73' title="bbox 411 4367 2000 4446">
    <p class='ocr_par' dir='ltr' id='par_1_73' title="bbox 411 4367 2000 4446">
     <span class='ocr_line' id='line_1_73' title="bbox 411 4367 2000 4446; baseline 0 -22"><span class='ocrx_word' id='word_1_499' title='bbox 411 4375 696 4444; x_wconf 73' lang='lat' dir='ltr'><strong>participes</strong></span> <span class='ocrx_word' id='word_1_500' title='bbox 725 4389 846 4429; x_wconf 79' lang='lat' dir='ltr'><strong>cum</strong></span> <span class='ocrx_word' id='word_1_501' title='bbox 892 4377 974 4430; x_wconf 88' lang='lat' dir='ltr'><strong>eis</strong></span> <span class='ocrx_word' id='word_1_502' title='bbox 1010 4375 1378 4446; x_wconf 85' lang='lat' dir='ltr'><strong>precatiouum</strong></span> <span class='ocrx_word' id='word_1_503' title='bbox 1409 4389 1578 4440; x_wconf 84' lang='lat' dir='ltr'><strong>usque.</strong></span> <span class='ocrx_word' id='word_1_504' title='bbox 1609 4372 1676 4425; x_wconf 93' lang='lat' dir='ltr'><strong>ad</strong></span> <span class='ocrx_word' id='word_1_505' title='bbox 1707 4367 2000 4441; x_wconf 43' lang='lat' dir='ltr'><strong>mystagoQ</strong></span> 
     </span>
    </p>
   </div>
   <div class='ocr_carea' id='block_1_74' title="bbox 707 3079 1976 3155">
    <p class='ocr_par' dir='ltr' id='par_1_74' title="bbox 707 3080 1976 3155">
     <span class='ocr_line' id='line_1_74' title="bbox 707 3080 1976 3155; baseline -0.005 -19"><span class='ocrx_word' id='word_1_506' title='bbox 707 3083 968 3155; x_wconf 83' lang='lat' dir='ltr'><strong>Quotquot</strong></span> <span class='ocrx_word' id='word_1_507' title='bbox 1047 3084 1182 3136; x_wconf 78' lang='lat' dir='ltr'><strong>citra</strong></span> <span class='ocrx_word' id='word_1_508' title='bbox 1236 3080 1600 3136; x_wconf 79' lang='lat' dir='ltr'><strong>necessitatem</strong></span> <span class='ocrx_word' id='word_1_509' title='bbox 1669 3081 1976 3148; x_wconf 77' lang='lat' dir='ltr'><strong>transgressi</strong></span> 
     </span>
    </p>
   </div>
   <div class='ocr_carea' id='block_1_75' title="bbox 2078 3079 3668 3155">
    <p class='ocr_par' dir='ltr' id='par_1_75' title="bbox 2090 3079 3668 3150">
     <span class='ocr_line' id='line_1_75' title="bbox 2090 3079 3668 3150; baseline 0 -16"><span class='ocrx_word' id='word_1_510' title='bbox 2090 3079 2315 3134; x_wconf 80' lang='grc' dir='ltr'><strong>ΑΡΙΣΤ.</strong></span> <span class='ocrx_word' id='word_1_511' title='bbox 2356 3079 2530 3133; x_wconf 87' lang='grc' dir='ltr'>Ὅσοι</span> <span class='ocrx_word' id='word_1_512' title='bbox 2555 3079 2732 3148; x_wconf 80' lang='grc' dir='ltr'>χωρίς</span> <span class='ocrx_word' id='word_1_513' title='bbox 2764 3080 3032 3150; x_wconf 76' lang='grc' dir='ltr'>ἀνάγκης</span> <span class='ocrx_word' id='word_1_514' title='bbox 3075 3081 3449 3150; x_wconf 71' lang='grc' dir='ltr'>παρέϐησαν,</span> <span class='ocrx_word' id='word_1_515' title='bbox 3484 3087 3537 3138; x_wconf 84' lang='grc' dir='ltr'><strong>εί</strong></span> <span class='ocrx_word' id='word_1_516' title='bbox 3569 3081 3668 3139; x_wconf 72' lang='grc' dir='ltr'><strong>καί</strong></span> 
     </span>
    </p>
   </div>
   <div class='ocr_carea' id='block_1_76' title="bbox 2157 3165 3667 3242">
    <p class='ocr_par' dir='ltr' id='par_1_76' title="bbox 2157 3165 3667 3242">
     <span class='ocr_line' id='line_1_76' title="bbox 2157 3165 3667 3242; baseline 0.004 -20"><span class='ocrx_word' id='word_1_517' title='bbox 2157 3167 2519 3239; x_wconf 55' lang='grc' dir='ltr'>συγγνώμης</span> <span class='ocrx_word' id='word_1_518' title='bbox 2567 3165 2728 3238; x_wconf 75' lang='grc' dir='ltr'>ἦσαν</span> <span class='ocrx_word' id='word_1_519' title='bbox 2789 3169 3049 3233; x_wconf 77' lang='grc' dir='ltr'>ἀνάξιοι,</span> <span class='ocrx_word' id='word_1_520' title='bbox 3089 3172 3456 3241; x_wconf 80' lang='grc' dir='ltr'>συγγνώμης</span> <span class='ocrx_word' id='word_1_521' title='bbox 3503 3178 3667 3242; x_wconf 78' lang='grc' dir='ltr'>τινὸς</span> 
     </span>
    </p>
   </div>
   <div class='ocr_carea' id='block_1_77' title="bbox 2155 3261 3661 3336">
    <p class='ocr_par' dir='ltr' id='par_1_77' title="bbox 2155 3261 3661 3336">
     <span class='ocr_line' id='line_1_77' title="bbox 2155 3261 3661 3336; baseline 0.005 -21"><span class='ocrx_word' id='word_1_522' title='bbox 2155 3262 2522 3330; x_wconf 79' lang='grc' dir='ltr'>ἀξιούμενοι,</span> <span class='ocrx_word' id='word_1_523' title='bbox 2555 3261 2781 3315; x_wconf 74' lang='grc' dir='ltr'>δώδεκα</span> <span class='ocrx_word' id='word_1_524' title='bbox 2837 3262 2940 3328; x_wconf 81' lang='grc' dir='ltr'>ἔτη</span> <span class='ocrx_word' id='word_1_525' title='bbox 2967 3264 3485 3318; x_wconf 81' lang='grc' dir='ltr'>ὺποπιπτέτωσαν</span> <span class='ocrx_word' id='word_1_526' title='bbox 3516 3268 3661 3336; x_wconf 81' lang='grc'>(58).</span> 
     </span>
    </p>
   </div>
   <div class='ocr_carea' id='block_1_78' title="bbox 2159 3353 3667 3429">
    <p class='ocr_par' dir='ltr' id='par_1_78' title="bbox 2159 3353 3667 3429">
     <span class='ocr_line' id='line_1_78' title="bbox 2159 3353 3667 3429; baseline 0.003 -22"><span class='ocrx_word' id='word_1_527' title='bbox 2159 3353 2314 3407; x_wconf 85' lang='grc' dir='ltr'>Ὅσοι</span> <span class='ocrx_word' id='word_1_528' title='bbox 2338 3355 2436 3424; x_wconf 79' lang='grc' dir='ltr'>τὴν</span> <span class='ocrx_word' id='word_1_529' title='bbox 2498 3353 2682 3407; x_wconf 87' lang='grc' dir='ltr'>πίστιν</span> <span class='ocrx_word' id='word_1_530' title='bbox 2741 3355 3134 3426; x_wconf 84' lang='grc' dir='ltr'>ἀπηρνήσαντο</span> <span class='ocrx_word' id='word_1_531' title='bbox 3195 3357 3364 3427; x_wconf 78' lang='grc' dir='ltr'>χωρὶς</span> <span class='ocrx_word' id='word_1_532' title='bbox 3419 3359 3667 3429; x_wconf 79' lang='grc' dir='ltr'>ἀνάγκης</span> 
     </span>
    </p>
   </div>
   <div class='ocr_carea' id='block_1_79' title="bbox 2085 3443 3668 3521">
    <p class='ocr_par' dir='ltr' id='par_1_79' title="bbox 2085 3443 3668 3521">
     <span class='ocr_line' id='line_1_79' title="bbox 2085 3443 3668 3521; baseline 0.003 -22"><span class='ocrx_word' id='word_1_533' title='bbox 2085 3445 2192 3499; x_wconf 69' lang='grc' dir='ltr'><strong>κᾶν</strong></span> <span class='ocrx_word' id='word_1_534' title='bbox 2227 3446 2437 3511; x_wconf 83' lang='grc' dir='ltr'>ἀνάξιοι</span> <span class='ocrx_word' id='word_1_535' title='bbox 2509 3446 2926 3517; x_wconf 82' lang='grc' dir='ltr'>φιλανθρωπίας</span> <span class='ocrx_word' id='word_1_536' title='bbox 2959 3443 3122 3516; x_wconf 79' lang='grc' dir='ltr'>ἦσαν,</span> <span class='ocrx_word' id='word_1_537' title='bbox 3156 3449 3305 3515; x_wconf 86' lang='grc' dir='ltr'>ὅμως</span> <span class='ocrx_word' id='word_1_538' title='bbox 3334 3450 3668 3521; x_wconf 76' lang='grc' dir='ltr'>συγγνώμης</span> 
     </span>
    </p>
   </div>
   <div class='ocr_carea' id='block_1_80' title="bbox 2084 3534 3666 3611">
    <p class='ocr_par' dir='ltr' id='par_1_80' title="bbox 2084 3534 3666 3611">
     <span class='ocr_line' id='line_1_80' title="bbox 2084 3534 3666 3611; baseline 0.006 -25"><span class='ocrx_word' id='word_1_539' title='bbox 2084 3534 2228 3598; x_wconf 84' lang='grc' dir='ltr'>τινὸς</span> <span class='ocrx_word' id='word_1_540' title='bbox 2263 3535 2541 3601; x_wconf 81' lang='grc' dir='ltr'>ἀξιοῦνται</span> <span class='ocrx_word' id='word_1_541' title='bbox 2577 3551 2591 3565; x_wconf 71' lang='grc' dir='ltr'><strong>ο</strong></span> <span class='ocrx_word' id='word_1_542' title='bbox 2618 3534 2760 3589; x_wconf 80' lang='grc' dir='ltr'>ὥστε</span> <span class='ocrx_word' id='word_1_543' title='bbox 2809 3537 2935 3600; x_wconf 73' lang='grc' dir='ltr'>τοὺς</span> <span class='ocrx_word' id='word_1_544' title='bbox 2965 3537 3200 3607; x_wconf 82' lang='grc' dir='ltr'>γνησίως</span> <span class='ocrx_word' id='word_1_545' title='bbox 3260 3541 3318 3606; x_wconf 76' lang='grc' dir='ltr'>ἐξ</span> <span class='ocrx_word' id='word_1_546' title='bbox 3346 3542 3522 3594; x_wconf 82' lang='grc' dir='ltr'>αὐτῶν</span> <span class='ocrx_word' id='word_1_547' title='bbox 3567 3561 3666 3611; x_wconf 87' lang='grc' dir='ltr'>με-</span> 
     </span>
    </p>
   </div>
   <div class='ocr_carea' id='block_1_81' title="bbox 2085 3628 3666 3704">
    <p class='ocr_par' dir='ltr' id='par_1_81' title="bbox 2085 3628 3666 3704">
     <span class='ocr_line' id='line_1_81' title="bbox 2085 3628 3666 3704; baseline 0.006 -26"><span class='ocrx_word' id='word_1_548' title='bbox 2085 3628 2524 3699; x_wconf 74' lang='grc' dir='ltr'>ταμεὶ-ουμένους</span> <span class='ocrx_word' id='word_1_549' title='bbox 2543 3628 2666 3700; x_wconf 84' lang='grc' dir='ltr'>τρία</span> <span class='ocrx_word' id='word_1_550' title='bbox 2689 3630 2785 3698; x_wconf 83' lang='grc' dir='ltr'>μὲν</span> <span class='ocrx_word' id='word_1_551' title='bbox 2807 3629 2899 3699; x_wconf 79' lang='grc' dir='ltr'>ἔτη</span> <span class='ocrx_word' id='word_1_552' title='bbox 2920 3633 2976 3682; x_wconf 81' lang='grc' dir='ltr'>ἐν</span> <span class='ocrx_word' id='word_1_553' title='bbox 2995 3633 3104 3694; x_wconf 81' lang='grc' dir='ltr'>τοῖς</span> <span class='ocrx_word' id='word_1_554' title='bbox 3130 3633 3522 3702; x_wconf 75' lang='grc' dir='ltr'>ἀκροωμένοις,</span> <span class='ocrx_word' id='word_1_555' title='bbox 3547 3635 3666 3704; x_wconf 75' lang='grc' dir='ltr'>ἤτοι</span> 
     </span>
    </p>
   </div>
   <div class='ocr_carea' id='block_1_82' title="bbox 2085 3722 3668 3791">
    <p class='ocr_par' dir='ltr' id='par_1_82' title="bbox 2085 3722 3668 3791">
     <span class='ocr_line' id='line_1_82' title="bbox 2085 3722 3668 3791; baseline 0.005 -17"><span class='ocrx_word' id='word_1_556' title='bbox 2085 3723 2141 3774; x_wconf 87' lang='grc' dir='ltr'>ὲν</span> <span class='ocrx_word' id='word_1_557' title='bbox 2171 3726 2282 3785; x_wconf 80' lang='grc' dir='ltr'>τοῖς</span> <span class='ocrx_word' id='word_1_558' title='bbox 2302 3722 2596 3790; x_wconf 79' lang='grc' dir='ltr'>βασιλικοῖς</span> <span class='ocrx_word' id='word_1_559' title='bbox 2623 3723 2844 3776; x_wconf 78' lang='grc' dir='ltr'>ἑστάναι</span> <span class='ocrx_word' id='word_1_560' title='bbox 2872 3725 3102 3791; x_wconf 83' lang='grc' dir='ltr'>πυλῶσι,</span> <span class='ocrx_word' id='word_1_561' title='bbox 3137 3728 3232 3778; x_wconf 77' lang='grc' dir='ltr'>καὶ</span> <span class='ocrx_word' id='word_1_562' title='bbox 3268 3728 3376 3779; x_wconf 89' lang='grc' dir='ltr'><strong>τῶν</strong></span> <span class='ocrx_word' id='word_1_563' title='bbox 3417 3728 3574 3780; x_wconf 86' lang='grc' dir='ltr'>θείων</span> <span class='ocrx_word' id='word_1_564' title='bbox 3609 3729 3668 3782; x_wconf 74' lang='grc' dir='ltr'>δὲ</span> 
     </span>
    </p>
   </div>
   <div class='ocr_carea' id='block_1_83' title="bbox 2085 3815 3668 3889">
    <p class='ocr_par' dir='ltr' id='par_1_83' title="bbox 2085 3815 3668 3889">
     <span class='ocr_line' id='line_1_83' title="bbox 2085 3815 3668 3889; baseline 0.003 -22"><span class='ocrx_word' id='word_1_565' title='bbox 2085 3815 2387 3886; x_wconf 85' lang='grc' dir='ltr'>ἀκροᾶσθαι</span> <span class='ocrx_word' id='word_1_566' title='bbox 2406 3815 2657 3885; x_wconf 70' lang='grc' dir='ltr'>Γραφῶν.</span> <span class='ocrx_word' id='word_1_567' title='bbox 2681 3816 2837 3868; x_wconf 87' lang='grc' dir='ltr'>Μετά</span> <span class='ocrx_word' id='word_1_568' title='bbox 2859 3815 2953 3868; x_wconf 75' lang='grc' dir='ltr'>καὶ</span> <span class='ocrx_word' id='word_1_569' title='bbox 2979 3816 3070 3869; x_wconf 66' lang='grc' dir='ltr'>τὸν</span> <span class='ocrx_word' id='word_1_570' title='bbox 3095 3819 3278 3888; x_wconf 77' lang='grc' dir='ltr'>τριετῆ</span> <span class='ocrx_word' id='word_1_571' title='bbox 3299 3819 3488 3889; x_wconf 75' lang='grc' dir='ltr'>χρόνον</span> <span class='ocrx_word' id='word_1_572' title='bbox 3517 3820 3668 3872; x_wconf 79' lang='grc' dir='ltr'>ἑνδον</span> 
     </span>
    </p>
   </div>
   <div class='ocr_carea' id='block_1_84' title="bbox 2084 3905 3667 3979">
    <p class='ocr_par' dir='ltr' id='par_1_84' title="bbox 2084 3905 3667 3979">
     <span class='ocr_line' id='line_1_84' title="bbox 2084 3905 3667 3979; baseline 0.003 -21"><span class='ocrx_word' id='word_1_573' title='bbox 2084 3905 2180 3958; x_wconf 80' lang='grc' dir='ltr'><strong>τοῦ</strong></span> <span class='ocrx_word' id='word_1_574' title='bbox 2227 3905 2525 3976; x_wconf 80' lang='grc' dir='ltr'>περιϐόλου</span> <span class='ocrx_word' id='word_1_575' title='bbox 2559 3906 2660 3975; x_wconf 75' lang='grc' dir='ltr'>τῆς</span> <span class='ocrx_word' id='word_1_576' title='bbox 2691 3907 2996 3976; x_wconf 81' lang='grc' dir='ltr'>ἐκκλησίας</span> <span class='ocrx_word' id='word_1_577' title='bbox 3016 3906 3365 3977; x_wconf 77' lang='grc' dir='ltr'>εἰσαχθῆναι,</span> <span class='ocrx_word' id='word_1_578' title='bbox 3399 3909 3491 3962; x_wconf 75' lang='grc' dir='ltr'>καὶ</span> <span class='ocrx_word' id='word_1_579' title='bbox 3526 3911 3667 3979; x_wconf 81' lang='grc' dir='ltr'><strong>μετά</strong></span> 
     </span>
    </p>
   </div>
   <div class='ocr_carea' id='block_1_85' title="bbox 2083 3996 3667 4070">
    <p class='ocr_par' dir='ltr' id='par_1_85' title="bbox 2083 3996 3667 4070">
     <span class='ocr_line' id='line_1_85' title="bbox 2083 3996 3667 4070; baseline 0.003 -22"><span class='ocrx_word' id='word_1_580' title='bbox 2083 3996 2192 4048; x_wconf 86' lang='grc' dir='ltr'><strong>τῶν</strong></span> <span class='ocrx_word' id='word_1_581' title='bbox 2218 3996 2635 4049; x_wconf 80' lang='grc' dir='ltr'>ὑποπιπτόντων</span> <span class='ocrx_word' id='word_1_582' title='bbox 2654 3998 2711 4049; x_wconf 81' lang='grc' dir='ltr'>ὲν</span> <span class='ocrx_word' id='word_1_583' title='bbox 2741 3997 2818 4066; x_wconf 84' lang='grc' dir='ltr'>τῷ</span> <span class='ocrx_word' id='word_1_584' title='bbox 2841 3997 3075 4068; x_wconf 83' lang='grc' dir='ltr'>ὀπισθίῳ</span> <span class='ocrx_word' id='word_1_585' title='bbox 3107 4001 3266 4070; x_wconf 86' lang='grc' dir='ltr'>μέρει</span> <span class='ocrx_word' id='word_1_586' title='bbox 3287 4001 3382 4053; x_wconf 83' lang='grc' dir='ltr'><strong>τοῦ</strong></span> <span class='ocrx_word' id='word_1_587' title='bbox 3411 4002 3667 4070; x_wconf 79' lang='grc' dir='ltr'>ἀμὸωνος</span> 
     </span>
    </p>
   </div>
   <div class='ocr_carea' id='block_1_86' title="bbox 2085 4085 3668 4160">
    <p class='ocr_par' dir='ltr' id='par_1_86' title="bbox 2085 4085 3668 4160">
     <span class='ocr_line' id='line_1_86' title="bbox 2085 4085 3668 4160; baseline 0.004 -22"><span class='ocrx_word' id='word_1_588' title='bbox 2085 4087 2227 4139; x_wconf 78' lang='grc' dir='ltr'>ὲπτά</span> <span class='ocrx_word' id='word_1_589' title='bbox 2259 4086 2356 4156; x_wconf 76' lang='grc' dir='ltr'>ἔτη</span> <span class='ocrx_word' id='word_1_590' title='bbox 2376 4085 2708 4152; x_wconf 84' lang='grc' dir='ltr'>διατελέσαι,</span> <span class='ocrx_word' id='word_1_591' title='bbox 2737 4089 2804 4158; x_wconf 81' lang='grc' dir='ltr'>τῇ</span> <span class='ocrx_word' id='word_1_592' title='bbox 2839 4088 2948 4141; x_wconf 87' lang='grc' dir='ltr'><strong>τῶν</strong></span> <span class='ocrx_word' id='word_1_593' title='bbox 2998 4090 3431 4160; x_wconf 83' lang='grc' dir='ltr'>κατηχουμένων</span> <span class='ocrx_word' id='word_1_594' title='bbox 3484 4092 3668 4160; x_wconf 79' lang='grc' dir='ltr'>ἐκφω-</span> 
     </span>
    </p>
   </div>
   <div class='ocr_carea' id='block_1_87' title="bbox 2084 4177 3663 4251">
    <p class='ocr_par' dir='ltr' id='par_1_87' title="bbox 2084 4177 3663 4251">
     <span class='ocr_line' id='line_1_87' title="bbox 2084 4177 3663 4251; baseline 0.003 -20"><span class='ocrx_word' id='word_1_595' title='bbox 2084 4181 2239 4248; x_wconf 86' lang='grc' dir='ltr'>νήσει</span> <span class='ocrx_word' id='word_1_596' title='bbox 2271 4177 2772 4248; x_wconf 79' lang='grc' dir='ltr'>συνεξερχομένους</span> <span class='ocrx_word' id='word_1_597' title='bbox 2805 4195 2820 4210; x_wconf 89' lang='grc'><strong>·</strong></span> <span class='ocrx_word' id='word_1_598' title='bbox 2846 4180 2941 4232; x_wconf 69' lang='grc' dir='ltr'><strong>καὶ</strong></span> <span class='ocrx_word' id='word_1_599' title='bbox 2962 4181 3103 4248; x_wconf 89' lang='grc' dir='ltr'><strong>μετά</strong></span> <span class='ocrx_word' id='word_1_600' title='bbox 3187 4182 3514 4251; x_wconf 83' lang='grc' dir='ltr'>παρέλευσιν</span> <span class='ocrx_word' id='word_1_601' title='bbox 3568 4184 3663 4236; x_wconf 89' lang='grc' dir='ltr'><strong>τοῦ</strong></span> 
     </span>
    </p>
   </div>
   <div class='ocr_carea' id='block_1_88' title="bbox 2088 4269 3662 4342">
    <p class='ocr_par' dir='ltr' id='par_1_88' title="bbox 2088 4269 3662 4342">
     <span class='ocr_line' id='line_1_88' title="bbox 2088 4269 3662 4342; baseline 0.003 -19"><span class='ocrx_word' id='word_1_602' title='bbox 2088 4270 2389 4332; x_wconf 78' lang='grc' dir='ltr'>ἑπταετοῦς</span> <span class='ocrx_word' id='word_1_603' title='bbox 2420 4269 2615 4340; x_wconf 88' lang='grc' dir='ltr'>χρόνου</span> <span class='ocrx_word' id='word_1_604' title='bbox 2645 4270 2910 4325; x_wconf 72' lang='grc' dir='ltr'>ἐπἰδυσὶν</span> <span class='ocrx_word' id='word_1_605' title='bbox 2935 4272 3117 4335; x_wconf 82' lang='grc' dir='ltr'>ἄλλοις</span> <span class='ocrx_word' id='word_1_606' title='bbox 3152 4273 3302 4325; x_wconf 78' lang='grc' dir='ltr'>ἔτεσι</span> <span class='ocrx_word' id='word_1_607' title='bbox 3347 4275 3483 4342; x_wconf 75' lang='grc' dir='ltr'>μετὰ</span> <span class='ocrx_word' id='word_1_608' title='bbox 3550 4274 3662 4327; x_wconf 84' lang='grc' dir='ltr'><strong>τῶν</strong></span> 
     </span>
    </p>
   </div>
   <div class='ocr_carea' id='block_1_89' title="bbox 2088 4362 3664 4432">
    <p class='ocr_par' dir='ltr' id='par_1_89' title="bbox 2088 4362 3664 4432">
     <span class='ocr_line' id='line_1_89' title="bbox 2088 4362 3664 4432; baseline 0.003 -17"><span class='ocrx_word' id='word_1_609' title='bbox 2088 4364 2292 4416; x_wconf 85' lang='grc' dir='ltr'>πιστῶν</span> <span class='ocrx_word' id='word_1_610' title='bbox 2315 4362 2412 4432; x_wconf 82' lang='grc' dir='ltr'>τὴν</span> <span class='ocrx_word' id='word_1_611' title='bbox 2459 4364 2719 4415; x_wconf 82' lang='grc' dir='ltr'>σύστασιν</span> <span class='ocrx_word' id='word_1_612' title='bbox 2749 4362 3028 4428; x_wconf 84' lang='grc' dir='ltr'>δέξασθαι,</span> <span class='ocrx_word' id='word_1_613' title='bbox 3054 4365 3446 4430; x_wconf 86' lang='grc' dir='ltr'>κοινωνοῦντας</span> <span class='ocrx_word' id='word_1_614' title='bbox 3479 4367 3664 4431; x_wconf 70' lang='grc' dir='ltr'>αἰτοῖς</span> 
     </span>
    </p>
   </div>
   <div class='ocr_carea' id='block_1_90' title="bbox 411 4453 1976 4534">
    <p class='ocr_par' dir='ltr' id='par_1_90' title="bbox 411 4463 1976 4534">
     <span class='ocr_line' id='line_1_90' title="bbox 411 4463 1976 4534; baseline 0.001 -19"><span class='ocrx_word' id='word_1_615' title='bbox 411 4467 551 4534; x_wconf 80' lang='lat' dir='ltr'><strong>giam</strong></span> <span class='ocrx_word' id='word_1_616' title='bbox 603 4468 957 4533; x_wconf 85' lang='lat' dir='ltr'><strong>completam,</strong></span> <span class='ocrx_word' id='word_1_617' title='bbox 1002 4466 1197 4521; x_wconf 71' lang='lat' dir='ltr'><strong>divina:</strong></span> <span class='ocrx_word' id='word_1_618' title='bbox 1243 4474 1420 4519; x_wconf 88' lang='lat' dir='ltr'><strong>autem</strong></span> <span class='ocrx_word' id='word_1_619' title='bbox 1454 4463 1848 4519; x_wconf 86' lang='lat' dir='ltr'><strong>communionis</strong></span> <span class='ocrx_word' id='word_1_620' title='bbox 1891 4477 1976 4516; x_wconf 68' lang='lat' dir='ltr'><strong>net</strong></span> 
     </span>
    </p>
   </div>
   <div class='ocr_carea' id='block_1_91' title="bbox 2078 4453 3668 4534">
    <p class='ocr_par' dir='ltr' id='par_1_91' title="bbox 2093 4453 3668 4526">
     <span class='ocr_line' id='line_1_91' title="bbox 2093 4453 3668 4526; baseline 0.003 -20"><span class='ocrx_word' id='word_1_621' title='bbox 2093 4453 2202 4506; x_wconf 91' lang='grc' dir='ltr'><strong>τῶν</strong></span> <span class='ocrx_word' id='word_1_622' title='bbox 2279 4453 2602 4522; x_wconf 80' lang='grc' dir='ltr'>προσευχῶν</span> <span class='ocrx_word' id='word_1_623' title='bbox 2677 4454 2839 4523; x_wconf 80' lang='grc' dir='ltr'>μέχρι</span> <span class='ocrx_word' id='word_1_624' title='bbox 2901 4456 3356 4526; x_wconf 82' lang='grc' dir='ltr'>συμπληρώσεως</span> <span class='ocrx_word' id='word_1_625' title='bbox 3418 4458 3516 4525; x_wconf 71' lang='grc' dir='ltr'>τῆς</span> <span class='ocrx_word' id='word_1_626' title='bbox 3567 4475 3668 4526; x_wconf 83' lang='grc' dir='ltr'>μυ-</span> 
     </span>
    </p>
   </div>
   <div class='ocr_carea' id='block_1_92' title="bbox 415 4556 1991 4631">
    <p class='ocr_par' dir='ltr' id='par_1_92' title="bbox 415 4556 1991 4631">
     <span class='ocr_line' id='line_1_92' title="bbox 415 4556 1991 4631; baseline -0.003 -18"><span class='ocrx_word' id='word_1_627' title='bbox 415 4563 533 4614; x_wconf 75' lang='lat' dir='ltr'><strong>istis</strong></span> <span class='ocrx_word' id='word_1_628' title='bbox 572 4561 777 4616; x_wconf 89' lang='lat' dir='ltr'><strong>duobus</strong></span> <span class='ocrx_word' id='word_1_629' title='bbox 811 4563 969 4616; x_wconf 86' lang='lat' dir='ltr'><strong>annis</strong></span> <span class='ocrx_word' id='word_1_630' title='bbox 1013 4559 1306 4631; x_wconf 87' lang='lat' dir='ltr'><strong>participes</strong></span> <span class='ocrx_word' id='word_1_631' title='bbox 1341 4559 1499 4612; x_wconf 90' lang='lat' dir='ltr'><strong>ﬁant.</strong></span> <span class='ocrx_word' id='word_1_632' title='bbox 1543 4557 1647 4612; x_wconf 88' lang='lat' dir='ltr'><strong>Sed</strong></span> <span class='ocrx_word' id='word_1_633' title='bbox 1683 4556 1748 4611; x_wconf 89' lang='lat' dir='ltr'><strong>iis</strong></span> <span class='ocrx_word' id='word_1_634' title='bbox 1789 4560 1991 4610; x_wconf 78' lang='lat' dir='ltr'><strong>CJtacttS</strong></span> 
     </span>
    </p>
   </div>
   <div class='ocr_carea' id='block_1_93' title="bbox 414 4650 1886 4723">
    <p class='ocr_par' dir='ltr' id='par_1_93' title="bbox 414 4650 1886 4723">
     <span class='ocr_line' id='line_1_93' title="bbox 414 4650 1886 4723; baseline -0.005 -15"><span class='ocrx_word' id='word_1_635' title='bbox 414 4661 470 4708; x_wconf 80' lang='lat' dir='ltr'><strong>et</strong></span> <span class='ocrx_word' id='word_1_636' title='bbox 493 4653 875 4722; x_wconf 87' lang='lat' dir='ltr'><strong>mysteriorum</strong></span> <span class='ocrx_word' id='word_1_637' title='bbox 903 4653 1317 4723; x_wconf 86' lang='lat' dir='ltr'><strong>participatione</strong></span> <span class='ocrx_word' id='word_1_638' title='bbox 1345 4652 1489 4720; x_wconf 83' lang='lat' dir='ltr'><strong>digni</strong></span> <span class='ocrx_word' id='word_1_639' title='bbox 1521 4650 1886 4706; x_wconf 87' lang='lat' dir='ltr'><strong>habebuntur.</strong></span> 
     </span>
    </p>
   </div>
   <div class='ocr_carea' id='block_1_94' title="bbox 1010 4904 1402 4961">
    <p class='ocr_par' dir='ltr' id='par_1_94' title="bbox 1010 4904 1402 4961">
     <span class='ocr_line' id='line_1_94' title="bbox 1010 4904 1402 4961; baseline 0.005 -2"><span class='ocrx_word' id='word_1_640' title='bbox 1010 4904 1233 4960; x_wconf 74' lang='lat' dir='ltr'><strong>CANON</strong></span> <span class='ocrx_word' id='word_1_641' title='bbox 1288 4907 1402 4961; x_wconf 76' lang='grc' dir='ltr'><strong>ΧΠ.</strong></span> 
     </span>
    </p>
   </div>
   <div class='ocr_carea' id='block_1_95' title="bbox 419 4998 1987 5068">
    <p class='ocr_par' dir='ltr' id='par_1_95' title="bbox 419 4998 1987 5068">
     <span class='ocr_line' id='line_1_95' title="bbox 419 4998 1987 5068; baseline 0.004 -18"><span class='ocrx_word' id='word_1_642' title='bbox 419 4998 524 5064; x_wconf 78' lang='lat' dir='ltr'><strong>Qui</strong></span> <span class='ocrx_word' id='word_1_643' title='bbox 553 5008 724 5052; x_wconf 81' lang='lat' dir='ltr'><strong>autem</strong></span> <span class='ocrx_word' id='word_1_644' title='bbox 749 5016 781 5052; x_wconf 89' lang='lat' dir='ltr'><strong><em>a</em></strong></span> <span class='ocrx_word' id='word_1_645' title='bbox 814 5001 988 5068; x_wconf 80' lang='lat' dir='ltr'><strong>gratia</strong></span> <span class='ocrx_word' id='word_1_646' title='bbox 1011 5003 1217 5068; x_wconf 82' lang='lat' dir='ltr'><strong>quidem</strong></span> <span class='ocrx_word' id='word_1_647' title='bbox 1246 5003 1463 5066; x_wconf 78' lang='lat' dir='ltr'><strong>evocati,</strong></span> <span class='ocrx_word' id='word_1_648' title='bbox 1500 5013 1546 5054; x_wconf 79' lang='lat' dir='ltr'><strong>et</strong></span> <span class='ocrx_word' id='word_1_649' title='bbox 1575 5002 1802 5068; x_wconf 84' lang='lat' dir='ltr'><strong>primum</strong></span> <span class='ocrx_word' id='word_1_650' title='bbox 1834 5019 1987 5057; x_wconf 82' lang='lat' dir='ltr'><strong>suum</strong></span> 
     </span>
    </p>
   </div>
   <div class='ocr_carea' id='block_1_96' title="bbox 487 5089 1983 5158">
    <p class='ocr_par' dir='ltr' id='par_1_96' title="bbox 487 5089 1983 5158">
     <span class='ocr_line' id='line_1_96' title="bbox 487 5089 1983 5158; baseline 0.001 -18"><span class='ocrx_word' id='word_1_651' title='bbox 487 5089 730 5142; x_wconf 68' lang='lat' dir='ltr'><strong>ardorem</strong></span> <span class='ocrx_word' id='word_1_652' title='bbox 787 5090 1153 5154; x_wconf 80' lang='lat' dir='ltr'><strong>ostenderunt,</strong></span> <span class='ocrx_word' id='word_1_653' title='bbox 1218 5101 1264 5142; x_wconf 83' lang='lat' dir='ltr'><strong>et</strong></span> <span class='ocrx_word' id='word_1_654' title='bbox 1321 5090 1530 5157; x_wconf 82' lang='lat' dir='ltr'><strong>cingula</strong></span> <span class='ocrx_word' id='word_1_655' title='bbox 1604 5092 1983 5158; x_wconf 77' lang='lat' dir='ltr'><strong>deposuerunt,</strong></span> 
     </span>
    </p>
   </div>
   <div class='ocr_carea' id='block_1_97' title="bbox 486 5182 1982 5250">
    <p class='ocr_par' dir='ltr' id='par_1_97' title="bbox 486 5182 1982 5250">
     <span class='ocr_line' id='line_1_97' title="bbox 486 5182 1982 5250; baseline 0 -14"><span class='ocrx_word' id='word_1_656' title='bbox 486 5189 666 5250; x_wconf 87' lang='lat' dir='ltr'><strong>postea</strong></span> <span class='ocrx_word' id='word_1_657' title='bbox 711 5191 886 5235; x_wconf 85' lang='lat' dir='ltr'><strong>autem</strong></span> <span class='ocrx_word' id='word_1_658' title='bbox 927 5193 984 5235; x_wconf 84' lang='lat' dir='ltr'><strong>ut</strong></span> <span class='ocrx_word' id='word_1_659' title='bbox 1027 5199 1181 5236; x_wconf 78' lang='lat' dir='ltr'><strong>canes</strong></span> <span class='ocrx_word' id='word_1_660' title='bbox 1213 5182 1281 5234; x_wconf 80' lang='lat' dir='ltr'><strong>ad</strong></span> <span class='ocrx_word' id='word_1_661' title='bbox 1320 5198 1472 5234; x_wconf 85' lang='lat' dir='ltr'><strong>suum</strong></span> <span class='ocrx_word' id='word_1_662' title='bbox 1505 5185 1752 5235; x_wconf 83' lang='lat' dir='ltr'><strong>vomitum</strong></span> <span class='ocrx_word' id='word_1_663' title='bbox 1795 5185 1982 5238; x_wconf 69' lang='lat' dir='ltr'><strong>reversi</strong></span> 
     </span>
    </p>
   </div>
   <div class='ocr_carea' id='block_1_98' title="bbox 2089 4542 3665 4616">
    <p class='ocr_par' dir='ltr' id='par_1_98' title="bbox 2089 4542 3665 4616">
     <span class='ocr_line' id='line_1_98' title="bbox 2089 4542 3665 4616; baseline 0.004 -22"><span class='ocrx_word' id='word_1_664' title='bbox 2089 4542 2401 4609; x_wconf 78' lang='grc' dir='ltr'>σταγωγίας</span> <span class='ocrx_word' id='word_1_665' title='bbox 2434 4543 2536 4610; x_wconf 81' lang='grc' dir='ltr'>τῆς</span> <span class='ocrx_word' id='word_1_666' title='bbox 2564 4542 2713 4607; x_wconf 86' lang='grc' dir='ltr'>θείας</span> <span class='ocrx_word' id='word_1_667' title='bbox 2745 4545 2996 4613; x_wconf 86' lang='grc' dir='ltr'>μέντοιγε</span> <span class='ocrx_word' id='word_1_668' title='bbox 3029 4547 3385 4616; x_wconf 78' lang='grc' dir='ltr'>μεταλήψεως</span> <span class='ocrx_word' id='word_1_669' title='bbox 3415 4548 3534 4600; x_wconf 65' lang='grc' dir='ltr'>οὐδὲ</span> <span class='ocrx_word' id='word_1_670' title='bbox 3570 4548 3665 4600; x_wconf 78' lang='grc' dir='ltr'><strong>ἐπὶ</strong></span> 
     </span>
    </p>
   </div>
   <div class='ocr_carea' id='block_1_99' title="bbox 2088 4633 3670 4707">
    <p class='ocr_par' dir='ltr' id='par_1_99' title="bbox 2088 4633 3670 4707">
     <span class='ocr_line' id='line_1_99' title="bbox 2088 4633 3670 4707; baseline 0.003 -21"><span class='ocrx_word' id='word_1_671' title='bbox 2088 4637 2198 4695; x_wconf 84' lang='grc' dir='ltr'>τοῖς</span> <span class='ocrx_word' id='word_1_672' title='bbox 2218 4633 2344 4684; x_wconf 81' lang='grc' dir='ltr'>δυσὶ</span> <span class='ocrx_word' id='word_1_673' title='bbox 2391 4634 2605 4694; x_wconf 82' lang='grc' dir='ltr'>τούτοις</span> <span class='ocrx_word' id='word_1_674' title='bbox 2668 4638 3012 4706; x_wconf 87' lang='grc' dir='ltr'>μετασχῶσιν</span> <span class='ocrx_word' id='word_1_675' title='bbox 3063 4639 3261 4693; x_wconf 77' lang='grc' dir='ltr'>ἔτεσιν.</span> <span class='ocrx_word' id='word_1_676' title='bbox 3312 4639 3478 4691; x_wconf 83' lang='grc' dir='ltr'>Ἀλλά</span> <span class='ocrx_word' id='word_1_677' title='bbox 3528 4641 3670 4707; x_wconf 84' lang='grc' dir='ltr'>μετά</span> 
     </span>
    </p>
   </div>
   <div class='ocr_carea' id='block_1_100' title="bbox 2085 4724 3667 4800">
    <p class='ocr_par' dir='ltr' id='par_1_100' title="bbox 2085 4724 3667 4800">
     <span class='ocr_line' id='line_1_100' title="bbox 2085 4724 3667 4800; baseline 0.003 -24"><span class='ocrx_word' id='word_1_678' title='bbox 2085 4724 2246 4777; x_wconf 83' lang='grc' dir='ltr'>τοῦτο</span> <span class='ocrx_word' id='word_1_679' title='bbox 2279 4725 2500 4792; x_wconf 74' lang='grc' dir='ltr'>καὶτῆς</span> <span class='ocrx_word' id='word_1_680' title='bbox 2573 4725 2810 4797; x_wconf 72' lang='grc' dir='ltr'>μετοχῆς</span> <span class='ocrx_word' id='word_1_681' title='bbox 2865 4727 2974 4780; x_wconf 83' lang='grc' dir='ltr'><strong>τῶν</strong></span> <span class='ocrx_word' id='word_1_682' title='bbox 3010 4730 3372 4799; x_wconf 84' lang='grc' dir='ltr'>ἀγιασμάτων</span> <span class='ocrx_word' id='word_1_683' title='bbox 3427 4729 3667 4800; x_wconf 81' lang='grc' dir='ltr'>ἀξιωθή-</span> 
     </span>
    </p>
   </div>
   <div class='ocr_carea' id='block_1_101' title="bbox 2088 4833 2294 4869">
    <p class='ocr_par' dir='ltr' id='par_1_101' title="bbox 2088 4833 2294 4869">
     <span class='ocr_line' id='line_1_101' title="bbox 2088 4833 2294 4869; baseline 0.005 -2"><span class='ocrx_word' id='word_1_684' title='bbox 2088 4833 2294 4869; x_wconf 82' lang='grc' dir='ltr'>σονται.</span> 
     </span>
    </p>
   </div>
   <div class='ocr_carea' id='block_1_102' title="bbox 2733 4905 3101 4960">
    <p class='ocr_par' dir='ltr' id='par_1_102' title="bbox 2733 4905 3101 4960">
     <span class='ocr_line' id='line_1_102' title="bbox 2733 4905 3101 4960; baseline 0.005 -3"><span class='ocrx_word' id='word_1_685' title='bbox 2733 4905 2969 4958; x_wconf 69' lang='grc' dir='ltr'><strong>ΚΑΝΩΝ</strong></span> <span class='ocrx_word' id='word_1_686' title='bbox 3005 4905 3101 4960; x_wconf 84' lang='lat' dir='ltr'><strong>lB&#39;.</strong></span> 
     </span>
    </p>
   </div>
   <div class='ocr_carea' id='block_1_103' title="bbox 2099 4996 3670 5071">
    <p class='ocr_par' dir='ltr' id='par_1_103' title="bbox 2099 4996 3670 5071">
     <span class='ocr_line' id='line_1_103' title="bbox 2099 4996 3670 5071; baseline 0.003 -21"><span class='ocrx_word' id='word_1_687' title='bbox 2099 5001 2160 5050; x_wconf 84' lang='lat' dir='ltr'><strong>Oi</strong></span> <span class='ocrx_word' id='word_1_688' title='bbox 2198 4997 2264 5052; x_wconf 79' lang='grc' dir='ltr'>δὲ</span> <span class='ocrx_word' id='word_1_689' title='bbox 2294 4996 2784 5066; x_wconf 70' lang='grc' dir='ltr'>προσκληθέντες</span> <span class='ocrx_word' id='word_1_690' title='bbox 2818 4998 2937 5064; x_wconf 77' lang='grc' dir='ltr'>μὲν</span> <span class='ocrx_word' id='word_1_691' title='bbox 2957 4999 3078 5052; x_wconf 79' lang='grc' dir='ltr'>ἀπὸ</span> <span class='ocrx_word' id='word_1_692' title='bbox 3106 5001 3217 5067; x_wconf 81' lang='grc' dir='ltr'>τῆς</span> <span class='ocrx_word' id='word_1_693' title='bbox 3276 5001 3539 5071; x_wconf 73' lang='grc' dir='ltr'>χάριτος,</span> <span class='ocrx_word' id='word_1_694' title='bbox 3569 5002 3670 5054; x_wconf 79' lang='grc' dir='ltr'><strong>καί</strong></span> 
     </span>
    </p>
   </div>
   <div class='ocr_carea' id='block_1_104' title="bbox 2162 5089 3665 5158">
    <p class='ocr_par' dir='ltr' id='par_1_104' title="bbox 2162 5089 3665 5158">
     <span class='ocr_line' id='line_1_104' title="bbox 2162 5089 3665 5158; baseline 0.003 -16"><span class='ocrx_word' id='word_1_695' title='bbox 2162 5093 2276 5158; x_wconf 74' lang='grc' dir='ltr'>τὴν</span> <span class='ocrx_word' id='word_1_696' title='bbox 2303 5091 2543 5158; x_wconf 78' lang='grc' dir='ltr'>πρώτην</span> <span class='ocrx_word' id='word_1_697' title='bbox 2580 5089 2774 5157; x_wconf 71' lang='grc' dir='ltr'>ὁρμὴν</span> <span class='ocrx_word' id='word_1_698' title='bbox 2805 5089 3238 5158; x_wconf 70' lang='grc' dir='ltr'>ἐνδειξάμενοι,</span> <span class='ocrx_word' id='word_1_699' title='bbox 3292 5093 3391 5146; x_wconf 83' lang='grc' dir='ltr'>καὶ</span> <span class='ocrx_word' id='word_1_700' title='bbox 3443 5093 3665 5148; x_wconf 78' lang='grc' dir='ltr'>ἀποθέ-</span> 
     </span>
    </p>
   </div>
   <div class='ocr_carea' id='block_1_105' title="bbox 2157 5181 3668 5253">
    <p class='ocr_par' dir='ltr' id='par_1_105' title="bbox 2157 5181 3668 5253">
     <span class='ocr_line' id='line_1_105' title="bbox 2157 5181 3668 5253; baseline 0.004 -17"><span class='ocrx_word' id='word_1_701' title='bbox 2157 5200 2327 5251; x_wconf 83' lang='grc' dir='ltr'>μενοι</span> <span class='ocrx_word' id='word_1_702' title='bbox 2360 5183 2464 5248; x_wconf 77' lang='grc' dir='ltr'>τὰς</span> <span class='ocrx_word' id='word_1_703' title='bbox 2497 5181 2677 5248; x_wconf 80' lang='grc' dir='ltr'>ζώνας</span> <span class='ocrx_word' id='word_1_704' title='bbox 2711 5183 2842 5252; x_wconf 71' lang='lat'><strong>(59),</strong></span> <span class='ocrx_word' id='word_1_705' title='bbox 2887 5186 3036 5253; x_wconf 81' lang='grc' dir='ltr'>μετὰ</span> <span class='ocrx_word' id='word_1_706' title='bbox 3074 5185 3141 5237; x_wconf 81' lang='grc' dir='ltr'>δὲ</span> <span class='ocrx_word' id='word_1_707' title='bbox 3198 5186 3382 5241; x_wconf 82' lang='grc' dir='ltr'>ταῦτα</span> <span class='ocrx_word' id='word_1_708' title='bbox 3435 5187 3532 5240; x_wconf 74' lang='grc' dir='ltr'><strong>ἐπὶ</strong></span> <span class='ocrx_word' id='word_1_709' title='bbox 3559 5190 3668 5242; x_wconf 82' lang='grc' dir='ltr'>τὸν</span> 
     </span>
    </p>
   </div>
   <div class='ocr_carea' id='block_1_106' title="bbox 1649 5295 2420 5376">
    <p class='ocr_par' dir='ltr' id='par_1_106' title="bbox 1649 5295 2420 5376">
     <span class='ocr_line' id='line_1_106' title="bbox 1649 5295 2420 5376; baseline 0.005 -21"><span class='ocrx_word' id='word_1_710' title='bbox 1649 5295 1834 5356; x_wconf 90' lang='lat' dir='ltr'><strong>Guill.</strong></span> <span class='ocrx_word' id='word_1_711' title='bbox 1869 5298 2190 5376; x_wconf 75' lang='lat' dir='ltr'><strong>Beveregii</strong></span> <span class='ocrx_word' id='word_1_712' title='bbox 2231 5306 2420 5359; x_wconf 68' lang='lat' dir='ltr'><strong>noue.</strong></span> 
     </span>
    </p>
   </div>
   <div class='ocr_carea' id='block_1_107' title="bbox 490 5392 1964 5464">
    <p class='ocr_par' dir='ltr' id='par_1_107' title="bbox 490 5392 1964 5464">
     <span class='ocr_line' id='line_1_107' title="bbox 490 5392 1964 5464; baseline -0.001 -15"><span class='ocrx_word' id='word_1_713' title='bbox 490 5395 601 5464; x_wconf 76' lang='lat'><strong>(58)</strong></span> <span class='ocrx_word' id='word_1_714' title='bbox 646 5393 1198 5448; x_wconf 78' lang='grc' dir='ltr'>’Υποπιπτέτωσαν.</span> <span class='ocrx_word' id='word_1_715' title='bbox 1227 5392 1338 5464; x_wconf 76' lang='lat' dir='ltr'><strong>Vox</strong></span> <span class='ocrx_word' id='word_1_716' title='bbox 1373 5393 1474 5447; x_wconf 86' lang='lat' dir='ltr'><strong>ista</strong></span> <span class='ocrx_word' id='word_1_717' title='bbox 1529 5395 1614 5448; x_wconf 90' lang='lat' dir='ltr'><strong>hic</strong></span> <span class='ocrx_word' id='word_1_718' title='bbox 1644 5395 1750 5450; x_wconf 85' lang='lat' dir='ltr'><strong>late</strong></span> <span class='ocrx_word' id='word_1_719' title='bbox 1796 5397 1964 5450; x_wconf 86' lang='lat' dir='ltr'><strong>sumi-</strong></span> 
     </span>
    </p>
   </div>
   <div class='ocr_carea' id='block_1_108' title="bbox 416 5463 1954 5533">
    <p class='ocr_par' dir='ltr' id='par_1_108' title="bbox 416 5463 1954 5533">
     <span class='ocr_line' id='line_1_108' title="bbox 416 5463 1954 5533; baseline 0 -13"><span class='ocrx_word' id='word_1_720' title='bbox 416 5463 506 5520; x_wconf 86' lang='lat' dir='ltr'><strong>tur</strong></span> <span class='ocrx_word' id='word_1_721' title='bbox 537 5463 632 5533; x_wconf 83' lang='lat' dir='ltr'><strong>pro</strong></span> <span class='ocrx_word' id='word_1_722' title='bbox 655 5467 798 5517; x_wconf 88' lang='lat' dir='ltr'><strong>oumi</strong></span> <span class='ocrx_word' id='word_1_723' title='bbox 848 5477 1006 5530; x_wconf 66' lang='lat' dir='ltr'><strong>poena</strong></span> <span class='ocrx_word' id='word_1_724' title='bbox 1034 5463 1421 5531; x_wconf 77' lang='lat' dir='ltr'><strong>ptenitentibus</strong></span> <span class='ocrx_word' id='word_1_725' title='bbox 1461 5465 1728 5532; x_wconf 87' lang='lat' dir='ltr'><strong>imposita,</strong></span> <span class='ocrx_word' id='word_1_726' title='bbox 1763 5482 1954 5533; x_wconf 86' lang='lat' dir='ltr'><strong>nsque-</strong></span> 
     </span>
    </p>
   </div>
   <div class='ocr_carea' id='block_1_109' title="bbox 415 5533 1969 5600">
    <p class='ocr_par' dir='ltr' id='par_1_109' title="bbox 415 5533 1969 5600">
     <span class='ocr_line' id='line_1_109' title="bbox 415 5533 1969 5600; baseline 0 -12"><span class='ocrx_word' id='word_1_727' title='bbox 415 5539 542 5589; x_wconf 89' lang='lat' dir='ltr'><strong>dum</strong></span> <span class='ocrx_word' id='word_1_728' title='bbox 572 5536 635 5586; x_wconf 88' lang='lat' dir='ltr'><strong>ad</strong></span> <span class='ocrx_word' id='word_1_729' title='bbox 677 5533 1109 5587; x_wconf 87' lang='lat' dir='ltr'><strong>communionem</strong></span> <span class='ocrx_word' id='word_1_730' title='bbox 1144 5534 1473 5600; x_wconf 80' lang='lat' dir='ltr'><strong>recipiantur</strong></span> <span class='ocrx_word' id='word_1_731' title='bbox 1509 5552 1521 5588; x_wconf 91' lang='lat'><strong>:</strong></span> <span class='ocrx_word' id='word_1_732' title='bbox 1561 5541 1694 5588; x_wconf 84' lang='lat' dir='ltr'><strong>aleo</strong></span> <span class='ocrx_word' id='word_1_733' title='bbox 1747 5549 1800 5587; x_wconf 94' lang='lat' dir='ltr'><strong>ut</strong></span> <span class='ocrx_word' id='word_1_734' title='bbox 1835 5537 1969 5588; x_wconf 84' lang='grc' dir='ltr'>ὑπο-</span> 
     </span>
    </p>
   </div>
   <div class='ocr_carea' id='block_1_110' title="bbox 416 5602 1967 5673">
    <p class='ocr_par' dir='ltr' id='par_1_110' title="bbox 416 5602 1967 5673">
     <span class='ocr_line' id='line_1_110' title="bbox 416 5602 1967 5673; baseline 0.001 -16"><span class='ocrx_word' id='word_1_735' title='bbox 416 5605 768 5657; x_wconf 78' lang='grc' dir='ltr'>πιπτέτωσαν</span> <span class='ocrx_word' id='word_1_736' title='bbox 799 5602 885 5654; x_wconf 90' lang='lat' dir='ltr'><strong>hic</strong></span> <span class='ocrx_word' id='word_1_737' title='bbox 923 5603 1059 5655; x_wconf 87' lang='lat' dir='ltr'><strong>idem</strong></span> <span class='ocrx_word' id='word_1_738' title='bbox 1093 5603 1381 5672; x_wconf 82' lang='lat' dir='ltr'><strong>signiﬁcat,</strong></span> <span class='ocrx_word' id='word_1_739' title='bbox 1419 5605 1560 5670; x_wconf 89' lang='lat' dir='ltr'><strong>quod</strong></span> <span class='ocrx_word' id='word_1_740' title='bbox 1596 5605 1967 5673; x_wconf 74' lang='grc' dir='ltr'>ἀφοριζέσθω-</span> 
     </span>
    </p>
   </div>
   <div class='ocr_carea' id='block_1_111' title="bbox 419 5673 1966 5741">
    <p class='ocr_par' dir='ltr' id='par_1_111' title="bbox 419 5673 1966 5741">
     <span class='ocr_line' id='line_1_111' title="bbox 419 5673 1966 5741; baseline -0.001 -15"><span class='ocrx_word' id='word_1_741' title='bbox 419 5692 537 5728; x_wconf 86' lang='grc' dir='ltr'>σαν.</span> <span class='ocrx_word' id='word_1_742' title='bbox 571 5674 690 5738; x_wconf 78' lang='lat' dir='ltr'><strong>Quo</strong></span> <span class='ocrx_word' id='word_1_743' title='bbox 724 5673 938 5741; x_wconf 88' lang='lat' dir='ltr'><strong>quidem</strong></span> <span class='ocrx_word' id='word_1_744' title='bbox 977 5687 1152 5741; x_wconf 64' lang='lat' dir='ltr'><strong>sensu</strong></span> <span class='ocrx_word' id='word_1_745' title='bbox 1170 5683 1360 5725; x_wconf 87' lang='lat' dir='ltr'><strong>auctor</strong></span> <span class='ocrx_word' id='word_1_746' title='bbox 1391 5673 1661 5741; x_wconf 82' lang='lat' dir='ltr'><strong>Epitomes</strong></span> <span class='ocrx_word' id='word_1_747' title='bbox 1703 5690 1966 5729; x_wconf 84' lang='lat' dir='ltr'><strong>canonum</strong></span> 
     </span>
    </p>
   </div>
   <div class='ocr_carea' id='block_1_112' title="bbox 418 5739 1975 5811">
    <p class='ocr_par' dir='ltr' id='par_1_112' title="bbox 418 5739 1975 5811">
     <span class='ocr_line' id='line_1_112' title="bbox 418 5739 1975 5811; baseline 0 -13"><span class='ocrx_word' id='word_1_748' title='bbox 418 5760 478 5798; x_wconf 82' lang='lat' dir='ltr'><strong>ea</strong></span> <span class='ocrx_word' id='word_1_749' title='bbox 511 5758 637 5798; x_wconf 82' lang='lat' dir='ltr'><strong>voce</strong></span> <span class='ocrx_word' id='word_1_750' title='bbox 665 5739 864 5811; x_wconf 68' lang='lat' dir='ltr'><strong>saepius</strong></span> <span class='ocrx_word' id='word_1_751' title='bbox 907 5742 1093 5800; x_wconf 89' lang='lat' dir='ltr'><strong>utitur.</strong></span> <span class='ocrx_word' id='word_1_752' title='bbox 1136 5739 1286 5798; x_wconf 88' lang='lat' dir='ltr'><strong>Unde</strong></span> <span class='ocrx_word' id='word_1_753' title='bbox 1323 5739 1652 5800; x_wconf 24' lang='lat' dir='ltr'><strong>ubi‘l’atres</strong></span> <span class='ocrx_word' id='word_1_754' title='bbox 1690 5743 1892 5800; x_wconf 54' lang='lat' dir='ltr'><strong>Nic-teni</strong></span> <span class='ocrx_word' id='word_1_755' title='bbox 1921 5743 1975 5798; x_wconf 91' lang='lat' dir='ltr'><strong>iu</strong></span> 
     </span>
    </p>
   </div>
   <div class='ocr_carea' id='block_1_113' title="bbox 2071 5397 3668 5472">
    <p class='ocr_par' dir='ltr' id='par_1_113' title="bbox 2071 5397 3668 5472">
     <span class='ocr_line' id='line_1_113' title="bbox 2071 5397 3668 5472; baseline 0.007 -22"><span class='ocrx_word' id='word_1_756' title='bbox 2071 5397 2317 5472; x_wconf 82' lang='lat' dir='ltr'><strong>proximo</strong></span> <span class='ocrx_word' id='word_1_757' title='bbox 2372 5413 2578 5472; x_wconf 76' lang='lat' dir='ltr'><strong>canone</strong></span> <span class='ocrx_word' id='word_1_758' title='bbox 2603 5399 2811 5462; x_wconf 87' lang='lat' dir='ltr'><strong>dicunt,</strong></span> <span class='ocrx_word' id='word_1_759' title='bbox 2838 5399 2972 5472; x_wconf 79' lang='grc' dir='ltr'>δέκα</span> <span class='ocrx_word' id='word_1_760' title='bbox 3003 5400 3097 5472; x_wconf 78' lang='grc' dir='ltr'>ἐτη</span> <span class='ocrx_word' id='word_1_761' title='bbox 3159 5403 3668 5469; x_wconf 81' lang='grc' dir='ltr'>ὑποπιπτέτωσαν,</span> 
     </span>
    </p>
   </div>
   <div class='ocr_carea' id='block_1_114' title="bbox 2073 5469 3670 5535">
    <p class='ocr_par' dir='ltr' id='par_1_114' title="bbox 2073 5469 3670 5535">
     <span class='ocr_line' id='line_1_114' title="bbox 2073 5469 3670 5535; baseline 0.007 -15"><span class='ocrx_word' id='word_1_762' title='bbox 2073 5469 2125 5520; x_wconf 92' lang='lat' dir='ltr'><strong>in</strong></span> <span class='ocrx_word' id='word_1_763' title='bbox 2153 5472 2386 5533; x_wconf 90' lang='lat' dir='ltr'><strong>epitome</strong></span> <span class='ocrx_word' id='word_1_764' title='bbox 2423 5469 2668 5535; x_wconf 87' lang='lat' dir='ltr'><strong>ejusdem</strong></span> <span class='ocrx_word' id='word_1_765' title='bbox 2703 5471 2932 5523; x_wconf 83' lang='lat' dir='ltr'><strong>canonis</strong></span> <span class='ocrx_word' id='word_1_766' title='bbox 2992 5469 3348 5527; x_wconf 72' lang='lat' dir='ltr'><strong>vis-istorum</strong></span> <span class='ocrx_word' id='word_1_767' title='bbox 3379 5478 3670 5532; x_wconf 88' lang='lat' dir='ltr'><strong>verborum</strong></span> 
     </span>
    </p>
   </div>
   <div class='ocr_carea' id='block_1_115' title="bbox 2074 5537 3026 5606">
    <p class='ocr_par' dir='ltr' id='par_1_115' title="bbox 2074 5537 3026 5606">
     <span class='ocr_line' id='line_1_115' title="bbox 2074 5537 3026 5606; baseline 0.001 -16"><span class='ocrx_word' id='word_1_768' title='bbox 2074 5538 2397 5606; x_wconf 77' lang='lat' dir='ltr'><strong>exprimitur</strong></span> <span class='ocrx_word' id='word_1_769' title='bbox 2423 5552 2518 5603; x_wconf 87' lang='lat' dir='ltr'><strong>per</strong></span> <span class='ocrx_word' id='word_1_770' title='bbox 2543 5537 3026 5606; x_wconf 77' lang='grc' dir='ltr'>ἀφοριζέσθωσαν.</span> 
     </span>
    </p>
   </div>
   <div class='ocr_carea' id='block_1_116' title="bbox 2147 5605 3668 5676">
    <p class='ocr_par' dir='ltr' id='par_1_116' title="bbox 2147 5605 3668 5676">
     <span class='ocr_line' id='line_1_116' title="bbox 2147 5605 3668 5676; baseline 0.009 -19"><span class='ocrx_word' id='word_1_771' title='bbox 2147 5605 2278 5676; x_wconf 7' lang='grc'>(59),</span> <span class='ocrx_word' id='word_1_772' title='bbox 2306 5606 2417 5660; x_wconf 78' lang='grc' dir='ltr'><strong>Καὶ</strong></span> <span class='ocrx_word' id='word_1_773' title='bbox 2437 5605 2796 5676; x_wconf 74' lang='grc' dir='ltr'>ἀποθέμενοι</span> <span class='ocrx_word' id='word_1_774' title='bbox 2840 5611 2945 5672; x_wconf 81' lang='grc' dir='ltr'>τὰς</span> <span class='ocrx_word' id='word_1_775' title='bbox 2981 5608 3194 5676; x_wconf 84' lang='grc' dir='ltr'>ζώνας.</span> <span class='ocrx_word' id='word_1_776' title='bbox 3227 5611 3324 5666; x_wconf 85' lang='lat' dir='ltr'><strong>llic</strong></span> <span class='ocrx_word' id='word_1_777' title='bbox 3359 5615 3668 5672; x_wconf 80' lang='grc' dir='ltr'>ἀποθέσθαι</span> 
     </span>
    </p>
   </div>
   <div class='ocr_carea' id='block_1_117' title="bbox 2087 5674 3668 5751">
    <p class='ocr_par' dir='ltr' id='par_1_117' title="bbox 2087 5674 3668 5751">
     <span class='ocr_line' id='line_1_117' title="bbox 2087 5674 3668 5751; baseline 0.007 -22"><span class='ocrx_word' id='word_1_778' title='bbox 2087 5676 2188 5736; x_wconf 75' lang='grc' dir='ltr'>τὰς</span> <span class='ocrx_word' id='word_1_779' title='bbox 2217 5674 2415 5751; x_wconf 74' lang='grc' dir='ltr'>ζώνας,</span> <span class='ocrx_word' id='word_1_780' title='bbox 2456 5677 2602 5751; x_wconf 75' lang='lat' dir='ltr'><strong>idem</strong></span> <span class='ocrx_word' id='word_1_781' title='bbox 2629 5674 3157 5751; x_wconf 21' lang='lat' dir='ltr'><strong>Vestaquodmilitice</strong></span> <span class='ocrx_word' id='word_1_782' title='bbox 3183 5683 3511 5751; x_wconf 80' lang='lat' dir='ltr'><strong>renuntiare;</strong></span> <span class='ocrx_word' id='word_1_783' title='bbox 3554 5690 3668 5740; x_wconf 69' lang='lat' dir='ltr'><strong>tne:</strong></span> 
     </span>
    </p>
   </div>
   <div class='ocr_carea' id='block_1_118' title="bbox 2085 5745 3663 5821">
    <p class='ocr_par' dir='ltr' id='par_1_118' title="bbox 2085 5745 3663 5821">
     <span class='ocr_line' id='line_1_118' title="bbox 2085 5745 3663 5821; baseline 0.006 -21"><span class='ocrx_word' id='word_1_784' title='bbox 2085 5755 2265 5800; x_wconf 88' lang='lat' dir='ltr'><strong>autem</strong></span> <span class='ocrx_word' id='word_1_785' title='bbox 2295 5745 2546 5816; x_wconf 85' lang='lat' dir='ltr'><strong>loquendi</strong></span> <span class='ocrx_word' id='word_1_786' title='bbox 2579 5745 2812 5802; x_wconf 80' lang='lat' dir='ltr'><strong>formula</strong></span> <span class='ocrx_word' id='word_1_787' title='bbox 2847 5749 3045 5805; x_wconf 79' lang='lat' dir='ltr'><strong>exinde</strong></span> <span class='ocrx_word' id='word_1_788' title='bbox 3076 5761 3195 5806; x_wconf 90' lang='lat' dir='ltr'><strong>orta</strong></span> <span class='ocrx_word' id='word_1_789' title='bbox 3223 5763 3332 5818; x_wconf 84' lang='lat' dir='ltr'><strong>est,</strong></span> <span class='ocrx_word' id='word_1_790' title='bbox 3361 5745 3507 5821; x_wconf 89' lang='lat' dir='ltr'><strong>quod</strong></span> <span class='ocrx_word' id='word_1_791' title='bbox 3537 5771 3663 5812; x_wconf 87' lang='lat' dir='ltr'><strong>cum</strong></span> 
     </span>
    </p>
   </div>
  </div>
