4072 6412
474 414 583 484 2‘5

1758 414 1857 478 ΤΗ
1868 416 2039 478 ΕΟΙ).
2086 416 2491 476 BALSAMON

3638 412 3746 475 270

476 534 637 589 etiam
676 529 887 587 emlesti
924 543 1146 584 munere
1169 536 1389 583 vocatos
1412 568 1428 593 ,
1467 534 1628 596 atque
1667 536 1725 582 ut
1747 527 1976 582 solidam
2004 526 2053 580 in

2170 527 2294 597 ρίαν
2311 524 2728 595 ἐνδειξαμένων,
2764 524 2857 586 οῦς
2885 524 2978 578 καὶ
3011 524 3116 594 ὑπὸ
3150 524 3247 594 τῆς
3307 523 3462 584 θείας
3501 523 3739 595 χάριτος

476 638 617 679 τοι-αι
649 624 770 678 ﬁdei
797 620 1136 692 professione
1162 620 1527 676 constantiam
1564 620 1881 686 retinerent,
1922 619 2060 673 divi-

475 717 621 771 nitus
656 714 1009 769 conﬁrmatos
1056 713 1291 777 asserit,
1341 712 1537 767 deinde
1590 721 1795 767 mutato
1830 712 2060 767 consilio

473 808 707 875 priorem
760 806 1013 861 militiam
1070 804 1476 875 repetiverunt,
1534 805 1601 860 ad
1657 820 1889 875 eamque
1956 805 2056 859 sibi

473 898 702 966 aditum,
738 898 822 955 vel
856 909 1100 969 argento,
1144 898 1227 952 vel
1269 898 1554 953 beneﬁciis
1598 899 1793 952 iterum
1829 911 2057 966 aperue-

473 1000 622 1048 runt.
659 992 734 1046 Ac
777 985 987 1063 argenti
1020 991 1237 1060 quidem
1278 989 1497 1044 nomine
1526 991 1753 1059 pecunia
1806 989 2059 1059 intelligi-

476 1094 582 1150 tur,
649 1084 900 1139 beneﬁcii
965 1099 1126 1149 rem,
1179 1082 1437 1151 quidquid
1496 1083 1551 1136 in
1598 1082 1827 1136 alterum
1874 1083 2059 1150 gratia:

471 1177 934 1248 benignitatisque
1006 1177 1328 1231 collocatur.
1406 1176 1735 1231 Beneﬁcium
1824 1190 2059 1244 namque

471 1269 661 1323 Latina
694 1284 798 1323 vox
824 1280 931 1333 est,
956 1268 1298 1339 εὐεργεσίαν,
1324 1268 1368 1323 si
1404 1267 1593 1323 Graece
1615 1268 2079 1337 iuterpretemur,.

472 1361 745 1415 indicans.
792 1360 890 1415 ille
932 1375 1062 1415 vero
1112 1360 1432 1414 beneﬁcium
1487 1359 1787 1414 contulisse
1834 1360 2055 1423 dicitur,

471 1454 563 1523 qui
604 1454 689 1507 vel
720 1455 1006 1522 pecuniam
1050 1454 1277 1523 largitus
1311 1453 1412 1515 sit,
1458 1453 1538 1508 vel
1574 1453 2056 1521 quomodorunque

472 1546 697 1602 alterius
732 1548 996 1601 voluntati
1039 1547 1445 1601 obsecundarit.
1493 1543 1628 1598 lllud
1666 1552 1845 1597 autem
1898 1543 2057 1607 plane

472 1649 680 1705 certum
709 1647 816 1704 est,
847 1638 1049 1693 nemini
1083 1638 1313 1693 reditum
1349 1639 1413 1691 ad
1446 1636 1753 1692 istiusmodi
1781 1637 2051 1699 militiam,

473 1730 576 1783 nisi
625 1728 878 1783 abdicata
933 1727 1196 1798 religione
1250 1728 1513 1796 patuisse.
1568 1726 1844 1796 Ejusmodi
1891 1727 2056 1795 igitur

473 1820 801 1888 hominibus,
834 1830 952 1892 post
976 1820 1271 1876 triennium
1308 1820 1453 1875 inter
1478 1821 1758 1876 audientes
1781 1829 2052 1884 exactum,

2162 615 2435 686 κληθῆναί
2486 631 2673 686 φησιν,
2706 613 2781 677 ὡς
2802 613 2870 666 δι’
2897 614 3114 684 ἐκείνης
3142 614 3588 684 ἐπιρρωσθέντας
3607 615 3746 685 πρὸς

2164 707 2265 778 τὴν
2297 708 2551 760 ἔνστασιν
2584 708 2681 776 τῆς
2718 704 3014 776 ὁμολογίας
3052 704 3155 771 τῆς
3221 704 3479 769 πίστεως,
3518 700 3637 757 εἶτα
3683 708 3744 758 ἐν

2165 800 2502 871 μεταμελείᾳ
2528 800 2844 870 γενομένων
2879 800 2974 851 καὶ
3002 793 3163 860 αὖθις
3188 799 3271 860 είς
3314 797 3417 866 τὴν
3465 799 3745 869 προτέραν

2161 894 2574 947 ἐπανελθόντων
2655 892 2969 963 στρατείαν,
3029 889 3125 942 καὶ
3166 888 3375 959 ταύτην
3452 891 3743 960 ἀργυρίοις

2160 986 2700 1057 ἀνακτησαμένωνῆ
2751 985 3111 1055 βενεφικίοις.
3158 985 3256 1038 Διά
3329 982 3429 1048 μὲν
3483 982 3593 1053 γὰρ
3634 982 3749 1035 τῶν

2161 1084 2446 1153 ἀργυρίων
2469 1083 2729 1151 δηλοῦται
2755 1085 2822 1137 τά
2844 1086 3137 1155 χρήματα,
3162 1082 3252 1137 διὰ
3286 1081 3343 1135 δὲ
3404 1081 3519 1133 τῶν
3591 1078 3749 1149 βενε·
3802 1096 3807 1147 ί

2161 1176 2361 1244 φικίων
2389 1175 2537 1230 ἅπαν
2572 1170 2716 1239 εἶδος
2750 1176 2975 1246 χάριτός
3004 1194 3065 1229 τε
3118 1177 3212 1230 καὶ
3260 1173 3585 1240 δεξιὼσεως.
3632 1171 3750 1238 Τῆς

2160 1275 2270 1343 γὰρ
2296 1271 2545 1327 Λατίνων
2588 1268 2874 1322 διαλέκτου
2929 1264 3068 1323 οὖσα
3113 1268 3147 1338 ἡ
3191 1268 3362 1334 λέξις,
3421 1264 3751 1335 εὐεργεσίαν

2159 1364 2311 1435 δηλοῖ
2330 1362 2467 1431 πρὸς
2509 1360 2793 1428 Ἑλληνίδα
2857 1358 3383 1431 μεθερμηνευομένη
3437 1356 3743 1410 διάλεκτον.

2161 1452 2461 1524 Εύεργετετ
2498 1450 2556 1506 δέ
2598 1451 2750 1521 τιςῆ
2811 1453 3072 1522 χρήματα
3137 1451 3415 1519 παρέχων,
3484 1447 3516 1518 ἦ
3566 1446 3750 1510 ἄλλως

2159 1545 2374 1614 θέλημα
2401 1544 2717 1614 οίονδήποτε
2749 1542 2973 1613 πληρῶν
3005 1559 3171 1605 τινος.
3234 1542 3407 1613 Δῆλον
3433 1539 3489 1593 δὲ
3526 1540 3750 1602 πάντως

2158 1639 2240 1692 δτι
2270 1638 2449 1700 οὐδεὶς
2473 1636 2721 1699 τοιοῦτος
2769 1635 3328 1706 ἀναστρατεύσασθαι
3359 1633 3599 1706 ἠδυνήθη
3655 1633 3751 1697 ἂν,

2159 1730 2207 1780 εί
2235 1727 2309 1797 μὴ
2351 1729 2416 1798 τῇ
2443 1727 2623 1800 πλάνῃ
2652 1726 2928 1781 συνέθετο.
2960 1724 3101 1789 Τοὺς
3134 1726 3264 1794 γοῦν
3295 1727 3573 1788 τοιούτους
3606 1724 3752 1794 μετὰ

2159 1820 2262 1888 τὴν
2311 1817 2500 1889 τριετῆ
2552 1819 2818 1887 ἀκρόασιν
2868 1816 2981 1870 ἐπὶ.¹
3023 1817 3309 1871 δεκαετίαν
3361 1817 3691 1871 ὑποπίπτειν
3723 1818 3753 1870 ὁ

472 1915 715 1970 decennii
746 1914 1066 1977 substratio,
1108 1923 1159 1969 et
1190 1929 1313 1967 cum
1346 1914 1755 1968 catechumenis
1780 1915 2053 1968 abscessio

2165 1908 2348 1966 κανὼν
2397 1910 2769 1976 διατάττεται,
2819 1914 2916 1966 καὶ
2985 1907 3189 1977 ἐξιέναι
3235 1912 3373 1981 μετὰ
3416 1910 3525 1964 τῶν
3575 1928 3757 1980 κατησ-

474 2008 654 2062 multa:
674 2008 912 2070 nomine,
941 2011 1163 2061 decreto
1195 2009 1424 2063 canonis
1462 2007 1752 2076 praeﬁnita.
1783 2004 2053 2075 Episcopo

472 2096 677 2163 tamen,
717 2102 762 2156 si
794 2099 1023 2170 alicujus
1051 2100 1104 2154 in
1141 2100 1351 2155 luendis
1376 2100 1554 2169 poenis
1583 2101 1835 2155 ardorem
1864 2100 2053 2165 animi,

472 2196 524 2248 in
576 2193 919 2265 propitiaudo
969 2188 1202 2250 Numine
1256 2194 1562 2267 lacrymas,
1623 2203 2055 2263 conceptumque

470 2287 670 2341 divinae
698 2286 1000 2358 Maiestatis
1031 2288 1281 2343 timorem
1307 2288 1360 2342 in
1390 2286 1584 2358 primis
1607 2285 2056 2341 animadverterit

469 2390 525 2434 ct
552 2379 824 2433 hominem
860 2381 931 2433 ob
962 2380 1200 2449 irrogata
1232 2380 1493 2450 supplicia
1535 2381 1807 2449 patienter
1848 2377 2049 2441 dolere,

468 2484 524 2526 et
555 2472 715 2527 bonis
740 2472 1067 2538 actionibus,
1104 2472 1209 2528 ltoc
1239 2482 1323 2528 est
1372 2473 1636 2526 virtutum
1670 2471 2051 2527 exercitationi

469 2575 690 2629 operam
734 2561 887 2627 dare,
938 2575 1000 2615 ac
1034 2562 1079 2616 si
1114 2577 1303 2615 manus
1337 2561 1453 2628 ejus
1487 2561 1734 2615 abundet
1766 2559 2053 2630 indigenti-

469 2646 569 2704 ints
603 2651 845 2721 elargiri,
876 2652 919 2705 si
956 2652 1208 2721 denique,
1240 2665 1349 2705 uno
1380 2652 1567 2714 verbo,
1600 2650 1764 2715 serio,
1792 2664 1898 2702 non
1927 2650 2051 2703 ﬁcta

469 2742 651 2811 specie
687 2742 1122 2812 resipiscentiam
1161 2729 1625 2797 demonstrantem
1660 2741 1953 2806 invenerit,
1982 2740 2051 2795 de

470 2836 661 2889 iisdem
700 2838 875 2903 pmuis
911 2833 1120 2905 aliquid
1169 2849 1266 2904 pro
1296 2833 1524 2889 arbitrio
1566 2833 1875 2889 remittendi
1916 2847 2050 2888 cond

468 2928 677 2982 ceditur
706 2926 956 2982 facultas.
1012 2925 1069 2982 Si
1106 2941 1264 2997 quem
1299 2941 1428 2980 vero
1463 2927 1731 2994 impositis
1755 2926 1933 2995 pinnis
1962 2926 2042 2981 le-

468 3020 609 3074 viter
644 3020 791 3091 tangi
814 3022 1016 3083 videat,
1052 3031 1216 3089 atque
1251 3034 1315 3074 eo
1347 3018 1491 3087 quod
1526 3018 1809 3073 ecclesiam
1839 3018 2050 3089 ingredi

470 3109 841 3176 permittitur,
889 3111 1027 3166 satis
1068 3119 1150 3165 est
1190 3118 1504 3173 contentus,
1551 3118 1604 3163 et
1650 3124 1759 3165 non
1821 3110 2049 3166 moleste

468 3202 596 3266 fert,
650 3206 750 3257 nec‘
803 3202 992 3257 dolore
1039 3214 1285 3257 movetur
1327 3204 1469 3273 quod
1517 3204 1656 3258 inter
1706 3202 1891 3257 ﬁdeles
1938 3219 2044 3257 non

2157 2004 2692 2075 χουμένων.Δίδωσι
2721 2004 2779 2058 δὲ
2798 2008 2867 2075 τῇ
2910 2004 3093 2074 κρίσει
3140 2004 3236 2057 τοῦ
3285 2004 3592 2057 ἐπισκόπου
3646 2004 3751 2057 καὶ

2159 2094 2355 2165 μειοῦν
2387 2095 2458 2149 τὰ
2481 2095 2761 2165 ἐπιτίμια,
2798 2098 2847 2150 εί
2878 2094 3030 2166 εὕροι
3061 2096 3155 2148 τὸν
3197 2093 3571 2164 μετανοοῦντα
3610 2095 3751 2165 θερ-

2158 2190 2374 2260 μότητι
2420 2190 2480 2241 ἐν
2512 2191 2579 2259 τῇ
2646 2189 2913 2259 μετανοίᾳ
2942 2186 3420 2253 ἐπιδεικνύμενον.
3489 2188 3585 2241 καὶ
3653 2187 3755 2240 δά·-
3805 2242 3817 2250 _

2159 2297 2327 2350 κρυσι
2357 2280 2450 2334 τὸν
2494 2281 2631 2333 Θεδν
2686 2280 3022 2350 ίλεούμενον,
3074 2280 3169 2333 καὶ
3246 2280 3325 2351 τῷ
3362 2274 3514 2351 φόϐῳ
3574 2278 3752 2332 αὑτοῦ

2157 2374 2630 2444 στοιχειούμενον,
2663 2373 2758 2425 καὶ
2796 2374 2898 2444 τὴν
2942 2374 3005 2426 ὲκ
3036 2373 3144 2427 τῶν
3201 2372 3499 2442 ἐπιτιμίων
3559 2372 3755 2425 κάκω-

2156 2483 2242 2520 σιν
2283 2465 2656 2535 ὑπομένοντα,
2706 2464 2803 2520 καὶ
2857 2454 3281 2536 ἀγαθοεργίαις,
3326 2464 3496 2535 ἠγουν
3531 2462 3752 2535 ἀρετῶν

2153 2560 2507 2632 ἁσκήσεικαὶ
2544 2558 2841 2630 μεταδόσει
2873 2562 2938 2631 τῇ
2976 2559 3116 2629 πρὸς
3170 2560 3299 2622 τοὺς
3326 2560 3643 2627 δεομένους,
3694 2558 3751 2611 εί

2154 2653 2413 2725 εὖποροίη
2448 2655 2481 2726 ἡ
2517 2656 2641 2725 χεὶρ
2672 2653 2863 2721 αὐτοῦ,
2894 2654 3324 2725 προσκείμενον,
3375 2654 3470 2706 καὶ
3518 2653 3580 2706 τὸ
3606 2651 3752 2715 ὅλως

2151 2747 2348 2811 εἰπεῖν,
2379 2748 2438 2801 ἐν
2467 2742 2723 2817 ἀληθείᾳ,
2773 2747 2868 2800 καὶ
2910 2747 3013 2799 οὐκ
3063 2749 3122 2801 ἐν
3194 2747 3439 2817 σχήματι
3482 2743 3582 2817 τὴν
3647 2762 3753 2815 με·-

2150 2837 2375 2891 τάνοιαν
2432 2837 2873 2909 ἐνδεικνύμενον.
2923 2839 3067 2893 Είδὲ
3130 2839 3444 2910 ἀδιαφόρως
3476 2841 3571 2893 καὶ
3601 2839 3749 2893 ἀπίει-

2156 2930 2339 2998 μένως
2370 2929 2474 3002 ὁρᾷ
2503 2930 2598 2984 τὸν
2624 2931 3025 3001 ἐπιτιμηθέντα
3088 2931 3227 3001 πρὸς
3267 2933 3369 3003 τὴν
3420 2931 3751 3001 ἐπιτίμησιν

2161 3017 2535 3089 διακείμενον,
2554 3018 2650 3074 καὶ
2677 3022 2760 3074 ὅτι
2785 3012 2923 3085 ὅλως
2942 3022 3368 3093 παραχωρεῒται
3399 3023 3627 3076 είσιέναι
3660 3024 3749 3086 είς

2150 3106 2253 3178 τὴν
2282 3107 2593 3179 ἐκκλησίαν
2628 3107 2993 3180 ἀρκούμενον,
3025 3112 3120 3165 καὶ
3152 3112 3211 3165 οὐ
3249 3110 3581 3183 δακνόμενον
3636 3112 3742 3165 καὶ

2157 3197 2519 3270 λυπούμενον,
2546 3200 2718 3253 ὅτιού
2761 3201 3079 3255 συνίσταται
3131 3204 3247 3265 τοῖς
3301 3204 3536 3269 πιστοῖς,
3603 3202 3747 3257 ἀλλὰ

468 3295 851 3358 constituatur,
881 3296 974 3349 sed
1010 3296 1154 3362 quod
1193 3304 1313 3363 post
1348 3271 1629 3349 ambonem
1674 3304 1801 3360 stet,
1834 3303 1888 3351 et
1922 3311 2047 3350 cum

2159 3294 2249 3346 καὶ
2275 3292 2334 3345 τὸ
2364 3293 2589 3347 δπισθεν
2615 3293 2711 3347 τοῦ
2741 3292 2993 3362 ἀμσωνος
3026 3294 3305 3358 ἵστασθαι,
3362 3296 3459 3350 καὶ
3535 3296 3747 3363 ἐξιέναι

468 3386 878 3439 cateclttuuenis
909 3397 1068 3439 exeat
1108 3384 1233 3455 (hoc
1273 3387 1416 3440 enim
1462 3400 1572 3454 przc
1597 3396 1657 3443 se
1683 3387 1786 3442 fert
1808 3388 2048 3455 speciem

470 3477 829 3547 ingrediendi,
866 3480 963 3532 sed
1018 3479 1111 3546 qui
1148 3480 1226 3534 sic
1275 3479 1599 3549 ingreditur.
1638 3493 1767 3534 vere
1814 3493 1923 3534 non
1964 3480 2052 3532 in.

468 3567 734 3639 greditur)
768 3569 871 3623 sibi
904 3570 1148 3625 suﬁicere
1176 3570 1475 3624 arbitratur
1503 3586 1517 3637 ;
1551 3579 1727 3625 tutum
1760 3571 1828 3623 ab
1853 3584 1919 3625 eo
1949 3570 2048 3625 de-

468 3661 723 3715 connitttn
774 3662 824 3716 in
857 3664 1240 3718 substrationis
1289 3674 1448 3733 pmna
1498 3678 1672 3719 canon
1715 3664 1921 3734 expleri
1954 3663 2049 3733 ju-

468 3753 575 3807 bet.

463 3837 472 3843 ’
543 3843 765 3902 ARIST.
802 3850 905 3914 Qui
932 3852 1029 3902 rim
1057 3852 1199 3919 passi
1220 3860 1271 3905 et
1303 3850 1554 3905 restitisse
1580 3854 1697 3917 nisi,
1733 3853 1919 3905 deinde
1950 3852 2049 3905 iut-

538 3944 721 4006 pietati
762 3955 1170 4008 consenserunt,
1222 3944 1569 4012 militiamque
1616 3955 2047 4011 resumpserunt,

538 4036 847 4089 decennium
875 4038 1418 4091 excommunicentur.
1443 4036 1900 4091 Considerandum
1932 4053 2048 4091 vero

536 4139 611 4179 est
658 4129 711 4181 in
756 4128 996 4183 omnibus
1040 4129 1358 4196 ptenitentiw
1410 4146 1593 4199 genus.
1657 4127 1724 4181 Et
1767 4130 1811 4182 si
1868 4131 1913 4183 is
1959 4133 2050 4202 qui

539 4233 742 4281 poenam
783 4219 1041 4286 suscipit,
1089 4234 1144 4271 se
1192 4217 1568 4288 ferventiorom
1631 4220 1686 4272 in
1749 4221 2049 4289 paenitendo

540 4312 777 4377 gesserit,
805 4312 1087 4365 humanius
1116 4327 1235 4364 cum
1263 4328 1321 4364 eo
1355 4322 1480 4382 agat
1507 4315 1801 4381 episcolms,
1822 4314 2048 4367 severius

539 4418 659 4456 vero
695 4402 742 4456 si
766 4401 1117 4473 frigidiorem.

548 4581 871 4652 Quicunque
910 4581 1089 4637 divina
1132 4582 1308 4636 vocati
1354 4581 1548 4651 gratia,
1603 4582 1776 4651 primo
1834 4582 2046 4653 quidem
2083 4608 2128 4662 ι)

482 4675 682 4744 impetu
738 4674 1002 4740 compulsi
1049 4673 1103 4728 in
1178 4674 1461 4744 impietate
1525 4678 1844 4732 societatem
1907 4676 2047 4731 inire

478 4767 728 4821 reluctati
788 4774 952 4832 sunt,
1003 4765 1141 4822 adeo
1185 4777 1242 4821 ut
1302 4768 1592 4823 militarem
1642 4768 1805 4824 etiam
1852 4782 2065 4824 zonanr

470 4856 839 4923 deponerent,
890 4864 1079 4925 postea
1129 4857 1385 4913 cedentes
1426 4855 1546 4927 quae
1596 4868 1720 4913 sunt
1758 4860 2043 4930 impiorum

469 4946 664 4997 lterum
712 4943 963 5012 sapiunt,
1014 4943 1153 5000 adeo
1198 4956 1257 5000 ut
1300 4946 1366 5000 ad
1415 4948 1649 5017 priorem
1688 4950 1912 5004 redeant
1954 4949 2043 5004 lsti

468 5044 692 5099 statum,
726 5044 780 5087 ct
803 5035 1056 5090 militiam
1081 5050 1270 5093 rursus
1290 5040 1606 5109 suscipiant,
1638 5055 1731 5109 per
1752 5042 2049 5096 triennium

469 5131 613 5179 stent
643 5124 923 5181 audientes
944 5167 960 5193 ,
1011 5140 1110 5195 per
1144 5127 1463 5185 decennium
1511 5132 1952 5197 succumbentes,
1986 5139 2042 5185 et

365 5297 375 5302 _
464 5216 545 5271 sic
613 5216 948 5287 perfectione
1021 5221 1166 5291 digni
1223 5220 1543 5278 habeantur.
1613 5222 1797 5277 Liceat
1867 5232 2044 5277 autem

465 5309 734 5379 episcopis
780 5318 835 5366 et
879 5312 1145 5379 minuere,
1166 5324 1220 5369 et
1245 5329 1443 5386 augere
1486 5314 1775 5385 supplicia,
1807 5315 1874 5368 ad
1906 5327 2039 5367 cun-

464 5415 750 5456 vcrsorum
781 5403 1194 5472 respicientibus
1216 5404 1613 5476 pmnitentiam,
1638 5405 1682 5458 si
1704 5418 1827 5458 cum
1850 5404 2047 5458 timore

464 5504 513 5548 et
553 5493 835 5562 patientia,
868 5504 921 5550 et
943 5494 1212 5569 lacrymis,
1249 5508 1341 5553 aut
1367 5495 1718 5565 contemptim
1750 5504 1803 5549 et
1831 5494 2044 5549 indide-

465 5592 649 5639 τυπίσι
674 5584 787 5640 ﬁat.

1013 5763 1121 5835 74
1143 5760 1370 5815 CANON
1414 5758 1550 5814 xm.

534 5846 611 5905 De
649 5853 714 5906 iis
759 5871 932 5910 autem
980 5858 1067 5925 qui
1110 5854 1387 5919 ρττιτίιιηι,
1421 5852 1642 5919 antiqua
1690 5864 1735 5906 et
1783 5855 2039 5911 canonica

1346 5968 1377 6001 ί

2156 3384 2296 3456 μετὰ
2326 3384 2439 3438 τῶν
2471 3386 2923 3457 κατηχουμένων,
2952 3386 3112 3440 τοῦτο
3139 3386 3247 3457 γὰρ
3272 3378 3423 3457 δηλοῖ
3461 3386 3521 3441 τὸ
3556 3388 3748 3459 σχῆμα

2153 3478 2252 3533 τοῦ
2283 3476 2535 3543 εἰσιέναι,
2592 3479 2653 3532 οὐ
2731 3478 2840 3550 γάρ
2899 3479 3117 3550 ἀληθῶς
3179 3479 3410 3533 εἴσεισιν
3472 3482 3501 3534 ό
3568 3479 3748 3545 οὕτως

2159 3568 2367 3633 εἰσιὼν,
2392 3567 2606 3639 ⁴ἀρκοῦν
2644 3568 2793 3641 αὐτῷ
2818 3570 3197 3641 λογιζόμενος,
3224 3571 3316 3624 τὸν
3367 3570 3489 3624 ὅλον
3518 3570 3619 3639 τῆς
3651 3573 3746 3623 δε-

2151 3662 2376 3724 καετίας
2410 3662 2603 3731 χρόνον
2636 3662 2697 3716 ἐν
2747 3661 2829 3733 τῷ
2899 3664 3168 3735 ἐπιτιμίῳ
3216 3663 3316 3733 τῆς
3374 3663 3750 3728 ὑποπτὼσεως

2116 3778 2121 3783 ·
2150 3755 2395 3824 πληροῦν
2422 3757 2596 3809 αὑτὸν·
2620 3756 2996 3810 διακελεύεται
3018 3759 3045 3810 ό
3078 3755 3276 3811 κανών.

2151 3843 2373 3903 ΔΡΙΣΤ.
2410 3850 2475 3903 01
2498 3848 2868 3917 βιαζόμενοι,
2901 3848 3004 3903 καί
3038 3849 3331 3915 δόξαντες
3352 3848 3742 3916 ἁντιστηναε,

2220 3932 2348 3994 εἶτα
2382 3942 2773 4010 καταθέμενοι
2855 3939 2930 4009 τῇ
2954 3941 3223 4007 ἀσεϐείᾳ,
3272 3940 3373 3994 καὶ
3432 3941 3748 4008 ἀναστρα-

2222 4030 2611 4101 τευσάμενοι,
2653 4032 2971 4085 δεκαετίαν
3027 4029 3539 4101 ἀφοριζέσθωσαν.
3593 4036 3746 4086 Σκοο

2210 4124 2438 4190 mittor
2468 4125 2539 4178 δὲ
2566 4125 2659 4194 ἐφ’
2690 4126 2881 4180 ἅπασι
2914 4126 2978 4179 τὸ
3012 4122 3176 4193 εἶδος
3206 4127 3318 4194 τῆς
3357 4127 3683 4196 μετανοίας
3720 4136 3741 4158 ⁸

2228 4217 2323 4269 καὶ
2387 4217 2750 4285 θερμοτέρως
2816 4217 2935 4286 μὲν
3028 4219 3571 4288 μεταμελουμένου
3633 4219 3746 4274 τοῦ

2220 4306 2556 4377 δεξομένου
2611 4307 2678 4360 τὸ
2752 4308 3054 4378 emt/mor
3091 4314 3658 4380 φιλανθρωπότερον
3708 4313 3745 4367 ό

2220 4399 2557 4465 ἐπίσκοπος
2588 4398 2964 4463 διατιθέσθω,
2982 4399 3365 4470 ψυχροτέρως
3382 4402 3468 4467 δὲ,
3497 4402 3747 4470 δραστι-

2221 4490 2499 4557 νεώτερον.

2230 4583 2385 4636 Ὅσοι
2415 4583 2522 4637 ὑπὸ
2553 4585 2651 4655 τῆς
2691 4583 2842 4649 θείας
2873 4586 3099 4659 χάριτος
3121 4586 3562 4658 προσκληθέντες
3586 4586 3738 4640 κατὰ

2155 4674 2258 4745 μὲν
2283 4675 2384 4742 τὴν
2416 4676 2641 4747 πρώτην
2696 4677 2876 4748 ὁρμὴν
2937 4678 3253 4748 βιασθέντες
3308 4677 3601 4731 συνθέσθαι
3668 4678 3739 4747 τῇ

2151 4769 2409 4841 εὐσεϐείᾳ
2439 4770 2804 4840 ἀντέστησαν,
2831 4768 2975 4823 ὥστε
3019 4770 3116 4823 καὶ
3175 4768 3277 4839 τὴν
3330 4770 3743 4839 στρατιωτικὴν

2149 4860 2455 4921 ἀποθέσθαι
2487 4859 2664 4929 ζώνην
2695 4877 2708 4892 ο
2738 4856 2857 4914 εἶτα
2882 4860 3227 4927 ὑπείξαντες,
3271 4860 3564 4915 κατέθεντο
3605 4878 3744 4930 φρο-

2150 4953 2260 5004 νεῖν
2299 4950 2367 5002 τέι
2397 4950 2506 5003 τῶν
2541 4951 2780 5015 ἀσεϐῶν,
2802 4951 2943 5004 ὥστε
2975 4956 3055 5015 είς
3086 4952 3188 5021 τὴν
3221 4952 3498 5022 προτέραν
3537 4952 3742 5015 αὐτοὺς

2151 5043 2489 5111 καταστῆναι
2513 5043 2701 5113 τιμὴν,
2738 5046 2833 5096 καὶ
2867 5044 2967 5112 τὴν
2995 5044 3292 5112 στρατείαν
3344 5039 3500 5107 αὖθις
3528 5044 3741 5097 ἐπανα-

2148 5131 2336 5185 λαϐεῖν
2372 5150 2385 5164 ο
2440 5133 2533 5186 ἐπὶ
2584 5136 2827 5203 τριετίαν
2904 5136 3148 5189 ἔστωσαν
3226 5135 3592 5207 ἀκροώμενοι,
3643 5135 3739 5190 ἐπὶ

2150 5223 2438 5278 δεκαετίαν
2463 5225 2868 5289 ὑποπίπτοντες
2901 5242 2915 5259 ο
2947 5229 3041 5280 καὶ
3071 5227 3215 5281 οῦτω
3236 5231 3337 5299 τῆς
3394 5228 3737 5290 τελειώσεως

2155 5312 2555 5378 ἀξιούσθωσαν.
2576 5313 2809 5380 Ἑξέστω
2837 5316 2892 5368 δὲ
2911 5317 3025 5377 τοῖς
3046 5316 3365 5379 ἐπισκόποις
3398 5317 3492 5369 καὶ
3516 5316 3733 5384 μειοῦν,

2150 5405 2241 5457 καὶ
2276 5404 2462 5467 αὖξειν
2510 5406 2579 5457 τὰ
2608 5406 2881 5475 ἐπιτίμια,
2916 5407 3054 5476 πρὸς
3079 5408 3178 5478 τὴν
3232 5408 3523 5477 μετάνοιαν
3600 5407 3740 5476 depo-

2151 5493 2288 5565 ρῶσι
2323 5495 2432 5547 τῶν
2455 5497 2913 5567 ἐπιστρεφόντων,
2968 5498 3077 5552 είτε
3120 5499 3216 5552 σὺν
3267 5500 3436 5568 φόδῳ,
3468 5502 3562 5551 καὶ
3599 5499 3740 5567 ὑποτ

2152 5590 2310 5656 μονῇ,
2343 5589 2436 5639 καὶ
2482 5588 2715 5657 δάκρυσι
2781 5588 3012 5657 γίνεται,
3069 5593 3180 5643 εἴτε
3234 5592 3735 5664 καταφρονητικῶς

2147 5682 2242 5733 καὶ
2275 5680 2605 5751 ἀδιαφόρως.

2758 5774 2997 5829 ΚᾹΝΩΝ
3023 5776 3119 5830 II".

2153 5864 2288 5934 Περὶ
2322 5864 2388 5919 δὲ
2418 5856 2531 5919 τῶν
2556 5864 2965 5929 ἐξοδευόντων
2991 5872 3023 5923 ὀ
3057 5870 3316 5937 παλαιὸς
3348 5871 3444 5925 καὶ
3493 5884 3742 5924 κανονι-
