  <div class='ocr_page' id='page_1' title='image "/cluster/home/n/w/nwhite01/storage/ocr_20150623/137:no.1/coo.31924054870427/147.png"; bbox 0 0 4072 6464; ppageno 0'>
   <div class='ocr_carea' id='block_1_1' title="bbox 425 343 533 414">
    <p class='ocr_par' dir='ltr' id='par_1_1' title="bbox 425 343 533 414">
     <span class='ocr_line' id='line_1_1' title="bbox 425 343 533 414; baseline 0.019 -2"><span class='ocrx_word' id='word_1_1' title='bbox 425 343 533 414; x_wconf 74' lang='lat'><strong>279</strong></span> 
     </span>
    </p>
   </div>
   <div class='ocr_carea' id='block_1_2' title="bbox 1688 331 2414 400">
    <p class='ocr_par' dir='ltr' id='par_1_2' title="bbox 1688 331 2414 400">
     <span class='ocr_line' id='line_1_2' title="bbox 1688 331 2414 400; baseline -0.01 0"><span class='ocrx_word' id='word_1_2' title='bbox 1688 337 1967 400; x_wconf 88' lang='lat' dir='ltr'><strong>THEOD.</strong></span> <span class='ocrx_word' id='word_1_3' title='bbox 2013 331 2244 395; x_wconf 76' lang='lat' dir='ltr'><strong>BALSA</strong></span> <span class='ocrx_word' id='word_1_4' title='bbox 2256 331 2414 394; x_wconf 79' lang='lat' dir='ltr'><strong>MON</strong></span> 
     </span>
    </p>
   </div>
   <div class='ocr_carea' id='block_1_3' title="bbox 3578 317 3684 379">
    <p class='ocr_par' dir='ltr' id='par_1_3' title="bbox 3578 317 3684 379">
     <span class='ocr_line' id='line_1_3' title="bbox 3578 317 3684 379; baseline -0.009 0"><span class='ocrx_word' id='word_1_5' title='bbox 3578 317 3684 379; x_wconf 73' lang='lat'><strong>9.80</strong></span> 
     </span>
    </p>
   </div>
   <div class='ocr_carea' id='block_1_4' title="bbox 442 423 2024 531">
    <p class='ocr_par' dir='ltr' id='par_1_4' title="bbox 442 446 2004 531">
     <span class='ocr_line' id='line_1_4' title="bbox 442 446 2004 531; baseline -0.011 -15"><span class='ocrx_word' id='word_1_6' title='bbox 442 525 449 531; x_wconf 92' lang='lat'><strong>_</strong></span> <span class='ocrx_word' id='word_1_7' title='bbox 492 457 683 516; x_wconf 80' lang='lat' dir='ltr'><strong>Omnis</strong></span> <span class='ocrx_word' id='word_1_8' title='bbox 709 455 883 511; x_wconf 85' lang='lat' dir='ltr'><strong>lldeiis</strong></span> <span class='ocrx_word' id='word_1_9' title='bbox 911 457 965 508; x_wconf 90' lang='lat' dir='ltr'><strong>in</strong></span> <span class='ocrx_word' id='word_1_10' title='bbox 991 461 1237 509; x_wconf 80' lang='lat' dir='ltr'><strong>extremo</strong></span> <span class='ocrx_word' id='word_1_11' title='bbox 1270 451 1467 523; x_wconf 90' lang='lat' dir='ltr'><strong>spiritu</strong></span> <span class='ocrx_word' id='word_1_12' title='bbox 1501 449 1628 504; x_wconf 92' lang='lat' dir='ltr'><strong>boni</strong></span> <span class='ocrx_word' id='word_1_13' title='bbox 1664 446 1844 504; x_wconf 78' lang='lat' dir='ltr'><strong>viatici</strong></span> <span class='ocrx_word' id='word_1_14' title='bbox 1877 459 2004 516; x_wconf 86' lang='lat' dir='ltr'><strong>par-</strong></span> 
     </span>
    </p>
   </div>
   <div class='ocr_carea' id='block_1_5' title="bbox 2127 423 3688 531">
    <p class='ocr_par' dir='ltr' id='par_1_5' title="bbox 2181 423 3688 510">
     <span class='ocr_line' id='line_1_5' title="bbox 2181 423 3688 510; baseline -0.019 -4"><span class='ocrx_word' id='word_1_15' title='bbox 2181 443 2295 504; x_wconf 74' lang='grc' dir='ltr'><strong>Πᾶς</strong></span> <span class='ocrx_word' id='word_1_16' title='bbox 2323 439 2517 499; x_wconf 79' lang='grc' dir='ltr'>πιστὸς</span> <span class='ocrx_word' id='word_1_17' title='bbox 2543 437 2653 510; x_wconf 68' lang='lat'><strong>(62)</strong></span> <span class='ocrx_word' id='word_1_18' title='bbox 2690 439 2746 489; x_wconf 68' lang='grc' dir='ltr'>ἐν</span> <span class='ocrx_word' id='word_1_19' title='bbox 2793 438 2916 501; x_wconf 81' lang='grc' dir='ltr'>ταῖς</span> <span class='ocrx_word' id='word_1_20' title='bbox 2970 432 3325 498; x_wconf 15' lang='grc' dir='ltr'>τελευταίαις,</span> <span class='ocrx_word' id='word_1_21' title='bbox 3389 423 3688 487; x_wconf 71' lang='grc' dir='ltr'><strong>ἀναπνοαῖς</strong></span> 
     </span>
    </p>
   </div>
   <div class='ocr_carea' id='block_1_6' title="bbox 424 538 2003 620">
    <p class='ocr_par' dir='ltr' id='par_1_6' title="bbox 424 538 2003 620">
     <span class='ocr_line' id='line_1_6' title="bbox 424 538 2003 620; baseline -0.009 -14"><span class='ocrx_word' id='word_1_22' title='bbox 424 552 597 620; x_wconf 81' lang='lat' dir='ltr'><strong>ticeps</strong></span> <span class='ocrx_word' id='word_1_23' title='bbox 643 549 753 613; x_wconf 85' lang='lat' dir='ltr'><strong>liet,</strong></span> <span class='ocrx_word' id='word_1_24' title='bbox 811 546 1028 602; x_wconf 81' lang='lat' dir='ltr'><strong>sanitati</strong></span> <span class='ocrx_word' id='word_1_25' title='bbox 1082 555 1264 600; x_wconf 88' lang='lat' dir='ltr'><strong>autem</strong></span> <span class='ocrx_word' id='word_1_26' title='bbox 1309 542 1590 598; x_wconf 88' lang='lat' dir='ltr'><strong>restitutus</strong></span> <span class='ocrx_word' id='word_1_27' title='bbox 1635 555 1756 596; x_wconf 91' lang='lat' dir='ltr'><strong>cum</strong></span> <span class='ocrx_word' id='word_1_28' title='bbox 1796 538 1864 592; x_wconf 85' lang='lat' dir='ltr'><strong>iis</strong></span> <span class='ocrx_word' id='word_1_29' title='bbox 1898 538 2003 592; x_wconf 87' lang='lat' dir='ltr'><strong>erit</strong></span> 
     </span>
    </p>
   </div>
   <div class='ocr_carea' id='block_1_7' title="bbox 424 632 2000 713">
    <p class='ocr_par' dir='ltr' id='par_1_7' title="bbox 424 632 2000 713">
     <span class='ocr_line' id='line_1_7' title="bbox 424 632 2000 713; baseline -0.011 -16"><span class='ocrx_word' id='word_1_30' title='bbox 424 643 515 713; x_wconf 86' lang='lat' dir='ltr'><strong>qui</strong></span> <span class='ocrx_word' id='word_1_31' title='bbox 557 641 864 696; x_wconf 88' lang='lat' dir='ltr'><strong>orationum</strong></span> <span class='ocrx_word' id='word_1_32' title='bbox 907 647 1032 693; x_wconf 90' lang='lat' dir='ltr'><strong>sunt</strong></span> <span class='ocrx_word' id='word_1_33' title='bbox 1065 636 1378 706; x_wconf 79' lang='lat' dir='ltr'><strong>participes,</strong></span> <span class='ocrx_word' id='word_1_34' title='bbox 1416 634 1508 688; x_wconf 88' lang='lat' dir='ltr'><strong>sed</strong></span> <span class='ocrx_word' id='word_1_35' title='bbox 1558 632 1866 710; x_wconf 84' lang='lat' dir='ltr'><strong>divinorum</strong></span> <span class='ocrx_word' id='word_1_36' title='bbox 1910 643 2000 682; x_wconf 88' lang='lat' dir='ltr'><strong>sa-</strong></span> 
     </span>
    </p>
   </div>
   <div class='ocr_carea' id='block_1_8' title="bbox 425 717 2003 793">
    <p class='ocr_par' dir='ltr' id='par_1_8' title="bbox 425 717 2003 793">
     <span class='ocr_line' id='line_1_8' title="bbox 425 717 2003 793; baseline -0.006 -13"><span class='ocrx_word' id='word_1_37' title='bbox 425 736 826 782; x_wconf 80' lang='lat' dir='ltr'><strong>cramentorum</strong></span> <span class='ocrx_word' id='word_1_38' title='bbox 867 732 1079 793; x_wconf 87' lang='lat' dir='ltr'><strong>partem</strong></span> <span class='ocrx_word' id='word_1_39' title='bbox 1154 737 1258 776; x_wconf 93' lang='lat' dir='ltr'><strong>non</strong></span> <span class='ocrx_word' id='word_1_40' title='bbox 1323 721 1565 775; x_wconf 84' lang='lat' dir='ltr'><strong>habebit.</strong></span> <span class='ocrx_word' id='word_1_41' title='bbox 1627 717 1731 773; x_wconf 88' lang='lat' dir='ltr'><strong>Sed</strong></span> <span class='ocrx_word' id='word_1_42' title='bbox 1784 718 2003 788; x_wconf 81' lang='lat' dir='ltr'><strong>expleto</strong></span> 
     </span>
    </p>
   </div>
   <div class='ocr_carea' id='block_1_9' title="bbox 427 809 2002 887">
    <p class='ocr_par' dir='ltr' id='par_1_9' title="bbox 427 809 2002 887">
     <span class='ocr_line' id='line_1_9' title="bbox 427 809 2002 887; baseline -0.006 -16"><span class='ocrx_word' id='word_1_43' title='bbox 427 827 671 887; x_wconf 86' lang='lat' dir='ltr'><strong>tempore</strong></span> <span class='ocrx_word' id='word_1_44' title='bbox 699 830 807 887; x_wconf 88' lang='lat' dir='ltr'><strong>quo</strong></span> <span class='ocrx_word' id='word_1_45' title='bbox 837 816 890 870; x_wconf 92' lang='lat' dir='ltr'><strong>in</strong></span> <span class='ocrx_word' id='word_1_46' title='bbox 914 814 1256 870; x_wconf 82' lang='lat' dir='ltr'><strong>orationibus</strong></span> <span class='ocrx_word' id='word_1_47' title='bbox 1279 812 1577 867; x_wconf 90' lang='lat' dir='ltr'><strong>consistere</strong></span> <span class='ocrx_word' id='word_1_48' title='bbox 1603 809 1783 873; x_wconf 83' lang='lat' dir='ltr'><strong>debet,</strong></span> <span class='ocrx_word' id='word_1_49' title='bbox 1816 817 2002 878; x_wconf 88' lang='lat' dir='ltr'><strong>postea</strong></span> 
     </span>
    </p>
   </div>
   <div class='ocr_carea' id='block_1_10' title="bbox 424 905 1382 980">
    <p class='ocr_par' dir='ltr' id='par_1_10' title="bbox 424 905 1382 980">
     <span class='ocr_line' id='line_1_10' title="bbox 424 905 1382 980; baseline -0.007 -14"><span class='ocrx_word' id='word_1_50' title='bbox 424 922 479 966; x_wconf 89' lang='lat' dir='ltr'><strong>et</strong></span> <span class='ocrx_word' id='word_1_51' title='bbox 517 911 610 965; x_wconf 89' lang='lat' dir='ltr'><strong>illa</strong></span> <span class='ocrx_word' id='word_1_52' title='bbox 641 911 812 980; x_wconf 79' lang='lat' dir='ltr'><strong>gratia</strong></span> <span class='ocrx_word' id='word_1_53' title='bbox 843 910 1040 978; x_wconf 81' lang='lat' dir='ltr'><strong>dignus</strong></span> <span class='ocrx_word' id='word_1_54' title='bbox 1075 905 1382 962; x_wconf 85' lang='lat' dir='ltr'><strong>habebitur.</strong></span> 
     </span>
    </p>
   </div>
   <div class='ocr_carea' id='block_1_11' title="bbox 1010 1082 1423 1142">
    <p class='ocr_par' dir='ltr' id='par_1_11' title="bbox 1010 1082 1423 1142">
     <span class='ocr_line' id='line_1_11' title="bbox 1010 1082 1423 1142; baseline -0.002 0"><span class='ocrx_word' id='word_1_55' title='bbox 1010 1086 1244 1142; x_wconf 80' lang='lat' dir='ltr'><strong>CANON</strong></span> <span class='ocrx_word' id='word_1_56' title='bbox 1281 1082 1423 1141; x_wconf 74' lang='lat' dir='ltr'><strong>XIV.</strong></span> 
     </span>
    </p>
   </div>
   <div class='ocr_carea' id='block_1_12' title="bbox 426 1177 2004 1249">
    <p class='ocr_par' dir='ltr' id='par_1_12' title="bbox 426 1177 2004 1249">
     <span class='ocr_line' id='line_1_12' title="bbox 426 1177 2004 1249; baseline -0.002 -15"><span class='ocrx_word' id='word_1_57' title='bbox 426 1179 505 1235; x_wconf 81' lang='lat' dir='ltr'><strong>De</strong></span> <span class='ocrx_word' id='word_1_58' title='bbox 533 1180 946 1244; x_wconf 81' lang='lat' dir='ltr'><strong>catechumenis,</strong></span> <span class='ocrx_word' id='word_1_59' title='bbox 969 1189 1017 1232; x_wconf 88' lang='lat' dir='ltr'><strong>et</strong></span> <span class='ocrx_word' id='word_1_60' title='bbox 1045 1179 1134 1249; x_wconf 87' lang='lat' dir='ltr'><strong>qui</strong></span> <span class='ocrx_word' id='word_1_61' title='bbox 1170 1179 1304 1248; x_wconf 83' lang='lat' dir='ltr'><strong>lapsi</strong></span> <span class='ocrx_word' id='word_1_62' title='bbox 1339 1186 1482 1242; x_wconf 84' lang='lat' dir='ltr'><strong>sunt,</strong></span> <span class='ocrx_word' id='word_1_63' title='bbox 1506 1177 1676 1230; x_wconf 84' lang='lat' dir='ltr'><strong>visum</strong></span> <span class='ocrx_word' id='word_1_64' title='bbox 1703 1185 1778 1230; x_wconf 85' lang='lat' dir='ltr'><strong>est</strong></span> <span class='ocrx_word' id='word_1_65' title='bbox 1808 1187 2004 1231; x_wconf 75' lang='lat' dir='ltr'><strong>sancta:</strong></span> 
     </span>
    </p>
   </div>
   <div class='ocr_carea' id='block_1_13' title="bbox 495 1269 2004 1343">
    <p class='ocr_par' dir='ltr' id='par_1_13' title="bbox 495 1269 2004 1343">
     <span class='ocr_line' id='line_1_13' title="bbox 495 1269 2004 1343; baseline -0.002 -16"><span class='ocrx_word' id='word_1_66' title='bbox 495 1281 548 1328; x_wconf 83' lang='lat' dir='ltr'><strong>et</strong></span> <span class='ocrx_word' id='word_1_67' title='bbox 586 1287 795 1343; x_wconf 64' lang='lat' dir='ltr'><strong>magna</strong></span> <span class='ocrx_word' id='word_1_68' title='bbox 835 1273 1058 1341; x_wconf 82' lang='lat' dir='ltr'><strong>synodo,</strong></span> <span class='ocrx_word' id='word_1_69' title='bbox 1100 1281 1155 1323; x_wconf 85' lang='lat' dir='ltr'><strong>ut</strong></span> <span class='ocrx_word' id='word_1_70' title='bbox 1192 1270 1231 1324; x_wconf 89' lang='lat' dir='ltr'><strong>ii</strong></span> <span class='ocrx_word' id='word_1_71' title='bbox 1277 1271 1443 1324; x_wconf 84' lang='lat' dir='ltr'><strong>tribus</strong></span> <span class='ocrx_word' id='word_1_72' title='bbox 1481 1269 1636 1323; x_wconf 87' lang='lat' dir='ltr'><strong>annis</strong></span> <span class='ocrx_word' id='word_1_73' title='bbox 1663 1277 1866 1323; x_wconf 85' lang='lat' dir='ltr'><strong>tantum</strong></span> <span class='ocrx_word' id='word_1_74' title='bbox 1903 1285 2004 1324; x_wconf 64' lang='lat' dir='ltr'><strong>au»</strong></span> 
     </span>
    </p>
   </div>
   <div class='ocr_carea' id='block_1_14' title="bbox 500 1363 1676 1433">
    <p class='ocr_par' dir='ltr' id='par_1_14' title="bbox 500 1363 1676 1433">
     <span class='ocr_line' id='line_1_14' title="bbox 500 1363 1676 1433; baseline -0.003 -15"><span class='ocrx_word' id='word_1_75' title='bbox 500 1367 720 1431; x_wconf 86' lang='lat' dir='ltr'><strong>dientes,</strong></span> <span class='ocrx_word' id='word_1_76' title='bbox 755 1373 930 1433; x_wconf 87' lang='lat' dir='ltr'><strong>postea</strong></span> <span class='ocrx_word' id='word_1_77' title='bbox 952 1371 1100 1417; x_wconf 83' lang='lat' dir='ltr'><strong>orent</strong></span> <span class='ocrx_word' id='word_1_78' title='bbox 1125 1378 1242 1415; x_wconf 87' lang='lat' dir='ltr'><strong>cum</strong></span> <span class='ocrx_word' id='word_1_79' title='bbox 1272 1363 1676 1415; x_wconf 77' lang='lat' dir='ltr'><strong>catechumenis.</strong></span> 
     </span>
    </p>
   </div>
   <div class='ocr_carea' id='block_1_15' title="bbox 500 1537 2003 1612">
    <p class='ocr_par' dir='ltr' id='par_1_15' title="bbox 500 1537 2003 1612">
     <span class='ocr_line' id='line_1_15' title="bbox 500 1537 2003 1612; baseline -0.003 -15"><span class='ocrx_word' id='word_1_80' title='bbox 500 1541 697 1598; x_wconf 85' lang='lat' dir='ltr'><strong>BALS.</strong></span> <span class='ocrx_word' id='word_1_81' title='bbox 749 1543 883 1596; x_wconf 90' lang='lat' dir='ltr'><strong>Eum</strong></span> <span class='ocrx_word' id='word_1_82' title='bbox 929 1543 1023 1612; x_wconf 88' lang='lat' dir='ltr'><strong>qui</strong></span> <span class='ocrx_word' id='word_1_83' title='bbox 1069 1553 1133 1595; x_wconf 86' lang='lat' dir='ltr'><strong>ex</strong></span> <span class='ocrx_word' id='word_1_84' title='bbox 1177 1540 1492 1596; x_wconf 81' lang='lat' dir='ltr'><strong>infidelitate</strong></span> <span class='ocrx_word' id='word_1_85' title='bbox 1525 1541 1591 1594; x_wconf 90' lang='lat' dir='ltr'><strong>ad</strong></span> <span class='ocrx_word' id='word_1_86' title='bbox 1629 1555 1808 1594; x_wconf 73' lang='lat' dir='ltr'><strong>veram</strong></span> <span class='ocrx_word' id='word_1_87' title='bbox 1847 1537 2003 1592; x_wconf 84' lang='lat' dir='ltr'><strong>tidem</strong></span> 
     </span>
    </p>
   </div>
   <div class='ocr_carea' id='block_1_16' title="bbox 433 1630 2004 1702">
    <p class='ocr_par' dir='ltr' id='par_1_16' title="bbox 433 1630 2004 1702">
     <span class='ocr_line' id='line_1_16' title="bbox 433 1630 2004 1702; baseline 0 -18"><span class='ocrx_word' id='word_1_88' title='bbox 433 1635 682 1698; x_wconf 81' lang='lat' dir='ltr'><strong>accessit,</strong></span> <span class='ocrx_word' id='word_1_89' title='bbox 703 1644 757 1689; x_wconf 90' lang='lat' dir='ltr'><strong>et</strong></span> <span class='ocrx_word' id='word_1_90' title='bbox 784 1634 1029 1688; x_wconf 82' lang='lat' dir='ltr'><strong>initiatus</strong></span> <span class='ocrx_word' id='word_1_91' title='bbox 1051 1644 1132 1688; x_wconf 90' lang='lat' dir='ltr'><strong>est</strong></span> <span class='ocrx_word' id='word_1_92' title='bbox 1163 1650 1177 1686; x_wconf 92' lang='lat'><strong>:</strong></span> <span class='ocrx_word' id='word_1_93' title='bbox 1213 1643 1265 1687; x_wconf 92' lang='lat' dir='ltr'><strong>et</strong></span> <span class='ocrx_word' id='word_1_94' title='bbox 1298 1641 1418 1702; x_wconf 88' lang='lat' dir='ltr'><strong>post</strong></span> <span class='ocrx_word' id='word_1_95' title='bbox 1451 1630 1814 1686; x_wconf 90' lang='lat' dir='ltr'><strong>initiationem</strong></span> <span class='ocrx_word' id='word_1_96' title='bbox 1846 1631 2004 1685; x_wconf 84' lang='lat' dir='ltr'><strong>aber-</strong></span> 
     </span>
    </p>
   </div>
   <div class='ocr_carea' id='block_1_17' title="bbox 432 1721 2007 1794">
    <p class='ocr_par' dir='ltr' id='par_1_17' title="bbox 432 1721 2007 1794">
     <span class='ocr_line' id='line_1_17' title="bbox 432 1721 2007 1794; baseline -0.003 -15"><span class='ocrx_word' id='word_1_97' title='bbox 432 1726 597 1790; x_wconf 81' lang='lat' dir='ltr'><strong>ravit,</strong></span> <span class='ocrx_word' id='word_1_98' title='bbox 629 1734 684 1779; x_wconf 90' lang='lat' dir='ltr'><strong>et</strong></span> <span class='ocrx_word' id='word_1_99' title='bbox 711 1725 946 1794; x_wconf 87' lang='lat' dir='ltr'><strong>priorem</strong></span> <span class='ocrx_word' id='word_1_100' title='bbox 978 1725 1424 1794; x_wconf 74' lang='lat' dir='ltr'><strong>superstitionem</strong></span> <span class='ocrx_word' id='word_1_101' title='bbox 1465 1723 1706 1792; x_wconf 84' lang='lat' dir='ltr'><strong>repetiit,</strong></span> <span class='ocrx_word' id='word_1_102' title='bbox 1737 1737 1841 1777; x_wconf 93' lang='lat' dir='ltr'><strong>non</strong></span> <span class='ocrx_word' id='word_1_103' title='bbox 1873 1721 2007 1778; x_wconf 88' lang='lat' dir='ltr'><strong>sim-</strong></span> 
     </span>
    </p>
   </div>
   <div class='ocr_carea' id='block_1_18' title="bbox 2109 521 3694 606">
    <p class='ocr_par' dir='ltr' id='par_1_18' title="bbox 2109 521 3694 606">
     <span class='ocr_line' id='line_1_18' title="bbox 2109 521 3694 606; baseline -0.01 -17"><span class='ocrx_word' id='word_1_104' title='bbox 2109 537 2397 606; x_wconf 84' lang='grc' dir='ltr'>γινόμενος</span> <span class='ocrx_word' id='word_1_105' title='bbox 2424 532 2520 588; x_wconf 78' lang='grc' dir='ltr'><strong>τοῦ</strong></span> <span class='ocrx_word' id='word_1_106' title='bbox 2571 532 2780 601; x_wconf 79' lang='grc' dir='ltr'>ἀγαθοῦ</span> <span class='ocrx_word' id='word_1_107' title='bbox 2812 530 3026 600; x_wconf 80' lang='grc' dir='ltr'>ὲφοδίου</span> <span class='ocrx_word' id='word_1_108' title='bbox 3079 527 3453 592; x_wconf 73' lang='grc' dir='ltr'>ἐπιτεύξετᾳι.</span> <span class='ocrx_word' id='word_1_109' title='bbox 3501 521 3694 589; x_wconf 73' lang='grc' dir='ltr'>Ὑγια-</span> 
     </span>
    </p>
   </div>
   <div class='ocr_carea' id='block_1_19' title="bbox 2111 615 3695 696">
    <p class='ocr_par' dir='ltr' id='par_1_19' title="bbox 2111 615 3695 696">
     <span class='ocr_line' id='line_1_19' title="bbox 2111 615 3695 696; baseline -0.011 -14"><span class='ocrx_word' id='word_1_110' title='bbox 2111 647 2210 689; x_wconf 85' lang='grc' dir='ltr'><strong>νας</strong></span> <span class='ocrx_word' id='word_1_111' title='bbox 2246 628 2324 692; x_wconf 79' lang='grc' dir='ltr'>δὲ,</span> <span class='ocrx_word' id='word_1_112' title='bbox 2354 627 2496 696; x_wconf 81' lang='grc' dir='ltr'>μετὰ</span> <span class='ocrx_word' id='word_1_113' title='bbox 2525 625 2636 679; x_wconf 85' lang='grc' dir='ltr'>τῶν</span> <span class='ocrx_word' id='word_1_114' title='bbox 2667 622 3071 678; x_wconf 77' lang='grc' dir='ltr'><strong>κοινωνούντων</strong></span> <span class='ocrx_word' id='word_1_115' title='bbox 3097 620 3209 674; x_wconf 88' lang='grc' dir='ltr'><strong>τῶν</strong></span> <span class='ocrx_word' id='word_1_116' title='bbox 3237 617 3416 688; x_wconf 83' lang='grc' dir='ltr'>εὐχῶν</span> <span class='ocrx_word' id='word_1_117' title='bbox 3479 615 3633 669; x_wconf 72' lang='grc' dir='ltr'>ἔσται</span> <span class='ocrx_word' id='word_1_118' title='bbox 3674 628 3695 645; x_wconf 78' lang='grc' dir='ltr'><strong>ο</strong></span> 
     </span>
    </p>
   </div>
   <div class='ocr_carea' id='block_1_20' title="bbox 2107 707 3692 791">
    <p class='ocr_par' dir='ltr' id='par_1_20' title="bbox 2107 707 3692 791">
     <span class='ocr_line' id='line_1_20' title="bbox 2107 707 3692 791; baseline -0.011 -15"><span class='ocrx_word' id='word_1_119' title='bbox 2107 722 2171 776; x_wconf 76' lang='grc' dir='ltr'><strong>οὐ</strong></span> <span class='ocrx_word' id='word_1_120' title='bbox 2205 721 2392 791; x_wconf 82' lang='grc' dir='ltr'>μέντοι</span> <span class='ocrx_word' id='word_1_121' title='bbox 2435 737 2498 786; x_wconf 86' lang='grc' dir='ltr'>γε</span> <span class='ocrx_word' id='word_1_122' title='bbox 2535 720 2630 771; x_wconf 67' lang='grc' dir='ltr'><strong>καὶ</strong></span> <span class='ocrx_word' id='word_1_123' title='bbox 2661 717 2770 770; x_wconf 84' lang='grc' dir='ltr'><strong>τῶν</strong></span> <span class='ocrx_word' id='word_1_124' title='bbox 2799 717 2962 770; x_wconf 90' lang='grc' dir='ltr'>θείων</span> <span class='ocrx_word' id='word_1_125' title='bbox 2992 713 3355 783; x_wconf 81' lang='grc' dir='ltr'>ἀγιασμάτων</span> <span class='ocrx_word' id='word_1_126' title='bbox 3387 707 3652 780; x_wconf 77' lang='grc' dir='ltr'><strong>μετάσχοι</strong></span> <span class='ocrx_word' id='word_1_127' title='bbox 3673 720 3692 738; x_wconf 76' lang='grc' dir='ltr'><strong><em>ο</em></strong></span> 
     </span>
    </p>
   </div>
   <div class='ocr_carea' id='block_1_21' title="bbox 2110 801 3698 882">
    <p class='ocr_par' dir='ltr' id='par_1_21' title="bbox 2110 801 3698 882">
     <span class='ocr_line' id='line_1_21' title="bbox 2110 801 3698 882; baseline -0.009 -16"><span class='ocrx_word' id='word_1_128' title='bbox 2110 807 2245 867; x_wconf 78' lang='grc' dir='ltr'>ἀλλὰ</span> <span class='ocrx_word' id='word_1_129' title='bbox 2273 811 2568 882; x_wconf 82' lang='grc' dir='ltr'><strong>πληρώσας</strong></span> <span class='ocrx_word' id='word_1_130' title='bbox 2596 811 2655 862; x_wconf 83' lang='grc' dir='ltr'><strong>ἐν</strong></span> <span class='ocrx_word' id='word_1_131' title='bbox 2685 811 2802 871; x_wconf 85' lang='grc' dir='ltr'>ταῖς</span> <span class='ocrx_word' id='word_1_132' title='bbox 2828 807 3022 877; x_wconf 77' lang='grc' dir='ltr'><strong>εὐχαῖς</strong></span> <span class='ocrx_word' id='word_1_133' title='bbox 3066 806 3159 860; x_wconf 73' lang='grc' dir='ltr'><strong>τὸν</strong></span> <span class='ocrx_word' id='word_1_134' title='bbox 3209 804 3310 872; x_wconf 84' lang='grc' dir='ltr'><strong>τῆς</strong></span> <span class='ocrx_word' id='word_1_135' title='bbox 3375 801 3698 862; x_wconf 79' lang='grc' dir='ltr'><strong>συστάσεως</strong></span> 
     </span>
    </p>
   </div>
   <div class='ocr_carea' id='block_1_22' title="bbox 2111 890 3662 976">
    <p class='ocr_par' dir='ltr' id='par_1_22' title="bbox 2111 890 3662 976">
     <span class='ocr_line' id='line_1_22' title="bbox 2111 890 3662 976; baseline -0.01 -18"><span class='ocrx_word' id='word_1_136' title='bbox 2111 904 2324 976; x_wconf 81' lang='grc' dir='ltr'>χρόνον,</span> <span class='ocrx_word' id='word_1_137' title='bbox 2361 901 2554 957; x_wconf 75' lang='grc' dir='ltr'>ἔκτοτε</span> <span class='ocrx_word' id='word_1_138' title='bbox 2593 903 2686 956; x_wconf 77' lang='grc' dir='ltr'><strong>καὶ</strong></span> <span class='ocrx_word' id='word_1_139' title='bbox 2751 901 2851 968; x_wconf 80' lang='grc' dir='ltr'>τῆς</span> <span class='ocrx_word' id='word_1_140' title='bbox 2917 899 3139 969; x_wconf 80' lang='grc' dir='ltr'>χάριτος</span> <span class='ocrx_word' id='word_1_141' title='bbox 3195 895 3399 962; x_wconf 78' lang='grc' dir='ltr'><strong>ταύτης</strong></span> <span class='ocrx_word' id='word_1_142' title='bbox 3455 890 3662 960; x_wconf 82' lang='grc' dir='ltr'>ἁξιωθή</span> 
     </span>
    </p>
   </div>
   <div class='ocr_carea' id='block_1_23' title="bbox 2113 1013 2286 1051">
    <p class='ocr_par' dir='ltr' id='par_1_23' title="bbox 2113 1013 2286 1051">
     <span class='ocr_line' id='line_1_23' title="bbox 2113 1013 2286 1051; baseline 0.012 -2"><span class='ocrx_word' id='word_1_143' title='bbox 2113 1013 2286 1051; x_wconf 88' lang='grc' dir='ltr'>σεται.</span> 
     </span>
    </p>
   </div>
   <div class='ocr_carea' id='block_1_24' title="bbox 2756 1077 3123 1136">
    <p class='ocr_par' dir='ltr' id='par_1_24' title="bbox 2756 1077 3123 1136">
     <span class='ocr_line' id='line_1_24' title="bbox 2756 1077 3123 1136; baseline -0.005 0"><span class='ocrx_word' id='word_1_144' title='bbox 2756 1081 2996 1136; x_wconf 74' lang='grc' dir='ltr'><strong>ΚΛΝΩΝ</strong></span> <span class='ocrx_word' id='word_1_145' title='bbox 3023 1077 3123 1134; x_wconf 86' lang='grc' dir='ltr'><strong>ῙΔ’.</strong></span> 
     </span>
    </p>
   </div>
   <div class='ocr_carea' id='block_1_25' title="bbox 2113 1168 3702 1244">
    <p class='ocr_par' dir='ltr' id='par_1_25' title="bbox 2113 1168 3702 1244">
     <span class='ocr_line' id='line_1_25' title="bbox 2113 1168 3702 1244; baseline -0.009 -12"><span class='ocrx_word' id='word_1_146' title='bbox 2113 1178 2253 1244; x_wconf 77' lang='grc' dir='ltr'>Περὶ</span> <span class='ocrx_word' id='word_1_147' title='bbox 2321 1176 2443 1231; x_wconf 86' lang='grc' dir='ltr'>τῶν</span> <span class='ocrx_word' id='word_1_148' title='bbox 2505 1173 2975 1243; x_wconf 80' lang='grc' dir='ltr'>κατηχουμένων</span> <span class='ocrx_word' id='word_1_149' title='bbox 3058 1172 3159 1224; x_wconf 80' lang='grc' dir='ltr'>καὶ</span> <span class='ocrx_word' id='word_1_150' title='bbox 3215 1168 3702 1238; x_wconf 79' lang='grc' dir='ltr'>παραπεσόντων</span> 
     </span>
    </p>
   </div>
   <div class='ocr_carea' id='block_1_26' title="bbox 2183 1255 3702 1338">
    <p class='ocr_par' dir='ltr' id='par_1_26' title="bbox 2183 1255 3702 1338">
     <span class='ocr_line' id='line_1_26' title="bbox 2183 1255 3702 1338; baseline -0.008 -17"><span class='ocrx_word' id='word_1_151' title='bbox 2183 1267 2353 1331; x_wconf 72' lang='grc' dir='ltr'>ἔδοξε</span> <span class='ocrx_word' id='word_1_152' title='bbox 2388 1262 2458 1338; x_wconf 87' lang='grc' dir='ltr'><strong><em>τῇ</em></strong></span> <span class='ocrx_word' id='word_1_153' title='bbox 2481 1266 2619 1335; x_wconf 74' lang='grc' dir='ltr'><strong>ἁγίᾳ</strong></span> <span class='ocrx_word' id='word_1_154' title='bbox 2641 1264 2740 1319; x_wconf 77' lang='grc' dir='ltr'>καὶ</span> <span class='ocrx_word' id='word_1_155' title='bbox 2767 1262 3002 1331; x_wconf 78' lang='grc' dir='ltr'><strong>μεγάλῃ</strong></span> <span class='ocrx_word' id='word_1_156' title='bbox 3023 1261 3286 1328; x_wconf 81' lang='grc' dir='ltr'>συνόδῳ,</span> <span class='ocrx_word' id='word_1_157' title='bbox 3312 1260 3489 1324; x_wconf 86' lang='grc' dir='ltr'>ὥστε,</span> <span class='ocrx_word' id='word_1_158' title='bbox 3518 1255 3702 1326; x_wconf 83' lang='grc' dir='ltr'>τριῶν</span> 
     </span>
    </p>
   </div>
   <div class='ocr_carea' id='block_1_27' title="bbox 2182 1349 3702 1426">
    <p class='ocr_par' dir='ltr' id='par_1_27' title="bbox 2182 1349 3702 1426">
     <span class='ocr_line' id='line_1_27' title="bbox 2182 1349 3702 1426; baseline -0.007 -12"><span class='ocrx_word' id='word_1_159' title='bbox 2182 1360 2334 1414; x_wconf 75' lang='grc' dir='ltr'>ἐτῶν</span> <span class='ocrx_word' id='word_1_160' title='bbox 2358 1358 2584 1424; x_wconf 81' lang='grc' dir='ltr'>αὐτοὺς</span> <span class='ocrx_word' id='word_1_161' title='bbox 2609 1355 3033 1426; x_wconf 79' lang='grc' dir='ltr'><strong>ἀκροωμένους</strong></span> <span class='ocrx_word' id='word_1_162' title='bbox 3083 1355 3294 1422; x_wconf 82' lang='grc' dir='ltr'>μόνον,</span> <span class='ocrx_word' id='word_1_163' title='bbox 3327 1351 3477 1422; x_wconf 82' lang='grc' dir='ltr'>μετὰ</span> <span class='ocrx_word' id='word_1_164' title='bbox 3506 1349 3702 1408; x_wconf 88' lang='grc' dir='ltr'>ταῦτα</span> 
     </span>
    </p>
   </div>
   <div class='ocr_carea' id='block_1_28' title="bbox 2181 1445 3312 1520">
    <p class='ocr_par' dir='ltr' id='par_1_28' title="bbox 2181 1445 3312 1520">
     <span class='ocr_line' id='line_1_28' title="bbox 2181 1445 3312 1520; baseline -0.007 -14"><span class='ocrx_word' id='word_1_165' title='bbox 2181 1453 2467 1520; x_wconf 83' lang='grc' dir='ltr'>εὔχεσθαι</span> <span class='ocrx_word' id='word_1_166' title='bbox 2489 1450 2641 1518; x_wconf 82' lang='grc' dir='ltr'>μετὰ</span> <span class='ocrx_word' id='word_1_167' title='bbox 2665 1450 2783 1502; x_wconf 84' lang='grc' dir='ltr'>τῶν</span> <span class='ocrx_word' id='word_1_168' title='bbox 2819 1445 3312 1514; x_wconf 73' lang='grc' dir='ltr'>κατηχουμένων.</span> 
     </span>
    </p>
   </div>
   <div class='ocr_carea' id='block_1_29' title="bbox 2183 1523 3702 1609">
    <p class='ocr_par' dir='ltr' id='par_1_29' title="bbox 2183 1523 3702 1609">
     <span class='ocr_line' id='line_1_29' title="bbox 2183 1523 3702 1609; baseline -0.007 -12"><span class='ocrx_word' id='word_1_169' title='bbox 2183 1544 2380 1597; x_wconf 85' lang='grc' dir='ltr'>ΒΛΛΣ.</span> <span class='ocrx_word' id='word_1_170' title='bbox 2411 1541 2596 1606; x_wconf 80' lang='grc' dir='ltr'>Τδνὲξ</span> <span class='ocrx_word' id='word_1_171' title='bbox 2627 1523 2885 1602; x_wconf 69' lang='grc' dir='ltr'>ἀπιστίας</span> <span class='ocrx_word' id='word_1_172' title='bbox 2915 1541 2980 1609; x_wconf 80' lang='grc' dir='ltr'><strong>τῇ</strong></span> <span class='ocrx_word' id='word_1_173' title='bbox 3038 1538 3232 1607; x_wconf 80' lang='grc' dir='ltr'>ἀληθεῖ</span> <span class='ocrx_word' id='word_1_174' title='bbox 3295 1537 3476 1590; x_wconf 87' lang='grc' dir='ltr'>πίστει</span> <span class='ocrx_word' id='word_1_175' title='bbox 3525 1551 3702 1606; x_wconf 83' lang='grc' dir='ltr'>προσ·</span> 
     </span>
    </p>
   </div>
   <div class='ocr_carea' id='block_1_30' title="bbox 2113 1629 3706 1705">
    <p class='ocr_par' dir='ltr' id='par_1_30' title="bbox 2113 1629 3706 1705">
     <span class='ocr_line' id='line_1_30' title="bbox 2113 1629 3706 1705; baseline -0.006 -15"><span class='ocrx_word' id='word_1_176' title='bbox 2113 1635 2359 1701; x_wconf 83' lang='grc' dir='ltr'>ελθόντα,</span> <span class='ocrx_word' id='word_1_177' title='bbox 2442 1635 2538 1688; x_wconf 76' lang='grc' dir='ltr'><strong>καὶ</strong></span> <span class='ocrx_word' id='word_1_178' title='bbox 2563 1633 2972 1705; x_wconf 84' lang='grc' dir='ltr'>κατηχηθέντα,</span> <span class='ocrx_word' id='word_1_179' title='bbox 3010 1632 3106 1685; x_wconf 72' lang='grc' dir='ltr'><strong>καὶ</strong></span> <span class='ocrx_word' id='word_1_180' title='bbox 3136 1629 3276 1700; x_wconf 83' lang='grc' dir='ltr'>μετὰ</span> <span class='ocrx_word' id='word_1_181' title='bbox 3349 1630 3451 1696; x_wconf 80' lang='grc' dir='ltr'>τὴν</span> <span class='ocrx_word' id='word_1_182' title='bbox 3521 1629 3706 1696; x_wconf 77' lang='grc' dir='ltr'>κοιτή-</span> 
     </span>
    </p>
   </div>
   <div class='ocr_carea' id='block_1_31' title="bbox 2118 1717 3707 1798">
    <p class='ocr_par' dir='ltr' id='par_1_31' title="bbox 2118 1717 3707 1798">
     <span class='ocr_line' id='line_1_31' title="bbox 2118 1717 3707 1798; baseline -0.008 -18"><span class='ocrx_word' id='word_1_183' title='bbox 2118 1745 2278 1798; x_wconf 82' lang='grc' dir='ltr'>χησιν</span> <span class='ocrx_word' id='word_1_184' title='bbox 2343 1724 2711 1794; x_wconf 79' lang='grc' dir='ltr'><strong>πλανηθέντα,</strong></span> <span class='ocrx_word' id='word_1_185' title='bbox 2777 1723 2874 1776; x_wconf 75' lang='grc' dir='ltr'><strong>καὶ</strong></span> <span class='ocrx_word' id='word_1_186' title='bbox 2927 1722 3025 1792; x_wconf 80' lang='grc' dir='ltr'>τὴν</span> <span class='ocrx_word' id='word_1_187' title='bbox 3101 1719 3324 1788; x_wconf 83' lang='grc' dir='ltr'>πρώτην</span> <span class='ocrx_word' id='word_1_188' title='bbox 3401 1717 3707 1786; x_wconf 84' lang='grc' dir='ltr'>θρησκείαν</span> 
     </span>
    </p>
   </div>
   <div class='ocr_carea' id='block_1_32' title="bbox 434 1797 2024 1886">
    <p class='ocr_par' dir='ltr' id='par_1_32' title="bbox 434 1813 2011 1885">
     <span class='ocr_line' id='line_1_32' title="bbox 434 1813 2011 1885; baseline -0.003 -16"><span class='ocrx_word' id='word_1_189' title='bbox 434 1815 650 1885; x_wconf 75' lang='lat' dir='ltr'><strong>pliciter</strong></span> <span class='ocrx_word' id='word_1_190' title='bbox 693 1818 760 1870; x_wconf 90' lang='lat' dir='ltr'><strong>ad</strong></span> <span class='ocrx_word' id='word_1_191' title='bbox 806 1816 1327 1870; x_wconf 80' lang='lat' dir='ltr'><strong>catechutnenorum</strong></span> <span class='ocrx_word' id='word_1_192' title='bbox 1381 1814 1565 1869; x_wconf 91' lang='lat' dir='ltr'><strong>locum</strong></span> <span class='ocrx_word' id='word_1_193' title='bbox 1607 1827 1800 1869; x_wconf 89' lang='lat' dir='ltr'><strong>rursus</strong></span> <span class='ocrx_word' id='word_1_194' title='bbox 1845 1813 2011 1882; x_wconf 86' lang='lat' dir='ltr'><strong>recipi</strong></span> 
     </span>
    </p>
   </div>
   <div class='ocr_carea' id='block_1_33' title="bbox 2127 1797 3707 1886">
    <p class='ocr_par' dir='ltr' id='par_1_33' title="bbox 2127 1797 3707 1886">
     <span class='ocr_line' id='line_1_33' title="bbox 2127 1797 3707 1886; baseline -0.007 -17"><span class='ocrx_word' id='word_1_195' title='bbox 2127 1797 2452 1886; x_wconf 75' lang='grc' dir='ltr'>ζητήσαντα,</span> <span class='ocrx_word' id='word_1_196' title='bbox 2478 1813 2552 1885; x_wconf 78' lang='grc' dir='ltr'>μὴ</span> <span class='ocrx_word' id='word_1_197' title='bbox 2580 1813 2768 1875; x_wconf 82' lang='grc' dir='ltr'>ἁπλῶς</span> <span class='ocrx_word' id='word_1_198' title='bbox 2801 1811 3055 1881; x_wconf 81' lang='grc' dir='ltr'>δέχεσθαι</span> <span class='ocrx_word' id='word_1_199' title='bbox 3086 1811 3166 1871; x_wconf 83' lang='grc' dir='ltr'><strong>εἰς</strong></span> <span class='ocrx_word' id='word_1_200' title='bbox 3225 1809 3316 1861; x_wconf 81' lang='grc' dir='ltr'>τὸν</span> <span class='ocrx_word' id='word_1_201' title='bbox 3369 1808 3534 1861; x_wconf 79' lang='grc' dir='ltr'>τύπον</span> <span class='ocrx_word' id='word_1_202' title='bbox 3591 1807 3707 1858; x_wconf 85' lang='grc' dir='ltr'>τῶν</span> 
     </span>
    </p>
   </div>
   <div class='ocr_carea' id='block_1_34' title="bbox 433 1905 2016 1986">
    <p class='ocr_par' dir='ltr' id='par_1_34' title="bbox 433 1905 2016 1986">
     <span class='ocr_line' id='line_1_34' title="bbox 433 1905 2016 1986; baseline 0 -27"><span class='ocrx_word' id='word_1_203' title='bbox 433 1908 749 1962; x_wconf 88' lang='lat' dir='ltr'><strong>redeuntem</strong></span> <span class='ocrx_word' id='word_1_204' title='bbox 807 1909 980 1962; x_wconf 83' lang='lat' dir='ltr'><strong>sancti</strong></span> <span class='ocrx_word' id='word_1_205' title='bbox 1038 1905 1260 1986; x_wconf 79' lang='lat' dir='ltr'><strong>Patres</strong></span> <span class='ocrx_word' id='word_1_206' title='bbox 1303 1907 1566 1961; x_wconf 80' lang='lat' dir='ltr'><strong>deﬁniunt</strong></span> <span class='ocrx_word' id='word_1_207' title='bbox 1619 1923 1634 1960; x_wconf 90' lang='lat'><strong>:</strong></span> <span class='ocrx_word' id='word_1_208' title='bbox 1708 1905 1802 1959; x_wconf 84' lang='lat' dir='ltr'><strong>sed</strong></span> <span class='ocrx_word' id='word_1_209' title='bbox 1864 1905 2016 1975; x_wconf 87' lang='lat' dir='ltr'><strong>prius</strong></span> 
     </span>
    </p>
   </div>
   <div class='ocr_carea' id='block_1_35' title="bbox 435 1997 2017 2069">
    <p class='ocr_par' dir='ltr' id='par_1_35' title="bbox 435 1997 2017 2069">
     <span class='ocr_line' id='line_1_35' title="bbox 435 1997 2017 2069; baseline -0.002 -16"><span class='ocrx_word' id='word_1_210' title='bbox 435 1999 666 2054; x_wconf 90' lang='lat' dir='ltr'><strong>triennio</strong></span> <span class='ocrx_word' id='word_1_211' title='bbox 704 2008 857 2054; x_wconf 82' lang='lat' dir='ltr'><strong>extra</strong></span> <span class='ocrx_word' id='word_1_212' title='bbox 896 1999 1150 2069; x_wconf 91' lang='lat' dir='ltr'><strong>templum</strong></span> <span class='ocrx_word' id='word_1_213' title='bbox 1193 2007 1340 2054; x_wconf 89' lang='lat' dir='ltr'><strong>stare</strong></span> <span class='ocrx_word' id='word_1_214' title='bbox 1369 2015 1488 2054; x_wconf 91' lang='lat' dir='ltr'><strong>cum</strong></span> <span class='ocrx_word' id='word_1_215' title='bbox 1520 1997 1906 2052; x_wconf 85' lang='lat' dir='ltr'><strong>audientibus:</strong></span> <span class='ocrx_word' id='word_1_216' title='bbox 1953 2011 2017 2052; x_wconf 89' lang='lat' dir='ltr'><strong>eo</strong></span> 
     </span>
    </p>
   </div>
   <div class='ocr_carea' id='block_1_36' title="bbox 434 2091 2051 2160">
    <p class='ocr_par' dir='ltr' id='par_1_36' title="bbox 434 2091 2051 2160">
     <span class='ocr_line' id='line_1_36' title="bbox 434 2091 2051 2160; baseline 0 -17"><span class='ocrx_word' id='word_1_217' title='bbox 434 2099 611 2144; x_wconf 85' lang='lat' dir='ltr'><strong>autem</strong></span> <span class='ocrx_word' id='word_1_218' title='bbox 667 2091 908 2160; x_wconf 86' lang='lat' dir='ltr'><strong>impleto,</strong></span> <span class='ocrx_word' id='word_1_219' title='bbox 947 2091 1000 2144; x_wconf 91' lang='lat' dir='ltr'><strong>in</strong></span> <span class='ocrx_word' id='word_1_220' title='bbox 1029 2091 1268 2160; x_wconf 88' lang='lat' dir='ltr'><strong>priorem</strong></span> <span class='ocrx_word' id='word_1_221' title='bbox 1304 2098 1508 2147; x_wconf 86' lang='lat' dir='ltr'><strong>statum</strong></span> <span class='ocrx_word' id='word_1_222' title='bbox 1553 2099 1609 2148; x_wconf 86' lang='lat' dir='ltr'><strong>et</strong></span> <span class='ocrx_word' id='word_1_223' title='bbox 1644 2092 1888 2145; x_wconf 88' lang='lat' dir='ltr'><strong>ordinem</strong></span> <span class='ocrx_word' id='word_1_224' title='bbox 1923 2105 2018 2144; x_wconf 82' lang='lat' dir='ltr'><strong>ca-</strong></span> <span class='ocrx_word' id='word_1_225' title='bbox 2049 2122 2051 2124; x_wconf 92' lang='lat'>-</span> 
     </span>
    </p>
   </div>
   <div class='ocr_carea' id='block_1_37' title="bbox 436 2178 1103 2249">
    <p class='ocr_par' dir='ltr' id='par_1_37' title="bbox 436 2178 1103 2249">
     <span class='ocr_line' id='line_1_37' title="bbox 436 2178 1103 2249; baseline 0.006 -19"><span class='ocrx_word' id='word_1_226' title='bbox 436 2178 886 2234; x_wconf 79' lang='lat' dir='ltr'><strong>tecltumenorum</strong></span> <span class='ocrx_word' id='word_1_227' title='bbox 914 2180 1103 2249; x_wconf 89' lang='lat' dir='ltr'><strong>recipi.</strong></span> 
     </span>
    </p>
   </div>
   <div class='ocr_carea' id='block_1_38' title="bbox 510 2440 2021 2513">
    <p class='ocr_par' dir='ltr' id='par_1_38' title="bbox 510 2440 2021 2513">
     <span class='ocr_line' id='line_1_38' title="bbox 510 2440 2021 2513; baseline 0.001 -17"><span class='ocrx_word' id='word_1_228' title='bbox 510 2440 763 2500; x_wconf 77' lang='lat' dir='ltr'><strong>ZONAB.</strong></span> <span class='ocrx_word' id='word_1_229' title='bbox 801 2443 902 2510; x_wconf 84' lang='lat' dir='ltr'><strong>Qui</strong></span> <span class='ocrx_word' id='word_1_230' title='bbox 937 2443 1006 2498; x_wconf 84' lang='lat' dir='ltr'><strong>ob</strong></span> <span class='ocrx_word' id='word_1_231' title='bbox 1043 2443 1163 2498; x_wconf 87' lang='lat' dir='ltr'><strong>lidei</strong></span> <span class='ocrx_word' id='word_1_232' title='bbox 1190 2442 1583 2513; x_wconf 68' lang='lat' dir='ltr'><strong>amplectandre</strong></span> <span class='ocrx_word' id='word_1_233' title='bbox 1607 2443 1848 2499; x_wconf 84' lang='lat' dir='ltr'><strong>studium</strong></span> <span class='ocrx_word' id='word_1_234' title='bbox 1878 2445 2021 2499; x_wconf 90' lang='lat' dir='ltr'><strong>inter</strong></span> 
     </span>
    </p>
   </div>
   <div class='ocr_carea' id='block_1_39' title="bbox 438 2533 2019 2604">
    <p class='ocr_par' dir='ltr' id='par_1_39' title="bbox 438 2533 2019 2604">
     <span class='ocr_line' id='line_1_39' title="bbox 438 2533 2019 2604; baseline 0.002 -19"><span class='ocrx_word' id='word_1_235' title='bbox 438 2535 865 2589; x_wconf 82' lang='lat' dir='ltr'><strong>catechumenos</strong></span> <span class='ocrx_word' id='word_1_236' title='bbox 895 2534 1072 2596; x_wconf 91' lang='lat' dir='ltr'><strong>relati,</strong></span> <span class='ocrx_word' id='word_1_237' title='bbox 1114 2542 1298 2604; x_wconf 88' lang='lat' dir='ltr'><strong>postea</strong></span> <span class='ocrx_word' id='word_1_238' title='bbox 1335 2534 1473 2604; x_wconf 83' lang='lat' dir='ltr'><strong>lapsi</strong></span> <span class='ocrx_word' id='word_1_239' title='bbox 1512 2533 1752 2597; x_wconf 77' lang='lat' dir='ltr'><strong>luermtt,</strong></span> <span class='ocrx_word' id='word_1_240' title='bbox 1793 2551 1886 2590; x_wconf 89' lang='lat' dir='ltr'><strong>eos</strong></span> <span class='ocrx_word' id='word_1_241' title='bbox 1931 2551 2019 2589; x_wconf 58' lang='lat' dir='ltr'><strong>ore</strong></span> 
     </span>
    </p>
   </div>
   <div class='ocr_carea' id='block_1_40' title="bbox 445 2623 2018 2690">
    <p class='ocr_par' dir='ltr' id='par_1_40' title="bbox 445 2623 2018 2690">
     <span class='ocr_line' id='line_1_40' title="bbox 445 2623 2018 2690; baseline 0.003 -15"><span class='ocrx_word' id='word_1_242' title='bbox 445 2623 574 2677; x_wconf 87' lang='lat' dir='ltr'><strong>dine</strong></span> <span class='ocrx_word' id='word_1_243' title='bbox 619 2631 672 2678; x_wconf 85' lang='lat' dir='ltr'><strong>et</strong></span> <span class='ocrx_word' id='word_1_244' title='bbox 716 2624 950 2679; x_wconf 85' lang='lat' dir='ltr'><strong>statione</strong></span> <span class='ocrx_word' id='word_1_245' title='bbox 991 2626 1513 2680; x_wconf 83' lang='lat' dir='ltr'><strong>eatechumenorum</strong></span> <span class='ocrx_word' id='word_1_246' title='bbox 1549 2628 1845 2680; x_wconf 79' lang='lat' dir='ltr'><strong>movendos</strong></span> <span class='ocrx_word' id='word_1_247' title='bbox 1876 2641 2018 2690; x_wconf 91' lang='lat' dir='ltr'><strong>esse,</strong></span> 
     </span>
    </p>
   </div>
   <div class='ocr_carea' id='block_1_41' title="bbox 439 2714 2018 2788">
    <p class='ocr_par' dir='ltr' id='par_1_41' title="bbox 439 2714 2018 2788">
     <span class='ocr_line' id='line_1_41' title="bbox 439 2714 2018 2788; baseline 0.002 -21"><span class='ocrx_word' id='word_1_248' title='bbox 439 2730 506 2768; x_wconf 89' lang='lat' dir='ltr'><strong>ac</strong></span> <span class='ocrx_word' id='word_1_249' title='bbox 553 2714 845 2771; x_wconf 86' lang='lat' dir='ltr'><strong>triennium</strong></span> <span class='ocrx_word' id='word_1_250' title='bbox 900 2716 1044 2771; x_wconf 90' lang='lat' dir='ltr'><strong>inter</strong></span> <span class='ocrx_word' id='word_1_251' title='bbox 1088 2717 1370 2772; x_wconf 84' lang='lat' dir='ltr'><strong>audientes</strong></span> <span class='ocrx_word' id='word_1_252' title='bbox 1423 2717 1660 2787; x_wconf 76' lang='lat' dir='ltr'><strong>exigere,</strong></span> <span class='ocrx_word' id='word_1_253' title='bbox 1706 2733 1770 2773; x_wconf 91' lang='lat' dir='ltr'><strong>eo</strong></span> <span class='ocrx_word' id='word_1_254' title='bbox 1815 2718 2018 2788; x_wconf 88' lang='lat' dir='ltr'><strong>elapso,</strong></span> 
     </span>
    </p>
   </div>
   <div class='ocr_carea' id='block_1_42' title="bbox 441 2807 2019 2880">
    <p class='ocr_par' dir='ltr' id='par_1_42' title="bbox 441 2807 2019 2880">
     <span class='ocr_line' id='line_1_42' title="bbox 441 2807 2019 2880; baseline 0.003 -21"><span class='ocrx_word' id='word_1_255' title='bbox 441 2807 679 2874; x_wconf 86' lang='lat' dir='ltr'><strong>priorem</strong></span> <span class='ocrx_word' id='word_1_256' title='bbox 703 2808 949 2862; x_wconf 88' lang='lat' dir='ltr'><strong>ordinem</strong></span> <span class='ocrx_word' id='word_1_257' title='bbox 980 2818 1035 2863; x_wconf 89' lang='lat' dir='ltr'><strong>et</strong></span> <span class='ocrx_word' id='word_1_258' title='bbox 1064 2808 1170 2880; x_wconf 84' lang='lat'><strong>75</strong></span> <span class='ocrx_word' id='word_1_259' title='bbox 1201 2808 1492 2864; x_wconf 89' lang='lat' dir='ltr'><strong>stationem</strong></span> <span class='ocrx_word' id='word_1_260' title='bbox 1527 2820 1791 2878; x_wconf 90' lang='lat' dir='ltr'><strong>repetere,</strong></span> <span class='ocrx_word' id='word_1_261' title='bbox 1815 2819 1869 2865; x_wconf 92' lang='lat' dir='ltr'><strong>et</strong></span> <span class='ocrx_word' id='word_1_262' title='bbox 1894 2826 2019 2866; x_wconf 91' lang='lat' dir='ltr'><strong>cum</strong></span> 
     </span>
    </p>
   </div>
   <div class='ocr_carea' id='block_1_43' title="bbox 441 2893 2021 2964">
    <p class='ocr_par' dir='ltr' id='par_1_43' title="bbox 441 2893 2021 2964">
     <span class='ocr_line' id='line_1_43' title="bbox 441 2893 2021 2964; baseline 0.003 -14"><span class='ocrx_word' id='word_1_263' title='bbox 441 2897 852 2954; x_wconf 87' lang='lat' dir='ltr'><strong>catechumenis</strong></span> <span class='ocrx_word' id='word_1_264' title='bbox 915 2913 1115 2964; x_wconf 89' lang='lat' dir='ltr'><strong>orare,</strong></span> <span class='ocrx_word' id='word_1_265' title='bbox 1171 2909 1486 2955; x_wconf 85' lang='lat' dir='ltr'><strong>sanctorum</strong></span> <span class='ocrx_word' id='word_1_266' title='bbox 1527 2898 1746 2955; x_wconf 83' lang='lat' dir='ltr'><strong>Patrum</strong></span> <span class='ocrx_word' id='word_1_267' title='bbox 1802 2893 2021 2955; x_wconf 87' lang='lat' dir='ltr'><strong>décreto</strong></span> 
     </span>
    </p>
   </div>
   <div class='ocr_carea' id='block_1_44' title="bbox 444 2989 1830 3043">
    <p class='ocr_par' dir='ltr' id='par_1_44' title="bbox 444 2989 1830 3043">
     <span class='ocr_line' id='line_1_44' title="bbox 444 2989 1830 3043; baseline 0.007 -4"><span class='ocrx_word' id='word_1_268' title='bbox 444 2996 661 3042; x_wconf 75' lang='lat' dir='ltr'><strong>cautum</strong></span> <span class='ocrx_word' id='word_1_269' title='bbox 698 3001 800 3043; x_wconf 84' lang='lat' dir='ltr'><strong>est.</strong></span> <span class='ocrx_word' id='word_1_270' title='bbox 1828 2989 1830 2991; x_wconf 6' lang='grc' dir='ltr'><strong>ί</strong></span> 
     </span>
    </p>
   </div>
   <div class='ocr_carea' id='block_1_45' title="bbox 2121 1901 3708 1980">
    <p class='ocr_par' dir='ltr' id='par_1_45' title="bbox 2121 1901 3708 1980">
     <span class='ocr_line' id='line_1_45' title="bbox 2121 1901 3708 1980; baseline -0.008 -16"><span class='ocrx_word' id='word_1_271' title='bbox 2121 1909 2576 1980; x_wconf 82' lang='grc' dir='ltr'>κατηχουμένων,</span> <span class='ocrx_word' id='word_1_272' title='bbox 2613 1907 2778 1960; x_wconf 81' lang='grc' dir='ltr'>πάλιν</span> <span class='ocrx_word' id='word_1_273' title='bbox 2813 1903 3255 1974; x_wconf 75' lang='grc' dir='ltr'>ὑποστρέφοντα,</span> <span class='ocrx_word' id='word_1_274' title='bbox 3286 1903 3336 1954; x_wconf 76' lang='lat' dir='ltr'><strong>oi</strong></span> <span class='ocrx_word' id='word_1_275' title='bbox 3392 1901 3539 1969; x_wconf 75' lang='grc' dir='ltr'>ἅγιοι</span> <span class='ocrx_word' id='word_1_276' title='bbox 3589 1901 3708 1952; x_wconf 75' lang='grc' dir='ltr'><strong>[Ια-</strong></span> 
     </span>
    </p>
   </div>
   <div class='ocr_carea' id='block_1_46' title="bbox 2119 1992 3709 2073">
    <p class='ocr_par' dir='ltr' id='par_1_46' title="bbox 2119 1992 3709 2073">
     <span class='ocr_line' id='line_1_46' title="bbox 2119 1992 3709 2073; baseline -0.006 -18"><span class='ocrx_word' id='word_1_277' title='bbox 2119 2002 2277 2073; x_wconf 83' lang='grc' dir='ltr'>τέρες</span> <span class='ocrx_word' id='word_1_278' title='bbox 2302 1999 2655 2070; x_wconf 75' lang='grc' dir='ltr'><strong>διορίζονται,</strong></span> <span class='ocrx_word' id='word_1_279' title='bbox 2688 1997 2824 2050; x_wconf 80' lang='grc' dir='ltr'>ἀλλὰ</span> <span class='ocrx_word' id='word_1_280' title='bbox 2855 1997 3130 2067; x_wconf 85' lang='grc' dir='ltr'>πρότερον</span> <span class='ocrx_word' id='word_1_281' title='bbox 3162 1993 3256 2046; x_wconf 75' lang='grc' dir='ltr'><strong>ἐπὶ</strong></span> <span class='ocrx_word' id='word_1_282' title='bbox 3322 1992 3534 2064; x_wconf 75' lang='grc' dir='ltr'>τριετίᾳ</span> <span class='ocrx_word' id='word_1_283' title='bbox 3568 1992 3709 2057; x_wconf 74' lang='grc' dir='ltr'>ἔξω·</span> 
     </span>
    </p>
   </div>
   <div class='ocr_carea' id='block_1_47' title="bbox 2122 2089 3707 2161">
    <p class='ocr_par' dir='ltr' id='par_1_47' title="bbox 2122 2089 3707 2161">
     <span class='ocr_line' id='line_1_47' title="bbox 2122 2089 3707 2161; baseline -0.006 -12"><span class='ocrx_word' id='word_1_284' title='bbox 2122 2096 2214 2149; x_wconf 89' lang='grc' dir='ltr'><strong>θεν</strong></span> <span class='ocrx_word' id='word_1_285' title='bbox 2247 2095 2342 2148; x_wconf 82' lang='grc' dir='ltr'><strong>τοῦ</strong></span> <span class='ocrx_word' id='word_1_286' title='bbox 2396 2094 2526 2148; x_wconf 82' lang='grc' dir='ltr'>ναοῦ</span> <span class='ocrx_word' id='word_1_287' title='bbox 2587 2091 2840 2145; x_wconf 78' lang='grc' dir='ltr'>ἵστασθαι</span> <span class='ocrx_word' id='word_1_288' title='bbox 2899 2090 3040 2161; x_wconf 79' lang='grc' dir='ltr'>μετὰ</span> <span class='ocrx_word' id='word_1_289' title='bbox 3114 2089 3224 2142; x_wconf 82' lang='grc' dir='ltr'><strong>τῶν</strong></span> <span class='ocrx_word' id='word_1_290' title='bbox 3287 2089 3707 2158; x_wconf 79' lang='grc' dir='ltr'>ἀκροωμένωνο</span> 
     </span>
    </p>
   </div>
   <div class='ocr_carea' id='block_1_48' title="bbox 2123 2177 3710 2254">
    <p class='ocr_par' dir='ltr' id='par_1_48' title="bbox 2123 2177 3710 2254">
     <span class='ocr_line' id='line_1_48' title="bbox 2123 2177 3710 2254; baseline -0.003 -19"><span class='ocrx_word' id='word_1_291' title='bbox 2123 2181 2515 2254; x_wconf 75' lang='grc' dir='ltr'>πληρωθείσης</span> <span class='ocrx_word' id='word_1_292' title='bbox 2599 2180 2655 2233; x_wconf 84' lang='grc' dir='ltr'>δὲ</span> <span class='ocrx_word' id='word_1_293' title='bbox 2731 2180 2959 2246; x_wconf 81' lang='grc' dir='ltr'>ταύτης,</span> <span class='ocrx_word' id='word_1_294' title='bbox 3064 2177 3540 2232; x_wconf 82' lang='grc' dir='ltr'>ἀποκαθίστασθαι</span> <span class='ocrx_word' id='word_1_295' title='bbox 3623 2178 3710 2242; x_wconf 78' lang='grc' dir='ltr'><strong>είς</strong></span> 
     </span>
    </p>
   </div>
   <div class='ocr_carea' id='block_1_49' title="bbox 2121 2271 3715 2348">
    <p class='ocr_par' dir='ltr' id='par_1_49' title="bbox 2121 2271 3715 2348">
     <span class='ocr_line' id='line_1_49' title="bbox 2121 2271 3715 2348; baseline -0.003 -21"><span class='ocrx_word' id='word_1_296' title='bbox 2121 2276 2220 2345; x_wconf 82' lang='grc' dir='ltr'>τὴν</span> <span class='ocrx_word' id='word_1_297' title='bbox 2296 2275 2571 2348; x_wconf 77' lang='grc' dir='ltr'>προτέραν</span> <span class='ocrx_word' id='word_1_298' title='bbox 2660 2271 2815 2338; x_wconf 76' lang='grc' dir='ltr'>τάξιν</span> <span class='ocrx_word' id='word_1_299' title='bbox 2863 2272 2956 2325; x_wconf 57' lang='grc' dir='ltr'><strong>καὶ⁵</strong></span> <span class='ocrx_word' id='word_1_300' title='bbox 3039 2272 3234 2325; x_wconf 80' lang='grc' dir='ltr'>στάσιν</span> <span class='ocrx_word' id='word_1_301' title='bbox 3291 2271 3400 2323; x_wconf 80' lang='grc' dir='ltr'><strong>τῶν</strong></span> <span class='ocrx_word' id='word_1_302' title='bbox 3442 2286 3715 2340; x_wconf 76' lang='grc' dir='ltr'>κατηχού-</span> 
     </span>
    </p>
   </div>
   <div class='ocr_carea' id='block_1_50' title="bbox 2125 2367 2323 2436">
    <p class='ocr_par' dir='ltr' id='par_1_50' title="bbox 2125 2367 2323 2436">
     <span class='ocr_line' id='line_1_50' title="bbox 2125 2367 2323 2436; baseline 0.005 -19"><span class='ocrx_word' id='word_1_303' title='bbox 2125 2367 2323 2436; x_wconf 84' lang='grc' dir='ltr'>μένων.</span> 
     </span>
    </p>
   </div>
   <div class='ocr_carea' id='block_1_51' title="bbox 2197 2453 3714 2524">
    <p class='ocr_par' dir='ltr' id='par_1_51' title="bbox 2197 2453 3714 2524">
     <span class='ocr_line' id='line_1_51' title="bbox 2197 2453 3714 2524; baseline -0.003 -14"><span class='ocrx_word' id='word_1_304' title='bbox 2197 2456 2446 2510; x_wconf 81' lang='grc' dir='ltr'><strong>ΖΩΝΑΡ.</strong></span> <span class='ocrx_word' id='word_1_305' title='bbox 2483 2455 2609 2509; x_wconf 77' lang='grc' dir='ltr'><strong>Ἐάν</strong></span> <span class='ocrx_word' id='word_1_306' title='bbox 2641 2473 2789 2518; x_wconf 88' lang='grc' dir='ltr'>τινες</span> <span class='ocrx_word' id='word_1_307' title='bbox 2823 2453 3218 2524; x_wconf 82' lang='grc' dir='ltr'>προσελθόντες</span> <span class='ocrx_word' id='word_1_308' title='bbox 3265 2455 3330 2524; x_wconf 80' lang='grc' dir='ltr'><strong>τῇ</strong></span> <span class='ocrx_word' id='word_1_309' title='bbox 3374 2454 3579 2517; x_wconf 84' lang='grc' dir='ltr'>πίστει,</span> <span class='ocrx_word' id='word_1_310' title='bbox 3610 2453 3714 2506; x_wconf 77' lang='grc' dir='ltr'><strong>καὶ</strong></span> 
     </span>
    </p>
   </div>
   <div class='ocr_carea' id='block_1_52' title="bbox 2123 2543 3713 2617">
    <p class='ocr_par' dir='ltr' id='par_1_52' title="bbox 2123 2543 3713 2617">
     <span class='ocr_line' id='line_1_52' title="bbox 2123 2543 3713 2617; baseline -0.001 -19"><span class='ocrx_word' id='word_1_311' title='bbox 2123 2547 2408 2616; x_wconf 76' lang='grc' dir='ltr'>γενόμενοι</span> <span class='ocrx_word' id='word_1_312' title='bbox 2442 2546 2876 2617; x_wconf 82' lang='grc' dir='ltr'>κατηχούμενοι,</span> <span class='ocrx_word' id='word_1_313' title='bbox 2952 2545 3371 2617; x_wconf 78' lang='grc' dir='ltr'>παραπέσωσιν,</span> <span class='ocrx_word' id='word_1_314' title='bbox 3441 2543 3713 2596; x_wconf 72' lang='grc' dir='ltr'><strong>ὑποϐιῆἀ-</strong></span> 
     </span>
    </p>
   </div>
   <div class='ocr_carea' id='block_1_53' title="bbox 2124 2631 3712 2704">
    <p class='ocr_par' dir='ltr' id='par_1_53' title="bbox 2124 2631 3712 2704">
     <span class='ocr_line' id='line_1_53' title="bbox 2124 2631 3712 2704; baseline -0.003 -16"><span class='ocrx_word' id='word_1_315' title='bbox 2124 2634 2313 2698; x_wconf 84' lang='grc' dir='ltr'>ζεσθαι</span> <span class='ocrx_word' id='word_1_316' title='bbox 2339 2633 2437 2704; x_wconf 78' lang='grc' dir='ltr'><strong>τῆς</strong></span> <span class='ocrx_word' id='word_1_317' title='bbox 2471 2631 2678 2699; x_wconf 81' lang='grc' dir='ltr'>τάξεως</span> <span class='ocrx_word' id='word_1_318' title='bbox 2709 2634 2805 2688; x_wconf 77' lang='grc' dir='ltr'><strong>καὶ</strong></span> <span class='ocrx_word' id='word_1_319' title='bbox 2833 2634 2930 2703; x_wconf 73' lang='grc' dir='ltr'><strong>τῆς</strong></span> <span class='ocrx_word' id='word_1_320' title='bbox 2982 2633 3227 2696; x_wconf 80' lang='grc' dir='ltr'>στάσεως</span> <span class='ocrx_word' id='word_1_321' title='bbox 3263 2632 3372 2684; x_wconf 86' lang='grc' dir='ltr'>τῶν</span> <span class='ocrx_word' id='word_1_322' title='bbox 3429 2648 3712 2702; x_wconf 76' lang='grc' dir='ltr'>κατηχουο</span> 
     </span>
    </p>
   </div>
   <div class='ocr_carea' id='block_1_54' title="bbox 2131 2721 3716 2796">
    <p class='ocr_par' dir='ltr' id='par_1_54' title="bbox 2131 2721 3716 2796">
     <span class='ocr_line' id='line_1_54' title="bbox 2131 2721 3716 2796; baseline -0.001 -18"><span class='ocrx_word' id='word_1_323' title='bbox 2131 2727 2310 2795; x_wconf 77' lang='grc' dir='ltr'>μένων</span> <span class='ocrx_word' id='word_1_324' title='bbox 2354 2724 2673 2796; x_wconf 83' lang='grc' dir='ltr'>ὡρίσθησαν</span> <span class='ocrx_word' id='word_1_325' title='bbox 2695 2725 2848 2795; x_wconf 72' lang='grc' dir='ltr'>παρὰ</span> <span class='ocrx_word' id='word_1_326' title='bbox 2880 2721 2989 2778; x_wconf 82' lang='grc' dir='ltr'><strong>τῶν</strong></span> <span class='ocrx_word' id='word_1_327' title='bbox 3019 2723 3194 2794; x_wconf 83' lang='grc' dir='ltr'>ἁγίων</span> <span class='ocrx_word' id='word_1_328' title='bbox 3217 2723 3508 2792; x_wconf 81' lang='grc' dir='ltr'>Πατέρων,</span> <span class='ocrx_word' id='word_1_329' title='bbox 3537 2723 3630 2776; x_wconf 73' lang='grc' dir='ltr'>καὶ</span> <span class='ocrx_word' id='word_1_330' title='bbox 3649 2723 3716 2776; x_wconf 78' lang='grc' dir='ltr'>ἐν</span> 
     </span>
    </p>
   </div>
   <div class='ocr_carea' id='block_1_55' title="bbox 2125 2815 3715 2886">
    <p class='ocr_par' dir='ltr' id='par_1_55' title="bbox 2125 2815 3715 2886">
     <span class='ocr_line' id='line_1_55' title="bbox 2125 2815 3715 2886; baseline -0.001 -16"><span class='ocrx_word' id='word_1_331' title='bbox 2125 2819 2201 2886; x_wconf 80' lang='grc' dir='ltr'>τῷ</span> <span class='ocrx_word' id='word_1_332' title='bbox 2224 2818 2329 2871; x_wconf 84' lang='grc' dir='ltr'>τῶν</span> <span class='ocrx_word' id='word_1_333' title='bbox 2352 2818 2724 2886; x_wconf 81' lang='grc' dir='ltr'>ἀκροωμένων</span> <span class='ocrx_word' id='word_1_334' title='bbox 2751 2817 3014 2886; x_wconf 75' lang='grc' dir='ltr'>ἐπιτιμίῳ</span> <span class='ocrx_word' id='word_1_335' title='bbox 3041 2817 3287 2884; x_wconf 86' lang='grc' dir='ltr'>γίνεσθαι</span> <span class='ocrx_word' id='word_1_336' title='bbox 3321 2816 3413 2868; x_wconf 73' lang='grc' dir='ltr'><strong>ἐπὶ</strong></span> <span class='ocrx_word' id='word_1_337' title='bbox 3441 2815 3715 2885; x_wconf 82' lang='grc' dir='ltr'>τριετίαν,</span> 
     </span>
    </p>
   </div>
   <div class='ocr_carea' id='block_1_56' title="bbox 2131 2903 3717 2978">
    <p class='ocr_par' dir='ltr' id='par_1_56' title="bbox 2131 2903 3717 2978">
     <span class='ocr_line' id='line_1_56' title="bbox 2131 2903 3717 2978; baseline 0 -18"><span class='ocrx_word' id='word_1_338' title='bbox 2131 2903 2251 2961; x_wconf 74' lang='grc' dir='ltr'>εἶτα</span> <span class='ocrx_word' id='word_1_339' title='bbox 2318 2905 2482 2961; x_wconf 84' lang='grc' dir='ltr'>πάλιν</span> <span class='ocrx_word' id='word_1_340' title='bbox 2541 2907 2941 2978; x_wconf 76' lang='grc' dir='ltr'>ἐπανέρχεσθαι</span> <span class='ocrx_word' id='word_1_341' title='bbox 2965 2905 3102 2975; x_wconf 79' lang='grc' dir='ltr'>πρὸς</span> <span class='ocrx_word' id='word_1_342' title='bbox 3136 2905 3236 2974; x_wconf 80' lang='grc' dir='ltr'>τὴν</span> <span class='ocrx_word' id='word_1_343' title='bbox 3262 2905 3533 2975; x_wconf 80' lang='grc' dir='ltr'>προτέραν</span> <span class='ocrx_word' id='word_1_344' title='bbox 3555 2905 3717 2969; x_wconf 79' lang='grc' dir='ltr'>τάξιν</span> 
     </span>
    </p>
   </div>
   <div class='ocr_carea' id='block_1_57' title="bbox 2124 2993 3707 3064">
    <p class='ocr_par' dir='ltr' id='par_1_57' title="bbox 2124 2993 3707 3064">
     <span class='ocr_line' id='line_1_57' title="bbox 2124 2993 3707 3064; baseline -0.001 -15"><span class='ocrx_word' id='word_1_345' title='bbox 2124 2996 2220 3049; x_wconf 72' lang='grc' dir='ltr'>καὶ</span> <span class='ocrx_word' id='word_1_346' title='bbox 2260 2996 2472 3061; x_wconf 86' lang='grc' dir='ltr'>στάσιν,</span> <span class='ocrx_word' id='word_1_347' title='bbox 2545 2995 2641 3064; x_wconf 57' lang='grc' dir='ltr'>καὶ.</span> <span class='ocrx_word' id='word_1_348' title='bbox 2686 2995 3046 3064; x_wconf 72' lang='grc' dir='ltr'>συνεύχεσθαι</span> <span class='ocrx_word' id='word_1_349' title='bbox 3099 2996 3212 3058; x_wconf 86' lang='grc' dir='ltr'>τοῖς</span> <span class='ocrx_word' id='word_1_350' title='bbox 3247 2993 3707 3062; x_wconf 84' lang='grc' dir='ltr'>κατηχουμένοις.</span> 
     </span>
    </p>
   </div>
   <div class='ocr_carea' id='block_1_58' title="bbox 444 3077 2024 3181">
    <p class='ocr_par' dir='ltr' id='par_1_58' title="bbox 444 3077 2021 3153">
     <span class='ocr_line' id='line_1_58' title="bbox 444 3077 2021 3153; baseline 0.003 -19"><span class='ocrx_word' id='word_1_351' title='bbox 444 3077 676 3134; x_wconf 72' lang='grc' dir='ltr'><strong>ΑῘΠΒΤ.</strong></span> <span class='ocrx_word' id='word_1_352' title='bbox 711 3079 772 3135; x_wconf 73' lang='lat' dir='ltr'><strong>Si</strong></span> <span class='ocrx_word' id='word_1_353' title='bbox 816 3082 934 3151; x_wconf 84' lang='lat' dir='ltr'><strong>quis</strong></span> <span class='ocrx_word' id='word_1_354' title='bbox 967 3081 1362 3136; x_wconf 66' lang='lat' dir='ltr'><strong>calce/tumentis</strong></span> <span class='ocrx_word' id='word_1_355' title='bbox 1389 3084 1564 3152; x_wconf 86' lang='lat' dir='ltr'><strong>lapsus</strong></span> <span class='ocrx_word' id='word_1_356' title='bbox 1580 3086 1759 3153; x_wconf 82' lang='lat' dir='ltr'><strong>luerit,</strong></span> <span class='ocrx_word' id='word_1_357' title='bbox 1795 3093 1897 3143; x_wconf 85' lang='lat' dir='ltr'><strong>tres</strong></span> <span class='ocrx_word' id='word_1_358' title='bbox 1927 3087 2021 3141; x_wconf 84' lang='lat' dir='ltr'><strong>iste</strong></span> 
     </span>
    </p>
   </div>
   <div class='ocr_carea' id='block_1_59' title="bbox 2127 3077 3714 3181">
    <p class='ocr_par' dir='ltr' id='par_1_59' title="bbox 2127 3078 3714 3154">
     <span class='ocr_line' id='line_1_59' title="bbox 2127 3078 3714 3154; baseline -0.003 -15"><span class='ocrx_word' id='word_1_359' title='bbox 2127 3086 2346 3141; x_wconf 81' lang='grc' dir='ltr'><strong>ΑΡΙΣΤ.</strong></span> <span class='ocrx_word' id='word_1_360' title='bbox 2378 3085 2452 3139; x_wconf 75' lang='lat' dir='ltr'><strong>Et</strong></span> <span class='ocrx_word' id='word_1_361' title='bbox 2487 3103 2576 3152; x_wconf 84' lang='grc' dir='ltr'><strong>τις</strong></span> <span class='ocrx_word' id='word_1_362' title='bbox 2605 3086 2946 3154; x_wconf 81' lang='grc' dir='ltr'>παραπέσοι</span> <span class='ocrx_word' id='word_1_363' title='bbox 2994 3085 3484 3153; x_wconf 81' lang='grc' dir='ltr'>κατηχούμενος,</span> <span class='ocrx_word' id='word_1_364' title='bbox 3531 3078 3714 3148; x_wconf 76' lang='grc' dir='ltr'>οὗτος</span> 
     </span>
    </p>
   </div>
   <div class='ocr_carea' id='block_1_60' title="bbox 516 3174 2020 3244">
    <p class='ocr_par' dir='ltr' id='par_1_60' title="bbox 516 3174 2020 3244">
     <span class='ocr_line' id='line_1_60' title="bbox 516 3174 2020 3244; baseline 0.003 -17"><span class='ocrx_word' id='word_1_365' title='bbox 516 3188 682 3228; x_wconf 81' lang='lat' dir='ltr'><strong>annos</strong></span> <span class='ocrx_word' id='word_1_366' title='bbox 717 3174 899 3228; x_wconf 82' lang='lat' dir='ltr'><strong>audiat</strong></span> <span class='ocrx_word' id='word_1_367' title='bbox 927 3174 1081 3244; x_wconf 81' lang='lat' dir='ltr'><strong>idque</strong></span> <span class='ocrx_word' id='word_1_368' title='bbox 1123 3174 1316 3240; x_wconf 83' lang='lat' dir='ltr'><strong>solum,</strong></span> <span class='ocrx_word' id='word_1_369' title='bbox 1339 3177 1524 3231; x_wconf 86' lang='lat' dir='ltr'><strong>deinde</strong></span> <span class='ocrx_word' id='word_1_370' title='bbox 1593 3193 1710 3232; x_wconf 78' lang='lat' dir='ltr'><strong>eum</strong></span> <span class='ocrx_word' id='word_1_371' title='bbox 1775 3181 2020 3233; x_wconf 80' lang='lat' dir='ltr'><strong>catechu-</strong></span> 
     </span>
    </p>
   </div>
   <div class='ocr_carea' id='block_1_61' title="bbox 517 3276 864 3319">
    <p class='ocr_par' dir='ltr' id='par_1_61' title="bbox 517 3276 864 3319">
     <span class='ocr_line' id='line_1_61' title="bbox 517 3276 864 3319; baseline 0.006 -3"><span class='ocrx_word' id='word_1_372' title='bbox 517 3280 684 3319; x_wconf 85' lang='lat' dir='ltr'><strong>ments</strong></span> <span class='ocrx_word' id='word_1_373' title='bbox 729 3276 839 3318; x_wconf 77' lang='grc' dir='ltr'>ονει</span> <span class='ocrx_word' id='word_1_374' title='bbox 850 3304 864 3318; x_wconf 87' lang='grc'><strong>.</strong></span> 
     </span>
    </p>
   </div>
   <div class='ocr_carea' id='block_1_62' title="bbox 520 3355 2024 3428">
    <p class='ocr_par' dir='ltr' id='par_1_62' title="bbox 520 3355 2024 3428">
     <span class='ocr_line' id='line_1_62' title="bbox 520 3355 2024 3428; baseline 0.006 -20"><span class='ocrx_word' id='word_1_375' title='bbox 520 3355 650 3409; x_wconf 72' lang='lat' dir='ltr'><strong>Dum</strong></span> <span class='ocrx_word' id='word_1_376' title='bbox 697 3367 824 3410; x_wconf 90' lang='lat' dir='ltr'><strong>sunt</strong></span> <span class='ocrx_word' id='word_1_377' title='bbox 885 3357 1094 3428; x_wconf 87' lang='lat' dir='ltr'><strong>species</strong></span> <span class='ocrx_word' id='word_1_378' title='bbox 1148 3358 1712 3415; x_wconf 80' lang='lat' dir='ltr'><strong>catecltumenorum:</strong></span> <span class='ocrx_word' id='word_1_379' title='bbox 1781 3361 2024 3417; x_wconf 87' lang='lat' dir='ltr'><strong>nonnulli</strong></span> 
     </span>
    </p>
   </div>
   <div class='ocr_carea' id='block_1_63' title="bbox 451 3445 2024 3523">
    <p class='ocr_par' dir='ltr' id='par_1_63' title="bbox 451 3445 2024 3523">
     <span class='ocr_line' id='line_1_63' title="bbox 451 3445 2024 3523; baseline 0.006 -23"><span class='ocrx_word' id='word_1_380' title='bbox 451 3446 599 3501; x_wconf 84' lang='lat' dir='ltr'><strong>enim</strong></span> <span class='ocrx_word' id='word_1_381' title='bbox 631 3447 791 3503; x_wconf 91' lang='lat' dir='ltr'><strong>modo</strong></span> <span class='ocrx_word' id='word_1_382' title='bbox 817 3445 1178 3512; x_wconf 89' lang='lat' dir='ltr'><strong>advenerunt,</strong></span> <span class='ocrx_word' id='word_1_383' title='bbox 1210 3449 1298 3504; x_wconf 89' lang='lat' dir='ltr'><strong>alii</strong></span> <span class='ocrx_word' id='word_1_384' title='bbox 1328 3462 1621 3506; x_wconf 88' lang='lat' dir='ltr'><strong>evaserunt</strong></span> <span class='ocrx_word' id='word_1_385' title='bbox 1649 3453 2024 3523; x_wconf 81' lang='lat' dir='ltr'><strong>perfectiores,</strong></span> 
     </span>
    </p>
   </div>
   <div class='ocr_carea' id='block_1_64' title="bbox 454 3535 2026 3620">
    <p class='ocr_par' dir='ltr' id='par_1_64' title="bbox 454 3535 2026 3620">
     <span class='ocr_line' id='line_1_64' title="bbox 454 3535 2026 3620; baseline 0.006 -29"><span class='ocrx_word' id='word_1_386' title='bbox 454 3536 509 3591; x_wconf 83' lang='lat' dir='ltr'><strong>in</strong></span> <span class='ocrx_word' id='word_1_387' title='bbox 546 3535 651 3592; x_wconf 88' lang='lat' dir='ltr'><strong>llde</strong></span> <span class='ocrx_word' id='word_1_388' title='bbox 688 3537 1021 3620; x_wconf 73' lang='lat' dir='ltr'><strong>sufﬁcienter</strong></span> <span class='ocrx_word' id='word_1_389' title='bbox 1051 3539 1274 3595; x_wconf 90' lang='lat' dir='ltr'><strong>initiati.</strong></span> <span class='ocrx_word' id='word_1_390' title='bbox 1325 3541 1622 3598; x_wconf 79' lang='lat' dir='ltr'><strong>l’erl&#39;ectior</strong></span> <span class='ocrx_word' id='word_1_391' title='bbox 1667 3545 1846 3614; x_wconf 89' lang='lat' dir='ltr'><strong>itaque</strong></span> <span class='ocrx_word' id='word_1_392' title='bbox 1874 3554 2026 3600; x_wconf 86' lang='lat' dir='ltr'><strong>cate-</strong></span> 
     </span>
    </p>
   </div>
   <div class='ocr_carea' id='block_1_65' title="bbox 454 3629 2028 3704">
    <p class='ocr_par' dir='ltr' id='par_1_65' title="bbox 454 3629 2028 3704">
     <span class='ocr_line' id='line_1_65' title="bbox 454 3629 2028 3704; baseline 0.004 -20"><span class='ocrx_word' id='word_1_393' title='bbox 454 3631 755 3685; x_wconf 88' lang='lat' dir='ltr'><strong>chumenus</strong></span> <span class='ocrx_word' id='word_1_394' title='bbox 781 3629 967 3700; x_wconf 89' lang='lat' dir='ltr'><strong>lapsus</strong></span> <span class='ocrx_word' id='word_1_395' title='bbox 999 3640 1052 3687; x_wconf 82' lang='lat' dir='ltr'><strong>et</strong></span> <span class='ocrx_word' id='word_1_396' title='bbox 1073 3647 1300 3700; x_wconf 88' lang='lat' dir='ltr'><strong>peccans</strong></span> <span class='ocrx_word' id='word_1_397' title='bbox 1329 3634 1448 3690; x_wconf 89' lang='lat' dir='ltr'><strong>sine</strong></span> <span class='ocrx_word' id='word_1_398' title='bbox 1474 3636 1897 3704; x_wconf 87' lang='lat' dir='ltr'><strong>reprehensione</strong></span> <span class='ocrx_word' id='word_1_399' title='bbox 1923 3651 2028 3691; x_wconf 92' lang='lat' dir='ltr'><strong>non</strong></span> 
     </span>
    </p>
   </div>
   <div class='ocr_carea' id='block_1_66' title="bbox 455 3722 2028 3796">
    <p class='ocr_par' dir='ltr' id='par_1_66' title="bbox 455 3722 2028 3796">
     <span class='ocr_line' id='line_1_66' title="bbox 455 3722 2028 3796; baseline 0.005 -19"><span class='ocrx_word' id='word_1_400' title='bbox 455 3722 803 3791; x_wconf 84' lang='lat' dir='ltr'><strong>relinquitur,</strong></span> <span class='ocrx_word' id='word_1_401' title='bbox 857 3723 1070 3779; x_wconf 83' lang='lat' dir='ltr'><strong>tametsi</strong></span> <span class='ocrx_word' id='word_1_402' title='bbox 1123 3740 1336 3781; x_wconf 90' lang='lat' dir='ltr'><strong>sacrum</strong></span> <span class='ocrx_word' id='word_1_403' title='bbox 1373 3727 1642 3796; x_wconf 84' lang='lat' dir='ltr'><strong>baptisma</strong></span> <span class='ocrx_word' id='word_1_404' title='bbox 1699 3728 1766 3782; x_wconf 87' lang='lat' dir='ltr'><strong>ad</strong></span> <span class='ocrx_word' id='word_1_405' title='bbox 1813 3743 2028 3785; x_wconf 86' lang='lat' dir='ltr'><strong>omnem</strong></span> 
     </span>
    </p>
   </div>
   <div class='ocr_carea' id='block_1_67' title="bbox 457 3817 2033 3888">
    <p class='ocr_par' dir='ltr' id='par_1_67' title="bbox 457 3817 2033 3888">
     <span class='ocr_line' id='line_1_67' title="bbox 457 3817 2033 3888; baseline 0.004 -18"><span class='ocrx_word' id='word_1_406' title='bbox 457 3817 773 3872; x_wconf 82' lang='lat' dir='ltr'><strong>diluendam</strong></span> <span class='ocrx_word' id='word_1_407' title='bbox 820 3823 1036 3873; x_wconf 83' lang='lat' dir='ltr'><strong>sordem</strong></span> <span class='ocrx_word' id='word_1_408' title='bbox 1085 3819 1363 3875; x_wconf 85' lang='lat' dir='ltr'><strong>sutliciens</strong></span> <span class='ocrx_word' id='word_1_409' title='bbox 1385 3821 1473 3888; x_wconf 85' lang='lat' dir='ltr'><strong>sit,</strong></span> <span class='ocrx_word' id='word_1_410' title='bbox 1503 3822 1598 3876; x_wconf 89' lang='lat' dir='ltr'><strong>sed</strong></span> <span class='ocrx_word' id='word_1_411' title='bbox 1639 3821 1780 3876; x_wconf 90' lang='lat' dir='ltr'><strong>inter</strong></span> <span class='ocrx_word' id='word_1_412' title='bbox 1804 3823 2033 3876; x_wconf 88' lang='lat' dir='ltr'><strong>audien-</strong></span> 
     </span>
    </p>
   </div>
   <div class='ocr_carea' id='block_1_68' title="bbox 461 3908 2034 3979">
    <p class='ocr_par' dir='ltr' id='par_1_68' title="bbox 461 3908 2034 3979">
     <span class='ocr_line' id='line_1_68' title="bbox 461 3908 2034 3979; baseline 0.007 -20"><span class='ocrx_word' id='word_1_413' title='bbox 461 3917 544 3964; x_wconf 88' lang='lat' dir='ltr'><strong>tes</strong></span> <span class='ocrx_word' id='word_1_414' title='bbox 577 3908 896 3978; x_wconf 87' lang='lat' dir='ltr'><strong>collocatur,</strong></span> <span class='ocrx_word' id='word_1_415' title='bbox 926 3920 979 3964; x_wconf 88' lang='lat' dir='ltr'><strong>et</strong></span> <span class='ocrx_word' id='word_1_416' title='bbox 1011 3919 1130 3979; x_wconf 87' lang='lat' dir='ltr'><strong>post</strong></span> <span class='ocrx_word' id='word_1_417' title='bbox 1155 3911 1442 3966; x_wconf 88' lang='lat' dir='ltr'><strong>triennium</strong></span> <span class='ocrx_word' id='word_1_418' title='bbox 1478 3927 1602 3967; x_wconf 91' lang='lat' dir='ltr'><strong>cum</strong></span> <span class='ocrx_word' id='word_1_419' title='bbox 1627 3912 2034 3970; x_wconf 77' lang='lat' dir='ltr'><strong>eatechumenis</strong></span> 
     </span>
    </p>
   </div>
   <div class='ocr_carea' id='block_1_69' title="bbox 461 4000 2034 4073">
    <p class='ocr_par' dir='ltr' id='par_1_69' title="bbox 461 4000 2034 4073">
     <span class='ocr_line' id='line_1_69' title="bbox 461 4000 2034 4073; baseline 0.004 -20"><span class='ocrx_word' id='word_1_420' title='bbox 461 4015 680 4054; x_wconf 72' lang='lat' dir='ltr'><strong>rursum</strong></span> <span class='ocrx_word' id='word_1_421' title='bbox 731 4011 1005 4068; x_wconf 86' lang='lat' dir='ltr'><strong>precatur.</strong></span> <span class='ocrx_word' id='word_1_422' title='bbox 1043 4000 1236 4067; x_wconf 74' lang='lat' dir='ltr'><strong>Quaere</strong></span> <span class='ocrx_word' id='word_1_423' title='bbox 1268 4011 1324 4057; x_wconf 89' lang='lat' dir='ltr'><strong>et</strong></span> <span class='ocrx_word' id='word_1_424' title='bbox 1358 4003 1548 4073; x_wconf 83' lang='lat' dir='ltr'><strong>synodi</strong></span> <span class='ocrx_word' id='word_1_425' title='bbox 1577 4003 2034 4060; x_wconf 74' lang='lat' dir='ltr'><strong>Neoca-sariensis</strong></span> 
     </span>
    </p>
   </div>
   <div class='ocr_carea' id='block_1_70' title="bbox 462 4091 674 4146">
    <p class='ocr_par' dir='ltr' id='par_1_70' title="bbox 462 4091 674 4146">
     <span class='ocr_line' id='line_1_70' title="bbox 462 4091 674 4146; baseline 0.019 -4"><span class='ocrx_word' id='word_1_426' title='bbox 462 4104 587 4145; x_wconf 79' lang='lat' dir='ltr'><strong>can.</strong></span> <span class='ocrx_word' id='word_1_427' title='bbox 621 4091 674 4146; x_wconf 86' lang='lat'><strong>5.</strong></span> 
     </span>
    </p>
   </div>
   <div class='ocr_carea' id='block_1_71' title="bbox 1055 4179 1443 4238">
    <p class='ocr_par' dir='ltr' id='par_1_71' title="bbox 1055 4179 1443 4238">
     <span class='ocr_line' id='line_1_71' title="bbox 1055 4179 1443 4238; baseline 0.003 -1"><span class='ocrx_word' id='word_1_428' title='bbox 1055 4181 1286 4238; x_wconf 77' lang='lat' dir='ltr'><strong>CANON</strong></span> <span class='ocrx_word' id='word_1_429' title='bbox 1327 4179 1443 4238; x_wconf 80' lang='lat' dir='ltr'><strong>XV.</strong></span> 
     </span>
    </p>
   </div>
   <div class='ocr_carea' id='block_1_72' title="bbox 463 4274 2036 4348">
    <p class='ocr_par' dir='ltr' id='par_1_72' title="bbox 463 4274 2036 4348">
     <span class='ocr_line' id='line_1_72' title="bbox 463 4274 2036 4348; baseline 0.003 -22"><span class='ocrx_word' id='word_1_430' title='bbox 463 4276 689 4344; x_wconf 72' lang='lat' dir='ltr'><strong>Propter</strong></span> <span class='ocrx_word' id='word_1_431' title='bbox 732 4274 956 4329; x_wconf 77' lang='lat' dir='ltr'><strong>multum</strong></span> <span class='ocrx_word' id='word_1_432' title='bbox 998 4277 1302 4343; x_wconf 73' lang='lat' dir='ltr'><strong>tumultum,</strong></span> <span class='ocrx_word' id='word_1_433' title='bbox 1342 4287 1389 4331; x_wconf 87' lang='lat' dir='ltr'><strong>et</strong></span> <span class='ocrx_word' id='word_1_434' title='bbox 1421 4277 1700 4334; x_wconf 78' lang='lat' dir='ltr'><strong>seditiones</strong></span> <span class='ocrx_word' id='word_1_435' title='bbox 1730 4295 1847 4348; x_wconf 73' lang='lat' dir='ltr'><strong>qua:</strong></span> <span class='ocrx_word' id='word_1_436' title='bbox 1879 4275 2036 4347; x_wconf 73' lang='lat' dir='ltr'><strong>ﬁunt,</strong></span> 
     </span>
    </p>
   </div>
   <div class='ocr_carea' id='block_1_73' title="bbox 534 4369 2034 4442">
    <p class='ocr_par' dir='ltr' id='par_1_73' title="bbox 534 4369 2034 4442">
     <span class='ocr_line' id='line_1_73' title="bbox 534 4369 2034 4442; baseline 0.002 -22"><span class='ocrx_word' id='word_1_437' title='bbox 534 4370 745 4423; x_wconf 81' lang='lat' dir='ltr'><strong>omnino</strong></span> <span class='ocrx_word' id='word_1_438' title='bbox 774 4369 940 4423; x_wconf 81' lang='lat' dir='ltr'><strong>visum</strong></span> <span class='ocrx_word' id='word_1_439' title='bbox 981 4379 1080 4433; x_wconf 86' lang='lat' dir='ltr'><strong>est,</strong></span> <span class='ocrx_word' id='word_1_440' title='bbox 1105 4379 1162 4423; x_wconf 86' lang='lat' dir='ltr'><strong>ut</strong></span> <span class='ocrx_word' id='word_1_441' title='bbox 1187 4373 1506 4424; x_wconf 81' lang='lat' dir='ltr'><strong>consuetudo</strong></span> <span class='ocrx_word' id='word_1_442' title='bbox 1522 4388 1638 4442; x_wconf 74' lang='lat' dir='ltr'><strong>qua:</strong></span> <span class='ocrx_word' id='word_1_443' title='bbox 1670 4383 1860 4439; x_wconf 62' lang='lat' dir='ltr'><strong>preter</strong></span> <span class='ocrx_word' id='word_1_444' title='bbox 1875 4387 2034 4424; x_wconf 73' lang='lat' dir='ltr'><strong>cano-</strong></span> 
     </span>
    </p>
   </div>
   <div class='ocr_carea' id='block_1_74' title="bbox 2193 3171 3717 3245">
    <p class='ocr_par' dir='ltr' id='par_1_74' title="bbox 2193 3171 3717 3245">
     <span class='ocr_line' id='line_1_74' title="bbox 2193 3171 3717 3245; baseline -0.001 -17"><span class='ocrx_word' id='word_1_445' title='bbox 2193 3176 2396 3244; x_wconf 72' lang='grc' dir='ltr'>τρισὶν</span> <span class='ocrx_word' id='word_1_446' title='bbox 2448 3174 2762 3243; x_wconf 81' lang='grc' dir='ltr'>ἀκροάσθω</span> <span class='ocrx_word' id='word_1_447' title='bbox 2806 3175 2906 3228; x_wconf 74' lang='grc' dir='ltr'>καὶ</span> <span class='ocrx_word' id='word_1_448' title='bbox 2957 3175 3180 3245; x_wconf 84' lang='grc' dir='ltr'>μόνον·</span> <span class='ocrx_word' id='word_1_449' title='bbox 3228 3174 3356 3228; x_wconf 76' lang='grc' dir='ltr'>εἶτα</span> <span class='ocrx_word' id='word_1_450' title='bbox 3406 3173 3554 3243; x_wconf 83' lang='grc' dir='ltr'>μετὰ</span> <span class='ocrx_word' id='word_1_451' title='bbox 3590 3171 3717 3226; x_wconf 84' lang='grc' dir='ltr'><strong>τῶν</strong></span> 
     </span>
    </p>
   </div>
   <div class='ocr_carea' id='block_1_75' title="bbox 2196 3267 2993 3337">
    <p class='ocr_par' dir='ltr' id='par_1_75' title="bbox 2196 3267 2993 3337">
     <span class='ocr_line' id='line_1_75' title="bbox 2196 3267 2993 3337; baseline -0.001 -14"><span class='ocrx_word' id='word_1_452' title='bbox 2196 3267 2659 3337; x_wconf 81' lang='grc' dir='ltr'>κατηχουμένων</span> <span class='ocrx_word' id='word_1_453' title='bbox 2699 3267 2993 3336; x_wconf 80' lang='grc' dir='ltr'>εὐχέσθω.</span> 
     </span>
    </p>
   </div>
   <div class='ocr_carea' id='block_1_76' title="bbox 2197 3356 3714 3429">
    <p class='ocr_par' dir='ltr' id='par_1_76' title="bbox 2197 3356 3714 3429">
     <span class='ocr_line' id='line_1_76' title="bbox 2197 3356 3714 3429; baseline -0.002 -17"><span class='ocrx_word' id='word_1_454' title='bbox 2197 3362 2301 3413; x_wconf 90' lang='grc' dir='ltr'>Δύο</span> <span class='ocrx_word' id='word_1_455' title='bbox 2351 3357 2464 3428; x_wconf 76' lang='grc' dir='ltr'>εἴδη</span> <span class='ocrx_word' id='word_1_456' title='bbox 2531 3358 2640 3412; x_wconf 87' lang='grc' dir='ltr'><strong>τῶν</strong></span> <span class='ocrx_word' id='word_1_457' title='bbox 2703 3361 3156 3429; x_wconf 76' lang='grc' dir='ltr'>κατηχουμένων.</span> <span class='ocrx_word' id='word_1_458' title='bbox 3203 3360 3267 3414; x_wconf 81' lang='grc' dir='ltr'>Οί</span> <span class='ocrx_word' id='word_1_459' title='bbox 3318 3356 3422 3428; x_wconf 83' lang='grc' dir='ltr'>μὲν</span> <span class='ocrx_word' id='word_1_460' title='bbox 3451 3359 3562 3426; x_wconf 78' lang='grc' dir='ltr'>γὰρ</span> <span class='ocrx_word' id='word_1_461' title='bbox 3587 3356 3714 3427; x_wconf 77' lang='grc' dir='ltr'>ἄρτι</span> 
     </span>
    </p>
   </div>
   <div class='ocr_carea' id='block_1_77' title="bbox 2128 3449 3718 3524">
    <p class='ocr_par' dir='ltr' id='par_1_77' title="bbox 2128 3449 3718 3524">
     <span class='ocr_line' id='line_1_77' title="bbox 2128 3449 3718 3524; baseline -0.005 -17"><span class='ocrx_word' id='word_1_462' title='bbox 2128 3452 2555 3524; x_wconf 79' lang='grc' dir='ltr'>προσέρχονται,</span> <span class='ocrx_word' id='word_1_463' title='bbox 2597 3451 2648 3504; x_wconf 89' lang='grc' dir='ltr'>οἱ</span> <span class='ocrx_word' id='word_1_464' title='bbox 2683 3450 2738 3502; x_wconf 84' lang='grc' dir='ltr'>δὲ</span> <span class='ocrx_word' id='word_1_465' title='bbox 2759 3449 3374 3521; x_wconf 83' lang='grc' dir='ltr'>γεγόνασιτελεώτεροι,</span> <span class='ocrx_word' id='word_1_466' title='bbox 3409 3449 3496 3518; x_wconf 71' lang='grc' dir='ltr'><strong>ἐφ’</strong></span> <span class='ocrx_word' id='word_1_467' title='bbox 3533 3449 3718 3502; x_wconf 74' lang='grc' dir='ltr'>ἱκανὸν</span> 
     </span>
    </p>
   </div>
   <div class='ocr_carea' id='block_1_78' title="bbox 2129 3543 3714 3615">
    <p class='ocr_par' dir='ltr' id='par_1_78' title="bbox 2129 3543 3714 3615">
     <span class='ocr_line' id='line_1_78' title="bbox 2129 3543 3714 3615; baseline -0.003 -17"><span class='ocrx_word' id='word_1_468' title='bbox 2129 3544 2196 3598; x_wconf 79' lang='grc' dir='ltr'>τὰ</span> <span class='ocrx_word' id='word_1_469' title='bbox 2224 3545 2322 3614; x_wconf 82' lang='grc' dir='ltr'>τῆς</span> <span class='ocrx_word' id='word_1_470' title='bbox 2361 3545 2596 3606; x_wconf 86' lang='grc' dir='ltr'>πίστεως</span> <span class='ocrx_word' id='word_1_471' title='bbox 2626 3544 2951 3615; x_wconf 79' lang='grc' dir='ltr'>μυηθέντες.</span> <span class='ocrx_word' id='word_1_472' title='bbox 2991 3544 3051 3597; x_wconf 76' lang='grc' dir='ltr'><strong>Ὀ</strong></span> <span class='ocrx_word' id='word_1_473' title='bbox 3083 3543 3216 3612; x_wconf 76' lang='grc' dir='ltr'>γοῦν</span> <span class='ocrx_word' id='word_1_474' title='bbox 3249 3543 3581 3614; x_wconf 83' lang='grc' dir='ltr'>τελεώτερος</span> <span class='ocrx_word' id='word_1_475' title='bbox 3608 3559 3714 3595; x_wconf 83' lang='grc' dir='ltr'>κα-</span> 
     </span>
    </p>
   </div>
   <div class='ocr_carea' id='block_1_79' title="bbox 2129 3633 3717 3712">
    <p class='ocr_par' dir='ltr' id='par_1_79' title="bbox 2129 3633 3717 3712">
     <span class='ocr_line' id='line_1_79' title="bbox 2129 3633 3717 3712; baseline -0.003 -24"><span class='ocrx_word' id='word_1_476' title='bbox 2129 3637 2490 3706; x_wconf 73' lang='grc' dir='ltr'>τηχούμενος,</span> <span class='ocrx_word' id='word_1_477' title='bbox 2514 3636 2850 3707; x_wconf 76' lang='grc' dir='ltr'>παραπεσὼν</span> <span class='ocrx_word' id='word_1_478' title='bbox 2879 3635 2974 3689; x_wconf 76' lang='grc' dir='ltr'>καὶ</span> <span class='ocrx_word' id='word_1_479' title='bbox 3007 3636 3347 3712; x_wconf 80' lang='grc' dir='ltr'>ἁμαρτήσας</span> <span class='ocrx_word' id='word_1_480' title='bbox 3380 3633 3717 3702; x_wconf 73' lang='grc' dir='ltr'>ἀνεπιτίμηο</span> 
     </span>
    </p>
   </div>
   <div class='ocr_carea' id='block_1_80' title="bbox 2131 3725 3720 3797">
    <p class='ocr_par' dir='ltr' id='par_1_80' title="bbox 2131 3725 3720 3797">
     <span class='ocr_line' id='line_1_80' title="bbox 2131 3725 3720 3797; baseline -0.001 -17"><span class='ocrx_word' id='word_1_481' title='bbox 2131 3745 2223 3790; x_wconf 85' lang='grc' dir='ltr'><strong>τος</strong></span> <span class='ocrx_word' id='word_1_482' title='bbox 2249 3728 2350 3780; x_wconf 84' lang='grc' dir='ltr'>οὒκ</span> <span class='ocrx_word' id='word_1_483' title='bbox 2381 3729 2566 3795; x_wconf 78' lang='grc' dir='ltr'>ἐᾶται,</span> <span class='ocrx_word' id='word_1_484' title='bbox 2611 3730 2716 3782; x_wconf 69' lang='grc' dir='ltr'>κᾶν</span> <span class='ocrx_word' id='word_1_485' title='bbox 2756 3728 2941 3783; x_wconf 75' lang='grc' dir='ltr'>καὶτὸ</span> <span class='ocrx_word' id='word_1_486' title='bbox 2993 3729 3151 3796; x_wconf 77' lang='grc' dir='ltr'>ἅγιον</span> <span class='ocrx_word' id='word_1_487' title='bbox 3199 3728 3487 3797; x_wconf 73' lang='grc' dir='ltr'>βάπτισμα</span> <span class='ocrx_word' id='word_1_488' title='bbox 3528 3725 3720 3779; x_wconf 76' lang='grc' dir='ltr'>ἱκανόν</span> 
     </span>
    </p>
   </div>
   <div class='ocr_carea' id='block_1_81' title="bbox 2135 3818 3720 3893">
    <p class='ocr_par' dir='ltr' id='par_1_81' title="bbox 2135 3818 3720 3893">
     <span class='ocr_line' id='line_1_81' title="bbox 2135 3818 3720 3893; baseline -0.003 -19"><span class='ocrx_word' id='word_1_489' title='bbox 2135 3821 2249 3874; x_wconf 74' lang='grc' dir='ltr'>ἐστι</span> <span class='ocrx_word' id='word_1_490' title='bbox 2304 3821 2482 3875; x_wconf 75' lang='grc' dir='ltr'>πάντα</span> <span class='ocrx_word' id='word_1_491' title='bbox 2525 3821 2696 3893; x_wconf 78' lang='grc' dir='ltr'>ῥύπον</span> <span class='ocrx_word' id='word_1_492' title='bbox 2735 3822 2968 3892; x_wconf 73' lang='grc' dir='ltr'>ψυχικὸν</span> <span class='ocrx_word' id='word_1_493' title='bbox 3012 3820 3360 3875; x_wconf 80' lang='grc' dir='ltr'>ἀποπλῦναι·</span> <span class='ocrx_word' id='word_1_494' title='bbox 3401 3818 3538 3872; x_wconf 79' lang='grc' dir='ltr'>ἀλλὰ</span> <span class='ocrx_word' id='word_1_495' title='bbox 3576 3818 3720 3885; x_wconf 73' lang='grc' dir='ltr'>μετὰ</span> 
     </span>
    </p>
   </div>
   <div class='ocr_carea' id='block_1_82' title="bbox 2135 3910 3723 3984">
    <p class='ocr_par' dir='ltr' id='par_1_82' title="bbox 2135 3910 3723 3984">
     <span class='ocr_line' id='line_1_82' title="bbox 2135 3910 3723 3984; baseline -0.002 -17"><span class='ocrx_word' id='word_1_496' title='bbox 2135 3913 2244 3967; x_wconf 86' lang='grc' dir='ltr'>τῶν</span> <span class='ocrx_word' id='word_1_497' title='bbox 2297 3913 2666 3984; x_wconf 83' lang='grc' dir='ltr'>ἀκροωμένων</span> <span class='ocrx_word' id='word_1_498' title='bbox 2713 3912 3097 3978; x_wconf 80' lang='grc' dir='ltr'>συντάττεται,</span> <span class='ocrx_word' id='word_1_499' title='bbox 3153 3912 3250 3966; x_wconf 67' lang='grc' dir='ltr'><strong>καὶ⁵</strong></span> <span class='ocrx_word' id='word_1_500' title='bbox 3299 3912 3436 3982; x_wconf 78' lang='grc' dir='ltr'>μετὰ</span> <span class='ocrx_word' id='word_1_501' title='bbox 3477 3910 3723 3980; x_wconf 81' lang='grc' dir='ltr'>τριετίαν</span> 
     </span>
    </p>
   </div>
   <div class='ocr_carea' id='block_1_83' title="bbox 2141 3999 3718 4077">
    <p class='ocr_par' dir='ltr' id='par_1_83' title="bbox 2141 3999 3718 4077">
     <span class='ocr_line' id='line_1_83' title="bbox 2141 3999 3718 4077; baseline -0.003 -18"><span class='ocrx_word' id='word_1_502' title='bbox 2141 4007 2279 4077; x_wconf 76' lang='grc' dir='ltr'>μετὰ</span> <span class='ocrx_word' id='word_1_503' title='bbox 2320 4007 2428 4059; x_wconf 78' lang='grc' dir='ltr'><strong>τῶν</strong></span> <span class='ocrx_word' id='word_1_504' title='bbox 2456 4006 2881 4077; x_wconf 83' lang='grc' dir='ltr'>κατηχουμένων</span> <span class='ocrx_word' id='word_1_505' title='bbox 2911 3999 3066 4067; x_wconf 81' lang='grc' dir='ltr'>αὖθις</span> <span class='ocrx_word' id='word_1_506' title='bbox 3095 4002 3436 4074; x_wconf 83' lang='grc' dir='ltr'>συνεύχεται.</span> <span class='ocrx_word' id='word_1_507' title='bbox 3468 4005 3578 4058; x_wconf 66' lang='grc' dir='ltr'>Καὶ</span> <span class='ocrx_word' id='word_1_508' title='bbox 3612 4001 3718 4071; x_wconf 59' lang='lat' dir='ltr'><strong>Cf)-</strong></span> 
     </span>
    </p>
   </div>
   <div class='ocr_carea' id='block_1_84' title="bbox 2137 4093 3434 4169">
    <p class='ocr_par' dir='ltr' id='par_1_84' title="bbox 2137 4093 3434 4169">
     <span class='ocr_line' id='line_1_84' title="bbox 2137 4093 3434 4169; baseline -0.001 -17"><span class='ocrx_word' id='word_1_509' title='bbox 2137 4117 2219 4152; x_wconf 86' lang='grc' dir='ltr'><strong>τει</strong></span> <span class='ocrx_word' id='word_1_510' title='bbox 2257 4099 2352 4169; x_wconf 81' lang='grc' dir='ltr'><strong>τῆς</strong></span> <span class='ocrx_word' id='word_1_511' title='bbox 2381 4098 2439 4152; x_wconf 84' lang='grc' dir='ltr'>ὲν</span> <span class='ocrx_word' id='word_1_512' title='bbox 2465 4097 2869 4167; x_wconf 84' lang='grc' dir='ltr'>Νεοκαισαρείᾳ</span> <span class='ocrx_word' id='word_1_513' title='bbox 2903 4096 3122 4150; x_wconf 79' lang='grc' dir='ltr'>συνόδου</span> <span class='ocrx_word' id='word_1_514' title='bbox 3150 4097 3352 4151; x_wconf 72' lang='grc' dir='ltr'>κανόνα</span> <span class='ocrx_word' id='word_1_515' title='bbox 3375 4093 3434 4151; x_wconf 84' lang='grc' dir='ltr'>ε’.</span> 
     </span>
    </p>
   </div>
   <div class='ocr_carea' id='block_1_85' title="bbox 2737 4188 3116 4244">
    <p class='ocr_par' dir='ltr' id='par_1_85' title="bbox 2737 4188 3116 4244">
     <span class='ocr_line' id='line_1_85' title="bbox 2737 4188 3116 4244; baseline 0 0"><span class='ocrx_word' id='word_1_516' title='bbox 2737 4190 2977 4244; x_wconf 81' lang='grc' dir='ltr'><strong>ΚΑΝΩΝ</strong></span> <span class='ocrx_word' id='word_1_517' title='bbox 3017 4188 3116 4244; x_wconf 85' lang='grc' dir='ltr'><strong>1Ε’.</strong></span> 
     </span>
    </p>
   </div>
   <div class='ocr_carea' id='block_1_86' title="bbox 2141 4280 3728 4350">
    <p class='ocr_par' dir='ltr' id='par_1_86' title="bbox 2141 4280 3728 4350">
     <span class='ocr_line' id='line_1_86' title="bbox 2141 4280 3728 4350; baseline -0.005 -11"><span class='ocrx_word' id='word_1_518' title='bbox 2141 4284 2246 4339; x_wconf 86' lang='grc' dir='ltr'><strong>Διὰ</strong></span> <span class='ocrx_word' id='word_1_519' title='bbox 2294 4284 2402 4336; x_wconf 87' lang='grc' dir='ltr'>τὸν</span> <span class='ocrx_word' id='word_1_520' title='bbox 2447 4282 2650 4336; x_wconf 70' lang='grc' dir='ltr'>πολὺν</span> <span class='ocrx_word' id='word_1_521' title='bbox 2702 4281 2969 4350; x_wconf 75' lang='grc' dir='ltr'>τάραχον</span> <span class='ocrx_word' id='word_1_522' title='bbox 3021 4281 3120 4336; x_wconf 77' lang='grc' dir='ltr'><strong>καί</strong></span> <span class='ocrx_word' id='word_1_523' title='bbox 3166 4282 3276 4347; x_wconf 87' lang='grc' dir='ltr'>τὰς</span> <span class='ocrx_word' id='word_1_524' title='bbox 3318 4280 3567 4346; x_wconf 82' lang='grc' dir='ltr'>στάσεις</span> <span class='ocrx_word' id='word_1_525' title='bbox 3616 4280 3728 4346; x_wconf 69' lang='grc' dir='ltr'>τὰς</span> 
     </span>
    </p>
   </div>
   <div class='ocr_carea' id='block_1_87' title="bbox 2212 4371 3730 4445">
    <p class='ocr_par' dir='ltr' id='par_1_87' title="bbox 2212 4371 3730 4445">
     <span class='ocr_line' id='line_1_87' title="bbox 2212 4371 3730 4445; baseline -0.001 -17"><span class='ocrx_word' id='word_1_526' title='bbox 2212 4375 2532 4445; x_wconf 75' lang='grc' dir='ltr'>γινομένας</span> <span class='ocrx_word' id='word_1_527' title='bbox 2605 4374 2781 4437; x_wconf 76' lang='grc' dir='ltr'>ἔδοξε</span> <span class='ocrx_word' id='word_1_528' title='bbox 2860 4373 3212 4427; x_wconf 81' lang='grc' dir='ltr'>παντάπασι</span> <span class='ocrx_word' id='word_1_529' title='bbox 3285 4371 3730 4442; x_wconf 75' lang='grc' dir='ltr'>περιαιρεθῆναι</span> 
     </span>
    </p>
   </div>
   <div class='ocr_carea' id='block_1_88' title="bbox 538 4458 2024 4533">
    <p class='ocr_par' dir='ltr' id='par_1_88' title="bbox 538 4458 2024 4531">
     <span class='ocr_line' id='line_1_88' title="bbox 538 4458 2024 4531; baseline -0.001 -18"><span class='ocrx_word' id='word_1_530' title='bbox 538 4477 651 4514; x_wconf 80' lang='lat' dir='ltr'><strong>nem</strong></span> <span class='ocrx_word' id='word_1_531' title='bbox 681 4464 734 4514; x_wconf 86' lang='lat' dir='ltr'><strong>in</strong></span> <span class='ocrx_word' id='word_1_532' title='bbox 765 4462 1029 4516; x_wconf 79' lang='lat' dir='ltr'><strong>nonnullis</strong></span> <span class='ocrx_word' id='word_1_533' title='bbox 1055 4463 1294 4531; x_wconf 83' lang='lat' dir='ltr'><strong>partibus</strong></span> <span class='ocrx_word' id='word_1_534' title='bbox 1323 4463 1604 4528; x_wconf 83' lang='lat' dir='ltr'><strong>invenitur,</strong></span> <span class='ocrx_word' id='word_1_535' title='bbox 1646 4458 1889 4525; x_wconf 84' lang='lat' dir='ltr'><strong>tollatur,</strong></span> <span class='ocrx_word' id='word_1_536' title='bbox 1924 4471 1977 4513; x_wconf 88' lang='lat' dir='ltr'><strong>ut</strong></span> <span class='ocrx_word' id='word_1_537' title='bbox 2011 4479 2024 4512; x_wconf 87' lang='grc' dir='ltr'><strong>ι</strong></span> 
     </span>
    </p>
   </div>
   <div class='ocr_carea' id='block_1_89' title="bbox 2127 4458 3733 4533">
    <p class='ocr_par' dir='ltr' id='par_1_89' title="bbox 2221 4465 3733 4533">
     <span class='ocr_line' id='line_1_89' title="bbox 2221 4465 3733 4533; baseline -0.001 -13"><span class='ocrx_word' id='word_1_538' title='bbox 2221 4466 2334 4532; x_wconf 74' lang='grc' dir='ltr'>τὴν</span> <span class='ocrx_word' id='word_1_539' title='bbox 2351 4466 2686 4532; x_wconf 78' lang='grc' dir='ltr'>συνήθειαν</span> <span class='ocrx_word' id='word_1_540' title='bbox 2731 4465 2846 4532; x_wconf 71' lang='grc' dir='ltr'>τὴν</span> <span class='ocrx_word' id='word_1_541' title='bbox 2879 4465 3038 4533; x_wconf 82' lang='grc' dir='ltr'>παρὰ</span> <span class='ocrx_word' id='word_1_542' title='bbox 3065 4467 3170 4519; x_wconf 81' lang='grc' dir='ltr'>τὸν</span> <span class='ocrx_word' id='word_1_543' title='bbox 3217 4466 3445 4520; x_wconf 80' lang='grc' dir='ltr'>κανόνα</span> <span class='ocrx_word' id='word_1_544' title='bbox 3477 4465 3733 4533; x_wconf 63' lang='grc' dir='ltr'>εεερεθεῑ-</span> 
     </span>
    </p>
   </div>
   <div class='ocr_carea' id='block_1_90' title="bbox 537 4553 2038 4622">
    <p class='ocr_par' dir='ltr' id='par_1_90' title="bbox 537 4553 2038 4622">
     <span class='ocr_line' id='line_1_90' title="bbox 537 4553 2038 4622; baseline -0.001 -18"><span class='ocrx_word' id='word_1_545' title='bbox 537 4553 749 4607; x_wconf 80' lang='lat' dir='ltr'><strong>rivitate</strong></span> <span class='ocrx_word' id='word_1_546' title='bbox 794 4554 847 4605; x_wconf 87' lang='lat' dir='ltr'><strong>in</strong></span> <span class='ocrx_word' id='word_1_547' title='bbox 887 4554 1148 4607; x_wconf 83' lang='lat' dir='ltr'><strong>ciuitatem</strong></span> <span class='ocrx_word' id='word_1_548' title='bbox 1179 4570 1270 4607; x_wconf 78' lang='lat' dir='ltr'><strong>nec</strong></span> <span class='ocrx_word' id='word_1_549' title='bbox 1298 4555 1590 4622; x_wconf 80' lang='lat' dir='ltr'><strong>episcopus,</strong></span> <span class='ocrx_word' id='word_1_550' title='bbox 1631 4567 1720 4604; x_wconf 85' lang='lat' dir='ltr'><strong>nec</strong></span> <span class='ocrx_word' id='word_1_551' title='bbox 1748 4553 2038 4621; x_wconf 81' lang='lat' dir='ltr'><strong>presbyter,</strong></span> 
     </span>
    </p>
   </div>
   <div class='ocr_carea' id='block_1_91' title="bbox 539 4643 2041 4714">
    <p class='ocr_par' dir='ltr' id='par_1_91' title="bbox 539 4643 2041 4714">
     <span class='ocr_line' id='line_1_91' title="bbox 539 4643 2041 4714; baseline -0.001 -17"><span class='ocrx_word' id='word_1_552' title='bbox 539 4662 629 4699; x_wconf 84' lang='lat' dir='ltr'><strong>nec</strong></span> <span class='ocrx_word' id='word_1_553' title='bbox 669 4645 924 4699; x_wconf 83' lang='lat' dir='ltr'><strong>diaconus</strong></span> <span class='ocrx_word' id='word_1_554' title='bbox 957 4654 1216 4699; x_wconf 76' lang='lat' dir='ltr'><strong>transeat.</strong></span> <span class='ocrx_word' id='word_1_555' title='bbox 1251 4643 1312 4698; x_wconf 88' lang='lat' dir='ltr'><strong>Si</strong></span> <span class='ocrx_word' id='word_1_556' title='bbox 1337 4645 1453 4714; x_wconf 85' lang='lat' dir='ltr'><strong>quis</strong></span> <span class='ocrx_word' id='word_1_557' title='bbox 1490 4653 1665 4695; x_wconf 85' lang='lat' dir='ltr'><strong>autem</strong></span> <span class='ocrx_word' id='word_1_558' title='bbox 1701 4650 1819 4710; x_wconf 83' lang='lat' dir='ltr'><strong>post</strong></span> <span class='ocrx_word' id='word_1_559' title='bbox 1842 4651 2041 4696; x_wconf 64' lang='lat' dir='ltr'><strong>sancta</strong></span> 
     </span>
    </p>
   </div>
   <div class='ocr_carea' id='block_1_92' title="bbox 537 4733 2044 4809">
    <p class='ocr_par' dir='ltr' id='par_1_92' title="bbox 537 4733 2044 4809">
     <span class='ocr_line' id='line_1_92' title="bbox 537 4733 2044 4809; baseline -0.004 -17"><span class='ocrx_word' id='word_1_560' title='bbox 537 4749 585 4792; x_wconf 76' lang='lat' dir='ltr'><strong>et</strong></span> <span class='ocrx_word' id='word_1_561' title='bbox 628 4755 834 4809; x_wconf 67' lang='lat' dir='ltr'><strong>magna:</strong></span> <span class='ocrx_word' id='word_1_562' title='bbox 880 4739 1072 4807; x_wconf 78' lang='lat' dir='ltr'><strong>synodi</strong></span> <span class='ocrx_word' id='word_1_563' title='bbox 1103 4736 1459 4806; x_wconf 77' lang='lat' dir='ltr'><strong>deﬁnitionem</strong></span> <span class='ocrx_word' id='word_1_564' title='bbox 1504 4733 1609 4788; x_wconf 85' lang='lat' dir='ltr'><strong>tale</strong></span> <span class='ocrx_word' id='word_1_565' title='bbox 1647 4735 1920 4802; x_wconf 86' lang='lat' dir='ltr'><strong>quidpiam</strong></span> <span class='ocrx_word' id='word_1_566' title='bbox 1951 4751 2044 4802; x_wconf 82' lang='lat' dir='ltr'><strong>ag-</strong></span> 
     </span>
    </p>
   </div>
   <div class='ocr_carea' id='block_1_93' title="bbox 538 4825 2048 4898">
    <p class='ocr_par' dir='ltr' id='par_1_93' title="bbox 538 4825 2048 4898">
     <span class='ocr_line' id='line_1_93' title="bbox 538 4825 2048 4898; baseline -0.003 -14"><span class='ocrx_word' id='word_1_567' title='bbox 538 4845 748 4898; x_wconf 75' lang='lat' dir='ltr'><strong>gressus</strong></span> <span class='ocrx_word' id='word_1_568' title='bbox 787 4829 969 4898; x_wconf 82' lang='lat' dir='ltr'><strong>fuerit,</strong></span> <span class='ocrx_word' id='word_1_569' title='bbox 1010 4829 1089 4881; x_wconf 78' lang='lat' dir='ltr'><strong>rel</strong></span> <span class='ocrx_word' id='word_1_570' title='bbox 1126 4843 1180 4880; x_wconf 84' lang='lat' dir='ltr'><strong>se</strong></span> <span class='ocrx_word' id='word_1_571' title='bbox 1238 4827 1312 4880; x_wconf 87' lang='lat' dir='ltr'><strong>rei</strong></span> <span class='ocrx_word' id='word_1_572' title='bbox 1353 4825 1612 4895; x_wconf 67' lang='lat' dir='ltr'><strong>ejusmodi</strong></span> <span class='ocrx_word' id='word_1_573' title='bbox 1649 4825 1869 4888; x_wconf 81' lang='lat' dir='ltr'><strong>dederit,</strong></span> <span class='ocrx_word' id='word_1_574' title='bbox 1905 4826 2048 4894; x_wconf 82' lang='lat' dir='ltr'><strong>quod</strong></span> 
     </span>
    </p>
   </div>
   <div class='ocr_carea' id='block_1_94' title="bbox 539 4915 2045 4992">
    <p class='ocr_par' dir='ltr' id='par_1_94' title="bbox 539 4915 2045 4992">
     <span class='ocr_line' id='line_1_94' title="bbox 539 4915 2045 4992; baseline 0 -22"><span class='ocrx_word' id='word_1_575' title='bbox 539 4922 738 4992; x_wconf 76' lang='lat' dir='ltr'><strong>factum</strong></span> <span class='ocrx_word' id='word_1_576' title='bbox 793 4917 890 4971; x_wconf 86' lang='lat' dir='ltr'><strong>erit</strong></span> <span class='ocrx_word' id='word_1_577' title='bbox 962 4918 1173 4969; x_wconf 86' lang='lat' dir='ltr'><strong>omnino</strong></span> <span class='ocrx_word' id='word_1_578' title='bbox 1236 4915 1597 4984; x_wconf 82' lang='lat' dir='ltr'><strong>inﬁrntabitur</strong></span> <span class='ocrx_word' id='word_1_579' title='bbox 1632 4954 1647 4979; x_wconf 95' lang='lat'><strong>,</strong></span> <span class='ocrx_word' id='word_1_580' title='bbox 1706 4924 1753 4969; x_wconf 87' lang='lat' dir='ltr'><strong>et</strong></span> <span class='ocrx_word' id='word_1_581' title='bbox 1817 4915 2045 4970; x_wconf 67' lang='lat' dir='ltr'><strong>et&#39;clesia:</strong></span> 
     </span>
    </p>
   </div>
   <div class='ocr_carea' id='block_1_95' title="bbox 493 5006 2057 5078">
    <p class='ocr_par' dir='ltr' id='par_1_95' title="bbox 493 5006 2057 5078">
     <span class='ocr_line' id='line_1_95' title="bbox 493 5006 2057 5078; baseline -0.001 -14"><span class='ocrx_word' id='word_1_582' title='bbox 493 5023 496 5028; x_wconf 88' lang='lat'>&#39;</span> <span class='ocrx_word' id='word_1_583' title='bbox 541 5013 849 5064; x_wconf 80' lang='lat' dir='ltr'><strong>restituetur</strong></span> <span class='ocrx_word' id='word_1_584' title='bbox 902 5009 992 5063; x_wconf 77' lang='lat' dir='ltr'><strong>cui.</strong></span> <span class='ocrx_word' id='word_1_585' title='bbox 1029 5006 1311 5076; x_wconf 23' lang='lat' dir='ltr'><strong>episcopus.</strong></span> <span class='ocrx_word' id='word_1_586' title='bbox 1339 5014 1418 5063; x_wconf 77' lang='lat' dir='ltr'><strong>vet</strong></span> <span class='ocrx_word' id='word_1_587' title='bbox 1453 5007 1723 5078; x_wconf 78' lang='lat' dir='ltr'><strong>presbyter</strong></span> <span class='ocrx_word' id='word_1_588' title='bbox 1774 5009 2057 5063; x_wconf 75' lang='lat' dir='ltr'><strong>ordinatus.</strong></span> 
     </span>
    </p>
   </div>
   <div class='ocr_carea' id='block_1_96' title="bbox 543 5099 722 5170">
    <p class='ocr_par' dir='ltr' id='par_1_96' title="bbox 543 5099 722 5170">
     <span class='ocr_line' id='line_1_96' title="bbox 543 5099 722 5170; baseline -0.017 -19"><span class='ocrx_word' id='word_1_589' title='bbox 543 5099 722 5170; x_wconf 70' lang='lat' dir='ltr'><strong>fuerit.</strong></span> 
     </span>
    </p>
   </div>
   <div class='ocr_carea' id='block_1_97' title="bbox 2218 4556 3732 4626">
    <p class='ocr_par' dir='ltr' id='par_1_97' title="bbox 2218 4556 3732 4626">
     <span class='ocr_line' id='line_1_97' title="bbox 2218 4556 3732 4626; baseline 0.001 -18"><span class='ocrx_word' id='word_1_590' title='bbox 2218 4573 2339 4609; x_wconf 81' lang='grc' dir='ltr'><strong>σαν</strong></span> <span class='ocrx_word' id='word_1_591' title='bbox 2385 4557 2454 4610; x_wconf 79' lang='grc' dir='ltr'>ἕν</span> <span class='ocrx_word' id='word_1_592' title='bbox 2510 4574 2633 4611; x_wconf 85' lang='grc' dir='ltr'>τισι</span> <span class='ocrx_word' id='word_1_593' title='bbox 2681 4558 2954 4626; x_wconf 86' lang='grc' dir='ltr'>μέρεσιν,</span> <span class='ocrx_word' id='word_1_594' title='bbox 3005 4556 3162 4611; x_wconf 82' lang='grc' dir='ltr'>ὥστε</span> <span class='ocrx_word' id='word_1_595' title='bbox 3203 4556 3320 4611; x_wconf 80' lang='grc' dir='ltr'>ἀπὸ</span> <span class='ocrx_word' id='word_1_596' title='bbox 3371 4559 3603 4622; x_wconf 78' lang='grc' dir='ltr'>πόλεως</span> <span class='ocrx_word' id='word_1_597' title='bbox 3638 4559 3732 4622; x_wconf 74' lang='grc' dir='ltr'>εἰς</span> 
     </span>
    </p>
   </div>
   <div class='ocr_carea' id='block_1_98' title="bbox 2220 4648 3732 4718">
    <p class='ocr_par' dir='ltr' id='par_1_98' title="bbox 2220 4648 3732 4718">
     <span class='ocr_line' id='line_1_98' title="bbox 2220 4648 3732 4718; baseline 0.002 -18"><span class='ocrx_word' id='word_1_598' title='bbox 2220 4650 2402 4701; x_wconf 73' lang='grc' dir='ltr'>πόλιν</span> <span class='ocrx_word' id='word_1_599' title='bbox 2453 4649 2538 4718; x_wconf 82' lang='grc' dir='ltr'>μὴ</span> <span class='ocrx_word' id='word_1_600' title='bbox 2563 4651 2947 4718; x_wconf 79' lang='grc' dir='ltr'>μεταϐαίνειν</span> <span class='ocrx_word' id='word_1_601' title='bbox 2985 4648 3138 4718; x_wconf 81' lang='grc' dir='ltr'>μήτε</span> <span class='ocrx_word' id='word_1_602' title='bbox 3191 4650 3550 4715; x_wconf 78' lang='grc' dir='ltr'>ἐπίσκοπον,</span> <span class='ocrx_word' id='word_1_603' title='bbox 3571 4649 3732 4718; x_wconf 84' lang='grc' dir='ltr'>μήτε</span> 
     </span>
    </p>
   </div>
   <div class='ocr_carea' id='block_1_99' title="bbox 2220 4737 3733 4808">
    <p class='ocr_par' dir='ltr' id='par_1_99' title="bbox 2220 4737 3733 4808">
     <span class='ocr_line' id='line_1_99' title="bbox 2220 4737 3733 4808; baseline 0.001 -17"><span class='ocrx_word' id='word_1_604' title='bbox 2220 4739 2650 4806; x_wconf 76' lang='grc' dir='ltr'>πρεσϐύτερον,</span> <span class='ocrx_word' id='word_1_605' title='bbox 2688 4738 2842 4808; x_wconf 77' lang='grc' dir='ltr'>μήτε</span> <span class='ocrx_word' id='word_1_606' title='bbox 2881 4737 3192 4793; x_wconf 70' lang='grc' dir='ltr'>διάκονον.</span> <span class='ocrx_word' id='word_1_607' title='bbox 3253 4740 3322 4794; x_wconf 85' lang='lat' dir='ltr'><strong>El</strong></span> <span class='ocrx_word' id='word_1_608' title='bbox 3353 4738 3421 4791; x_wconf 85' lang='grc' dir='ltr'><em>δέ</em></span> <span class='ocrx_word' id='word_1_609' title='bbox 3451 4757 3540 4804; x_wconf 87' lang='grc' dir='ltr'><strong>τις</strong></span> <span class='ocrx_word' id='word_1_610' title='bbox 3577 4739 3733 4808; x_wconf 84' lang='grc' dir='ltr'>μετὰ</span> 
     </span>
    </p>
   </div>
   <div class='ocr_carea' id='block_1_100' title="bbox 2218 4828 3732 4900">
    <p class='ocr_par' dir='ltr' id='par_1_100' title="bbox 2218 4828 3732 4900">
     <span class='ocr_line' id='line_1_100' title="bbox 2218 4828 3732 4900; baseline 0.001 -16"><span class='ocrx_word' id='word_1_611' title='bbox 2218 4832 2326 4884; x_wconf 83' lang='grc' dir='ltr'>τὸν</span> <span class='ocrx_word' id='word_1_612' title='bbox 2354 4830 2466 4900; x_wconf 81' lang='grc' dir='ltr'>τῆς</span> <span class='ocrx_word' id='word_1_613' title='bbox 2510 4831 2684 4898; x_wconf 81' lang='grc' dir='ltr'>ἁγίας</span> <span class='ocrx_word' id='word_1_614' title='bbox 2713 4831 2811 4884; x_wconf 79' lang='grc' dir='ltr'>καὶ</span> <span class='ocrx_word' id='word_1_615' title='bbox 2859 4828 3123 4900; x_wconf 75' lang='grc' dir='ltr'>μεγάλης</span> <span class='ocrx_word' id='word_1_616' title='bbox 3156 4831 3424 4884; x_wconf 81' lang='grc' dir='ltr'>συνόδου</span> <span class='ocrx_word' id='word_1_617' title='bbox 3451 4831 3592 4897; x_wconf 86' lang='grc' dir='ltr'>ὅρον</span> <span class='ocrx_word' id='word_1_618' title='bbox 3615 4848 3732 4885; x_wconf 83' lang='grc' dir='ltr'>τοι·</span> 
     </span>
    </p>
   </div>
   <div class='ocr_carea' id='block_1_101' title="bbox 2227 4919 3734 4988">
    <p class='ocr_par' dir='ltr' id='par_1_101' title="bbox 2227 4919 3734 4988">
     <span class='ocr_line' id='line_1_101' title="bbox 2227 4919 3734 4988; baseline 0.001 -14"><span class='ocrx_word' id='word_1_619' title='bbox 2227 4921 2382 4987; x_wconf 86' lang='grc' dir='ltr'>ούτῳ</span> <span class='ocrx_word' id='word_1_620' title='bbox 2439 4921 2552 4974; x_wconf 76' lang='grc' dir='ltr'>τινί</span> <span class='ocrx_word' id='word_1_621' title='bbox 2599 4919 3077 4988; x_wconf 75' lang='grc' dir='ltr'>ἐπιχειρήσειεν,</span> <span class='ocrx_word' id='word_1_622' title='bbox 3135 4919 3174 4986; x_wconf 79' lang='grc' dir='ltr'>ἢ</span> <span class='ocrx_word' id='word_1_623' title='bbox 3227 4919 3462 4986; x_wconf 78' lang='grc' dir='ltr'>ἐπιδοίη</span> <span class='ocrx_word' id='word_1_624' title='bbox 3512 4919 3734 4975; x_wconf 77' lang='grc' dir='ltr'>ἑαυτὸν</span> 
     </span>
    </p>
   </div>
   <div class='ocr_carea' id='block_1_102' title="bbox 2216 5008 3725 5080">
    <p class='ocr_par' dir='ltr' id='par_1_102' title="bbox 2216 5008 3725 5080">
     <span class='ocr_line' id='line_1_102' title="bbox 2216 5008 3725 5080; baseline 0.001 -16"><span class='ocrx_word' id='word_1_625' title='bbox 2216 5011 2512 5080; x_wconf 80' lang='grc' dir='ltr'>πράγματι</span> <span class='ocrx_word' id='word_1_626' title='bbox 2537 5011 2804 5074; x_wconf 86' lang='grc' dir='ltr'>τοιούτῳ,</span> <span class='ocrx_word' id='word_1_627' title='bbox 2834 5008 3281 5079; x_wconf 73' lang='grc' dir='ltr'>ἁκυρωθήσεται</span> <span class='ocrx_word' id='word_1_628' title='bbox 3298 5010 3634 5077; x_wconf 77' lang='grc' dir='ltr'>ἑξάπαντος</span> <span class='ocrx_word' id='word_1_629' title='bbox 3659 5012 3725 5065; x_wconf 82' lang='grc' dir='ltr'>τὸ</span> 
     </span>
    </p>
   </div>
   <div class='ocr_carea' id='block_1_103' title="bbox 2223 5100 3731 5172">
    <p class='ocr_par' dir='ltr' id='par_1_103' title="bbox 2223 5100 3731 5172">
     <span class='ocr_line' id='line_1_103' title="bbox 2223 5100 3731 5172; baseline 0.001 -15"><span class='ocrx_word' id='word_1_630' title='bbox 2223 5105 2721 5172; x_wconf 74' lang='grc' dir='ltr'>κατασκεύασμα,</span> <span class='ocrx_word' id='word_1_631' title='bbox 2791 5103 2890 5157; x_wconf 78' lang='grc' dir='ltr'>καὶ</span> <span class='ocrx_word' id='word_1_632' title='bbox 2951 5100 3594 5169; x_wconf 70' lang='grc' dir='ltr'>ἀποκατασταθήσεται</span> <span class='ocrx_word' id='word_1_633' title='bbox 3656 5100 3731 5172; x_wconf 73' lang='grc' dir='ltr'>τῇ</span> 
     </span>
    </p>
   </div>
   <div class='ocr_carea' id='block_1_104' title="bbox 2231 5188 3733 5266">
    <p class='ocr_par' dir='ltr' id='par_1_104' title="bbox 2231 5188 3733 5266">
     <span class='ocr_line' id='line_1_104' title="bbox 2231 5188 3733 5266; baseline 0.001 -18"><span class='ocrx_word' id='word_1_634' title='bbox 2231 5196 2548 5263; x_wconf 69' lang='grc' dir='ltr'>ἐκκλησίᾳ,</span> <span class='ocrx_word' id='word_1_635' title='bbox 2577 5197 2647 5248; x_wconf 78' lang='grc' dir='ltr'>ἐν</span> <span class='ocrx_word' id='word_1_636' title='bbox 2675 5188 2713 5266; x_wconf 78' lang='grc' dir='ltr'><strong><em>ᾖ</em></strong></span> <span class='ocrx_word' id='word_1_637' title='bbox 2737 5199 2768 5249; x_wconf 85' lang='grc' dir='ltr'><strong><em>ό</em></strong></span> <span class='ocrx_word' id='word_1_638' title='bbox 2798 5196 3132 5261; x_wconf 78' lang='grc' dir='ltr'>ἐπίσκοπος</span> <span class='ocrx_word' id='word_1_639' title='bbox 3168 5194 3205 5262; x_wconf 81' lang='grc' dir='ltr'><em>ἢ</em></span> <span class='ocrx_word' id='word_1_640' title='bbox 3256 5197 3287 5248; x_wconf 86' lang='grc' dir='ltr'><strong><em>ό</em></strong></span> <span class='ocrx_word' id='word_1_641' title='bbox 3321 5197 3733 5264; x_wconf 69' lang='grc' dir='ltr'>πρεσϐύτερος</span> 
     </span>
    </p>
   </div>
   <div class='ocr_carea' id='block_1_105' title="bbox 2223 5285 2671 5357">
    <p class='ocr_par' dir='ltr' id='par_1_105' title="bbox 2223 5285 2671 5357">
     <span class='ocr_line' id='line_1_105' title="bbox 2223 5285 2671 5357; baseline 0.004 -17"><span class='ocrx_word' id='word_1_642' title='bbox 2223 5285 2671 5357; x_wconf 76' lang='grc' dir='ltr'>ἐχειροτονήθη.</span> 
     </span>
    </p>
   </div>
   <div class='ocr_carea' id='block_1_106' title="bbox 1711 5379 2494 5460">
    <p class='ocr_par' dir='ltr' id='par_1_106' title="bbox 1711 5379 2494 5460">
     <span class='ocr_line' id='line_1_106' title="bbox 1711 5379 2494 5460; baseline 0 -20"><span class='ocrx_word' id='word_1_643' title='bbox 1711 5379 1903 5441; x_wconf 83' lang='lat' dir='ltr'><strong>Guill.</strong></span> <span class='ocrx_word' id='word_1_644' title='bbox 1943 5381 2264 5460; x_wconf 77' lang='lat' dir='ltr'><strong>Beveregii</strong></span> <span class='ocrx_word' id='word_1_645' title='bbox 2302 5389 2494 5442; x_wconf 63' lang='lat' dir='ltr'><strong>notae.</strong></span> 
     </span>
    </p>
   </div>
   <div class='ocr_carea' id='block_1_107' title="bbox 571 5481 2053 5557">
    <p class='ocr_par' dir='ltr' id='par_1_107' title="bbox 571 5481 2053 5557">
     <span class='ocr_line' id='line_1_107' title="bbox 571 5481 2053 5557; baseline -0.007 -15"><span class='ocrx_word' id='word_1_646' title='bbox 571 5486 663 5557; x_wconf 64' lang='lat'><strong>62‘,</strong></span> <span class='ocrx_word' id='word_1_647' title='bbox 699 5483 823 5552; x_wconf 84' lang='grc' dir='ltr'><strong>Πᾶς</strong></span> <span class='ocrx_word' id='word_1_648' title='bbox 849 5484 1090 5548; x_wconf 80' lang='grc' dir='ltr'>πιστός.</span> <span class='ocrx_word' id='word_1_649' title='bbox 1127 5481 1227 5557; x_wconf 74' lang='lat' dir='ltr'><strong>Hie</strong></span> <span class='ocrx_word' id='word_1_650' title='bbox 1253 5492 1490 5557; x_wconf 65' lang='lat' dir='ltr'><strong>errattun</strong></span> <span class='ocrx_word' id='word_1_651' title='bbox 1525 5482 1579 5536; x_wconf 85' lang='lat' dir='ltr'><strong>in</strong></span> <span class='ocrx_word' id='word_1_652' title='bbox 1615 5481 1856 5557; x_wconf 75' lang='lat' dir='ltr'><strong>Arist‘eni</strong></span> <span class='ocrx_word' id='word_1_653' title='bbox 1887 5481 2053 5557; x_wconf 74' lang='lat' dir='ltr'><strong>sebo-</strong></span> 
     </span>
    </p>
   </div>
   <div class='ocr_carea' id='block_1_108' title="bbox 479 5552 2049 5624">
    <p class='ocr_par' dir='ltr' id='par_1_108' title="bbox 479 5552 2049 5624">
     <span class='ocr_line' id='line_1_108' title="bbox 479 5552 2049 5624; baseline -0.006 -10"><span class='ocrx_word' id='word_1_654' title='bbox 479 5561 549 5614; x_wconf 83' lang='lat' dir='ltr'><strong>iia</strong></span> <span class='ocrx_word' id='word_1_655' title='bbox 588 5552 876 5624; x_wconf 74' lang='lat' dir='ltr'><strong>irrepsisse</strong></span> <span class='ocrx_word' id='word_1_656' title='bbox 914 5568 1072 5607; x_wconf 90' lang='lat' dir='ltr'><strong>nemo</strong></span> <span class='ocrx_word' id='word_1_657' title='bbox 1124 5553 1379 5624; x_wconf 75' lang='lat' dir='ltr'><strong>ambigat.</strong></span> <span class='ocrx_word' id='word_1_658' title='bbox 1419 5552 1604 5608; x_wconf 88' lang='lat' dir='ltr'><strong>Canon</strong></span> <span class='ocrx_word' id='word_1_659' title='bbox 1637 5553 1804 5624; x_wconf 84' lang='lat' dir='ltr'><strong>enim,</strong></span> <span class='ocrx_word' id='word_1_660' title='bbox 1828 5565 1946 5624; x_wconf 80' lang='lat' dir='ltr'><strong>non</strong></span> <span class='ocrx_word' id='word_1_661' title='bbox 1982 5554 2049 5624; x_wconf 83' lang='lat' dir='ltr'><strong>de</strong></span> 
     </span>
    </p>
   </div>
   <div class='ocr_carea' id='block_1_109' title="bbox 482 5620 2044 5691">
    <p class='ocr_par' dir='ltr' id='par_1_109' title="bbox 482 5620 2044 5691">
     <span class='ocr_line' id='line_1_109' title="bbox 482 5620 2044 5691; baseline -0.006 -7"><span class='ocrx_word' id='word_1_662' title='bbox 482 5620 755 5690; x_wconf 78' lang='lat' dir='ltr'><strong>ﬁdelibus,</strong></span> <span class='ocrx_word' id='word_1_663' title='bbox 785 5627 878 5678; x_wconf 84' lang='lat' dir='ltr'><strong>sed</strong></span> <span class='ocrx_word' id='word_1_664' title='bbox 909 5633 1118 5676; x_wconf 86' lang='lat' dir='ltr'><strong>tantum</strong></span> <span class='ocrx_word' id='word_1_665' title='bbox 1148 5624 1212 5676; x_wconf 88' lang='lat' dir='ltr'><strong>de</strong></span> <span class='ocrx_word' id='word_1_666' title='bbox 1251 5623 1437 5688; x_wconf 88' lang='lat' dir='ltr'><strong>lapsis,</strong></span> <span class='ocrx_word' id='word_1_667' title='bbox 1472 5633 1526 5677; x_wconf 90' lang='lat' dir='ltr'><strong>et</strong></span> <span class='ocrx_word' id='word_1_668' title='bbox 1559 5620 1930 5691; x_wconf 75' lang='lat' dir='ltr'><strong>pcenitentiam</strong></span> <span class='ocrx_word' id='word_1_669' title='bbox 1990 5620 2044 5674; x_wconf 91' lang='lat' dir='ltr'><strong>in</strong></span> 
     </span>
    </p>
   </div>
   <div class='ocr_carea' id='block_1_110' title="bbox 481 5691 2044 5764">
    <p class='ocr_par' dir='ltr' id='par_1_110' title="bbox 481 5691 2044 5764">
     <span class='ocr_line' id='line_1_110' title="bbox 481 5691 2044 5764; baseline -0.003 -17"><span class='ocrx_word' id='word_1_670' title='bbox 481 5700 627 5751; x_wconf 64' lang='lat' dir='ltr'><strong>exitu</strong></span> <span class='ocrx_word' id='word_1_671' title='bbox 678 5697 804 5750; x_wconf 64' lang='lat' dir='ltr'><strong>vitae</strong></span> <span class='ocrx_word' id='word_1_672' title='bbox 853 5694 1137 5764; x_wconf 76' lang='lat' dir='ltr'><strong>agentibus</strong></span> <span class='ocrx_word' id='word_1_673' title='bbox 1196 5693 1456 5764; x_wconf 81' lang='lat' dir='ltr'><strong>loquitur.</strong></span> <span class='ocrx_word' id='word_1_674' title='bbox 1504 5693 1567 5764; x_wconf 85' lang='lat' dir='ltr'><strong>Et</strong></span> <span class='ocrx_word' id='word_1_675' title='bbox 1629 5699 1887 5764; x_wconf 60' lang='lat' dir='ltr'><strong>praeterea</strong></span> <span class='ocrx_word' id='word_1_676' title='bbox 1935 5691 2044 5754; x_wconf 85' lang='grc' dir='ltr'><strong>πᾶς</strong></span> 
     </span>
    </p>
   </div>
   <div class='ocr_carea' id='block_1_111' title="bbox 486 5759 2042 5833">
    <p class='ocr_par' dir='ltr' id='par_1_111' title="bbox 486 5759 2042 5833">
     <span class='ocr_line' id='line_1_111' title="bbox 486 5759 2042 5833; baseline -0.004 -15"><span class='ocrx_word' id='word_1_677' title='bbox 486 5771 693 5833; x_wconf 69' lang='grc' dir='ltr'>πιστὸς,</span> <span class='ocrx_word' id='word_1_678' title='bbox 729 5759 1111 5832; x_wconf 69' lang='grc' dir='ltr'>οηιηρέίίιίειεε</span> <span class='ocrx_word' id='word_1_679' title='bbox 1148 5759 1310 5819; x_wconf 84' lang='lat' dir='ltr'><strong>etiam</strong></span> <span class='ocrx_word' id='word_1_680' title='bbox 1342 5762 1561 5818; x_wconf 84' lang='lat' dir='ltr'><strong>sanitati</strong></span> <span class='ocrx_word' id='word_1_681' title='bbox 1593 5759 1824 5815; x_wconf 85' lang='lat' dir='ltr'><strong>restituti</strong></span> <span class='ocrx_word' id='word_1_682' title='bbox 1857 5774 2042 5814; x_wconf 80' lang='lat' dir='ltr'><strong>saera-</strong></span> 
     </span>
    </p>
   </div>
   <div class='ocr_carea' id='block_1_112' title="bbox 2167 5479 3737 5553">
    <p class='ocr_par' dir='ltr' id='par_1_112' title="bbox 2167 5479 3737 5553">
     <span class='ocr_line' id='line_1_112' title="bbox 2167 5479 3737 5553; baseline -0.006 -14"><span class='ocrx_word' id='word_1_683' title='bbox 2167 5496 2472 5539; x_wconf 81' lang='lat' dir='ltr'><strong>mentorum</strong></span> <span class='ocrx_word' id='word_1_684' title='bbox 2526 5485 2822 5553; x_wconf 69' lang='lat' dir='ltr'><strong>participes</strong></span> <span class='ocrx_word' id='word_1_685' title='bbox 2860 5492 3059 5551; x_wconf 84' lang='lat' dir='ltr'><strong>erunt;</strong></span> <span class='ocrx_word' id='word_1_686' title='bbox 3099 5493 3287 5539; x_wconf 78' lang='lat' dir='ltr'><strong>contra</strong></span> <span class='ocrx_word' id='word_1_687' title='bbox 3321 5498 3386 5537; x_wconf 85' lang='lat' dir='ltr'><strong>ac</strong></span> <span class='ocrx_word' id='word_1_688' title='bbox 3417 5481 3506 5536; x_wconf 79' lang='lat' dir='ltr'><strong>hic</strong></span> <span class='ocrx_word' id='word_1_689' title='bbox 3536 5479 3737 5553; x_wconf 75' lang='lat' dir='ltr'><strong>asseri-</strong></span> 
     </span>
    </p>
   </div>
   <div class='ocr_carea' id='block_1_113' title="bbox 2163 5549 3734 5624">
    <p class='ocr_par' dir='ltr' id='par_1_113' title="bbox 2163 5549 3734 5624">
     <span class='ocr_line' id='line_1_113' title="bbox 2163 5549 3734 5624; baseline -0.001 -17"><span class='ocrx_word' id='word_1_690' title='bbox 2163 5563 2290 5609; x_wconf 90' lang='lat' dir='ltr'><strong>tur:</strong></span> <span class='ocrx_word' id='word_1_691' title='bbox 2331 5555 2472 5620; x_wconf 86' lang='lat' dir='ltr'><strong>quod</strong></span> <span class='ocrx_word' id='word_1_692' title='bbox 2505 5554 2687 5618; x_wconf 86' lang='lat' dir='ltr'><strong>itaque</strong></span> <span class='ocrx_word' id='word_1_693' title='bbox 2707 5549 2882 5610; x_wconf 67' lang='lat' dir='ltr'><strong>codici</strong></span> <span class='ocrx_word' id='word_1_694' title='bbox 2917 5569 3016 5608; x_wconf 89' lang='lat' dir='ltr'><strong>ms.</strong></span> <span class='ocrx_word' id='word_1_695' title='bbox 3047 5549 3160 5624; x_wconf 79' lang='lat' dir='ltr'><strong>quo</strong></span> <span class='ocrx_word' id='word_1_696' title='bbox 3194 5555 3275 5608; x_wconf 91' lang='lat' dir='ltr'><strong>usi</strong></span> <span class='ocrx_word' id='word_1_697' title='bbox 3312 5566 3525 5624; x_wconf 77' lang='lat' dir='ltr'><strong>stunus.</strong></span> <span class='ocrx_word' id='word_1_698' title='bbox 3550 5549 3734 5624; x_wconf 68' lang='lat' dir='ltr'><strong>potius</strong></span> 
     </span>
    </p>
   </div>
   <div class='ocr_carea' id='block_1_114' title="bbox 2157 5618 3730 5692">
    <p class='ocr_par' dir='ltr' id='par_1_114' title="bbox 2157 5618 3730 5692">
     <span class='ocr_line' id='line_1_114' title="bbox 2157 5618 3730 5692; baseline 0 -20"><span class='ocrx_word' id='word_1_699' title='bbox 2157 5639 2318 5691; x_wconf 85' lang='lat' dir='ltr'><strong>quam</strong></span> <span class='ocrx_word' id='word_1_700' title='bbox 2351 5618 2467 5692; x_wconf 73' lang='lat' dir='ltr'><strong>ipsi</strong></span> <span class='ocrx_word' id='word_1_701' title='bbox 2500 5624 2754 5678; x_wconf 76' lang='lat' dir='ltr'><strong>Aristeno</strong></span> <span class='ocrx_word' id='word_1_702' title='bbox 2797 5618 3201 5678; x_wconf 80' lang='lat' dir='ltr'><strong>attribuendum</strong></span> <span class='ocrx_word' id='word_1_703' title='bbox 3227 5633 3332 5680; x_wconf 86' lang='lat' dir='ltr'><strong>est.</strong></span> <span class='ocrx_word' id='word_1_704' title='bbox 3378 5621 3563 5689; x_wconf 79' lang='lat' dir='ltr'><strong>Neque</strong></span> <span class='ocrx_word' id='word_1_705' title='bbox 3583 5618 3730 5675; x_wconf 83' lang='lat' dir='ltr'><strong>enim</strong></span> 
     </span>
    </p>
   </div>
   <div class='ocr_carea' id='block_1_115' title="bbox 2157 5693 3487 5765">
    <p class='ocr_par' dir='ltr' id='par_1_115' title="bbox 2157 5693 3487 5765">
     <span class='ocr_line' id='line_1_115' title="bbox 2157 5693 3487 5765; baseline 0.002 -19"><span class='ocrx_word' id='word_1_706' title='bbox 2157 5693 2268 5749; x_wconf 62' lang='grc' dir='ltr'>Ιιιιιιο</span> <span class='ocrx_word' id='word_1_707' title='bbox 2296 5708 2403 5749; x_wconf 81' lang='lat' dir='ltr'><strong>tant</strong></span> <span class='ocrx_word' id='word_1_708' title='bbox 2439 5694 2598 5750; x_wconf 85' lang='lat' dir='ltr'><strong>obvia</strong></span> <span class='ocrx_word' id='word_1_709' title='bbox 2624 5695 2939 5749; x_wconf 80' lang='lat' dir='ltr'><strong>Aristcnutn</strong></span> <span class='ocrx_word' id='word_1_710' title='bbox 2976 5695 3140 5750; x_wconf 81' lang='lat' dir='ltr'><strong>latere</strong></span> <span class='ocrx_word' id='word_1_711' title='bbox 3171 5700 3487 5765; x_wconf 80' lang='lat' dir='ltr'><strong>potuerunt.</strong></span> 
     </span>
    </p>
   </div>
   <div class='ocr_carea' id='block_1_116' title="bbox 3731 1025 3743 1061">
    <p class='ocr_par' dir='ltr' id='par_1_116' title="bbox 3731 1025 3743 1061">
     <span class='ocr_line' id='line_1_116' title="bbox 3731 1025 3743 1061; baseline 0 0"><span class='ocrx_word' id='word_1_712' title='bbox 3731 1025 3743 1061; x_wconf 78' lang='lat' dir='ltr'><strong>i</strong></span> 
     </span>
    </p>
   </div>
  </div>
