4072 6386
292 294 389 361 281
1333 296 1421 356 IN
1458 292 1626 357 CAN.

1695 294 1800 354 XV
1832 292 2042 352 CONC.
2086 291 2357 357 NICEN.
2405 297 2451 357 l.

3448 286 3557 352 9.32

359 412 555 467 ΒΔΛΣ.
614 410 677 467 '0
708 408 808 484 μὲν
848 412 1207 478 άποστολικδς
1267 417 1334 467 ιε’
1390 413 1607 474 κανὼν,
1660 408 1868 479 Μηκέτι

2049 409 2243 465 BALS.
2281 410 2622 481 Apostolicus
2651 408 2867 479 quidem
2917 406 3162 460 decimus
3207 402 3428 471 quintus
3463 417 3557 454 ca-

282 504 693 575 λειτουργείτω,
725 507 915 577 φησὶν,
941 508 968 559 ὁ
991 505 1253 575 κληρικδς
1275 506 1303 559 ό
1332 504 1485 574 παρὰ
1519 501 1746 572 γνώμην
1775 500 1868 553 τοῦ

283 600 493 653 οἰκείου
517 598 819 651 ἐπισκόπου
852 600 959 652 ἀπὸ
988 598 1197 662 πόλεως
1227 600 1302 660 εἰς
1339 597 1493 649 πόλιν
1537 593 1873 665 μεθιστάμε-

296 704 415 752 νος·
468 691 497 742 ό
538 690 595 743 δὲ
649 690 841 758 παρὼν
871 690 1050 743 κανὼν
1077 691 1143 742 τὰ
1190 689 1329 741 αὑτά
1364 688 1458 742 καὶ
1492 689 1619 757 περὶ
1653 684 1873 739 ἐπισκό-

282 791 410 829 πων
441 777 816 846 διοριζόμενος
848 777 1053 831 ἄκυρον
1083 774 1222 831 εἷναί
1247 795 1378 848 φησι
1409 778 1466 830 τὸ
1496 778 1645 847 παρὰ
1686 774 1861 830 ταῦτα

283 870 424 931 ἴσως
448 870 839 940 γενησόμενον.

812 960 1018 1029 Ἑτέρα
1052 960 1352 1028 ἑρμηνεία.

361 1051 474 1105 τοῦ
500 1051 561 1105 ιδ’
611 1053 969 1107 ἀποστολικοῦ
1024 1055 1244 1116 κανόνος
1275 1053 1373 1123 τὴν
1425 1053 1522 1123 μὲν
1566 1052 1674 1105 ἀπὸ
1730 1068 1871 1123 παρο

290 1143 476 1203 οικίας
500 1145 582 1206 είς
612 1144 906 1210 παροικίαν
948 1144 1204 1197 ἐπίϐασιν
1237 1142 1356 1214 ⁴ἦτοι
1406 1144 1740 1215 ἐπιπήδησιν
1766 1146 1874 1198 τῶν

288 1236 613 1288 ἐπισκόπων
637 1236 961 1299 κωλύοντος,
987 1237 1084 1307 τὴν
1101 1236 1157 1289 δέ
1181 1236 1468 1306 μετάθεσιν
1489 1238 1876 1306 ἐπιτρέποντος

286 1328 382 1380 Eri
415 1328 662 1398 μεγάλην
691 1329 787 1381 καὶ
808 1326 1032 1395 εὔλογον
1072 1327 1253 1380 αἰτίαν
1280 1344 1296 1358 ·
1346 1328 1438 1379 καὶ
1482 1327 1579 1381 τοῦ
1636 1326 1713 1392 ις’
1770 1344 1872 1381 κα-

288 1420 448 1482 νόνος
493 1419 594 1489 τῆς
646 1423 704 1474 ὲν
765 1420 1065 1489 Ἀντιοχείᾳ
1121 1419 1741 1490 συνόδουηδιοριζομένου
1785 1420 1875 1473 τδν

290 1508 636 1579 σχολάζοντα
679 1510 773 1562 ἐπὶ
797 1511 1171 1581 σχολάζουσαν
1208 1512 1561 1577 μεταδαίνειν
1590 1511 1728 1581 μετὰ
1756 1511 1875 1564 δια-

290 1602 554 1667 γνίὶσεως
581 1600 674 1653 καὶ
693 1600 1096 1670 παρακλήσεως
1126 1599 1339 1664 τελείας
1370 1599 1591 1653 συνόδου
1616 1617 1631 1632 ·
1692 1599 1878 1657 ὡσαύ-

288 1711 404 1756 τως
434 1693 532 1746 καὶ
561 1692 654 1748 τοῦ
688 1692 737 1746 α’
777 1694 871 1747 καὶ
894 1690 1147 1763 δευτέρου
1178 1694 1402 1756 κανόνος
1428 1693 1528 1761 τῆς
1556 1695 1615 1745 ἐν
1640 1691 1873 1763 Σαρδικῇ

292 1802 325 1807 _
368 1787 517 1807 ,IQ_,_
581 1787 830 1807 ,,-,_I\,,_
886 1806 892 1807 κ
948 1787 993 1807 Ἂν
1024 1787 1221 1807 γΙΗ-κ...
1267 1787 1464 1807 -ὶηβνὶ
1514 1785 1736 1807 -_-ﬂ19_--
1780 1785 1870 1807 --μὶ
1912 1749 1952 1807 Β

289 1787 522 1840 συνόδου
577 1787 831 1856 μεγάλως
882 1787 1221 1850 κολαζόντων
1265 1788 1355 1838 τὸν
1379 1787 1465 1839 διὰ
1511 1785 1738 1856 μεθόδου
1780 1785 1875 1837 καὶ

288 1876 615 1946 οἰκονομίας
645 1875 858 1945 φαύλης
892 1877 991 1945 τὴν
1030 1874 1305 1947 λαχοῦσαν
1337 1877 1499 1930 αὐτὸν
1524 1876 1879 1946 καταλιμπάο

289 1985 483 2032 νοντα,
519 1969 616 2021 καὶ
648 1968 875 2038 μείζονα
916 1969 1215 2037 ἐκκλησίαν
1251 1969 1585 2038 ἁρπάζοντα,
1639 1970 1735 2021 καὶ
1784 1966 1877 2020 τού

291 2059 571 2128 παρόντος
617 2064 678 2111 ιε’
719 2059 947 2121 κανόνος
1018 2060 1117 2128 τῆς
1171 2057 1220 2112 α’
1295 2059 1513 2112 συνόδου
1562 2059 1880 2113 παντάπασι

300 2151 403 2218 μὲν
438 2149 741 2214 κωλύοντος
768 2150 866 2221 τὴν
914 2150 1023 2205 ἀπὸ
1055 2151 1262 2214 πόλεως
1286 2152 1366 2212 είς
1393 2151 1551 2205 πόλιν
1580 2151 1881 2221 μετάϐασιν

294 2239 408 2291 τῶν
424 2239 760 2305 ἐπισκόπων,
782 2238 892 2292 τῶν
912 2240 1181 2308 πρεσϐυτέ
1190 2257 1322 2307 ρων,
1341 2242 1434 2294 καὶ
1456 2240 1562 2295 τῶν
1587 2240 1871 2309 διακόνων,

299 2330 377 2398 μὴ
437 2329 758 2393 κολάζοντος
799 2330 857 2382 δὲ
890 2330 1113 2400 ταύτην,
1164 2330 1299 2383 ἀλλὰ
1327 2330 1700 2400 διοριζομένου
1746 2332 1884 2384 ἀκυ-

299 2420 537 2490 ροῦσθαι
576 2421 637 2473 τὸ
685 2421 1143 2489 κατασκεύασμα,
1170 2422 1265 2475 καὶ
1290 2424 1767 2479 ἀποκαθίστασθαι
1812 2428 1880 2497 τῇ

300 2513 553 2583 προτέρᾳ
580 2513 850 2584 ἐκκλησίᾳ
872 2514 962 2567 τὸν
992 2516 1315 2579 ἐπίσκοπον,
1374 2516 1407 2586 ἢ
1455 2516 1546 2569 τὸν
1576 2518 1884 2585 πρεσϐύτε-

301 2620 424 2674 ρον,
453 2604 487 2674 ἢ
506 2606 597 2657 τὸν
626 2604 876 2657 διάκονον
899 2607 977 2666 είς
1003 2606 1069 2677 ἥν
1099 2607 1609 2678 ἐχειροτονήθησαν,
1633 2608 1779 2663 εῐποι
1800 2627 1883 2674 τις

300 2694 682 2750 ἐναντιοῦσθαι
708 2697 835 2759 τοὺς
856 2697 1087 2761 κανόνας
1118 2699 1387 2768 ἀλλήλοις,
1421 2699 1559 2755 ἄλλα
1608 2701 1704 2754 καὶ
1747 2701 1886 2755 ἄλλα

301 2786 797 2857 θεσμοθετοῦντας.
840 2787 981 2842 Ἀλλ’
1006 2791 1107 2844 οὐκ
1140 2792 1259 2844 ἔστι
1288 2792 1467 2844 τοῦτο.
1501 2792 1745 2863 Διαφορὰ
1776 2795 1887 2864 γάρ

306 2882 461 2933 ἐστιν
487 2880 740 2950 ἀλλήλοις
761 2882 1126 2952 μεταθέσεως,
1162 2884 1536 2954 μεταδόσεως,
1575 2887 1670 2939 καὶ
1698 2886 1891 2939 ἐπιϐα-

294 2972 450 3033 σίας.
503 2970 812 3033 Μετάθεσις
867 2972 976 3043 γάρ
1029 2976 1180 3028 ἐστιν
1234 2976 1266 3044 ή
1314 2975 1421 3028 ἀπὸ
1475 2977 1770 3046 παροικίας
1808 2979 1889 3042 είς

1973 517 2102 565 non,
2158 500 2236 555 Ne
2281 500 2511 569 amplius
2545 500 2847 564 ministret,
2890 496 3103 563 inquit,
3178 491 3410 547 clericus
3466 489 3557 557 qui

1972 602 2170 662 prmter
2217 592 2422 660 proprii
2463 590 2701 659 episcopi
2750 589 3115 650 sententiam,
3161 600 3187 636 a
3230 584 3450 638 civitate
3502 581 3555 633 in

1973 684 2252 738 civitatem
2311 683 2530 738 transit.
2597 680 2843 734 Praesens
2890 690 3067 731 autem
3125 690 3299 731 canon
3368 672 3557 725 eadem

1971 774 2135 827 etiam
2194 772 2262 825 de
2305 770 2579 840 episcopis
2604 767 2890 831 definiens,
2940 764 3155 817 irritum
3198 774 3320 815 esse
3370 756 3557 812 statuit

1973 865 2114 936 quod
2145 872 2343 935 prteter
2370 865 2483 918 hate
2518 860 2751 915 fortasse
2780 859 2981 914 factmn
3024 856 3208 909 fuerit.

2512 974 2697 1028 Altera
2730 968 3012 1041 expositio.

2045 1070 2179 1124 Cum
2228 1067 2296 1123 M
2337 1081 2513 1121 canon
2544 1063 2870 1135 apostolicus
2903 1075 2929 1111 a
2969 1054 3226 1127 parochia
3284 1054 3338 1105 in
3395 1064 3558 1119 paro-

1975 1163 2155 1217 chiam
2213 1160 2555 1213 invasioncm
2618 1172 2711 1210 seu
2774 1151 3134 1221 irruptionem
3203 1143 3485 1216 prohibeat
3543 1156 3557 1195 :

1978 1253 2393 1308 translationem
2426 1259 2604 1303 autem
2636 1255 2857 1316 propter
2892 1256 3143 1309 magnam
3191 1247 3244 1291 et
3274 1237 3556 1290 honeStam

1977 1360 2197 1398 causam
2234 1341 2537 1411 permittat,
2568 1350 2619 1392 et
2652 1335 2715 1390 16
2748 1349 2916 1388 canon
2954 1329 3210 1384 Antioch.
3254 1325 3438 1396 synodi
3469 1324 3562 1375 de-

1977 1443 2277 1497 cernat,ut
2306 1433 2397 1501 qui
2444 1438 2598 1485 vacat
2648 1429 2699 1483 in
2752 1432 3031 1479 vacantem
3060 1419 3342 1475 ecclesiam
3381 1426 3559 1467 trans-

1979 1537 2085 1590 cat,
2158 1541 2279 1581 cum
2338 1520 2719 1588 dijudicatione
2769 1527 2823 1571 et
2864 1512 3265 1568 examinatione
3308 1505 3561 1578 perfecne

1978 1614 2173 1686 synodi
2205 1632 2218 1668 :
2249 1610 2721 1677 similiterprimus
2748 1614 2801 1660 et
2827 1603 3097 1660 secundus
3145 1615 3318 1654 canon
3346 1596 3558 1651 Sardic.

1981 1708 2172 1781 synod.
2207 1721 2331 1760 cum
2366 1703 2517 1757 valde
2544 1701 2733 1770 puniat
2758 1698 2848 1767 qui
2876 1696 3117 1763 improba
3140 1693 3223 1744 via
3245 1705 3304 1744 ac
3325 1688 3559 1750 ratione,

1980 1778 2098 1855 cam
2126 1813 2247 1867 qua:
2288 1798 2461 1865 ipsmn
2495 1793 2684 1848 sortita
2727 1797 2806 1845 est
2830 1831 2843 1855 ,
2883 1787 3171 1854 relinquit,
3209 1791 3260 1837 et
3302 1778 3559 1849 majorem

1978 1892 2261 1945 ecclesiam
2302 1895 2531 1954 occupat
2588 1892 2641 1937 et
2706 1882 2901 1951 arripit
2940 1897 2953 1932 :
3000 1887 3054 1931 et
3106 1872 3435 1946 prtesenslS
3467 1887 3561 1923 ca-

1979 1993 2086 2031 non
2126 1976 2312 2046 prima:
2351 1973 2540 2045 synodi
2594 1971 2882 2024 transitum
2912 1968 3311 2037 episcOporuzn,
3341 1960 3563 2032 presby-

1983 2081 2225 2124 terorum
2293 2073 2347 2119 et
2410 2064 2759 2118 diaconorum
2817 2075 2845 2112 a
2898 2059 3118 2113 civitate
3179 2057 3231 2109 in
3286 2053 3561 2107 civitatem

1980 2160 2202 2213 omnino
2254 2156 2574 2226 prohibeat,
2631 2167 2751 2207 cum
2805 2160 2983 2203 autem
3038 2162 3141 2200 non
3196 2145 3420 2213 puniat,
3468 2141 3563 2196 sed

1986 2252 2197 2307 irritqu
2243 2264 2367 2303 esse
2410 2249 2668 2303 decernat
2720 2244 2771 2298 id
2810 2241 2949 2311 quod
3013 2239 3211 2294 factum
3269 2236 3454 2300 fuerit,
3507 2244 3564 2288 et

1980 2343 2148 2414 priori
2200 2340 2445 2396 ecclesia:
2477 2336 2689 2393 restitui
2729 2338 3042 2405 episcopum
3075 2341 3126 2383 et
3158 2329 3562 2400 presbyterum,

1981 2434 2067 2488 vel
2111 2432 2422 2496 diaconum,
2480 2429 2531 2483 in
2561 2442 2721 2497 quam
2749 2423 2980 2478 ordinati
3005 2432 3180 2487 erant,
3206 2418 3569 2486 dixeritquis-

1923 2586 1927 2589 ,
1988 2529 2130 2596 piam
2188 2539 2428 2591 canones
2474 2520 2575 2575 sibi
2621 2519 2852 2573 invicem
2884 2529 3208 2587 repugnare,
3244 2512 3430 2566 utalia
3478 2520 3567 2562 at-

1984 2633 2092 2690 que
2120 2616 2226 2671 alia
2260 2615 2590 2670 saneieutes.
2618 2610 2683 2663 At
2722 2625 2828 2687 non
2860 2609 2932 2662 ita
2965 2617 3069 2661 est.
3109 2604 3243 2660 Nam
3290 2612 3376 2660 est
3412 2602 3570 2656 diffe-

1983 2711 2162 2767 rentia
2192 2709 2332 2762 inter
2360 2703 2771 2760 translationem
2798 2742 2809 2764 ,
2851 2698 3224 2754 transitionem
3256 2706 3311 2751 et
3334 2695 3571 2750 invasio—

1986 2815 2129 2855 nem.
2162 2794 2474 2851 Translatio
2513 2794 2658 2848 enim
2686 2800 2790 2853 est.
2827 2804 2947 2862 quae
2974 2790 3031 2844 fit
3053 2805 3079 2843 a
3105 2788 3357 2860 parochia
3398 2787 3449 2840 in
3478 2801 3573 2856 pa-

1986 2890 2228 2946 rochiam
2261 2886 2802 2956 traductio:qnando
2834 2882 3066 2937 fortasse
3099 2882 3388 2949 episcOpus
3422 2879 3573 2931 varia

1987 2999 2049 3039 ac
2093 2979 2369 3050 multiplici
2423 2978 2645 3034 scientia
2710 2978 3012 3030 instructus
3077 2973 3145 3027 ab
3186 2971 3571 3041 episcoporum

288 3065 605 3135 παρεικίαν
628 3065 930 3135 μετένεξις,
974 3068 1102 3120 ὅταν
1125 3068 1285 3138 τυχὸν
1312 3068 1611 3133 ἐπίσκοπος
1651 3070 1884 3139 παντοίᾳ

1988 3072 2336 3128 multitudine
2358 3110 2373 3135 ,
2409 3069 2462 3124 in
2495 3067 2667 3137 majus
2699 3066 2940 3121 ecclesiae
2980 3064 3155 3118 vidua:
3192 3063 3257 3117 de
3287 3076 3415 3115 vera
3448 3060 3579 3115 reli-

289 3156 469 3227 σοερίᾳ
509 3158 931 3226 κεκοσμημένος
960 3158 1274 3229 μετακληθῇ
1312 3159 1465 3229 παρὰ
1497 3160 1735 3230 πλήθους
1764 3164 1886 3213 ἐπι-

293 3248 531 3301 σκόπων
559 3249 639 3312 είς
673 3248 903 3317 μείζονα
932 3248 1228 3318 ἐκκλησίας
1266 3249 1608 3321 χηρευούσης
1638 3246 1888 3320 βοήθειαν

292 3338 730 3408 κινδυνευούσης
763 3340 892 3409 περὶ
934 3339 1035 3410 τὴν
1062 3341 1368 3395 εὐσέϐειαν.
1412 3337 1537 3395 Οἷόν
1579 3359 1635 3395 τι
1666 3342 1890 3412 γέγονεν

294 3436 381 3494 εἰς
452 3432 546 3485 τδν
601 3433 776 3501 μέγαν
822 3433 1124 3505 Γρηγόριον
1167 3436 1259 3491 τὸν
1301 3436 1581 3505 Θεολόγον,
1630 3437 1738 3491 ἀπὸ
1781 3436 1892 3492 τῶν

298 3522 568 3593 Σασίμων
591 3523 674 3586 είς
703 3525 1280 3579 Κωνσταντινούπολιν
1322 3527 1723 3597 μετατεθέντα..
1773 3527 1887 3581 Καὶ

300 3611 456 3664 ἐστιν
506 3609 646 3679 αὕτη
695 3610 1090 3683 συγχωρητέα,
1142 3612 1325 3675 καθὼς
1390 3613 1726 3683 παρίσταται
1768 3613 1893 3666 ’ἀπὸ

303 3700 404 3755 τοῦ
481 3700 543 3754 ιδ’
597 3702 824 3765 κανόνος
875 3702 985 3756 τῶν
1021 3701 1198 3772 ἁγίων
1247 3704 1583 3759 ἀποστόλων.
1637 3704 1894 3758 Μετάϐα-

312 3798 399 3859 σίς
453 3798 623 3863 ἐστιν,
677 3799 810 3852 ὅταν
859 3814 947 3862 τις
1000 3796 1299 3868 σχολάζων,
1341 3800 1583 3871 δηλονότι
1627 3799 1703 3871 μὴ
1753 3800 1895 3870 έχων

322 3890 633 3956 παροικξαν,
661 3890 738 3950 ὡς
783 3890 892 3944 ὑπὸ
932 3890 1102 3945 ἐθνῶν
1127 3892 1529 3962 κατεχομένην,
1572 3892 1891 3963 ἀναγκασθῇ

333 3980 487 4047 παρὰ
529 3979 827 4036 ἐπισκόπων
872 3982 1088 4036 πολλῶν
1147 3983 1228 4047 είς
1259 3983 1627 4053 σχολάζουσαν
1681 3984 1894 4050 ἐκκλη-

341 4069 458 4124 σίαν
499 4074 790 4144 μεταϐῆναι
827 4076 917 4129 διὰ
945 4077 1006 4129 τὸ
1041 4078 1172 4148 περὶ
1214 4076 1314 4147 τὴν
1360 4075 1673 4145 ὀρθοδοξίαν
1704 4076 1801 4129 καὶ
1825 4074 1895 4128 τὰ

266 4186 269 4191 ν
339 4158 487 4214 λοιπὰ
515 4162 943 4234 ἐκκλησιαστικᾶ
972 4165 1393 4237 χρησιμώτατον
1417 4165 1604 4219 αὑτοῦ.
1639 4165 1750 4219 Καὶ
1778 4164 1894 4219 ἐστι

332 4255 419 4306 καὶ
442 4252 579 4324 αὕτη
608 4256 801 4310 δεκτέα
829 4258 982 4328 παρὰ
1007 4261 1119 4321 τοῖς
1141 4258 1311 4321 θείοις
1340 4258 1528 4312 κανόσι
1555 4257 1661 4311 τῶν
1683 4260 1741 4312 ἐν
1773 4258 1895 4311 Ἀν-

328 4346 527 4417 τιοχεία
575 4348 941 4403 συνελθόντων
962 4350 1135 4418 ἁγίων
1177 4352 1459 4422 Πατέρων.
1498 4350 1783 4413 Ἐπίόασις
1840 4350 1896 4403 δέ

1989 3167 2149 3234 gione
2188 3164 2241 3218 in
2291 3160 2593 3230 periculum
2644 3158 2926 3223 adductae,
2959 3156 3220 3211 auxilium
3269 3152 3573 3208 accersitus

1990 3254 2175 3310 fcerit.
2208 3252 2359 3319 Quod
2409 3263 2605 3319 magno
2654 3247 2919 3317 Gregorio
2964 3245 3238 3312 Theologo
3272 3258 3367 3297 usu
3403 3239 3573 3303 venit,

1991 3345 2081 3415 qui
2116 3361 2144 3397 a
2178 3341 2409 3398 Sasimis
2449 3339 2962 3409 Constantinopolin
3015 3337 3311 3391 translatus
3338 3342 3420 3388 est
3452 3351 3465 3386 τ
3519 3342 3575 3386 et

1990 3451 2053 3491 ea
2106 3443 2189 3492 est
2250 3431 2637 3505 permittenda,
2693 3429 3129 3501 quandoquidem
3179 3442 3209 3480 a
3260 3433 3573 3479 sanctorum

1989 3524 2359 3603 “apostolorum
2411 3523 2478 3578 M
2514 3536 2725 3577 canone
2773 3520 3073 3576 inducitur.
3137 3516 3414 3572 Trausitio
3468 3525 3575 3580 est,

1994 3617 2209 3687 quando
2258 3630 2460 3671 vacans
2526 3614 2779 3669 videlicet
2826 3611 3132 3681 quispiam,
3204 3624 3310 3663 non
3371 3605 3577 3662 habens

1993 3711 2310 3781 parochiam
2364 3723 2485 3778 qua:
2536 3724 2566 3761 a
2617 3706 2908 3775 gentilibus
2955 3703 3254 3767 detinetur,
3308 3714 3336 3754 a
3393 3696 3577 3752 muhis

1993 3802 2262 3871 episcopis
2316 3801 2372 3854 in
2415 3810 2697 3855 vacantem
2747 3795 3035 3852 ecclesiam
3070 3793 3305 3848 transire
3353 3799 3578 3844 coactus

1995 3892 2158 3948 fuerit
2204 3900 2426 3963 propter
2457 3892 2575 3962 ejus
2606 3891 2656 3945 in
2698 3896 2843 3945 recta
2895 3890 2961 3943 de
3006 3886 3114 3942 ﬁde
3155 3883 3479 3941 sententiam
3524 3891 3579 3935 ct

1996 3982 2221 4051 reliquis
2268 3980 2655 4037 ecclesiasticis
2697 3980 2986 4033 utilitatem
3033 3994 3047 4031 :
3097 3985 3153 4031 et
3184 3983 3267 4028 est
3297 3975 3412 4029 ha-c
3438 3984 3577 4040 qua-

1995 4088 2101 4142 que
2130 4071 2471 4142 suscipienda
2505 4087 2533 4125 a
2563 4071 2759 4125 divinis
2792 4068 3090 4125 canonibus
3120 4071 3439 4120 sanctorum
3475 4060 3580 4114 Pa-

1997 4168 2137 4215 trum
2176 4159 2267 4228 qui
2296 4158 2359 4212 in
2388 4157 2673 4212 Antiochla
2704 4163 3095 4210 convenerunt.
3134 4149 3349 4207 luvasio
3398 4158 3581 4203 autem

1940 4262 1941 4265 ‘
1999 4259 2082 4305 est
2128 4249 2321 4315 libera,
2361 4249 2446 4303 vel
2479 4248 2642 4302 etiam
2684 4262 2806 4300 cum
2849 4244 3010 4300 matis
3054 4242 3265 4298 artibus
3308 4240 3581 4307 improbo-

1998 4355 2104 4411 qne
2144 4338 2371 4395 consilio
2402 4379 2418 4402 ,
2479 4338 2596 4409 ejus
2634 4337 2723 4407 qui
2785 4344 2980 4401 vacat,
3027 4333 3110 4388 vel
3151 4332 3240 4400 qui
3282 4331 3445 4384 etiam
3486 4329 3581 4382 ha-

323 4439 515 4508 ἐστινῆ
542 4440 841 4511 αὐτόνομος
872 4442 905 4513 ἦ
930 4443 1023 4495 καὶ⁵
1055 4443 1194 4513 μετὰ
1225 4420 1535 4514 οἰκονομίας
1573 4444 1781 4514 φαύλης
1802 4443 1889 4497 τοῦ

2009 4434 2099 4487 bet
2165 4432 2450 4488 ecclesiam
2519 4429 2800 4499 episcopi,
2870 4426 2935 4481 ad
3008 4425 3221 4480 viduam
3293 4420 3579 4477 ecclesiam

319 4530 709 4599 σχολάζοντος,
769 4533 803 4605 ἢ
858 4535 956 4588 καὶ
1007 4536 1102 4589 τοῦ
1155 4535 1376 4605 ἔχοντος
1430 4535 1729 4606 ἐκκλησίαν
1782 4537 1901 4589 ἐπι-

314 4622 547 4688 σκόπου,
577 4624 1078 4696 πρὸςνχηρεύουσαν
1102 4627 1401 4697 ἐκκλησίαν
1430 4627 1741 4698 παράλογος
1771 4644 1903 4697 μετ-

310 4714 492 4780 ένεξις
518 4730 534 4746 ·
594 4716 662 4783 ἢν
704 4717 959 4772 τοσοῦτον
1028 4719 1078 4771 οἱ
1136 4718 1196 4773 ἐν
1261 4719 1496 4789 Σαρδικῇ
1555 4718 1903 4781 συνελθόντες

307 4807 464 4874 ἅγιοι
517 4808 763 4876 Πατὲρες
812 4808 1186 4874 ἐδδελύξαντο,
1230 4808 1371 4863 ὥστε
1407 4810 1503 4862 καὶ
1534 4808 1902 4876 ἀκοινώνητον

300 4894 455 4952 εῖναι
504 4900 674 4952 παντὶ
724 4901 1040 4971 Χριστιανῷ
1089 4901 1181 4955 τὸν
1223 4900 1465 4972 ἐργάτην
1513 4902 1716 4968 ταύτης
1771 4900 1903 4953 διω-

299 4993 580 5063 ρίσαντο,
636 4993 732 5045 καὶ
781 4991 918 5063 μηδὲ
966 4995 1027 5046 ἐν
1065 4996 1185 5056 ταῖς
1223 4993 1560 5055 τελευταίαις
1601 4993 1903 5055 ἀναπνοαῖς

295 5083 517 5152 λαῖκῆς
567 5082 855 5147 κοινωνίας
880 5082 1166 5148 ἀξιοῦσθαι
1197 5084 1377 5138 αὐτόν.
1422 5082 1481 5138 Ὀ
1504 5082 1561 5136 δὲ
1600 5084 1667 5135 ιεἰ
1716 5081 1902 5136 κανὼν

289 5176 405 5243 τῆς
437 5181 494 5226 α’
547 5174 792 5239 συνόδου,
834 5175 965 5243 περὶ
1024 5174 1253 5244 μηδενὸς
1277 5173 1521 5229 τοιούτου
1556 5175 1748 5244 μνείαν
1782 5191 1904 5228 ποι-

288 5265 576 5334 ούμενος,
639 5264 751 5315 οὐδ’
775 5262 1126 5317 ἐναντιοῦταί
1154 5281 1263 5317 τινι
1292 5264 1402 5316 τῶν
1426 5264 1690 5333 ἀνωτέρω
1728 5278 1902 5316 κατα-

292 5354 679 5427 στρωθέντων
724 5356 991 5410 κανόνων.
1045 5355 1182 5411 Οὔτε
1217 5356 1325 5427 γὰρ
1352 5356 1482 5426 περὶ
1532 5355 1898 5425 μεταθέσεως.

290 5449 436 5503 οὔτε
511 5447 645 5517 περὶ
713 5446 1092 5516 μεταϐάσεως,
1144 5447 1269 5501 οὔτε
1313 5446 1441 5518 περὶ
1485 5444 1780 5507 ἐπιϐασίας
1823 5445 1897 5497 δι·

289 5542 534 5594 δᾶσκειο
590 5536 727 5590 ἀλλὰ
757 5536 959 5590 κωλύει
1007 5536 1067 5589 τὸ
1099 5536 1462 5606 μεταπίπτειν
1504 5533 1829 5599 ἐπίσκοπον,
1867 5532 1900 5604 ἢ

293 5630 721 5701 πρεσϐύτερον,
762 5628 795 5696 ἢ
837 5626 1085 5681 διάκονον
1114 5627 1221 5681 ἀπὸ
1251 5627 1459 5685 πόλεως
1489 5627 1572 5688 είς
1613 5623 1766 5677 πόλιν
1789 5623 1902 5675 ἐτέ-

296 5739 415 5793 ραν
438 5720 761 5791 ἀνήκουσαν
792 5720 858 5789 τῇ
911 5719 1047 5789 αύτῇ
1106 5717 1387 5789 παροικίᾳ,
1442 5715 1633 5786 ὥσπερ
1684 5714 1817 5767 ποτὲ
1870 5712 1898 5765 ό

2007 4526 2204 4597 injusta
2253 4523 2551 4595 aggressio.
2614 4522 2825 4589 Quam,
2886 4516 2975 4588 qui
3043 4517 3095 4570 in
3150 4512 3360 4568 Sardic.
3424 4525 3583 4581 syno~

2006 4619 2074 4673 do
2122 4617 2234 4689 76
2308 4621 2683 4671 convenerunt
2743 4612 2919 4667 sancti
2981 4610 3208 4671 Patres,
3275 4606 3410 4659 adeo
3489 4602 3584 4657 ad-

2004 4710 2206 4765 versati
2282 4717 2465 4774 sunt,
2537 4716 2596 4761 ut
2660 4704 2755 4774 qui
2829 4716 2949 4757 eam
3038 4697 3378 4762 admiserit,
3458 4709 3579 4749 eum

2005 4815 2129 4853 cum
2179 4798 2327 4853 nullo
2372 4810 2529 4866 posse
2561 4794 2882 4850 Christiano
2929 4787 3338 4846 communicare
3373 4794 3581 4840 statue-

2005 4890 2138 4955 rint,
2174 4898 2229 4945 et
2258 4904 2357 4944 nec
2379 4888 2444 4957 fin
2476 4897 2719 4942 extremo
2758 4884 2974 4954 quidem
3027 4880 3217 4950 spiritu
3271 4892 3392 4931 eum
3445 4875 3582 4929 laica

2003 4981 2385 5040 communione
2426 4980 2649 5049 dignum
2699 4976 3030 5040 censuerint,
3080 4972 3147 5027 15
3192 4979 3369 5025 autem
3390 4970 3583 5039 prima

2005 5076 2197 5147 synodi
2228 5088 2402 5130 canon
2431 5074 2496 5129 de
2518 5072 2666 5127 nullo
2694 5067 2957 5141 ejusmodi
2980 5066 3309 5121 mentionem
3339 5062 3582 5127 faciens,

2006 5165 2140 5219 nulli
2165 5178 2380 5229 eorum,
2405 5163 2496 5233 qui
2520 5162 2770 5232 superius
2800 5159 2957 5230 positi
2991 5166 3139 5223 sunt,
3169 5156 3360 5211 canoni
3386 5154 3581 5208 adver-

2005 5239 2157 5313 Satur
2184 5273 2199 5311 :
2226 5271 2401 5326 neque
2432 5255 2575 5310 enim
2621 5254 2692 5308 de
2736 5251 3121 5314 translatione,
3152 5263 3258 5326 nec
3283 5247 3349 5302 de
3383 5243 3581 5299 transi-

2003 5345 2177 5408 tione,
2213 5358 2313 5399 nec
2349 5344 2417 5398 de
2451 5342 2730 5398 invasione
2774 5342 2930 5395 docet
2970 5356 2986 5394 :
3032 5338 3125 5394 sed
3172 5335 3419 5406 prohibet
3466 5333 3583 5401 θρῖα

2005 5449 2250 5503 scopum,
2299 5433 2383 5489 vel
2436 5435 2846 5504 presbyterum,
2894 5429 2976 5484 vel
3027 5429 3311 5483 diaconum
3344 5425 3411 5477 ab
3448 5425 3580 5477 urbe

2008 5526 2060 5581 in
2099 5526 2285 5580 urbem
2334 5528 2400 5580 ad
2441 5542 2596 5583 suam
2633 5525 2944 5596 parochiam
2982 5523 3340 5592 pertinentem
3393 5524 3589 5572 trans-

2005 5631 2187 5672 meare
2212 5633 2277 5673 ae
2300 5619 2595 5683 transilire,
2637 5618 2781 5672 sicut
2821 5616 2908 5671 ille
2974 5614 3126 5671 Derci
3156 5612 3442 5682 episcopus
3481 5611 3578 5663 doc

2006 5712 2194 5769 minus.
2219 5710 2474 5782 Joannes,
2499 5718 2722 5769 conatus
2765 5717 2849 5767 est
2882 5708 3038 5764 Derci
3094 5709 3347 5762 thronum
3398 5712 3578 5759 trans—
