  <div class='ocr_page' id='page_1' title='image "/cluster/home/n/w/nwhite01/storage/ocr_20150623/137:no.1/coo.31924054870427/149.png"; bbox 0 0 4072 6384; ppageno 0'>
   <div class='ocr_carea' id='block_1_1' title="bbox 498 267 606 330">
    <p class='ocr_par' dir='ltr' id='par_1_1' title="bbox 498 267 606 330">
     <span class='ocr_line' id='line_1_1' title="bbox 498 267 606 330; baseline -0.028 0"><span class='ocrx_word' id='word_1_1' title='bbox 498 267 606 330; x_wconf 66' lang='grc'><strong>283</strong></span> 
     </span>
    </p>
   </div>
   <div class='ocr_carea' id='block_1_2' title="bbox 1761 262 2489 326">
    <p class='ocr_par' dir='ltr' id='par_1_2' title="bbox 1761 262 2489 326">
     <span class='ocr_line' id='line_1_2' title="bbox 1761 262 2489 326; baseline -0.005 0"><span class='ocrx_word' id='word_1_2' title='bbox 1761 264 2042 326; x_wconf 82' lang='grc' dir='ltr'><strong>ΤΙΙΕΟΙ).</strong></span> <span class='ocrx_word' id='word_1_3' title='bbox 2086 262 2489 322; x_wconf 65' lang='lat' dir='ltr'><strong>BALSAMON</strong></span> 
     </span>
    </p>
   </div>
   <div class='ocr_carea' id='block_1_3' title="bbox 3674 258 3773 323">
    <p class='ocr_par' dir='ltr' id='par_1_3' title="bbox 3674 258 3773 323">
     <span class='ocr_line' id='line_1_3' title="bbox 3674 258 3773 323; baseline -0.02 0"><span class='ocrx_word' id='word_1_4' title='bbox 3674 258 3773 323; x_wconf 70' lang='grc'><strong>284</strong></span> 
     </span>
    </p>
   </div>
   <div class='ocr_carea' id='block_1_4' title="bbox 500 346 2089 443">
    <p class='ocr_par' dir='ltr' id='par_1_4' title="bbox 500 372 2076 443">
     <span class='ocr_line' id='line_1_4' title="bbox 500 372 2076 443; baseline 0.003 -20"><span class='ocrx_word' id='word_1_5' title='bbox 500 378 641 429; x_wconf 85' lang='lat' dir='ltr'><strong>terre</strong></span> <span class='ocrx_word' id='word_1_6' title='bbox 693 373 746 427; x_wconf 92' lang='lat' dir='ltr'><strong>in</strong></span> <span class='ocrx_word' id='word_1_7' title='bbox 798 372 1237 443; x_wconf 75' lang='lat' dir='ltr'><strong>Philippopolim,</strong></span> <span class='ocrx_word' id='word_1_8' title='bbox 1291 375 1343 426; x_wconf 87' lang='lat' dir='ltr'><strong>in</strong></span> <span class='ocrx_word' id='word_1_9' title='bbox 1394 387 1499 442; x_wconf 86' lang='lat' dir='ltr'><strong>qna</strong></span> <span class='ocrx_word' id='word_1_10' title='bbox 1571 372 1907 441; x_wconf 80' lang='lat' dir='ltr'><strong>superiorem</strong></span> <span class='ocrx_word' id='word_1_11' title='bbox 1962 373 2076 441; x_wconf 88' lang='lat' dir='ltr'><strong>ipse</strong></span> 
     </span>
    </p>
   </div>
   <div class='ocr_carea' id='block_1_5' title="bbox 2194 346 3777 443">
    <p class='ocr_par' dir='ltr' id='par_1_5' title="bbox 2194 365 3777 439">
     <span class='ocr_line' id='line_1_5' title="bbox 2194 365 3777 439; baseline -0.001 -18"><span class='ocrx_word' id='word_1_12' title='bbox 2194 370 2479 431; x_wconf 78' lang='grc' dir='ltr'>ιπίσκοπος</span> <span class='ocrx_word' id='word_1_13' title='bbox 2516 368 2723 439; x_wconf 78' lang='grc' dir='ltr'>Δέρκου</span> <span class='ocrx_word' id='word_1_14' title='bbox 2770 368 2977 431; x_wconf 85' lang='grc' dir='ltr'>ἐκεῖνος</span> <span class='ocrx_word' id='word_1_15' title='bbox 3007 365 3199 439; x_wconf 83' lang='grc' dir='ltr'>κύριος</span> <span class='ocrx_word' id='word_1_16' title='bbox 3274 367 3534 439; x_wconf 81' lang='grc' dir='ltr'><strong>Ἰωάννης</strong></span> <span class='ocrx_word' id='word_1_17' title='bbox 3562 370 3777 439; x_wconf 79' lang='grc' dir='ltr'>ἐπεχεί-</span> 
     </span>
    </p>
   </div>
   <div class='ocr_carea' id='block_1_6' title="bbox 496 463 2082 535">
    <p class='ocr_par' dir='ltr' id='par_1_6' title="bbox 496 463 2082 535">
     <span class='ocr_line' id='line_1_6' title="bbox 496 463 2082 535; baseline 0.003 -22"><span class='ocrx_word' id='word_1_18' title='bbox 496 464 930 535; x_wconf 72' lang='lat' dir='ltr'><strong>jurisdictioncm</strong></span> <span class='ocrx_word' id='word_1_19' title='bbox 952 464 1169 531; x_wconf 88' lang='lat' dir='ltr'><strong>habeat,</strong></span> <span class='ocrx_word' id='word_1_20' title='bbox 1194 480 1257 519; x_wconf 92' lang='lat' dir='ltr'><strong>co</strong></span> <span class='ocrx_word' id='word_1_21' title='bbox 1280 465 1421 533; x_wconf 85' lang='lat' dir='ltr'><strong>quod</strong></span> <span class='ocrx_word' id='word_1_22' title='bbox 1445 477 1588 520; x_wconf 90' lang='lat' dir='ltr'><strong>esset</strong></span> <span class='ocrx_word' id='word_1_23' title='bbox 1613 464 1701 518; x_wconf 89' lang='lat' dir='ltr'><strong>illa</strong></span> <span class='ocrx_word' id='word_1_24' title='bbox 1728 463 2082 533; x_wconf 77' lang='lat' dir='ltr'><strong>frequentior,</strong></span> 
     </span>
    </p>
   </div>
   <div class='ocr_carea' id='block_1_7' title="bbox 500 555 2082 629">
    <p class='ocr_par' dir='ltr' id='par_1_7' title="bbox 500 555 2082 629">
     <span class='ocr_line' id='line_1_7' title="bbox 500 555 2082 629; baseline -0.003 -14"><span class='ocrx_word' id='word_1_25' title='bbox 500 567 554 615; x_wconf 84' lang='lat' dir='ltr'><strong>et</strong></span> <span class='ocrx_word' id='word_1_26' title='bbox 602 560 705 613; x_wconf 89' lang='lat' dir='ltr'><strong>fuit</strong></span> <span class='ocrx_word' id='word_1_27' title='bbox 748 558 1006 629; x_wconf 78' lang='lat' dir='ltr'><strong>synodico</strong></span> <span class='ocrx_word' id='word_1_28' title='bbox 1055 556 1383 627; x_wconf 91' lang='lat' dir='ltr'><strong>prohibitus.</strong></span> <span class='ocrx_word' id='word_1_29' title='bbox 1438 557 1729 627; x_wconf 83' lang='lat' dir='ltr'><strong>Propterea</strong></span> <span class='ocrx_word' id='word_1_30' title='bbox 1774 555 1919 611; x_wconf 89' lang='lat' dir='ltr'><strong>enim</strong></span> <span class='ocrx_word' id='word_1_31' title='bbox 1979 571 2082 611; x_wconf 87' lang='lat' dir='ltr'><strong>non</strong></span> 
     </span>
    </p>
   </div>
   <div class='ocr_carea' id='block_1_8' title="bbox 501 650 2081 722">
    <p class='ocr_par' dir='ltr' id='par_1_8' title="bbox 501 650 2081 722">
     <span class='ocr_line' id='line_1_8' title="bbox 501 650 2081 722; baseline 0 -20"><span class='ocrx_word' id='word_1_32' title='bbox 501 653 722 722; x_wconf 83' lang='lat' dir='ltr'><strong>punitur</strong></span> <span class='ocrx_word' id='word_1_33' title='bbox 779 654 892 705; x_wconf 74' lang='lat' dir='ltr'><strong>inec</strong></span> <span class='ocrx_word' id='word_1_34' title='bbox 936 662 1163 705; x_wconf 89' lang='lat' dir='ltr'><strong>conatus</strong></span> <span class='ocrx_word' id='word_1_35' title='bbox 1228 651 1561 721; x_wconf 87' lang='lat' dir='ltr'><strong>episcopus,</strong></span> <span class='ocrx_word' id='word_1_36' title='bbox 1608 650 1704 705; x_wconf 88' lang='lat' dir='ltr'><strong>sed</strong></span> <span class='ocrx_word' id='word_1_37' title='bbox 1729 650 1781 704; x_wconf 93' lang='lat' dir='ltr'><strong>in</strong></span> <span class='ocrx_word' id='word_1_38' title='bbox 1844 650 2081 719; x_wconf 86' lang='lat' dir='ltr'><strong>priorem</strong></span> 
     </span>
    </p>
   </div>
   <div class='ocr_carea' id='block_1_9' title="bbox 500 741 2083 808">
    <p class='ocr_par' dir='ltr' id='par_1_9' title="bbox 500 741 2083 808">
     <span class='ocr_line' id='line_1_9' title="bbox 500 741 2083 808; baseline -0.003 -11"><span class='ocrx_word' id='word_1_39' title='bbox 500 760 654 797; x_wconf 79' lang='lat' dir='ltr'><strong>suam</strong></span> <span class='ocrx_word' id='word_1_40' title='bbox 678 742 993 797; x_wconf 85' lang='lat' dir='ltr'><strong>cathedram</strong></span> <span class='ocrx_word' id='word_1_41' title='bbox 1027 742 1328 798; x_wconf 84' lang='lat' dir='ltr'><strong>reducitur.</strong></span> <span class='ocrx_word' id='word_1_42' title='bbox 1367 742 1522 808; x_wconf 87' lang='lat' dir='ltr'><strong>Quod</strong></span> <span class='ocrx_word' id='word_1_43' title='bbox 1554 741 1656 797; x_wconf 89' lang='lat' dir='ltr'><strong>hoc</strong></span> <span class='ocrx_word' id='word_1_44' title='bbox 1689 750 1866 795; x_wconf 90' lang='lat' dir='ltr'><strong>autem</strong></span> <span class='ocrx_word' id='word_1_45' title='bbox 1894 755 2083 795; x_wconf 83' lang='lat' dir='ltr'><strong>verum</strong></span> 
     </span>
    </p>
   </div>
   <div class='ocr_carea' id='block_1_10' title="bbox 502 830 2084 903">
    <p class='ocr_par' dir='ltr' id='par_1_10' title="bbox 502 830 2084 903">
     <span class='ocr_line' id='line_1_10' title="bbox 502 830 2084 903; baseline -0.001 -16"><span class='ocrx_word' id='word_1_46' title='bbox 502 837 594 900; x_wconf 87' lang='lat' dir='ltr'><strong>sit,</strong></span> <span class='ocrx_word' id='word_1_47' title='bbox 619 850 684 889; x_wconf 81' lang='lat' dir='ltr'><strong>ex</strong></span> <span class='ocrx_word' id='word_1_48' title='bbox 718 834 851 903; x_wconf 88' lang='lat' dir='ltr'><strong>ipsis</strong></span> <span class='ocrx_word' id='word_1_49' title='bbox 880 835 1109 889; x_wconf 80' lang='lat' dir='ltr'><strong>canonis</strong></span> <span class='ocrx_word' id='word_1_50' title='bbox 1136 834 1318 889; x_wconf 87' lang='lat' dir='ltr'><strong>verbis</strong></span> <span class='ocrx_word' id='word_1_51' title='bbox 1337 833 1665 899; x_wconf 77' lang='lat' dir='ltr'><strong>declaratur,</strong></span> <span class='ocrx_word' id='word_1_52' title='bbox 1695 847 1815 903; x_wconf 66' lang='lat' dir='ltr'><strong>quae</strong></span> <span class='ocrx_word' id='word_1_53' title='bbox 1846 830 2084 886; x_wconf 87' lang='lat' dir='ltr'><strong>civitatis</strong></span> 
     </span>
    </p>
   </div>
   <div class='ocr_carea' id='block_1_11' title="bbox 505 923 2084 994">
    <p class='ocr_par' dir='ltr' id='par_1_11' title="bbox 505 923 2084 994">
     <span class='ocr_line' id='line_1_11' title="bbox 505 923 2084 994; baseline -0.001 -17"><span class='ocrx_word' id='word_1_54' title='bbox 505 927 890 990; x_wconf 74' lang='lat' dir='ltr'><strong>titetninerunt,</strong></span> <span class='ocrx_word' id='word_1_55' title='bbox 932 941 1038 979; x_wconf 90' lang='lat' dir='ltr'><strong>non</strong></span> <span class='ocrx_word' id='word_1_56' title='bbox 1082 924 1375 994; x_wconf 62' lang='lat' dir='ltr'><strong>parochias.</strong></span> <span class='ocrx_word' id='word_1_57' title='bbox 1414 925 1649 980; x_wconf 85' lang='lat' dir='ltr'><strong>Utidem</strong></span> <span class='ocrx_word' id='word_1_58' title='bbox 1686 924 1833 979; x_wconf 89' lang='lat' dir='ltr'><strong>enim</strong></span> <span class='ocrx_word' id='word_1_59' title='bbox 1873 923 2084 991; x_wconf 83' lang='lat' dir='ltr'><strong>cpisco-</strong></span> 
     </span>
    </p>
   </div>
   <div class='ocr_carea' id='block_1_12' title="bbox 504 1013 2084 1086">
    <p class='ocr_par' dir='ltr' id='par_1_12' title="bbox 504 1013 2084 1086">
     <span class='ocr_line' id='line_1_12' title="bbox 504 1013 2084 1086; baseline -0.001 -17"><span class='ocrx_word' id='word_1_60' title='bbox 504 1030 605 1083; x_wconf 85' lang='lat' dir='ltr'><strong>pus</strong></span> <span class='ocrx_word' id='word_1_61' title='bbox 646 1017 848 1071; x_wconf 87' lang='lat' dir='ltr'><strong>mnltas</strong></span> <span class='ocrx_word' id='word_1_62' title='bbox 882 1015 1101 1086; x_wconf 84' lang='lat' dir='ltr'><strong>quidem</strong></span> <span class='ocrx_word' id='word_1_63' title='bbox 1148 1016 1346 1070; x_wconf 86' lang='lat' dir='ltr'><strong>habeat</strong></span> <span class='ocrx_word' id='word_1_64' title='bbox 1395 1016 1649 1070; x_wconf 79' lang='lat' dir='ltr'><strong>civitates</strong></span> <span class='ocrx_word' id='word_1_65' title='bbox 1690 1014 1835 1069; x_wconf 91' lang='lat' dir='ltr'><strong>intra</strong></span> <span class='ocrx_word' id='word_1_66' title='bbox 1881 1013 2084 1067; x_wconf 80' lang='lat' dir='ltr'><strong>limites</strong></span> 
     </span>
    </p>
   </div>
   <div class='ocr_carea' id='block_1_13' title="bbox 502 1102 2083 1175">
    <p class='ocr_par' dir='ltr' id='par_1_13' title="bbox 502 1102 2083 1175">
     <span class='ocr_line' id='line_1_13' title="bbox 502 1102 2083 1175; baseline -0.002 -14"><span class='ocrx_word' id='word_1_67' title='bbox 502 1112 645 1172; x_wconf 85' lang='lat' dir='ltr'><strong>ejus,</strong></span> <span class='ocrx_word' id='word_1_68' title='bbox 678 1106 792 1159; x_wconf 85' lang='lat' dir='ltr'><strong>fieri</strong></span> <span class='ocrx_word' id='word_1_69' title='bbox 837 1116 1015 1175; x_wconf 88' lang='lat' dir='ltr'><strong>potest</strong></span> <span class='ocrx_word' id='word_1_70' title='bbox 1050 1123 1063 1159; x_wconf 91' lang='lat'><strong>:</strong></span> <span class='ocrx_word' id='word_1_71' title='bbox 1097 1106 1188 1161; x_wconf 89' lang='lat' dir='ltr'><strong>sed</strong></span> <span class='ocrx_word' id='word_1_72' title='bbox 1226 1120 1568 1175; x_wconf 86' lang='lat' dir='ltr'><strong>nequaquam</strong></span> <span class='ocrx_word' id='word_1_73' title='bbox 1602 1114 1660 1159; x_wconf 92' lang='lat' dir='ltr'><strong>ut</strong></span> <span class='ocrx_word' id='word_1_74' title='bbox 1685 1102 1883 1159; x_wconf 88' lang='lat' dir='ltr'><strong>multas</strong></span> <span class='ocrx_word' id='word_1_75' title='bbox 1920 1118 2083 1173; x_wconf 85' lang='lat' dir='ltr'><strong>paro-</strong></span> 
     </span>
    </p>
   </div>
   <div class='ocr_carea' id='block_1_14' title="bbox 503 1194 2083 1266">
    <p class='ocr_par' dir='ltr' id='par_1_14' title="bbox 503 1194 2083 1266">
     <span class='ocr_line' id='line_1_14' title="bbox 503 1194 2083 1266; baseline -0.004 -15"><span class='ocrx_word' id='word_1_76' title='bbox 503 1198 657 1251; x_wconf 87' lang='lat' dir='ltr'><strong>chias</strong></span> <span class='ocrx_word' id='word_1_77' title='bbox 682 1214 780 1253; x_wconf 87' lang='lat' dir='ltr'><strong>seu</strong></span> <span class='ocrx_word' id='word_1_78' title='bbox 829 1199 1115 1253; x_wconf 75' lang='lat' dir='ltr'><strong>diwceses.</strong></span> <span class='ocrx_word' id='word_1_79' title='bbox 1166 1196 1271 1253; x_wconf 88' lang='lat' dir='ltr'><strong>Sed</strong></span> <span class='ocrx_word' id='word_1_80' title='bbox 1297 1206 1353 1252; x_wconf 92' lang='lat' dir='ltr'><strong>et</strong></span> <span class='ocrx_word' id='word_1_81' title='bbox 1382 1212 1445 1251; x_wconf 79' lang='lat' dir='ltr'><strong>ex</strong></span> <span class='ocrx_word' id='word_1_82' title='bbox 1480 1211 1545 1251; x_wconf 92' lang='lat' dir='ltr'><strong>eo</strong></span> <span class='ocrx_word' id='word_1_83' title='bbox 1573 1194 1720 1266; x_wconf 89' lang='lat' dir='ltr'><strong>quod</strong></span> <span class='ocrx_word' id='word_1_84' title='bbox 1749 1209 1921 1247; x_wconf 90' lang='lat' dir='ltr'><strong>canon</strong></span> <span class='ocrx_word' id='word_1_85' title='bbox 1960 1207 2083 1262; x_wconf 78' lang='lat' dir='ltr'><strong>pre-</strong></span> 
     </span>
    </p>
   </div>
   <div class='ocr_carea' id='block_1_15' title="bbox 504 1286 2083 1362">
    <p class='ocr_par' dir='ltr' id='par_1_15' title="bbox 504 1286 2083 1362">
     <span class='ocr_line' id='line_1_15' title="bbox 504 1286 2083 1362; baseline -0.003 -20"><span class='ocrx_word' id='word_1_86' title='bbox 504 1293 850 1362; x_wconf 85' lang='lat' dir='ltr'><strong>sbyterorum</strong></span> <span class='ocrx_word' id='word_1_87' title='bbox 885 1303 939 1346; x_wconf 92' lang='lat' dir='ltr'><strong>et</strong></span> <span class='ocrx_word' id='word_1_88' title='bbox 962 1292 1309 1346; x_wconf 79' lang='lat' dir='ltr'><strong>diaconorum</strong></span> <span class='ocrx_word' id='word_1_89' title='bbox 1358 1289 1629 1350; x_wconf 87' lang='lat' dir='ltr'><strong>meminit,</strong></span> <span class='ocrx_word' id='word_1_90' title='bbox 1674 1286 1951 1341; x_wconf 86' lang='lat' dir='ltr'><strong>evidenter</strong></span> <span class='ocrx_word' id='word_1_91' title='bbox 1992 1300 2083 1338; x_wconf 80' lang='lat' dir='ltr'><strong>ve-</strong></span> 
     </span>
    </p>
   </div>
   <div class='ocr_carea' id='block_1_16' title="bbox 507 1375 2079 1447">
    <p class='ocr_par' dir='ltr' id='par_1_16' title="bbox 507 1375 2079 1447">
     <span class='ocr_line' id='line_1_16' title="bbox 507 1375 2079 1447; baseline -0.004 -14"><span class='ocrx_word' id='word_1_92' title='bbox 507 1383 641 1436; x_wconf 88' lang='lat' dir='ltr'><strong>ritas</strong></span> <span class='ocrx_word' id='word_1_93' title='bbox 662 1381 987 1436; x_wconf 83' lang='lat' dir='ltr'><strong>ostenditur.</strong></span> <span class='ocrx_word' id='word_1_94' title='bbox 1011 1381 1142 1447; x_wconf 75' lang='lat' dir='ltr'><strong>Qua:</strong></span> <span class='ocrx_word' id='word_1_95' title='bbox 1172 1381 1315 1434; x_wconf 91' lang='lat' dir='ltr'><strong>enim</strong></span> <span class='ocrx_word' id='word_1_96' title='bbox 1351 1378 1657 1442; x_wconf 88' lang='lat' dir='ltr'><strong>translatio,</strong></span> <span class='ocrx_word' id='word_1_97' title='bbox 1688 1378 1770 1431; x_wconf 88' lang='lat' dir='ltr'><strong>vel</strong></span> <span class='ocrx_word' id='word_1_98' title='bbox 1805 1375 2079 1439; x_wconf 84' lang='lat' dir='ltr'><strong>transilio,</strong></span> 
     </span>
    </p>
   </div>
   <div class='ocr_carea' id='block_1_17' title="bbox 507 1465 2080 1542">
    <p class='ocr_par' dir='ltr' id='par_1_17' title="bbox 507 1465 2080 1542">
     <span class='ocr_line' id='line_1_17' title="bbox 507 1465 2080 1542; baseline -0.002 -19"><span class='ocrx_word' id='word_1_99' title='bbox 507 1473 589 1525; x_wconf 76' lang='lat' dir='ltr'><strong>vel</strong></span> <span class='ocrx_word' id='word_1_100' title='bbox 638 1473 845 1527; x_wconf 89' lang='lat' dir='ltr'><strong>invasio</strong></span> <span class='ocrx_word' id='word_1_101' title='bbox 886 1474 938 1527; x_wconf 92' lang='lat' dir='ltr'><strong>in</strong></span> <span class='ocrx_word' id='word_1_102' title='bbox 990 1472 1075 1526; x_wconf 90' lang='lat' dir='ltr'><strong>his</strong></span> <span class='ocrx_word' id='word_1_103' title='bbox 1124 1487 1360 1542; x_wconf 84' lang='lat' dir='ltr'><strong>unquam</strong></span> <span class='ocrx_word' id='word_1_104' title='bbox 1402 1479 1580 1539; x_wconf 90' lang='lat' dir='ltr'><strong>potest</strong></span> <span class='ocrx_word' id='word_1_105' title='bbox 1611 1467 1879 1523; x_wconf 75' lang='lat' dir='ltr'><strong>tractari?</strong></span> <span class='ocrx_word' id='word_1_106' title='bbox 1926 1465 2080 1521; x_wconf 68' lang='lat' dir='ltr'><strong>Nulla</strong></span> 
     </span>
    </p>
   </div>
   <div class='ocr_carea' id='block_1_18' title="bbox 506 1558 2078 1622">
    <p class='ocr_par' dir='ltr' id='par_1_18' title="bbox 506 1558 2078 1622">
     <span class='ocr_line' id='line_1_18' title="bbox 506 1558 2078 1622; baseline -0.004 -6"><span class='ocrx_word' id='word_1_107' title='bbox 506 1562 764 1617; x_wconf 88' lang='lat' dir='ltr'><strong>omnino:</strong></span> <span class='ocrx_word' id='word_1_108' title='bbox 806 1564 899 1618; x_wconf 87' lang='lat' dir='ltr'><strong>sed</strong></span> <span class='ocrx_word' id='word_1_109' title='bbox 939 1565 1051 1618; x_wconf 90' lang='lat' dir='ltr'><strong>sola</strong></span> <span class='ocrx_word' id='word_1_110' title='bbox 1084 1563 1466 1617; x_wconf 87' lang='lat' dir='ltr'><strong>transmutatio</strong></span> <span class='ocrx_word' id='word_1_111' title='bbox 1517 1562 1584 1615; x_wconf 92' lang='lat' dir='ltr'><strong>ab</strong></span> <span class='ocrx_word' id='word_1_112' title='bbox 1617 1562 1749 1615; x_wconf 85' lang='lat' dir='ltr'><strong>urbe</strong></span> <span class='ocrx_word' id='word_1_113' title='bbox 1782 1560 1833 1614; x_wconf 91' lang='lat' dir='ltr'><strong>in</strong></span> <span class='ocrx_word' id='word_1_114' title='bbox 1870 1558 2078 1622; x_wconf 87' lang='lat' dir='ltr'><strong>urbem,</strong></span> 
     </span>
    </p>
   </div>
   <div class='ocr_carea' id='block_1_19' title="bbox 508 1646 2082 1721">
    <p class='ocr_par' dir='ltr' id='par_1_19' title="bbox 508 1646 2082 1721">
     <span class='ocr_line' id='line_1_19' title="bbox 508 1646 2082 1721; baseline -0.004 -16"><span class='ocrx_word' id='word_1_115' title='bbox 508 1670 613 1707; x_wconf 83' lang='lat' dir='ltr'><strong>non</strong></span> <span class='ocrx_word' id='word_1_116' title='bbox 659 1655 912 1718; x_wconf 87' lang='lat' dir='ltr'><strong>alienam,</strong></span> <span class='ocrx_word' id='word_1_117' title='bbox 958 1653 1049 1707; x_wconf 86' lang='lat' dir='ltr'><strong>sed</strong></span> <span class='ocrx_word' id='word_1_118' title='bbox 1085 1656 1149 1705; x_wconf 90' lang='lat' dir='ltr'><strong>ad</strong></span> <span class='ocrx_word' id='word_1_119' title='bbox 1184 1651 1529 1721; x_wconf 87' lang='lat' dir='ltr'><strong>parochiam,</strong></span> <span class='ocrx_word' id='word_1_120' title='bbox 1565 1651 1617 1705; x_wconf 91' lang='lat' dir='ltr'><strong>in</strong></span> <span class='ocrx_word' id='word_1_121' title='bbox 1651 1666 1812 1720; x_wconf 86' lang='lat' dir='ltr'><strong>quam</strong></span> <span class='ocrx_word' id='word_1_122' title='bbox 1846 1646 2082 1701; x_wconf 86' lang='lat' dir='ltr'><strong>ordinati</strong></span> 
     </span>
    </p>
   </div>
   <div class='ocr_carea' id='block_1_20' title="bbox 2196 460 3777 535">
    <p class='ocr_par' dir='ltr' id='par_1_20' title="bbox 2196 460 3777 535">
     <span class='ocr_line' id='line_1_20' title="bbox 2196 460 3777 535; baseline 0 -21"><span class='ocrx_word' id='word_1_123' title='bbox 2196 479 2332 535; x_wconf 86' lang='grc' dir='ltr'>ρησε</span> <span class='ocrx_word' id='word_1_124' title='bbox 2376 461 2468 515; x_wconf 75' lang='grc' dir='ltr'>τὸν</span> <span class='ocrx_word' id='word_1_125' title='bbox 2494 460 2685 530; x_wconf 88' lang='grc' dir='ltr'>θρόνον</span> <span class='ocrx_word' id='word_1_126' title='bbox 2732 460 2831 529; x_wconf 84' lang='grc' dir='ltr'>τῆς</span> <span class='ocrx_word' id='word_1_127' title='bbox 2880 460 3086 529; x_wconf 83' lang='grc' dir='ltr'>Δέρκου</span> <span class='ocrx_word' id='word_1_128' title='bbox 3124 463 3456 529; x_wconf 82' lang='grc' dir='ltr'><strong>μεταγαγεῖν</strong></span> <span class='ocrx_word' id='word_1_129' title='bbox 3486 462 3567 524; x_wconf 74' lang='grc' dir='ltr'>εἰς</span> <span class='ocrx_word' id='word_1_130' title='bbox 3592 465 3653 514; x_wconf 73' lang='grc' dir='ltr'>τὸ</span> <span class='ocrx_word' id='word_1_131' title='bbox 3684 463 3777 514; x_wconf 66' lang='lat' dir='ltr'><strong>to&quot;)</strong></span> 
     </span>
    </p>
   </div>
   <div class='ocr_carea' id='block_1_21' title="bbox 2187 550 3783 624">
    <p class='ocr_par' dir='ltr' id='par_1_21' title="bbox 2187 550 3783 624">
     <span class='ocr_line' id='line_1_21' title="bbox 2187 550 3783 624; baseline -0.005 -15"><span class='ocrx_word' id='word_1_132' title='bbox 2187 555 2352 610; x_wconf 76' lang='grc' dir='ltr'>Φιλέα</span> <span class='ocrx_word' id='word_1_133' title='bbox 2372 552 2890 624; x_wconf 77' lang='grc' dir='ltr'>πρωτοπαπαδίκιον</span> <span class='ocrx_word' id='word_1_134' title='bbox 2906 550 3091 616; x_wconf 79' lang='grc' dir='ltr'>αὐτοῦ,</span> <span class='ocrx_word' id='word_1_135' title='bbox 3112 550 3199 604; x_wconf 79' lang='grc' dir='ltr'><strong>διὰ</strong></span> <span class='ocrx_word' id='word_1_136' title='bbox 3221 550 3281 605; x_wconf 70' lang='grc' dir='ltr'><strong>τὸ</strong></span> <span class='ocrx_word' id='word_1_137' title='bbox 3302 551 3783 622; x_wconf 68' lang='grc' dir='ltr'>πολυανθρωποτᾲ</span> 
     </span>
    </p>
   </div>
   <div class='ocr_carea' id='block_1_22' title="bbox 2192 641 3782 717">
    <p class='ocr_par' dir='ltr' id='par_1_22' title="bbox 2192 641 3782 717">
     <span class='ocr_line' id='line_1_22' title="bbox 2192 641 3782 717; baseline -0.002 -19"><span class='ocrx_word' id='word_1_138' title='bbox 2192 663 2293 717; x_wconf 84' lang='grc' dir='ltr'><strong>ραν</strong></span> <span class='ocrx_word' id='word_1_139' title='bbox 2325 641 2495 705; x_wconf 77' lang='grc' dir='ltr'>εἶναι,</span> <span class='ocrx_word' id='word_1_140' title='bbox 2537 644 2634 697; x_wconf 84' lang='grc' dir='ltr'>καὶ</span> <span class='ocrx_word' id='word_1_141' title='bbox 2665 642 2913 714; x_wconf 80' lang='grc' dir='ltr'><strong>ἐκωλύθη</strong></span> <span class='ocrx_word' id='word_1_142' title='bbox 2947 641 3263 705; x_wconf 82' lang='grc' dir='ltr'>συνοδικῶς.</span> <span class='ocrx_word' id='word_1_143' title='bbox 3306 642 3405 694; x_wconf 73' lang='grc' dir='ltr'>Διὰ</span> <span class='ocrx_word' id='word_1_144' title='bbox 3452 642 3561 711; x_wconf 78' lang='grc' dir='ltr'><strong>γὰρ</strong></span> <span class='ocrx_word' id='word_1_145' title='bbox 3621 642 3782 695; x_wconf 79' lang='grc' dir='ltr'>τοῦτο</span> 
     </span>
    </p>
   </div>
   <div class='ocr_carea' id='block_1_23' title="bbox 2194 733 3785 804">
    <p class='ocr_par' dir='ltr' id='par_1_23' title="bbox 2194 733 3785 804">
     <span class='ocr_line' id='line_1_23' title="bbox 2194 733 3785 804; baseline -0.004 -13"><span class='ocrx_word' id='word_1_146' title='bbox 2194 738 2315 792; x_wconf 65' lang='grc' dir='ltr'>οὐδὲ</span> <span class='ocrx_word' id='word_1_147' title='bbox 2350 736 2637 799; x_wconf 73' lang='grc' dir='ltr'><strong>κολάζεται</strong></span> <span class='ocrx_word' id='word_1_148' title='bbox 2662 736 2692 787; x_wconf 87' lang='grc' dir='ltr'><strong>ό</strong></span> <span class='ocrx_word' id='word_1_149' title='bbox 2711 734 2868 788; x_wconf 84' lang='grc' dir='ltr'>τοῦτο</span> <span class='ocrx_word' id='word_1_150' title='bbox 2896 733 3257 804; x_wconf 70' lang='grc' dir='ltr'><strong>ἐπιχειρήσας</strong></span> <span class='ocrx_word' id='word_1_151' title='bbox 3294 733 3615 799; x_wconf 78' lang='grc' dir='ltr'>ἐπίσκοπος,</span> <span class='ocrx_word' id='word_1_152' title='bbox 3643 733 3785 786; x_wconf 79' lang='grc' dir='ltr'>ἀλλὰ</span> 
     </span>
    </p>
   </div>
   <div class='ocr_carea' id='block_1_24' title="bbox 2187 824 3783 898">
    <p class='ocr_par' dir='ltr' id='par_1_24' title="bbox 2187 824 3783 898">
     <span class='ocr_line' id='line_1_24' title="bbox 2187 824 3783 898; baseline -0.001 -18"><span class='ocrx_word' id='word_1_153' title='bbox 2187 829 2287 898; x_wconf 81' lang='grc' dir='ltr'><strong>τὴν</strong></span> <span class='ocrx_word' id='word_1_154' title='bbox 2319 829 2595 897; x_wconf 76' lang='grc' dir='ltr'>προτέραν</span> <span class='ocrx_word' id='word_1_155' title='bbox 2635 826 2800 879; x_wconf 78' lang='grc' dir='ltr'>αὑτοῦ</span> <span class='ocrx_word' id='word_1_156' title='bbox 2833 825 3108 893; x_wconf 78' lang='grc' dir='ltr'>καθέδραν</span> <span class='ocrx_word' id='word_1_157' title='bbox 3154 824 3515 892; x_wconf 72' lang='grc' dir='ltr'>ἐπανάγεται.</span> <span class='ocrx_word' id='word_1_158' title='bbox 3550 826 3673 878; x_wconf 85' lang='grc' dir='ltr'>’Ότι</span> <span class='ocrx_word' id='word_1_159' title='bbox 3720 826 3783 878; x_wconf 76' lang='grc' dir='ltr'>δὲ</span> 
     </span>
    </p>
   </div>
   <div class='ocr_carea' id='block_1_25' title="bbox 2187 914 3788 990">
    <p class='ocr_par' dir='ltr' id='par_1_25' title="bbox 2187 914 3788 990">
     <span class='ocr_line' id='line_1_25' title="bbox 2187 914 3788 990; baseline -0.004 -17"><span class='ocrx_word' id='word_1_160' title='bbox 2187 920 2344 973; x_wconf 81' lang='grc' dir='ltr'>τοῦτο</span> <span class='ocrx_word' id='word_1_161' title='bbox 2372 919 2570 990; x_wconf 72' lang='grc' dir='ltr'>ἀληθές</span> <span class='ocrx_word' id='word_1_162' title='bbox 2605 920 2746 982; x_wconf 86' lang='grc' dir='ltr'>ἐστι,</span> <span class='ocrx_word' id='word_1_163' title='bbox 2776 914 3030 986; x_wconf 82' lang='grc' dir='ltr'>δηλοῦται</span> <span class='ocrx_word' id='word_1_164' title='bbox 3057 915 3152 967; x_wconf 73' lang='grc' dir='ltr'>καὶ</span> <span class='ocrx_word' id='word_1_165' title='bbox 3197 916 3294 968; x_wconf 80' lang='grc' dir='ltr'><strong>ἀπ’</strong></span> <span class='ocrx_word' id='word_1_166' title='bbox 3335 915 3517 969; x_wconf 79' lang='grc' dir='ltr'>αὐτῶν</span> <span class='ocrx_word' id='word_1_167' title='bbox 3539 917 3648 967; x_wconf 82' lang='grc' dir='ltr'><strong>τῶν</strong></span> <span class='ocrx_word' id='word_1_168' title='bbox 3682 918 3788 985; x_wconf 76' lang='grc' dir='ltr'><strong>ῥη-</strong></span> 
     </span>
    </p>
   </div>
   <div class='ocr_carea' id='block_1_26' title="bbox 2192 1005 3787 1079">
    <p class='ocr_par' dir='ltr' id='par_1_26' title="bbox 2192 1005 3787 1079">
     <span class='ocr_line' id='line_1_26' title="bbox 2192 1005 3787 1079; baseline -0.006 -13"><span class='ocrx_word' id='word_1_169' title='bbox 2192 1011 2380 1079; x_wconf 81' lang='grc' dir='ltr'>μάτων</span> <span class='ocrx_word' id='word_1_170' title='bbox 2403 1008 2498 1063; x_wconf 79' lang='grc' dir='ltr'><strong>τοῦ</strong></span> <span class='ocrx_word' id='word_1_171' title='bbox 2530 1011 2752 1069; x_wconf 81' lang='grc' dir='ltr'><strong>κανόνος</strong></span> <span class='ocrx_word' id='word_1_172' title='bbox 2777 1048 2793 1073; x_wconf 95' lang='grc'><strong>,</strong></span> <span class='ocrx_word' id='word_1_173' title='bbox 2847 1006 3059 1066; x_wconf 88' lang='grc' dir='ltr'>πόλεως</span> <span class='ocrx_word' id='word_1_174' title='bbox 3109 1006 3469 1074; x_wconf 83' lang='grc' dir='ltr'><strong>μεμνημένου</strong></span> <span class='ocrx_word' id='word_1_175' title='bbox 3522 1006 3621 1058; x_wconf 68' lang='grc' dir='ltr'>καὶ</span> <span class='ocrx_word' id='word_1_176' title='bbox 3652 1005 3787 1075; x_wconf 70' lang='grc' dir='ltr'>οὐχὶ</span> 
     </span>
    </p>
   </div>
   <div class='ocr_carea' id='block_1_27' title="bbox 2192 1098 3785 1175">
    <p class='ocr_par' dir='ltr' id='par_1_27' title="bbox 2192 1098 3785 1175">
     <span class='ocr_line' id='line_1_27' title="bbox 2192 1098 3785 1175; baseline -0.004 -19"><span class='ocrx_word' id='word_1_177' title='bbox 2192 1102 2525 1175; x_wconf 84' lang='grc' dir='ltr'>παροικιῶν.</span> <span class='ocrx_word' id='word_1_178' title='bbox 2558 1102 2664 1155; x_wconf 85' lang='grc' dir='ltr'><strong>Τὸν</strong></span> <span class='ocrx_word' id='word_1_179' title='bbox 2696 1100 2859 1155; x_wconf 72' lang='grc' dir='ltr'>αὐτὸν</span> <span class='ocrx_word' id='word_1_180' title='bbox 2887 1101 2999 1172; x_wconf 81' lang='grc' dir='ltr'>γὰρ</span> <span class='ocrx_word' id='word_1_181' title='bbox 3022 1102 3225 1156; x_wconf 74' lang='grc' dir='ltr'>καὶένα</span> <span class='ocrx_word' id='word_1_182' title='bbox 3250 1100 3549 1154; x_wconf 86' lang='grc' dir='ltr'>ἐπίσκοπον</span> <span class='ocrx_word' id='word_1_183' title='bbox 3578 1098 3785 1160; x_wconf 74' lang='grc' dir='ltr'>πολλὰς</span> 
     </span>
    </p>
   </div>
   <div class='ocr_carea' id='block_1_28' title="bbox 2193 1190 3784 1265">
    <p class='ocr_par' dir='ltr' id='par_1_28' title="bbox 2193 1190 3784 1265">
     <span class='ocr_line' id='line_1_28' title="bbox 2193 1190 3784 1265; baseline -0.003 -18"><span class='ocrx_word' id='word_1_184' title='bbox 2193 1196 2296 1265; x_wconf 81' lang='grc' dir='ltr'>μὲν</span> <span class='ocrx_word' id='word_1_185' title='bbox 2332 1196 2519 1258; x_wconf 88' lang='grc' dir='ltr'>πόλεις</span> <span class='ocrx_word' id='word_1_186' title='bbox 2554 1194 2699 1264; x_wconf 73' lang='grc' dir='ltr'>ἔχειν</span> <span class='ocrx_word' id='word_1_187' title='bbox 2729 1194 2802 1256; x_wconf 79' lang='grc' dir='ltr'>ὡς</span> <span class='ocrx_word' id='word_1_188' title='bbox 2834 1195 3051 1265; x_wconf 85' lang='grc' dir='ltr'>ἐνορίαν</span> <span class='ocrx_word' id='word_1_189' title='bbox 3074 1196 3299 1249; x_wconf 86' lang='grc' dir='ltr'>δυνατόν</span> <span class='ocrx_word' id='word_1_190' title='bbox 3326 1198 3463 1253; x_wconf 83' lang='grc' dir='ltr'>ἐστι,</span> <span class='ocrx_word' id='word_1_191' title='bbox 3492 1191 3692 1255; x_wconf 81' lang='grc' dir='ltr'>πολλὰς</span> <span class='ocrx_word' id='word_1_192' title='bbox 3718 1190 3784 1243; x_wconf 76' lang='grc' dir='ltr'>δὲ</span> 
     </span>
    </p>
   </div>
   <div class='ocr_carea' id='block_1_29' title="bbox 2190 1283 3782 1358">
    <p class='ocr_par' dir='ltr' id='par_1_29' title="bbox 2190 1283 3782 1358">
     <span class='ocr_line' id='line_1_29' title="bbox 2190 1283 3782 1358; baseline -0.005 -17"><span class='ocrx_word' id='word_1_193' title='bbox 2190 1288 2490 1358; x_wconf 80' lang='grc' dir='ltr'>Παροικίας</span> <span class='ocrx_word' id='word_1_194' title='bbox 2507 1287 2781 1356; x_wconf 73' lang='grc' dir='ltr'>οὐδαμῶς.</span> <span class='ocrx_word' id='word_1_195' title='bbox 2818 1287 2979 1341; x_wconf 71' lang='grc' dir='ltr'>’Δλλὰ</span> <span class='ocrx_word' id='word_1_196' title='bbox 2997 1289 3089 1342; x_wconf 77' lang='grc' dir='ltr'>καὶ</span> <span class='ocrx_word' id='word_1_197' title='bbox 3105 1288 3214 1341; x_wconf 75' lang='grc' dir='ltr'>ἀπὸ</span> <span class='ocrx_word' id='word_1_198' title='bbox 3237 1286 3329 1340; x_wconf 79' lang='grc' dir='ltr'><strong>τοῦ</strong></span> <span class='ocrx_word' id='word_1_199' title='bbox 3348 1285 3655 1354; x_wconf 71' lang='grc' dir='ltr'>μεμνῆσθαι</span> <span class='ocrx_word' id='word_1_200' title='bbox 3682 1283 3782 1335; x_wconf 60' lang='grc' dir='ltr'><strong>τον</strong></span> 
     </span>
    </p>
   </div>
   <div class='ocr_carea' id='block_1_30' title="bbox 2187 1374 3785 1451">
    <p class='ocr_par' dir='ltr' id='par_1_30' title="bbox 2187 1374 3785 1451">
     <span class='ocr_line' id='line_1_30' title="bbox 2187 1374 3785 1451; baseline -0.005 -18"><span class='ocrx_word' id='word_1_201' title='bbox 2187 1379 2427 1433; x_wconf 81' lang='grc' dir='ltr'>τοιοῦτον</span> <span class='ocrx_word' id='word_1_202' title='bbox 2455 1380 2657 1433; x_wconf 82' lang='grc' dir='ltr'>κανόνα</span> <span class='ocrx_word' id='word_1_203' title='bbox 2676 1380 3063 1451; x_wconf 74' lang='grc' dir='ltr'>πρεσϐυτέρων</span> <span class='ocrx_word' id='word_1_204' title='bbox 3095 1380 3189 1433; x_wconf 72' lang='grc' dir='ltr'>καὶ</span> <span class='ocrx_word' id='word_1_205' title='bbox 3219 1378 3487 1432; x_wconf 79' lang='grc' dir='ltr'>διακόνων</span> <span class='ocrx_word' id='word_1_206' title='bbox 3527 1374 3785 1444; x_wconf 77' lang='grc' dir='ltr'><strong>ἐναργῶς</strong></span> 
     </span>
    </p>
   </div>
   <div class='ocr_carea' id='block_1_31' title="bbox 2189 1468 3787 1543">
    <p class='ocr_par' dir='ltr' id='par_1_31' title="bbox 2189 1468 3787 1543">
     <span class='ocr_line' id='line_1_31' title="bbox 2189 1468 3787 1543; baseline -0.001 -22"><span class='ocrx_word' id='word_1_207' title='bbox 2189 1471 2523 1542; x_wconf 85' lang='grc' dir='ltr'>παρίσταται</span> <span class='ocrx_word' id='word_1_208' title='bbox 2571 1472 2602 1541; x_wconf 80' lang='grc' dir='ltr'>ἡ</span> <span class='ocrx_word' id='word_1_209' title='bbox 2639 1471 2889 1541; x_wconf 79' lang='grc' dir='ltr'>ἀλήθεια.</span> <span class='ocrx_word' id='word_1_210' title='bbox 2916 1472 3049 1526; x_wconf 79' lang='grc' dir='ltr'>Ποία</span> <span class='ocrx_word' id='word_1_211' title='bbox 3078 1473 3191 1543; x_wconf 80' lang='grc' dir='ltr'>γὰρ</span> <span class='ocrx_word' id='word_1_212' title='bbox 3219 1469 3511 1541; x_wconf 71' lang='grc' dir='ltr'>μετάθεσις</span> <span class='ocrx_word' id='word_1_213' title='bbox 3537 1468 3570 1538; x_wconf 80' lang='grc' dir='ltr'>ἢ</span> <span class='ocrx_word' id='word_1_214' title='bbox 3608 1471 3787 1537; x_wconf 79' lang='grc' dir='ltr'>μετά-</span> 
     </span>
    </p>
   </div>
   <div class='ocr_carea' id='block_1_32' title="bbox 2189 1558 3779 1633">
    <p class='ocr_par' dir='ltr' id='par_1_32' title="bbox 2189 1558 3779 1633">
     <span class='ocr_line' id='line_1_32' title="bbox 2189 1558 3779 1633; baseline -0.004 -17"><span class='ocrx_word' id='word_1_215' title='bbox 2189 1564 2348 1627; x_wconf 80' lang='grc' dir='ltr'>ϐασις</span> <span class='ocrx_word' id='word_1_216' title='bbox 2397 1563 2429 1633; x_wconf 85' lang='grc' dir='ltr'>ἦ</span> <span class='ocrx_word' id='word_1_217' title='bbox 2478 1564 2734 1627; x_wconf 76' lang='grc' dir='ltr'>ἐπίϐασις</span> <span class='ocrx_word' id='word_1_218' title='bbox 2776 1564 2868 1619; x_wconf 71' lang='grc' dir='ltr'><strong>ἐπὶ</strong></span> <span class='ocrx_word' id='word_1_219' title='bbox 2918 1564 3127 1618; x_wconf 87' lang='grc' dir='ltr'>τούτων</span> <span class='ocrx_word' id='word_1_220' title='bbox 3178 1560 3569 1633; x_wconf 85' lang='grc' dir='ltr'>τρακταῖσθείη</span> <span class='ocrx_word' id='word_1_221' title='bbox 3604 1558 3779 1624; x_wconf 85' lang='grc' dir='ltr'>ποτέ;</span> 
     </span>
    </p>
   </div>
   <div class='ocr_carea' id='block_1_33' title="bbox 2190 1637 3786 1727">
    <p class='ocr_par' dir='ltr' id='par_1_33' title="bbox 2190 1637 3786 1727">
     <span class='ocr_line' id='line_1_33' title="bbox 2190 1637 3786 1727; baseline 0.003 -19"><span class='ocrx_word' id='word_1_222' title='bbox 2190 1637 2409 1718; x_wconf 53' lang='lat' dir='ltr'><strong>«and;</strong></span> <span class='ocrx_word' id='word_1_223' title='bbox 2464 1656 2710 1726; x_wconf 65' lang='grc' dir='ltr'>οὐδεμίαν</span> <span class='ocrx_word' id='word_1_224' title='bbox 2751 1657 3101 1727; x_wconf 81' lang='grc' dir='ltr'>μετάπτωσις</span> <span class='ocrx_word' id='word_1_225' title='bbox 3141 1656 3197 1709; x_wconf 85' lang='grc' dir='ltr'>δὲ</span> <span class='ocrx_word' id='word_1_226' title='bbox 3252 1656 3389 1725; x_wconf 85' lang='grc' dir='ltr'>μόνη</span> <span class='ocrx_word' id='word_1_227' title='bbox 3432 1653 3541 1706; x_wconf 76' lang='grc' dir='ltr'>ἀπὸ</span> <span class='ocrx_word' id='word_1_228' title='bbox 3567 1650 3786 1712; x_wconf 79' lang='grc' dir='ltr'>πόλεως</span> 
     </span>
    </p>
   </div>
   <div class='ocr_carea' id='block_1_34' title="bbox 506 1739 2089 1824">
    <p class='ocr_par' dir='ltr' id='par_1_34' title="bbox 506 1744 2083 1813">
     <span class='ocr_line' id='line_1_34' title="bbox 506 1744 2083 1813; baseline -0.003 -18"><span class='ocrx_word' id='word_1_229' title='bbox 506 1753 633 1797; x_wconf 77' lang='lat' dir='ltr'><strong>Sunt</strong></span> <span class='ocrx_word' id='word_1_230' title='bbox 663 1746 1046 1813; x_wconf 83' lang='lat' dir='ltr'><strong>pertinentem,</strong></span> <span class='ocrx_word' id='word_1_231' title='bbox 1082 1755 1135 1798; x_wconf 92' lang='lat' dir='ltr'><strong>et</strong></span> <span class='ocrx_word' id='word_1_232' title='bbox 1162 1755 1445 1812; x_wconf 75' lang='lat' dir='ltr'><strong>propterea</strong></span> <span class='ocrx_word' id='word_1_233' title='bbox 1482 1758 1584 1795; x_wconf 91' lang='lat' dir='ltr'><strong>non</strong></span> <span class='ocrx_word' id='word_1_234' title='bbox 1617 1744 1983 1811; x_wconf 82' lang='lat' dir='ltr'><strong>deponuntur,</strong></span> <span class='ocrx_word' id='word_1_235' title='bbox 2025 1750 2083 1792; x_wconf 90' lang='lat' dir='ltr'><strong>ut</strong></span> 
     </span>
    </p>
   </div>
   <div class='ocr_carea' id='block_1_35' title="bbox 2194 1739 3785 1824">
    <p class='ocr_par' dir='ltr' id='par_1_35' title="bbox 2194 1739 3785 1817">
     <span class='ocr_line' id='line_1_35' title="bbox 2194 1739 3785 1817; baseline -0.006 -18"><span class='ocrx_word' id='word_1_236' title='bbox 2194 1749 2268 1808; x_wconf 77' lang='lat' dir='ltr'><strong>si;</strong></span> <span class='ocrx_word' id='word_1_237' title='bbox 2314 1747 2469 1798; x_wconf 78' lang='grc' dir='ltr'>πόλιν</span> <span class='ocrx_word' id='word_1_238' title='bbox 2498 1747 2596 1799; x_wconf 86' lang='grc' dir='ltr'>οὐκ</span> <span class='ocrx_word' id='word_1_239' title='bbox 2623 1747 2934 1817; x_wconf 84' lang='grc' dir='ltr'>ἀλλοτρίαν,</span> <span class='ocrx_word' id='word_1_240' title='bbox 2970 1746 3106 1800; x_wconf 77' lang='grc' dir='ltr'>ἀλλὰ</span> <span class='ocrx_word' id='word_1_241' title='bbox 3137 1749 3203 1816; x_wconf 85' lang='grc' dir='ltr'>τῇ</span> <span class='ocrx_word' id='word_1_242' title='bbox 3241 1744 3539 1813; x_wconf 75' lang='grc' dir='ltr'>παροικίᾳ,</span> <span class='ocrx_word' id='word_1_243' title='bbox 3588 1743 3669 1803; x_wconf 83' lang='grc' dir='ltr'><strong>είς</strong></span> <span class='ocrx_word' id='word_1_244' title='bbox 3705 1739 3785 1808; x_wconf 77' lang='grc' dir='ltr'>ἦν</span> 
     </span>
    </p>
   </div>
   <div class='ocr_carea' id='block_1_36' title="bbox 506 1834 2081 1904">
    <p class='ocr_par' dir='ltr' id='par_1_36' title="bbox 506 1834 2081 1904">
     <span class='ocr_line' id='line_1_36' title="bbox 506 1834 2081 1904; baseline 0 -16"><span class='ocrx_word' id='word_1_245' title='bbox 506 1838 596 1904; x_wconf 86' lang='lat' dir='ltr'><strong>qui</strong></span> <span class='ocrx_word' id='word_1_246' title='bbox 628 1848 781 1891; x_wconf 75' lang='lat' dir='ltr'><strong>extra</strong></span> <span class='ocrx_word' id='word_1_247' title='bbox 821 1838 953 1890; x_wconf 78' lang='lat' dir='ltr'><strong>lines</strong></span> <span class='ocrx_word' id='word_1_248' title='bbox 975 1852 1102 1889; x_wconf 88' lang='lat' dir='ltr'><strong>suos</strong></span> <span class='ocrx_word' id='word_1_249' title='bbox 1128 1852 1281 1889; x_wconf 72' lang='lat' dir='ltr'><strong>sat-ra</strong></span> <span class='ocrx_word' id='word_1_250' title='bbox 1320 1835 1569 1901; x_wconf 84' lang='lat' dir='ltr'><strong>fecerint,</strong></span> <span class='ocrx_word' id='word_1_251' title='bbox 1600 1836 1691 1890; x_wconf 90' lang='lat' dir='ltr'><strong>sed</strong></span> <span class='ocrx_word' id='word_1_252' title='bbox 1716 1834 1984 1898; x_wconf 58' lang='lat' dir='ltr'><strong>ecclesiae,</strong></span> <span class='ocrx_word' id='word_1_253' title='bbox 2017 1834 2081 1888; x_wconf 93' lang='lat' dir='ltr'><strong>ad</strong></span> 
     </span>
    </p>
   </div>
   <div class='ocr_carea' id='block_1_37' title="bbox 510 1928 1522 2000">
    <p class='ocr_par' dir='ltr' id='par_1_37' title="bbox 510 1928 1522 2000">
     <span class='ocr_line' id='line_1_37' title="bbox 510 1928 1522 2000; baseline -0.001 -17"><span class='ocrx_word' id='word_1_254' title='bbox 510 1946 668 2000; x_wconf 84' lang='lat' dir='ltr'><strong>quam</strong></span> <span class='ocrx_word' id='word_1_255' title='bbox 702 1929 935 1985; x_wconf 86' lang='lat' dir='ltr'><strong>ordinati</strong></span> <span class='ocrx_word' id='word_1_256' title='bbox 964 1938 1110 1995; x_wconf 88' lang='lat' dir='ltr'><strong>sunt,</strong></span> <span class='ocrx_word' id='word_1_257' title='bbox 1138 1928 1522 1985; x_wconf 87' lang='lat' dir='ltr'><strong>restituuntur.</strong></span> 
     </span>
    </p>
   </div>
   <div class='ocr_carea' id='block_1_38' title="bbox 582 2190 2087 2264">
    <p class='ocr_par' dir='ltr' id='par_1_38' title="bbox 582 2190 2087 2264">
     <span class='ocr_line' id='line_1_38' title="bbox 582 2190 2087 2264; baseline 0.001 -18"><span class='ocrx_word' id='word_1_258' title='bbox 582 2190 836 2247; x_wconf 79' lang='lat' dir='ltr'><strong>ZONAR.</strong></span> <span class='ocrx_word' id='word_1_259' title='bbox 870 2191 949 2247; x_wconf 90' lang='lat' dir='ltr'><strong>Ne</strong></span> <span class='ocrx_word' id='word_1_260' title='bbox 974 2207 1041 2247; x_wconf 81' lang='lat' dir='ltr'><strong>ex</strong></span> <span class='ocrx_word' id='word_1_261' title='bbox 1069 2192 1175 2248; x_wconf 88' lang='lat' dir='ltr'><strong>alia</strong></span> <span class='ocrx_word' id='word_1_262' title='bbox 1216 2191 1445 2248; x_wconf 79' lang='lat' dir='ltr'><strong>ecclesia</strong></span> <span class='ocrx_word' id='word_1_263' title='bbox 1476 2191 1529 2247; x_wconf 92' lang='lat' dir='ltr'><strong>in</strong></span> <span class='ocrx_word' id='word_1_264' title='bbox 1555 2192 1739 2258; x_wconf 89' lang='lat' dir='ltr'><strong>aliam,</strong></span> <span class='ocrx_word' id='word_1_265' title='bbox 1779 2193 2087 2264; x_wconf 85' lang='lat' dir='ltr'><strong>episcopus,</strong></span> 
     </span>
    </p>
   </div>
   <div class='ocr_carea' id='block_1_39' title="bbox 506 2285 2093 2356">
    <p class='ocr_par' dir='ltr' id='par_1_39' title="bbox 506 2285 2093 2356">
     <span class='ocr_line' id='line_1_39' title="bbox 506 2285 2093 2356; baseline 0.001 -19"><span class='ocrx_word' id='word_1_266' title='bbox 506 2285 809 2356; x_wconf 86' lang='lat' dir='ltr'><strong>presbyter,</strong></span> <span class='ocrx_word' id='word_1_267' title='bbox 855 2294 950 2341; x_wconf 88' lang='lat' dir='ltr'><strong>aut</strong></span> <span class='ocrx_word' id='word_1_268' title='bbox 994 2286 1258 2340; x_wconf 83' lang='lat' dir='ltr'><strong>diaconus</strong></span> <span class='ocrx_word' id='word_1_269' title='bbox 1287 2285 1480 2355; x_wconf 81' lang='lat' dir='ltr'><strong>migret</strong></span> <span class='ocrx_word' id='word_1_270' title='bbox 1508 2295 1828 2351; x_wconf 90' lang='lat' dir='ltr'><strong>sanctorum</strong></span> <span class='ocrx_word' id='word_1_271' title='bbox 1873 2299 2093 2354; x_wconf 78' lang='lat' dir='ltr'><strong>quoque</strong></span> 
     </span>
    </p>
   </div>
   <div class='ocr_carea' id='block_1_40' title="bbox 507 2376 2095 2445">
    <p class='ocr_par' dir='ltr' id='par_1_40' title="bbox 507 2376 2095 2445">
     <span class='ocr_line' id='line_1_40' title="bbox 507 2376 2095 2445; baseline 0 -17"><span class='ocrx_word' id='word_1_272' title='bbox 507 2376 875 2443; x_wconf 82' lang='lat' dir='ltr'><strong>apostolorum</strong></span> <span class='ocrx_word' id='word_1_273' title='bbox 905 2377 1126 2430; x_wconf 88' lang='lat' dir='ltr'><strong>decreto</strong></span> <span class='ocrx_word' id='word_1_274' title='bbox 1177 2378 1540 2430; x_wconf 88' lang='lat' dir='ltr'><strong>constitutum</strong></span> <span class='ocrx_word' id='word_1_275' title='bbox 1592 2386 1697 2431; x_wconf 80' lang='lat' dir='ltr'><strong>est.</strong></span> <span class='ocrx_word' id='word_1_276' title='bbox 1744 2376 1849 2430; x_wconf 86' lang='lat' dir='ltr'><strong>Sed</strong></span> <span class='ocrx_word' id='word_1_277' title='bbox 1910 2376 2095 2445; x_wconf 68' lang='lat' dir='ltr'><strong>negle-</strong></span> 
     </span>
    </p>
   </div>
   <div class='ocr_carea' id='block_1_41' title="bbox 507 2468 2096 2538">
    <p class='ocr_par' dir='ltr' id='par_1_41' title="bbox 507 2468 2096 2538">
     <span class='ocr_line' id='line_1_41' title="bbox 507 2468 2096 2538; baseline -0.003 -15"><span class='ocrx_word' id='word_1_278' title='bbox 507 2480 649 2523; x_wconf 88' lang='lat' dir='ltr'><strong>ctam</strong></span> <span class='ocrx_word' id='word_1_279' title='bbox 701 2477 749 2522; x_wconf 90' lang='lat' dir='ltr'><strong>et</strong></span> <span class='ocrx_word' id='word_1_280' title='bbox 808 2478 1173 2538; x_wconf 86' lang='lat' dir='ltr'><strong>contemptam</strong></span> <span class='ocrx_word' id='word_1_281' title='bbox 1220 2468 1669 2523; x_wconf 85' lang='lat' dir='ltr'><strong>constitutionem</strong></span> <span class='ocrx_word' id='word_1_282' title='bbox 1722 2468 1823 2535; x_wconf 88' lang='lat' dir='ltr'><strong>hoc</strong></span> <span class='ocrx_word' id='word_1_283' title='bbox 1880 2481 2096 2521; x_wconf 89' lang='lat' dir='ltr'><strong>canone</strong></span> 
     </span>
    </p>
   </div>
   <div class='ocr_carea' id='block_1_42' title="bbox 509 2559 2094 2630">
    <p class='ocr_par' dir='ltr' id='par_1_42' title="bbox 509 2559 2094 2630">
     <span class='ocr_line' id='line_1_42' title="bbox 509 2559 2094 2630; baseline 0.001 -19"><span class='ocrx_word' id='word_1_284' title='bbox 509 2561 745 2629; x_wconf 72' lang='lat' dir='ltr'><strong>synodus</strong></span> <span class='ocrx_word' id='word_1_285' title='bbox 804 2560 1038 2615; x_wconf 89' lang='lat' dir='ltr'><strong>restituit</strong></span> <span class='ocrx_word' id='word_1_286' title='bbox 1068 2576 1081 2614; x_wconf 92' lang='lat'><strong>:</strong></span> <span class='ocrx_word' id='word_1_287' title='bbox 1133 2575 1198 2615; x_wconf 89' lang='lat' dir='ltr'><strong>ac</strong></span> <span class='ocrx_word' id='word_1_288' title='bbox 1235 2560 1351 2615; x_wconf 85' lang='lat' dir='ltr'><strong>sive</strong></span> <span class='ocrx_word' id='word_1_289' title='bbox 1382 2559 1451 2615; x_wconf 90' lang='lat' dir='ltr'><strong>de</strong></span> <span class='ocrx_word' id='word_1_290' title='bbox 1494 2560 1776 2630; x_wconf 81' lang='lat' dir='ltr'><strong>migrando</strong></span> <span class='ocrx_word' id='word_1_291' title='bbox 1812 2575 1841 2613; x_wconf 92' lang='lat' dir='ltr'><strong>e</strong></span> <span class='ocrx_word' id='word_1_292' title='bbox 1870 2559 2094 2613; x_wconf 83' lang='lat' dir='ltr'><strong>civitate</strong></span> 
     </span>
    </p>
   </div>
   <div class='ocr_carea' id='block_1_43' title="bbox 514 2650 2093 2724">
    <p class='ocr_par' dir='ltr' id='par_1_43' title="bbox 514 2650 2093 2724">
     <span class='ocr_line' id='line_1_43' title="bbox 514 2650 2093 2724; baseline 0 -19"><span class='ocrx_word' id='word_1_293' title='bbox 514 2653 567 2705; x_wconf 89' lang='lat' dir='ltr'><strong>in</strong></span> <span class='ocrx_word' id='word_1_294' title='bbox 594 2652 867 2706; x_wconf 82' lang='lat' dir='ltr'><strong>civitatem</strong></span> <span class='ocrx_word' id='word_1_295' title='bbox 918 2650 1078 2706; x_wconf 88' lang='lat' dir='ltr'><strong>aliam</strong></span> <span class='ocrx_word' id='word_1_296' title='bbox 1131 2653 1419 2724; x_wconf 88' lang='lat' dir='ltr'><strong>episcopus</strong></span> <span class='ocrx_word' id='word_1_297' title='bbox 1448 2652 1739 2723; x_wconf 87' lang='lat' dir='ltr'><strong>quispiam,</strong></span> <span class='ocrx_word' id='word_1_298' title='bbox 1783 2652 2093 2722; x_wconf 85' lang='lat' dir='ltr'><strong>presbyter,</strong></span> 
     </span>
    </p>
   </div>
   <div class='ocr_carea' id='block_1_44' title="bbox 513 2745 2099 2816">
    <p class='ocr_par' dir='ltr' id='par_1_44' title="bbox 513 2745 2099 2816">
     <span class='ocr_line' id='line_1_44' title="bbox 513 2745 2099 2816; baseline -0.001 -17"><span class='ocrx_word' id='word_1_299' title='bbox 513 2755 611 2799; x_wconf 89' lang='lat' dir='ltr'><strong>aut</strong></span> <span class='ocrx_word' id='word_1_300' title='bbox 640 2745 903 2800; x_wconf 87' lang='lat' dir='ltr'><strong>diaconus</strong></span> <span class='ocrx_word' id='word_1_301' title='bbox 926 2746 1203 2816; x_wconf 79' lang='lat' dir='ltr'><strong>cogitarit,</strong></span> <span class='ocrx_word' id='word_1_302' title='bbox 1234 2746 1349 2801; x_wconf 89' lang='lat' dir='ltr'><strong>sive</strong></span> <span class='ocrx_word' id='word_1_303' title='bbox 1380 2748 1555 2815; x_wconf 90' lang='lat' dir='ltr'><strong>reipsa</strong></span> <span class='ocrx_word' id='word_1_304' title='bbox 1588 2747 1857 2816; x_wconf 84' lang='lat' dir='ltr'><strong>migrarit,</strong></span> <span class='ocrx_word' id='word_1_305' title='bbox 1888 2746 2099 2814; x_wconf 83' lang='lat' dir='ltr'><strong>cogita-</strong></span> 
     </span>
    </p>
   </div>
   <div class='ocr_carea' id='block_1_45' title="bbox 522 2837 2099 2908">
    <p class='ocr_par' dir='ltr' id='par_1_45' title="bbox 522 2837 2099 2908">
     <span class='ocr_line' id='line_1_45' title="bbox 522 2837 2099 2908; baseline 0 -18"><span class='ocrx_word' id='word_1_306' title='bbox 522 2849 685 2906; x_wconf 87' lang='lat' dir='ltr'><strong>taque</strong></span> <span class='ocrx_word' id='word_1_307' title='bbox 733 2837 1047 2908; x_wconf 81' lang='lat' dir='ltr'><strong>perfecerit,</strong></span> <span class='ocrx_word' id='word_1_308' title='bbox 1090 2839 1303 2894; x_wconf 86' lang='lat' dir='ltr'><strong>irritum</strong></span> <span class='ocrx_word' id='word_1_309' title='bbox 1338 2840 1389 2893; x_wconf 92' lang='lat' dir='ltr'><strong>id</strong></span> <span class='ocrx_word' id='word_1_310' title='bbox 1436 2839 1656 2902; x_wconf 91' lang='lat' dir='ltr'><strong>haberi,</strong></span> <span class='ocrx_word' id='word_1_311' title='bbox 1703 2839 1900 2908; x_wconf 87' lang='lat' dir='ltr'><strong>cuique</strong></span> <span class='ocrx_word' id='word_1_312' title='bbox 1925 2838 2099 2908; x_wconf 92' lang='lat' dir='ltr'><strong>primo</strong></span> 
     </span>
    </p>
   </div>
   <div class='ocr_carea' id='block_1_46' title="bbox 514 2928 2100 2986">
    <p class='ocr_par' dir='ltr' id='par_1_46' title="bbox 514 2928 2100 2986">
     <span class='ocr_line' id='line_1_46' title="bbox 514 2928 2100 2986; baseline 0 -3"><span class='ocrx_word' id='word_1_313' title='bbox 514 2928 757 2984; x_wconf 75' lang='lat' dir='ltr'><strong>ecclesia:</strong></span> <span class='ocrx_word' id='word_1_314' title='bbox 805 2931 1086 2986; x_wconf 84' lang='lat' dir='ltr'><strong>ordinatus</strong></span> <span class='ocrx_word' id='word_1_315' title='bbox 1120 2940 1203 2986; x_wconf 89' lang='lat' dir='ltr'><strong>est</strong></span> <span class='ocrx_word' id='word_1_316' title='bbox 1264 2931 1330 2985; x_wconf 93' lang='lat' dir='ltr'><strong>ad</strong></span> <span class='ocrx_word' id='word_1_317' title='bbox 1378 2940 1496 2986; x_wconf 88' lang='lat' dir='ltr'><strong>eam</strong></span> <span class='ocrx_word' id='word_1_318' title='bbox 1538 2930 1933 2984; x_wconf 85' lang='lat' dir='ltr'><strong>restituendum</strong></span> <span class='ocrx_word' id='word_1_319' title='bbox 1977 2942 2100 2983; x_wconf 84' lang='lat' dir='ltr'><strong>esse</strong></span> 
     </span>
    </p>
   </div>
   <div class='ocr_carea' id='block_1_47' title="bbox 516 3018 2100 3091">
    <p class='ocr_par' dir='ltr' id='par_1_47' title="bbox 516 3018 2100 3091">
     <span class='ocr_line' id='line_1_47' title="bbox 516 3018 2100 3091; baseline 0.001 -18"><span class='ocrx_word' id='word_1_320' title='bbox 516 3022 779 3076; x_wconf 73' lang='lat' dir='ltr'><strong>decernit.</strong></span> <span class='ocrx_word' id='word_1_321' title='bbox 837 3019 1027 3091; x_wconf 86' lang='lat' dir='ltr'><strong>Neque</strong></span> <span class='ocrx_word' id='word_1_322' title='bbox 1052 3023 1199 3077; x_wconf 90' lang='lat' dir='ltr'><strong>enim</strong></span> <span class='ocrx_word' id='word_1_323' title='bbox 1249 3021 1420 3077; x_wconf 88' lang='lat' dir='ltr'><strong>licere</strong></span> <span class='ocrx_word' id='word_1_324' title='bbox 1468 3022 1704 3091; x_wconf 90' lang='lat' dir='ltr'><strong>cuipiam</strong></span> <span class='ocrx_word' id='word_1_325' title='bbox 1753 3018 2002 3075; x_wconf 90' lang='lat' dir='ltr'><strong>absolute</strong></span> <span class='ocrx_word' id='word_1_326' title='bbox 2037 3034 2100 3074; x_wconf 90' lang='lat' dir='ltr'><strong>ac</strong></span> 
     </span>
    </p>
   </div>
   <div class='ocr_carea' id='block_1_48' title="bbox 2189 1830 3786 1906">
    <p class='ocr_par' dir='ltr' id='par_1_48' title="bbox 2189 1830 3786 1906">
     <span class='ocr_line' id='line_1_48' title="bbox 2189 1830 3786 1906; baseline -0.006 -16"><span class='ocrx_word' id='word_1_327' title='bbox 2189 1835 2601 1906; x_wconf 70' lang='grc' dir='ltr'>ἐκληρώοησαν,</span> <span class='ocrx_word' id='word_1_328' title='bbox 2635 1836 2964 1905; x_wconf 78' lang='grc' dir='ltr'>ἀνήκουσαν.</span> <span class='ocrx_word' id='word_1_329' title='bbox 2990 1836 3090 1889; x_wconf 81' lang='grc' dir='ltr'>Διὰ</span> <span class='ocrx_word' id='word_1_330' title='bbox 3112 1836 3221 1904; x_wconf 77' lang='grc' dir='ltr'>γὰρ</span> <span class='ocrx_word' id='word_1_331' title='bbox 3252 1833 3410 1887; x_wconf 83' lang='grc' dir='ltr'>τοῦτο</span> <span class='ocrx_word' id='word_1_332' title='bbox 3434 1832 3555 1885; x_wconf 83' lang='grc' dir='ltr'>οὐδὲ</span> <span class='ocrx_word' id='word_1_333' title='bbox 3581 1830 3786 1883; x_wconf 86' lang='grc' dir='ltr'>καθαι-</span> 
     </span>
    </p>
   </div>
   <div class='ocr_carea' id='block_1_49' title="bbox 2190 1922 3781 2000">
    <p class='ocr_par' dir='ltr' id='par_1_49' title="bbox 2190 1922 3781 2000">
     <span class='ocr_line' id='line_1_49' title="bbox 2190 1922 3781 2000; baseline -0.006 -19"><span class='ocrx_word' id='word_1_334' title='bbox 2190 1925 2409 1999; x_wconf 80' lang='grc' dir='ltr'>ροῦνται</span> <span class='ocrx_word' id='word_1_335' title='bbox 2455 1928 2529 1991; x_wconf 88' lang='grc' dir='ltr'>ὼς</span> <span class='ocrx_word' id='word_1_336' title='bbox 2558 1930 2689 2000; x_wconf 63' lang='grc' dir='ltr'>παρ’</span> <span class='ocrx_word' id='word_1_337' title='bbox 2734 1929 2949 1999; x_wconf 81' lang='grc' dir='ltr'>ἐνορίαν</span> <span class='ocrx_word' id='word_1_338' title='bbox 2996 1928 3485 1998; x_wconf 81' lang='grc' dir='ltr'>ῐερουργήσαντες,</span> <span class='ocrx_word' id='word_1_339' title='bbox 3538 1922 3676 1977; x_wconf 80' lang='grc' dir='ltr'>ἀλλὰ</span> <span class='ocrx_word' id='word_1_340' title='bbox 3706 1923 3781 1991; x_wconf 79' lang='grc' dir='ltr'><strong>τῇ</strong></span> 
     </span>
    </p>
   </div>
   <div class='ocr_carea' id='block_1_50' title="bbox 2189 2014 3784 2095">
    <p class='ocr_par' dir='ltr' id='par_1_50' title="bbox 2189 2014 3784 2095">
     <span class='ocr_line' id='line_1_50' title="bbox 2189 2014 3784 2095; baseline -0.004 -24"><span class='ocrx_word' id='word_1_341' title='bbox 2189 2018 2435 2095; x_wconf 67' lang='grc' dir='ltr'>προτέρᾳ</span> <span class='ocrx_word' id='word_1_342' title='bbox 2459 2019 2748 2089; x_wconf 79' lang='grc' dir='ltr'>ἐκκλησίᾳ,</span> <span class='ocrx_word' id='word_1_343' title='bbox 2778 2021 2860 2082; x_wconf 83' lang='grc' dir='ltr'><strong>είς</strong></span> <span class='ocrx_word' id='word_1_344' title='bbox 2884 2018 2951 2090; x_wconf 79' lang='grc' dir='ltr'>ἢν</span> <span class='ocrx_word' id='word_1_345' title='bbox 2973 2019 3067 2072; x_wconf 76' lang='grc' dir='ltr'>καὶ</span> <span class='ocrx_word' id='word_1_346' title='bbox 3098 2016 3607 2089; x_wconf 77' lang='grc' dir='ltr'><strong>ἐχειροτονήθησαν,</strong></span> <span class='ocrx_word' id='word_1_347' title='bbox 3635 2014 3784 2066; x_wconf 84' lang='grc' dir='ltr'>ἀπο-</span> 
     </span>
    </p>
   </div>
   <div class='ocr_carea' id='block_1_51' title="bbox 2192 2109 2571 2164">
    <p class='ocr_par' dir='ltr' id='par_1_51' title="bbox 2192 2109 2571 2164">
     <span class='ocr_line' id='line_1_51' title="bbox 2192 2109 2571 2164; baseline 0.003 -1"><span class='ocrx_word' id='word_1_348' title='bbox 2192 2109 2571 2164; x_wconf 81' lang='grc' dir='ltr'><strong>καθίστανται.</strong></span> 
     </span>
    </p>
   </div>
   <div class='ocr_carea' id='block_1_52' title="bbox 2262 2197 3786 2273">
    <p class='ocr_par' dir='ltr' id='par_1_52' title="bbox 2262 2197 3786 2273">
     <span class='ocr_line' id='line_1_52' title="bbox 2262 2197 3786 2273; baseline -0.004 -20"><span class='ocrx_word' id='word_1_349' title='bbox 2262 2200 2503 2257; x_wconf 79' lang='grc' dir='ltr'><strong>ΖΩΝΔΡ.</strong></span> <span class='ocrx_word' id='word_1_350' title='bbox 2529 2202 2603 2255; x_wconf 86' lang='grc' dir='ltr'><strong>Τὸ</strong></span> <span class='ocrx_word' id='word_1_351' title='bbox 2644 2200 2718 2273; x_wconf 77' lang='grc' dir='ltr'><strong>μὴ</strong></span> <span class='ocrx_word' id='word_1_352' title='bbox 2753 2201 2999 2273; x_wconf 78' lang='grc' dir='ltr'>μετιέναι</span> <span class='ocrx_word' id='word_1_353' title='bbox 3026 2200 3083 2267; x_wconf 78' lang='grc' dir='ltr'>ἐξ</span> <span class='ocrx_word' id='word_1_354' title='bbox 3126 2200 3427 2271; x_wconf 81' lang='grc' dir='ltr'>ἐκκλησίας</span> <span class='ocrx_word' id='word_1_355' title='bbox 3465 2199 3544 2261; x_wconf 81' lang='grc' dir='ltr'><strong>είς</strong></span> <span class='ocrx_word' id='word_1_356' title='bbox 3580 2197 3786 2264; x_wconf 71' lang='grc' dir='ltr'>ἑτέραν</span> 
     </span>
    </p>
   </div>
   <div class='ocr_carea' id='block_1_53' title="bbox 2192 2288 3788 2365">
    <p class='ocr_par' dir='ltr' id='par_1_53' title="bbox 2192 2288 3788 2365">
     <span class='ocr_line' id='line_1_53' title="bbox 2192 2288 3788 2365; baseline -0.004 -19"><span class='ocrx_word' id='word_1_357' title='bbox 2192 2288 2565 2364; x_wconf 55' lang='lat' dir='ltr'><strong>ﬁniam-ttch</strong></span> <span class='ocrx_word' id='word_1_358' title='bbox 2597 2295 2992 2365; x_wconf 78' lang='grc' dir='ltr'>πρεσϐύτερον,</span> <span class='ocrx_word' id='word_1_359' title='bbox 3010 2293 3042 2365; x_wconf 79' lang='grc' dir='ltr'>ἢ</span> <span class='ocrx_word' id='word_1_360' title='bbox 3059 2293 3329 2360; x_wconf 69' lang='grc' dir='ltr'>διάκονον,</span> <span class='ocrx_word' id='word_1_361' title='bbox 3360 2291 3452 2345; x_wconf 75' lang='grc' dir='ltr'>καὶ</span> <span class='ocrx_word' id='word_1_362' title='bbox 3480 2291 3593 2353; x_wconf 87' lang='grc' dir='ltr'>τοῖς</span> <span class='ocrx_word' id='word_1_363' title='bbox 3610 2290 3788 2358; x_wconf 80' lang='grc' dir='ltr'>ἱεροῖς</span> 
     </span>
    </p>
   </div>
   <div class='ocr_carea' id='block_1_54' title="bbox 2193 2382 3784 2453">
    <p class='ocr_par' dir='ltr' id='par_1_54' title="bbox 2193 2382 3784 2453">
     <span class='ocr_line' id='line_1_54' title="bbox 2193 2382 3784 2453; baseline -0.003 -16"><span class='ocrx_word' id='word_1_364' title='bbox 2193 2386 2573 2441; x_wconf 84' lang='grc' dir='ltr'>κεκανόνισται</span> <span class='ocrx_word' id='word_1_365' title='bbox 2618 2386 2964 2448; x_wconf 68' lang='grc' dir='ltr'>ἀποστόλοις.</span> <span class='ocrx_word' id='word_1_366' title='bbox 3018 2386 3181 2438; x_wconf 68' lang='grc' dir='ltr'>Ἀλλὰ</span> <span class='ocrx_word' id='word_1_367' title='bbox 3230 2382 3626 2453; x_wconf 81' lang='grc' dir='ltr'>παρορώμενον</span> <span class='ocrx_word' id='word_1_368' title='bbox 3679 2382 3784 2433; x_wconf 77' lang='grc' dir='ltr'>καὶ</span> 
     </span>
    </p>
   </div>
   <div class='ocr_carea' id='block_1_55' title="bbox 2195 2471 3779 2547">
    <p class='ocr_par' dir='ltr' id='par_1_55' title="bbox 2195 2471 3779 2547">
     <span class='ocr_line' id='line_1_55' title="bbox 2195 2471 3779 2547; baseline -0.003 -18"><span class='ocrx_word' id='word_1_369' title='bbox 2195 2478 2705 2546; x_wconf 79' lang='grc' dir='ltr'>καταφρονούμενον</span> <span class='ocrx_word' id='word_1_370' title='bbox 2732 2478 2791 2531; x_wconf 82' lang='grc' dir='ltr'>τὸ</span> <span class='ocrx_word' id='word_1_371' title='bbox 2819 2477 3093 2547; x_wconf 77' lang='grc' dir='ltr'>διάταγμα</span> <span class='ocrx_word' id='word_1_372' title='bbox 3135 2480 3165 2545; x_wconf 81' lang='grc' dir='ltr'>ἡ</span> <span class='ocrx_word' id='word_1_373' title='bbox 3207 2476 3336 2544; x_wconf 82' lang='grc' dir='ltr'>ἁγία</span> <span class='ocrx_word' id='word_1_374' title='bbox 3372 2475 3589 2535; x_wconf 71' lang='grc' dir='ltr'>σύνοδος</span> <span class='ocrx_word' id='word_1_375' title='bbox 3632 2471 3779 2543; x_wconf 77' lang='grc' dir='ltr'>αὕτη</span> 
     </span>
    </p>
   </div>
   <div class='ocr_carea' id='block_1_56' title="bbox 2196 2564 3783 2639">
    <p class='ocr_par' dir='ltr' id='par_1_56' title="bbox 2196 2564 3783 2639">
     <span class='ocr_line' id='line_1_56' title="bbox 2196 2564 3783 2639; baseline -0.001 -20"><span class='ocrx_word' id='word_1_376' title='bbox 2196 2567 2285 2620; x_wconf 81' lang='grc' dir='ltr'>διὰ</span> <span class='ocrx_word' id='word_1_377' title='bbox 2313 2568 2406 2626; x_wconf 79' lang='grc' dir='ltr'>τοῦ</span> <span class='ocrx_word' id='word_1_378' title='bbox 2449 2569 2718 2639; x_wconf 71' lang='grc' dir='ltr'>παρόντος</span> <span class='ocrx_word' id='word_1_379' title='bbox 2751 2569 2977 2631; x_wconf 78' lang='grc' dir='ltr'>κανόνος</span> <span class='ocrx_word' id='word_1_380' title='bbox 3022 2569 3357 2632; x_wconf 74' lang='grc' dir='ltr'>ἀνεκαίνισε,</span> <span class='ocrx_word' id='word_1_381' title='bbox 3393 2564 3783 2636; x_wconf 76' lang='grc' dir='ltr'>διορισιμένη,</span> 
     </span>
    </p>
   </div>
   <div class='ocr_carea' id='block_1_57' title="bbox 2196 2656 3782 2731">
    <p class='ocr_par' dir='ltr' id='par_1_57' title="bbox 2196 2656 3782 2731">
     <span class='ocr_line' id='line_1_57' title="bbox 2196 2656 3782 2731; baseline -0.002 -18"><span class='ocrx_word' id='word_1_382' title='bbox 2196 2658 2304 2713; x_wconf 74' lang='grc' dir='ltr'>κᾶν</span> <span class='ocrx_word' id='word_1_383' title='bbox 2343 2661 2668 2731; x_wconf 77' lang='grc' dir='ltr'>ἐπιχειρήσῃ</span> <span class='ocrx_word' id='word_1_384' title='bbox 2729 2659 3034 2730; x_wconf 78' lang='grc' dir='ltr'>μεταὸἦναι</span> <span class='ocrx_word' id='word_1_385' title='bbox 3092 2661 3156 2713; x_wconf 90' lang='grc' dir='ltr'><strong>ἐκ</strong></span> <span class='ocrx_word' id='word_1_386' title='bbox 3201 2660 3409 2721; x_wconf 79' lang='grc' dir='ltr'>πόλεως</span> <span class='ocrx_word' id='word_1_387' title='bbox 3456 2658 3536 2720; x_wconf 73' lang='grc' dir='ltr'>εἰς</span> <span class='ocrx_word' id='word_1_388' title='bbox 3579 2656 3782 2727; x_wconf 74' lang='grc' dir='ltr'>ἑτέραν</span> 
     </span>
    </p>
   </div>
   <div class='ocr_carea' id='block_1_58' title="bbox 2198 2746 3782 2823">
    <p class='ocr_par' dir='ltr' id='par_1_58' title="bbox 2198 2746 3782 2823">
     <span class='ocr_line' id='line_1_58' title="bbox 2198 2746 3782 2823; baseline -0.004 -18"><span class='ocrx_word' id='word_1_389' title='bbox 2198 2752 2355 2805; x_wconf 88' lang='grc' dir='ltr'>πόλιν</span> <span class='ocrx_word' id='word_1_390' title='bbox 2406 2750 2722 2816; x_wconf 81' lang='grc' dir='ltr'>ἐπίσκοπος,</span> <span class='ocrx_word' id='word_1_391' title='bbox 2776 2752 2808 2821; x_wconf 82' lang='grc' dir='ltr'><strong>ἥ</strong></span> <span class='ocrx_word' id='word_1_392' title='bbox 2843 2750 3237 2823; x_wconf 77' lang='grc' dir='ltr'>πρεσϐύτερος,</span> <span class='ocrx_word' id='word_1_393' title='bbox 3297 2750 3330 2823; x_wconf 74' lang='grc' dir='ltr'>ἢ</span> <span class='ocrx_word' id='word_1_394' title='bbox 3366 2750 3634 2813; x_wconf 76' lang='grc' dir='ltr'>διάκονος,</span> <span class='ocrx_word' id='word_1_395' title='bbox 3669 2746 3782 2799; x_wconf 79' lang='grc' dir='ltr'>κᾶν</span> 
     </span>
    </p>
   </div>
   <div class='ocr_carea' id='block_1_59' title="bbox 2201 2841 3782 2915">
    <p class='ocr_par' dir='ltr' id='par_1_59' title="bbox 2201 2841 3782 2915">
     <span class='ocr_line' id='line_1_59' title="bbox 2201 2841 3782 2915; baseline -0.003 -20"><span class='ocrx_word' id='word_1_396' title='bbox 2201 2844 2493 2915; x_wconf 80' lang='grc' dir='ltr'>μεταϐαίη,</span> <span class='ocrx_word' id='word_1_397' title='bbox 2523 2842 2615 2896; x_wconf 76' lang='grc' dir='ltr'>καὶ</span> <span class='ocrx_word' id='word_1_398' title='bbox 2642 2846 2723 2906; x_wconf 82' lang='grc' dir='ltr'><strong>είς</strong></span> <span class='ocrx_word' id='word_1_399' title='bbox 2752 2843 2911 2915; x_wconf 70' lang='grc' dir='ltr'>ἔργον</span> <span class='ocrx_word' id='word_1_400' title='bbox 2936 2842 3114 2913; x_wconf 80' lang='grc' dir='ltr'><strong>ἀγάγῃ</strong></span> <span class='ocrx_word' id='word_1_401' title='bbox 3148 2843 3207 2896; x_wconf 81' lang='grc' dir='ltr'>τὸ</span> <span class='ocrx_word' id='word_1_402' title='bbox 3251 2843 3607 2913; x_wconf 76' lang='grc' dir='ltr'>ἐπιχείρημα,</span> <span class='ocrx_word' id='word_1_403' title='bbox 3638 2841 3782 2893; x_wconf 80' lang='grc' dir='ltr'>ἀκυ-</span> 
     </span>
    </p>
   </div>
   <div class='ocr_carea' id='block_1_60' title="bbox 2200 2932 3783 3006">
    <p class='ocr_par' dir='ltr' id='par_1_60' title="bbox 2200 2932 3783 3006">
     <span class='ocr_line' id='line_1_60' title="bbox 2200 2932 3783 3006; baseline -0.001 -20"><span class='ocrx_word' id='word_1_404' title='bbox 2200 2933 2431 3005; x_wconf 85' lang='grc' dir='ltr'>ροῦσθαι</span> <span class='ocrx_word' id='word_1_405' title='bbox 2464 2935 2563 3004; x_wconf 82' lang='grc' dir='ltr'>τὴν</span> <span class='ocrx_word' id='word_1_406' title='bbox 2590 2936 2790 3006; x_wconf 78' lang='grc' dir='ltr'>πρᾶξιν</span> <span class='ocrx_word' id='word_1_407' title='bbox 2818 2936 3010 3000; x_wconf 76' lang='grc' dir='ltr'>αὑτοῦ,</span> <span class='ocrx_word' id='word_1_408' title='bbox 3066 2937 3160 2989; x_wconf 76' lang='grc' dir='ltr'>καὶ</span> <span class='ocrx_word' id='word_1_409' title='bbox 3206 2932 3676 2989; x_wconf 82' lang='grc' dir='ltr'>ἀποκαθίστασθαι</span> <span class='ocrx_word' id='word_1_410' title='bbox 3721 2932 3783 2985; x_wconf 84' lang='grc' dir='ltr'><strong>ἐν</strong></span> 
     </span>
    </p>
   </div>
   <div class='ocr_carea' id='block_1_61' title="bbox 2202 3020 3782 3099">
    <p class='ocr_par' dir='ltr' id='par_1_61' title="bbox 2202 3020 3782 3099">
     <span class='ocr_line' id='line_1_61' title="bbox 2202 3020 3782 3099; baseline -0.002 -20"><span class='ocrx_word' id='word_1_411' title='bbox 2202 3020 2236 3099; x_wconf 78' lang='grc' dir='ltr'><strong>ᾖ</strong></span> <span class='ocrx_word' id='word_1_412' title='bbox 2296 3026 2769 3097; x_wconf 70' lang='grc' dir='ltr'>χειροτονούμενος</span> <span class='ocrx_word' id='word_1_413' title='bbox 2817 3027 3134 3098; x_wconf 53' lang='grc' dir='ltr'>ὠνομάσθη</span> <span class='ocrx_word' id='word_1_414' title='bbox 3197 3027 3385 3097; x_wconf 75' lang='grc' dir='ltr'>ἔτερος</span> <span class='ocrx_word' id='word_1_415' title='bbox 3427 3026 3535 3095; x_wconf 77' lang='grc' dir='ltr'><strong>γὰρ</strong></span> <span class='ocrx_word' id='word_1_416' title='bbox 3596 3023 3782 3077; x_wconf 83' lang='grc' dir='ltr'>κανὼν</span> 
     </span>
    </p>
   </div>
   <div class='ocr_carea' id='block_1_62' title="bbox 514 3105 2089 3191">
    <p class='ocr_par' dir='ltr' id='par_1_62' title="bbox 514 3111 2088 3184">
     <span class='ocr_line' id='line_1_62' title="bbox 514 3111 2088 3184; baseline -0.001 -17"><span class='ocrx_word' id='word_1_417' title='bbox 514 3116 631 3167; x_wconf 83' lang='lat' dir='ltr'><strong>sine</strong></span> <span class='ocrx_word' id='word_1_418' title='bbox 671 3114 890 3170; x_wconf 87' lang='lat' dir='ltr'><strong>nomine</strong></span> <span class='ocrx_word' id='word_1_419' title='bbox 914 3117 1007 3171; x_wconf 91' lang='lat' dir='ltr'><strong>sed</strong></span> <span class='ocrx_word' id='word_1_420' title='bbox 1041 3124 1191 3169; x_wconf 88' lang='lat' dir='ltr'><strong>certo</strong></span> <span class='ocrx_word' id='word_1_421' title='bbox 1220 3114 1305 3171; x_wconf 82' lang='lat' dir='ltr'><strong>vel</strong></span> <span class='ocrx_word' id='word_1_422' title='bbox 1330 3113 1686 3184; x_wconf 89' lang='lat' dir='ltr'><strong>episcopatui,</strong></span> <span class='ocrx_word' id='word_1_423' title='bbox 1720 3112 1801 3167; x_wconf 90' lang='lat' dir='ltr'><strong>vel</strong></span> <span class='ocrx_word' id='word_1_424' title='bbox 1825 3111 2088 3173; x_wconf 63' lang='lat' dir='ltr'><strong>ecclesia},</strong></span> 
     </span>
    </p>
   </div>
   <div class='ocr_carea' id='block_1_63' title="bbox 2194 3105 3779 3191">
    <p class='ocr_par' dir='ltr' id='par_1_63' title="bbox 2197 3116 3779 3191">
     <span class='ocr_line' id='line_1_63' title="bbox 2197 3116 3779 3191; baseline 0.005 -22"><span class='ocrx_word' id='word_1_425' title='bbox 2197 3116 2542 3175; x_wconf 76' lang='grc' dir='ltr'>διατάττεται</span> <span class='ocrx_word' id='word_1_426' title='bbox 2567 3118 2768 3191; x_wconf 78' lang='grc' dir='ltr'>μηδένα</span> <span class='ocrx_word' id='word_1_427' title='bbox 2786 3117 3227 3191; x_wconf 74' lang='grc' dir='ltr'>ἁπολελυμένως,</span> <span class='ocrx_word' id='word_1_428' title='bbox 3251 3118 3422 3189; x_wconf 70' lang='grc' dir='ltr'>ἤγουν</span> <span class='ocrx_word' id='word_1_429' title='bbox 3450 3116 3779 3185; x_wconf 76' lang='grc' dir='ltr'>ἀνωνύμως,</span> 
     </span>
    </p>
   </div>
   <div class='ocr_carea' id='block_1_64' title="bbox 516 3202 2094 3262">
    <p class='ocr_par' dir='ltr' id='par_1_64' title="bbox 516 3202 2094 3262">
     <span class='ocr_line' id='line_1_64' title="bbox 516 3202 2094 3262; baseline 0.004 -10"><span class='ocrx_word' id='word_1_430' title='bbox 516 3203 599 3255; x_wconf 69' lang='lat' dir='ltr'><strong>vel</strong></span> <span class='ocrx_word' id='word_1_431' title='bbox 625 3206 953 3260; x_wconf 89' lang='lat' dir='ltr'><strong>monasterio</strong></span> <span class='ocrx_word' id='word_1_432' title='bbox 991 3205 1306 3261; x_wconf 80' lang='lat' dir='ltr'><strong>nominatim</strong></span> <span class='ocrx_word' id='word_1_433' title='bbox 1339 3205 1611 3262; x_wconf 89' lang='lat' dir='ltr'><strong>addictum</strong></span> <span class='ocrx_word' id='word_1_434' title='bbox 1644 3202 1925 3262; x_wconf 83' lang='lat' dir='ltr'><strong>ordinibus</strong></span> <span class='ocrx_word' id='word_1_435' title='bbox 1959 3203 2094 3259; x_wconf 86' lang='lat' dir='ltr'><strong>insi-</strong></span> 
     </span>
    </p>
   </div>
   <div class='ocr_carea' id='block_1_65' title="bbox 518 3297 1557 3365">
    <p class='ocr_par' dir='ltr' id='par_1_65' title="bbox 518 3297 1557 3365">
     <span class='ocr_line' id='line_1_65' title="bbox 518 3297 1557 3365; baseline 0.007 -20"><span class='ocrx_word' id='word_1_436' title='bbox 518 3297 681 3365; x_wconf 77' lang='lat' dir='ltr'><strong>gniri,</strong></span> <span class='ocrx_word' id='word_1_437' title='bbox 712 3298 884 3351; x_wconf 91' lang='lat' dir='ltr'><strong>altero</strong></span> <span class='ocrx_word' id='word_1_438' title='bbox 912 3313 1123 3354; x_wconf 89' lang='lat' dir='ltr'><strong>canone</strong></span> <span class='ocrx_word' id='word_1_439' title='bbox 1147 3299 1430 3353; x_wconf 83' lang='lat' dir='ltr'><strong>definitum</strong></span> <span class='ocrx_word' id='word_1_440' title='bbox 1457 3308 1557 3355; x_wconf 92' lang='lat' dir='ltr'><strong>est.</strong></span> 
     </span>
    </p>
   </div>
   <div class='ocr_carea' id='block_1_66' title="bbox 518 3387 2096 3463">
    <p class='ocr_par' dir='ltr' id='par_1_66' title="bbox 518 3387 2096 3463">
     <span class='ocr_line' id='line_1_66' title="bbox 518 3387 2096 3463; baseline 0.003 -22"><span class='ocrx_word' id='word_1_441' title='bbox 518 3387 748 3443; x_wconf 78' lang='lat' dir='ltr'><strong>ARlST.</strong></span> <span class='ocrx_word' id='word_1_442' title='bbox 810 3389 854 3444; x_wconf 85' lang='lat' dir='ltr'><em>E</em></span> <span class='ocrx_word' id='word_1_443' title='bbox 873 3393 1081 3446; x_wconf 83' lang='lat' dir='ltr'><strong>civitate</strong></span> <span class='ocrx_word' id='word_1_444' title='bbox 1104 3393 1161 3446; x_wconf 91' lang='lat' dir='ltr'><strong>in</strong></span> <span class='ocrx_word' id='word_1_445' title='bbox 1190 3394 1454 3448; x_wconf 85' lang='lat' dir='ltr'><strong>civitatem</strong></span> <span class='ocrx_word' id='word_1_446' title='bbox 1482 3410 1644 3463; x_wconf 88' lang='lat' dir='ltr'><strong>neque</strong></span> <span class='ocrx_word' id='word_1_447' title='bbox 1670 3388 1961 3461; x_wconf 81' lang='lat' dir='ltr'><strong>episcopus,</strong></span> <span class='ocrx_word' id='word_1_448' title='bbox 2002 3407 2096 3445; x_wconf 90' lang='lat' dir='ltr'><strong>nec</strong></span> 
     </span>
    </p>
   </div>
   <div class='ocr_carea' id='block_1_67' title="bbox 589 3472 2097 3554">
    <p class='ocr_par' dir='ltr' id='par_1_67' title="bbox 589 3472 2097 3554">
     <span class='ocr_line' id='line_1_67' title="bbox 589 3472 2097 3554; baseline 0.002 -20"><span class='ocrx_word' id='word_1_449' title='bbox 589 3483 879 3552; x_wconf 75' lang='lat' dir='ltr'><strong>presbyter,</strong></span> <span class='ocrx_word' id='word_1_450' title='bbox 928 3501 1021 3538; x_wconf 86' lang='lat' dir='ltr'><strong>nec</strong></span> <span class='ocrx_word' id='word_1_451' title='bbox 1066 3486 1320 3539; x_wconf 75' lang='lat' dir='ltr'><strong>diaconus</strong></span> <span class='ocrx_word' id='word_1_452' title='bbox 1367 3487 1654 3541; x_wconf 76' lang='lat' dir='ltr'><strong>transiliat.</strong></span> <span class='ocrx_word' id='word_1_453' title='bbox 1702 3472 1952 3554; x_wconf 80' lang='lat' dir='ltr'><strong>Alioquin</strong></span> <span class='ocrx_word' id='word_1_454' title='bbox 2007 3500 2097 3538; x_wconf 91' lang='lat' dir='ltr'><strong>ec-</strong></span> 
     </span>
    </p>
   </div>
   <div class='ocr_carea' id='block_1_68' title="bbox 591 3572 2095 3643">
    <p class='ocr_par' dir='ltr' id='par_1_68' title="bbox 591 3572 2095 3643">
     <span class='ocr_line' id='line_1_68' title="bbox 591 3572 2095 3643; baseline 0.001 -18"><span class='ocrx_word' id='word_1_455' title='bbox 591 3572 762 3627; x_wconf 82' lang='lat' dir='ltr'><strong>clesiis</strong></span> <span class='ocrx_word' id='word_1_456' title='bbox 812 3576 868 3629; x_wconf 89' lang='lat' dir='ltr'><strong>in</strong></span> <span class='ocrx_word' id='word_1_457' title='bbox 925 3576 1111 3643; x_wconf 78' lang='lat' dir='ltr'><strong>quibus</strong></span> <span class='ocrx_word' id='word_1_458' title='bbox 1174 3578 1407 3632; x_wconf 89' lang='lat' dir='ltr'><strong>ordinati</strong></span> <span class='ocrx_word' id='word_1_459' title='bbox 1460 3586 1631 3642; x_wconf 82' lang='lat' dir='ltr'><strong>sunt,</strong></span> <span class='ocrx_word' id='word_1_460' title='bbox 1683 3592 1867 3632; x_wconf 84' lang='lat' dir='ltr'><strong>rursus</strong></span> <span class='ocrx_word' id='word_1_461' title='bbox 1936 3575 2095 3629; x_wconf 87' lang='lat' dir='ltr'><strong>resti-</strong></span> 
     </span>
    </p>
   </div>
   <div class='ocr_carea' id='block_1_69' title="bbox 592 3674 831 3721">
    <p class='ocr_par' dir='ltr' id='par_1_69' title="bbox 592 3674 831 3721">
     <span class='ocr_line' id='line_1_69' title="bbox 592 3674 831 3721; baseline 0.017 -4"><span class='ocrx_word' id='word_1_462' title='bbox 592 3674 831 3721; x_wconf 85' lang='lat' dir='ltr'><strong>tuentur.</strong></span> 
     </span>
    </p>
   </div>
   <div class='ocr_carea' id='block_1_70' title="bbox 597 3756 2098 3831">
    <p class='ocr_par' dir='ltr' id='par_1_70' title="bbox 597 3756 2098 3831">
     <span class='ocr_line' id='line_1_70' title="bbox 597 3756 2098 3831; baseline 0.001 -21"><span class='ocrx_word' id='word_1_463' title='bbox 597 3756 690 3811; x_wconf 88' lang='lat' dir='ltr'><strong>llic</strong></span> <span class='ocrx_word' id='word_1_464' title='bbox 714 3772 886 3812; x_wconf 88' lang='lat' dir='ltr'><strong>canon</strong></span> <span class='ocrx_word' id='word_1_465' title='bbox 919 3775 1026 3815; x_wconf 88' lang='lat' dir='ltr'><strong>non</strong></span> <span class='ocrx_word' id='word_1_466' title='bbox 1058 3770 1263 3815; x_wconf 88' lang='lat' dir='ltr'><strong>tantum</strong></span> <span class='ocrx_word' id='word_1_467' title='bbox 1300 3761 1677 3831; x_wconf 81' lang='lat' dir='ltr'><strong>episc0porum</strong></span> <span class='ocrx_word' id='word_1_468' title='bbox 1714 3758 2098 3813; x_wconf 75' lang='lat' dir='ltr'><strong>translationes</strong></span> 
     </span>
    </p>
   </div>
   <div class='ocr_carea' id='block_1_71' title="bbox 522 3849 2094 3924">
    <p class='ocr_par' dir='ltr' id='par_1_71' title="bbox 522 3849 2094 3924">
     <span class='ocr_line' id='line_1_71' title="bbox 522 3849 2094 3924; baseline -0.003 -21"><span class='ocrx_word' id='word_1_469' title='bbox 522 3852 742 3904; x_wconf 90' lang='lat' dir='ltr'><strong>omnino</strong></span> <span class='ocrx_word' id='word_1_470' title='bbox 766 3851 920 3917; x_wconf 89' lang='lat' dir='ltr'><strong>tollit,</strong></span> <span class='ocrx_word' id='word_1_471' title='bbox 955 3854 1050 3906; x_wconf 85' lang='lat' dir='ltr'><strong>sed</strong></span> <span class='ocrx_word' id='word_1_472' title='bbox 1082 3863 1137 3906; x_wconf 87' lang='lat' dir='ltr'><strong>et</strong></span> <span class='ocrx_word' id='word_1_473' title='bbox 1164 3855 1605 3924; x_wconf 85' lang='lat' dir='ltr'><strong>presbyterorum</strong></span> <span class='ocrx_word' id='word_1_474' title='bbox 1634 3860 1687 3905; x_wconf 92' lang='lat' dir='ltr'><strong>et</strong></span> <span class='ocrx_word' id='word_1_475' title='bbox 1714 3849 2094 3915; x_wconf 86' lang='lat' dir='ltr'><strong>diaconorum,</strong></span> 
     </span>
    </p>
   </div>
   <div class='ocr_carea' id='block_1_72' title="bbox 523 3938 2095 4013">
    <p class='ocr_par' dir='ltr' id='par_1_72' title="bbox 523 3938 2095 4013">
     <span class='ocr_line' id='line_1_72' title="bbox 523 3938 2095 4013; baseline -0.001 -19"><span class='ocrx_word' id='word_1_476' title='bbox 523 3950 579 3995; x_wconf 90' lang='lat' dir='ltr'><strong>et</strong></span> <span class='ocrx_word' id='word_1_477' title='bbox 611 3956 705 3997; x_wconf 89' lang='lat' dir='ltr'><strong>eos</strong></span> <span class='ocrx_word' id='word_1_478' title='bbox 727 3958 943 4013; x_wconf 87' lang='lat' dir='ltr'><strong>quoque</strong></span> <span class='ocrx_word' id='word_1_479' title='bbox 969 3949 1059 4013; x_wconf 87' lang='lat' dir='ltr'><strong>qui</strong></span> <span class='ocrx_word' id='word_1_480' title='bbox 1093 3945 1197 3998; x_wconf 88' lang='lat' dir='ltr'><strong>tale</strong></span> <span class='ocrx_word' id='word_1_481' title='bbox 1215 3944 1345 4013; x_wconf 88' lang='lat' dir='ltr'><strong>quid</strong></span> <span class='ocrx_word' id='word_1_482' title='bbox 1362 3943 1543 3998; x_wconf 90' lang='lat' dir='ltr'><strong>facere</strong></span> <span class='ocrx_word' id='word_1_483' title='bbox 1571 3944 1651 3997; x_wconf 83' lang='lat' dir='ltr'><strong>vel</strong></span> <span class='ocrx_word' id='word_1_484' title='bbox 1685 3938 2095 4012; x_wconf 79' lang='lat' dir='ltr'><strong>aggrediuntur,</strong></span> 
     </span>
    </p>
   </div>
   <div class='ocr_carea' id='block_1_73' title="bbox 525 4033 2097 4106">
    <p class='ocr_par' dir='ltr' id='par_1_73' title="bbox 525 4033 2097 4106">
     <span class='ocr_line' id='line_1_73' title="bbox 525 4033 2097 4106; baseline 0.001 -20"><span class='ocrx_word' id='word_1_485' title='bbox 525 4036 759 4090; x_wconf 84' lang='lat' dir='ltr'><strong>restituit</strong></span> <span class='ocrx_word' id='word_1_486' title='bbox 792 4051 1005 4092; x_wconf 87' lang='lat' dir='ltr'><strong>rursum</strong></span> <span class='ocrx_word' id='word_1_487' title='bbox 1028 4037 1278 4093; x_wconf 87' lang='lat' dir='ltr'><strong>ecclesiis</strong></span> <span class='ocrx_word' id='word_1_488' title='bbox 1322 4037 1373 4090; x_wconf 92' lang='lat' dir='ltr'><strong>in</strong></span> <span class='ocrx_word' id='word_1_489' title='bbox 1420 4037 1616 4106; x_wconf 83' lang='lat' dir='ltr'><strong>quibus</strong></span> <span class='ocrx_word' id='word_1_490' title='bbox 1650 4035 1885 4090; x_wconf 88' lang='lat' dir='ltr'><strong>ordinati</strong></span> <span class='ocrx_word' id='word_1_491' title='bbox 1926 4033 2097 4093; x_wconf 87' lang='lat' dir='ltr'><strong>fuere.</strong></span> 
     </span>
    </p>
   </div>
   <div class='ocr_carea' id='block_1_74' title="bbox 521 4126 2099 4185">
    <p class='ocr_par' dir='ltr' id='par_1_74' title="bbox 521 4126 2099 4185">
     <span class='ocr_line' id='line_1_74' title="bbox 521 4126 2099 4185; baseline 0 -6"><span class='ocrx_word' id='word_1_492' title='bbox 521 4126 737 4182; x_wconf 84' lang='lat' dir='ltr'><strong>Primus</strong></span> <span class='ocrx_word' id='word_1_493' title='bbox 770 4139 949 4185; x_wconf 84' lang='lat' dir='ltr'><strong>autem</strong></span> <span class='ocrx_word' id='word_1_494' title='bbox 1002 4140 1057 4185; x_wconf 90' lang='lat' dir='ltr'><strong>et</strong></span> <span class='ocrx_word' id='word_1_495' title='bbox 1102 4131 1376 4185; x_wconf 88' lang='lat' dir='ltr'><strong>secundus</strong></span> <span class='ocrx_word' id='word_1_496' title='bbox 1413 4130 1467 4183; x_wconf 90' lang='lat' dir='ltr'><strong>in</strong></span> <span class='ocrx_word' id='word_1_497' title='bbox 1510 4129 1737 4185; x_wconf 74' lang='lat' dir='ltr'><strong>Serdica</strong></span> <span class='ocrx_word' id='word_1_498' title='bbox 1783 4141 1958 4183; x_wconf 87' lang='lat' dir='ltr'><strong>canon</strong></span> <span class='ocrx_word' id='word_1_499' title='bbox 2004 4140 2099 4180; x_wconf 88' lang='lat' dir='ltr'><strong>eos</strong></span> 
     </span>
    </p>
   </div>
   <div class='ocr_carea' id='block_1_75' title="bbox 522 4220 2098 4293">
    <p class='ocr_par' dir='ltr' id='par_1_75' title="bbox 522 4220 2098 4293">
     <span class='ocr_line' id='line_1_75' title="bbox 522 4220 2098 4293; baseline 0 -19"><span class='ocrx_word' id='word_1_500' title='bbox 522 4221 762 4276; x_wconf 82' lang='lat' dir='ltr'><strong>severius</strong></span> <span class='ocrx_word' id='word_1_501' title='bbox 826 4222 1001 4291; x_wconf 80' lang='lat' dir='ltr'><strong>punit,</strong></span> <span class='ocrx_word' id='word_1_502' title='bbox 1056 4220 1639 4280; x_wconf 79' lang='lat' dir='ltr'><strong>excommunicationis</strong></span> <span class='ocrx_word' id='word_1_503' title='bbox 1678 4220 1945 4293; x_wconf 88' lang='lat' dir='ltr'><strong>supplicio</strong></span> <span class='ocrx_word' id='word_1_504' title='bbox 2000 4232 2098 4275; x_wconf 81' lang='lat' dir='ltr'><strong>eos</strong></span> 
     </span>
    </p>
   </div>
   <div class='ocr_carea' id='block_1_76' title="bbox 522 4312 843 4379">
    <p class='ocr_par' dir='ltr' id='par_1_76' title="bbox 522 4312 843 4379">
     <span class='ocr_line' id='line_1_76' title="bbox 522 4312 843 4379; baseline 0.012 -14"><span class='ocrx_word' id='word_1_505' title='bbox 522 4312 843 4379; x_wconf 75' lang='lat' dir='ltr'><strong>sulijicietts.</strong></span> 
     </span>
    </p>
   </div>
   <div class='ocr_carea' id='block_1_77' title="bbox 794 4388 1495 4460">
    <p class='ocr_par' dir='ltr' id='par_1_77' title="bbox 794 4388 1495 4460">
     <span class='ocr_line' id='line_1_77' title="bbox 794 4388 1495 4460; baseline 0 -1"><span class='ocrx_word' id='word_1_506' title='bbox 794 4388 805 4395; x_wconf 79' lang='grc'><em>“</em></span> <span class='ocrx_word' id='word_1_507' title='bbox 1091 4403 1321 4459; x_wconf 66' lang='lat' dir='ltr'><strong>canon</strong></span> <span class='ocrx_word' id='word_1_508' title='bbox 1355 4401 1495 4460; x_wconf 78' lang='lat' dir='ltr'><strong>xw.</strong></span> 
     </span>
    </p>
   </div>
   <div class='ocr_carea' id='block_1_78' title="bbox 526 4495 2100 4566">
    <p class='ocr_par' dir='ltr' id='par_1_78' title="bbox 526 4495 2100 4566">
     <span class='ocr_line' id='line_1_78' title="bbox 526 4495 2100 4566; baseline 0 -16"><span class='ocrx_word' id='word_1_509' title='bbox 526 4495 833 4566; x_wconf 76' lang='lat' dir='ltr'><strong>Quicunque</strong></span> <span class='ocrx_word' id='word_1_510' title='bbox 865 4506 1055 4551; x_wconf 79' lang='lat' dir='ltr'><strong>temere</strong></span> <span class='ocrx_word' id='word_1_511' title='bbox 1080 4506 1129 4551; x_wconf 86' lang='lat' dir='ltr'><strong>et</strong></span> <span class='ocrx_word' id='word_1_512' title='bbox 1155 4497 1559 4563; x_wconf 83' lang='lat' dir='ltr'><strong>inconsiderate,</strong></span> <span class='ocrx_word' id='word_1_513' title='bbox 1597 4514 1689 4551; x_wconf 89' lang='lat' dir='ltr'><strong>nec</strong></span> <span class='ocrx_word' id='word_1_514' title='bbox 1720 4496 1819 4552; x_wconf 89' lang='lat' dir='ltr'><strong>Dei</strong></span> <span class='ocrx_word' id='word_1_515' title='bbox 1859 4499 2100 4551; x_wconf 72' lang='lat' dir='ltr'><strong>timorem</strong></span> 
     </span>
    </p>
   </div>
   <div class='ocr_carea' id='block_1_79' title="bbox 598 4590 2096 4658">
    <p class='ocr_par' dir='ltr' id='par_1_79' title="bbox 598 4590 2096 4658">
     <span class='ocr_line' id='line_1_79' title="bbox 598 4590 2096 4658; baseline 0.004 -19"><span class='ocrx_word' id='word_1_516' title='bbox 598 4606 709 4658; x_wconf 76' lang='lat' dir='ltr'><strong>pra:</strong></span> <span class='ocrx_word' id='word_1_517' title='bbox 755 4591 921 4645; x_wconf 85' lang='lat' dir='ltr'><strong>oculis</strong></span> <span class='ocrx_word' id='word_1_518' title='bbox 966 4590 1233 4655; x_wconf 77' lang='lat' dir='ltr'><strong>habentes,</strong></span> <span class='ocrx_word' id='word_1_519' title='bbox 1271 4608 1362 4644; x_wconf 89' lang='lat' dir='ltr'><strong>nec</strong></span> <span class='ocrx_word' id='word_1_520' title='bbox 1395 4590 1812 4644; x_wconf 86' lang='lat' dir='ltr'><strong>ecclesiasticum</strong></span> <span class='ocrx_word' id='word_1_521' title='bbox 1847 4606 2096 4645; x_wconf 75' lang='lat' dir='ltr'><strong>annonem</strong></span> 
     </span>
    </p>
   </div>
   <div class='ocr_carea' id='block_1_80' title="bbox 597 4683 2102 4753">
    <p class='ocr_par' dir='ltr' id='par_1_80' title="bbox 597 4683 2102 4753">
     <span class='ocr_line' id='line_1_80' title="bbox 597 4683 2102 4753; baseline 0.001 -17"><span class='ocrx_word' id='word_1_522' title='bbox 597 4685 839 4749; x_wconf 84' lang='lat' dir='ltr'><strong>scientes,</strong></span> <span class='ocrx_word' id='word_1_523' title='bbox 905 4685 1192 4752; x_wconf 77' lang='lat' dir='ltr'><strong>presbyteri</strong></span> <span class='ocrx_word' id='word_1_524' title='bbox 1256 4684 1345 4738; x_wconf 78' lang='lat' dir='ltr'><strong>vel</strong></span> <span class='ocrx_word' id='word_1_525' title='bbox 1384 4684 1615 4746; x_wconf 84' lang='lat' dir='ltr'><strong>diaconi,</strong></span> <span class='ocrx_word' id='word_1_526' title='bbox 1684 4683 1759 4736; x_wconf 68' lang='lat' dir='ltr'><strong>vel</strong></span> <span class='ocrx_word' id='word_1_527' title='bbox 1807 4684 2102 4753; x_wconf 79' lang='lat' dir='ltr'><strong>quicunque</strong></span> 
     </span>
    </p>
   </div>
   <div class='ocr_carea' id='block_1_81' title="bbox 600 4773 2103 4837">
    <p class='ocr_par' dir='ltr' id='par_1_81' title="bbox 600 4773 2103 4837">
     <span class='ocr_line' id='line_1_81' title="bbox 600 4773 2103 4837; baseline 0 -10"><span class='ocrx_word' id='word_1_528' title='bbox 600 4777 813 4830; x_wconf 83' lang='lat' dir='ltr'><strong>omnino</strong></span> <span class='ocrx_word' id='word_1_529' title='bbox 842 4778 901 4829; x_wconf 86' lang='lat' dir='ltr'><strong>in</strong></span> <span class='ocrx_word' id='word_1_530' title='bbox 930 4793 1128 4831; x_wconf 88' lang='lat' dir='ltr'><strong>canone</strong></span> <span class='ocrx_word' id='word_1_531' title='bbox 1158 4786 1514 4837; x_wconf 83' lang='lat' dir='ltr'><strong>recensentur,</strong></span> <span class='ocrx_word' id='word_1_532' title='bbox 1555 4773 1620 4826; x_wconf 91' lang='lat' dir='ltr'><strong>ab</strong></span> <span class='ocrx_word' id='word_1_533' title='bbox 1663 4774 1895 4827; x_wconf 86' lang='lat' dir='ltr'><strong>ecclesiis</strong></span> <span class='ocrx_word' id='word_1_534' title='bbox 1935 4790 2103 4830; x_wconf 88' lang='lat' dir='ltr'><strong>seces-</strong></span> 
     </span>
    </p>
   </div>
   <div class='ocr_carea' id='block_1_82' title="bbox 599 4863 2101 4933">
    <p class='ocr_par' dir='ltr' id='par_1_82' title="bbox 599 4863 2101 4933">
     <span class='ocr_line' id='line_1_82' title="bbox 599 4863 2101 4933; baseline 0.001 -17"><span class='ocrx_word' id='word_1_535' title='bbox 599 4864 786 4927; x_wconf 85' lang='lat' dir='ltr'><strong>serint,</strong></span> <span class='ocrx_word' id='word_1_536' title='bbox 820 4864 858 4917; x_wconf 91' lang='lat' dir='ltr'><strong>ii</strong></span> <span class='ocrx_word' id='word_1_537' title='bbox 880 4864 935 4917; x_wconf 89' lang='lat' dir='ltr'><strong>in</strong></span> <span class='ocrx_word' id='word_1_538' title='bbox 960 4864 1135 4917; x_wconf 84' lang='lat' dir='ltr'><strong>aliena</strong></span> <span class='ocrx_word' id='word_1_539' title='bbox 1173 4863 1395 4917; x_wconf 84' lang='lat' dir='ltr'><strong>ecclesia</strong></span> <span class='ocrx_word' id='word_1_540' title='bbox 1438 4863 1584 4917; x_wconf 83' lang='lat' dir='ltr'><strong>nullo</strong></span> <span class='ocrx_word' id='word_1_541' title='bbox 1615 4863 1768 4916; x_wconf 88' lang='lat' dir='ltr'><strong>modo</strong></span> <span class='ocrx_word' id='word_1_542' title='bbox 1798 4865 1957 4933; x_wconf 84' lang='lat' dir='ltr'><strong>recipi</strong></span> <span class='ocrx_word' id='word_1_543' title='bbox 2010 4863 2101 4918; x_wconf 84' lang='lat' dir='ltr'><strong>de-</strong></span> 
     </span>
    </p>
   </div>
   <div class='ocr_carea' id='block_1_83' title="bbox 601 4954 2103 5024">
    <p class='ocr_par' dir='ltr' id='par_1_83' title="bbox 601 4954 2103 5024">
     <span class='ocr_line' id='line_1_83' title="bbox 601 4954 2103 5024; baseline 0.001 -17"><span class='ocrx_word' id='word_1_544' title='bbox 601 4956 757 5020; x_wconf 86' lang='lat' dir='ltr'><strong>bent,</strong></span> <span class='ocrx_word' id='word_1_545' title='bbox 799 4954 890 5009; x_wconf 88' lang='lat' dir='ltr'><strong>sed</strong></span> <span class='ocrx_word' id='word_1_546' title='bbox 947 4956 1156 5009; x_wconf 87' lang='lat' dir='ltr'><strong>omnino</strong></span> <span class='ocrx_word' id='word_1_547' title='bbox 1182 4955 1399 5024; x_wconf 83' lang='lat' dir='ltr'><strong>cogendi</strong></span> <span class='ocrx_word' id='word_1_548' title='bbox 1450 4963 1571 5007; x_wconf 81' lang='lat' dir='ltr'><strong>sunt</strong></span> <span class='ocrx_word' id='word_1_549' title='bbox 1614 4956 1671 5008; x_wconf 89' lang='lat' dir='ltr'><strong>in</strong></span> <span class='ocrx_word' id='word_1_550' title='bbox 1700 4971 1824 5009; x_wconf 86' lang='lat' dir='ltr'><strong>suas</strong></span> <span class='ocrx_word' id='word_1_551' title='bbox 1867 4957 2103 5023; x_wconf 81' lang='lat' dir='ltr'><strong>ipsorum</strong></span> 
     </span>
    </p>
   </div>
   <div class='ocr_carea' id='block_1_84' title="bbox 602 5043 2105 5113">
    <p class='ocr_par' dir='ltr' id='par_1_84' title="bbox 602 5043 2105 5113">
     <span class='ocr_line' id='line_1_84' title="bbox 602 5043 2105 5113; baseline 0.002 -17"><span class='ocrx_word' id='word_1_552' title='bbox 602 5045 879 5113; x_wconf 77' lang='lat' dir='ltr'><strong>parochias</strong></span> <span class='ocrx_word' id='word_1_553' title='bbox 914 5045 1105 5098; x_wconf 84' lang='lat' dir='ltr'><strong>redire.</strong></span> <span class='ocrx_word' id='word_1_554' title='bbox 1160 5043 1248 5099; x_wconf 80' lang='lat' dir='ltr'><strong>Vel</strong></span> <span class='ocrx_word' id='word_1_555' title='bbox 1275 5046 1321 5099; x_wconf 91' lang='lat' dir='ltr'><strong>si</strong></span> <span class='ocrx_word' id='word_1_556' title='bbox 1348 5055 1667 5113; x_wconf 78' lang='lat' dir='ltr'><strong>perseverent</strong></span> <span class='ocrx_word' id='word_1_557' title='bbox 1697 5084 1713 5108; x_wconf 84' lang='lat'><strong>,</strong></span> <span class='ocrx_word' id='word_1_558' title='bbox 1757 5063 1844 5100; x_wconf 89' lang='lat' dir='ltr'><strong>eos</strong></span> <span class='ocrx_word' id='word_1_559' title='bbox 1893 5063 1925 5099; x_wconf 87' lang='lat' dir='ltr'><strong>a</strong></span> <span class='ocrx_word' id='word_1_560' title='bbox 1961 5064 2105 5100; x_wconf 83' lang='lat' dir='ltr'><strong>cont-</strong></span> 
     </span>
    </p>
   </div>
   <div class='ocr_carea' id='block_1_85' title="bbox 605 5137 2104 5206">
    <p class='ocr_par' dir='ltr' id='par_1_85' title="bbox 605 5137 2104 5206">
     <span class='ocr_line' id='line_1_85' title="bbox 605 5137 2104 5206; baseline 0 -15"><span class='ocrx_word' id='word_1_561' title='bbox 605 5139 856 5191; x_wconf 86' lang='lat' dir='ltr'><strong>munione</strong></span> <span class='ocrx_word' id='word_1_562' title='bbox 901 5146 1171 5206; x_wconf 82' lang='lat' dir='ltr'><strong>separatos</strong></span> <span class='ocrx_word' id='word_1_563' title='bbox 1203 5153 1313 5192; x_wconf 88' lang='lat' dir='ltr'><strong>esse</strong></span> <span class='ocrx_word' id='word_1_564' title='bbox 1350 5147 1570 5205; x_wconf 76' lang='lat' dir='ltr'><strong>oportet.</strong></span> <span class='ocrx_word' id='word_1_565' title='bbox 1602 5137 1696 5193; x_wconf 88' lang='lat' dir='ltr'><strong>Sin</strong></span> <span class='ocrx_word' id='word_1_566' title='bbox 1738 5147 1915 5191; x_wconf 81' lang='lat' dir='ltr'><strong>autem</strong></span> <span class='ocrx_word' id='word_1_567' title='bbox 1941 5141 2104 5192; x_wconf 85' lang='lat' dir='ltr'><strong>etiam</strong></span> 
     </span>
    </p>
   </div>
   <div class='ocr_carea' id='block_1_86' title="bbox 607 5225 2103 5296">
    <p class='ocr_par' dir='ltr' id='par_1_86' title="bbox 607 5225 2103 5296">
     <span class='ocr_line' id='line_1_86' title="bbox 607 5225 2103 5296; baseline 0 -18"><span class='ocrx_word' id='word_1_568' title='bbox 607 5242 767 5279; x_wconf 85' lang='lat' dir='ltr'><strong>ausus</strong></span> <span class='ocrx_word' id='word_1_569' title='bbox 799 5226 959 5294; x_wconf 74' lang='lat' dir='ltr'><strong>fuerit</strong></span> <span class='ocrx_word' id='word_1_570' title='bbox 988 5225 1256 5295; x_wconf 85' lang='lat' dir='ltr'><strong>quispiam</strong></span> <span class='ocrx_word' id='word_1_571' title='bbox 1287 5242 1408 5280; x_wconf 86' lang='lat' dir='ltr'><strong>eum</strong></span> <span class='ocrx_word' id='word_1_572' title='bbox 1438 5228 1531 5296; x_wconf 80' lang='lat' dir='ltr'><strong>qui</strong></span> <span class='ocrx_word' id='word_1_573' title='bbox 1562 5228 1631 5281; x_wconf 87' lang='lat' dir='ltr'><strong>ad</strong></span> <span class='ocrx_word' id='word_1_574' title='bbox 1663 5226 1828 5281; x_wconf 84' lang='lat' dir='ltr'><strong>alium</strong></span> <span class='ocrx_word' id='word_1_575' title='bbox 1856 5228 2103 5296; x_wconf 79' lang='lat' dir='ltr'><strong>pertinet,</strong></span> 
     </span>
    </p>
   </div>
   <div class='ocr_carea' id='block_1_87' title="bbox 607 5311 2106 5381">
    <p class='ocr_par' dir='ltr' id='par_1_87' title="bbox 607 5311 2106 5381">
     <span class='ocr_line' id='line_1_87' title="bbox 607 5311 2106 5381; baseline 0.003 -16"><span class='ocrx_word' id='word_1_576' title='bbox 607 5311 895 5380; x_wconf 75' lang='lat' dir='ltr'><strong>subripere.</strong></span> <span class='ocrx_word' id='word_1_577' title='bbox 909 5316 961 5368; x_wconf 84' lang='lat' dir='ltr'><strong>et</strong></span> <span class='ocrx_word' id='word_1_578' title='bbox 988 5316 1043 5366; x_wconf 88' lang='lat' dir='ltr'><strong>in</strong></span> <span class='ocrx_word' id='word_1_579' title='bbox 1072 5313 1286 5368; x_wconf 86' lang='lat' dir='ltr'><strong>ecclesia</strong></span> <span class='ocrx_word' id='word_1_580' title='bbox 1318 5331 1417 5369; x_wconf 88' lang='lat' dir='ltr'><strong>sua</strong></span> <span class='ocrx_word' id='word_1_581' title='bbox 1446 5316 1711 5381; x_wconf 87' lang='lat' dir='ltr'><strong>ordinare,</strong></span> <span class='ocrx_word' id='word_1_582' title='bbox 1742 5333 1844 5370; x_wconf 89' lang='lat' dir='ltr'><strong>non</strong></span> <span class='ocrx_word' id='word_1_583' title='bbox 1880 5333 2106 5372; x_wconf 88' lang='lat' dir='ltr'><strong>consen-</strong></span> 
     </span>
    </p>
   </div>
   <div class='ocr_carea' id='block_1_88' title="bbox 609 5407 2107 5481">
    <p class='ocr_par' dir='ltr' id='par_1_88' title="bbox 609 5407 2107 5481">
     <span class='ocr_line' id='line_1_88' title="bbox 609 5407 2107 5481; baseline 0.006 -25"><span class='ocrx_word' id='word_1_584' title='bbox 609 5408 767 5458; x_wconf 80' lang='lat' dir='ltr'><strong>tiente</strong></span> <span class='ocrx_word' id='word_1_585' title='bbox 789 5408 1004 5475; x_wconf 84' lang='lat' dir='ltr'><strong>proprio</strong></span> <span class='ocrx_word' id='word_1_586' title='bbox 1029 5407 1288 5475; x_wconf 86' lang='lat' dir='ltr'><strong>episcopo,</strong></span> <span class='ocrx_word' id='word_1_587' title='bbox 1307 5425 1457 5479; x_wconf 85' lang='lat' dir='ltr'><strong>aquo</strong></span> <span class='ocrx_word' id='word_1_588' title='bbox 1482 5411 1696 5466; x_wconf 81' lang='lat' dir='ltr'><strong>recessit</strong></span> <span class='ocrx_word' id='word_1_589' title='bbox 1717 5411 1806 5481; x_wconf 69' lang='lat' dir='ltr'><strong>qui</strong></span> <span class='ocrx_word' id='word_1_590' title='bbox 1829 5411 1883 5465; x_wconf 89' lang='lat' dir='ltr'><strong>in</strong></span> <span class='ocrx_word' id='word_1_591' title='bbox 1909 5424 2107 5466; x_wconf 83' lang='lat' dir='ltr'><strong>canone</strong></span> 
     </span>
    </p>
   </div>
   <div class='ocr_carea' id='block_1_89' title="bbox 609 5499 1481 5564">
    <p class='ocr_par' dir='ltr' id='par_1_89' title="bbox 609 5499 1481 5564">
     <span class='ocr_line' id='line_1_89' title="bbox 609 5499 1481 5564; baseline 0.013 -16"><span class='ocrx_word' id='word_1_592' title='bbox 609 5509 867 5564; x_wconf 76' lang='lat' dir='ltr'><strong>censetur,</strong></span> <span class='ocrx_word' id='word_1_593' title='bbox 898 5499 1052 5555; x_wconf 88' lang='lat' dir='ltr'><strong>irrita</strong></span> <span class='ocrx_word' id='word_1_594' title='bbox 1088 5499 1156 5554; x_wconf 89' lang='lat' dir='ltr'><strong>sit</strong></span> <span class='ocrx_word' id='word_1_595' title='bbox 1190 5502 1481 5559; x_wconf 87' lang='lat' dir='ltr'><strong>ordinatio.</strong></span> 
     </span>
    </p>
   </div>
   <div class='ocr_carea' id='block_1_90' title="bbox 2198 3207 3787 3285">
    <p class='ocr_par' dir='ltr' id='par_1_90' title="bbox 2198 3207 3787 3285">
     <span class='ocr_line' id='line_1_90' title="bbox 2198 3207 3787 3285; baseline 0 -22"><span class='ocrx_word' id='word_1_596' title='bbox 2198 3212 2651 3282; x_wconf 80' lang='grc' dir='ltr'>χειροτονεῖσθαι,</span> <span class='ocrx_word' id='word_1_597' title='bbox 2673 3212 2787 3265; x_wconf 83' lang='grc' dir='ltr'>ἀλλ’</span> <span class='ocrx_word' id='word_1_598' title='bbox 2811 3215 2890 3277; x_wconf 79' lang='grc' dir='ltr'><strong>είς</strong></span> <span class='ocrx_word' id='word_1_599' title='bbox 2920 3213 3082 3285; x_wconf 84' lang='grc' dir='ltr'>τήνδε</span> <span class='ocrx_word' id='word_1_600' title='bbox 3114 3214 3215 3283; x_wconf 80' lang='grc' dir='ltr'>τὴν</span> <span class='ocrx_word' id='word_1_601' title='bbox 3247 3208 3577 3280; x_wconf 77' lang='grc' dir='ltr'>ἐπισκοπὴν,</span> <span class='ocrx_word' id='word_1_602' title='bbox 3611 3207 3644 3281; x_wconf 74' lang='grc' dir='ltr'>ἢ</span> <span class='ocrx_word' id='word_1_603' title='bbox 3676 3207 3787 3281; x_wconf 72' lang='grc' dir='ltr'>τὴν</span> 
     </span>
    </p>
   </div>
   <div class='ocr_carea' id='block_1_91' title="bbox 2196 3304 2933 3375">
    <p class='ocr_par' dir='ltr' id='par_1_91' title="bbox 2196 3304 2933 3375">
     <span class='ocr_line' id='line_1_91' title="bbox 2196 3304 2933 3375; baseline 0.001 -18"><span class='ocrx_word' id='word_1_604' title='bbox 2196 3304 2516 3373; x_wconf 71' lang='grc' dir='ltr'>ἐκκλησίαν,</span> <span class='ocrx_word' id='word_1_605' title='bbox 2546 3304 2701 3375; x_wconf 76' lang='grc' dir='ltr'>ἢτὴν</span> <span class='ocrx_word' id='word_1_606' title='bbox 2738 3307 2933 3375; x_wconf 82' lang='grc' dir='ltr'>μονήν.</span> 
     </span>
    </p>
   </div>
   <div class='ocr_carea' id='block_1_92' title="bbox 2202 3396 3777 3467">
    <p class='ocr_par' dir='ltr' id='par_1_92' title="bbox 2202 3396 3777 3467">
     <span class='ocr_line' id='line_1_92' title="bbox 2202 3396 3777 3467; baseline -0.001 -18"><span class='ocrx_word' id='word_1_607' title='bbox 2202 3396 2416 3455; x_wconf 74' lang='grc' dir='ltr'><strong>ΔΡΙΣΤ.</strong></span> <span class='ocrx_word' id='word_1_608' title='bbox 2458 3396 2561 3450; x_wconf 80' lang='grc' dir='ltr'>Ἐκ</span> <span class='ocrx_word' id='word_1_609' title='bbox 2600 3399 2832 3464; x_wconf 75' lang='grc' dir='ltr'>πόλεως</span> <span class='ocrx_word' id='word_1_610' title='bbox 2861 3400 2949 3464; x_wconf 78' lang='grc' dir='ltr'>εὶς</span> <span class='ocrx_word' id='word_1_611' title='bbox 3006 3398 3191 3452; x_wconf 72' lang='grc' dir='ltr'>πόλιν</span> <span class='ocrx_word' id='word_1_612' title='bbox 3222 3396 3368 3467; x_wconf 79' lang='grc' dir='ltr'>μήτε</span> <span class='ocrx_word' id='word_1_613' title='bbox 3407 3396 3777 3461; x_wconf 75' lang='grc' dir='ltr'>ἐπίσκοπος,</span> 
     </span>
    </p>
   </div>
   <div class='ocr_carea' id='block_1_93' title="bbox 2262 3485 3783 3558">
    <p class='ocr_par' dir='ltr' id='par_1_93' title="bbox 2262 3485 3783 3558">
     <span class='ocr_line' id='line_1_93' title="bbox 2262 3485 3783 3558; baseline -0.002 -17"><span class='ocrx_word' id='word_1_614' title='bbox 2262 3485 2418 3555; x_wconf 79' lang='grc' dir='ltr'>μήτε</span> <span class='ocrx_word' id='word_1_615' title='bbox 2471 3490 2895 3558; x_wconf 79' lang='grc' dir='ltr'>πρεσϐύτερος,</span> <span class='ocrx_word' id='word_1_616' title='bbox 2931 3490 2971 3558; x_wconf 77' lang='grc' dir='ltr'>ἢ</span> <span class='ocrx_word' id='word_1_617' title='bbox 3018 3488 3301 3554; x_wconf 77' lang='grc' dir='ltr'>διάκονος</span> <span class='ocrx_word' id='word_1_618' title='bbox 3355 3486 3783 3557; x_wconf 78' lang='grc' dir='ltr'>μεταϐαινέτω·</span> 
     </span>
    </p>
   </div>
   <div class='ocr_carea' id='block_1_94' title="bbox 2267 3578 3790 3650">
    <p class='ocr_par' dir='ltr' id='par_1_94' title="bbox 2267 3578 3790 3650">
     <span class='ocr_line' id='line_1_94' title="bbox 2267 3578 3790 3650; baseline 0.008 -20"><span class='ocrx_word' id='word_1_619' title='bbox 2267 3578 2401 3631; x_wconf 75' lang='grc' dir='ltr'>ἐπεὶ</span> <span class='ocrx_word' id='word_1_620' title='bbox 2424 3579 2613 3633; x_wconf 78' lang='grc' dir='ltr'>πάλιν</span> <span class='ocrx_word' id='word_1_621' title='bbox 2635 3580 3137 3650; x_wconf 77' lang='grc' dir='ltr'>ἀποδοθήσονται</span> <span class='ocrx_word' id='word_1_622' title='bbox 3164 3580 3293 3647; x_wconf 84' lang='grc' dir='ltr'>ταῖς</span> <span class='ocrx_word' id='word_1_623' title='bbox 3317 3578 3675 3646; x_wconf 66' lang='grc' dir='ltr'>ἐκκλησίαις</span> <span class='ocrx_word' id='word_1_624' title='bbox 3710 3579 3790 3632; x_wconf 65' lang='grc' dir='ltr'>ἐν</span> 
     </span>
    </p>
   </div>
   <div class='ocr_carea' id='block_1_95' title="bbox 2268 3666 2923 3739">
    <p class='ocr_par' dir='ltr' id='par_1_95' title="bbox 2268 3666 2923 3739">
     <span class='ocr_line' id='line_1_95' title="bbox 2268 3666 2923 3739; baseline 0.008 -16"><span class='ocrx_word' id='word_1_625' title='bbox 2268 3666 2367 3737; x_wconf 71' lang='grc' dir='ltr'><strong>οἷς</strong></span> <span class='ocrx_word' id='word_1_626' title='bbox 2389 3674 2923 3739; x_wconf 67' lang='grc' dir='ltr'>κεχειροτόνηνται.</span> 
     </span>
    </p>
   </div>
   <div class='ocr_carea' id='block_1_96' title="bbox 2264 3760 3788 3834">
    <p class='ocr_par' dir='ltr' id='par_1_96' title="bbox 2264 3760 3788 3834">
     <span class='ocr_line' id='line_1_96' title="bbox 2264 3760 3788 3834; baseline -0.002 -16"><span class='ocrx_word' id='word_1_627' title='bbox 2264 3762 2464 3818; x_wconf 81' lang='grc' dir='ltr'>Κανὼν</span> <span class='ocrx_word' id='word_1_628' title='bbox 2491 3760 2647 3828; x_wconf 76' lang='grc' dir='ltr'>οὗτος</span> <span class='ocrx_word' id='word_1_629' title='bbox 2675 3766 2735 3817; x_wconf 81' lang='grc' dir='ltr'>οὐ</span> <span class='ocrx_word' id='word_1_630' title='bbox 2777 3764 2939 3834; x_wconf 87' lang='grc' dir='ltr'>μόνον</span> <span class='ocrx_word' id='word_1_631' title='bbox 2966 3764 3065 3828; x_wconf 76' lang='grc' dir='ltr'><strong>τὰς</strong></span> <span class='ocrx_word' id='word_1_632' title='bbox 3109 3764 3223 3818; x_wconf 82' lang='grc' dir='ltr'><strong>τῶν</strong></span> <span class='ocrx_word' id='word_1_633' title='bbox 3246 3763 3564 3823; x_wconf 74' lang='grc' dir='ltr'>ἐπισκόπων</span> <span class='ocrx_word' id='word_1_634' title='bbox 3606 3779 3788 3831; x_wconf 73' lang='grc' dir='ltr'>μεταο</span> 
     </span>
    </p>
   </div>
   <div class='ocr_carea' id='block_1_97' title="bbox 2199 3841 3793 3928">
    <p class='ocr_par' dir='ltr' id='par_1_97' title="bbox 2199 3841 3793 3928">
     <span class='ocr_line' id='line_1_97' title="bbox 2199 3841 3793 3928; baseline 0 -20"><span class='ocrx_word' id='word_1_635' title='bbox 2199 3855 2378 3919; x_wconf 80' lang='grc' dir='ltr'>θέσεις</span> <span class='ocrx_word' id='word_1_636' title='bbox 2428 3856 2706 3920; x_wconf 76' lang='grc' dir='ltr'>παντελῶς</span> <span class='ocrx_word' id='word_1_637' title='bbox 2730 3859 2966 3928; x_wconf 79' lang='grc' dir='ltr'>ἀναιρεῖ,</span> <span class='ocrx_word' id='word_1_638' title='bbox 2999 3856 3138 3911; x_wconf 82' lang='grc' dir='ltr'><strong>ἀλλὰ</strong></span> <span class='ocrx_word' id='word_1_639' title='bbox 3171 3841 3268 3911; x_wconf 74' lang='grc' dir='ltr'>καὶ</span> <span class='ocrx_word' id='word_1_640' title='bbox 3302 3856 3417 3911; x_wconf 83' lang='grc' dir='ltr'><strong>τῶν</strong></span> <span class='ocrx_word' id='word_1_641' title='bbox 3474 3856 3793 3925; x_wconf 78' lang='grc' dir='ltr'>πρεσϐυτέ-</span> 
     </span>
    </p>
   </div>
   <div class='ocr_carea' id='block_1_98' title="bbox 2202 3944 3786 4019">
    <p class='ocr_par' dir='ltr' id='par_1_98' title="bbox 2202 3944 3786 4019">
     <span class='ocr_line' id='line_1_98' title="bbox 2202 3944 3786 4019; baseline -0.002 -18"><span class='ocrx_word' id='word_1_642' title='bbox 2202 3965 2317 4019; x_wconf 87' lang='grc' dir='ltr'><strong>ρων</strong></span> <span class='ocrx_word' id='word_1_643' title='bbox 2352 3948 2444 4002; x_wconf 84' lang='grc' dir='ltr'>καὶ</span> <span class='ocrx_word' id='word_1_644' title='bbox 2474 3947 2761 4013; x_wconf 84' lang='grc' dir='ltr'>διακόνων,</span> <span class='ocrx_word' id='word_1_645' title='bbox 2815 3948 2909 4002; x_wconf 75' lang='grc' dir='ltr'>καὶ</span> <span class='ocrx_word' id='word_1_646' title='bbox 2932 3949 3073 4012; x_wconf 76' lang='grc' dir='ltr'>,τοὺς</span> <span class='ocrx_word' id='word_1_647' title='bbox 3102 3948 3566 4019; x_wconf 75' lang='grc' dir='ltr'>ἐπιχειρήσαντας</span> <span class='ocrx_word' id='word_1_648' title='bbox 3595 3944 3786 3999; x_wconf 81' lang='grc' dir='ltr'>τοιοῦ-</span> 
     </span>
    </p>
   </div>
   <div class='ocr_carea' id='block_1_99' title="bbox 2198 4036 3789 4111">
    <p class='ocr_par' dir='ltr' id='par_1_99' title="bbox 2198 4036 3789 4111">
     <span class='ocr_line' id='line_1_99' title="bbox 2198 4036 3789 4111; baseline -0.002 -19"><span class='ocrx_word' id='word_1_649' title='bbox 2198 4039 2293 4092; x_wconf 84' lang='grc' dir='ltr'><strong>τόν</strong></span> <span class='ocrx_word' id='word_1_650' title='bbox 2347 4056 2400 4092; x_wconf 90' lang='grc' dir='ltr'><strong>τι</strong></span> <span class='ocrx_word' id='word_1_651' title='bbox 2454 4039 2678 4111; x_wconf 84' lang='grc' dir='ltr'>ποιῆσαι</span> <span class='ocrx_word' id='word_1_652' title='bbox 2730 4039 3080 4109; x_wconf 79' lang='grc' dir='ltr'>ἀποκαθιστᾷ</span> <span class='ocrx_word' id='word_1_653' title='bbox 3112 4037 3275 4091; x_wconf 83' lang='grc' dir='ltr'>πάλιν</span> <span class='ocrx_word' id='word_1_654' title='bbox 3302 4038 3426 4099; x_wconf 80' lang='grc' dir='ltr'>ταῖς</span> <span class='ocrx_word' id='word_1_655' title='bbox 3460 4036 3789 4104; x_wconf 79' lang='grc' dir='ltr'>ἐκκλησίαις</span> 
     </span>
    </p>
   </div>
   <div class='ocr_carea' id='block_1_100' title="bbox 2198 4127 3786 4203">
    <p class='ocr_par' dir='ltr' id='par_1_100' title="bbox 2198 4127 3786 4203">
     <span class='ocr_line' id='line_1_100' title="bbox 2198 4127 3786 4203; baseline -0.003 -18"><span class='ocrx_word' id='word_1_656' title='bbox 2198 4132 2257 4185; x_wconf 80' lang='grc' dir='ltr'><strong>ἐν</strong></span> <span class='ocrx_word' id='word_1_657' title='bbox 2287 4127 2377 4195; x_wconf 74' lang='grc' dir='ltr'>αἷς</span> <span class='ocrx_word' id='word_1_658' title='bbox 2404 4132 2914 4203; x_wconf 76' lang='grc' dir='ltr'>κεχειροτόνηνταιο</span> <span class='ocrx_word' id='word_1_659' title='bbox 2953 4133 2983 4185; x_wconf 85' lang='grc' dir='ltr'>ὁ</span> <span class='ocrx_word' id='word_1_660' title='bbox 3012 4131 3071 4184; x_wconf 78' lang='grc' dir='ltr'>δὲ</span> <span class='ocrx_word' id='word_1_661' title='bbox 3113 4130 3213 4200; x_wconf 79' lang='grc' dir='ltr'><strong>τῆς</strong></span> <span class='ocrx_word' id='word_1_662' title='bbox 3254 4130 3312 4183; x_wconf 86' lang='grc' dir='ltr'><strong>ἐν</strong></span> <span class='ocrx_word' id='word_1_663' title='bbox 3344 4130 3584 4199; x_wconf 81' lang='grc' dir='ltr'>Σαρδικῇ</span> <span class='ocrx_word' id='word_1_664' title='bbox 3620 4127 3786 4198; x_wconf 79' lang='grc' dir='ltr'>πρῶ-</span> 
     </span>
    </p>
   </div>
   <div class='ocr_carea' id='block_1_101' title="bbox 2197 4220 3787 4293">
    <p class='ocr_par' dir='ltr' id='par_1_101' title="bbox 2197 4220 3787 4293">
     <span class='ocr_line' id='line_1_101' title="bbox 2197 4220 3787 4293; baseline -0.003 -17"><span class='ocrx_word' id='word_1_665' title='bbox 2197 4239 2290 4286; x_wconf 76' lang='grc' dir='ltr'><strong>τος</strong></span> <span class='ocrx_word' id='word_1_666' title='bbox 2319 4222 2415 4275; x_wconf 85' lang='grc' dir='ltr'>καὶ</span> <span class='ocrx_word' id='word_1_667' title='bbox 2439 4222 2691 4292; x_wconf 79' lang='grc' dir='ltr'>δεύτερος</span> <span class='ocrx_word' id='word_1_668' title='bbox 2717 4223 2900 4277; x_wconf 83' lang='grc' dir='ltr'>κανὼν</span> <span class='ocrx_word' id='word_1_669' title='bbox 2925 4223 3348 4293; x_wconf 81' lang='grc' dir='ltr'>αύστηροτέρως</span> <span class='ocrx_word' id='word_1_670' title='bbox 3375 4220 3577 4289; x_wconf 75' lang='grc' dir='ltr'>αὐτοὺς</span> <span class='ocrx_word' id='word_1_671' title='bbox 3604 4237 3787 4290; x_wconf 78' lang='grc' dir='ltr'>τιμω-</span> 
     </span>
    </p>
   </div>
   <div class='ocr_carea' id='block_1_102' title="bbox 2200 4313 3677 4386">
    <p class='ocr_par' dir='ltr' id='par_1_102' title="bbox 2200 4313 3677 4386">
     <span class='ocr_line' id='line_1_102' title="bbox 2200 4313 3677 4386; baseline -0.001 -19"><span class='ocrx_word' id='word_1_672' title='bbox 2200 4316 2306 4386; x_wconf 80' lang='grc' dir='ltr'>ρεῖ,</span> <span class='ocrx_word' id='word_1_673' title='bbox 2334 4316 2733 4384; x_wconf 82' lang='grc' dir='ltr'>ἀκοινωνησίας</span> <span class='ocrx_word' id='word_1_674' title='bbox 2769 4315 2995 4379; x_wconf 82' lang='grc' dir='ltr'>τούτους</span> <span class='ocrx_word' id='word_1_675' title='bbox 3037 4314 3361 4369; x_wconf 75' lang='grc' dir='ltr'>ὑποϐάλλων</span> <span class='ocrx_word' id='word_1_676' title='bbox 3390 4313 3677 4383; x_wconf 84' lang='grc' dir='ltr'>ἐπιτιμίῳ.</span> 
     </span>
    </p>
   </div>
   <div class='ocr_carea' id='block_1_103' title="bbox 2778 4404 3173 4474">
    <p class='ocr_par' dir='ltr' id='par_1_103' title="bbox 2778 4404 3173 4474">
     <span class='ocr_line' id='line_1_103' title="bbox 2778 4404 3173 4474; baseline 0.003 -13"><span class='ocrx_word' id='word_1_677' title='bbox 2778 4408 3020 4461; x_wconf 76' lang='grc' dir='ltr'>ιιΑΝοΝ</span> <span class='ocrx_word' id='word_1_678' title='bbox 3052 4404 3173 4474; x_wconf 75' lang='grc' dir='ltr'>ις’.</span> 
     </span>
    </p>
   </div>
   <div class='ocr_carea' id='block_1_104' title="bbox 2204 4496 3785 4569">
    <p class='ocr_par' dir='ltr' id='par_1_104' title="bbox 2204 4496 3785 4569">
     <span class='ocr_line' id='line_1_104' title="bbox 2204 4496 3785 4569; baseline 0.001 -18"><span class='ocrx_word' id='word_1_679' title='bbox 2204 4496 2378 4552; x_wconf 86' lang='grc' dir='ltr'>Ὅσοι</span> <span class='ocrx_word' id='word_1_680' title='bbox 2405 4499 2853 4568; x_wconf 72' lang='grc' dir='ltr'>ῥιψοκινδύνως</span> <span class='ocrx_word' id='word_1_681' title='bbox 2897 4499 3053 4569; x_wconf 79' lang='grc' dir='ltr'>μήτε</span> <span class='ocrx_word' id='word_1_682' title='bbox 3090 4498 3200 4553; x_wconf 86' lang='grc' dir='ltr'>τὸν</span> <span class='ocrx_word' id='word_1_683' title='bbox 3233 4500 3424 4567; x_wconf 73' lang='grc' dir='ltr'>φόϐον</span> <span class='ocrx_word' id='word_1_684' title='bbox 3473 4496 3579 4551; x_wconf 85' lang='grc' dir='ltr'>τοῦ</span> <span class='ocrx_word' id='word_1_685' title='bbox 3627 4497 3785 4552; x_wconf 81' lang='grc' dir='ltr'>Θεοῦ</span> 
     </span>
    </p>
   </div>
   <div class='ocr_carea' id='block_1_105' title="bbox 2271 4588 3785 4659">
    <p class='ocr_par' dir='ltr' id='par_1_105' title="bbox 2271 4588 3785 4659">
     <span class='ocr_line' id='line_1_105' title="bbox 2271 4588 3785 4659; baseline -0.001 -18"><span class='ocrx_word' id='word_1_686' title='bbox 2271 4589 2387 4656; x_wconf 85' lang='grc' dir='ltr'>πρὸ</span> <span class='ocrx_word' id='word_1_687' title='bbox 2407 4588 2732 4659; x_wconf 73' lang='grc' dir='ltr'><strong>ὀφθαλμῶν</strong></span> <span class='ocrx_word' id='word_1_688' title='bbox 2756 4590 3026 4658; x_wconf 76' lang='grc' dir='ltr'>ἔχοντες.</span> <span class='ocrx_word' id='word_1_689' title='bbox 3042 4590 3197 4659; x_wconf 81' lang='grc' dir='ltr'>μήτε</span> <span class='ocrx_word' id='word_1_690' title='bbox 3222 4591 3329 4643; x_wconf 78' lang='grc' dir='ltr'>τὸν</span> <span class='ocrx_word' id='word_1_691' title='bbox 3346 4591 3785 4657; x_wconf 74' lang='grc' dir='ltr'>ἐκκλησιαστι-</span> 
     </span>
    </p>
   </div>
   <div class='ocr_carea' id='block_1_106' title="bbox 2272 4679 3791 4752">
    <p class='ocr_par' dir='ltr' id='par_1_106' title="bbox 2272 4679 3791 4752">
     <span class='ocr_line' id='line_1_106' title="bbox 2272 4679 3791 4752; baseline -0.001 -18"><span class='ocrx_word' id='word_1_692' title='bbox 2272 4680 2386 4734; x_wconf 85' lang='grc' dir='ltr'><strong>κόν</strong></span> <span class='ocrx_word' id='word_1_693' title='bbox 2441 4684 2670 4735; x_wconf 82' lang='grc' dir='ltr'>κανόνα</span> <span class='ocrx_word' id='word_1_694' title='bbox 2733 4682 2984 4748; x_wconf 80' lang='grc' dir='ltr'>ειδότες.</span> <span class='ocrx_word' id='word_1_695' title='bbox 3026 4681 3490 4752; x_wconf 77' lang='grc' dir='ltr'>ἀναχωρήσουσι</span> <span class='ocrx_word' id='word_1_696' title='bbox 3524 4679 3635 4746; x_wconf 82' lang='grc' dir='ltr'>τῆς</span> <span class='ocrx_word' id='word_1_697' title='bbox 3683 4680 3791 4733; x_wconf 80' lang='grc' dir='ltr'><strong>ὲκ-</strong></span> 
     </span>
    </p>
   </div>
   <div class='ocr_carea' id='block_1_107' title="bbox 2278 4771 3792 4841">
    <p class='ocr_par' dir='ltr' id='par_1_107' title="bbox 2278 4771 3792 4841">
     <span class='ocr_line' id='line_1_107' title="bbox 2278 4771 3792 4841; baseline -0.001 -16"><span class='ocrx_word' id='word_1_698' title='bbox 2278 4773 2564 4839; x_wconf 72' lang='grc' dir='ltr'>κλησίας,</span> <span class='ocrx_word' id='word_1_699' title='bbox 2602 4775 3001 4841; x_wconf 83' lang='grc' dir='ltr'>πρεσϐύτεροι</span> <span class='ocrx_word' id='word_1_700' title='bbox 3046 4772 3085 4841; x_wconf 76' lang='grc' dir='ltr'><strong>ἢ</strong></span> <span class='ocrx_word' id='word_1_701' title='bbox 3121 4771 3411 4837; x_wconf 78' lang='grc' dir='ltr'>διάκονοι,</span> <span class='ocrx_word' id='word_1_702' title='bbox 3450 4771 3488 4839; x_wconf 80' lang='grc' dir='ltr'>ἢ</span> <span class='ocrx_word' id='word_1_703' title='bbox 3522 4771 3679 4834; x_wconf 72' lang='grc' dir='ltr'><strong>ὅλως</strong></span> <span class='ocrx_word' id='word_1_704' title='bbox 3716 4771 3792 4824; x_wconf 78' lang='grc' dir='ltr'><strong>ἐν</strong></span> 
     </span>
    </p>
   </div>
   <div class='ocr_carea' id='block_1_108' title="bbox 2273 4858 3790 4932">
    <p class='ocr_par' dir='ltr' id='par_1_108' title="bbox 2273 4858 3790 4932">
     <span class='ocr_line' id='line_1_108' title="bbox 2273 4858 3790 4932; baseline -0.001 -16"><span class='ocrx_word' id='word_1_705' title='bbox 2273 4864 2355 4928; x_wconf 86' lang='grc' dir='ltr'>τῷ</span> <span class='ocrx_word' id='word_1_706' title='bbox 2410 4865 2624 4918; x_wconf 80' lang='grc' dir='ltr'>κανόνι</span> <span class='ocrx_word' id='word_1_707' title='bbox 2672 4862 3083 4932; x_wconf 77' lang='grc' dir='ltr'>ἐξεταζόμενοι</span> <span class='ocrx_word' id='word_1_708' title='bbox 3109 4878 3123 4895; x_wconf 85' lang='grc'>⁶</span> <span class='ocrx_word' id='word_1_709' title='bbox 3177 4858 3345 4918; x_wconf 80' lang='grc' dir='ltr'>οὗτοι</span> <span class='ocrx_word' id='word_1_710' title='bbox 3384 4861 3657 4931; x_wconf 78' lang='grc' dir='ltr'>οὐδαμῶς</span> <span class='ocrx_word' id='word_1_711' title='bbox 3689 4862 3790 4915; x_wconf 82' lang='grc' dir='ltr'><strong>δε-</strong></span> 
     </span>
    </p>
   </div>
   <div class='ocr_carea' id='block_1_109' title="bbox 2271 4948 3791 5022">
    <p class='ocr_par' dir='ltr' id='par_1_109' title="bbox 2271 4948 3791 5022">
     <span class='ocr_line' id='line_1_109' title="bbox 2271 4948 3791 5022; baseline 0.001 -14"><span class='ocrx_word' id='word_1_712' title='bbox 2271 4954 2398 5008; x_wconf 77' lang='grc' dir='ltr'>κτοὶ</span> <span class='ocrx_word' id='word_1_713' title='bbox 2417 4955 2768 5022; x_wconf 69' lang='grc' dir='ltr'>ὀφείλουσιν</span> <span class='ocrx_word' id='word_1_714' title='bbox 2798 4948 2953 5009; x_wconf 77' lang='grc' dir='ltr'>εἶναι</span> <span class='ocrx_word' id='word_1_715' title='bbox 2969 4957 3039 5009; x_wconf 80' lang='grc' dir='ltr'><strong>ἐν</strong></span> <span class='ocrx_word' id='word_1_716' title='bbox 3063 4955 3232 5021; x_wconf 71' lang='grc' dir='ltr'>ἑτέρᾳ</span> <span class='ocrx_word' id='word_1_717' title='bbox 3249 4954 3548 5022; x_wconf 69' lang='grc' dir='ltr'>ἐκκλησίᾳ</span> <span class='ocrx_word' id='word_1_718' title='bbox 3575 4969 3588 4983; x_wconf 91' lang='grc'><strong>·</strong></span> <span class='ocrx_word' id='word_1_719' title='bbox 3622 4954 3791 5009; x_wconf 68' lang='grc' dir='ltr'><strong>ἀλλὰ</strong></span> 
     </span>
    </p>
   </div>
   <div class='ocr_carea' id='block_1_110' title="bbox 2276 5043 3785 5115">
    <p class='ocr_par' dir='ltr' id='par_1_110' title="bbox 2276 5043 3785 5115">
     <span class='ocr_line' id='line_1_110' title="bbox 2276 5043 3785 5115; baseline 0.001 -17"><span class='ocrx_word' id='word_1_720' title='bbox 2276 5043 2486 5099; x_wconf 84' lang='grc' dir='ltr'>πᾶσαν</span> <span class='ocrx_word' id='word_1_721' title='bbox 2512 5045 2720 5112; x_wconf 85' lang='grc' dir='ltr'>αὐτοῖς</span> <span class='ocrx_word' id='word_1_722' title='bbox 2762 5046 3037 5115; x_wconf 79' lang='grc' dir='ltr'>ἀνάγκην</span> <span class='ocrx_word' id='word_1_723' title='bbox 3061 5045 3390 5115; x_wconf 71' lang='grc' dir='ltr'>ἐπάγεσθαι</span> <span class='ocrx_word' id='word_1_724' title='bbox 3434 5044 3583 5113; x_wconf 67' lang='grc' dir='ltr'>χρὴξ,</span> <span class='ocrx_word' id='word_1_725' title='bbox 3633 5046 3785 5100; x_wconf 81' lang='grc' dir='ltr'>ἀνα-</span> 
     </span>
    </p>
   </div>
   <div class='ocr_carea' id='block_1_111' title="bbox 2276 5129 3783 5202">
    <p class='ocr_par' dir='ltr' id='par_1_111' title="bbox 2276 5129 3783 5202">
     <span class='ocr_line' id='line_1_111' title="bbox 2276 5129 3783 5202; baseline -0.002 -16"><span class='ocrx_word' id='word_1_726' title='bbox 2276 5132 2562 5199; x_wconf 70' lang='grc' dir='ltr'>στρέφειν</span> <span class='ocrx_word' id='word_1_727' title='bbox 2585 5134 2671 5198; x_wconf 79' lang='grc' dir='ltr'>εὶς</span> <span class='ocrx_word' id='word_1_728' title='bbox 2710 5132 2813 5199; x_wconf 81' lang='grc' dir='ltr'>τὰς</span> <span class='ocrx_word' id='word_1_729' title='bbox 2850 5131 3081 5187; x_wconf 81' lang='grc' dir='ltr'>ἑαυτῶν</span> <span class='ocrx_word' id='word_1_730' title='bbox 3115 5133 3453 5201; x_wconf 83' lang='grc' dir='ltr'>παροικίας,</span> <span class='ocrx_word' id='word_1_731' title='bbox 3495 5134 3535 5201; x_wconf 77' lang='grc' dir='ltr'><strong>ἢ</strong></span> <span class='ocrx_word' id='word_1_732' title='bbox 3580 5129 3783 5202; x_wconf 63' lang='lat' dir='ltr'><strong>tier</strong></span> 
     </span>
    </p>
   </div>
   <div class='ocr_carea' id='block_1_112' title="bbox 2275 5222 3775 5294">
    <p class='ocr_par' dir='ltr' id='par_1_112' title="bbox 2275 5222 3775 5294">
     <span class='ocr_line' id='line_1_112' title="bbox 2275 5222 3775 5294; baseline -0.001 -15"><span class='ocrx_word' id='word_1_733' title='bbox 2275 5239 2494 5289; x_wconf 81' lang='grc' dir='ltr'>νοντας</span> <span class='ocrx_word' id='word_1_734' title='bbox 2524 5226 2967 5293; x_wconf 74' lang='grc' dir='ltr'>ἁκοινωνήτους</span> <span class='ocrx_word' id='word_1_735' title='bbox 2987 5222 3144 5280; x_wconf 81' lang='grc' dir='ltr'>εἶναι</span> <span class='ocrx_word' id='word_1_736' title='bbox 3160 5224 3475 5294; x_wconf 76' lang='grc' dir='ltr'>προσήκει.</span> <span class='ocrx_word' id='word_1_737' title='bbox 3497 5226 3560 5277; x_wconf 76' lang='lat' dir='ltr'><strong>El</strong></span> <span class='ocrx_word' id='word_1_738' title='bbox 3584 5224 3654 5277; x_wconf 84' lang='grc' dir='ltr'>δὲ</span> <span class='ocrx_word' id='word_1_739' title='bbox 3680 5224 3775 5278; x_wconf 78' lang='grc' dir='ltr'>και</span> 
     </span>
    </p>
   </div>
   <div class='ocr_carea' id='block_1_113' title="bbox 2278 5314 3783 5387">
    <p class='ocr_par' dir='ltr' id='par_1_113' title="bbox 2278 5314 3783 5387">
     <span class='ocr_line' id='line_1_113' title="bbox 2278 5314 3783 5387; baseline -0.001 -19"><span class='ocrx_word' id='word_1_740' title='bbox 2278 5314 2604 5384; x_wconf 65' lang='grc' dir='ltr'>τολμήσειιέ</span> <span class='ocrx_word' id='word_1_741' title='bbox 2640 5334 2730 5383; x_wconf 85' lang='grc' dir='ltr'><strong>τις</strong></span> <span class='ocrx_word' id='word_1_742' title='bbox 2762 5317 3115 5387; x_wconf 70' lang='grc' dir='ltr'>ὑφαρπάσαι</span> <span class='ocrx_word' id='word_1_743' title='bbox 3168 5318 3278 5371; x_wconf 85' lang='grc' dir='ltr'>τὸν</span> <span class='ocrx_word' id='word_1_744' title='bbox 3314 5315 3396 5381; x_wconf 82' lang='grc' dir='ltr'>τῷ</span> <span class='ocrx_word' id='word_1_745' title='bbox 3430 5314 3609 5383; x_wconf 75' lang='grc' dir='ltr'>ἑτέρῳ</span> <span class='ocrx_word' id='word_1_746' title='bbox 3657 5315 3783 5369; x_wconf 77' lang='grc' dir='ltr'>δια·</span> 
     </span>
    </p>
   </div>
   <div class='ocr_carea' id='block_1_114' title="bbox 2272 5406 3783 5478">
    <p class='ocr_par' dir='ltr' id='par_1_114' title="bbox 2272 5406 3783 5478">
     <span class='ocr_line' id='line_1_114' title="bbox 2272 5406 3783 5478; baseline -0.001 -19"><span class='ocrx_word' id='word_1_747' title='bbox 2272 5408 2552 5476; x_wconf 70' lang='grc' dir='ltr'>φέροντα,</span> <span class='ocrx_word' id='word_1_748' title='bbox 2591 5408 2690 5461; x_wconf 75' lang='grc' dir='ltr'>καὶ</span> <span class='ocrx_word' id='word_1_749' title='bbox 2723 5408 3144 5478; x_wconf 82' lang='grc' dir='ltr'>χειροτονῆσαι</span> <span class='ocrx_word' id='word_1_750' title='bbox 3165 5408 3238 5462; x_wconf 80' lang='grc' dir='ltr'><strong>ἐν</strong></span> <span class='ocrx_word' id='word_1_751' title='bbox 3260 5407 3335 5477; x_wconf 77' lang='grc' dir='ltr'>τῇ</span> <span class='ocrx_word' id='word_1_752' title='bbox 3354 5406 3542 5461; x_wconf 83' lang='grc' dir='ltr'>αὐτοῦ</span> <span class='ocrx_word' id='word_1_753' title='bbox 3561 5407 3783 5472; x_wconf 57' lang='lat' dir='ltr'><strong>cum-</strong></span> 
     </span>
    </p>
   </div>
   <div class='ocr_carea' id='block_1_115' title="bbox 2283 5497 3785 5569">
    <p class='ocr_par' dir='ltr' id='par_1_115' title="bbox 2283 5497 3785 5569">
     <span class='ocr_line' id='line_1_115' title="bbox 2283 5497 3785 5569; baseline -0.001 -18"><span class='ocrx_word' id='word_1_754' title='bbox 2283 5497 2410 5565; x_wconf 79' lang='grc' dir='ltr'>σία,</span> <span class='ocrx_word' id='word_1_755' title='bbox 2439 5497 2525 5566; x_wconf 80' lang='grc' dir='ltr'>μὴ</span> <span class='ocrx_word' id='word_1_756' title='bbox 2544 5500 3130 5569; x_wconf 80' lang='grc' dir='ltr'>συγκατατιθεμένου</span> <span class='ocrx_word' id='word_1_757' title='bbox 3188 5500 3295 5554; x_wconf 83' lang='grc' dir='ltr'>τοῦ</span> <span class='ocrx_word' id='word_1_758' title='bbox 3331 5498 3488 5554; x_wconf 72' lang='grc' dir='ltr'>ἰδίου</span> <span class='ocrx_word' id='word_1_759' title='bbox 3537 5497 3785 5551; x_wconf 77' lang='grc' dir='ltr'>ἐπισκό-</span> 
     </span>
    </p>
   </div>
   <div class='ocr_carea' id='block_1_116' title="bbox 2267 5587 3781 5659">
    <p class='ocr_par' dir='ltr' id='par_1_116' title="bbox 2267 5587 3781 5659">
     <span class='ocr_line' id='line_1_116' title="bbox 2267 5587 3781 5659; baseline -0.002 -16"><span class='ocrx_word' id='word_1_760' title='bbox 2267 5606 2407 5655; x_wconf 87' lang='grc' dir='ltr'>που,</span> <span class='ocrx_word' id='word_1_761' title='bbox 2434 5587 2507 5645; x_wconf 84' lang='grc' dir='ltr'>οὗ</span> <span class='ocrx_word' id='word_1_762' title='bbox 2528 5591 2917 5658; x_wconf 80' lang='grc' dir='ltr'>ἀνεχώρησεν</span> <span class='ocrx_word' id='word_1_763' title='bbox 2937 5595 2971 5645; x_wconf 87' lang='grc' dir='ltr'><strong>ό</strong></span> <span class='ocrx_word' id='word_1_764' title='bbox 2990 5591 3061 5644; x_wconf 85' lang='grc' dir='ltr'><strong>ἐν</strong></span> <span class='ocrx_word' id='word_1_765' title='bbox 3092 5590 3173 5655; x_wconf 85' lang='grc' dir='ltr'>τῷ</span> <span class='ocrx_word' id='word_1_766' title='bbox 3199 5592 3413 5646; x_wconf 85' lang='grc' dir='ltr'>κανόνι</span> <span class='ocrx_word' id='word_1_767' title='bbox 3448 5588 3781 5659; x_wconf 73' lang='grc' dir='ltr'>ἐξεταζόμε-</span> 
     </span>
    </p>
   </div>
   <div class='ocr_carea' id='block_1_117' title="bbox 2282 5679 3295 5752">
    <p class='ocr_par' dir='ltr' id='par_1_117' title="bbox 2282 5679 3295 5752">
     <span class='ocr_line' id='line_1_117' title="bbox 2282 5679 3295 5752; baseline 0.003 -17"><span class='ocrx_word' id='word_1_768' title='bbox 2282 5698 2408 5749; x_wconf 84' lang='grc' dir='ltr'>νος,</span> <span class='ocrx_word' id='word_1_769' title='bbox 2440 5682 2661 5752; x_wconf 78' lang='grc' dir='ltr'>ἄκυρος</span> <span class='ocrx_word' id='word_1_770' title='bbox 2689 5679 2843 5736; x_wconf 68' lang='grc' dir='ltr'>ἔστω</span> <span class='ocrx_word' id='word_1_771' title='bbox 2872 5683 2909 5750; x_wconf 77' lang='grc' dir='ltr'><strong><em>ἡ</em></strong></span> <span class='ocrx_word' id='word_1_772' title='bbox 2943 5682 3295 5751; x_wconf 78' lang='grc' dir='ltr'>χειροτονία.</span> 
     </span>
    </p>
   </div>
  </div>
