4072 6382
384 306 493 373 297

1467 308 1550 370 IN
1589 308 1754 369 CAN.
1800 306 1999 370 XVIII
2034 307 2240 371 CONC.
2272 308 2540 372 NICAEN.
2588 310 2634 373 Ι.

3541 315 3648 379 ‘298

384 422 783 496 πρεσϐυτέριον
812 439 829 456 ⁸
865 422 900 495 ἢ
929 424 1037 496 μὴν
1066 424 1196 489 τοὺς
1224 423 1303 496 μὴ
1350 426 1788 497 πειθαρχοῦντας
1818 426 1960 480 οὕτω

2072 448 2291 514 quidem
2331 450 2773 518 presbyterorum
2808 451 3073 505 Sedeant:
3108 450 3212 517 vel,
3249 462 3305 504 ut
3337 452 3370 507 ii
3404 456 3494 523 qui
3540 471 3642 509 noii

391 521 567 571 ποιεῖν
591 517 865 573 παύεσθαι
900 519 999 588 τῆς
1029 519 1328 579 διακονίας.
1359 520 1544 575 Ταῦτα
1596 523 1689 575 τοῦ
1735 523 1961 583 κανόνος

380 612 779 683 διοριζομένου,
810 612 873 664 τὺ
904 612 1003 681 μὲν
1033 612 1475 682 μεταλαμϐάνειν
1505 615 1634 677 τοὺς
1668 614 1960 676 διακόνους

392 705 501 772 πρὸ
539 702 647 754 τῶν
672 704 1072 771 ὲπισκόπων,ἢ
1106 704 1308 757 διδόναι
1344 705 1545 769 αὐτοὺς
1597 706 1697 777 τὴν
1742 686 1962 777 εὐχαρι-

384 794 540 848 στίαν
575 796 694 865 ἦτοι
724 795 792 848 τά
827 796 960 862 ἅγια
1007 798 1119 860 τοῖς
1181 796 1440 864 ἱερεῦσιν,
1488 800 1549 851 οὺ
1608 800 1961 870 παραχωρεῖ-

381 904 475 940 ται
519 904 535 919 ·
567 887 834 941 ἁλλόὺδὲ
865 888 925 941 τὸ
949 888 1220 958 καθῆσθαι
1277 889 1524 944 διάκονον
1568 892 1625 943 ἐν
1683 890 1759 960 τῷ
1821 892 1961 962 ἁγίῳ

382 979 762 1050 θυσιαστηρίῳ
793 980 960 1050 μέσον
1008 981 1117 1033 τῶν
1162 980 1356 1051 ίερέων
1383 998 1398 1015 ·
1446 981 1509 1035 τὸ
1555 982 1613 1034 δὲ
1685 983 1961 1051 καθῆσθαί

381 1092 537 1134 τινας
563 1074 674 1126 ἀπὸ
704 1074 815 1126 τῶν
874 1073 1350 1142 ὲκκλησιαστικῶν
1404 1075 1669 1129 διακόνων
1724 1079 1806 1140 εἰς
1861 1078 1960 1141 τὰς

380 1166 488 1230 ἔξω
510 1167 603 1218 τοῦ
629 1166 873 1237 βήματος
910 1166 1156 1230 συνάξεις
1185 1167 1321 1229 τέως
1352 1168 1459 1237 πρὸ
1502 1169 1610 1221 τῶν
1653 1171 1961 1239 πρεσόυτέ-

383 1275 496 1327 ρων
522 1257 795 1327 βλέπομεν
824 1256 1109 1327 γινόμενον
1143 1273 1157 1285 ·
1185 1258 1279 1310 καὶ
1303 1253 1459 1328 οἶμαι
1488 1259 1739 1325 γίνεσθαι
1797 1260 1958 1314 τοῦτο

376 1349 473 1400 διὰ
502 1349 570 1400 τά
606 1347 932 1416 άρχοντίκια
956 1365 968 1378 ’
1007 1347 1159 1416 μόνοι
1189 1347 1297 1417 γὰρ
1327 1349 1378 1399 οἱ
1398 1348 1731 1413 ἀξιωθέντες
1764 1350 1961 1419 ἀρχοει-

376 1443 578 1494 τικίων
604 1438 1077 1510 ὲκκλησιαστικῶν
1101 1440 1255 1509 παρὰ
1292 1439 1387 1493 τοῦ
1453 1441 1825 1512 πατριάρχου,
1853 1442 1959 1512 πρὸ

376 1532 491 1584 τῶν
523 1530 716 1601 ἱερέων
747 1530 1037 1602 κάθηνται.
1068 1530 1284 1585 Γίνεται
1309 1530 1368 1584 δὲ
1414 1532 1574 1585 τοῦτο
1604 1533 1954 1604 παραλόγως.

391 1623 733 1691 Ἀνάγνωσον
763 1624 862 1691 τῆς
895 1628 948 1686 ς’
993 1622 1211 1675 συνόδου
1242 1624 1443 1675 κανόνα
1481 1623 1545 1685 ζ’.
1592 1623 1649 1675 Ὀ
1681 1626 1789 1693 γάρ
1816 1625 1957 1677 κατὰ

378 1716 610 1784 καιροὺς
634 1712 981 1784 χαρτοφύλαξ
1033 1714 1134 1783 τῆς
1181 1714 1492 1786 ἁγιωτάτης
1550 1716 1813 1787 Μεγάλης
1865 1717 1957 1768 ἐκ·

380 1805 614 1875 κλησίας
644 1805 1066 1875 προκάθηταιέω
1109 1809 1225 1868 ταῖς
1244 1804 1349 1870 ἔξω
1382 1807 1482 1876 τῆς
1530 1806 1751 1859 συνόδου
1801 1806 1962 1859 συνά-
1995 1809 2036 1864 Β

384 1898 537 1963 ξεσιν
560 1902 623 1949 οὐ
663 1897 822 1966 μόνον
854 1897 963 1950 τῶν
997 1896 1209 1970 ἱερέων,
1238 1898 1372 1950 ἀλλά
1406 1898 1624 1949 καὶτῶν
1658 1898 1960 1967 ἀρχιερέων

378 1990 489 2043 ἀπ³›
546 1988 897 2058 προστάξεως
951 1989 1047 2041 τοῦ
1121 1989 1368 2058 ἀοιδίμου
1435 1987 1701 2058 βασιλέως
1788 1986 1958 2060 κυροῦ

391 2082 637 2148 Ἀλεξίου
679 2082 775 2135 τοῦ
814 2083 1129 2151 Κομνηνοῦ,
1160 2082 1334 2147 οὕτως
1363 2083 1596 2152 ἐχούσης
1638 2096 1651 2109 ’
1704 2082 1768 2134 Ἥ
1803 2082 1959 2151 βασι-

362 2177 499 2229 ιλεία
570 2193 671 2246 μου
760 2175 897 2247 (66),
962 2175 1063 2245 τῆς
1112 2174 1577 2245 ἐκκλησιαστικῆς
1662 2174 1962 2243 εὐκοσμίας

380 2269 771 2336 φροντίζουσα,
806 2270 903 2322 καὶ
948 2269 1009 2321 τὸ
1053 2267 1319 2321 εὔτακτον
1385 2273 1480 2321 καὶ
1541 2269 1599 2320 ἐν
1652 2273 1816 2319 παντὶ
1865 2267 1962 2336 μὲν

374 2358 620 2429 ζητοῦσα
653 2358 729 2429 τῷ
752 2358 1136 2427 πολιτεύματι,
1171 2360 1264 2409 ἐπὶ
1301 2359 1464 2410 πλέον
1494 2357 1550 2410 δὲ
1601 2360 1714 2420 τοῖς
1797 2356 1961 2420 θείοις

375 2452 540 2505 τοῦτο
584 2450 1047 2522 ἐμπολιτεύεσθαι
1106 2452 1196 2503 διὰ
1261 2452 1499 2520 σπουδῆς
1551 2450 1834 2521 τιθεμένη,
1895 2453 1962 2502 τά

373 2546 619 2616 ἀρχῆθεν
646 2545 1048 2615 ἀπονεμημένα
1070 2545 1344 2614 προνόμια
1370 2545 1588 2613 ἑκάστῳ
1620 2544 1729 2596 τῶν
1759 2543 1961 2613 ἐκκλη-

378 2638 681 2693 σιαστικῶν
714 2637 961 2707 βαθμῶν,
995 2641 1089 2691 καὶ
1117 2641 1215 2707 τὴν
1254 2637 1382 2707 ἄχρι
1414 2638 1508 2689 καὶ
1530 2637 1688 2707 δεῦρο
1729 2638 1962 2705 ἐπικρα-

374 2738 628 2802 τήσασαν
660 2734 718 2785 ὲν
744 2733 954 2795 τούτοις
990 2733 1348 2795 κατάστασιν,
1380 2731 1523 2783 κατὰ.
1556 2732 1615 2783 τὸ
1671 2730 1965 2784 ἀναλλοίω-

375 2844 470 2879 τον
499 2826 599 2879 καὶ
621 2827 700 2889 εἰς
734 2826 794 2878 τὸ
817 2825 949 2892 ἑξῆς
989 2822 1132 2879 εἶναι
1169 2826 1264 2878 καὶ
1290 2824 1577 2894 διαμένειν
1616 2824 1869 2894 βούλεταί
1904 2841 1963 2875 τε

376 2919 476 2971 καὶ
515 2918 750 2978 εὐδοκεῖ.
784 2919 1055 2985 ἁγιώτατε
1087 2917 1343 2981 δέσποτα,
1365 2917 1443 2978 ὡς
1471 2918 1561 2970 καὶ
1595 2915 1963 2986 παραδεχθεῖ-

376 3027 482 3065 σαν
507 3010 599 3063 διὰ
624 3009 899 3063 τοσούτων
930 3009 1091 3074 ὲτῶν,
1114 3010 1211 3063 καὶ⁹
1244 3006 1323 3079 τῷ
1387 3008 1587 3079 μακρῷ
1625 3009 1804 3078 χρόνῳ
1859 3010 1960 3077 ἑμ-

373 3103 881 3175 πολιτευσαμὲνην,
924 3104 1019 3158 καὶ
1038 3106 1157 3166 ταῖς
1187 3100 1282 3155 ἀπ’
1311 3100 1475 3154 ἄλλου
1503 3103 1584 3165 είς
1614 3102 1774 3156 ἄλλον
1819 3101 1960 3155 κατὰ

374 3198 435 3250 τὸ
468 3195 876 3259 ἁνεξάλλακτον
904 3196 1008 3257 ἕως
1029 3195 1123 3249 τοῦ
1167 3198 1263 3249 νῦν
1325 3197 1690 3267 μεταϐάσεσιν
1739 3198 1956 3265 ἐπικρι-

377 3291 589 3355 θεῖσαν,
634 3291 731 3342 καὶ
783 3287 1178 3358 βεϐαιωθεῖσαν
1223 3290 1426 3351 καλῶς.
1499 3287 1654 3341 Ἐπεὶ
1706 3286 1765 3340 δὲ
1808 3288 1958 3356 νῦνὴ

377 3382 631 3451 βασιλεία
657 3397 761 3450 μου
796 3380 957 3450 μάθοι
985 3379 1058 3442 ὣς
1098 3397 1247 3444 τινες
1273 3381 1383 3433 τῶν
1414 3379 1721 3450 ἀρχιερέων
1746 3381 1960 3441 ἀντιφι-

374 3471 598 3541 λοτιμού
610 3487 766 3541 μενοι
795 3487 1098 3539 πειρωνται
1126 3471 1298 3523 τὸτοῦ
1346 3470 1764 3541 χαρτοφύλακος
1828 3469 1961 3520 ὑπο-

372 3566 606 3618 ϐιὸάσαι
636 3566 956 3635 προνόμιον,
988 3564 1083 3615 καὶ
1119 3565 1354 3628 κανόνας
1379 3565 1460 3625 εἰς
1523 3564 1699 3634 μέσον
1717 3564 1957 3633 προσφέ-

374 3658 708 3727 ροντες,διὰ
730 3656 937 3708 τούτων
1002 3655 1371 3724 φιλονεικοῦσι
1444 3657 1518 3725 μὴ
1577 3653 1960 3725 προκαθῆσθαι

377 3751 541 3804 αὑτὸν
574 3750 682 3803 τῶν
701 3750 1034 3820 ἀρχιερέων,
1062 3748 1296 3817 ὁπηνίκα
1339 3750 1448 3800 δέει
1500 3747 1724 3809 τούτους
1763 3746 1960 3815 συνέρ-

383 3843 576 3911 χεσθαι
609 3844 751 3896 κατά
780 3858 901 3893 τινα
952 3842 1168 3911 χρείαν,
1229 3842 1324 3893 καὶ
1384 3840 1755 3909 συνεδριάζειν
1819 3838 1962 3891 κατὰ

390 3932 612 3997 ταύτὸν,
636 3922 734 4000 πρὸ
763 3933 865 4002 τῆς
889 3935 969 3995 εἰς
998 3933 1099 4002 τὴν
1135 3930 1450 4001 ἁγιωσύνην
1484 3948 1577 3983 σου
1608 3928 1963 3991 εἰσελεύσεως

398 4026 500 4077 οὐκ
536 4029 819 4097 ἀνασχετὸν
867 4029 932 4097 τῇ
1002 4024 1251 4096 βασιλείᾳ
1289 4040 1390 4094 μου
1414 4023 1581 4088 ἔδοξε,
1614 4023 1846 4093 πρᾶγμα
1873 4021 1961 4074 διὰ

398 4117 642 4173 τοσούτου
698 4122 891 4192 χρόνον
913 4119 1235 4188 βασανισθὲν
1268 4118 1363 4170 καὶ
1393 4119 1505 4179 τοῖς
1537 4115 1667 4184 πρὶν
1698 4114 1965 4184 πατριάρ-

391 4230 509 4281 χαις
537 4213 626 4267 καὶ
655 4216 768 4279 τοῖς
801 4209 1398 4282 ἄλλοιςιάρχιερεῦσιν,
1423 4209 1560 4262 ἀλλὰ
1580 4208 1643 4278 δὴ
1669 4209 1761 4261 καὶ
1781 4208 1964 4269 αὐτοῖς

386 4308 493 4362 τοῖς
522 4304 617 4359 νῦν
654 4306 757 4360 οὐκ
792 4304 880 4357 ἐπ’
918 4304 1134 4373 εὐλόγῳ
1163 4302 1410 4374 ἐρίζουσι
1442 4301 1730 4372 πράγματι
1756 4299 1842 4353 διά
1864 4300 1963 4367 τῆς

384 4398 733 4470 πολυημέρου
783 4398 972 4467 δεχθὲν
1035 4397 1275 4468 σιωπῆς,
1361 4395 1507 4449 κατὰ
1581 4395 1642 4446 τὸ
1691 4392 1963 4464 παρέλκον

2071 542 2136 591 ad
2175 542 2244 593 ita
2293 540 2599 595 faciendum
2639 558 2694 593 se
2727 543 3027 609 morigeros
3078 544 3429 614 prmbuerint,
3469 562 3497 600 a
3532 548 3647 600 (lia-

2034 650 2037 651 '
2070 644 2267 688 toiialu
2306 636 2594 689 desistant.
2634 635 2756 689 l|:ec
2791 635 3081 691 (lt‘ﬁlllellle
3116 653 3344 704 canone,
3380 640 3639 693 diaconos

2069 726 2287 794 quidem
2339 736 2466 780 ante
2512 728 2793 797 episcopos
2823 730 3091 797 accipere,
3126 732 3208 783 vel
3257 732 3386 785 dare
3432 731 3646 785 Ellt'lla-

2072 819 2768 874 ristiatnautsacramenta
2812 822 3209 886 sacerdotibus,
3251 839 3355 877 non
3413 825 3638 892 permit—

2071 910 2246 964 titur:
2305 913 2399 965 sed
2448 926 2545 965 nec
2598 911 2885 965 diaconum
2920 912 2984 965 ad
3048 923 3297 968 sanciunt
3358 918 3528 968 altare
3589 918 3640 969 in

2071 1004 2248 1056 medio
2282 1005 2627 1058 sacerdotum
2669 1004 2876 1057 sedere.
2935 1003 3004 1058 Ut
3057 1014 3234 1058 autem
3288 1007 3531 1059 nonnulli
3577 1023 3642 1058 i-x

2066 1095 2458 1149 ecclesiasticis
2511 1094 2789 1159 diaconis,
2860 1097 2911 1149 in
2965 1097 3471 1166 congregationilms
3525 1114 3645 1167 qna:

2067 1195 2191 1238 sunt
2225 1196 2374 1239 extra
2433 1202 2653 1240 sacrum
2711 1188 2967 1249 tribunal,
3020 1197 3146 1240 ante
3198 1192 3506 1243 sacerdOIes
3554 1205 3640 1241 se-

2071 1280 2249 1340 deant,
2291 1278 2404 1331 ﬁeri
2441 1278 2681 1333 videmus
2714 1296 2727 1331 :
2763 1289 2816 1333 et
2854 1279 3105 1334 exiSIimo
3144 1278 3244 1333 hoc
3282 1280 3393 1332 ﬁeri
3427 1291 3645 1349 propter

2067 1370 2263 1424 olﬁcia.
2298 1370 2411 1425 Soli
2445 1371 2591 1425 enim
2626 1368 2659 1425 ii
2693 1371 2789 1440 qui
2821 1388 2847 1424 a
2878 1373 3182 1439 patriarcha
3230 1372 3420 1424 oﬁiciis
3468 1372 3643 1425 eccle-

2066 1463 2307 1517 siasticis
2343 1463 2489 1532 digni
2526 1475 2652 1517 sunt
2685 1464 2876 1526 habiti,
2915 1466 3101 1517 sedent
3133 1475 3258 1517 ante
3310 1466 3638 1518 sacerdotes.

2066 1553 2148 1609 Fit
2180 1565 2426 1609 autemet
2452 1556 2552 1609 hoc
2584 1567 2777 1625 praeter
2818 1559 3112 1609 rationein:
3155 1557 3423 1625 legesexti
3448 1558 3639 1626 synodi

2065 1663 2325 1701 eanonem
2363 1651 2412 1702 7.
2446 1651 2515 1701 At
2567 1650 2609 1703 is
2637 1650 2727 1718 qui
2767 1666 2863 1717 pro
2902 1665 3142 1716 tempore
3176 1662 3258 1704 est
3288 1651 3644 1703 sanetissinxa‘.

2067 1735 2318 1792 Ecclesiae
2348 1737 2549 1805 Magum
2580 1739 2991 1810 chartophylax,
3038 1740 3090 1791 in
3131 1740 3642 1810 congregationilms

2065 1844 2186 1897 quae
2219 1831 2356 1882 liunt
2386 1836 2540 1884 extra
2596 1830 2887 1900 synodum,
2937 1833 3085 1885 sedet
3137 1847 3242 1883 non
3293 1832 3464 1884 solum
3516 1841 3642 1883 ante

2065 1924 2397 1984 sacerdotes,
2429 1924 2522 1978 sed
2555 1925 2720 1979 etiam
2749 1936 2872 1978 ante
2906 1924 3214 1993 pontiﬁces,
3258 1939 3320 1977 ex
3372 1923 3638 1977 constitu-

2067 2016 2212 2069 tione
2261 2017 2444 2086 inclyti
2498 2017 2842 2087 imperatoris
2896 2018 3100 2072 domini
3137 2017 3310 2071 Alexii
3358 2017 3638 2073 Comncni,

2063 2121 2181 2173 qua?
2215 2106 2291 2158 sic
2326 2121 2384 2158 se
2428 2106 2634 2161 habet:
2683 2108 2846 2178 Regia
2898 2124 3012 2160 mea
3051 2107 3477 2167 administratio,
3521 2121 3642 2174 qua-

2064 2194 2447 2250 ecclesiastica:
2484 2198 2785 2251 honestatis
2821 2197 3110 2250 maximam
3158 2211 3345 2249 curam
3395 2196 3554 2264 gerit,
3587 2209 3642 2247 et

2070 2291 2271 2341 bonum
2301 2290 2519 2358 quidem
2548 2290 2813 2354 ordinem,
2844 2305 2964 2342 cum
2998 2292 3046 2339 in
3077 2292 3222 2342 omni
3256 2289 3401 2341 civili
3431 2292 3644 2341 ratione.

2065 2381 2279 2449 qiizerit,
2313 2392 2426 2433 tum
2456 2392 2633 2434 autem
2687 2381 2853 2433 multo
2906 2382 3076 2448 magis
3132 2382 3182 2432 in
3235 2382 3395 2433 rebus
3447 2379 3644 2432 divinis

2067 2487 2189 2523 eum
2222 2472 2428 2525 versari
2475 2474 2676 2534 studet,
2726 2486 2846 2540 qua:
2893 2472 3183 2540 unicuique
3235 2472 3423 2541 gradui
3468 2472 3657 2525 eccle-.

2067 2563 2289 2615 siastico
2345 2571 2471 2615 sunt
2513 2563 2583 2617 ab
2628 2563 2784 2616 initio
2828 2562 3026 2617 tributa
3066 2562 3365 2632 privilegia,
3417 2574 3472 2616 et
3525 2578 3642 2617 eam

2067 2672 2186 2723 qua:
2215 2656 2266 2709 in
2303 2655 2383 2709 his
2413 2656 2691 2723 hucusque
2729 2655 2957 2708 obtinuit
2990 2656 3458 2718 constitutionem,
3493 2657 3645 2709 dein-

2069 2762 2199 2816 ceps
2269 2762 2483 2816 quoque
2534 2762 2656 2802 esse
2714 2748 3128 2811 immutabilem,
3184 2758 3237 2798 et
3297 2762 3647 2813 perseverare

2070 2840 2200 2902 vult,
2223 2849 2276 2893 et
2300 2850 2515 2903 censet,
2549 2839 2895 2893 sanctissime
2921 2839 3161 2903 domine,
3191 2848 3375 2908 utpote
3405 2855 3523 2906 qme
3551 2855 3648 2907 per

2071 2942 2148 2985 tot
2182 2947 2351 2985 annos
2381 2938 2656 3001 suscepta,
2696 2940 2750 2985 et
2782 2932 2833 2984 in
2871 2947 2966 2985 usu
3017 2932 3159 2993 civili
3209 2932 3366 2999 longo
3403 2941 3645 2999 tempore

2074 3037 2311 3087 versata,
2333 3035 2387 3081 et
2418 3027 2487 3079 ab
2511 3026 2618 3079 alio
2649 3025 2700 3079 in
2734 3025 2878 3078 aliud
2912 3025 3337 3079 iininutahilihus
3367 3025 3645 3092 hucusque

2014 3154 2032 3171 η
2074 3118 2582 3172 transmissionibus
2616 3117 2889 3171 vindicata
2935 3133 2997 3171 ac
3030 3116 3163 3170 bene
3200 3118 3517 3169 conﬁrmata
3551 3118 3642 3169 sit.

2068 3210 2174 3264 Sed
2212 3210 2466 3279 quoniam
2521 3208 2872 3276 imperatoria
2915 3222 3030 3262 mea
3080 3208 3385 3262 sublimitas
3433 3207 3644 3265 didicit.
3716 3238 3719 3241 ‹

2066 3304 2208 3372 quod
2277 3302 2517 3356 nonnul'i
2572 3300 2853 3370 pontiﬁces
2912 3302 3259 3356 contentione
3308 3300 3540 3367 quadam
3591 3311 3646 3352 et

2068 3398 2250 3467 gloriae
2302 3396 2481 3450 studio
2534 3394 2765 3457 incitati,
2822 3393 3257 3463 chartophylacis
3307 3391 3642 3462 privilegium

2071 3489 2316 3541 minuere
2360 3495 2651 3551 conantur,
2689 3496 2744 3541 et
2791 3500 3030 3540 canones
3088 3486 3138 3537 in
3186 3484 3418 3537 medium
3474 3483 3648 3537 addu-

2072 3592 2262 3635 centes
2317 3596 2411 3649 per
2444 3595 2538 3633 eos
2591 3580 2927 3633 contendunt
2984 3576 3133 3631 illum
3189 3588 3316 3630 ante
3367 3575 3649 3645 pontiﬁces

2074 3678 2263 3729 sedere
2303 3689 2406 3727 non
2441 3682 2715 3742 oportere,
2750 3674 2966 3740 quando
3007 3670 3187 3738 aliquo
3246 3685 3345 3724 lli“
3395 3670 3649 3739 exigente

2069 3775 2283 3833 Oportet
2314 3780 2408 3818 eos
2438 3765 2733 3819 convenire
2762 3773 2819 3818 et.
2852 3779 2956 3817 una
2985 3763 3273 3817 considere
3300 3774 3425 3816 ante
3462 3776 3649 3816 acces-

2072 3872 2191 3908 sum
2215 3856 2281 3909 ad
2318 3866 2462 3908 tuam
2493 3855 2856 3915 sanctitatem.
2885 3870 2991 3908 non
3026 3853 3306 3907 ferendum
3337 3853 3495 3922 regia:
3516 3867 3650 3906 meae

2074 3946 2344 4013 maiestati
2378 3946 2557 3998 visum
2590 3956 2695 4009 est,
2735 3954 2790 3995 nt
2823 3959 2910 3996 res
2931 3960 3051 4011 quie
3081 3952 3229 3996 tanto
3277 3954 3519 4011 tempore
3550 3956 3648 4009 ap-

2070 4039 2295 4108 probata
2327 4046 2433 4101 est,
2477 4046 2530 4089 et
2561 4052 2588 4090 a
2625 4035 2896 4105 prioribus
2952 4035 3277 4104 patriarchis
3305 4044 3359 4088 et
3407 4036 3475 4087 ab
3526 4034 3649 4088 aliis

2072 4126 2443 4200 pontiﬁcibus,-
2477 4130 2572 4183 sed
2618 4129 2766 4181 etab
2799 4129 2865 4181 iis
2914 4129 3003 4195 qui
3066 4142 3208 4181 nunc
3242 4142 3347 4180 non
3386 4127 3531 4195 jnsta
3581 4126 3648 4178 de

2071 4238 2230 4277 causa
2300 4222 2682 4297 contendunt,
2750 4218 3048 4287 longissimi
3106 4217 3366 4287 temporis
3435 4217 3652 4272 silentio

2074 4317 2333 4377 admissa,
2394 4330 2536 4367 nunc
2586 4314 2761 4367 obiter
2795 4315 3125 4373 aboleretur,
3155 4322 3210 4365 et
3257 4323 3512 4378 tanquam
3561 4326 3655 4363 ne-

2072 4410 2309 4478 glectum
2352 4405 2460 4477 ει
2518 4406 2795 4475 quippiam
2844 4403 3259 4458 convellerelur.
3322 4403 3474 4457 Hanc
3525 4417 3652 4469 ergo

379 4494 737 4565 ἁθετηθῆναι,
760 4497 854 4548 καὶ
881 4494 957 4558 ὥς
987 4512 1040 4547 τι
1068 4495 1178 4547 τῶν
1214 4492 1579 4564 ἠμελημένων
1640 4490 1962 4561 παρασυρῆ-

2077 4518 2187 4557 rem
2220 4499 2466 4555 decernit
2500 4513 2622 4552 esse
2678 4496 2831 4550 valde
2884 4494 3080 4548 rationi
3128 4506 3545 4549 consentaneum
3596 4505 3654 4549 et

378 4602 486 4638 ναι.
515 4583 713 4639 Τοίνυν
741 4587 835 4638 καὶ
863 4584 1171 4663 διορίζεται
1238 4585 1472 4654 πρᾶγμά
1510 4600 1563 4634 τι
1597 4581 1819 4649 εὓλογον
1871 4581 1966 4633 καὶ

378 4675 524 4730 πάνυ
550 4675 763 4729 δίκαιον
791 4676 974 4729 τοῦτο.
1019 4674 1080 4726 Ei
1115 4675 1213 4744 μὲν
1248 4675 1359 4743 γὰρ
1393 4674 1633 4742 αἱροῖντο
1685 4674 1776 4723 καὶ
1804 4671 1964 4723 πάλιν

375 4769 429 4821 οἱ
494 4768 782 4839 ἀρχιερεῖς
846 4767 923 4838 μὴ
983 4767 1155 4820 κινεῖν
1213 4766 1278 4819 τά
1312 4767 1567 4833 ἀκίνητα,
1602 4764 1736 4833 μηδὲ
1763 4763 1828 4815 τὰ
1854 4764 1965 4824 τοῖς

376 4862 515 4930 πρὶν
546 4860 849 4931 δεδογμένα
900 4858 1209 4929 Πατράσιν,
1236 4856 1372 4911 ἀλλὰ
1402 4856 1467 4924 δὴ
1499 4857 1592 4909 καὶ
1630 4856 1814 4917 αὐτοῖς
1877 4853 1966 4905 διὰ

373 4952 481 5021 τῆς
510 4952 731 5022 μακρᾶς
766 4948 1098 5013 συνδόξαντα
1133 4947 1371 5017 σιωπῆς,
1440 4948 1533 4998 καὶ
1578 4945 1678 5015 τῆς
1726 4945 1830 5007 ἓως
1870 4944 1965 4996 τοῦ

375 5044 480 5100 νῦν
519 5043 743 5114 ἀνοχῆς,
786 5043 853 5095 ὲκ
880 5040 1252 5110 παλιμϐολίας
1288 5038 1478 5110 ὥσπερ
1508 5036 1883 5098 ἀναπαλαίειν,
1907 5033 1967 5086 εὖ

378 5138 451 5192 ἂν
480 5136 619 5207 ἔχοι,
650 5138 744 5191 καὶ⁵
768 5137 928 5208 χάρις
968 5136 1050 5188 ὅτι
1108 5133 1169 5185 τὸ
1210 5133 1449 5203 μάχιμον
1516 5129 1877 5199 καταθέμενοι
1908 5129 1969 5180 τὸ

377 5229 663 5300 εἰρηναίον
694 5228 1194 5299 προτετιμήκασιν.
1242 5226 1303 5277 Εἰ
1352 5224 1411 5278 δὲ
1464 5223 1558 5276 καὶ
1618 5224 1699 5274 ἔτι
1763 5221 1969 5274 τούτων

2069 4599 2291 4666 justam.
2325 4594 2382 4647 Si
2413 4592 2558 4646 enim
2593 4591 2770 4645 adhuc
2797 4588 2995 4642 vellent
3029 4586 3314 4655 pontilices
3346 4586 3650 4640 immobilia

2073 4706 2178 4744 non
2218 4700 2459 4745 movere.
2488 4698 2586 4738 nec
2614 4698 2733 4751 quae
2763 4681 2831 4736 iis
2861 4680 2951 4749 qui
2980 4681 3127 4749 prius
3157 4679 3374 4733 inerunt
3396 4680 3649 4733 Patribus

2072 4782 2344 4852 placuere,
2380 4777 2472 4831 sed
2500 4785 2553 4829 et
2584 4774 2650 4829 iis
2670 4773 2800 4842 ipsis
2832 4773 2992 4840 longo
3019 4772 3258 4834 silentio,
3291 4781 3344 4825 et
3373 4773 3651 4840 hucusque

2074 4872 2333 4940 patientia
2376 4866 2603 4936 probata
2634 4865 2809 4928 luere,
2842 4878 2907 4917 ex
2961 4862 3324 4917 inconstantia
3374 4863 3517 4916 velut
3550 4878 3651 4931 0p.

2076 4978 2335 5034 pugnare,
2370 4970 2519 5014 recte
2547 4973 2606 5011 se
2636 4956 2880 5021 haberet,
2916 4963 2972 5007 et
3008 4954 3088 5008 eis
3121 4955 3293 5024 gratia
3339 4954 3651 5017 haberetur.

2077 5055 2221 5126 quod
2252 5051 2519 5122 pugnandi
2548 5048 2731 5105 studio
2761 5046 2994 5114 abiecto,
3034 5063 3217 5115 pacem
3267 5049 3651 5116 pra-tulissem,

2087 5149 2141 5202 Si
2198 5157 2377 5199 autem
2442 5142 2602 5197 etiam
2653 5142 2828 5193 adhuc
2886 5139 3146 5204 nonnulli,
3214 5142 3376 5192 verba
3428 5140 3653 5191 canonis

2078 5247 2402 5308 usurpantes
2439 5233 2490 5305 (a
2523 5232 2794 5289 sententia
2821 5234 2973 5286 enim
3006 5231 3163 5299 longe
3189 5229 3418 5300 Labsunt)
3466 5231 3645 5283 volui»

1620 5384 1808 5446 Guill.
1852 5380 2179 5459 Beveregii
2211 5384 2402 5439 notua.

455 5519 569 5591 (66)
605 5517 685 5591 Τῇ
707 5518 1003 5591 ,ϐασιλείᾳ
1025 5515 1387 5591 ,uovLExstat
1414 5514 1529 5591 haec
1557 5514 1771 5591 novella
1786 5511 1967 5591 Alexii

375 5584 734 5649 Coiun’eniﬂin
762 5587 915 5642 Juris
944 5584 1127 5652 (ἐνίεεο
1163 5586 1385 5639 Romani
1416 5586 1452 5637 Ι.
1486 5601 1548 5648 ιι,
1585 5602 1634 5652 p.
1672 5584 1803 5647 MS;
1845 5585 1962 5647 sed,

378 5664 436 5717 ni
484 5660 665 5723 fallor,
717 5676 784 5714 ex
837 5661 938 5712 hoc
978 5660 1094 5727 ipso
1145 5656 1487 5712 Balsamonis
1538 5654 1961 5727 lecotraducta.

378 5733 459 5789 lbi
491 5746 673 5789 autem
694 5726 1120 5798 Leunelav.per
1155 5737 1320 5782 totam
1358 5728 1499 5781 hanc
1523 5726 1787 5780 novellam
1830 5740 1967 5794 χαρ-

766 5826 1033 5885 Puncta
1082 5826 1196 5884 Gn.
1243 5823 1582 5885 CXXXVII.

2076 5506 2359 5576 τοφύλακα
2418 5500 2809 5576 chartulariuni
2850 5500 3075 5576 vertit,_
3107 5495 3426 5576 quodsaiis
3467 5496 3652 5576 "lg-rapi

2074 5568 2325 5643 nequeo;
2389 5574 2434 5628 si
2486 5572 2703 5641 quidem
2758 5568 3198 5643 chartophylacis
3228 5575 3280 5619 et
3334 5568 3652 5643 chartularii

2073 5637 2245 5703 cilicia
2314 5637 2544 5699 multum
2620 5643 2760 5698 inter
2820 5637 2966 5696 sese
3012 5637 3346 5699 dietiterunt,
3403 5647 3461 5690 ut
3523 5637 3652 5691 alibi

2072 5717 2443 5775 ostendemus.

3232 5805 3299 5864 10
