4072 6384
467 289 575 352 299

1685 290 1962 352 THEOD.
1992 290 2222 350 BALSA
2232 291 2391 352 ΜοΝ

3581 299 3687 364 3)0

471 419 632 461 tatem
689 422 836 460 suam
900 408 1222 462 conlit‘mare
1277 418 1559 470 conantur,
1611 417 1666 462 et
1715 426 1820 461 non
1884 418 2019 463 recte

2130 409 2272 472 τινὲς
2298 411 2405 463 τῶν
2430 409 2523 463 τοῦ
2555 411 2776 474 κανόνος
2798 413 3059 484 ῥημάτων
3080 413 3539 486 ἀντιποιούμενοι,
3567 422 3688 490 (τῆς

467 499 739 560 ordinem,
777 498 841 551 ad
876 497 925 552 id
962 499 1102 564 quod
1131 509 1213 552 est
1239 499 1625 564 inordinatum,
1674 500 2022 559 transferunt,

467 588 730 655 perutittit
756 587 968 655 quidem
1001 589 1343 654 imperatoria
1365 603 1480 641 mea
1512 592 1776 642 serenitas
1806 589 2026 641 canonis

465 680 806 747 interpretari
858 688 914 733 et
967 679 1247 732 declarare
1298 688 1650 743 contextum,
1715 679 1804 748 qui
1872 679 2027 732 facile
2081 695 2090 704 '

464 770 847 840 comprehendi
901 778 1103 839 potest,
1153 781 1209 824 et
1259 770 1476 838 pulchre
1530 771 1762 824 discerni
1813 770 1877 823 iis
1936 771 2023 836 qui

463 871 651 915 exat-te
679 870 983 930 penetrant,
1029 872 1083 914 et
1117 864 1433 914 canonicum
1479 876 1694 915 sensum
1736 862 2023 928 attingunt.

464 954 577 1007 Hoc
617 965 794 1007 autem
843 953 1026 1021 utique
1064 954 1234 1021 ipsum
1295 953 1632 1019 pontificibus
1682 959 1879 1019 probro
1924 965 2024 1016 est,

462 1044 604 1110 quod
641 1059 765 1096 cum
797 1058 1059 1095 canouem
1089 1043 1311 1106 scirent,
1343 1054 1394 1094 et
1433 1043 1548 1110 ejus
1593 1042 1750 1095 verba
1790 1043 2025 1110 perfecte

463 1134 844 1203 intelligerent,
895 1151 1042 1186 suam
1098 1133 1334 1199 ipsorum
1398 1134 1782 1187 COnSt'ienliam
1833 1144 2026 1200 praeter

467 1227 726 1278 rationem
753 1225 1161 1285 conculcarum,
1187 1231 1239 1274 et
1261 1223 1384 1274 dum
1416 1220 1811 1290 disturbaretur
1827 1234 2021 1282 canon,

464 1315 848 1374 toleraverunt,
881 1323 1040 1382 alque
1073 1314 1380 1366 inferiorem
1410 1313 1704 1365 sessionem
1738 1311 1839 1365 sub
1869 1312 2014 1378 prio-

462 1409 610 1462 ribus
664 1406 1012 1460 chartulariis
1067 1405 1298 1473 amplexi
1353 1403 1589 1457 fuerunt.
1650 1403 1879 1471 Ideoque
1925 1419 2020 1471 pro

459 1514 740 1553 sacrorum
775 1511 1041 1550 canonum
1082 1506 1386 1563 contemptu
1423 1495 1722 1549 mercedem
1777 1496 1912 1547 hanc
1944 1497 2024 1549 eis

464 1590 740 1660 (majestas
790 1591 930 1655 mea)
983 1587 1186 1651 tribuit,
1223 1594 1279 1639 ut
1333 1601 1457 1638 suas
1496 1585 1561 1639 ad
1602 1585 1857 1640 ecclesias
1909 1585 2024 1639 abi-

457 1691 673 1749 gantur,
736 1678 1090 1732 ecclesiastici
1146 1679 1368 1730 canonis
1407 1678 1567 1730 etiam
1612 1678 1712 1730 hac
1769 1679 1818 1729 in
1871 1688 2022 1746 parte

461 1771 703 1838 vestigiis
744 1769 1022 1832 insistens,
1060 1777 1114 1821 et
1162 1771 1419 1822 adversus
1466 1783 1730 1820 canonum
1774 1780 2017 1821 contem-
2050 1757 2092 1812 Β

461 1874 644 1930 ptores
694 1862 837 1930 ipsos
883 1875 1116 1914 canones
1168 1876 1349 1914 sacros
1389 1863 1439 1912 in
1468 1861 1785 1926 ,subsidium
1820 1860 2020 1928 produ-

455 1970 604 2008 cens.
639 1954 752 2008 Nec
807 1958 950 2007 enim
1004 1953 1286 2022 pontiﬁces
1344 1953 1402 2014 ii,
1455 1953 1544 2020 qui
1595 1953 2019 2006 occidentalibus

453 2050 699 2104 ecclesiis
724 2061 982 2118 praesunt,
1017 2061 1068 2101 et
1095 2066 1121 2100 τι
1155 2052 1320 2102 umlto
1343 2048 1452 2116 jam
1485 2058 1722 2117 tempore
1759 2049 1880 2101 lidei
1908 2064 2019 2102 sua:

453 2145 786 2196 creditorum
813 2143 1033 2196 erilium
1068 2157 1250 2193 curam
1287 2141 1484 2194 nullam
1515 2156 1752 2209 gessere,
1784 2157 1903 2206 nec,
1939 2140 2015 2193 uti

453 2236 833 2300 conveniebat,
886 2234 952 2288 iis
985 2233 1337 2302 pt'aal'uerunt,
1367 2231 1547 2286 dicere
1595 2239 1867 2298 poterunt,
1928 2247 2014 2281 ra-

452 2329 592 2381 biem
631 2327 902 2386 hostilem,
935 2341 1054 2394 qua:
1080 2340 1173 2393 per
1217 2325 1482 2375 Orientem
1521 2332 1762 2390 grassata
1795 2321 1914 2382 luil,
1949 2321 2014 2372 ad

456 2422 600 2488 ipsos
629 2419 930 2487 pertigisse,
957 2428 1117 2485 atque
1151 2417 1253 2468 hoc
1278 2416 1435 2468 modo
1465 2414 1564 2466 sibi
1595 2415 1774 2466 ovium
1809 2413 2016 2464 ratione

451 2513 792 2578 tit-aedituum
833 2509 1215 2573 inspectionem
1269 2508 1573 2574 ademptam
1603 2519 1745 2558 esse.
1793 2503 1857 2556 Et
1905 2506 2005 2556 ltoc

449 2603 664 2672 quidem
694 2603 744 2652 in
779 2603 918 2654 hunc
951 2603 1161 2651 modum
1192 2614 1220 2650 a
1254 2599 1534 2666 majestate
1559 2612 1670 2650 mea
1695 2595 2012 2664 dispositum

450 2707 678 2748 eventus
712 2691 1074 2758 eisjudieium
1103 2691 1376 2760 relinquit.
1417 2690 1551 2755 Quia
1599 2704 1725 2743 vero
1774 2699 1825 2743 et
1887 2689 2013 2742 illud

451 2787 516 2838 ad
541 2802 700 2839 aures
729 2785 849 2853 ejus
893 2785 1117 2836 relatum
1163 2794 1266 2847 est,
1301 2783 1562 2849 quosdam
1594 2783 1799 2836 scilicet
1843 2782 2015 2835 eccle-

448 2882 539 2932 sia:
610 2892 859 2947 proceres
908 2877 1135 2930 eximios
1193 2876 1495 2950 pra-teriri,
1550 2890 1673 2928 cum
1726 2873 2015 2928 electiones

451 2973 608 3033 lium,
647 2973 832 3040 eisque
865 2970 1105 3038 praeferri
1149 2968 1459 3032 nonnullos,
1496 2979 1602 3019 tam
1651 2975 1806 3022 aetate
1853 2981 2012 3034 qltam

451 3064 654 3116 meliori
685 3075 804 3114 vna:
838 3061 1145 3116 coitditioue
1184 3060 1493 3122 inferiores,
1527 3059 1724 3126 quique
1757 3073 1858 3109 non
1897 3069 2010 3108 ma-

450 3169 585 3223 gnos
634 3169 730 3220 pro
762 3146 1000 3204 Erclesia
1035 3152 1244 3204 labores
1292 3151 1681 3212 sustinuerunt,
1716 3164 1813 3201 nec
1847 3148 2008 3214 igitur

452 3247 538 3296 illa
578 3243 794 3311 quidem
829 3259 914 3294 res
952 3258 1107 3294 sacra
1143 3240 1447 3308 pontiﬁcum
1479 3240 1682 3308 synodo
1713 3239 1865 3305 digna
1896 3237 2008 3288 visa

449 3345 552 3387 est.
590 3338 930 3400 Quapropter
960 3332 1212 3384 omnibus
1252 3332 1496 3400 religiose
1548 3331 1769 3397 pariter,
1810 3339 1862 3383 et
1908 3329 2009 3380 int-

447 3424 782 3495 perialicutn
824 3423 1143 3474 auctoritate
1175 3421 1412 3484 mandat,
1466 3437 1531 3472 tte
1578 3421 1760 3472 ludant
1809 3419 1860 3471 in
1911 3419 2009 3470 tui-

451 3518 595 3573 ninte
631 3515 875 3584 ludiCIiS,
910 3529 1005 3564 nec
1035 3511 1245 3563 aﬂ'ectui
1295 3511 1487 3563 divinis
1536 3511 1586 3562 itt
1628 3509 1783 3562 rebus
1838 3509 2012 3560 indul-

449 3614 633 3675 geant.
672 3603 800 3656 Nam
836 3603 920 3655 ubi
955 3603 1130 3654 aninta
1167 3614 1413 3655 versatur
1464 3603 1514 3654 iu
1561 3602 1819 3668 peritum,
1863 3600 2013 3665 cujus

451 3697 591 3747 alius
625 3695 697 3747 rei
726 3696 900 3761 potior
933 3694 1175 3746 habenda
1211 3709 1335 3745 cura
1366 3694 1486 3747 est?
1516 3693 1638 3745 lllos
1668 3705 1843 3745 autem
1874 3706 2013 3758 pra:-

453 3789 631 3840 let-ant
691 3786 850 3850 aliis,
902 3797 956 3837 ct
1011 3786 1214 3837 ltonorc
1265 3783 1640 3852 sum'agiorum
1693 3784 2009 3850 dignentur,

447 3893 604 3945 quos,
640 3895 742 3930 una
775 3894 894 3929 cum
931 3877 1200 3939 doctrina,
1233 3877 1504 3944 inculpata
1533 3875 1639 3928 vita
1680 3887 1872 3940 ornat;
1923 3882 2014 3927 aut

450 3971 503 4022 in
550 3969 746 4037 quibus
794 3971 838 4023 si
871 3969 1112 4021 dot-trina
1150 3967 1288 4020 forte
1318 3968 1550 4030 vacillet,
1587 3967 1724 4034 longi
1760 3967 2014 4034 temporis

450 4077 602 4121 usus,
629 4070 682 4113 et
711 4061 860 4113 multi
898 4077 992 4128 pro
1020 4060 1260 4112 Ecclesia
1295 4060 1504 4112 labores
1559 4058 1842 4120 exttntlati,
1872 4057 2013 4125 quod

451 4154 628 4212 deest,
665 4150 936 4217 supplent.
971 4151 1062 4201 hic
1096 4165 1238 4202 enim
1267 4149 1534 4217 sullragiis
1585 4150 1697 4201 suis
1730 4159 1874 4200 recte
1903 4157 2015 4199 sta-

451 4255 625 4306 tuent,
678 4253 732 4296 et
783 4259 810 4292 a
861 4242 968 4294 Deo
1012 4258 1119 4294 suae
1164 4244 1227 4293 ad
1277 4241 1468 4295 anima:
1507 4242 2012 4295 condemnationem

451 4335 712 4403 suffragia
757 4334 952 4388 tu1isse
992 4350 1096 4386 non
1132 4343 1450 4399 urguentur.

525 4601 780 4656 ZONAR.
816 4599 1030 4652 Ordinis
1062 4599 1274 4665 quioem
1308 4597 1505 4664 ubique
1534 4597 1795 4648 rationem
1831 4595 2018 4649 haberi

455 4708 675 4749 necesse
705 4703 807 4757 est,
841 4691 933 4745 sed
959 4689 1027 4743 ab
1055 4691 1119 4741 iis
1152 4691 1384 4740 maxime
1434 4688 1760 4749 hominibus,
1808 4689 1895 4756 qui
1929 4703 2020 4739 sa-

453 4789 562 4841 cris
595 4784 874 4838 ordinibus
905 4782 1102 4835 initiati
1138 4796 1415 4834 sacrorum
1466 4782 1845 4848 procuratione
1898 4782 2020 4832 lun-

458 4889 676 4948 gilllltll“.
711 4875 843 4929 Rem
876 4875 1042 4944 igitur
1075 4861 1125 4926 in
1155 4871 1491 4940 quaordinis
1517 4873 1645 4924 vitio
1675 4872 2017 4939 peccabatur,

461 4969 548 5022 hic
583 4965 1112 5023 canon.emendavit.
1152 4963 1304 5027 Quod
1339 4964 1482 5015 enim
1516 4963 1729 5016 diaconi
1763 4962 2017 5016 sacerdo-

455 5059 597 5112 tibus
631 5056 1021 5111 Eucharistiam
1054 5055 1445 5116 ministrarent,
1472 5069 1672 5121 eosque
1703 5055 1783 5107 vel
1815 5056 2022 5121 episco-

457 5165 582 5219 pum
639 5163 854 5216 quoque
894 5148 948 5200 in
1007 5147 1133 5215 ejus‘
1179 5147 1479 5213 stnnptione
1515 5155 1920 5214 praeverterent,
1968 5144 2020 5197 id

456 5257 585 5294 vero
642 5255 746 5294 neu
805 5241 923 5293 sine
979 5238 1190 5292 ordinis
1257 5238 1662 5304 perturbatione
1718 5239 2016 5290 eveniebat.

455 5334 688 5389 Proinde
721 5343 777 5385 ut
811 5332 1141 5392 abstineant,
1171 5344 1232 5382 ac
1272 5343 1370 5382 suo
1402 5327 1598 5397 singuli
1631 5347 1688 5381 sc
1737 5328 1869 5395 pede
1906 5344 2017 5380 me-

457 5433 683 5494 tiantur,
716 5431 768 5480 in
802 5441 1076 5494 posterqu
1112 5432 1313 5476 monet.
1367 5422 1433 5475 Et
1482 5433 1540 5474 ut
1594 5422 1768 5474 sciant
1810 5421 2018 5473 diaconi

455 5540 514 5576 se
544 5525 922 5592 episcoporum
961 5533 1082 5572 esse
1118 5519 1170 5570 in
1205 5496 1378 5571 sacris
1433 5513 1732 5577 ministros,
1787 5515 1854 5567 ab
1904 5514 2021 5582 ipso

456 5616 673 5667 nomine
702 5616 802 5666 hoc
833 5613 1041 5676 edocti;
1072 5621 1127 5662 et
1154 5608 1294 5676 quod
1328 5607 1502 5674 major
1545 5617 1631 5659 est
1680 5609 2023 5675 presbytero-

459 5723 578 5759 rum
624 5720 783 5765 quam
816 5705 1163 5757 diucunorum
1207 5702 1467 5770 dignitas.
1523 5697 1640 5762 Quo
1684 5698 1806 5764 jure
1859 5699 2021 5767 igitur

2040 3089 2082 3146 C
2117 3099 2648 3166 καταλιμπάνονται,
2707 3098 3078 3168 προτιμῶνται

2128 500 2237 572 γάρ
2265 502 2473 565 ἐννοίας
2498 503 3154 576 πόρῤωάποδιεστήκασι)
3187 508 3490 580 πειρῶνται
3513 511 3573 562 τὸ
3610 513 3690 564 ol—

2127 595 2274 646 κεῖον
2329 596 2593 663 συστῆσαι
2645 597 2876 667 θέλημα,
2912 600 3020 652 καὶ.⁴
3053 601 3144 653 ἐπὶ
3202 603 3264 656 τὸ
3331 603 3566 656 ἄτακτον
3625 603 3687 657 ού

2126 685 2306 750 καλῶς
2337 687 2435 757 τὴν
2468 688 2622 752 τάξιν
2653 691 3131 759 μεταϐιϐάζουσιν,
3171 696 3236 764 ἑᾷ
3277 695 3376 764 μὲν
3439 698 3472 766 ἡ
3535 695 3690 764 βασι·-

2127 775 2245 830 λεία
2275 794 2377 846 μου
2403 778 2499 845 τὴν
2525 780 2619 831 τοῦ
2651 781 2872 843 κανόνος
2903 783 3237 852 ἑρμηνεῦσαι
3276 787 3369 838 καὶ
3390 786 3688 856 σαφηνίσαι

2126 870 2291 940 ὑφὴν,
2331 873 2537 942 ῥᾴστην
2567 872 2732 926 οὖσαν
2765 875 3203 946 καταληφθῆναι,
3237 878 3327 930 καὶ
3351 879 3690 951 διαγνωσοῆ-

2125 979 2234 1023 ναι,
2266 961 2445 1026 καλῶς
2478 969 2590 1027 τοῖς
2623 966 2918 1032 βάπτουσιν
2939 969 3020 1028 είς
3053 968 3366 1038 ἀκρίϐειαν,
3401 972 3496 1024 καὶ
3524 989 3686 1026 κανο-

2125 1051 2283 1120 νικῆς
2320 1054 2528 1117 ἐννοίας
2593 1055 2982 1123 θιγγάνουσινο
3050 1059 3182 1111 αὐτὸ
3235 1061 3292 1113 δὲ
3363 1063 3520 1115 τοῦτο
3574 1067 3685 1127 τοῖς

2125 1150 2473 1221 ἀρχιερεῦσιν
2511 1154 2762 1223 ἐπιτιμᾷ,
2797 1153 2848 1205 τί
2906 1153 3106 1224 δήποτε
3171 1157 3264 1209 τὸν
3316 1159 3517 1211 κανόνα
3552 1159 3688 1211 εἰδό-

2124 1259 2216 1304 τες
2264 1244 2360 1294 καὶ
2400 1243 2470 1295 τὰ
2522 1245 2741 1316 ῥήματα
2803 1245 2992 1298 τούτου
3044 1247 3518 1318 ἐξακριϐούμενοι,
3588 1251 3688 1321 τὴν

2122 1335 2335 1388 ἐαυτῶν
2365 1337 2671 1406 συνείδησιν
2728 1339 3034 1406 άνευλόγως
3097 1341 3400 1410 ἐπάτησαν,
3450 1341 3544 1394 καὶ
3589 1342 3686 1395 τοῦ

2124 1429 2887 1503 κανόνοςπαραρῤιπτομένου
2914 1432 3216 1500 ἠνείχοντο,
3267 1435 3361 1487 καὶ
3418 1432 3518 1504 τὴν
3586 1435 3688 1502 ύφ-

2124 1523 2306 1594 εδρίαν
2347 1525 2439 1576 ἐπὶ
2455 1524 2565 1576 τῶν
2599 1524 2729 1594 πρὶν
2754 1523 3185 1594 χαρτοφυλάκων
3214 1525 3526 1594 ἠσπάζοντο
3553 1541 3567 1556 ⁸
3592 1527 3687 1580 καὶ

2126 1615 2318 1684 μισθὸν
2343 1613 2554 1676 τούτοις
2593 1615 2690 1682 τῆς
2749 1616 2855 1668 τῶν
2885 1615 3047 1683 ἱερῶν
3079 1617 3320 1670 κανόνων
3349 1620 3687 1691 περιφρονή-

2125 1724 2262 1768 σεως
2309 1707 2409 1776 τὴν
2457 1709 2549 1759 ἐπὶ
2612 1712 2711 1771 τὰς
2776 1707 3049 1777 λαχούσας
3132 1710 3330 1772 αὐτοὺς
3389 1710 3687 1780 ἐκκλησίας

2120 1800 2385 1853 άπέλασιν
2413 1800 2616 1867 δίδωσι,
2634 1803 2818 1854 κανόνι
2838 1801 3140 1871 ’στοιχοῦσα
3176 1801 3456 1857 κάνταῦθα
3486 1803 3684 1874 ἐκκλη-

2121 1894 2410 1964 σιαστικῷ,
2451 1897 2546 1948 καὶ
2593 1896 2703 1956 τοῖς
2754 1897 3180 1965 περιφρονηταῖς
3265 1897 3376 1950 τῶν
3416 1897 3684 1950 ⁸κανόνων

2118 1987 2343 2039 ἐκείνων
2368 1987 2563 2049 αὐτοὺς
2617 1988 2742 2048 τοὺς
2809 1988 2984 2057 ίεροὺς
3049 1987 3274 2050 κανόνας
3335 1989 3415 2051 είς
3469 1989 3683 2057 ἄμυναν

2117 2079 2512 2147 ἀντεξάγουσα.
2545 2079 2679 2132 Οὐδὲ
2699 2084 2808 2148 γὰρ
2861 2079 2926 2133 ἂν
2971 2081 3147 2150 ἔχοιεν
3197 2080 3380 2147 λέγειν
3441 2084 3489 2134 ot
3570 2081 3680 2134 τῶν

2115 2170 2349 2222 δυτικῶν
2382 2170 2724 2239 προεστῶτες
2759 2172 3038 2239 ἀρχιερεῖς
3075 2171 3165 2223 ἐπὶ
3213 2170 3402 2241 χρόνον
3467 2172 3679 2242 μακρὸν

2115 2263 2224 2315 τῶν
2310 2262 2787 2329 ὲμπιστευθέντων
2851 2263 3035 2325 αὐτοῖς
3134 2263 3207 2333 μὴ
3304 2262 3680 2333 φροντίζοντες

2115 2359 2404 2433 ποιμνίων,
2437 2356 2561 2426 μηδ’
2595 2356 2668 2418 ὡς
2695 2356 2858 2426 ἐχρῆν
2892 2358 2950 2408 ἐν
2972 2356 3182 2420 τούτοις
3215 2357 3682 2426 ἐπιστατήσαντες

2115 2447 2252 2516 ὠςή
2293 2449 2392 2516 τὴν
2415 2447 2530 2499 Ἕω
2565 2448 2981 2518 κατατρέχουσα
3045 2451 3153 2500 τῶν
3217 2449 3429 2518 ἐχθρῶν
3487 2449 3679 2512 λύσσα,

2116 2540 2460 2609 προσέστηκε
2486 2540 2715 2605 τούτοις,
2755 2542 2848 2592 καὶ
2884 2541 2985 2610 τὴν
3047 2542 3355 2607 ἐπισκοπὴν
3427 2541 3681 2593 ἐντεῦθεν

2115 2634 2223 2686 τῶν
2251 2632 2489 2700 λογικῶν
2543 2633 2831 2700 προϐάτων
2869 2632 3296 2702 περιῃρέθησαν.
3342 2635 3451 2686 Καὶ
3487 2635 3546 2686 τὸ
3580 2633 3694 2703 μὲν⁹

2115 2725 2288 2788 οὕτως
2328 2725 2684 2794 οἰκονομηθέν
2739 2725 2890 2794 παρὰ
2943 2729 3040 2794 τῆς
3091 2725 3375 2795 βασιλείας
3427 2743 3529 2795 μου
3580 2727 3681 2796 τὴν

2116 2822 2298 2889 κρίσιν
2321 2819 2503 2881 αὐτοῖς
2525 2819 2618 2870 τοῦ
2634 2820 3072 2888 ἀποτελέσματος
3094 2819 3491 2888 περιλέλοιπεν.
3527 2821 3679 2873 Ἐπεὶ

2116 2912 2171 2964 δὲ
2191 2913 2287 2964 καὶ
2314 2915 2473 2965 τοῦτο
2501 2914 2579 2974 είς
2607 2912 2774 2975 ἀκοὰς
2796 2912 3000 2982 ἀνήχθη
3035 2912 3203 2981 αὐτῷ,
3271 2912 3346 2974 ὣς
3379 2931 3523 2976 τινες
3570 2915 3678 2967 τῶν

2116 3006 2214 3075 τῆς
2245 3007 2570 3074 Ἐκκλησίας
2607 3006 2848 3074 λογάδων
2881 3010 2938 3059 ὲν
2966 3008 3084 3068 ταῖς
3111 3007 3428 3074 γινομέναις
3477 3006 3680 3075 ψήφοις

3165 3097 3222 3149 δὲ
3266 3098 3474 3151 τούτων
3520 3098 3675 3159 ἔνιοι,

2116 3192 2671 3259 ύποϐεϐηκότεςῐσως
2698 3195 2793 3245 καὶ
2833 3193 3008 3261 χρόνῳ
3044 3192 3138 3245 καὶ
3174 3193 3522 3259 ,καταστάσει
3559 3191 3678 3260 βίου

2117 3290 2182 3356 τῇ
2213 3287 2507 3355 κρείττονι,
2545 3287 2640 3340 καὶ
2662 3285 2796 3356 μηδὲ
2826 3285 2996 3338 πολλὰ
3022 3286 3151 3354 περ)⁸
3196 3287 3294 3356 τῆς
3347 3285 3678 3355 Ἐκκλησίας

2117 3383 2477 3452 πονήσαντες,
2499 3381 2600 3434 οὐκ
2624 3377 2718 3434 οῦν
2746 3379 2924 3446 ἔδοξεν
2962 3380 3084 3432 οὐδὲ
3119 3378 3278 3432 τοῦτο
3327 3379 3388 3432 τὸ
3432 3381 3679 3450 ,πρᾶγμα

2116 3479 2214 3549 τῆς
2245 3479 2395 3549 ἱερᾶς
2432 3477 2648 3530 συνόδου
2689 3477 2799 3531 τῶν
2823 3475 3123 3548 ἀρχιερέων
3151 3474 3395 3540 ἐπάξιον,
3442 3475 3565 3528 ὅθεν
3585 3479 3679 3529 καὶ

2119 3573 2453 3640 ἐπισκήπτει
2485 3572 2617 3624 πᾶσι
2672 3568 2933 3638 φιλοθέως
2997 3569 3132 3637 ὁμοῦ
3170 3569 3263 3622 καὶ
3288 3568 3581 3639 βασιλικῶς
3602 3569 3676 3638 μὴ

2119 3664 2334 3726 παίζειν
2359 3666 2416 3716 ἐν
2439 3665 2550 3726 τοῖς
2580 3663 2640 3715 οὐ
2658 3665 2929 3724 παικτοῖς,
2961 3662 3098 3730 μηδὲ
3161 3661 3323 3714 πάθει
3404 3662 3535 3731 περὶ
3611 3663 3678 3715 τὰ

2120 3757 2235 3818 θεῖα
2254 3757 2597 3827 χαρίζεσθαι.
2635 3757 2707 3809 Οὐ
2740 3756 2847 3825 γάρ
2899 3754 3044 3824 ψυχὴ
3110 3758 3167 3806 τὸ
3212 3755 3677 3824 κινδυνευόμενον,

2118 3853 2259 3912 τίνος
2287 3850 2634 3920 φροντιστέον
2653 3849 2886 3918 ἐτέρους
2941 3846 3213 3908 Ἐκείνους
3255 3845 3310 3898 δὲ
3358 3847 3681 3916 προτιθέναι

2118 3946 2227 3997 τῶν
2253 3944 2452 4004 ἄλλων,
2476 3943 2573 3995 καὶ
2600 3943 2700 4010 τὴν
2736 3944 2792 3992 ἐν
2816 3942 2937 4001 ταῖς
2958 3939 3161 4008 ψήφοις
3206 3939 3492 4008 ἐπιτιμίαν
3525 3939 3683 4007 χαρί-

2119 4036 2331 4100 ζεσθαι,
2368 4033 2458 4097 οὓς
2487 4033 2626 4104 μετὰ
2655 4033 2815 4100 λόγου
2847 4033 2943 4084 καὶ
2999 4029 3112 4101 βίος
3171 4032 3366 4099 κοσμεῖ
3420 4029 3683 4100 ἀνεπίλη-

2120 4147 2273 4192 πτος,
2308 4128 2340 4198 ἢ
2371 4127 2464 4180 τοῦ
2486 4127 2645 4194 λόγου
2671 4124 2965 4187 σκάζοντος
2995 4124 3145 4186 ἴσως,
3173 4123 3200 4175 ό
3228 4121 3436 4192 μακρὸς
3463 4121 3674 4191 χρόνος,

2121 4224 2215 4275 καὶ⁴
2241 4222 2297 4273 τὸ
2335 4222 2461 4288 περὶ
2488 4219 2585 4289 τὴν
2625 4215 2945 4284 Ἐκκλησίαν
2982 4214 3283 4267 πολύπονον
3365 4213 3679 4276 ἐπαναπλη-

2123 4314 2299 4384 ροῦσι,
2341 4313 2399 4364 τὸ
2428 4311 2666 4373 ἐλλιπές.
2695 4309 2854 4362 υῦτω
2885 4307 2990 4376 γὰρ
3021 4305 3086 4358 ἂν
3112 4306 3228 4367 ταῖς
3252 4306 3452 4375 ψήφοις
3499 4306 3680 4370 καλῶς

2053 4443 2097 4497 D
2121 4407 2485 4476 διαιτήσουσι,
2513 4405 2604 4456 καὶ
2629 4403 2722 4454 ἐπὶ
2747 4401 2978 4470 κρίματι
3003 4403 3102 4468 τῆς
3131 4399 3345 4452 ἐαυτῶν
3369 4398 3548 4468 ψυχῆς
3581 4399 3685 4453 οὐκ

2123 4499 2187 4552 ἂν
2211 4497 2388 4550 ἁλοῖεν
2422 4493 2866 4564 ψηφοφοροῦντες
2883 4493 2958 4560 τῷ
2981 4489 3120 4560 Θεῷ.

2191 4587 2435 4642 ΖΩΝΑΡ.
2494 4587 2604 4657 Τὴν
2656 4585 2910 4649 εὐταξίαν
3013 4583 3327 4653 ἁπανταχοῦ
3397 4583 3686 4652 τηρεῖσθαι

2122 4679 2570 4749 ἀναγκαιότατον,
2599 4678 2834 4747 μάλιστα
2886 4677 2940 4729 δὲ
2971 4679 3028 4731 ἐν
3065 4681 3176 4739 τοῖς
3219 4678 3385 4746 ἱεροῖς
3437 4679 3530 4730 καὶ
3590 4696 3689 4746 με-

2119 4773 2582 4842 ταχειριζομένοις
2610 4773 2676 4822 τὰ
2717 4771 2865 4835 ἆγια.
2893 4773 2981 4823 Διὸ
3013 4773 3248 4842 πρᾶγμα
3269 4771 3330 4823 ού
3359 4770 3498 4822 κατὰ
3531 4770 3687 4833 τάξιν

2123 4867 2402 4936 γινόμενον
2431 4863 2773 4933 διωρθώσατο
2812 4867 2837 4915 ὀ
2859 4863 3056 4916 κανών.
3097 4863 3169 4914 Τὸ
3198 4863 3306 4930 γὰρ
3349 4864 3473 4923 τοὺς
3503 4861 3687 4914 διακό-

2121 4977 2244 5021 νους
2277 4957 2612 5028 μεταδιδόναι
2667 4958 2780 5018 τοῖς
2838 4955 3042 5026 ἱερεῦσι
3117 4954 3223 5005 τῶν
3297 4954 3684 5022 άγίασμάτων,

2122 5051 2215 5105 καὶ
2241 5051 2346 5120 πρὸ
2386 5049 2586 5113 αὐτῶν,
2612 5047 2757 5117 ἧκαὶ
2787 5046 2879 5099 τοῦ
2913 5046 3210 5098 ἐπισκόπου
3249 5045 3687 5115 μεταλαμϐάνειν

2123 5143 2341 5205 αὐτοὺς,
2377 5139 2608 5204 ἀταξίας
2671 5135 2760 5205 ἦν,
2799 5140 2921 5190 ὅθεν
2989 5136 3428 5204 παρακελεύεται
3491 5138 3687 5205 μηκέτι

2122 5234 2279 5288 τοῦτο
2306 5235 2571 5301 γίνεσθαι,
2606 5235 2716 5286 ἁλλ“
2741 5233 2972 5284 ἕκαστον
2997 5229 3289 5296 γινώσκειν
3317 5231 3377 5284 τὸ
3435 5231 3566 5284 ι’διον
3595 5230 3684 5298 μέ-

2121 5345 2272 5396 τρον,
2307 5327 2402 5381 καὶ
2431 5325 2630 5378 εἰδέναι
2655 5326 2780 5386 τοὺς
2838 5323 3140 5387 διακόνους,
3190 5323 3271 5375 ὅτι
3309 5323 3417 5375 τῶν
3464 5321 3681 5374 ἐπισκό-

2126 5437 2239 5472 πων
2272 5421 2542 5489 ὑπηρέται
2581 5419 2718 5469 εἰσὶν
2753 5418 2808 5468 ἐν
2868 5419 2980 5478 τοῖς
3015 5417 3201 5486 ἱεροῖς,
3249 5415 3308 5482 ἐξ
3388 5413 3560 5482 αὐτῆς
3586 5413 3686 5481 τῆς

2125 5514 2371 5582 κλήσεως
2401 5513 2561 5564 τοῦτο
2587 5511 3030 5578 διδασκομένους,
3109 5511 3201 5562 καὶ
3251 5510 3333 5563 ὅτι
3387 5508 3589 5578 μείζων
3651 5506 3686 5575 ἡ

2123 5607 2247 5669 ἀξία
2264 5606 2373 5659 τῶν
2410 5605 2796 5676 πρεσϐυτέρων
2831 5605 2980 5674 παρὰ
3007 5604 3103 5673 τὴν
3125 5603 3230 5658 τῶν
3254 5602 3535 5656 διακόνων.
3565 5598 3688 5658 Πῶς

2123 5693 2215 5749 οὖν
2244 5699 2289 5750 οἱ
2321 5697 2541 5767 ἣττονες
2576 5700 2686 5759 τοῖς
2717 5695 2959 5764 μείζουσι
3027 5696 3400 5766 μεταδώσουσι
3445 5692 3545 5762 τῆς
3598 5690 3687 5742 εύ-
