4072 6426
335 377 442 441 309

1527 379 1606 436 ΙΝ
1645 379 1810 440 CAN.
1851 379 2106 444 lCONC.
2145 383 2251 443 CP.
2301 381 2382 444 ll.

3451 373 3553 436 3ιο

339 493 468 565 μίαν
493 492 709 564 ἡμέραν
736 493 1077 564 κυριὼνυμον
1112 494 1418 562 λογίζεσθαι
1450 495 1548 566 τὴν
1592 497 1718 566 ὃλην
1768 498 1905 549 Πεν-

2022 499 2347 554 Dnminicum
2403 493 2723 566 ex‘istimari,
2777 513 2831 558 et
2881 503 3076 558 debere
3134 518 3228 553 uos
3288 510 3569 569 propterea

338 586 623 656 τηκοστὴν,
654 586 746 638 καὶ
764 586 996 652 ὀφείλειν
1015 586 1161 654 ἡμᾶς
1183 585 1271 639 διὰ
1299 585 1455 639 τοῦτο
1488 588 1900 657 πανηγυρίζειν,

339 681 432 733 καὶ
461 680 595 747 μήτε
627 681 908 746 νηστεύειν
964 681 1100 748 μήτε
1150 679 1277 747 γόνυ
1305 680 1579 747 κάμπτειν
1607 699 1621 714 ο
1666 682 1791 750 ἐμολ¹
1848 683 1906 735 δὲ

336 773 563 840 ἀρέσκει
599 774 722 831 τοὺς
745 773 973 834 κανόνας
1005 775 1220 842 κρατεῖν
1250 771 1334 840 ἐφ’
1364 765 1438 824 ὧν
1463 771 1902 850 ἐξεφωνήθησριν.

411 865 654 916 ΖΩΝΑΡ.
685 865 758 916 Τὸ
797 866 870 934 μὴ
901 865 1101 916 κλίνειν
1131 865 1261 932 γόνυ
1295 867 1352 915 ὲν
1387 867 1660 934 κυριακῇ.
1722 866 1816 918 καὶ
1850 868 1906 918 ἐν

337 959 460 1017 ταῖς
490 955 586 1022 τῆς
619 957 991 1025 Πεντηκοστῆς
1020 959 1274 1026 ἡμέραις,
1304 959 1394 1009 καὶ
1425 957 1599 1018 ἄλλοις
1633 957 1908 1026 Πατρὰσιν

338 1047 510 1112 ἱεροῖς
536 1046 904 1104 διατέτακται.
947 1047 1040 1099 καὶ
1063 1047 1140 1116 τῷ
1178 1046 1396 1116 μεγάλῳ
1423 1048 1479 1098 δὲ
1524 1048 1812 1116 Βασιλείῳ,
1850 1049 1906 1111 ὃς

341 1129 437 1189 καὶ
473 1136 600 1198 τοὺς
660 1135 850 1202 λόγους
886 1138 1304 1206 προστέτακται,
1349 1140 1441 1190 καὶ
1490 1139 1567 1207 τῷ
1608 1142 1828 1207 μεγάλῳ
1852 1140 1908 1192 δὲ

343 1230 630 1298 Βασιλείῳ,
665 1230 845 1293 ὅςκαὶ
885 1231 1010 1294 τοὺς
1063 1231 1251 1299 λόγους
1307 1232 1630 1301 προστίθησι
1695 1232 1764 1286 δι’
1817 1233 1909 1296 οὓς

341 1325 722 1391 ἀπηγόρευται
752 1323 809 1376 τὸ
843 1326 1044 1377 κλίνειν
1067 1325 1196 1393 γόνυ
1222 1327 1278 1378 ὲν
1307 1329 1429 1386 ταῖς
1458 1325 1737 1394 ῥηθείσαις
1766 1327 1904 1396 ἠμέ-

347 1435 493 1484 ραις,
531 1417 767 1478 ἑστῶτας
797 1416 850 1468 δὲ
908 1417 1305 1486 προσεύχεσθαι
1366 1417 1779 1485 ἐπιτέτραπται,
1832 1418 1910 1470 οἵ·

343 1509 492 1568 τινές
522 1509 626 1559 εἰσι
650 1524 663 1536 ·
695 1507 753 1560 τὸ
781 1507 1178 1577 συναναστῆναι
1203 1509 1350 1578 ἡμᾶς
1391 1507 1468 1576 τῷ
1513 1509 1755 1578 Χριστῷ,
1817 1511 1911 1562 καὶ

344 1601 415 1652 τὰ
449 1601 559 1653 ἄνω
590 1601 772 1670 ζητεῖν
809 1601 1043 1668 ὀφείλειν
1065 1617 1080 1632 ·
1114 1603 1209 1656 καὶ
1226 1603 1308 1655 ὅτι
1333 1603 1425 1656 τοῦ
1457 1603 1909 1672 προσδοκωμένου

346 1691 548 1755 αξὼντς
579 1692 740 1744 είκών
773 1694 974 1763 ἐστινὴ
1008 1694 1337 1765 Κυριακὴ,ὴ
1367 1695 1504 1765 αὐτὴ
1537 1697 1631 1764 μία
1659 1691 1793 1748 οὖσα
1818 1696 1913 1748 καὶ

345 1784 532 1849 ὀγδόη.
564 1783 638 1845 ὡς
670 1784 760 1837 καὶ
787 1785 940 1854 παρὰ
969 1785 1061 1838 τοῦ
1087 1786 1333 1850 Μωσέως
1359 1787 1416 1837 ἐν
1433 1789 1497 1856 τῇ
1530 1786 1908 1858 κοσμογενείᾳ.

353 1875 452 1941 pi:
481 1877 578 1926 καὶ
608 1874 731 1944 οὐχὶ
751 1875 939 1945 πρώτη
977 1876 1363 1946 ὀνομασθεῖσα,
1395 1878 1490 1930 καὶ
1525 1877 1623 1947 τὴν
1672 1879 1798 1947 μίαν
1821 1878 1915 1930 οῦ-

349 1982 458 2026 τως
488 1965 580 2018 καὶ
635 1966 896 2037 ἀληθινὴν
942 1967 1166 2040 ὀγδόην·
1228 1970 1441 2040 ἐκείνην
1497 1969 1762 2034 τυποῦσα,
1819 1970 1918 2037 τήν

350 2055 653 2125 ἀνέσπερον
695 2059 926 2128 ἡμέραν,
979 2061 1070 2112 τὸν
1103 2060 1336 2130 ἄληκτον
1374 2063 1579 2114 ἐκεῖνον
1624 2061 1798 2115 αἰῶνα
1827 2062 1918 2112 τὸν

355 2149 641 2217 μέλλοντα.
663 2152 754 2204 Διὸ
780 2151 1118 2222 ρυθμίζουσα
1142 2155 1266 2213 τοὺς
1320 2155 1517 2221 ἑαυτῆς
1561 2153 1858 2224 τροφίμους
1885 2156 1917 2223 ἡ

364 2241 665 2310 Ἐκκλησία
692 2244 792 2312 τῆς
826 2244 1037 2314 ἡμέρας
1066 2245 1280 2314 ἐκείνης
1305 2246 1635 2315 μεμνῆσθαι,
1671 2247 1922 2315 καὶπρὸς

354 2331 576 2398 ἐκείνην
630 2334 1144 2402 προετοιμάζεσθαι,
1203 2335 1440 2398 ἑστῶτας
1503 2336 1782 2402 διετάξατο
1833 2335 1922 2389 εὕρ·

352 2424 585 2493 χεσθαιο
617 2425 704 2478 ἵνα
733 2427 869 2495 πρὸς
915 2427 1010 2496 τὴν
1044 2428 1155 2482 ἄνω
1189 2428 1339 2496 λῆξιν
1386 2429 1619 2499 ὁρῶντες
1660 2429 1923 2500 διηνεκῶς

351 2516 527 2586 αὐτὴν
557 2518 977 2587 φανταζώμεθα.
1009 2520 1177 2572 Τοῦτο
1211 2520 1340 2588 γοῦν
1363 2521 1424 2573 τὸ
1453 2520 1527 2592 μὴ
1553 2521 1757 2574 κλίνειν
1781 2524 1910 2587 γόνυ

356 2609 420 2660 ἐν
461 2614 578 2672 ταῖς
614 2610 893 2678 ῥηθείσαις
924 2613 1157 2680 ἡμέραις
1186 2613 1246 2664 οὐ
1273 2613 1545 2682 πανταχοῦ
1577 2613 1928 2682 παραφυλατ-

352 2703 585 2767 τόμενον
617 2704 644 2753 ὁ
675 2700 865 2769 παρὼν
893 2704 1070 2756 κανὼν
1101 2703 1387 2772 τηρεῖσθαι
1421 2705 1568 2772 παρὰ
1597 2705 1811 2757 πάντων
1836 2706 1928 2758 θε-

341 2791 635 2880 ξεληθετεῖ.

353 2885 583 2938 ΑΡΙΣΤ.
635 2886 737 2940 Ἐν
774 2888 902 2953 ταῖς
949 2888 1291 2956 Κυριακίιῖς,
1329 2890 1424 2942 καὶ
1471 2889 1600 2952 ταῖς
1643 2888 1751 2956 τῆς
1786 2894 1930 2942 Πεν-

429 2979 728 3046 τηκοστῆς
757 2979 1018 3048 ἡμέραις,
1059 2985 1130 3034 οὑ
1159 2980 1299 3033 δέον
1327 2982 1560 3034 κλίνειν
1594 2985 1763 3048 γόνυ,
1791 2982 1929 3036 ἀλλ’

427 3071 668 3138 ὀρθίους
689 3071 974 3139 εὔχεσθαι
1000 3072 1138 3137 τοὺς
1165 3072 1535 3139 ἀνθρώπους.
1755 3065 1771 3083 ’³

427 3167 501 3217 Οὐ
541 3165 658 3217 δεον
691 3165 896 3218 κλίνειν
927 3167 1054 3233 γόνυ
1095 3169 1152 3218 ἐν
1181 3169 1302 3228 ταῖς
1351 3167 1678 3235 Κυριακαῖς,
1741 3166 1830 3218 καὶ
1871 3168 1928 3217 ὲν
1953 3184 1997 3244 C

349 3261 474 3319 ταῖς
545 3257 779 3326 ἡμέραις
826 3260 924 3326 τῆς
971 3259 1512 3328 Πεντηκοστῆς,ἁλλ’
1550 3243 1790 3321 ἑστῶτας
1828 3259 1925 3320 τὰς

351 3349 522 3420 εὐχὰς
551 3347 867 3400 ἀποδιδόναι
899 3347 975 3419 τῷ
1006 3349 1144 3418 Θεῷ.

767 3590 769 3592 .
776 3578 873 3593 Η

2013 595 2149 645 diem
2185 596 2376 649 festmn
2415 611 2594 664 agere,
2625 605 2678 648 et
2726 609 2900 660 neque
2949 593 3220 664 jejunare,
3277 606 3375 645 nec
3431 607 3572 660 genu

2007 679 2242 733 ﬂectere.
2277 681 2404 736 Mihi
2434 693 2613 737 autem
2647 684 2822 750 placet
2852 698 3087 738 canones
3110 684 3161 736 in
3192 681 3257 736 iis
3284 681 3389 734 vim
3418 695 3572 733 suam

2007 772 2254 826 obtinere.
2285 775 2336 826 in
2363 775 2558 840 quibus
2586 776 2766 830 emissi
2791 785 2936 830 sunt.

2079 864 2329 919 ZONAR.
2393 865 2506 919 Non
2558 882 2678 920 esse.
2737 867 3047 929 Dominicis,
3086 875 3178 919 aut
3233 866 3577 920 PenteCostes

2009 958 2195 1012 diebus
2228 959 2278 1011 in
2312 974 2479 1026 genua
2511 959 2997 1028 procumbendum,
3038 973 3156 1010 cum
3191 959 3420 1010 aliorum
3470 956 3572 1008 Pa-

2011 1059 2171 1108 trum.
2215 1061 2324 1104 tum
2359 1053 2536 1121 magni
2571 1068 2786 1120 quoque
2838 1051 3020 1105 Basilii
3065 1060 3337 1120 prmcepto
3387 1051 3576 1101 admo-

2010 1157 2234 1207 nentur;
2270 1160 2299 1196 ιι
2332 1159 2436 1209 quo
2471 1144 2654 1207 etiam,
2695 1159 2792 1196 cur
2829 1144 2880 1196 id
2917 1143 3162 1208 vetitum,
3202 1158 3262 1195 ac
3310 1142 3580 1195 stantibus

2009 1253 2107 1306 per
2134 1254 2227 1292 eos
2259 1240 2373 1292 dies
2403 1254 2562 1292 orare
2592 1241 2936 1307 permissum,
2967 1240 3080 1292 suis
3117 1237 3357 1306 quidque
3404 1234 3579 1288 ratio-

2010 1347 2137 1384 num
2167 1334 2456 1385 momentis
2486 1331 2806 1402 explicatur.
2843 1330 2972 1397 Quae
3005 1331 3218 1400 quidem
3254 1335 3379 1381 sunt
3404 1325 3581 1396 primo

2013 1432 2071 1474 ut
2102 1436 2223 1475 cum
2285 1421 2507 1477 Chrislo
2556 1423 2903 1492 surgendum,
2963 1437 3025 1475 ac
3078 1436 3138 1475 ea
3195 1434 3314 1488 qua!
3362 1431 3579 1470 Slll‘SIIm

2011 1523 2158 1572 sunt.
2193 1516 2476 1580 qumrenda
2503 1515 2655 1569 nobis
2681 1529 2803 1569 esse
2835 1513 3240 1566 meminerimus
3262 1510 3305 1541 ⁸⁸
3339 1531 3353 1562 :
3390 1507 3582 1562 deinde

2013 1605 2152 1670 quod
2213 1603 2405 1658 futurae
2458 1604 2582 1657 vitae
2632 1620 2794 1673 quam
2851 1612 3251 1671 exspectamus,
3301 1595 3581 1651 Dominica

2013 1695 2130 1749 dies
2163 1696 2340 1764 imago
2370 1697 2618 1759 exsismt,
2658 1710 2781 1749 cum
2820 1696 2930 1762 ipsa
2979 1709 3086 1746 una
3137 1694 3209 1748 sit
3264 1699 3316 1745 et
3366 1701 3583 1751 ortava,

2016 1785 2155 1838 sicut
2187 1794 2240 1839 et
2266 1801 2294 1838 a
2331 1785 2474 1838 Mose
2501 1785 2554 1838 in
2589 1800 2650 1838 ea
2682 1785 2933 1843 historia,
2967 1799 3070 1852 qua
3121 1793 3300 1836 rerum
3354 1781 3586 1832 creatio-

2021 1893 2141 1930 nem
2174 1879 2536 1946 persequitur.
2570 1895 2670 1931 uua
2713 1893 2820 1931 non
2855 1877 3023 1945 prima
3059 1875 3218 1928 fuerit
3255 1881 3582 1939 nuncupata;

2020 1983 2285 2036 unamque
2321 1969 2488 2035 illam,
2521 1981 2575 2024 et
2610 1985 2736 2025 vere
2767 1979 3038 2031 octavam,
3079 1974 3462 2032 carentemquc
3495 1978 3589 2014 oc-

2021 2077 2146 2115 casu
2206 2063 2386 2122 diem.
2446 2079 2619 2116 arvum
2676 2062 2944 2116 videlicet,
2993 2058 3382 2126 sempiternum
3446 2052 3588 2122 quod

2023 2153 2257 2206 futurum
2316 2167 2419 2216 est,
2477 2155 2698 2207 referat.
2757 2150 2990 2206 Proinde
3050 2158 3107 2201 ιιι
3163 2147 3410 2200 alumnos
3461 2157 3591 2195 suos

2024 2244 2262 2299 Ecclesia
2287 2244 2350 2295 ad
2373 2242 2488 2308 ejus
2515 2243 2618 2296 diei
2651 2241 2962 2294 memoriam
2990 2233 3590 2304 scepiususurpandam.

2024 2353 2312 2406 moresque
2341 2339 2404 2390 ad
2443 2337 2586 2391 illam
2615 2333 3033 2389 conformandos
3058 2331 3317 2388 erudiret.
3357 2336 3415 2378 ut
3440 2335 3595 2377 stan-

2026 2441 2105 2483 tes
2138 2445 2507 2495 preearemur.
2565 2428 2767 2491 edixit;
2821 2436 2878 2479 ιιι
2931 2438 3218 2492 supernam
3269 2419 3595 2485 aspicientes

2025 2526 2413 2586 lia-.reditatetn,
2449 2525 2617 2594 ipsam
2645 2533 2903 2592 perpetuo
2926 2506 3369 2584 contemplemur.
3391 2515 3593 2568 Morem

2028 2620 2169 2672 hunc
2223 2617 2405 2686 igitur,
2462 2631 2654 2686 genua,
2715 2613 3149 2668 commemoratis
3214 2608 3400 2662 diebus
3453 2605 3597 2658 haud
3661 2617 3676 2635 °

2027 2709 2299 2768 ﬂeetendi.
2332 2706 2529 2774 ubique
2581 2721 2686 2758 non
2735 2704 3103 2765 observatum,
3143 2702 3228 2752 ltic
3261 2714 3434 2752 canon
3481 2705 3597 2748 ouil-

2031 2803 2185 2854 nibus
2217 2801 2346 2855 locis
2375 2799 2593 2852 retineri
2631 2798 2792 2860 iubet.

2028 2894 2253 2948 ARlS'l‘.
2283 2893 2566 2946 Dominicis
2596 2903 2643 2946 et
2685 2892 3014 2945 Peutecvstes
3045 2889 3228 2940 diebus
3264 2902 3368 2938 non
3399 2891 3598 2952 oportet

2205 3002 2334 3054 genu
2364 2987 2592 3053 ﬂectere,
2629 2985 2718 3039 sed
2753 2993 2950 3037 erectos
2976 2983 3207 3036 homines
3241 2994 3409 3033 orare.

2104 3163 2157 3215 lu
2221 3161 2512 3215 Dominicis
2567 3169 2620 3212 et
2676 3158 3023 3211 Pentecostes
3075 3155 3265 3208 diebus
3320 3169 3422 3204 uou
3459 3165 3601 3218 genu

2039 3257 2274 3318 ﬂectere,
2311 3256 2403 3309 sed
2431 3263 2640 3308 stantes
2671 3253 2781 3305 Deo
2812 3266 3002 3320 preces
3035 3247 3260 3301 fundere
3293 3253 3530 3312 oportet.

1661 3728 1729 3810 K
1741 3723 2172 3810 ΑΝΟΝΕΣ
2239 3718 2312 3806 Ζ’

751 3919 885 3971 ΤΗΣ
936 3920 1020 3974 ΕΝ
1066 3917 1808 3974 ΚΩΝΣΤΛΝΤΙΝΟΥΠΟΛΕΙ
1862 3913 2218 3968 ΔΕΥΤΕΡΛΣ
2281 3908 2815 3966 ΟΙΚΟΥΜΕΝΙΚΗΣ
2879 3905 3212 3962 ΣΥΝΟΔῌΥ.

1498 4249 2147 4354 CANONES
2246 4252 2452 4342 Vll

894 4458 1171 4521 SYNODI
1211 4414 2147 4520 CONSTANTiNOPOLITANiE
2179 4453 2667 4515 (ECUMENIC/E
2697 4449 3065 4522 SECUND/E

393 4777 638 4835 ~BAA2.
687 4775 782 4830 καὶ
839 4777 1082 4830 ΖΩΝΑΡ.
1146 4778 1212 4829 Ἦ
1242 4775 1373 4844 ἁγία
1434 4776 1529 4829 καὶ
1585 4775 1920 4844 οἰκουμενικὶ

2111 4775 2222 4847 85
2253 4773 2450 4830 BALS.
2481 4783 2536 4828 et
2568 4770 2821 4828 ZONAB.
2859 4773 3059 4826 Sancta
3085 4781 3138 4825 et
3167 4774 3501 4828 (ecumenica
3535 4794 3604 4830 se-

350 4870 598 4939 δευτὲρα
637 4867 856 4930 σύνοδος
913 4868 1140 4936 γέγονεν
1189 4851 1282 4920 ιτὶι
1333 4867 1600 4937 βασιλέως
1649 4868 1934 4921 Θεοδοσίου

362 4963 452 5015 τοῦ
510 4959 749 5030 μεγάλου
773 5000 787 5023 ,
818 4961 876 5012 ὲν
907 4958 1479 5012 Κωνσταντινουπόλει
1510 4958 1705 5012 ἑκατὸν
1739 4960 1939 5029 πεντή-

356 5069 530 5105 κοντα
560 5052 733 5118 ἁγίων
775 5051 1036 5121 Πατέρων
1073 5050 1436 5104 συνελθόντων
1463 5053 1605 5104 κατὰ
1631 5053 1740 5104 τῶν
1773 5071 1938 5104 πνευ-

364 5148 734 5215 ματομάχων,
772 5145 970 5208 οἵτινες
998 5145 1248 5210 ἐξέθεντο
1279 5145 1371 5197 καὶ
1402 5146 1530 5207 τοὺς
1560 5145 1937 5215 ὑποτεταγμέ-

363 5257 488 5299 νους
521 5240 756 5300 κανόνας

977 5350 1208 5404 ΚΑΝΩΝ
1267 5349 1344 5402 Α’.

366 5443 624 5508 Ὧρισαν
652 5442 709 5492 οἱ
743 5440 813 5493 ἐν
854 5444 1495 5494 Κωνσταντινουπόλει
1534 5440 1942 5505 συνελθόντες

433 5531 594 5598 ἅγιοι
626 5530 886 5598 Πατέρες
909 5531 995 5600 μὴ
1033 5531 1370 5587 ἀθετεῖσθαι
1418 5532 1532 5597 τὴν
1565 5532 1773 5583 πίστιν
1825 5531 1945 5582 τῶν·

435 5624 800 5689 τριακοσίων
850 5624 1150 5689 δεκαοκτὼ
1177 5667 1192 5691 ,
1259 5624 1379 5678 τῶν
1436 5626 1506 5678 ἐν
1562 5625 1776 5691 Νικαίᾳ
1832 5614 1945 5689 τῆς

439 5692 737 5780 Βιθυνίας⁸
763 5717 1203 5792 συνελθόντων.
1248 5717 1425 5770 Ἀλλὰ
1451 5716 1664 5784 μένειν
1699 5717 1942 5782 ἐκείνην

439 5809 682 5865 κυρίαν.
716 5808 814 5862 καί
843 5809 1384 5866 ἀναθεματισθῆναι
1410 5809 1616 5865 πᾶσαν
1659 5811 1894 5870 αἵρεσιν
1922 5827 1937 5842 ·

2046 4870 2218 4922 cunda
2273 4867 2530 4936 synodus,
2572 4863 3036 4931 Constantinopoli
3087 4862 3278 4932 Magno
3315 4863 3612 4920 Theodosir

2045 4960 2345 5027 imperante
2373 4957 2644 5011 celebrata
2671 4965 2772 5017 est,
2821 4954 2906 5006 cui
2955 4954 3170 5020 quidem
3219 4961 3606 5024 ceutumquiu-

2045 5051 2318 5121 quaginta,
2374 5059 2561 5102 contra
2615 5045 2846 5101 nefarios
2909 5046 3139 5112 Spiritus
3192 5050 3363 5102 sancti
3431 5049 3612 5104 hostes

2044 5141 2318 5198 convocati
2373 5139 2558 5193 Patres
2616 5139 2927 5203 interfuere,
2967 5156 3028 5193 ac
3083 5155 3176 5192 eos
3226 5143 3313 5209 qui
3376 5143 3612 5210 proxime

2046 5242 2348 5302 sequuntur
2377 5246 2613 5286 eanoaes
2635 5231 2866 5284 edidere.

2673 5344 2756 5395 CA
2769 5341 2903 5397 NON
2946 5343 2984 5397 1.

2047 5441 2381 5506 Statuerunt,
2424 5441 2512 5510 qui
2567 5439 3026 5509 Couslaiztiuotmli
3069 5448 3418 5491 convenerunt
3446 5445 3620 5490 sancti

2121 5533 2326 5597 Patres,
2387 5533 2490 5586 3-18
2547 5531 2766 5584 Patrum
2823 5533 2913 5601 qui
2984 5530 3183 5584 Nicaeae
3247 5541 3593 5584 roreveuerunt

2121 5623 2272 5692 ﬁdem
2306 5639 2404 5676 non
2441 5623 2707 5692 abrogari,
2738 5625 2828 5675 sed
2857 5623 3068 5691 ﬁrmam
3090 5637 3316 5685 manere,
3341 5629 3391 5674 et
3415 5637 3617 5674 omnem

2118 5714 2338 5767 ha'reain
2373 5713 2816 5765 anathematizari
2843 5727 2860 5764 :
2891 5720 2939 5764 et
2969 5710 3272 5778 specialiter
3315 5711 3609 5764 Eunomia-

2118 5823 2301 5861 uorum
2357 5821 2447 5860 seu
2501 5804 2960 5871 Eudoxianorum,
3003 5814 3051 5858 ct
3110 5803 3618 5871 Semiarriauorum,
