4072 6380
315 323 425 390 313
1461 336 1547 400 ΙΝ
1583 337 1746 401 CAN.
1793 339 1854 400 II
1891 341 1922 398 (Ἴ

2024 341 2096 405 lC.
2139 343 2245 407 (ΞΡ.
2277 345 2354 409 ΙΙ.
3435 350 3541 414 314

315 444 573 513 λεμαῖδος
597 445 694 516 τῆς
722 446 1116 514 Πενταπόλεως
1139 449 1436 516 ἐπίσκοπος
1463 452 1678 522 γέγονε,
1712 471 1875 508 συνα-
1901 462 1922 514 1

2024 457 2143 512 iam
2166 459 2321 528 jubet
2346 460 2706 526 Sabellianos,
2734 461 2825 532 qui
2857 461 3071 530 quidem
3115 478 3144 516 a
3193 462 3428 518 Sabeliio
3449 463 3542 517 Li-

321 535 518 640 )tOtfp'hV
568 535 914 640 δογματίζων
968 539 1062 592 καὶ
1116 539 1400 613 σύγχυσιν,
1438 543 1539 608 τὰς
1569 547 1714 616 τρεῖς
1746 547 1880 598 ὑπο-

2024 566 2122 619 yco
2167 553 2500 606 denomiuati
2535 563 2681 619 sunt,
2709 555 2799 624 qui
2845 553 3215 615 Ptolemaidis,
3264 570 3384 625 qua!
3415 555 3542 609 urbs

322 628 543 736 στάσεις
611 629 712 699 τῆς
773 633 903 700 μιᾶς
967 633 1153 697 οὐσίας
1219 636 1315 689 καὶ
1355 636 1610 707 θεότητος
1680 641 1758 702 εἰς
1826 638 1884 692 ἒν

2024 657 2063 699 5|
2089 644 2418 714 Pentapolis,
2445 645 2544 700 fuit
2564 647 2846 716 episcopus
2873 664 2888 712 ;
2929 649 2974 703 is
2995 648 3337 702 coalitionem
3363 662 3548 714 quam-

285 720 620 790 .πρόσὼπον
672 724 956 794 συναιρῶν
1004 728 1096 779 καὶ
1151 728 1414 798 συγχέων,
1471 733 1566 784 καὶ
1622 729 1681 783 ἓν
1743 749 1880 801 πρε-

2026 756 2109 792 am
2142 755 2203 793 ac
2234 740 2661 794 commistionem
2689 740 3054 804 decernendo,
3089 750 3200 795 tres
3225 741 3546 811 hypostases

326 816 538 876 σϐεύων
566 816 660 868 ἐπὶ
689 817 785 884 τῆς
819 818 986 886 ἁγίας
1009 820 1236 889 Τριάδος
1265 820 1574 892 τριώνυμον
1603 827 1889 894 πρόσωπον

2031 834 2154 887 nius
2192 832 2444 886 essentia!
2495 847 2557 886 ac
2617 832 2921 887 divinitatis
2973 832 3026 886 in
3063 848 3224 886 unam
3261 847 3546 901 personam

1991 923 2354 994 vonjnngebat
2406 938 2472 977 ac
2494 923 2884 989 confundebat,
2920 933 2974 976 et
3018 938 3114 990 pro
3150 932 3339 978 sancta
3367 919 3552 975 Triui-

1995 1027 2104 1072 tate
2155 1033 2311 1070 unam
2361 1017 2518 1071 trium
2588 1016 2863 1070 nominum
2919 1015 3211 1070 Personam
3259 1016 3548 1077 statuebat,

327 908 498 975 λέγων
524 909 616 962 τὸν
653 909 822 965 autbv,
838 912 968 964 ποτὲ
996 913 1094 982 μὲν
1125 913 1201 978 ὡς
1233 914 1449 985 Πατέρα
1477 917 1728 987 φανῆναι,
1762 919 1892 971 ποτὲ

325 1001 383 1054 δὲ
421 1002 496 1066 ὡς
518 1003 667 1065 Υίὸν,
697 1003 828 1057 ποτὲ
870 1004 927 1057 δὲ
955 1005 1030 1068 ὡς
1060 1005 1216 1074 ἆγιον
1246 1007 1473 1079 Πνεῦμα
1507 1011 1892 1080 μεταμορφού-

333 1113 535 1165 μενον,
611 1099 706 1151 καὶ
761 1098 951 1153 ἄλλοτε
1012 1101 1188 1162 ἄλλως
1260 1104 1893 1173 μετασχηματιζόμενον.

341 1188 580 1256 Ὀμοίως
617 1187 674 1241 δὲ
708 1187 812 1242 ὑπὸ
858 1189 1108 1260 ἀνάθεμα
1150 1190 1333 1260 τίθησι
1361 1191 1455 1246 καὶ
1482 1193 1580 1264 τὴν
1604 1193 1716 1246 τῶν
1738 1196 1894 1264 Μαρ-

331 1277 632 1332 κελλιανῶν
658 1276 892 1348 αἰρεσιν,
919 1278 1042 1349 ἥτις
1062 1279 1170 1336 άπὸ
1195 1279 1514 1352 Μαρκέλλου
1543 1282 1896 1353 αἰρεσιάρχου

332 1370 584 1431 καλεῖται
620 1387 636 1402 ο
676 1369 734 1431 ὃς
761 1370 819 1437 ἐξ
863 1370 1137 1440 Ἀγκύρας
1183 1372 1284 1442 μὲν
1328 1373 1552 1444 ὥρμητο
1593 1375 1694 1444 τῆς
1725 1376 1899 1429 Γαλα-

336 1463 526 1530 τικῆς,
550 1463 644 1515 καὶ
678 1463 849 1533 αὑτῆς
879 1462 1178 1525 ἐπίσκοπος
1207 1462 1433 1532 γέγονεν
1461 1480 1477 1496 ⁸
1510 1464 1704 1537 ἐπίσης
1730 1466 1787 1520 δὲ
1822 1467 1901 1538 τῷ

339 1553 620 1625 Σαϐελλίῳ
650 1552 1030 1624 ὲόογμάτιζεν.
1075 1553 1234 1609 Ἀλλὰ
1279 1555 1375 1609 καὶ
1412 1555 1512 1627 τὴν
1553 1555 1663 1610 τῶν
1705 1558 1904 1611 Φωτειο

343 1647 543 1700 νιανῶν
603 1647 818 1716 αἵρεσιν
865 1647 1172 1717 ἀναθέματι
1237 1647 1552 1704 ὑποϐάλλει.
1601 1651 1664 1702 Οί
1701 1649 1757 1704 δὲ
1795 1651 1904 1705 ἀπὸ

340 1741 609 1795 Φωτεινοῦ
657 1740 815 1810 ἔσχον
853 1739 954 1810 τὴν
983 1741 1175 1810 κλῆσιν
1226 1743 1289 1796 ἐκ
1322 1743 1549 1814 Σιρμίου
1598 1743 1695 1812 μὲν
1723 1745 1904 1814 ὁρμω-

345 1834 534 1902 μένου,
568 1833 792 1886 κάκεῖσε
819 1833 1291 1902 ὲπισκοπήσαντος
1314 1877 1332 1903 ,
1361 1837 1428 1888 τά
1459 1836 1598 1889 αὑτὰ
1625 1836 1681 1889 δὲ
1709 1835 1903 1903 Παύλῳ

342 1925 424 1989 τῷ
478 1925 786 1996 Σαμοσατεῖ
834 1926 1241 1996 φρονήσαντος,
1277 1927 1372 1978 καὶ
1413 1927 1556 1998 μήτε
1604 1926 1704 1996 τὴν
1742 1928 1904 1995 ἁγίαν

343 2020 554 2091 Τριάδα
589 2018 1002 2088 ὁμολογοῦντος,
1039 2019 1134 2073 καὶ
1167 2018 1392 2088 Πνεῦμα
1424 2019 1582 2089 μόνον
1605 2021 1907 2091 ὀνομάζον·-

342 2130 440 2177 τος
494 2113 586 2166 τὸν
619 2113 752 2166 Θεὸν
806 2113 1145 2183 δημιουργὸν
1199 2113 1476 2189 ἁπάντων,
1526 2114 1616 2166 τὸν
1643 2113 1699 2165 δὲ
1735 2114 1906 2180 Λόγον

344 2204 687 2276 προφορικδν
735 2203 1077 2272 φρονοῦντος,
1131 2204 1228 2258 καὶ
1281 2204 1422 2258 θεῖόν
1470 2223 1522 2259 τι
1559 2207 1905 2277 πρόσταγμα.

343 2297 734 2368 ὑπουργοῦντα
766 2295 844 2366 τῷ
880 2293 998 2367 Θεῷ
1032 2297 1112 2358 είς
1150 2297 1250 2366 τὴν
1275 2297 1611 2370 παραγωγὴν
1639 2297 1732 2350 τοῦ
1776 2315 1908 2352 παν-

342 2390 462 2454 τὸς,
491 2388 568 2453 ὡς
597 2389 826 2459 δργανόν
849 2405 902 2442 τι
934 2386 1230 2458 μηχανικόν
1254 2405 1268 2420 ·
1291 2387 1384 2440 τὸν
1411 2389 1468 2442 δὲ
1496 2389 1729 2458 Χριστὸν
1757 2388 1910 2458 ψιλὸν

347 2481 720 2552 κηρύττοντος
744 2480 1056 2551 ἄνθρωπον,
1089 2479 1182 2533 τὸν
1210 2479 1304 2533 τοῦ
1333 2479 1470 2533 Θεοῦ
1489 2480 1676 2547 ’Λόγον
1723 2481 1910 2548 ὑποδεε.

350 2572 611 2642 ξάμενον,
640 2572 739 2641 οὑχ
759 2572 835 2647 ὡς
857 2568 1111 2638 οὑσιώδη,
1143 2569 1256 2622 ἀλλ’
1290 2569 1364 2632 ὡς
1400 2569 1732 2640 προφορικὸν
1756 2609 1770 2634 ,
1819 2569 1913 2622 καὶ

351 2663 463 2715 άπὸ
501 2663 722 2733 Μαρίας
770 2661 870 2731 τὴν
918 2659 1092 2732 ἀρχὴν
1144 2659 1426 2729 εἰληφέναι
1475 2663 1573 2731 τῆς
1631 2660 1914 2730 ὑπάρξεως

352 2754 527 2810 αὑτὸν
553 2753 999 2823 δογματίζοντος.
1038 2753 1146 2807 Καὶ
1171 2751 1306 2808 ἄλλα
1334 2752 1389 2805 δὲ
1421 2752 1642 2806 πλείονα
1671 2753 1699 2805 ό
1739 2753 1916 2823 Σαμο-

351 2847 558 2910 σατεὺς
581 2845 841 2916 ὲληρώδει
862 2845 1098 2908 Παῦλος,
1127 2845 1184 2900 ὃν
1206 2845 1453 2898 καθεῖλεν
1478 2846 1510 2914 ή
1538 2845 1596 2896 ὲν
1620 2845 1918 2914 ’Δντιοχεία

351 2940 603 3004 σύνοδος.
637 2939 763 3002 Τοῖς
807 2937 1016 3002 λοιποῖς
1060 2939 1154 2991 καὶ
1201 2938 1300 3008 τὴν
1355 2937 1449 2991 τοῦ
1513 2935 1916 3006 Ἀπολλιναρίου

349 3031 663 3102 ἀναθέματι
691 3029 1149 3098 συγκαταδικάζει
1177 3030 1410 3101 αἵρεσιν.
1474 3029 1532 3084 ’0
1565 3029 1622 3084 δὲ
1668 3028 1920 3083 Ἀπὸλλι-

1933 1791 1972 1848 Β

1996 1111 2178 1162 ιιὶομιιε
2231 1123 2354 1162 eum
2409 1107 2698 1176 aliquando
2731 1116 2790 1160 ut
2818 1107 3030 1160 Patrem
3084 1107 3419 1174 apparuisse,
3452 1103 3554 1156 ali-

1996 1199 2209 1265 quando
2243 1209 2299 1252 ut
2343 1196 2560 1261 Filium,
2613 1197 2900 1266 aliquando
2943 1205 3120 1250 autem
3171 1206 3230 1250 ut
3275 1195 3536 1262 Spiritum

2001 1301 2247 1348 sanctum
2281 1289 2744 1353 transformatum,
2773 1297 2826 1344 et
2846 1289 2978 1342 alias
3011 1289 3166 1341 aliter
3191 1288 3553 1354 transfigura-

2004 1398 2133 1439 tum.
2165 1382 2277 1454 86
2301 1381 2562 1436 Similiter
2601 1392 2778 1437 autem
2803 1379 3124 1446 anathemati
3161 1377 3374 1442 subiicit
3392 1380 3554 1432 etiam

2003 1473 2460 1528 Marcellianorum
2515 1471 2785 1536 breresim,
2824 1487 2942 1540 qua:
3001 1485 3029 1523 a
3080 1467 3332 1523 Marcello
3386 1469 3557 1520 luere-

2003 1565 2219 1626 sjarcba
2249 1565 2566 1634 appellatur,
2597 1566 2687 1632 qui
2724 1577 2786 1617 ex
2838 1546 3046 1633 Ancyra
3091 1561 3305 1634 quidem
3341 1558 3564 1615 Galatizc

2005 1659 2136 1711 urbe
2187 1665 2337 1711 ortus
2391 1664 2492 1718 est,
2527 1653 2874 1722 ejusdemque
2914 1654 3197 1721 episcopus
3230 1651 3331 1704 fuit
3364 1665 3378 1703 :
3423 1649 3564 1704 idem

2005 1761 2180 1805 autem
2221 1749 2358 1818 quod
2416 1747 2682 1804 Sabellius
2708 1749 2997 1801 sentiebat.
3047 1745 3150 1802 Sed
3202 1754 3256 1797 ct
3287 1742 3570 1797 Phntinia-

2005 1859 2194 1898 norum
2242 1841 2487 1897 haeresim
2540 1839 2868 1894 anathemati
2924 1837 3162 1907 subjicit.
3235 1835 3270 1889 li
3337 1850 3463 1887 vero
3501 1847 3566 1887 ex

2003 1937 2242 1992 Photino
2283 1933 2773 1990 denominationem
2841 1929 3097 1994 habuere,
3144 1929 3232 1998 qui
3261 1943 3324 1982 ex
3369 1925 3568 1980 Sirmio

2006 2032 2220 2100 quidem
2246 2027 2507 2083 oriundus
2542 2025 2650 2079 illic
2679 2024 3042 2100 episcopatum
3086 2020 3272 2091 gessit,
3303 2020 3353 2072 in
3377 2017 3564 2071 eadem

2006 2095 2182 2174 autem
2233 2129 2337 2183 qua
2373 2112 2570 2166 Paulus
2602 2095 2986 2165 Santusatenus
3028 2108 3279 2178 opinione
3311 2106 3442 2160 fuit:
3511 2115 3566 2159 et

2011 2223 2182 2278 neque
2210 2216 2450 2260 sanctam
2477 2205 2791 2258 Trinitatem
2821 2201 3196 2272 conﬁtebatur,
3228 2209 3282 2254 et
3310 2200 3570 2267 Spiritum

2009 2301 2180 2356 solum
2224 2299 2530 2354 nominabat
2564 2297 2726 2350 Deum
2758 2295 2995 2350 omnium
3025 2293 3292 2364 opificem,
3344 2291 3572 2346 Verbum

2009 2401 2186 2447 autem
2225 2389 2553 2461 prolatitium
2587 2401 2706 2442 esse
2752 2385 3042 2448 sentiebat,
3089 2393 3144 2438 et
3188 2383 3426 2438 divinum
3476 2382 3578 2436 ali-

2011 2483 2151 2552 quod
2198 2481 2504 2551 imperium,
2555 2479 2660 2533 Deo
2691 2465 3020 2533 deserviens
3060 2476 3124 2529 ad
3169 2475 3403 2529 universi
3451 2489 3580 2541 pro-

2013 2576 2340 2639 ductionem,
2400 2579 2655 2641 tanquam
2707 2568 3078 2624 mechanicum
3127 2566 3337 2637 aliquod
3379 2567 3581 2619 instrn-

2014 2677 2291 2725 mentum:
2339 2665 2611 2720 Christum
2643 2671 2822 2715 autem
2859 2662 3059 2714 nudum
3091 2657 3360 2712 hominem
3390 2654 3584 2724 praedi-

2014 2762 2188 2823 cabat,
2211 2757 2302 2829 qui
2322 2756 2414 2812 Dei
2441 2755 2666 2810 Verbum
2701 2760 3030 2822 susceperat,
3057 2764 3162 2804 non
3197 2755 3253 2800 ut
3275 2746 3582 2812 essentiale,

2015 2853 2108 2907 sed
2159 2860 2217 2904 ut
2270 2846 2632 2919 prolatitium,
2692 2853 2746 2897 et
2799 2857 2827 2894 a
2889 2839 3052 2894 Maria
3103 2837 3427 2894 exsisteutiae
3475 2850 3586 2888 sua:

2017 2942 2339 3014 principium
2391 2938 2600 3012 cepisse
2653 2950 2774 2992 eum
2835 2931 3184 2988 decernebat.
3272 2929 3336 2991 Et
3392 2927 3587 2982 multas

2021 3036 2158 3091 alias
2199 3031 2462 3104 ejusmodi
2507 3028 2738 3098 ineptias
2766 3026 2964 3082 Paulus
2997 3024 3380 3079 Samosatenus
3407 3020 3587 3092 profe-

350 3125 543 3197 νάριος
582 3124 683 3192 τῆς
728 3124 787 3176 ὲν
824 3121 1086 3193 Ἀσσυρίᾳ
1132 3122 1450 3186 Λαοδικείας
1497 3121 1792 3186 ἐπίσκοπος
1847 3116 1915 3194 ἦν

2024 3128 2200 3191 rebat,
2256 3139 2411 3194 quem
2446 3121 2690 3190 deposuit
2738 3119 3072 3174 Antiochena
3114 3116 3367 3187 synodus.
3453 3112 3585 3168 Cum

351 3219 486 3288 περὶ
543 3216 642 3288 τὴν
690 3217 1004 3286 οἰκονομίαν
1049 3215 1296 3286 φανερῶς
1339 3214 1690 3284 βλασφημῶν.
1723 3213 1916 3283 Ἔλεγε

353 3311 464 3380 γὰρ
502 3311 597 3363 τὸν
639 3308 769 3361 Υίδν
805 3309 896 3361 τοῦ
943 3307 1078 3360 Θεοῦ
1113 3307 1272 3374 σῶμα
1316 3307 1414 3376 μὲν
1445 3307 1686 3379 ἔμψυχον
1719 3308 1782 3360 ἐκ
1818 3307 1920 3377 τῆς

352 3403 520 3471 ἁγίας
550 3400 816 3454 Θεοτόκου
848 3399 1164 3462 ἀναλαϐεῖν,
1198 3399 1359 3454 ἄνουν
1383 3400 1438 3452 δὲ
1459 3437 1474 3461 ,
1503 3400 1578 3462 ὡς
1599 3400 1699 3468 τῆς
1730 3398 1919 3469 θεότη-

353 3514 449 3560 τος
511 3495 794 3567 άρκούσης
850 3494 970 3546 ἀντὶ
1020 3493 1158 3557 νοὸς,
1229 3495 1326 3547 καὶ
1369 3493 1562 3559 ἄλογον
1608 3493 1796 3562 ὥσπερ
1824 3492 1922 3562 τὴν

352 3588 538 3660 ψυχὴν
590 3586 689 3641 τοῦ
747 3586 954 3657 Κυρίου
1012 3585 1230 3658 ἐφρόνει
1259 3604 1272 3618 ·
1303 3586 1391 3638 καὶ
1440 3584 1611 3647 οὑτως
1657 3586 1752 3638 καὶ
1799 3584 1918 3638 οὑδὲ

359 3681 570 3740 τέλειον
599 3679 893 3750 ἄνθρωπον
923 3678 1092 3734 αὑτὸν
1130 3677 1286 3748 ἔλεγε
1307 3717 1322 3743 ,
1361 3679 1456 3733 καὶ
1487 3677 1616 3748 μίαν
1642 3676 1801 3748 φύσιν
1832 3675 1926 3729 ἐπὶ

361 3774 459 3826 τοῦ
485 3771 742 3840 Σωτῆρος
771 3769 1067 3826 ἐδίδασκεν.

2021 3219 2237 3286 reliquis
2266 3226 2466 3277 autem,
2497 3211 2804 3280 Apollinarii
2837 3223 3049 3279 quoque
3076 3207 3321 3264 haeresim
3347 3206 3572 3257 anathe-

2020 3317 2159 3364 mate
2212 3305 2554 3361 condemnat.
2631 3300 2987 3368 Apollinarins
3020 3307 3222 3359 autem,
3280 3295 3577 3362 Lamiicezv,

2021 3415 2140 3469 quae
2170 3408 2253 3452 est
2271 3400 2331 3472 [in
2357 3397 2598 3466 Assyria.
2635 3405 2752 3448 erat
2777 3393 3087 3459 episcopus,
3133 3403 3185 3440 et
3215 3389 3280 3441 de
3312 3386 3401 3440 Dei
3445 3401 3592 3438 mcu-

2023 3491 2439 3557 uomia.aperte
2499 3481 2922 3552 blasphemabat.
3010 3479 3230 3533 Dicebat
3275 3477 3440 3539 enim,
3502 3473 3592 3527 Dei

2025 3583 2216 3638 Filium
2245 3595 2441 3648 corpus
2465 3576 2680 3645 quidem
2720 3574 3012 3626 animatum
3046 3557 3110 3624 ex
3145 3579 3325 3624 sancta
3363 3565 3588 3634 Deipara

2029 3675 2322 3738 accepisse,
2355 3671 2445 3725 sed
2476 3669 2668 3738 mentis
2696 3675 2995 3736 expertem,
3040 3679 3163 3717 cum
3192 3660 3432 3716 videlicet
3460 3657 3598 3710 divi-

2032 3767 2174 3821 nitas
2205 3780 2300 3838 pro
2349 3773 2525 3817 tuente
2563 3759 2852 3824 subiceret,
2900 3767 2954 3812 et
2990 3751 3366 3818 .irralionalcm
3395 3759 3454 3804 ut
3486 3765 3602 3802 am-

374 3881 518 3920 mam
545 3862 758 3922 Domini
813 3864 1112 3916 sentiebat:
1193 3873 1248 3916 et
1296 3876 1373 3916 Slc
1451 3875 1552 3917 nec
1595 3875 1717 3915 eum
1777 3875 1896 3915 esse
1941 3859 2242 3929 perfectum
2299 3855 2568 3911 hominem
2617 3853 2850 3918 dicebat,
2903 3860 2956 3904 et
3006 3863 3168 3902 uuam
3216 3845 3268 3899 iu
3317 3843 3604 3898 Servatore

385 3965 632 4018 naturam
655 3972 778 4012 esse
809 3957 1056 4009 docebat.

461 4044 684 4104 ZONAP.
735 4049 895 4102 Κατὰ
951 4048 1291 4103 Μακεδονίου
1350 4047 1443 4102 καὶ
1504 4046 1613 4100 τῶν
1662 4043 1931 4116 ὁμοδόξων

389 4138 576 4210 ἐκείνῳ
599 4141 630 4210 ἠ
658 4139 888 4210 δευτέρα
916 4142 1133 4204 σύνοδος
1165 4140 1595 4210 συγκεκρότηται
1636 4137 1841 4206 κτίσμα
1871 4134 1934 4187 τὸ

383 4233 536 4298 ἅγιον
585 4233 814 4301 Πνεῦμα
859 4230 1296 4300 δογματιζόντων
1347 4229 1440 4283 καὶ
1494 4230 1556 4282 οὑ
1601 4228 1773 4289 Θεὸν,
1825 4223 1936 4278 οὐδ’

379 4324 667 4393 ὁμοούσιον
701 4326 903 4392 Πατρὶ,
931 4324 1024 4378 καὶ
1055 4324 1188 4392 Υίῷ,
1221 4324 1314 4386 οὓς
1347 4325 1375 4376 ὁ
1395 4322 1586 4394 παρὼν
1621 4319 1801 4374 κανὼν
1837 4318 1934 4370 Ἦ·-

2107 4036 2362 4096 ZONAB.
2416 4034 2618 4090 Contra
2662 4028 3028 4084 Macedouinm
3074 4023 3296 4092 ejusque
3346 4021 3599 4081 asserlas,

2035 4131 2124 4201 qui
2174 4127 2428 4196 Spiritum
2461 4133 2704 4178 sanctum
2733 4129 3033 4172 creaturam
3081 4129 3216 4176 esse,
3271 4128 3372 4164 non
3405 4110 3593 4172 Deum,

2038 4218 2374 4278 asserebant,
2412 4225 2462 4267 et
2516 4211 2656 4266 Patri
2703 4226 2764 4263 ac
2795 4208 2928 4262 Filio
2958 4201 3467 4259 consubstantialem
3514 4215 3608 4250 tw—

2040 4315 2257 4385 gahant,
2299 4310 2533 4380 synodus
2563 4306 2674 4358 haec
2700 4300 2927 4356 secunda
2962 4298 3222 4351 celebrata
3260 4294 3377 4346 fuit.
3458 4292 3605 4355 Quns

379 4415 661 4486 μιαρείους
688 4415 865 4478 καλεῖ,
901 4413 974 4474 ὡς
1018 4414 1157 4464 κατὰ
1181 4413 1240 4463 τὸ
1281 4412 1454 4480 ἥμισυ
1491 4411 1813 4481 μετέχοντας
1839 4408 1922 4476 τῆς

2041 4407 2277 4478 quidem,
2326 4398 2576 4468 eo'quod
2631 4397 2854 4450 alterum
2895 4393 3157 4445 hmrescos
3203 4387 3411 4440 Arianat
3445 4393 3607 4451 caput

2167 4498 2179 4506 ·
2413 4504 2420 4506 -
2542 4489 2573 4506 ί·
2673 4486 3387 4506 hin—hu;unum“.
3473 4476 3602 4506 Mn...

375 4507 486 4561 τῶν
538 4505 842 4577 Ἀρειανῶν
889 4505 1175 4575 αἱρέσεως.
1222 4504 1286 4557 Οἱ
1323 4505 1419 4573 μὲν
1446 4504 1554 4572 γάρ
1582 4503 1674 4557 τὸν
1712 4502 1838 4555 Υἰὸν
1878 4521 1938 4559 τε

375 4599 475 4653 καὶ
503 4598 567 4651 τὺ
594 4599 824 4667 Πνεῦμα
860 4595 1174 4663 έτεροούσια
1220 4595 1300 4662 τῷ
1335 4595 1509 4664 [lat-pi.
1540 4596 1633 4647 καὶ
1665 4595 1939 4665 κτίσματα

375 4687 746 4758 ἑδογμάτιζον
773 4705 787 4719 ·
821 4689 870 4742 οί
922 4687 980 4741 δὲ
1019 4686 1466 4756 Πνευματομάχοι
1518 4685 1648 4757 περὶ
1689 4686 1789 4756 μὲν
1844 4686 1940 4739 τοῦ

375 4785 516 4839 Υἱοῦ
544 4784 713 4851 ὑγιῶς
745 4782 1033 4850 ἐφρόνουν,
1066 4780 1127 4831 τὸ
1158 4779 1214 4831 δὲ
1245 4777 1399 4847 ἅγιον
1452 4777 1676 4846 Πνεῦμα
1729 4778 1944 4832 κτιστδν

379 4877 482 4928 καὶ
523 4874 812 4943 ἀλλότριον
864 4872 965 4940 τῆς
1014 4869 1267 4940 θεότητος
1328 4867 1733 4936 ἐϐλασφήμουν.
1786 4868 1945 4920 Ἐκα-

378 4965 580 5020 λοῦντο
631 4965 688 5017 δὲ
744 4963 1058 5033 Ἢμιάρειοι
1110 4962 1204 5013 καὶ
1248 4960 1442 5021 οἵτινες
1486 4959 1689 5027 κτίσμα
1722 4959 1818 5028 μὲν
1853 4957 1946 5011 καὶ

385 5058 546 5112 αὑτοὶ
605 5056 695 5109 τδν
755 5056 881 5108 Υἱὸν
935 5056 1027 5107 καὶ
1079 5053 1138 5104 τὸ
1190 5049 1413 5119 Πνεῦμα
1465 5050 1688 5117 ἔλεγον,
1747 5051 1948 5119 ἐπῆγον

380 5148 442 5202 δὲ
476 5148 558 5200 ὅτι
597 5149 706 5217 υὺχ
751 5146 956 5215 ὁμοίως
1007 5146 1118 5204 τοῖς
1159 5143 1364 5204 λοιποῖς
1401 5141 1662 5209 κτίσμασι
1699 5140 1948 5209 γενέσθαι

384 5238 698 5309 φρονοῦμεν
759 5237 982 5300 αὐτοὺς,
1043 5235 1230 5305 ἕτερον
1283 5232 1343 5286 δέ
1397 5250 1520 5284 τινα
1571 5232 1805 5302 τρόπον’
1857 5232 1949 5283 καὶ

381 5329 550 5384 τοῦτό
580 5345 778 5398 φαμεν,
795 5327 882 5380 ἵνα
917 5325 991 5395 μὴ
1020 5323 1191 5386 πάθος
1215 5321 1293 5393 τῷ
1319 5323 1493 5391 Πατρὶ
1520 5321 1610 5375 διὰ
1631 5319 1728 5388 τῆς
1756 5320 1952 5387 γεννή-

390 5438 536 5483 σεως
571 5417 982 5489 προσάπτεσθαι
1007 5413 1259 5484 νομισθῇ,
1290 5415 1338 5467 οἳ
1367 5413 1463 5482 οὐχ
1513 5408 1800 5480 ὁμοούσιον
1829 5408 1950 5478 μὲν,

386 5514 706 5582 ὀμοιούσιον
730 5513 789 5566 δὲ
819 5511 898 5580 τῷ
944 5512 1120 5581 Παιτρῖ⁵
1164 5511 1255 5563 τὸν
1307 5508 1478 5573 Λόγον
1513 5505 1608 5558 καὶ
1637 5506 1697 5556 τὸ
1730 5501 1954 5570 Πνεῦμα

388 5606 768 5680 ἓδογμάτιζον.
809 5605 1091 5672 Ἐκύρωσε
1126 5603 1184 5655 δὲ
1213 5605 1245 5673 ὴ
1276 5601 1506 5671 δευτέρα
1552 5599 1766 5660 σύνοδος
1815 5596 1952 5667 αὕτη

393 5705 488 5759 διὰ
515 5703 611 5755 τοῦ
644 5701 909 5768 παρόντος
945 5698 1166 5758 κανόνος
1210 5695 1303 5748 καὶ
1333 5696 1430 5763 τὴν
1471 5693 1530 5744 ὲν
1575 5689 1775 5759 Νικαίᾳ⁴
1802 5689 1953 5756 παρὰ

394 5797 511 5850 τῶν
537 5795 712 5862 ἁγίων
748 5791 1005 5861 Πατέρων
1031 5786 1398 5859 κηρυχθείσαν
1433 5780 1712 5853 ὀρθόδοξον
1751 5779 1955 5843 πίστιν,

2041 4476 2513 4566 amplecterentur,
2541 4488 2909 4544 Semiarianos
2934 4486 3018 4538 hic
3044 4498 3217 4538 canon
3238 4492 3418 4535 vocat.
3471 4476 3603 4530 Nam

2043 4605 2164 4644 cum
2188 4586 2368 4642 Ariani
2390 4583 2580 4637 Filium
2607 4594 2840 4649 quoque,
2875 4592 2997 4630 cum
3033 4585 3221 4630 Sancto
3245 4572 3445 4638 Spiritu
3475 4570 3612 4623 inter

2045 4691 2255 4737 creatas
2289 4694 2372 4732 res
2402 4683 2774 4734 mnuerarent,
2823 4685 2886 4723 ac
2925 4669 3189 4720 diversam
3223 4682 3252 4720 ιι
3276 4664 3451 4719 Patris
3482 4663 3612 4716 sul:-

2043 4772 2241 4836 stantia
2293 4778 2535 4834 naturam
2586 4767 2800 4843 utrique
2847 4762 3176 4818 tribuerent:
3221 4754 3609 4817 Macedoniani,

2045 4866 2112 4920 de
2140 4865 2275 4918 Filio
2305 4862 2434 4916 nihil
2461 4858 2660 4928 opinati
2693 4870 2867 4911 secus.
2904 4864 3146 4907 sanctum
3171 4849 3428 4918 Spiritum
3457 4863 3612 4901 crea-

2047 4967 2246 5018 turam,
2293 4963 2344 5007 et
2375 4968 2402 5004 a
2445 4950 2720 5004 divinitate
2765 4947 2998 5001 alienum
3045 4943 3206 5011 impie
3254 4940 3611 4996 afﬁrmabant.

2046 5048 2171 5102 Fuit
2203 5045 2347 5098 aliud
2377 5056 2592 5110 quoque
2621 5025 3077 5094 Semiarianorum
3123 5048 3312 5104 genus,
3364 5033 3456 5102 qui
3484 5045 3604 5085 cum

2050 5151 2333 5204 utramque
2378 5119 2522 5198 Filii,
2581 5131 2919 5202 Spiritusque
2984 5141 3268 5196 personam
3331 5125 3470 5177 inter
3522 5137 3610 5174 res

2049 5237 2261 5285 creatas
2290 5243 2398 5281 non
2436 5227 2622 5282 eodem
2667 5233 2838 5278 tamen
2888 5223 3069 5286 modo,
3117 5217 3209 5274 sed
3243 5217 3349 5270 alio
3378 5215 3609 5285 quodam

2052 5332 2105 5375 et
2149 5337 2176 5373 a
2232 5317 2453 5388 reliquis
2498 5317 2711 5371 diverso
2753 5313 3014 5384 genitam,
3077 5309 3485 5367 constituerent,
3546 5318 3610 5356 eo

2053 5422 2283 5475 tantum,
2341 5425 2407 5463 ne
2465 5409 2517 5462 iu
2564 5408 2743 5472 Patre,
2799 5415 3076 5474 propterea
3123 5401 3260 5468 quod
3313 5397 3608 5470 genuisset.

2055 5503 2320 5574 passionis
2375 5501 2571 5569 aliquid
2627 5501 2910 5553 admittere
2971 5502 3321 5563 cogerentur;
3396 5491 3609 5543 easdem

2055 5593 2237 5656 Verbi,
2290 5607 2352 5654 ac
2378 5593 2543 5645 sancai
2576 5592 2805 5656 Spiritus
2833 5601 3110 5658 personas,
3151 5599 3254 5635 non
3303 5581 3444 5634 Patri
3479 5596 3612 5632 ιτοιι-

2059 5685 2456 5744 substantiales.
2506 5683 2596 5737 scd
2644 5692 2846 5734 tantum
2895 5675 3207 5732 substantiae
3256 5671 3449 5725 similis
3492 5687 3612 5723 esse

2057 5775 2388 5830 assert-bant.
2440 5774 2566 5841 Qum
2608 5773 2767 5842 igitur
2793 5771 2860 5826 ad
2891 5768 3080 5826 orthod
3102 5780 3241 5819 nam
3301 5764 3455 5816 ﬁdem
3485 5777 3595 5834 spe-
