4072 6380
397 3455 404 3462 1
476 3401 656 3455 liuisse
709 3408 1079 3464 ruuteudcret.

485 347 594 408 315

1741 351 2020 411 THEOD.
2057 351 2463 414 BALSAMON

3601 350 3708 415 316
3773 435 3778 442 ἢ

484 462 686 514 ctantia
708 463 757 513 in
783 461 989 516 Nicena
1021 466 1226 534 synodo
1257 482 1284 518 a
1309 468 1508 520 sanetis
1529 467 1781 522 PatribUs
1809 469 2045 538 promul-

2152 471 2248 523 καὶ
2321 473 2502 524 πᾶσαν
2565 472 2774 541 αἵρεσιν
2833 470 3126 526 ἐθέσπισεν
3183 471 3708 543 ἁναθεματίζεσθαι,

486 563 604 619 gata
640 566 784 619 sunt,
830 569 892 608 ea
929 556 1100 619 primo
1148 571 1258 610 rata
1311 559 1566 630 tirmaque
1599 561 1804 630 haberi,
1858 563 2051 618 deinde

485 661 676 701 niiines
729 648 1101 702 haereticorum
1143 666 1360 706 errores
1411 655 1738 710 anathemati
1779 655 2051 726 subjectos

485 755 623 800 esse.
673 742 940 813 prmcipue
971 759 1094 798 vero
1125 743 1603 811 Eun‘omianorum,
1655 749 1889 819 synodus
1938 751 2050 804 haec

484 839 717 891 secunda
750 853 844 906 per
875 852 1190 908 prmsentem
1245 858 1503 897 canonem
1543 847 1797 900 decrevit.
1871 847 2050 899 Euno.

485 931 623 983 mitts
673 946 852 995 porro,
914 933 963 984 iu
1020 934 1227 988 Galatia
1279 937 1453 997 natus,
1511 937 1758 1007 Cyziceni
1812 940 2046 1008 episcopi

485 1035 674 1072 nomen
717 1021 968 1087 obtinuit,
1017 1040 1077 1076 ac
1123 1025 1307 1078 iisdem
1355 1030 1550 1093 quibus
1596 1031 1773 1094 Arius,
1823 1031 1947 1096 quin
1997 1041 2049 1087 et

484 1111 743 1174 pluribus,
773 1126 822 1164 et
863 1115 1198 1177 gravioribus
1238 1118 1401 1171 multo
1434 1122 1711 1175 erroribus
1745 1125 2044 1180 tenebatur.

484 1199 674 1253 Filium
725 1204 940 1272 quippe,
1005 1207 1339 1274 mutabilem,
1391 1220 1442 1263 et
1497 1227 1731 1278 servum,
1783 1224 1838 1268 et
1891 1217 2050 1270 rebus

481 1295 731 1348 omnibus
791 1296 930 1350 Patri
987 1299 1298 1354 dissimilem
1374 1304 1763 1369 constituebat;
1851 1307 2049 1376 quique

481 1383 718 1436 animum
753 1387 818 1437 ad
849 1387 1015 1455 ipsius
1055 1391 1333 1455 opiniones
1363 1393 1710 1458 appulissent,
1757 1410 1858 1448 eos
1891 1396 2047 1451 elatis

481 1476 533 1524 in
563 1475 791 1529 sublime
822 1480 1065 1546 pedibus,
1123 1483 1295 1550 rapite
1339 1483 1390 1535 in
1422 1499 1616 1552 aquam
1651 1487 1904 1548 demisso.
1952 1490 2048 1542 de-

482 1567 753 1619 mersione
811 1583 914 1622 una
972 1581 1288 1635 contentus,
1354 1575 1740 1644 rebaptizabat.
1848 1579 2046 1637 Futura

482 1657 764 1722 supplicia,
791 1659 1153 1730 gehennaeque
1190 1665 1509 1730 cruciatum,
1552 1670 1682 1722 nihil
1715 1669 1854 1726 alivd
1885 1689 2046 1743 quam

482 1747 692 1802 fabulas
721 1750 787 1804 ad
825 1762 1083 1807 terrorem
1117 1755 1388 1812 hominum
1423 1763 1753 1830 excogitatas
1783 1779 1902 1820 esse
1945 1783 2046 1820 nu-

480 1841 724 1903 gahatur.
807 1841 867 1895 lli
901 1843 1197 1900 Eudoxiani
1250 1866 1460 1919 quoque
1515 1853 1581 1906 ab
1633 1855 1895 1919 Eudoxio,
1955 1859 2044 1926 qui

479 1933 665 1986 eadem
698 1951 800 2004 qtta
833 1936 1125 1994 Ennomius
1159 1943 1346 1997 hmresi
1378 1939 1626 2011 infectus,
1663 1948 2045 2005 Constantino-

477 2024 611 2091 poli,
645 2041 764 2078 cum
809 2039 952 2083 esset
1007 2033 1311 2103 episcopus,
1372 2037 1689 2094 Eunomium
1752 2043 2047 2098 antistitem

476 2113 757 2184 Cyzicena:
786 2121 901 2175 urbi
924 2125 1259 2194 praefecerat,
1282 2127 1549 2198 appellati.
1588 2131 1770 2198 Iidem,
1805 2143 1960 2203 propt
1995 2150 2050 2187 r-

476 2223 537 2256 ea
597 2210 738 2276 quod
793 2212 927 2266 Filio
972 2229 1034 2269 ac
1090 2217 1348 2288 Spiritui,
1429 2233 1666 2289 spectata
1738 2227 2050 2281 substantia:

477 2303 707 2366 ratione,
747 2304 876 2358 nihil
910 2323 1031 2361 cum
1072 2308 1230 2365 Patre
1263 2313 1438 2366 simile
1471 2317 1802 2373 intercedere
1831 2321 2047 2384 vellent,

475 2392 724 2448 Anotnoei
762 2395 836 2462 (id
865 2407 949 2451 est
978 2399 1285 2471 dissimiles)
1317 2407 1634 2473 uuncupati.
1702 2406 1863 2462 Juhet
1889 2413 2047 2463 etiam

477 2485 921 2540 anathematizari
953 2490 1312 2551 Sabellianos.
1359 2497 1448 2564 qni
1493 2514 1519 2548 a
1551 2497 1786 2551 Sabellio
1818 2504 2048 2567 quodam

477 2575 674 2644 Lybico
708 2594 900 2632 nomen
933 2597 1206 2650 accepere.
1295 2587 1340 2640 ls
1374 2587 1732 2654 Ptulemaidis,
1776 2608 1892 2659 quae
1924 2595 2051 2647 urbs

476 2665 529 2717 in
572 2666 844 2737 Pentapoli
902 2671 1018 2735 fuit,
1071 2676 1375 2746 episcopus,
1425 2683 1768 2737 concri-tione
1821 2673 2049 2750 quadam

475 2756 898 2828 confusioneque
955 2769 1289 2835 excogitata,
1354 2783 1460 2826 tres
1518 2773 1834 2844 hypostascs
1893 2779 2051 2834 unius

473 2853 719 2905 essentne
748 2867 810 2908 ac
837 2855 1133 2913 divinitatis
1169 2860 1218 2914 in
1263 2877 1421 2916 unam
1453 2880 1737 2933 personam
1764 2873 2053 2940 conjunge-

474 2940 564 2993 bat
598 2958 661 2997 ac
701 2947 1109 3013 commiscebat,
1159 2967 1222 3006 ac
1257 2971 1414 3010 unam
1455 2957 1508 3013 in
1539 2957 1827 3028 Trinitate,
1882 2964 2051 3018 tribus

473 3033 599 3087 licet
661 3037 867 3090 variam
931 3043 1277 3108 nominibus,
1353 3063 1632 3116 personam
1698 3057 2047 3116 agnoscebat.

2153 565 2445 634 ἐξαιρέτως
2493 565 2551 619 δὲ
2599 566 2708 618 τῶν
2767 564 3140 634 Εὐνομιανῶν.
3180 563 3243 618 Ὀ
3303 564 3361 618 δέ
3420 566 3708 634 Εὐνόμιος,

2149 660 2398 730 Γαλάτης
2446 659 2544 727 ὢν,
2587 659 2826 724 Κυζίκου
2879 658 3174 720 ἐπίσκοπος
3231 654 3592 728 ἐχρημάτιζε,
3644 657 3713 711 τὰ

2153 751 2291 804 αὐτὰ
2317 751 2532 821 φρονῶν
2559 750 2634 819 τῷ
2681 751 2898 820 Ἀρείῳ,
2942 749 3140 818 μᾶλλον
3190 748 3374 818 μέντοι
3416 751 3508 800 καὶ
3539 748 3710 800 πλείω

2149 847 2243 895 καὶ
2294 845 2533 912 χείρονα.
2601 841 2847 910 Τρεπτδν
2909 839 3014 909 γὰρ
3072 839 3164 892 καὶ
3220 838 3404 890 δοῦλον
3445 838 3711 890 καὶκατὰ

2151 935 2328 988 πάντα
2358 935 2610 1002 ἀνόμοιον
2649 934 2727 1002 τῷ
2784 933 2957 1003 Πατρὶ
3011 932 3100 986 τὸν
3131 932 3259 984 Υἱὸν
3303 931 3659 999 ἐδογμάτιζεν
3691 975 3706 995 ,

2148 1027 2205 1087 ὃς
2233 1026 2478 1087 καὶτοὺς
2504 1029 2570 1095 τῇ
2614 1025 2738 1096 δόξῃ
2781 1025 2944 1077 αὑτοῦ
3008 1023 3466 1091 προστιθεμένους
3511 1023 3711 1076 ἀνεϐά-

2149 1115 2344 1179 πτιζες
2395 1115 2549 1168 Κατὰ
2591 1116 2830 1183 κεφαλῆς
2863 1115 3057 1176 αὐτοὺς
3100 1114 3425 1176 καταδύων,
3459 1112 3556 1166 καὶ
3599 1112 3711 1165 ἅνω

2153 1207 2404 1277 στρέφων
2445 1207 2569 1270 τοὺς
2616 1206 2778 1269 πόδας
2834 1205 3033 1269 αὐτῶν,
3091 1206 3185 1257 καὶ
3237 1205 3366 1273 μίαν
3417 1204 3712 1257 κατάδυσιν

2151 1299 2429 1368 βαπτίζων
2465 1299 2657 1351 ἐποίει.
2686 1299 2793 1350 Καὶ
2814 1297 2913 1366 τὴν
2931 1297 3149 1350 κόλασιν
3181 1295 3235 1348 δέ
3270 1296 3368 1364 τὴν
3409 1295 3710 1364 μέλλουσαν

2149 1390 2242 1442 καὶ
2270 1390 2370 1458 τὴν
2403 1389 2630 1456 γέενναν
2661 1388 2923 1458 ἐφλυάρει
2956 1382 3032 1457 μή
3061 1387 3275 1458 ἀληθῶς
3318 1382 3478 1450 εἶναι,
3517 1387 3585 1438 δι’
3617 1388 3714 1438 ἐκ-

2149 1480 2376 1548 φόὸησιν
2431 1480 2486 1532 δὲ
2535 1480 2702 1549 μόνην
2755 1479 3133 1549 ἀπειληθῆναι.
3204 1477 3519 1530 Ἐκαλοῦντο
3561 1477 3618 1530 δὲ
3663 1479 3713 1530 οἱ

2151 1573 2304 1626 αὐτοὶ
2339 1573 2432 1625 καὶ
2466 1573 2784 1638 Εὐδοξιανοὶ
2819 1572 2924 1624 ἀπδ
2969 1572 3221 1636 Εὐδοξίου
3269 1561 3412 1635 τινὸς
3458 1589 3714 1642 συναιρε-
3783 1649 3791 1655 _

2151 1666 2347 1719 σιώτου
2383 1665 2458 1735 τῷ
2492 1665 2764 1735 Εὐνομίῳ,
2795 1666 2853 1728 ὃς
2885 1665 3515 1728 Κωνσταντινουπόλεως
3553 1683 3714 1733 γεγο-

2150 1757 2256 1820 νὼς
2324 1757 2621 1818 ἐπίσκοπος
2671 1757 2761 1809 τὸν
2827 1757 3090 1825 Εὐνόμιον
3146 1757 3386 1821 Κυζίκου
3448 1758 3711 1828 ἀρχιερέα

2151 1850 2503 1914 κατέστησεν.
2539 1848 2600 1900 Οἳ
2641 1847 2737 1901 καὶ
2789 1849 3055 1915 Ἀνόμοιοι
3109 1848 3473 1916 ὠνομάζοντο,
3525 1849 3610 1902 διὰ
3651 1851 3712 1903 τδ

2149 1939 2329 2004 λέγειν
2361 1939 2449 1989 τὸν
2484 1937 2612 1988 Υἱδν
2671 1938 2761 1989 καὶ
2809 1937 2868 1988 τὸ
2921 1937 3142 2004 Πνεῦμα
3176 1937 3443 2005 μηδεμίαν
3464 1939 3711 2005 ὁμοιότη-

2148 2046 2215 2081 τα
2246 2027 2366 2081 κατ’
2397 2028 2585 2080 οὐσίαν
2614 2028 2755 2097 ἔχειν
2789 2029 2919 2098 apo;
2953 2028 3042 2079 τὸν
3075 2029 3309 2096 Πατέρα.
3349 2027 3706 2096 Ἀναθεματί-

2149 2120 2336 2184 ζεσθαι
2379 2120 2436 2172 δέ
2485 2117 2731 2183 θεσπίζει
2772 2120 2866 2172 καὶ
2902 2119 3024 2180 τοὺς
3061 2119 3466 2182 Σαδελλιανοῦς,
3512 2120 3708 2183 οἵτινες

2148 2213 2254 2266 ἀπὸ
2285 2211 2574 2265 Σαϐελλίου
2604 2209 2698 2264 τοῦ
2724 2211 2923 2274 Λίϐυος
2945 2211 3356 2280 ὠνομάσθησαν
3382 2252 3396 2274 ,
3427 2212 3480 2270 ὃ,
3513 2213 3708 2265 Πτολε-

2154 2302 2342 2371 μαΐδος
2374 2301 2473 2370 τῆς
2516 2302 2902 2363 Πενταπόλεως
2951 2302 3249 2364 ἐπίσκοπος
3298 2304 3510 2370 γέγονε,
3559 2319 3714 2358 συνα-

2149 2393 2340 2463 λοιφὴν
2379 2392 2724 2461 δογματίζων
2768 2391 2864 2444 καὶ
2921 2392 3205 2460 σύγχυσιν,
3249 2393 3348 2455 τὰς
3394 2396 3541 2462 τρεῖς
3581 2395 3714 2447 ὑπο-

2153 2486 2371 2548 στάσεις
2401 2488 2500 2554 τῆς
2541 2487 2669 2554 μιᾶς
2713 2485 2900 2547 οὐσίας
2934 2487 3026 2537 καὶ
3055 2486 3306 2555 θεότητος
3337 2489 3415 2548 εἰς
3440 2486 3498 2538 ἓν
3541 2488 3715 2557 πρόσ-

2150 2595 2297 2631 ωπον
2358 2579 2632 2648 συναιρῶν
2691 2581 2786 2630 καὶ
2847 2579 3110 2647 συγχέων,
3150 2580 3242 2632 καὶ
3291 2578 3350 2631 ἓν
3396 2579 3714 2648 πρεσϐεύων

2149 2673 2241 2724 ἐπὶ
2290 2672 2388 2739 τῆς
2439 2673 2667 2742 Τριάδος
2711 2671 3016 2742 τριῶνυμον
3067 2672 3383 2739 πρόσωπον,
3421 2672 3594 2738 λέγων
3622 2673 3713 2724 τὶν

2149 2763 2311 2816 αὑτὸν
2359 2761 2488 2816 ποτὲ
2523 2763 2620 2832 μὲν
2666 2762 2740 2825 ὡς
2798 2763 3014 2833 Πατέρα
3049 2763 3303 2833 φανῆναι,
3371 2765 3497 2814 ποτέ
3541 2764 3596 2815 δὲ
3637 2765 3711 2825 ὡς

2149 2856 2298 2921 Υίὺν,
2350 2856 2481 2909 ποτὲ
2524 2855 2578 2909 δέ
2620 2855 2695 2918 ὡς
2738 2854 2962 2923 Πνεῦμα
2993 2856 3147 2922 ᾶγιον
3195 2856 3714 2925 μεταμορφούμενον

2150 2948 2247 2999 καὶ
2275 2944 2467 3000 ἄλλοτε
2503 2946 2678 3009 ἄλλως
2717 2946 3354 3016 μετασχηματιζόμενον.
3398 2948 3620 3015 Ὀμοίωε
3654 2947 3710 2999 δὲ

2151 3039 2255 3091 ὑπὸ
2291 3038 2537 3108 ἀνάθεμα
2593 3039 2772 3104 τίθησι
2820 3039 2914 3092 καὶ
2965 3038 3064 3108 τὴν
3119 3039 3226 3090 τῶν
3279 3037 3712 3109 Μαρκελλιανῶν

471 3124 607 3176 Cum
633 3143 814 3191 lllillllt,
840 3131 949 3199 87
981 3131 1229 3203 idemque
1250 3153 1468 3207 numen,
1493 3157 1634 3198 nunc
1656 3143 1831 3201 Patris
1849 3151 2045 3216 specie,

2152 3131 2388 3201 αἵρεσιν,
2414 3131 2535 3200 ἥτις
2569 3131 2676 3183 ἀπὸ
2710 3130 3030 3200 Μαρκέλλου
3056 3131 3410 3199 αἱρεσιὰρχου
3441 3130 3709 3190 καλεῖται,

474 3233 618 3271 nunc
665 3218 808 3284 Filii,
865 3242 1004 3280 nunc
1054 3231 1225 3283 sancti
1275 3233 1528 3301 Spiritus,
1577 3236 1718 3290 idem
1765 3240 1868 3294 alio
1914 3241 2048 3296 alias

474 3307 657 3361 habitu
701 3322 987 3378 mutatum,
1043 3334 1162 3373 sese
1212 3325 1531 3380 mortaltbus
1563 3327 1849 3384 videndum
1898 3334 2050 3386 exhi-

1174 3412 1334 3478 inde,
1391 3418 1898 3487 Marcellianorum,
1961 3428 2045 3481 cui

475 3505 667 3542 nomen
691 3490 972 3550 Marcellus
1000 3497 1358 3556 hmresiarcha
1389 3507 1556 3570 dedit,
1589 3508 1810 3564 breresis‘
1836 3529 2048 3584 quoque

472 3582 746 3638 damnata.
841 3587 940 3641 Hic
995 3607 1058 3644 ex
1115 3592 1346 3666 Ancyra,
1421 3599 1645 3656 Galatia:
1697 3605 1826 3658 urhe
1875 3619 2045 3672 ortus,

471 3674 712 3740 ejusdem
755 3689 934 3746 postea
991 3685 1301 3752 episcopus,
1363 3700 1416 3744 et
1467 3694 1681 3760 quidem
1739 3696 2044 3755 Sabelliana

451 3779 624 3841 .peSIe
679 3771 912 3828 inlectus
962 3775 1082 3833 fuit.
1165 3779 1400 3848 Eodem,
1452 3783 1756 3842 Photiniani
1813 3805 2051 3861 quoque,

475 3858 690 3928 (nomen
743 3866 807 3920 iis
861 3882 887 3919 a
948 3866 1180 3925 Photino
1230 3876 1468 3945 auctore)
1526 3879 1744 3935 decreto
1794 3858 2043 3952 jugulati.

473 3951 644 4005 Porro
697 3953 959 4011 Photinus
1007 3971 1159 4016 ortus
1211 3980 1240 4017 e
1298 3964 1522 4029 Sirmio,
1573 3985 1693 4023 mox
1748 3971 1800 4026 in
1859 3973 2046 4028 eadem

473 4045 611 4096 urbe
663 4045 1006 4113 episcopatus
1056 4041 1614 4122 honoreperfuttctus
1642 4070 1745 4115 est.
1819 4060 1923 4116 Sed
1958 4063 2049 4118 iis-

474 4139 594 4187 dem
646 4138 840 4204 quibus
884 4139 1079 4195 Paulus
1122 4141 1508 4203 Samosatenus
1542 4153 1819 4206 erroribus
1851 4153 2049 4222 depra-

474 4241 652 4291 wtus,
708 4247 882 4300 neque
915 4244 1158 4288 sanctam
1201 4237 1521 4294 Trinitatem
1567 4244 1908 4310 admittebat,
1955 4261 2046 4301 so-

474 4325 692 4390 lamque
738 4340 834 4392 pro
891 4325 1017 4391 Deo,
1066 4344 1245 4383 rerqu
1278 4333 1516 4384 omnium
1545 4337 1822 4390 conditore
1851 4353 1914 4391 ac
1949 4355 2044 4405 pa-

479 4424 650 4478 rente,
683 4414 937 4484 Spiritum
971 4423 1320 4488 agnoscebat;
1379 4423 1613 4480 Verbum
1643 4432 1894 4496 quiddam
1926 4447 2046 4486 esse

477 4507 739 4566 prolatum
760 4512 1116 4577 extrinsecus,
1153 4517 1396 4570 videlicet
1421 4519 1592 4584 ipsum
1625 4520 1818 4574 divina:
1847 4525 2040 4579 mentis

478 4597 782 4664 imperium,
827 4601 924 4669 ipsi
961 4601 1068 4657 Deo
1095 4606 1159 4657 ad
1193 4621 1370 4658 rerum
1413 4608 1738 4664 molitionem
1772 4611 2037 4669 fabrilium

477 4691 959 4746 instrumentorum
994 4711 1143 4750 more
1173 4699 1508 4763 deserviens,
1562 4704 1904 4771 opinabatur.
1985 4706 2038 4761 ln

476 4782 691 4836 Christo
723 4786 876 4851 nihil,
897 4797 1088 4854 praeter
1128 4790 1329 4844 nmium
1364 4792 1658 4857 hominem,
1681 4799 2038 4864 agnoscebat;

479 4877 574 4939 i'ti,
619 4878 707 4932 Dei
744 4878 994 4945 Verbum,
1037 4897 1137 4935 non
1167 4884 1461 4937 essentiale
1493 4885 1732 4954 quidem,
1786 4888 1876 4941 sed
1913 4890 2038 4942 illud

389 4965 400 4973 ’
477 4971 736 5038 prolatqu
783 4978 1156 5028 tantummodo
1213 4977 1504 5044 insedisse,
1555 4995 1726 5047 neque
1771 4981 2041 5036 Christum

477 5082 504 5118 a
531 5053 616 5118 i'ud
646 5067 726 5120 sui
765 5066 994 5133 initium,
1047 5085 1206 5137 quam
1257 5084 1283 5122 a
1333 5070 1498 5125 Maria
1534 5082 1757 5138 parente
1790 5075 2042 5130 habuisse

477 5159 846 5211 asseverabat.
923 5158 1062 5224 lia-c,
1099 5170 1152 5214 et
1174 5161 1276 5215 alia
1313 5163 1484 5230 plura,
1541 5165 1927 5219 Samosatenus
1958 5167 2044 5221 ille

479 5245 673 5299 Paulus
717 5246 1015 5310 eﬂ'utiebat,
1066 5265 1221 5317 quem
1262 5251 1599 5321 depositione
1650 5255 1882 5323 synodus
1931 5255 2040 5305 An-

476 5338 722 5393 tiochena
762 5340 1027 5395 multavit.
1084 5338 1282 5395 Eadem
1337 5352 1625 5410 postremo,
1674 5357 1790 5410 quae
1838 5345 1888 5396 in
1935 5359 2038 5397 cae-

475 5440 638 5490 tei-os,
701 5431 751 5483 in
787 5421 1197 5498 Apollinaristas
1237 5446 1449 5501 quoque
1479 5432 1839 5486 anathematis
1875 5449 2033 5503 ptena

472 5522 786 5575 constituta.
842 5521 1356 5585 FuitApollinarins
1388 5519 1726 5585 Laodicenaa,
1754 5522 1871 5590 ejus
1919 5539 2034 5587 utne

474 5609 524 5659 in
559 5613 711 5683 Syria
755 5623 857 5677 est,
907 5612 1053 5665 urbis
1097 5613 1398 5678 episcopus,
1451 5611 1539 5680 qui
1569 5613 1632 5665 de
1663 5627 1816 5666 sacro
1846 5613 2035 5667 divina:

2148 3223 2208 3286 ὃς
2245 3221 2306 3287 ἐξ
2345 3223 2618 3293 Ἀγκύρας
2664 3224 2761 3292 μὲν
2808 3223 3037 3292 ὥρμητο
3085 3224 3183 3289 τῆς
3228 3223 3554 3290 Γαλατικῆς,
3617 3223 3711 3273 καὶ

2148 3319 2322 3388 αὐτῆς
2368 3318 2673 3378 ἐπίσκοπος
2703 3319 2930 3385 γέγονεν
2952 3358 2965 3380 ,
3001 3316 3197 3384 ἐπίσης
3235 3315 3292 3367 δὲ
3325 3316 3401 3383 τῷ
3433 3316 3711 3386 Σαόελλίῳ

2150 3411 2413 3475 ἐδόξαζεν.
2459 3411 2618 3462 Ἀλλὰ
2661 3410 2754 3462 καὶ
2787 3409 2887 3478 τὴν
2932 3409 3039 3462 τῶν
3084 3409 3456 3461 Φωτεινιανῶν
3497 3409 3709 3478 αἵρεσιν

2148 3504 2453 3573 ἀναθέματι
2507 3503 2815 3556 ὑποϐάλλει.
2873 3503 2936 3554 Oi
2996 3502 3052 3554 δὲ
3081 3501 3188 3554 ἀπὸ
3235 3501 3505 3554 Φωτεινοῦ
3551 3503 3710 3569 ἔσχον

2146 3596 2244 3664 τὴν
2284 3592 2521 3664 κλῆσιν,
2562 3596 2624 3646 ἐκ
2667 3593 2894 3663 Σιρμίου
2934 3591 3032 3661 μὲν
3063 3592 3422 3661 ὁρμωμένου,
3481 3595 3703 3645 κάκεῖσε

2147 3689 2638 3757 ἐπισκοπήσαντος,
2665 3687 2734 3738 τὰ
2768 3685 2909 3738 αὐτὰ
2939 3683 2996 3737 δὲ
3033 3683 3233 3753 Παύλῳ
3271 3683 3349 3752 τῷ
3405 3684 3708 3751 Σαξιοσατεῖ

2148 3779 2540 3847 φρονήσαντος,
2570 3777 2664 3830 καὶ
2689 3776 2823 3846 μήτε
2847 3775 2944 3844 τὴν
2969 3774 3130 3842 ἁγίαν
3161 3773 3365 3845 Τριάδα
3385 3773 3709 3843 ὁμολογοῦν-

2145 3888 2256 3932 τος,
2289 3873 2384 3923 καὶ
2416 3870 2640 3938 Πνεῦμα
2683 3871 2840 3939 μόνον
2892 3867 3250 3937 ὀνομάζοντος
3303 3869 3394 3921 τὸν
3436 3868 3570 3921 Θεὸν
3617 3869 3713 3940 δη-

2150 3963 2412 4034 μιουργὸν
2455 3962 2710 4016 ἁπάντων
2758 3961 2847 4012 τὸν
2891 3961 2946 4013 δέ
2988 3959 3160 4027 Λόγον
3209 3959 3543 4030 προφορικδν
3587 3979 3712 4030 φρο-

2145 4055 2384 4116 νοῦντος,
2427 4055 2520 4107 καὶ
2565 4055 2708 4107 θεῖόν
2745 4071 2799 4106 τι
2849 4052 3178 4122 πρόσταγμα
3221 4052 3598 4122 ὑπουργοῦντα
3631 4054 3709 4123 τῷ

2146 4146 2264 4215 Θεῷ
2296 4147 2375 4209 εἰς
2404 4144 2501 4216 τὴν
2534 4144 2875 4214 παραγωγὴν
2901 4143 2996 4195 τοῦ
3029 4143 3227 4205 παντὸς
3250 4181 3264 4205 ,
3293 4143 3368 4205 ὼς
3393 4144 3623 4214 ὄργανόν
3655 4162 3707 4199 τί

2151 4235 2472 4307 μηχανικόν.
2511 4236 2614 4288 Τὸν
2644 4235 2700 4288 δέ
2731 4235 2967 4305 Χριστὸν
3009 4234 3162 4302 ψιλὸν
3203 4233 3568 4304 κηρύττοντος
3609 4236 3705 4289 ἄνα

2150 4329 2368 4399 θρωπον
2407 4327 2500 4380 τὸν
2529 4326 2622 4378 τοῦ
2656 4326 2791 4379 Θεοῦ
2827 4327 2997 4391 Λόγον
3038 4326 3437 4396 ὑποδεξάμενον
3460 4366 3476 4391 ,
3505 4328 3602 4396 οὐχ
3631 4328 3706 4390 ὡς

2149 4418 2402 4488 οὑσιώδη,
2437 4418 2554 4470 ἀλλ’
2582 4417 2657 4481 ὡς
2696 4403 3053 4486 προφοςικὸν,
3090 4416 3184 4470 καὶ
3218 4417 3324 4471 ἀπὸ
3362 4418 3580 4488 Μαρίας
3609 4419 3711 4488 τὴν

2149 4510 2325 4579 ἀρχὴν
2367 4509 2648 4578 εἰληφέναι
2693 4509 2792 4576 τῆς
2839 4507 3130 4578 ὑπάρξεως
3165 4509 3326 4562 αὑτὸν
3355 4509 3703 4579 δογματίζον.

2146 4618 2258 4662 τος.
2315 4601 2423 4654 Καὶ
2481 4601 2616 4652 ἄλλα
2666 4599 2721 4652 δὲ
2777 4601 2945 4652 πλείω
2989 4603 3016 4652 ὁ
3051 4601 3396 4669 Σαμοσατεὺς
3447 4601 3700 4671 ἐληρὼδεε

2147 4692 2378 4756 Παῦλος,
2417 4692 2475 4744 ὃν
2519 4692 2770 4744 καθεῖλεν
2799 4694 2830 4760 ἡ
2864 4695 2922 4744 ἐν
2967 4693 3267 4764 Ἀντιοχείᾳ
3301 4694 3532 4752 σύνοδος.
3582 4695 3704 4756 Τοῖς

2148 4785 2359 4845 λοιποῖς
2413 4785 2469 4838 δὲ
2526 4787 2617 4836 καὶ
2673 4783 2770 4852 τὴν
2816 4785 2908 4837 τοῦ
2963 4787 3371 4855 ’Λπολλιναρίου
3406 4788 3710 4856 ἀναθέματι

2150 4875 2608 4941 συγκαταδικάζει
2649 4875 2883 4944 αἵρεσιν,
2937 4875 2993 4929 '0
3039 4877 3095 4928 δὲ
3149 4878 3558 4948 Ἀπολλινάριος
3608 4880 3709 4948 τῆς

2143 4971 2199 5021 ἐν
2230 4970 2396 5040 Συρίᾳ
2430 4970 2751 5031 Λαοδικείας
2784 4971 3083 5030 ἐπίσκοπος
3115 4965 3181 5040 ἦν
3223 4971 3351 5040 περὶ
3379 4973 3476 5038 τὴν
3498 4973 3705 5024 οἰκονο-

2145 5064 2272 5130 μίαν
2305 5060 2558 5130 φανερῶς
2588 5059 2942 5131 βλασφημῶν.
2978 5064 3170 5130 Ἔλεγε
3201 5063 3308 5132 γὰρ
3333 5067 3421 5115 τὸν
3461 5065 3587 5117 Υἰὸν
3610 5066 3702 5119 τοῦ

2139 5153 2273 5204 Θεοῦ
2311 5152 2470 5220 σῶμα
2522 5151 2621 5222 μὲν
2677 5153 2920 5223 ἔμψυχον
2969 5157 3032 5206 ἐκ
3081 5156 3180 5224 τῆς
3225 5155 3388 5219 ἁγίας
3439 5158 3702 5211 Θεοτόκου

2138 5242 2449 5306 ἀναλαϐεῖν,
2484 5245 2643 5298 ἄνουν
2681 5245 2738 5297 δὲ
2762 5246 2838 5307 ὡς
2867 5245 2964 5313 τῆς
2993 5245 3242 5313 θεότητος
3270 5248 3547 5318 ἀρκούσης
3580 5248 3699 5301 ἀντὶ

2143 5339 2284 5398 νοὸς.
2345 5337 2438 5390 καὶ
2485 5337 2678 5404 ἄλογον
2728 5319 2916 5406 ὥσπερ
2975 5338 3071 5410 τὴν
3122 5339 3297 5408 ψυχὴν
3341 5341 3434 5392 τοῦ
3495 5339 3696 5410 Κυρίου

2143 5429 2380 5498 ἐφρόνει.
2432 5429 2541 5481 Καὶ
2583 5428 2752 5492 οὕτως
2809 5428 2928 5481 οὐδὲ
2978 5430 3181 5482 τέλειον
3216 5432 3502 5502 ἄνθρωπον
3540 5433 3699 5485 αὐτὸν

2142 5521 2337 5586 ἐλεγε,
2403 5522 2498 5573 καὶ
2574 5520 2700 5592 μίαν
2763 5521 2924 5590 φύσιν
2976 5522 3068 5574 ἐπὶ
3133 5523 3227 5575 τοῦ
3285 5524 3535 5595 Σωτῆρος
3588 5523 3699 5576 ἐδί-

2141 5611 2360 5664 δασκεν.

476 5702 864 5760 lttcnrnalionis
892 5706 1144 5775 mysterio
1189 5705 1474 5759 manifesto
1510 5706 1851 5774 blasphemus
1893 5701 2009 5759 fuit.
2049 5703 2324 5773 Simtidem
2356 5703 2548 5758 Filium
2592 5705 2707 5767 Dei.
2778 5719 2972 5774 corpus
3025 5706 3237 5776 quidem
3303 5707 3480 5759 auium
3541 5709 3700 5768 inlor.

480 5807 678 5848 matum
705 5813 766 5849 et
793 5807 991 5851 sant-he
1018 5798 1255 5866 Deipat‘m
1279 5797 1575 5854 visceribus
1607 5798 1705 5853 sibi
1735 5799 2043 5868 adjunxisse
2074 5797 2365 5866 fatebatur,
2434 5811 2614 5850 verum
2639 5796 2833 5851 mentis
2889 5808 2942 5853 ct
2969 5799 3188 5852 rationis
3217 5808 3512 5867 expertem,
3543 5807 3697 5871 quasi
