4072 6386
466 312 573 375 319

1710 325 1807 383 ΤΠ
1824 325 1983 387 ΕΟΙ).
2021 328 2419 388 BALSAMON

3585 338 3689 399 320

466 423 696 477 mireris.
748 422 1010 493 Bulgaria:
1044 426 1185 479 enim
1232 430 1699 501 archiepiscopum
1738 434 2022 488 honoravit

2125 437 2396 505 εὑρίσκεις
2451 438 2524 503 ὡς
2578 439 2674 510 τὴν
2730 442 3090 511 Βουλγαρίας,
3138 443 3238 512 τὴν
3288 442 3534 514 Κύπρου,
3589 451 3688 513 τὴν

466 529 553 567 rex
582 512 939 570 Justiniauus.
977 517 1039 571 Et
1066 519 1181 588 lege
1215 520 1307 573 151
1347 522 1465 592 ejus
1501 524 1788 592 Novellam,
1821 543 1938 596 qua:
1969 530 2021 581 in

466 604 675 658 Basilie.
717 607 807 661 lib.
852 625 900 669 ν,
941 609 1024 663 tit.
1064 611 1119 672 5,
1153 626 1271 677 cap.
1309 614 1358 677 1,
1397 617 1568 684 posita
1606 618 1671 669 ad
1707 618 2025 686 interpreta-

465 695 661 749 tionem
693 697 747 764 5,
774 714 895 767 cap.
931 702 1089 769 primi
1126 703 1205 757 tit.
1238 708 1517 773 praesentis
1542 706 1731 776 Operis
1764 729 1776 763 :
1816 714 2023 767 archie-

464 784 738 852 piscopum
776 788 935 857 Cypri
975 790 1260 845 honoravit
1312 798 1462 847 tertia
1499 798 1753 865 synodus.
1798 799 1863 853 Et
1909 800 2023 871 lege

463 873 698 942 ejusdem
724 893 846 949 syn.
872 896 991 937 can.
1022 883 1053 937 8
1083 893 1133 937 et
1165 884 1286 937 can.
1314 886 1382 941 39
1405 902 1523 958 syn.
1555 890 1607 944 6.
1635 889 1816 945 Iberia:
1844 903 2020 946 autem

464 969 773 1035 episcopum
796 971 1079 1026 honoravit
1102 976 1447 1032 Antiochense
1472 980 1662 1049 synodi
1683 982 2018 1049 dijudicatio.

466 1059 670 1112 Dicitur
709 1062 852 1117 enim
886 1066 1028 1130 quod
1072 1073 1309 1134 tempore
1343 1071 1667 1126 sanctissimi
1702 1075 2021 1141 patriarchae

463 1150 658 1205 divina:
708 1154 943 1207 civitatis
992 1152 1198 1226 magna;
1234 1157 1560 1229 Antiochiae,
1601 1165 1801 1218 domini
1852 1165 2018 1233 Petri,

464 1243 561 1296 fuit
593 1246 849 1314 synodica
891 1248 1186 1314 ordinatio,
1224 1268 1328 1318 qua
1363 1264 1623 1308 statutum
1672 1266 1754 1311 est
1798 1259 2018 1313 liberam

462 1347 581 1387 esse
603 1349 668 1388 ac
698 1335 1067 1403 principalem,
1093 1350 1146 1394 et
1173 1357 1264 1408 per
1294 1357 1351 1396 se
1375 1353 1551 1411 caput.
1591 1348 1875 1401 ecclesiam
1906 1350 2021 1403 lbe-

464 1422 576 1485 riaz,
620 1425 713 1478 sed
744 1432 924 1480 tamen
958 1437 1085 1483 tunc
1120 1431 1455 1489 Antiocbeuo
1493 1437 1811 1504 patriarcha:
1839 1440 2021 1511 subje-

462 1521 622 1566 ctam.
662 1513 780 1568 Jam
813 1531 941 1571 vero
967 1529 1020 1573 et
1049 1521 1228 1574 Sicilia
1261 1526 1420 1578 certis
1458 1526 1654 1581 abhinc
1689 1529 1845 1582 anuis
1872 1533 2021 1589 urbis

461 1601 1066 1674 Constantinopolitanm
1124 1611 1318 1666 throno
1379 1615 1660 1685 subjecta,
1720 1623 2019 1688 tyrannicis

462 1694 711 1755 manibus
753 1696 821 1751 ab
851 1710 913 1750 ea
947 1699 1131 1754 avulsa
1176 1711 1257 1757 est
1301 1719 1317 1757 :
1351 1718 1577 1775 eamque
1618 1708 1684 1761 ad
1729 1709 1821 1778 jus
1861 1726 2015 1767 suum

460 1784 752 1853 pristinum
794 1789 969 1843 redire
999 1793 1180 1861 cupio.
1214 1796 1416 1851 auxilio
1448 1798 1641 1853 divinae
1668 1802 2015 1868 gubernantis
2046 1785 2093 1846 Β

462 1873 630 1927 nostri
690 1876 1064 1945 imperatoris,
1127 1892 1376 1952 tanquam
1431 1901 1549 1955 qua:
1600 1888 1652 1943 in
1706 1893 2021 1947 servitutem

462 1962 692 2017 abducta
726 1964 856 2031 ﬁlia,
895 1969 961 2022 ad
1008 1970 1231 2024 liberam
1268 1986 1488 2029 matrem
1522 1988 1839 2034 revertatur.
1873 1980 2022 2048 Quod

462 2051 620 2108 liceat
645 2057 857 2125 quidem
890 2074 957 2114 ex
990 2065 1303 2120 oeconomiae
1335 2067 1563 2133 ratione,
1605 2069 1736 2125 alias
1763 2074 2022 2131 ecclesias

460 2159 580 2209 quae
619 2160 648 2198 a
679 2148 971 2215 gentilibus
1002 2163 1353 2221 occupantur,
1388 2158 1507 2211 aliis
1551 2160 1796 2214 ecclesiis
1829 2178 2022 2217 conce-

460 2234 610 2299 dere,
641 2250 706 2289 ex
738 2241 1012 2304 praesenti.
1046 2252 1102 2297 ut
1134 2245 1365 2312 videtur,
1402 2264 1605 2304 canone
1634 2253 1884 2308 traditum
1913 2265 2015 2310 est.

458 2324 576 2379 .lam
624 2329 765 2382 enim
810 2330 1402 2406 Constantinopolitano
1439 2343 1674 2412 synodus
1706 2349 2019 2419 metrOpoli-

465 2429 588 2493 tano
632 2420 972 2480 Nazianzeno
1015 2428 1161 2483 dedit
1197 2434 1479 2487 ecclesiam
1525 2437 1775 2506 Ancyrae,
1815 2449 1866 2494 et
1897 2442 2020 2498 aliis

461 2512 687 2567 diversis
705 2518 1185 2577 antistitibusalias
1197 2523 1459 2593 ejusmodi
1486 2530 1765 2587 ecclesias.
1783 2533 2019 2599 Quibus-

461 2603 585 2655 dam
634 2616 810 2660 autem
848 2610 1007 2663 etiam
1047 2612 1097 2667 id
1148 2614 1319 2683 ipsutn
1357 2633 1675 2675 concessum
1712 2634 1815 2689 est,
1843 2635 1900 2680 ut
1928 2644 2017 2681 se-

462 2692 625 2747 deant
676 2696 726 2749 in
777 2699 891 2769 ipso
945 2703 1139 2759 throno
1193 2710 1401 2763 tradita:
1449 2712 1695 2769 ecclesia:
1749 2716 1802 2770 in
1858 2733 2017 2773 sacro

464 2782 734 2841 tribunali.
1973 2792 1979 2801 ’

2140 530 2397 599 Ἰϐηρίας,
2437 534 2510 601 μὴ
2559 533 2866 604 θαυμάσῃς.
2900 536 3001 587 Τὸν
3037 536 3135 603 μὲν
3184 537 3292 605 γὰρ
3339 536 3690 605 άρχιεπίσκο-

2125 638 2224 674 πον
2252 624 2585 690 Βουλγαρίας
2619 626 2877 693 ἐτίμησεν
2919 629 2945 679 ὁ
3002 626 3254 695 βασιλεὺς
3292 627 3687 689 Ἰουστινιανός.

2124 716 2234 768 Καὶ
2284 717 2553 783 ἀνάγνωθι
2605 720 2700 789 τὴν
2734 718 2848 788 ρλα¹
2874 721 3071 787 νεαρὰν
3118 719 3281 772 αὐτοῦ
3320 720 3580 789 κειμένην
3632 724 3689 773 ἐν

2125 806 2313 875 βιϐλίῳ
2355 807 2462 860 τῶν
2502 809 2805 861 Βασιλικῶν
2852 815 2912 871 ε’,
2961 811 3124 879 τίτλῳ
3153 809 3221 877 γ’,
3254 828 3378 879 κεφ.
3411 809 3479 876 α’,
3509 830 3679 866 κατα-

2124 899 2455 965 στρωθεῖσαν
2506 901 2585 961 είς
2627 902 2725 969 τὴν
2756 901 3052 969 ἑρμηνείαν
3084 902 3177 953 τοῦ
3214 918 3239 952 ε
3300 919 3428 970 κεφ.
3478 903 3575 955 τοῦ
3637 912 3687 958 α’

2120 990 2298 1042 τίτλου
2327 990 2417 1042 τοῦ
2450 992 2715 1059 παρόντος
2748 994 3158 1061 συντάγματος·
3208 994 3298 1047 τὸν
3329 996 3684 1063 ἀρχιεπίσκο-

2123 1098 2224 1131 πον
2276 1081 2499 1149 Κύπρου
2554 1082 2811 1150 ἐτίμησεν
2844 1085 2875 1151 ἡ
2908 1090 2955 1150 γ’
2988 1084 3221 1148 σύνοδος.
3271 1088 3378 1139 Καὶ
3411 1089 3684 1156 ἀνάγνωθι

2120 1172 2218 1237 τῆς
2247 1172 2416 1240 αὐτῆς
2447 1173 2665 1225 συνόδου
2700 1174 2898 1227 κανόνα
2927 1183 2974 1244 η’
3005 1178 3220 1231 καὶτὸν
3253 1176 3329 1230 λθ¹
3357 1180 3557 1232 κανόνα
3585 1182 3684 1247 τῆς

2123 1259 2176 1323 ς’
2209 1263 2448 1317 συνόδου.
2488 1264 2591 1317 Τὸν
2619 1266 2677 1318 δὲ
2723 1265 2962 1337 Ἰϐηρίας
2988 1269 3215 1339 ἐτίμησε
3245 1270 3535 1336 διάγνωσις
3588 1274 3684 1342 τῆς

2120 1353 2176 1403 ἐν
2215 1354 2514 1427 Ἀντιοχείᾳ
2568 1358 2809 1411 συνόδου.
2867 1361 3099 1428 Λέγεται
3153 1362 3262 1429 γὰρ
3314 1363 3394 1415 ὅτι
3444 1366 3533 1416 ἐπὶ
3578 1365 3685 1417 τῶν

2119 1446 2338 1515 ἡμερῶν
2365 1448 2457 1500 τοῦ
2486 1450 2793 1516 ἁγιωτάτου
2830 1453 3168 1521 πατριάρχου
3213 1453 3552 1520 θεουπόὶεως
3587 1474 3685 1526 με-

2118 1539 2289 1609 γάλης
2324 1540 2679 1611 Ἀντιοχείας,
2701 1542 2870 1611 κυροῦ
2904 1544 3129 1614 Πέτρου.
3153 1546 3374 1615 γέγονεν
3404 1549 3686 1617 οἰκονομία

2122 1630 2395 1700 συνοδικὴ,
2445 1630 2737 1701 ἐλευθέραν
2788 1630 2949 1700 εἶναι,
3003 1637 3097 1687 καὶ¹
3150 1637 3539 1704 αὐτοκέφαλον,
3586 1639 3687 1708 τὴν

2120 1721 2415 1791 ἐκκλησίαν
2444 1726 2542 1793 τῆς
2582 1725 2844 1794 Ἰϐηρίας,
2887 1726 3257 1795 ὑποκειμένην
3300 1729 3419 1781 τότε
3469 1729 3548 1799 τῷ
3586 1749 3685 1783 πα·-

2121 1814 2361 1886 τριάρχῃ
2396 1811 2744 1885 Ἀντιοχείας.
2784 1817 2848 1871 Ἢ
2888 1818 3070 1888 μέντοι
3104 1821 3342 1881 Σικελία,
3398 1822 3505 1893 πρδ
3554 1823 3681 1893 χρό-

2120 1920 2226 1956 νων
2254 1905 2539 1973 μετρητῶν
2572 1907 2905 1977 ὑποκειμένη
2934 1908 3013 1972 τῷ
3043 1907 3217 1978 θρόνῳ
3259 1909 3358 1976 τῆς
3395 1911 3685 1961 Κωνσταν-

2119 1996 2512 2060 τινουπόλεως,
2574 1998 2679 2049 ὑπὸ
2731 1999 3069 2066 τυραννικῶν
3124 2000 3319 2068 χειρῶν
3371 2000 3434 2052 ἐκ
3480 2001 3679 2067 ταύτης

2118 2086 2471 2156 ἀπεσπάσθηο
2502 2093 2594 2140 καὶ
2626 2087 2855 2157 εὔχομαι
2890 2090 2974 2141 ἵνα
3010 2092 3100 2142 καὶ
3136 2089 3272 2159 αὕτη
3303 2091 3565 2161 ἐπανέλθῃ
3600 2093 3678 2152 είς

2118 2180 2189 2231 τὰ
2219 2180 2462 2249 πρότερα
2494 2180 2675 2234 δίκαια
2713 2183 2779 2249 τῇ
2813 2181 3098 2251 ἀντιλήψει
3127 2182 3222 2235 τοῦ
3254 2182 3675 2253 θεοκυὸερνήτου

2118 2271 2276 2341 ἡμῶν
2308 2271 2726 2341 αὐτοκράτορος,
2754 2273 2885 2325 ὡσεὶ
2908 2272 3405 2341 αἰχμαλωτισθεῖσα
3437 2274 3681 2344 θυγάτηρ

2121 2362 2257 2432 πρὸς
2320 2362 2612 2432 ἐλευθέραν
2670 2365 2902 2433 μητέρα.
2942 2364 3013 2416 Τδ
3074 2365 3255 2433 μέντοι
3302 2366 3684 2435 προσηνῶσθαι

2121 2452 2261 2506 κατὰ
2291 2453 2450 2519 λόγον
2476 2455 2788 2523 οἰκονομίας
2834 2456 3150 2524 ἐκκλησίαις
3187 2459 3329 2509 τισὶν
3364 2458 3553 2526 ἐτέρας
3590 2459 3685 2509 ἐκ-

2121 2545 2353 2612 κλησίας
2386 2545 2488 2597 ὑπὸ
2520 2545 2686 2597 ἐθνῶν
2722 2549 3093 2616 κατεχομένας
3124 2548 3230 2599 ἀπὸ
3281 2547 3374 2600 τοῦ
3422 2548 3685 2616 παρόντος

2122 2636 2456 2700 κανόνος,ὼς
2483 2637 2680 2699 ἔοικεν,
2710 2639 2989 2697 ἐνδίδοται,
3020 2639 3217 2691 αὐτίκα
3247 2640 3355 2709 γὰρ
3384 2642 3414 2706 ἡ
3446 2643 3501 2690 ὲν
3532 2642 3687 2691 Κων-

2124 2727 2558 2780 σταντινουπόλει
2588 2727 2801 2792 σύνοδος
2825 2730 3019 2781 δέδωκε
3048 2730 3123 2799 τῷ
3156 2731 3522 2801 μητροπολίτῃ
3574 2732 3688 2785 Nar-

2122 2815 2337 2881 ζιανζοῦ
2390 2819 2485 2889 τὴν
2539 2819 2831 2888 ἐκκλησίαν
2880 2821 2978 2890 τῆς
3019 2820 3311 2891 Ἀγκύρας,
3342 2825 3434 2874 καὶ
3478 2823 3685 2890 ἑτέροις

462 2874 775 2951 ἀρχιερεῦσι
830 2885 1107 2958 διαφόροις
1134 2891 1328 2961 ἐτέρας
1373 2897 1627 2963 τοιαύτας
1655 2900 1969 2987 ἐκκλησίρς.
1994 2874 2209 2963 Τισὶϋδὲ
2241 2874 2454 2981 ἐνεδόθη
2511 2914 2602 2965 καὶ
2632 2874 2761 2966 αὐτὸ
2789 2915 2849 2967 τὸ
2904 2874 3171 2984 καθῆσθαι
3193 2874 3295 2979 ἐίς
3338 2915 3429 2968 τὸν
3476 2918 3534 2969 ἐν
3574 2878 3583 2890 ⁸
3612 2914 3687 2984 τῷ

461 2970 602 3042 ἁγίῳ
631 2974 837 3045 βήματι
864 2980 1052 3051 θρόνον
1075 2987 1173 3057 τῆς
1201 2989 1544 3065 ἐπιδοθείσης
1565 2974 1881 3068 ἐκκλησίας.

532 3065 783 3131 ZONAR.
836 3073 907 3129 Ut
939 3078 991 3130 in
1023 3079 1272 3137 ecclesiis
1303 3087 1685 3155 tranquillitas,
1713 3065 2025 3149 concordia-

2197 3096 2440 3150 ΖΩΝΑΡ.
2465 3096 2811 3150 Κατάστασιν
2840 3097 2899 3148 ἐν
2933 3098 3049 3161 ταῖς
3076 3098 3393 3168 ἐκκλησίαις
3418 3099 3505 3153 καὶ
3533 3100 3687 3169 είρή..

461 3171 567 3237 que
612 3161 834 3230 vigeret,
885 3176 937 3220 et
988 3169 1056 3222 ab
1099 3174 1353 3239 apostolis
1409 3178 1612 3244 primo,
1646 3189 1698 3235 et
1745 3197 1774 3236 ε
1821 3185 2021 3239 sanctis

465 3247 713 3311 Patribus
761 3271 866 3309 non
911 3262 1167 3319 mediocri
1209 3268 1406 3332 studio,
1448 3286 1682 3342 curaque
1730 3285 1907 3343 postea
1938 3289 2023 3332 est

462 3339 817 3406 elaboratum.
850 3346 981 3403 Nam
1012 3352 1084 3411 illi
1127 3356 1364 3423 quidem,
1414 3376 1478 3414 ne
1507 3339 1610 3416 cui-
1632 3339 1884 3436 episcopo
1924 3384 2019 3424 sua

467 3440 669 3506 relicta,
702 3444 749 3495 in
778 3445 1001 3503 alterius
1026 3448 1314 3511 parmciam
1344 3450 1544 3507 insilire
1571 3456 1750 3521 liceat,
1780 3458 2022 3515 decimo-

466 3542 659 3597 quarto
706 3549 911 3591 canone
960 3553 1208 3597 sanxere.
1264 3540 1449 3603 Patres
1498 3555 1679 3602 autem
1736 3551 1786 3603 in
1848 3554 2017 3618 prima

467 3622 679 3679 Nicena
710 3630 912 3695 synodo
941 3634 1269 3703 congregati,
1301 3637 1547 3704 antiquas
1580 3646 2018 3711 consuetudines,

468 3712 521 3768 in
552 3715 649 3768 hac
682 3729 831 3784 parte
868 3723 1194 3794 retinendas,
1230 3740 1281 3782 et
1308 3744 1572 3799 quemque
1611 3734 1856 3788 thromtm
1899 3755 2020 3806 pro-

469 3804 677 3861 vincias
705 3810 802 3865 sibi
835 3814 1105 3881 sulijectas
1132 3820 1510 3877 administrare
1533 3834 1684 3879 sexto
1714 3835 1767 3880 et
1796 3832 2023 3896 septimo

467 3910 675 3952 canone
703 3900 1077 3964 decreverunt.
1120 3908 1259 3964 Idem
1293 3913 1377 3966 hic
1410 3932 1622 3984 quoque
1650 3921 1922 3984 statuitur,
1960 3938 2021 3976 ac

469 3989 752 4061 epiSCOpus
790 3997 1011 4061 quilibet
1044 4001 1320 4068 ecclesias,
1354 4016 1499 4058 extra
1538 4009 1813 4063 dioecesim
1845 4028 2019 4079 suam,
2078 4004 2081 4008 ’

474 4079 573 4134 hoc
603 4092 685 4135 est
715 4084 1007 4151 subiectam
1041 4092 1141 4144 sibi
1175 4096 1523 4163 provinciam,
1558 4099 1885 4171 ditionisque
1914 4120 2022 4158 sum

471 4174 731 4227 terminos
762 4178 961 4243 positas
1006 4179 1255 4236 invadere
1301 4186 1485 4255 (verbo
1524 4189 1830 4257 invadendi,
1860 4192 2020 4248 latro-

469 4259 665 4313 cinium
690 4267 1104 4334 quodammodo,
1131 4274 1641 4348 impressionemque
1664 4281 2018 4349 turbulentam

471 4350 765 4418 indicante)
799 4368 852 4409 et
889 4359 1023 4433 alius
1070 4360 1265 4419 limites
1311 4366 1512 4433 ingredi
1548 4372 1881 4437 prohibetur.
1914 4375 2022 4430 Hoc

472 4445 614 4496 enim
648 4445 962 4513 intelligitur
992 4466 1084 4518 per
1119 4455 1425 4522 episeopum
1463 4460 1600 4512 ultra
1649 4462 1920 4518 dimcesim
1954 4467 2017 4519 ad
2058 4449 2098 4502 ί)

471 4550 681 4589 sacram
718 4540 951 4606 aliquam
981 4542 1305 4598 I'uuctionem
1336 4552 1689 4603 exercendam
1721 4569 1828 4606 non
1860 4570 2022 4609 voca-

476 4636 608 4688 tum,
635 4628 725 4681 sed
752 4631 1117 4698 adhortatum,
1143 4644 1196 4689 et
1223 4653 1247 4689 a
1277 4637 1515 4704 pluribus
1542 4641 1606 4693 ad
1635 4642 1684 4694 id
1709 4658 2022 4709 persuasum

475 4718 739 4788 episcopis
783 4721 933 4789 juxta
987 4725 1182 4778 dictum
1216 4742 1478 4783 cauonem
1525 4735 1898 4801 apostolicum.
1935 4740 2027 4791 Ec-

472 4809 770 4865 clesiastica
795 4827 969 4868 autem
1001 4818 1263 4886 cujusque
1291 4823 1576 4890 provinciae
1607 4829 1837 4894 negotia,
1867 4831 2023 4883 nimi-

474 4918 587 4955 rum
622 4905 936 4971 eleCtiones,
973 4914 1361 4977 ordinationes,
1407 4925 1460 4967 et
1495 4918 1558 4969 de
1602 4920 2027 4973 excommunica-

474 4992 723 5058 tionibus,
758 4998 961 5062 multis,
1003 5000 1229 5069 aliisque
1256 5001 1513 5068 ejusmodi
1542 5009 2024 5062 controversiarum

471 5084 770 5141 decisiones
800 5071 1381 5160 synodi'provincialis
1421 5099 1743 5151 auctoritate
1789 5101 2024 5153 admini-

472 5177 633 5232 strari
665 5188 718 5234 et
757 5182 1007 5236 constitui
1046 5185 1238 5252 placet.
1272 5183 1399 5251 Quae
1438 5202 1562 5241 vero
1594 5189 1735 5243 inter
1761 5190 2027 5245 Bat'haras

472 5281 659 5337 gentes
709 5269 966 5327 Ecclesia:
1018 5275 1247 5329 ﬁdelium
1304 5278 1552 5333 excitatae
1608 5280 1845 5347 fuerunt,
1901 5298 2024 5335 cum

474 5363 749 5428 pauciores
771 5362 911 5420 forte
927 5366 1202 5436 episcopos
1224 5370 1503 5434 haberent,
1528 5387 1685 5441 quam
1709 5373 1798 5439 qui
1823 5375 2026 5443 synodo

476 5454 726 5519 cogenda:
772 5455 903 5509 satis
952 5471 1071 5511 esse
1118 5471 1373 5526 possent,
1427 5472 1513 5514 aut
1572 5462 1615 5516 si
1662 5463 1781 5531 quis
1830 5464 2022 5516 ibidem

477 5547 682 5601 dicendi
716 5548 966 5604 facultate
1011 5562 1308 5620 praestaret,
1356 5570 1474 5608 eum
1514 5556 1579 5606 ad
1628 5570 1795 5609 novos
1827 5556 2028 5609 Christi

480 5633 676 5688 milites
714 5638 1126 5703 conﬁrmandos,
1176 5651 1335 5708 atque
1368 5642 1418 5692 iu
1464 5642 1735 5708 proposito
1772 5642 1890 5696 ﬁdei
1938 5659 2028 5694 su-

488 5733 666 5793 scepto
686 5725 1050 5793 stabiliendos,
1074 5731 1125 5784 in
1147 5732 1371 5786 alienam
1397 5733 1714 5801 quandoque
1739 5732 2024 5799 parmciam

2122 3204 2220 3257 νην
2250 3188 2628 3243 πολιτεύεσθαι
2663 3189 2747 3240 διὰ
2780 3189 2977 3259 πολλῆς
3010 3191 3289 3261 φροντίδος
3338 3193 3431 3246 καὶ
3457 3193 3506 3244 oi
3538 3194 3685 3259 ἆγιοι

2122 3278 2406 3331 ἀπόστολοι
2459 3280 2553 3332 καὶ
2602 3282 2647 3332 oi
2696 3280 2828 3333 θεῖοι
2877 3281 3117 3350 Πατὲρες
3165 3283 3458 3352 μετέπειτα
3497 3285 3685 3352 ἐποιή-

2124 3387 2303 3423 σαντο.
2340 3371 2403 3422 Οί
2434 3369 2533 3435 μὲν
2568 3374 2674 3439 γὰρ
2704 3371 2989 3424 ἀπόστολοι
3019 3375 3075 3423 ἐν
3104 3375 3684 3447 τεσσαρεσκαιδεκάτη)

2122 3464 2303 3515 κανόνι
2335 3464 2409 3533 μὴ
2448 3461 2646 3525 ἐξεῖναι
2694 3464 2974 3532 ἐπισκόπῳ
3005 3464 3163 3534 ἑτέρα
3200 3466 3468 3536 ἐπιπηδᾷν
3515 3484 3684 3521 κατα-

2121 3556 2331 3608 λιτόντι
2364 3557 2462 3623 τὴν
2505 3554 2698 3607 ἐαυτοῦ
2740 3555 3066 3621 διετάξαντο.
3101 3558 3161 3607 Ui
3195 3557 3249 3609 δὲ
3283 3560 3340 3609 ἐν
3370 3561 3434 3627 τῇ
3490 3562 3682 3631 πρώτῃ

2123 3647 2322 3716 συνόδῳ
2378 3647 2516 3699 κατὰ
2545 3647 2780 3699 Νίκαιαν
2814 3647 3292 3718 συναθροισθέντες
3338 3650 3576 3719 Πατέρες
3626 3654 3681 3702 ἐν

2120 3739 2263 3809 ἐκτῳ
2294 3739 2386 3792 καὶ
2418 3739 2633 3809 ἐεδόμῳ
2664 3738 2845 3791 κανόνι
2876 3741 2944 3791 τὰ
2967 3741 3169 3809 ἀρχαῖα
3198 3743 3418 3808 κρατεῖν
3452 3742 3555 3809 ῆθη
3590 3744 3679 3795 καὶ

2121 3828 2347 3882 ἕκαστον
2383 3829 2568 3897 θρόνον
2615 3831 2710 3891 τὰς
2741 3826 3047 3895 ἀνηκούσαις
3098 3827 3244 3895 αύτῷ
3280 3828 3542 3895 ἐπαρχίας
3570 3828 3715 3911 διε--

2122 3937 2245 3971 πειν
2275 3919 2729 3990 ἐθεσμοθέτησαν.
2765 3919 2933 3971 Τοῦτο
2963 3920 3018 3970 δὲ
3064 3920 3159 3972 καὶ
3189 3920 3216 3969 ό
3266 3920 3456 3989 παρὼν
3502 3920 3683 3973 κανὼν

2120 4010 2433 4082 διορίζεται,
2495 4012 2587 4063 καὶ
2641 4012 2935 4073 ἐπίσκοπος
2986 4012 3123 4079 ὑπὲρ
3172 4012 3454 4081 διοίκησιν,
3512 4013 3680 4081 ἤγουν

2122 4103 2263 4172 ὑπὲρ
2294 4103 2393 4170 τὴν
2424 4103 2733 4169 ἀνήκουσαν
2778 4101 2924 4170 αὐτῷ
2958 4102 3223 4170 ἐπαρχίαν
3272 4103 3329 4153 ἐν
3357 4103 3476 4163 ταῖς
3511 4103 3678 4169 ὑπερ-

2121 4196 2290 4262 ορίοις
2322 4193 2654 4261 ἐκκλησίαις,
2675 4194 2790 4253 ταῖς
2821 4191 3005 4253 οὗσαις
3034 4190 3235 4261 δηλαδὴ
3270 4193 3410 4262 ὑπὲρ
3433 4194 3496 4245 τὰ
3529 4194 3652 4259 ἀφω

2126 4284 2355 4355 ρισμένα
2389 4284 2601 4352 ἑκάστῳ
2628 4284 2770 4350 ὅρια,
2806 4283 2881 4350 μὴ
2913 4285 3123 4334 ἐπιέναι
3173 4283 3559 4348 διακελεύεται,
3591 4284 3677 4335 διὰ

2122 4375 2217 4426 τοῦ
2248 4377 2456 4425 ἐπιέναι
2487 4374 2583 4442 τὴν
2612 4374 2908 4446 λῃστρικὴν
2953 4368 3063 4425 οἷον
3099 4374 3379 4440 ἐμφαίνων
3422 4376 3515 4426 καὶ
3550 4375 3679 4427 ἄτα-

2125 4484 2249 4518 κτον
2292 4465 2497 4532 ἐφοδον,
2547 4465 2645 4517 καὶ
2702 4466 2832 4533 μηδὲ
2878 4464 3176 4516 ἐπιϐαίνειν
3228 4466 3413 4533 ἐτέρου
3472 4468 3675 4537 ἐνορίᾳ.

2125 4551 2295 4604 Τοῦτο
2321 4553 2428 4621 γὰρ
2460 4552 2519 4603 τὸ
2550 4552 2688 4621 ὑπὲρ
2715 4553 2978 4620 διοίκησιν
3007 4555 3304 4606 ἐπίσκοπον
3330 4556 3556 4625 ἄκλητον
3587 4559 3677 4608 ἐπὶ

2123 4643 2380 4711 οἱᾳδήτινι
2421 4645 2659 4712 ίερατικῇ
2695 4644 2979 4709 διοικήσει,
3014 4643 3146 4697 ἀλλὰ
3195 4646 3677 4714 παρακαλούμενον

2125 4736 2215 4785 καὶ
2249 4737 2399 4805 παρὰ
2438 4734 2696 4787 πλειόνίυν
2740 4735 3055 4789 ἐπισκόπων
3086 4736 3220 4807 πρὸς
3265 4738 3423 4789 τοῦτο
3456 4738 3676 4804 ἐπιτρέ-

2125 4823 2356 4891 πόμενον
2407 4825 2546 4876 κατὰ
2598 4824 2685 4876 τόν
2736 4823 3022 4893 εἰρημένον
3055 4824 3407 4877 ἁποστολικόν
3456 4825 3674 4879 κανόνα.

2125 4916 2233 4978 Τὰς
2264 4916 2319 4969 δέ
2346 4916 2466 4967 καθ’
2493 4916 2727 4983 ἑκάστην
2757 4916 3027 4986 ἐπαρχίαν
3056 4915 3515 4987 ἐκκλησιαστικὰς
3542 4917 3679 4970 διοι-

2126 5010 2335 5078 κήσεις,
2369 5010 2534 5080 ἤγουν
2558 5009 2797 5077 ψήφους,
2831 5013 2924 5063 καὶ
2967 5012 3318 5082 χειροτονίας,
3363 5013 3457 5063 καὶ
3505 5013 3679 5081 ἀμφι-

2125 5099 2316 5151 ϐολιῶν
2350 5099 2534 5161 λύσεις
2590 5103 2646 5152 ἐν
2706 5103 3030 5172 ἀφορισμοῖς
3083 5101 3174 5154 καὶ
3231 5103 3526 5169 ἐπιτιμίοις
3583 5105 3679 5157 καὶ

2124 5187 2325 5250 λοιποῖς
2378 5188 2639 5247 τοιούτοις
2697 5190 2794 5259 τὴν
2847 5192 3082 5258 ἑκάστης
3136 5191 3400 5259 ἐπαρχίας
3464 5192 3678 5243 σύνοδον

2126 5275 2370 5339 θεσπίζει
2418 5279 2741 5347 οἰκονομεῖν.
2788 5280 2938 5331 Ἐπεὶ
2990 5280 3047 5331 δὲ
3111 5280 3203 5331 καὶ
3257 5280 3315 5330 ἐν
3374 5280 3673 5349 Βαρδάροις

2128 5368 2335 5420 ἔθνεσιν
2379 5368 2692 5433 Ἐκκλησίαι
2747 5371 2866 5422 τότε
2898 5366 3037 5441 ἦσαν
3088 5370 3312 5432 πιστῶν,
3362 5373 3495 5423 ὅπου
3548 5371 3675 5432 ἴσως

2125 5461 2186 5513 οὐ
2221 5462 2403 5513 πολλοὶ
2438 5457 2579 5530 ἦσαν
2613 5463 2916 5520 ἐπίσκοποι,
2949 5462 3086 5513 ὥστε
3119 5463 3304 5531 ἀρκεῖν
3330 5464 3407 5526 εἰς
3436 5464 3675 5529 σύνοδον,

2129 5551 2160 5620 ἦ
2199 5552 2291 5603 καὶ
2320 5554 2609 5618 ἀναγκαῖον
2644 5548 2732 5621 ἦν,
2769 5552 2822 5603 εῖ
2842 5568 2925 5614 τις
2957 5554 3013 5604 ἐν
3042 5553 3184 5621 λόγῳ
3214 5552 3531 5621 διαλάμπων
3582 5547 3676 5622 ἦν,

2130 5644 2241 5693 ἐκεῖ
2271 5644 2625 5713 προσφοιτᾷν,
2678 5644 2772 5694 καὶ
2810 5644 2926 5704 ταῖς
2977 5643 3084 5695 τῶν
3120 5644 3296 5697 ἄλλων
3340 5644 3675 5711 παροικίαις,

2129 5731 2269 5783 ὥστε
2320 5730 2693 5800 ἐπιστηρίςειν
2720 5733 2842 5795 τοὺς
2873 5736 2937 5803 τῇ
2971 5735 3150 5787 πίστει
3195 5736 3536 5804 προσιόντας,
3583 5746 3677 5791 καὶ
