4072 6384
346 354 453 444 set

1480 339 1561 398 IN
1595 333 1767 397 CAN.
1810 330 1907 391 III
1947 328 2157 389 CONC.
2191 329 2295 391 (ΣΡ.
2349 328 2425 387 ll.

3485 326 3591 382 32‘}.

352 430 603 537 βεϐαιοῦν
639 463 694 513 ἐν
722 460 857 529 αὐτῇ
910 457 970 511 es
1021 454 1305 527 κρατῆσαν
1340 449 1460 512 ἔθος
1498 450 1657 519 μέχρι
1699 446 1819 498 τότε
1864 443 1921 494 ἐν
1953 450 1972 503 Α

2075 453 2327 493 mnneare
2382 436 2542 491 etiam
2591 449 2811 489 necesse
2863 434 3021 500 foret,
3070 430 3209 486 nihil
3254 430 3325 485 ex
3370 442 3590 499 antiqua

350 562 464 620 τοῖς
494 555 752 613 τοιούτοις
781 550 1121 617 ἐνδέδωκενη
1148 547 1276 613 ἁγία
1303 542 1515 597 σύνοδος
1534 540 1624 591 καὶ
1641 537 1920 590 εἰσέπειτα

352 645 760 704 πολιτεύεσθαι.

350 741 575 798 ΔΡΙΣΤ.
616 735 946 802 Ύπερόριος
978 728 1188 800 μηδεὶς
1213 723 1518 793 συγχεέτω
1562 721 1668 779 τὰς
1696 719 1924 783 ἐκκ.2ηο

427 837 590 896 σίας,
626 828 778 899 μήτε
806 821 1164 894 χειροτονῶν
1187 818 1336 889 μήτε
1377 809 1748 882 ἐνθρονίζων.
1792 808 1925 864 Ἐπὶ

426 926 629 995 μέντοι
675 922 792 973 τῶν
840 919 910 970 ἐν
943 916 1066 980 τοῖς
1096 914 1337 966 ἔθνεσιν
1371 903 1715 973 ἐκκλησιῶν
1739 902 1778 970 ἡ
1808 900 1927 955 τῶν

430 1018 706 1085 Ματέρων
734 1012 1016 1079 κρατείτω
1041 1005 1355 1067 συνήθεια.

441 1108 529 1160 Ἐν
559 1105 768 1165 πολλοῖς
814 1101 921 1151 τῶν
954 1096 1197 1150 κανόνων
1241 1093 1458 1159 εἴρηται
1484 1090 1567 1140 ὅτι
1598 1086 1657 1138 οὐ
1690 1084 1771 1136 δεῖ
1804 1081 1929 1134 ἐπί-

362 1217 566 1252 σκοπον
603 1193 887 1258 ἀλλοτρίας
921 1188 1218 1240 ἐπιϐαίνειν
1269 1180 1572 1247 ἐπισκοπῆς
1598 1194 1611 1208 '
1658 1175 1772 1229 ἀλλ’
1801 1174 1933 1226 ἕκα-

364 1310 488 1343 στον
542 1288 691 1348 ἐντὸς
739 1285 846 1335 τῶν
897 1281 1040 1333 ἰδίων
1089 1280 1231 1346 ὅρων
1267 1277 1472 1344 μένειν,
1520 1272 1614 1323 καὶ
1646 1269 1723 1338 μὴ
1756 1266 1932 1335 πηδᾷν

364 1377 653 1445 ὑπερόρια,
688 1372 784 1424 καὶ
814 1370 911 1431 τὰς
941 1366 1235 1435 ἐκκλησίας
1267 1363 1545 1431 συγχέειν.
1597 1358 1720 1411 Ἐπὶ
1748 1356 1933 1425 μέντοι

363 1471 473 1521 τῶν
524 1470 579 1519 ἐν
636 1467 747 1526 τοῖς
801 1461 1011 1515 ἔθνεσιν
1058 1458 1397 1524 ἐκκλησιῶν,
1430 1453 1537 1506 τῶν
1592 1453 1648 1503 ἐν
1681 1447 1937 1516 Αἰγύπτῳ

367 1560 463 1611 καὶ
514 1556 688 1625 Λιϐύῃ
740 1554 833 1606 καὶ
889 1548 1239 1609 Πενταπόλει,
1286 1544 1426 1599 κατὰ
1472 1545 1561 1596 τὸν
1622 1543 1777 1593 ἕκτον
1836 1556 1931 1592 κα·

369 1651 495 1704 νόνα
527 1648 628 1715 τῆς
661 1648 717 1696 ἐν
767 1641 971 1709 Νικαίᾳ
1026 1638 1242 1692 συνόδου
1290 1641 1357 1690 τὰ
1403 1635 1606 1704 ἀρχαῖα
1653 1630 1749 1700 ἐθη
1802 1645 1938 1699 κρα-

371 1758 555 1794 τειτω.

978 1822 1326 1877 ΚΑΝΩΝΙἎ
1972 1786 2012 1840 Β

381 1925 493 1980 Τέν
568 1921 775 1989 μέντοι
852 1913 1544 1973 Κωνσταντινουπόλεως
1608 1907 1946 1960 ἐπίσκοπον

451 2018 616 2082 ἔχειν
667 2027 737 2066 τα
795 2008 1077 2077 πρεσϐεῖα
1128 2006 1239 2074 τῆς
1291 2002 1462 2072 τιμῆς
1494 2002 1642 2070 μετὰ
1687 1998 1795 2053 τὸν
1836 1998 1947 2065 τῆς

462 2107 691 2174 Ῥώμης
738 2104 1095 2164 ἐπίσκοπον,
1138 2098 1235 2152 διὰ
1276 2097 1343 2149 τὸ
1386 2093 1539 2149 εἶναι
1568 2090 1762 2159 αὐτὴν
1802 2088 1950 2143 νέαν

464 2198 711 2266 Ῥώμην.

453 2262 653 2342 ΒΑᾸΣ.
718 2284 781 2337 Ἢ
831 2282 984 2344 πόλις
1033 2278 1172 2346 αὕτη
1223 2274 1318 2330 τοῦ
1369 2274 1641 2339 Βύζαντος
1685 2272 1786 2323 οὐκ
1837 2262 1949 2338 εἶχε

380 2384 553 2451 τιμὴν
578 2375 1033 2450 ἀρχιεπισκόπου,
1072 2370 1210 2424 ἀλλὰ
1236 2369 1387 2439 παρὰ
1418 2367 1509 2421 τοῦ
1547 2361 1950 2434 μητροπολίτου

396 2473 727 2544 Ἡρακλείας
775 2463 1167 2538 ἐχειροτονεῖτό
1216 2478 1348 2514 ποτε
1385 2460 1680 2520 ἐπίσκοπος
1709 2458 1765 2507 ἐν
1792 2452 1952 2522 αὐτῇ.

399 2541 720 2629 Ἱστορεῖται
772 2557 880 2627 γὰρ
927 2557 1020 2621 ὡς,
1070 2556 1120 2606 εἰ
1155 2552 1248 2606 καὶ
1290 2545 1358 2620 ἧν
1385 2549 1445 2603 τὸ
1472 2545 1767 2611 Βυζάντιον
1804 2541 1954 2603 πόλις

390 2653 515 2708 καθ’
567 2652 766 2719 ἑαυτὴν
817 2645 1197 2715 διεξαγομένη,
1252 2642 1367 2695 ἀλλ’
1427 2634 1796 2707 ἐπολιορκήθη
1854 2633 1959 2685 ὑπὸ

390 2744 633 2814 Σεϐήρου
673 2740 957 2806 Ῥωμαίων
986 2733 1411 2805 αὐτοκράτορος,
1438 2731 1535 2783 καὶ
1562 2725 1801 2792 ὑπετέθη
1831 2724 1958 2776 Πει-

398 2813 641 2904 ρινθίοις.
674 2832 956 2901 Πείρινθος
1008 2828 1064 2881 δὲ
1114 2829 1262 2879 ἐστιν
1313 2825 1346 2894 ἡ
1396 2819 1712 2893 Ἡράκλεια.
1748 2815 1854 2869 Τοῦ
1904 2813 1960 2866 δὲ

386 2903 649 2991 Μεγάλου
705 2918 1111 2974 Κωνσταντίνου
1166 2911 1564 2983 μεταγαγόντος
1615 2909 1671 2960 ἐν
1716 2905 1853 2973 αὐτῇ
1896 2903 1966 2955 τὰ

397 3015 660 3084 σκῆπτρα
692 3013 788 3080 τῆς
823 3006 1096 3078 βασιλείας
1122 3004 1232 3057 τῶν
1271 2999 1581 3070 Ῥωμαίων,
1647 2992 1965 3066 μετωνομά-

2023 529 2431 591 consuetudine,
2456 527 2507 579 in
2526 542 2587 579 ea
2606 541 2663 579 re
2685 526 2919 594 synodus
2943 525 3150 579 censuit
3172 524 3592 576 innnutandum.

2026 730 2137 803 89
2176 728 2404 786 ARIST.
2453 729 2653 784 Nullus
2683 730 2983 801 peregrinus
3008 729 3255 782 ecclesias
3282 727 3595 795 confundat,

2097 840 2257 892 neque
2279 823 2552 883 ordinans,
2579 837 2738 887 neque
2764 820 2814 872 in
2845 819 2963 872 sede
2996 818 3279 871 collocans.
3314 815 3597 869 Verumta-

2099 929 2213 966 men
2241 914 2296 966 in
2327 912 2581 974 ecclesiis,
2627 926 2743 978 qua:
2786 919 2903 963 sunt
2936 910 3071 962 inter
3098 908 3341 978 gentiles,
3373 906 3597 959 Patrum

2099 1008 2418 1061 consuetudo
2453 1017 2707 1061 servetur.

2101 1100 2156 1152 lu
2206 1099 2388 1152 multis
2436 1098 2732 1152 canonibns
2781 1095 3002 1159 dicitur,
3054 1093 3196 1161 quod
3236 1109 3338 1147 non
3382 1101 3602 1160 oportet

2030 1195 2336 1261 cpiscopum
2389 1192 2453 1242 ad
2497 1190 2727 1243 alienum
2770 1187 2999 1240 transire
3051 1187 3463 1255 episc0patnnt;
3507 1185 3602 1238 sed

2031 1300 2298 1353 quemque
2329 1283 2466 1336 intra
2497 1296 2625 1336 suos
2656 1295 2872 1333 manere
2902 1278 3191 1341 terminos,
3222 1287 3276 1331 et
3305 1278 3445 1330 ultra
3477 1291 3604 1330 suos

2033 1377 2231 1429 limites
2265 1388 2369 1427 non
2414 1371 2706 1436 transilire,
2737 1382 2789 1423 et
2829 1368 3488 1423 ecclesias-confundere.
3524 1365 3599 1419 De

2036 1468 2100 1521 iis
2122 1477 2296 1518 autem
2320 1478 2440 1530 qua:
2461 1462 2599 1531 apud
2621 1472 2807 1529 gentes
2830 1465 2953 1513 sunt
2982 1456 3247 1519 ecclesiis,
3272 1456 3322 1508 in
3350 1454 3604 1525 Aﬁgypto.

2037 1558 2207 1626 Libya
2239 1564 2291 1609 ct
2322 1552 2622 1621 Pentapoli,
2656 1552 2946 1606 secundum
2991 1561 3201 1604 sextum
3238 1547 3440 1601 Nicmni
3476 1563 3605 1600 cnn-

2038 1651 2145 1705 cilil
2184 1663 2441 1704 canonetn
2478 1646 2712 1714 antiqua:
2743 1642 3159 1698 consuetudines
3188 1642 3297 1696 vim
3336 1640 3590 1694 habeant.

2636 1774 2997 1875 CANONIH.

2045 1912 2666 1987 Constantinopolitanae
2692 1912 2959 1980 episcopus
2986 1906 3171 1959 habeat
3190 1903 3379 1971 prioris
3398 1902 3611 1955 hortaris

2116 2020 2288 2077 partes
2323 2019 2435 2074 post
2467 2006 2756 2059 Romanum
2786 2007 3108 2071 episcopum,
3142 2015 3201 2052 eo
3232 1996 3371 2068 quod
3400 1996 3466 2050 sit
3495 1996 3611 2063 ipsa

2119 2119 2249 2155 nova
2276 2101 2464 2156 Remo.
3454 2082 3463 2091 ’

2124 2277 2312 2367 ΒΑξλδ.
2354 2276 2471 2345 Ipsa
2500 2275 2711 2343 quidem
2739 2274 2864 2328 urbs
2889 2272 3179 2340 Byzantina
3213 2270 3613 2340 archiepiscopi

2059 2363 2313 2424 honorem
2348 2383 2455 2422 non
2487 2368 2734 2430 habebat,
2768 2368 2859 2419 sed
2896 2367 2964 2421 ab
2998 2366 3270 2420 Heracleae
3299 2363 3619 2431 metropoli-

2058 2474 2185 2517 tano
2242 2463 2525 2529 episcopus
2586 2460 2882 2529 aliquando
2948 2462 2999 2512 in
3065 2460 3177 2527 ipsa
3245 2458 3619 2511 ordinabatur.

2059 2552 2323 2608 Srribitur
2347 2554 2489 2604 enim
2515 2550 2657 2619 quod
2679 2551 2891 2602 etiamsi
2923 2557 3066 2603 esset
3088 2547 3401 2618 Byzantium
3430 2547 3623 2600 civitas

2058 2658 2177 2715 quae
2210 2658 2305 2712 per
2334 2656 2391 2697 se
2418 2648 2715 2710 regeretur.
2745 2655 2773 2693 a
2805 2639 3006 2692 Severo
3039 2648 3214 2691 tamen
3243 2636 3611 2690 Romanorum

2062 2733 2381 2803 imperatore
2412 2728 2628 2786 obsessa
2668 2741 2773 2793 est,
2815 2742 2868 2784 et
2910 2728 3202 2784 Perinthiis
3234 2729 3495 2795 subjecta.
3530 2727 3625 2781 Esi.

2062 2837 2240 2879 autent
2286 2822 2600 2887 Perinthus,
2652 2821 2933 2885 Heraclea,
2981 2823 3117 2874 Cum
3167 2832 3348 2874 autem
3403 2819 3627 2886 Magnus

2061 2918 2446 2973 Constantinus
2476 2916 2699 2971 Romani
2744 2916 2955 2983 imperii
2985 2925 3193 2982 sceptra
3224 2914 3275 2967 in
3300 2927 3414 2966 eam
3447 2923 3628 2966 trans.

2070 3008 2311 3073 tulisset,
2362 3005 2858 3075 Constantinopolis
2905 3006 3177 3057 nominata
3228 3012 3342 3066 est,
3392 3013 3445 3057 et
3490 3017 3627 3056 nova

398 3109 503 3177 σθη
536 3098 1112 3158 Κωνσταντινούπολις
1144 3096 1238 3148 καὶ
1268 3093 1362 3146 νέα
1404 3089 1611 3159 Ῥώμη,
1646 3088 1741 3141 καὶ
1775 3085 1965 3137 πασῶν

2075 3103 2258 3166 Roma,
2278 3112 2330 3155 et
2351 3101 2590 3153 omnium
2615 3100 2823 3152 urbium
2853 3098 3051 3166 regina.
3076 3096 3308 3166 Etjuxta
3339 3097 3628 3151 secundam

396 3203 509 3254 τῶν
542 3199 750 3249 πόλεων
782 3191 1011 3264 βασιλὶς.
1062 3187 1216 3242 Κατὰ
1244 3184 1341 3255 τὴν
1393 3182 1439 3253 β’
1469 3181 1682 3234 σύνοδον
1730 3178 1965 3246 ἐτιμήθη

396 3302 427 3356 ὁ
471 3294 661 3366 θρόνος
688 3292 786 3359 τῆς
816 3280 1470 3341 Κωνσταντινουπόλεωςο
1526 3274 1836 3340 ἁνάγνωσον
1874 3268 1968 3323 τοῦ

398 3390 447 3446 α’
473 3381 658 3443 τίτλου
692 3380 786 3435 τοῦ
818 3378 1086 3447 παρόντος
1116 3372 1492 3439 συντάγματος
1531 3383 1657 3434 κεφ.
1694 3362 1740 3429 ζ’
1773 3364 1970 3416 κα“ι’τὰ

402 3484 460 3537 ἐν
508 3475 679 3546 αὐτῷ.
729 3468 1036 3524 Κάντεῦθεν
1092 3464 1183 3516 καὶ
1232 3464 1279 3513 οἱ
1322 3460 1417 3528 τῆς
1468 3456 1512 3526 β’
1559 3455 1776 3508 συνόδου
1825 3451 1972 3520 ἅγιοι

405 3573 645 3641 lla-cepa;
672 3564 991 3634 διωρισαντο
1025 3560 1169 3629 ἔχειν
1218 3555 1309 3607 τὸν
1358 3552 1654 3605 ἐπίσκοπον
1689 3548 1860 3615 αὐτῆς
1906 3546 1975 3596 τὰ

405 3662 673 3735 πρεσϐεῖα
718 3659 815 3724 τῆς
864 3653 1025 3721 τιμῆς
1063 3650 1201 3720 μετὰ
1248 3649 1337 3700 τὸν
1383 3644 1679 3697 ἐπίσκοπον
1709 3641 1807 3707 τῆς
1842 3653 1972 3705 πρε-

412 3756 679 3822 σϐυτέρας
722 3747 963 3815 Ῥώμης,
989 3742 1077 3794 διὰ
1104 3740 1164 3792 τὸ
1196 3735 1336 3790 εἶναι
1365 3735 1533 3803 αὐτὴν
1564 3732 1690 3783 νέαν
1732 3729 1973 3795 Ῥώμην.

417 3850 629 3901 Τούτων
686 3843 740 3893 δὲ
794 3838 933 3890 οὕτω
985 3831 1413 3903 διορισθέντων,
1492 3825 1635 3885 τινὲς
1688 3820 1786 3888 τὴν
1831 3818 1981 3885 μετὰ

428 3939 693 4005 πρόθεσιν,
746 3935 849 3999 οὐχ
897 3922 1273 3993 ὑποϐιϐασμὸν
1302 3919 1401 3988 τῆς
1428 3917 1591 3985 τιμῆς
1643 3913 1980 3980 νενοήκασιν,

436 4029 545 4084 ἀλλ’
573 4029 878 4093 ἐξελάθοντο
926 4018 1093 4086 αὐτὴν
1130 4016 1205 4077 εἰς
1252 4014 1312 4065 τὸ
1364 4011 1503 4080 μετὰ
1547 4007 1735 4078 χρόνον
1787 4005 1980 4074 μόνον·

434 4090 686 4189 χρώμενοι
717 4115 856 4187 πρὸς
885 4108 1249 4179 συγκρότησιν
1274 4102 1368 4157 τοῦ
1395 4101 1553 4168 λόγου
1585 4098 1763 4150 αὐτῶν
1786 4093 1881 4147 καὶ
1909 4090 1984 4161 τῷ

432 4185 512 4283 κη’
542 4185 717 4265 κανόνι
742 4185 840 4276 τῆς
863 4201 903 4258 δ’
940 4200 1173 4265 συνόδου,
1197 4197 1430 4264 λέγοντι,
1465 4192 1545 4244 Τὰ
1594 4190 1685 4243 ῖσα
1716 4185 1983 4256 πρεσϐεῖα

424 4278 499 4376 et};
522 4304 615 4373 τῆς
645 4296 1026 4373 πρεσϐυτέρας
1066 4293 1286 4360 Ῥώμης
1321 4283 1611 4354 ἁγιωτάτῳ
1641 4279 1815 4351 θρόνῳ
1842 4278 1986 4376 ἔχειν

422 4402 511 4449 τιν
562 4398 665 4458 τῆς
696 4378 1321 4446 Κώνσταντινουπόλεως
1355 4377 1544 4448 θρόνον
1577 4373 1833 4440 δεύτερον
1870 4367 1987 4436 μετ’

2070 3194 2327 3264 synodum
2362 3194 2654 3245 honoratus
2695 3190 2795 3243 fuit
2825 3191 3048 3244 thronus
3076 3189 3577 3257 Constantinopolis
3612 3206 3626 3241 :

2071 3287 2187 3354 lege
2220 3282 2378 3353 primi
2415 3282 2496 3336 tit.
2535 3280 2691 3349 hujus
2714 3279 2904 3349 Operis
2937 3295 3053 3347 cap.
3087 3279 3117 3329 7
3144 3288 3196 3332 et
3224 3293 3345 3347 quae
3393 3286 3520 3331 sunt
3581 3279 3631 3329 in

2072 3392 2155 3433 co.
2173 3375 2239 3429 Et
2255 3391 2319 3429 ex
2348 3376 2447 3429 hoc
2471 3375 2639 3428 sancti
2661 3372 2908 3426 secunda:
2932 3386 3050 3440 syn.
3078 3369 3267 3424 Patres
3290 3368 3633 3431 deﬁnierunt,

2076 3468 2192 3538 ejus
2220 3466 2527 3535 episcOpum
2575 3462 2794 3515 honoris
2825 3460 3025 3514 habere
3062 3460 3473 3528 praerogativam
3514 3468 3635 3527 post

2077 3559 2312 3626 antiquae
2343 3557 2524 3608 Romae
2552 3556 2882 3623 episcopum,
2911 3567 2976 3607 eo
3004 3553 3145 3622 quod
3178 3554 3249 3605 sit
3276 3567 3409 3604 nova
3444 3552 3636 3605 Roma.

2081 3642 2992 3712 Hisautemsicdelinitis,quidam
3050 3640 3478 3708 prmpositionem
3527 3640 3643 3707 post

2081 3757 2185 3795 non
2225 3755 2344 3794 esse
2379 3738 2597 3792 honoris
2630 3735 3048 3789 submissionem
3084 3734 3462 3801 excogitarunt
3499 3750 3511 3785 :
3548 3736 3640 3785 sed

2081 3831 2272 3899 ipsatn'
2302 3829 2365 3880 ad
2420 3828 2520 3881 hoc
2563 3827 2705 3894 quod
2751 3834 2834 3878 est
2887 3831 3002 3889 post
3048 3830 3268 3890 tempus
3306 3822 3643 3875 solummodo

2084 3927 2440 3988 acceperunt;
2478 3920 2541 3970 ad
2574 3917 2656 3970 sui
2688 3916 2815 3969 dicti
2845 3914 3341 3983 comprobationein
3370 3913 3402 3967 4
3433 3928 3644 3982 quoque

2082 4015 2270 4085 synodi
2306 4010 2376 4063 28
2419 4024 2679 4063 canonem
2726 4008 3029 4070 atterentes,
3082 4009 3376 4069 dicentem,
3415 4009 3644 4076 mqualia

2084 4104 2359 4173 pt'inlegia
2389 4104 2619 4169 antiqua:
2644 4098 2825 4151 Romae
2851 4098 3198 4151 sanctissimo
3222 4098 3416 4151 throno
3446 4099 3645 4153 habere

2087 4197 2335 4247 thronum
2364 4189 3038 4255 Constatntinopolitanum,
3071 4189 3322 4241 thronum
3353 4190 3646 4241 secundum

2091 4295 2208 4356 post
2249 4286 2394 4337 illmn
2430 4285 2800 4336 etsistentem.
2834 4279 2913 4332 Tu
2959 4291 3135 4333 autem
3171 4281 3285 4347 lege
3329 4279 3432 4333 150
3481 4277 3653 4333 Justi-

2097 4378 2239 4433 niani
2287 4377 2583 4439 Novellam,
2612 4390 2731 4442 qua:
2780 4373 2831 4426 in
2875 4387 2905 4425 ν
2953 4374 3090 4425 libro
3132 4370 3295 4425 Basil.
3316 4372 3499 4447 posita
3545 4381 3653 4433 est,

420 4490 629 4541 ἐκεῖνον
659 4478 993 4553 ὑπάρχοντα.
1021 4478 1092 4529 Σὺ
1121 4474 1177 4527 δὲ
1211 4468 1483 4539 ἀνάγνωθι
1514 4467 1614 4534 τὴν
1644 4459 1719 4536 ρλ¹
1765 4461 1972 4514 ἰουστιι

2092 4475 2175 4531 tit.
2211 4474 2245 4526 5
2268 4481 2319 4525 et
2344 4468 2601 4531 collocata
2638 4468 2688 4519 in
2717 4465 3117 4519 Commentario
3143 4462 3177 4517 5
3230 4479 3350 4531 cap.
3380 4464 3535 4532 primi
3564 4466 3652 4517 tit.

422 4585 655 4635 νιάνειον
686 4575 885 4645 νεαρὰν
912 4571 1009 4641 τὴν
1036 4568 1299 4637 κειμένην
1324 4565 1383 4616 ἐν
1415 4559 1604 4630 βιϐλίῳ
1631 4561 1671 4609 ε’
1698 4554 1807 4607 τῶν
1832 4552 1993 4604 Βασι-

421 4671 614 4735 λικῶν,
647 4643 813 4736 τίτλω
844 4661 915 4732 γ’,
945 4662 1040 4715 καὶ
1065 4653 1549 4725 καταστρωθεῖσαν
1578 4648 1658 4711 εις
1678 4647 1751 4698 ’τὸ
1784 4643 1993 4715 σχόλιον

422 4764 520 4817 τοῦ
549 4760 587 4815 ε’
619 4777 748 4828 κεφ.
773 4757 869 4811 τοῦ
904 4760 953 4809 α’
977 4751 1157 4806 τίτλου
1193 4746 1287 4802 τοῦ
1312 4743 1577 4813 παρόντος
1596 4738 1992 4805 συντάγματος,

425 4862 524 4912 καὶ
569 4854 660 4906 τὸν
706 4849 795 4916 λς’
826 4850 1025 4901 κανόνα
1070 4844 1169 4913 τῆς
1216 4843 1274 4894 ἐν
1318 4836 1397 4908 τῷ
1440 4832 1701 4907 Τρούλλῳ
1755 4828 1994 4893 συνόδου,

425 4950 661 5017 λέγοντα
687 4942 827 4999 εἶναι
852 4942 1105 5010 δεύτερον
1134 4936 1225 4989 τὸν
1247 4933 1346 5001 τῆς
1373 4920 1998 4984 Κωνσταντινουπόλεως

428 5013 642 5112 θρόνον.
678 5038 843 5108 Ζητει
870 5034 967 5087 καὶ
998 5032 1189 5099 κεφαλ.
1221 5030 1270 5079 α’
1300 5022 1397 5076 τοῦ
1428 5020 1482 5091 η’
1508 5019 1695 5073 τίτλου
1728 5013 1823 5067 τοῦ
1861 5028 2000 5081 παρ-

428 5103 585 5196 όντος
617 5103 1014 5198 συντάγματος.
1033 5116 1507 5185 Κατεστρὼθησαν
1530 5113 1637 5180 γὰρ
1661 5109 1840 5161 ἐκεῖσε
1873 5103 2001 5173 παρ’

430 5227 593 5300 ἡμῶν
625 5225 870 5292 διάφοροι
900 5220 1053 5287 νόμοι
1085 5215 1212 5283 περὶ
1243 5210 1353 5262 τῶν
1382 5199 1845 5279 προνομίωνγτῆς
1894 5212 2003 5249 πα-

432 5287 596 5381 λαιᾶς
632 5287 852 5386 Ῥώμης
877 5315 971 5363 καὶ
996 5309 1092 5376 τῆς
1122 5304 1269 5367 νέας,
1300 5301 1393 5352 καὶ
1424 5300 1484 5349 τὸ
1513 5294 1607 5348 τοῦ
1635 5292 1795 5359 ἁγίου
1831 5287 2004 5358 μεγά-

434 5414 532 5465 λου
565 5381 977 5462 Κώνσταντίνου
1007 5399 1283 5467 ἔγγραφον
1315 5386 1690 5457 θέσπισμα,τὺ
1716 5381 2006 5451 γενόμενον

436 5502 579 5574 πρὸς
605 5501 696 5554 τὸν
728 5499 882 5566 ἅγιον
906 5493 1228 5558 Σίλϐεστρον
1247 5486 1336 5538 τὸν
1362 5474 1482 5535 τότε
1515 5479 1743 5531 πάππαν
1766 5472 2005 5541 Ῥώμης,

438 5563 604 5668 χάριν
629 5592 735 5645 τῶν
764 5563 1259 5653 άπονενεμημὲνων
1288 5572 1600 5646 προνομίων
1630 5572 1696 5668 τῇ
1712 5563 2009 5668 Ἐκκλησία

579 5682 813 5744 παλαιᾶς
849 5677 1089 5747 Ῥώμης.
1124 5673 1197 5724 Τὸ
1226 5669 1287 5722 δὲ
1312 5660 1737 5737 χειροτονεῖσθαι
1770 5658 2010 5725 σήμερον

442 5755 537 5836 τον
560 5778 703 5833 κατὰ
730 5771 955 5844 καιροὺς
983 5766 1284 5837 ἁγιώτατον
1342 5757 1690 5830 πατριάρχην
1723 5755 2013 5807 Κώνσταν-

2093 4564 2373 4638 prtesentis
2409 4561 2598 4631 Operis
2631 4577 2645 4615 :
2682 4569 2738 4613 et
2777 4558 2847 4612 56
2878 4572 3139 4611 canonem
3171 4556 3360 4625 synodi
3402 4572 3520 4624 qua:
3556 4556 3659 4610 fuit

2095 4659 2145 4710 in
2168 4653 2371 4713 Trullo,
2399 4651 2667 4704 dicentem
2689 4661 2810 4701 esse
2832 4646 3125 4699 secundum
3158 4642 3657 4709 Constantinopolis

2098 4750 2367 4801 thronum.
2397 4742 2587 4807 Quaere
2614 4749 2669 4793 et
2710 4739 2942 4806 primum
2984 4746 3146 4809 caput
3183 4735 3225 4789 8
3257 4734 3340 4787 tit.
3381 4734 3656 4803 praesentis

2096 4836 2309 4908 Operis.
2343 4834 2450 4885 Illic
2480 4833 2621 4885 enim
2652 4831 2838 4895 posita:
2863 4836 2988 4881 sunt
3011 4840 3039 4878 a
3074 4825 3227 4879 nobis
3262 4826 3486 4878 diversa:
3516 4824 3658 4893 leges

2099 4932 2165 4982 de
2210 4924 2504 4996 privilegiis
2553 4923 2786 4989 antiqua!
2841 4918 3022 4972 Roma:
3070 4924 3125 4971 et
3171 4932 3341 4981 novm,
3389 4926 3443 4970 et
3486 4917 3660 4970 sancti

2100 5017 2434 5074 Constantini
2465 5014 2636 5083 Magni
2670 5012 2932 5078 scriptum
2966 5012 3261 5068 decretum,
3291 5009 3432 5076 quod
3461 5007 3660 5061 factum

2102 5121 2184 5165 est
2224 5110 2289 5162 ad
2334 5117 2579 5162 sanctum
2627 5104 2944 5158 Silvestrum
2998 5109 3126 5156 tunc
3178 5103 3434 5172 temporis
3480 5104 3662 5156 lionne

2106 5216 2317 5271 papam,
2347 5198 2414 5251 de
2460 5195 2752 5264 privilegiis
2780 5195 2979 5247 veteris
3014 5193 3192 5245 Romae
3220 5193 3472 5247 Ecclesia:
3511 5192 3660 5245 attri-

2106 5295 2265 5347 butis.
2296 5289 2446 5355 Quod
2481 5297 2661 5341 autem
2688 5287 2847 5340 hodie
2870 5286 3147 5339 ordinetur
3177 5286 3547 5339 sanctissimus
3570 5298 3663 5351 pro

2110 5395 2351 5451 tempore
2380 5380 2682 5450 patriarcha
2715 5375 3364 5441 ConstantinopoliIanus,
3393 5376 3458 5426 ab
3485 5389 3549 5427 eo
3574 5373 3664 5441 qui

2109 5489 2192 5530 est
2223 5491 2320 5544 pro
2361 5486 2598 5540 tempore
2630 5470 2902 5525 lleraclere
2937 5470 3404 5536 metropolitanus,
3447 5484 3550 5519 non
3584 5478 3664 5521 est

2111 5569 2323 5623 aliunde
2344 5581 2501 5633 quam
2529 5580 2595 5618 ex
2624 5578 2689 5615 eo
2714 5562 2855 5631 quod
2882 5562 3118 5629 subjecta
3153 5560 3319 5612 luerit
3343 5566 3400 5610 ut
3422 5559 3668 5626 superius

2113 5664 2313 5716 dictum
2356 5667 2460 5721 est,
2502 5655 2791 5729 PPI'ittt-hlis
2835 5654 2948 5707 sive
2986 5650 3332 5706 [lerat-leanis
3373 5651 3668 5721 Byzantina

2116 5755 2327 5811 civitas.
2366 5751 2429 5805 Et
2464 5761 2587 5804 nota
2624 5747 2764 5802 unde
2811 5745 3081 5800 Heracleae
3127 5744 3412 5813 episcopus
3442 5743 3670 5813 patriar-
