4072 6444
361 349 466 411 325

1503 309 1584 400 151
1623 339 1806 401 CAN-
1834 339 1929 400 111
1967 338 2174 402 CONC.
2217 344 2324 405 CP.
2366 345 2441 405 11.

3488 341 3590 404 326

358 459 458 525 οὐχ
499 456 873 526 ὑποϐιϐασμὸν
903 457 1002 524 τῆς
1031 455 1198 526 τιμῆς
1246 451 1382 526 πρὸς
1415 457 1511 520 τὴν
1542 451 1920 522 πρεσϐυτέραν

2024 465 2218 509 vctcrts
2250 456 2431 510 Romae
2459 455 2710 522 indicari,
2729 455 2946 526 quidam
2978 445 3378 510 existimavere.
3404 453 3581 521 Quam

369 548 610 619 Ῥώμην.
655 549 905 619 Χρῶνται
936 547 993 601 δὲ
1023 547 1161 618 πρὸς
1195 543 1539 614 κατασκευὴν
1583 542 1676 596 τοῦ
1711 542 1922 595 ἐκείνου

356 641 516 709 λόγου
546 642 625 710 τῷ
667 640 896 710 είκοστῷ
929 639 1102 710 ὀγδόῳ
1149 638 1336 692 κανόνι
1376 639 1472 706 τῆς
1519 639 1576 688 ὲν
1621 634 1925 704 Χαλκηδόνι

361 735 581 786 συνόδου
645 734 977 803 μεμνημένῳ
1037 734 1132 802 μὲν
1188 731 1282 784 τοῦ
1348 729 1612 799 παρόντος
1671 727 1925 790 κανόνος,

355 825 620 888 ἐπάγοντι
671 825 725 877 δὲ
775 825 857 898 ὅτι
917 825 1026 877 Καὶ
1057 825 1215 893 ἡμεῖς
1276 822 1342 875 τὰ
1391 819 1531 874 αὐτὰ
1576 819 1928 888 ψηφιζόμεθα

357 914 492 984 περὶ
541 915 650 967 τῶν
709 913 1017 985 πρεσϐείων
1074 913 1173 982 τῆς
1228 912 1536 980 ἁγιωτάτης
1599 910 1928 980 Ἐκκλησίας

357 1007 986 1068 Κωνσταντινουπόλεως
1038 1005 1163 1068 νέας
1224 1003 1466 1072 Ῥώμης.
1527 1004 1635 1056 Καὶ
1689 1003 1798 1072 γὰρ
1849 1003 1927 1071 τῷ

351 1101 534 1170 θρόνῳ
562 1101 660 1168 τῆς
693 1098 1070 1168 πρεσϐυτέρας
1111 1097 1348 1166 Ῥώμης,
1399 1097 1484 1149 διὰ
1521 1094 1581 1147 τὸ
1621 1094 1927 1164 βασιλεύειν

352 1193 456 1260 τὴν
487 1191 642 1243 πόλιν
672 1191 906 1262 ἐκείνην,
941 1191 993 1242 oi
1022 1188 1265 1258 Πατέρες
1296 1189 1520 1250 εἰκότως
1551 1185 1927 1240 ἀποδεδώκασι

348 1289 424 1339 τὰ
456 1286 746 1355 πρεσϐεῖα,
781 1285 876 1338 καὶ
906 1285 985 1354 τῷ
1014 1283 1163 1353 αὐτῷ
1190 1283 1376 1352 σκοπῷ
1411 1283 1500 1336 ῖσα
1525 1280 1838 1350 κινούμενοι
1875 1281 1924 1332 οἱ

352 1378 555 1430 ἑκατὸν
620 1378 956 1446 πεντήκοντα
1026 1375 1433 1443 θεοφιλέστατοι
1497 1373 1787 1426 ἐπίσκοποι
1854 1373 1923 1424 τὰ

349 1471 622 1538 πρεσϐεῖα
656 1471 957 1538 ἀπένειμαν
989 1469 1066 1539 τῷ
1094 1471 1194 1537 τῆς
1224 1468 1349 1530 νέας
1390 1466 1606 1538 Ῥώμης
1639 1455 1923 1535 ἁγιωτάτῳ

350 1561 556 1630 θρόνῳ,
604 1560 841 1626 εὐλόγως
886 1561 1174 1630 κρίναντες
1201 1559 1298 1627 τὴν
1331 1557 1606 1626 βασιλείαν
1661 1557 1756 1610 καὶ
1796 1573 1926 1623 συγ-

354 1651 542 1721 κλήτῳ
562 1651 887 1721 τιμηθεῖσαν
915 1650 1090 1712 πόλιν,
1121 1648 1214 1701 καὶ
1245 1649 1349 1700 τῶν
1385 1647 1515 1700 ίσων
1544 1647 1921 1700 ἀπολαύουσαν

353 1741 663 1813 πρεσϐείων
706 1746 771 1812 τῇ
827 1739 1177 1811 πρεσϐυτέρᾳ
1215 1739 1448 1810 βασιλίδι
1494 1737 1706 1809 Ῥώμῃ,
1737 1741 1831 1792 καὶ
1864 1739 1922 1792 έν

2029 547 2241 614 quidem
2288 548 2606 601 sententiam
2657 563 2831 613 suam,
2865 548 3129 603 vfresimn
3172 559 3363 602 octavo
3399 547 3588 620 synodi

2030 637 2478 693 Chalcedonensis
2522 655 2727 694 canone
2782 639 3104 693 conﬁrmare
3160 641 3406 694 nituntur
3453 657 3468 695 :
3515 639 3586 693 ibi

2029 744 2281 798 namque,
2318 731 2586 784 mentione
2621 730 2776 799 hujus
2801 733 3020 784 canonis
3054 731 3271 796 injecta.
3320 733 3431 786 haec
3465 746 3590 801 pns-

2032 831 2112 874 tea
2173 820 2549 886 subjiciuntur.
2611 820 2708 892 [De
2758 822 3050 892 privilegiis
3102 825 3458 877 sanctissima:
3498 825 3593 878 Ec-

2027 911 2205 965 clesia:
2255 911 2759 980 Constantinopolis
2819 929 2970 968 novae
3018 916 3198 967 Ruina:
3249 918 3433 969 eadem
3487 932 3588 972 nos

2029 1018 2240 1072 quoque
2268 1004 2562 1058 sancimus.
2596 1003 2806 1059 Veteris
2835 1007 2975 1057 enim
3003 1003 3188 1060 linum
3221 1008 3412 1062 thr0no
3443 1010 3584 1077 quod

2027 1096 2219 1147 civitas
2243 1095 2344 1148 ista
2369 1096 2656 1163 imperaret
2681 1095 2868 1150 Patres
2889 1097 3008 1164 jure
3027 1098 3303 1166 privilegia
3326 1099 3585 1160 tribucre,

2027 1193 2080 1237 et
2121 1183 2309 1237 eadem
2355 1186 2568 1238 ratione
2611 1186 2740 1238 moti
2790 1199 3010 1240 centum
3062 1189 3455 1258 quinquaginta
3493 1187 3588 1241 Dei

2027 1279 2386 1332 amantissimi
2444 1279 2683 1348 episcopi
2734 1281 3140 1334 sanctissimum
3195 1297 3344 1334 nova:
3407 1281 3588 1334 Ruina:

2027 1369 2279 1424 thronum
2316 1371 2612 1439 aequalibus
2665 1372 2957 1441 privilegiis
2992 1375 3192 1443 dignati
3245 1383 3404 1438 sunt,
3444 1385 3591 1427 recte

2019 1460 2326 1528 iudicantes
2365 1477 2483 1530 quae
2523 1464 2646 1518 urbs
2694 1466 2920 1535 imperio
2964 1480 3028 1519 ac
3070 1476 3259 1519 senatu
3311 1466 3590 1520 honcsmta

2027 1569 2088 1609 ac
2123 1554 2312 1610 iisdem
2359 1572 2481 1612 cum
2518 1568 2698 1613 vetere
2746 1559 2954 1613 urbium
3003 1557 3231 1627 china,
3279 1559 3591 1613 muneribus

2025 1656 2214 1701 ornata
2247 1647 2404 1711 foret,
2429 1666 2546 1704 eam
2575 1652 2630 1706 in
2659 1652 3024 1707 ecclesiastica
3057 1665 3268 1722 quoque
3296 1650 3590 1718 republica,

2023 1740 2318 1807 aequalibus
2359 1755 2482 1796 cum
2525 1742 2612 1795 illa
2657 1741 2954 1796 honoribus
2990 1741 3352 1795 extollendam
3399 1755 3464 1792 ac
3500 1753 3590 1792 sco

349 1836 465 1895 τοῖς
490 1832 964 1901 έκκλησιαστικοῖς
985 1830 1060 1894 ώς
1078 1830 1292 1899 ὲκείνην
1319 1828 1716 1899 μεγαλύνεσθαι
1741 1831 1918 1900 πράγ-

2024 1831 2247 1886 cundam
2293 1834 2360 1887 ab
2403 1833 2491 1887 illa
2547 1833 2915 1890 collocandam
2963 1831 3127 1904 esse].
3183 1833 3371 1884 Dicunt
3409 1831 3590 1899 igitur,

353 1939 513 1992 μασι,
541 1921 802 1991 δευτέραν
831 1920 950 1988 μετ’
976 1919 1192 1988 ἐκείνην
1219 1918 1593 1988 ὑπάρχουσαν.
1624 1917 1793 1992 Φασὶν
1822 1912 1915 1970 οὖν

349 1998 453 2074 ὅτιξ
481 2013 605 2065 ἐπεὶ
635 2011 746 2063 τῶν
783 2011 913 2064 ῑσων
941 2005 1184 2074 ἀξιοῦσιν
1213 2007 1382 2076 αὐτὴν
1417 2007 1611 2077 τιμῶν,
1642 2005 1758 2068 πῶς
1773 1987 1913 2075 ’νοη-

350 2103 582 2174 θήσεται
637 2105 670 2172 ἡ
699 2101 850 2170 μετὰ
898 2100 1156 2171 πρόθεσις
1210 2099 1576 2161 ὑποπτώσεως
1609 2098 1912 2168 δηλωτική;

361 2197 428 2249 Ἦ
455 2195 514 2248 δὲ
542 2194 637 2247 τοῦ
681 2192 1058 2246 ἰουστινιανοῦ
1093 2191 1360 2260 έκατοστὴ
1393 2190 1692 2260 τριακοστὴ
1747 2192 1917 2260 νεαρὰ

349 2286 582 2356 κειμένη
617 2286 697 2348 είς
725 2275 930 2354 βιϐλίον
955 2282 1065 2336 τῶν
1101 2281 1408 2335 Βασιλικῶν
1439 2283 1708 2350 πέμπτον,
1739 2280 1916 2333 τίτλον

346 2379 531 2448 τρίτον
560 2375 735 2438 ἄλλως
763 2374 1000 2428 νοεῖσθαι
1037 2373 1162 2435 τοὺς
1200 2371 1431 2448 κανόνας
1484 2371 1698 2432 δίδωσι,
1735 2369 1917 2432 καθὼς

347 2443 504 2537 πάρά
552 2465 644 2519 τοῦ
697 2464 962 2534 βασιλέως
1011 2443 1567 2531 ἐκείνουὲνοήθησαν.
1602 2461 1735 2531 Φησὶ
1785 2461 1915 2529 γὰρ,

347 2557 692 2624 Θεσπίζομεν
749 2557 888 2607 κατὰ
921 2555 1048 2616 τοὺς
1097 2552 1207 2605 τῶν
1259 2552 1431 2619 ἁγίων
1486 2552 1715 2605 συνόδων
1746 2552 1919 2621 ’ὄρους

343 2649 442 2702 τὸν
491 2647 795 2714 ἁγιώτατον
849 2647 946 2714 τῆς
983 2643 1356 2713 πρεσϐυτέρας
1415 2641 1633 2713 Ῥώμης
1689 2643 1918 2696 πάππαν

345 2744 567 2812 πρῶτον
603 2737 744 2792 εἶναι
784 2740 997 2791 πάντων
1031 2737 1138 2788 τῶν
1177 2736 1386 2805 ἱερέων,
1424 2735 1512 2787 τὸν
1539 2736 1595 2788 δὲ
1628 2732 1920 2803 μακάριώ-

342 2853 510 2890 τατον
538 2834 868 2906 ⁵ἐπίσκοπον
948 2829 1572 2891 Κωνσταντινουπόλεως
1645 2829 1740 2880 καὶ
1792 2828 1921 2891 νέας

353 2928 576 2997 Ῥώμης
606 2925 862 2994 δευτέραν
893 2923 1044 2990 τάξιν
1072 2925 1288 2993 ἐπέχειν
1321 2923 1458 2991 μετὰ
1510 2921 1594 2973 τὸν
1625 2920 1914 2974 ἀποστολι-

344 3021 445 3072 κόν
483 3019 674 3089 θρόνον
703 3017 803 3086 τῆς
830 3016 1207 3086 πρεσϐυτέρας
1247 3015 1488 3082 Ῥώμης,
1515 3011 1626 3064 τῶν
1658 3012 1714 3063 δὲ
1745 3012 1922 3065 ἄλλων

343 3112 570 3165 πάντων
619 3109 1011 3178 προτιμᾶσθαι.
1075 3105 1352 3159 Ἐντεῦθεν
1393 3103 1484 3158 οὖν
1522 3104 1770 3172 ἐναργῶς
1810 3101 1920 3156 δεί-

341 3222 540 3257 κνυται
577 3204 612 3273 ἡ
637 3160 800 3272 ῥετᾶ
826 3202 1082 3272 πρόθεσις
1114 3198 1484 3268 ὑποϐιϐασμὺν
1542 3160 1775 3267 δηλοίῖσα
1831 3199 1926 3250 καὶ
1951 3160 1994 3221 c

344 3295 674 3346 ἐλάττωσιν.
713 3292 822 3345 Καὶ
848 3291 1024 3352 ἄλλως
1049 3290 1106 3342 δὲ
1131 3290 1394 3342 ἀδύνατον
1426 3277 1490 3340 ἂν
1515 3287 1599 3358 εἴη
1636 3287 1696 3340 τὸ
1726 3287 1923 3340 ταύτὸν

344 3391 514 3458 τιμῆς
565 3385 660 3438 καὶ
689 3385 747 3435 ὲν
778 3382 1110 3452 ἀμφοτέροις
1144 3384 1257 3442 τοῖς
1291 3379 1501 3448 θρόνος
1532 3377 1923 3447 φυλάττεσθαι.

353 3482 599 3548 Ἀνάγκη
633 3479 745 3546 γὰρ
785 3479 843 3528 ὲν
888 3477 1008 3537 ταῖς
1037 3475 1338 3542 ἀναφοραῖς
1367 3471 1476 3524 τῶν
1504 3471 1786 3540 ὀνομάτων
1816 3470 1926 3524 τῶν

341 3572 770 3645 προῑσταμένων
821 3568 998 3620 αὐτῶν
1032 3567 1122 3618 τὸν
1163 3566 1258 3634 μὲν
1316 3563 1692 3634 προτερεύειν,
1734 3564 1827 3616 τὸν
1869 3563 1928 3616 δὲ

337 3663 706 3734 δευτερεύειν,
758 3658 854 3712 καὶ
885 3662 941 3710 ἐν
986 3657 1278 3726 καθέδραις
1326 3657 1412 3708 ὅτε
1445 3655 1769 3720 συνέλθοιεν,
1832 3659 1927 3708 καὶ

341 3762 400 3812 ὲν
435 3755 786 3826 ὑπογραφαῖς
819 3753 907 3803 ὅτε
935 3749 1146 3802 τούτων
1187 3750 1390 3818 δεήσει.
1433 3746 1635 3813 Ἤγουν
1666 3748 1758 3800 τοῦ
1781 3747 1927 3816 μετὰ

347 3850 642 3918 ἐξήγησις,
689 3847 722 3914 ἡ
763 3842 998 3910 λέγουσα
1056 3839 1151 3892 τοῦ
1207 3841 1402 3909 χρόνου
1441 3838 1744 3908 δηλωτικὴν
1786 3835 1926 3891 εἶναι

355 3938 458 4007 τὴν
496 3936 763 4004 πρόθεσιν,
813 3935 910 4004 οὐχ
947 3931 1350 4000 ὑποϐιϐασμοῦ,
1404 3930 1737 4000 βεϐιασμένη
1785 3931 1922 3994 ἐστὶ,

365 4030 460 4082 καί
495 4027 713 4091 διανοίας
746 4027 847 4079 οὐκ
880 4025 1092 4088 εὐθείας
1145 4020 1258 4076 οὔδ’
1283 4022 1510 4090 ἀγαθῆς.
1553 4023 1713 4075 Ἀλλὰ
1749 4021 1844 4074 καὶ
1897 4023 1925 4074 6

366 4119 464 4189 τῆς
491 4120 548 4171 ἐν
571 4118 642 4188 τῷ
667 4120 707 4171 Τ
717 4118 924 4187 ρούλλῳ
957 4115 1178 4169 συνόδου
1207 4115 1527 4184 τριακοστὸς
1556 4113 1714 4174 ἕκτος
1749 4113 1926 4166 κανὼν

361 4213 616 4284 ἀριδήλως
654 4213 892 4266 δείκνυσι
929 4207 1026 4280 τὴν
1075 4207 1211 4277 μετὰ
1263 4204 1519 4277 πρόθεσιν
1553 4204 1926 4274 ὑποϐιϐασμὸν

358 4305 632 4377 δηλοῦσαν,
665 4305 917 4370 δεύτερον
946 4302 1124 4370 λέγων
1150 4300 1239 4352 τὸν
1291 4299 1478 4368 θρόνον
1507 4301 1605 4370 τῆς
1637 4297 1926 4350 Κώνσταν-

350 4398 708 4460 τινουπόλεως
743 4394 1056 4462 λογίζεσθαι
1089 4392 1228 4462 μετὰ
1259 4391 1347 4444 τὸν
1396 4392 1493 4462 τῆς
1549 4389 1926 4460 πρεσϐυτέρας

2016 1937 2138 1978 eum
2186 1925 2480 1993 aequalibus
2523 1926 2667 1982 illam
2715 1927 2930 1996 dignam
2970 1923 3265 1978 honoribus
3305 1933 3588 1988 censeant,

2015 2016 2286 2082 quomodo
2321 2018 2626 2087 praepositio
2653 2031 2770 2088 post
2832 2017 3218 2086 subjectinnetn
3286 2015 3613 2082 signiﬁcare.

2016 2106 2242 2176 intelligi
2263 2109 2476 2177 potest?
2505 2107 2697 2163 Verum
2721 2108 3009 2163 Iustiniani
3042 2106 3262 2161 Novella
3297 2106 3588 2160 centesin-a

2020 2197 2332 2260 tricesima,
2396 2198 2870 2266 imperatoriarnm
2925 2196 3387 2252 Constitutionum
3454 2196 3590 2248 libro

2017 2291 2205 2357 quinto
2229 2330 2242 2351 ,
2274 2289 2428 2344 titulo
2455 2293 2636 2356 tertio,
2663 2307 2920 2344 canonem
2948 2290 3101 2343 aliter
3125 2289 3377 2359 explicat,
3404 2303 3591 2358 quem-

2019 2382 2306 2435 admodum
2363 2393 2415 2436 et
2483 2382 2546 2434 ab
2606 2384 2696 2436 illo
2755 2385 3078 2451 imperatore
3135 2380 3437 2435 intellectus
3487 2391 3588 2434 est.

2021 2473 2427 2528 Sanctissimum
2465 2491 2714 2543 namque,
2758 2475 2848 2538 ait,
2901 2475 3098 2528 veteris
3146 2472 3328 2528 Roma:
3368 2487 3586 2540 papam,

2019 2582 2082 2621 ex
2129 2577 2434 2621 sanctarum
2481 2568 2804 2635 synodnrun
2844 2567 3074 2636 placitis,
3131 2566 3292 2621 totius
3335 2565 3591 2618 ecclesia-

2020 2657 2138 2711 stici
2160 2658 2364 2712 ordinis
2397 2657 2690 2726 principem
2720 2673 2863 2719 essc,
2898 2657 3262 2711 beatissimum
3290 2671 3420 2709 vero
3449 2657 3594 2707 (inn.

2020 2749 2514 2817 stantinopolitana:
2576 2750 2758 2810 urbis.
2823 2765 2974 2803 nova:
3029 2749 3229 2813 liomat,
3281 2749 3592 2818 episcopum

2037 2843 2331 2897 secundum
2369 2843 2433 2893 ab
2465 2841 2758 2910 apostolica
2803 2844 2998 2894 veteris
3029 2840 3211 2893 Romae
3253 2845 3380 2893 sude
3420 2839 3594 2892 locum

1991 2922 2307 2996 'obtinere,
2359 2931 2478 2984 aliis
2537 2931 2787 2984 omnibus
2847 2931 3050 2985 honore
3093 2930 3426 3000 superiorem
3477 2945 3598 2983 esse

2025 3024 2388 3078 decernimus.
2427 3020 2565 3075 Hinc
2619 3022 2783 3090 igitur
2815 3024 3095 3089 perspicue
3127 3033 3351 3091 apparet
3397 3022 3592 3087 subje-

2027 3117 2284 3179 ctiOncm,
2314 3125 2368 3168 et
2403 3115 2816 3167 diminutionem
2851 3130 2942 3181 per
2971 3115 3422 3183 praepositionem,
3458 3121 3594 3179 post,

2029 3209 2345 3279 signiﬁcari,
2400 3223 2517 3261 cum
2567 3205 2762 3276 alioqui
2807 3207 3126 3274 przescrtim,
3171 3206 3389 3259 honoris
3421 3222 3598 3273 a-qna-

2029 3301 2151 3354 litas
2185 3302 2234 3353 in
2262 3310 2487 3368 utraque
2517 3299 2644 3352 sede
2668 3299 2888 3353 retineri
2918 3299 3225 3352 nullatenus
3254 3309 3434 3366 queat.
3458 3298 3593 3351 Nam

2028 3397 2140 3448 sive
2163 3395 2271 3460 ipsa
2297 3392 2580 3460 praesidum
2615 3393 2829 3444 nomina
2859 3393 3151 3452 recitanda,
3176 3395 3290 3445 sive
3323 3392 3372 3444 in
3405 3394 3595 3445 eodem

2028 3499 2283 3539 consessu
2321 3484 2536 3550 utrique
2563 3483 2932 3544 assidendnm,
2968 3484 3082 3535 sive
3109 3483 3389 3552 utriusque
3415 3482 3597 3536 chiro-

2027 3575 2232 3643 grapho
2286 3573 2471 3625 eadem
2533 3571 2834 3642 syngrapha
2892 3573 2962 3624 sit
3023 3571 3311 3636 ﬁrmanda,
3364 3573 3594 3627 alterum

2027 3676 2174 3718 certe
2219 3663 2454 3734 prtel‘erri
2491 3677 2710 3716 necesse
2750 3671 2852 3716 cst.
2891 3662 3206 3730 Quicunque
3249 3677 3379 3732 ergo
3425 3664 3597 3731 parti-

2027 3759 2205 3813 culam
2252 3769 2390 3826 post,
2419 3758 2587 3808 solam
2618 3754 2874 3824 temporis
2909 3756 3126 3818 seriem,
3152 3770 3253 3806 non
3289 3754 3597 3808 inferiorem

2026 3867 2238 3922 quoque
2270 3851 2548 3921 dignitatis
2581 3851 2806 3920 gradum
2851 3849 3159 3920 signiﬁcare
3196 3853 3512 3915 contendat,
3551 3851 3598 3904 is

2027 3959 2091 4000 et
2110 3947 2214 3999 vim
2257 3945 2381 3998 huic
2421 3943 2538 3996 loco
2586 3941 2798 4003 inferat,
2834 3953 2889 3995 et
2935 3943 3255 3994 sententiam
3293 3956 3466 4008 neque
3509 3957 3594 3994 re-

2026 4047 2189 4097 ctam,
2225 4050 2396 4102 neque
2423 4037 2616 4086 bonam
2640 4031 2834 4085 eliciat.
2867 4031 3006 4096 Quin
3035 4040 3086 4082 et
3113 4028 3382 4084 Trullana‘
3407 4030 3594 4100 synodi
3619 4052 3626 4066 ε

2027 4141 2230 4181 canone
2257 4124 2529 4179 tricesimo
2555 4133 2730 4182 sexto.
2763 4122 3067 4190 praepositio
3090 4161 3104 4184 ,
3133 4131 3274 4189 post,
3307 4121 3595 4184 subjectin-

2027 4235 2147 4273 nem
2203 4229 2390 4287 aperte
2441 4225 2614 4280 notat,
2667 4215 2916 4277 dicente,
2967 4225 3083 4275 post
3139 4215 3371 4282 antiquae
3414 4214 3596 4267 “nunc

2028 4314 2300 4374 thronum,
2343 4305 2616 4363 secundus
2645 4302 3258 4373 COnstantinopolitanze
3290 4306 3401 4357 sedi
3449 4306 3596 4358 locus

2026 4406 2328 4473 assignetur
2351 4419 2366 4469 ;
2387 4401 2580 4455 deinde
2601 4399 2889 4468 subiungit,
2915 4407 3034 4467 post
3061 4399 3198 4452 hanc
3215 4399 3596 4456 Alexandrina.

360 4490 575 4562 Ῥώμης
600 4507 615 4520 °
670 4483 789 4540 εἶτα
831 4486 1052 4554 ἐπάγει,
1089 4483 1211 4554 μεθ’
1236 4483 1294 4536 ὃν
1340 4486 1366 4535 ὀ
1396 4482 1497 4551 τῆς
1535 4480 1923 4550 Ἀλεξανδρέων

2036 4498 2157 4550 inde
2212 4493 2568 4557 Antiochena,
2626 4502 2676 4546 et
2743 4499 2864 4560 post
2930 4491 3323 4544 Antiochenam
3382 4490 3597 4543 demum

345 4579 692 4654 ἁριθμείσθω
721 4579 931 4649 θρόνος,
951 4573 1070 4629 εἶτα
1102 4577 1130 4628 6
1165 4576 1262 4645 τῆς
1292 4571 1638 4642 Ἀντιοχείας,
1674 4572 1765 4623 καὶ
1786 4569 1927 4639 μετὰ

341 4677 537 4729 τοῦτον
563 4676 592 4727 6
625 4674 724 4741 τῆς
760 4671 1233 4745 Ἱεροσολυμιτῶν.
1271 4665 1274 4669 ’

341 4766 652 4823 ΔΡΙΣΤ.Ὀ
677 4764 1366 4825 Κωνσταντινουπόλεως
1395 4759 1544 4828 μετὰ
1577 4753 1925 4822 τὸνῬώμης

971 4855 1276 4920 τετίμηται
1287 4895 1299 4908 .

413 4949 540 5004 Τῶν
585 4947 770 5003 αὐτῶν
826 4947 1135 5018 πρεσϐείων
1185 4946 1277 4997 καὶ
1328 4944 1428 5011 τῆς
1481 4942 1650 5010 αὐτῆς
1709 4937 1925 5006 μεθέξει

343 5043 516 5113 τιμῆς
568 5041 647 5111 τῷ
683 5038 907 5109 Ῥώμης
957 5042 1246 5106 ὲπισκόπῳ
1293 5038 1386 5088 καὶ
1421 5037 1450 5087 6
1481 5035 1926 5086 Κωνσταντινου-

343 5133 556 5195 πῦλεως
594 5132 932 5194 ἐπίσκοπος·
979 5128 1165 5191 καθὼς
1222 5129 1312 5180 καὶ
1362 5129 1388 5178 ὁ
1445 5125 1686 5184 εἰκοστὸς
1740 5120 1925 5187 ὅγδοος

346 5222 531 5278 κανὼν
551 5225 650 5293 τῆς
681 5226 740 5276 ὲν
781 5221 1086 5292 Χαλκηδόνι
1125 5221 1345 5273 συνόδου
1378 5219 1470 5269 τὸν
1505 5217 1707 5269 κανόνα
1738 5211 1926 5264 τοῦτον

343 5316 564 5385 ἐνόησε.
593 5317 684 5369 διὰ
714 5315 776 5369 τὸ
805 5311 945 5368 εἶναι
973 5315 1180 5382 ταύτην
1207 5313 1335 5364 νέαν
1369 5309 1613 5381 Ῥώμην,
1645 5307 1737 5358 καὶ
1761 5319 1926 5372 τιμη-

343 5409 510 5477 θῆναι
540 5408 794 5478 βασιλείᾳ
825 5424 887 5460 τε
921 5407 1017 5460 καὶ
1048 5405 1359 5474 συγκλήτῳ.
1392 5404 1465 5456 Τὸ
1498 5405 1608 5472 γὰρ
1629 5397 1782 5466 μετὰ
1835 5397 1921 5446 ὲν-

336 5500 520 5554 ταῦθα
570 5500 630 5554 οὐ
677 5500 780 5568 τῆς
827 5501 1012 5569 τιμῆς.
1063 5498 1200 5552 ἀλλὰ
1237 5496 1330 5548 τοῦ
1358 5495 1551 5566 χρόνου
1582 5491 1701 5544 ἐστὶ
1746 5486 1920 5558 δηλω-

338 5595 532 5648 τικόνο
582 5595 658 5656 ὠς
703 5594 772 5648 ἂν
818 5594 963 5646 εῑποι
993 5610 1096 5656 τις
1143 5592 1224 5644 ὅτι
1262 5591 1401 5661 μετὰ
1441 5586 1668 5644 πολλοὺς
1692 5583 1922 5654 χρόνους

339 5691 442 5754 τῆς
480 5688 604 5755 ἴσης
633 5686 802 5756 τιμῆς
832 5684 910 5755 τῷ
939 5685 1162 5754 Ῥώμης
1191 5682 1424 5754 μετέσχε
1458 5680 1552 5733 καὶ
1577 5679 1604 5730 6
1633 5677 1917 5730 Κώνσταν-

343 5782 710 5840 τινουπόλεως
722 5817 734 5832 .
1278 5784 1286 5792 ’

2032 4585 2521 4656 Hierosolymitana
2559 4591 2892 4636 numeretur.

2032 4764 2258 4822 ARIST.
2309 4762 2923 4827 Constantinoyiolitanus
2962 4763 3230 4830 episcopus
3259 4769 3372 4827 post
3402 4757 3599 4811 Roma-

2436 4871 2557 4908 num
2592 4856 2860 4920 proximus
2893 4856 3200 4906 honoratur.

2100 4950 2300 5004 Eadem
2348 4946 2645 5014 privilegia,
2690 4946 3070 5011 eumdemque,
3121 4959 3280 5010 quem
3321 4943 3600 4998 Romanus

2032 5044 2312 5112 episcopus
2358 5039 2619 5090 honorem
2659 5035 2876 5088 habebit
2919 5045 2973 5089 et
3014 5036 3299 5105 episcopus
3332 5035 3597 5090 Constan-

2028 5132 2414 5198 tinopolitanus
2443 5125 2936 5194 ;quetnadmodum
2969 5133 3022 5178 et
3053 5125 3342 5181 vicesimus
3379 5138 3599 5182 octavus

2025 5224 2211 5296 synodi
2245 5219 2707 5275 Chalcedonensis
2741 5233 2912 5272 canon
2949 5218 3098 5273 hunc
3142 5233 3405 5273 canonem
3441 5218 3597 5272 intel-

2025 5317 2156 5372 lexit
2181 5331 2198 5369 :
2227 5316 2482 5384 quoniam
2528 5311 2640 5381 ipsa
2669 5322 2752 5364 est
2787 5326 2924 5366 nova
2966 5311 3136 5366 Roma
3159 5351 3175 5377 ,
3209 5328 3270 5366 ac
3306 5313 3598 5366 honoratur
3638 5364 3642 5366 .

2021 5423 2078 5464 et
2104 5408 2328 5476 imperio
2356 5415 2410 5459 et
2440 5413 2649 5461 senatu.
2679 5402 2810 5456 Nam
2867 5407 3170 5475 praepositio
3217 5414 3332 5472 post
3379 5405 3465 5457 hic
3492 5417 3596 5455 non

2026 5504 2306 5562 honorem,
2338 5499 2430 5553 sed
2469 5511 2675 5568 tempus
2705 5499 2968 5566 signiﬁcat
2995 5514 3008 5527 ο
3035 5512 3110 5550 ac
3137 5497 3179 5550 si
3211 5497 3413 5549 diceret
3450 5493 3597 5560 quis-

2026 5591 2190 5662 piam,
2221 5591 2363 5660 quod
2395 5600 2516 5660 post
2548 5590 2741 5644 multos
2773 5604 2942 5642 annos
2993 5589 3276 5656 episcopus
3328 5584 3597 5638 Constan-

2031 5682 2415 5751 tinOpnlitauus
2447 5681 2692 5735 Romano
2723 5679 2980 5749 aequalem
3030 5678 3277 5732 habuerit
3319 5677 3594 5730 honorem.
