4072 6380
332 304 438 365 3‘29

1520 305 1603 365 IN
1643 303 1818 365 CAN.
1861 304 1907 363 V
1952 302 2169 365 CONC.
2208 302 2319 365 ΟΡ.
2358 304 2440 364 ΙΙ.

3493 310 3598 375 330

330 420 387 473 δὲ
412 417 508 473 τοῦ
538 413 934 489 ἀρχιερατικοῦ
966 415 1159 487 θρόνου
1215 412 1318 485 τῆς
1379 413 1906 470 Κωνσταντινουπόι-

2040 414 2268 482 (περίεις,
2312 422 2502 467 sancto
2549 411 2692 467 Patri
2741 414 2877 471 adeo
2929 413 3213 471 familiaris
3258 415 3377 481 luit,
3436 429 3495 471 ut
3537 422 3603 472 ad

332 508 469 571 λεως
496 509 757 578 γεγονὼς,
782 510 1044 580 χρήματα
1068 506 1283 562 στέλλει
1317 508 1399 570 εἰς
1466 506 1909 578 Ἀλεξάνδρειαν,

339 601 597 669 κάκεῖθεν
650 602 988 661 ἐπισκόπους
1040 600 1165 668 ἄγει
1224 599 1707 670 χειροτονήσοντας
1755 599 1919 655 αὐτὸν

338 694 606 764 ἀρχιερέα
654 696 754 763 τῆς
787 691 1441 755 Κωνσταντινουπόλεως,
1480 692 1618 763 ἔχων
1654 691 1749 745 καί
1792 710 1919 746 τινα

333 785 598 856 συνεργὸν
630 785 740 837 τῶν
773 784 1125 838 οἰκειοτάτων
1156 783 1234 854 τῷ
1272 783 1540 855 Θεολόγῳ.
1578 785 1716 854 Ἤδη
1743 784 1799 837 δὲ
1821 784 1919 851 τῆς

330 878 632 948 ἐκκλησίας
658 877 805 931 ενδον
833 877 1145 947 γενόμενοι,
1212 876 1321 946 πρὸ
1390 877 1484 930 τοῦ
1550 875 1769 931 τελέσαι
1819 877 1927 946 τὴν,

329 970 555 1040 τελετὴν
584 970 952 1037 γνωσθέντες,
981 969 1352 1039 ἀπηλάθησαν
1380 968 1487 1028 ὑπὸ
1533 968 1645 1022 τῶν
1684 969 1916 1034 πιστῶν,

329 1065 428 1115 καὶ
448 1064 819 1125 ἀπελαθέντες
854 1062 956 1115 οὐκ
1013 1061 1397 1132 ἐφησύχασαν,
1447 1060 1564 1114 ἀλλ’
1620 1064 1701 1124 εἰς
1741 1062 1921 1115 οἰκίαν

328 1155 610 1219 εἰσδύντες
670 1153 939 1224 χοραύλου
1006 1153 1170 1217 τινὸς,
1219 1154 1336 1205 ἐκεῖ
1389 1153 1765 1224 χειροτονοῦσι
1826 1154 1920 1206 τὸν

329 1246 606 1315 Μάξιμον,
643 1247 692 1297 εί
725 1246 819 1297 καὶ
876 1244 1045 1314 μηδὲν
1084 1243 1342 1296 ἀπώνατο
1393 1243 1493 1310 τῆς
1546 1245 1674 1315 περὶ
1741 1243 1918 1297 ταῦτα

331 1338 637 1407 μοχθηρίας
671 1352 687 1366 ’
711 1336 832 1390 οὐδὲ
856 1337 964 1405 γὰρ
985 1335 1184 1389 ἀνύσαι
1217 1353 1269 1388 τι
1329 1334 1605 1405 δεδύνητο.
1685 1337 1921 1401 Ἀπεκη-

330 1429 509 1497 ρύχθη
536 1427 628 1481 οὖν
660 1427 749 1479 διὰ
792 1428 889 1480 τοῦ
923 1428 1197 1497 παρόντος
1227 1428 1451 1491 κανόνος
1486 1427 1593 1481 ὑπὸ
1616 1427 1725 1480 τῶν
1760 1430 1816 1481 ὲν
1848 1432 1914 1500 τῇ

332 1520 570 1590 δευτέρᾳ
606 1520 809 1588 συνόδῳ
842 1518 1215 1571 συνελθόντων
1248 1517 1421 1585 ἁγίων
1455 1519 1722 1590 Πατέρων
1800 1521 1921 1589 ὁρι-

332 1614 542 1668 σάντων
571 1613 708 1683 μήτε
747 1612 1052 1664 ἐπίσκοπον
1086 1609 1251 1663 αὐτὸν
1285 1609 1569 1678 γενέσθαι,
1600 1609 1633 1679 ἢ
1664 1606 1804 1663 εἶναι
1830 1611 1920 1664 διὰ

333 1704 388 1755 τὸ
410 1705 697 1773 ὲκθὲσμως
729 1703 1236 1774 κεχειροτονῆσοαι,
1276 1703 1415 1773 μήτε
1466 1701 1599 1772 παρ’
1636 1701 1783 1771 αύτῷ
1808 1719 1923 1772 χειν-

333 1794 717 1864 ροτονηθέντας
746 1794 1040 1863 κληρικοὺς
1069 1793 1359 1864 ὑπάρχειν.
1392 1792 1662 1863 ’Ὑστερον
1687 1791 1744 1844 δὲ
1781 1808 1922 1859 γνω‹⁵

334 1884 485 1947 σθεὶς
547 1884 616 1937 τὰ
673 1885 1095 1955 Ἀπολλιναρίου
1164 1886 1387 1955 φρονεῖν
1447 1886 1542 1937 καὶ
1602 1883 1926 1953 ἀνεθεματί-

333 1979 457 2047 σθη.
516 1977 721 2032 Τούτου
780 1980 878 2034 καὶ
919 1981 948 2033 ὁ
1004 1978 1270 2046 Θεολόγος
1316 1976 1373 2031 ἕν
1407 1994 1516 2031 τινι
1554 1977 1663 2032 τῶν
1694 1977 1771 2046 μὴ
1830 1977 1917 2030 ἐπ’

332 2070 627 2139 ἐκκλησίας
656 2070 1180 2140 ἀναγινωσκομένων
1207 2069 1382 2138 λόγων
1420 2069 1587 2125 αὐτοῦ
1624 2069 1922 2140 μέμνηται.

2022 520 2225 559 mensa:
2252 518 2468 573 quoque
2496 505 2934 561 communionem
2970 507 3037 561 ab
3077 510 3267 562 eodem
3292 508 3609 564 admittere,

2024 606 2132 650 tur.
2175 596 2370 652 Postea
2402 612 2523 652 cum
2554 598 2970 667 patriarchalem
2994 601 3611 671 Constantinopolitanre

2022 692 2168 744 sedis
2209 690 2524 760 dignitatem
2580 692 2977 760 concupiisset,
3024 693 3267 762 pecunia:
3314 710 3604 751 numerum

2024 783 2187 836 mittit
2237 783 2648 849 Alexandriam,
2703 784 2913 853 sibique
2945 784 3069 839 inde
3108 786 3367 840 subornat
3400 786 3610 856 episco-

2021 890 2121 943 pos
2164 876 2663 946 (Ionstantinoriolis
2692 877 3056 946 patriarcham
3104 878 3254 934 illum
3301 880 3605 945 electuros;

2023 982 2086 1021 ex
2143 968 2348 1021 intimis
2402 950 2565 1022 etiam
2599 967 2857 1038 Theologi
2912 969 3145 1037 quodam
3192 970 3309 1039 eius
3342 971 3611 1039 adiutore.

2023 1060 2125 1125 Qui
2175 1060 2425 1130 quidem,
2492 1076 2614 1115 cum
2674 1062 2724 1113 in
2780 1062 3009 1116 ecclesia
3056 1061 3168 1131 jam
3211 1064 3611 1123 constitissent.

2026 1154 2265 1205 nondum
2313 1151 2550 1220 perlecta
2590 1168 2646 1206 rc
2676 1153 3030 1223 deprehensi,
3090 1162 3255 1224 atque
3300 1171 3330 1208 a
3365 1155 3612 1211 ﬁdelibus

2024 1245 2206 1313 ejecti,
2263 1261 2368 1300 non
2421 1258 2709 1316 propterea
2771 1251 3117 1317 quieverunt,
3183 1249 3280 1304 sed
3328 1250 3613 1304 Choraula:

2025 1338 2302 1405 cujusdam
2351 1341 2567 1395 domum
2604 1342 2853 1410 ingrcssi,
2900 1340 3193 1395 Maximum
3244 1342 3610 1412 patriarcbam

2024 1427 2323 1492 ordinant,
2410 1429 2662 1498 quamvis
2731 1430 2866 1484 nihil
2934 1430 2982 1484 ei
3040 1430 3245 1499 profuit
3309 1432 3614 1489 istiusmodi

2028 1516 2363 1586 improbitas,
2419 1533 2520 1572 nec
2568 1518 2860 1587 quidquam
2917 1517 3061 1572 enim
3112 1520 3376 1587 perlicere
3425 1530 3614 1588 potuc—

2026 1623 2174 1666 runt.
2264 1611 2553 1669 Hominem
2614 1614 2818 1683 igitur,
2880 1615 3130 1669 secundae
3185 1615 3376 1686 synodi
3441 1620 3615 1671 sancti

2028 1701 2216 1757 Patres
2246 1704 2349 1757 hoc
2381 1718 2591 1758 canone
2618 1713 2899 1768 notavere,
2935 1718 3035 1757 nec
3065 1704 3378 1773 episc0pum
3415 1707 3614 1761 factum

2027 1792 2193 1848 fuisse
2242 1804 2336 1848 aut
2390 1810 2534 1859 esse,
2588 1794 2898 1849 ordinatum
2944 1795 3143 1862 quippe
3198 1802 3389 1849 contra
3447 1796 3615 1868 leges,

2033 1900 2134 1940 nec
2188 1887 2384 1956 quibus
2422 1886 2642 1941 ordines
2691 1883 3030 1951 contulisset,
3077 1886 3128 1938 in
3165 1885 3484 1942 claricorum
3519 1906 3615 1945 nu.

2031 1994 2185 2034 mero
2230 1979 2509 2034 habendos
2557 1993 2677 2034 esse
2730 1978 3015 2034 definiunt.
3102 1978 3361 2034 Eumdem
3408 1994 3616 2051 posvea,

2035 2086 2155 2125 cum
2198 2074 2268 2126 ab
2309 2071 2648 2142 Apollinario
2696 2070 2914 2125 stetisse
2956 2070 3227 2138 cognitum
3279 2080 3446 2139 esset,
3480 2087 3611 2128 ana-

332 2164 569 2218 themate
628 2164 978 2220 damnavere.
1016 2164 1093 2221 Ac
1144 2164 1305 2235 hujus
1352 2164 1571 2234 quidem
1626 2163 1901 2231 hominis,
1941 2165 2086 2235 apud
2135 2165 2488 2237 Theologum,
2543 2166 2596 2220 in
2658 2166 2745 2232 iis,
2789 2181 2926 2236 quas
2970 2167 3211 2223 Ecclesia
3252 2182 3356 2221 non
3406 2167 3616 2222 recitat'

328 2251 698 2318 Orationibus,
730 2255 1058 2310 mentionem
1084 2254 1278 2310 alicubi
1312 2254 1511 2311 factam
1549 2254 1809 2322 reperias.

333 2348 552 2402 ΔΡΙΣΤ.
581 2347 897 2417 Μάξιμοςό
921 2349 1182 2414 Κυνικὸς
1208 2348 1329 2402 τῶν
1349 2349 1702 2403 ἐπισκόπων
1735 2349 1921 2403 ἁλλό-

403 2441 596 2509 τριος;’
620 2440 716 2493 καὶ
734 2439 894 2508 ἄπας
923 2440 1183 2509 ἀνίερος,
1211 2443 1280 2508 ὃς
1300 2442 1510 2507 ἐκείνῳ
1527 2442 1919 2512 κεκλήρωται.

404 2529 526 2583 Ὀτι
562 2547 666 2599 περ
698 2522 855 2594 οὗτος
898 2532 995 2600 τὴν
1062 2530 1397 2601 Ἐκκλησίαν
1449 2532 1753 2602 ὲσπάραξε,
1815 2532 1911 2584 καὶ

338 2624 583 2695 ταραχῆς
613 2623 787 2694 αὐτὴν
817 2624 912 2675 καὶ
944 2623 1181 2693 θορύϐου
1205 2622 1499 2693 ἐνέπλησε,
1556 2622 1723 2686 λύκος
1794 2622 1920 2676 ἀντὶ

338 2718 596 2787 ποιμένος
625 2717 941 2786 ὀφθεὶςριαὶ
973 2718 1151 2770 πάντα
1188 2715 1491 2786 συγχωρῶν
1521 2714 1756 2785 ἑτοίμως
1805 2717 1922 2778 τοῖς

337 2792 647 2874 πταίουσιν,
686 2808 828 2879 ὑπὲρ
859 2809 979 2871 ἑνὸς
1005 2806 1100 2860 τοῦ
1160 2806 1381 2863 ἀσεϐεῖν
1429 2809 1487 2861 ὲν
1528 2811 1641 2870 τοῖς
1686 2807 1923 2877 δόγμασι

334 2902 476 2954 μιατά
502 2902 594 2953 τὸν
620 2901 797 2971 μέγαν
828 2902 887 2955 ὲν
932 2900 1187 2971 θεολογίᾳ
1230 2900 1559 2972 Γρηγόριον.
1617 2900 1924 2972 Ἀλλότριος

334 2990 423 3049 οὖν
457 2995 553 3043 καὶ
576 2992 604 3041 ό
639 2991 891 3060 Μάξιμος
930 2983 1087 3053 οὗτος
1120 2989 1230 3042 τῶν
1259 2990 1580 3043 ἐπισκόπων
1615 2989 1795 3056 ἔσται,
1825 2987 1923 3043 καὶ

2022 2351 2543 2425 ARIST.|Haximus
2569 2353 2793 2423 Cynicus
2814 2354 2877 2407 ab
2899 2354 3151 2423 episcopis
3174 2353 3397 2419 alienus,
3417 2363 3464 2407 et
3481 2354 3616 2419 qui"

2076 2449 2192 2517 quis
2211 2447 2275 2500 ab
2305 2463 2365 2500 eo
2384 2450 2437 2499 in
2456 2447 2653 2500 clerum
2670 2446 2964 2515 adscriptas
2982 2455 3079 2511 est,
3102 2447 3361 2517 profanus
3383 2447 3616 2501 habetur.

2078 2539 2346 2606 Quoniam
2395 2539 2483 2592 hic
2536 2537 2836 2594 Ecclesiam
2872 2540 3211 2605 dilaceravit,
3248 2556 3477 2610 eamque
3503 2555 3618 2609 per-

2026 2632 2337 2687 turbatione
2364 2642 2418 2686 et
2452 2632 2685 2687 tumultu
2741 2632 3009 2701 implevit,
3060 2633 3218 2703 lupus
3269 2650 3368 2703 pro
3403 2643 3617 2703 pastore

2029 2726 2204 2789 visus,
2252 2737 2307 2781 et
2338 2726 2517 2780 omnia
2560 2725 2958 2782 oll‘endeutibus
3001 2737 3252 2797 prompte
3299 2728 3618 2790 concedens,

2032 2835 2099 2876 eo
2151 2822 2329 2877 solum
2385 2822 2529 2891 quod
2568 2823 2619 2875 in
2662 2809 2929 2893 dogmatis
2984 2824 3184 2894 impius
3238 2824 3357 2892 fuit,
3419 2839 3619 2880 secun-

2030 2914 2159 2969 dum
2229 2929 2481 2983 magnum
2552 2912 2891 2985 Theologum
2958 2916 3305 2984 Gregorium.
3398 2918 3619 2970 Alienus

2031 3007 2216 3075 itaque
2249 3008 2316 3061 ab
2344 3007 2616 3075 episcopis
2643 3007 2748 3060 erit
2771 3005 3060 3090 Maximus,
3090 3017 3145 3061 et
3180 3007 3270 3077 qui
3298 3008 3364 3063 ab
3394 3019 3459 3062 eo
3484 3008 3601 3062 ordi

338 3085 381 3137 ai
415 3082 550 3153 παρ’
577 3082 746 3136 αὑτοῦ
777 3083 1274 3155 χειροτονηθέντες,
1296 3083 1353 3136 ὲν
1385 3082 1689 3154 οίῳδήποτε
1723 3081 1923 3153 βαθμῷ

2035 3098 2142 3149 nati
2195 3096 2371 3161 fuere,
2428 3111 2754 3169 quocunque
2802 3081 3016 3152 tandem
3060 3096 3192 3151 cleri
3240 3096 3430 3166 gradu,
3482 3097 3620 3152 inter

334 3175 541 3246 κλήρου
584 3175 818 3246 ἀνίεροι.

940 3266 1181 3323 ΚᾹΝΩΝ
1215 3269 1293 3321 E'.

335 3361 472 3428 Περὶ
506 3360 617 3414 τοῦ
646 3360 831 3430 τόμου
858 3359 978 3413 τῶν
1005 3360 1268 3414 δυτικῶν
1298 3360 1399 3415 καί
1430 3360 1573 3429 τοὺς
1607 3362 1677 3416 ἐν
1707 3363 1936 3417 Ἀντιο-

395 3456 538 3523 gela
592 3452 1012 3521 ἀπεδεξάμεθα
1063 3453 1208 3519 τοὺς
1260 3454 1412 3523 μίαν
1485 3454 1937 3523 ὁμολογοῦντας

393 3544 657 3613 Πατρός,
713 3546 813 3599 καὶ
848 3545 1009 3612 Γλοῦ,
1044 3545 1143 3600 καὶ
1196 3546 1372 3616 ἁγίου
1405 3549 1751 3617 Πνεύματος
1808 3549 1935 3602 θεό-

411 3654 567 3706 τητα
591 3638 729 3709 (76).

405 3732 611 3787 ΒΔΛΣ.
640 3732 756 3786 Καὶ
783 3724 942 3796 οὗτος
962 3732 990 3789 ὁ
1016 3732 1197 3787 κανὼν
1223 3732 1391 3797 ίδικός
1421 3734 1593 3789 ἐστιν.
1629 3732 1933 3804 ’ἱστόρηται

341 3823 448 3894 γὰρ
477 3823 561 3876 ὅτι
591 3823 975 3888 Κωνστάντιος
1004 3826 1032 3879 ὁ
1063 3824 1339 3895 βασιλεὺς,
1383 3826 1411 3878 ὁ
1439 3826 1555 3889 υίὸς
1607 3825 1701 3882 τοῦ
1737 3825 1930 3894 Μεγὰ-

348 3919 443 3966 λου
464 3915 912 3980 Κωνσταντίνου,
956 3916 1013 3969 Ἀ
1025 3918 1329 3986 ρειανίσας,
1360 3916 1593 3971 ἔσπευδε
1620 3917 1934 3987 ἀνατρέψαι

358 4004 458 4071 τὴν
489 4002 700 4076 πρώτην
735 4007 979 4062 σύνοδον.
998 4008 1207 4064 Μαθὼν
1264 4009 1322 4062 δὲ
1374 4008 1536 4064 τοῦτο
1605 4009 1869 4072 Κώνστας
1905 4011 1933 4062 ὁ

365 4095 586 4165 ἀδελφὸς
604 4099 790 4165 αὑτοῦ,
808 4102 918 4159 τῶν
943 4102 1221 4173 ἑσπερίων
1245 4102 1516 4173 κυριεύων
1550 4102 1755 4172 μερῶν,
1776 4102 1935 4171 ἠπεί-

359 4188 486 4258 ὶησε
520 4189 604 4244 διὰ
645 4193 879 4262 γραφῶν
900 4193 1141 4264 πόλεμον
1160 4194 1238 4265 τῷ
1285 4193 1502 4264 ἀδελφῷ
1557 4194 1748 4261 αὑτοῦ,
1776 4196 1826 4246 εί
1856 4193 1933 4264 μὴ

355 4281 621 4335 παύσαιτο
649 4284 749 4355 τὴν
781 4286 950 4356 ὀρθὴν
980 4286 1165 4341 πίστιν
1208 4286 1479 4344 σαλεύειν.
1561 4287 1782 4353 Ἐδοξεν
1838 4286 1931 4342 οὖν

354 4376 455 4437 τοῖς
489 4376 782 4446 βασιλεῦσι
819 4379 1098 4441 συνελθεῖν
1125 4381 1184 4437 ὲν
1242 4381 1488 4453 Σαρδικῇ
1519 4380 1642 4451 ἦτοι
1668 4382 1735 4452 τῇ
1754 4380 1928 4451 Τρια-

2037 3186 2295 3256 profanos
2325 3185 2514 3241 habiti.

2543 3276 2653 3347 92
2692 3275 2997 3333 CANON
3051 3275 3117 3331 ν.

2037 3368 2191 3434 Quod
2234 3369 2304 3419 ad
2349 3366 2589 3421 volumen
2624 3369 2809 3421 attinet
2848 3366 3290 3434 Occidentalium,
3338 3367 3501 3423 etiam
3539 3385 3620 3423 eo:

2107 3461 2423 3529 suscipimus
2456 3463 2545 3526 qui
2576 3461 2869 3516 Antiochia:
2897 3478 3059 3514 unam
3094 3459 3274 3515 Patris
3322 3472 3370 3515 et
3418 3460 3546 3516 Filii
3576 3473 3621 3517 et

2107 3556 2274 3608 sancti
2303 3552 2535 3624 Spiritus
2569 3554 2835 3607 Dei:atem
2867 3553 3206 3621 conﬁtentur.

2108 3724 2304 3781 DALS.
2359 3724 2459 3780 Hic
2481 3739 2699 3795 quoque
2729 3738 2900 3779 canon
2930 3733 3013 3779 est
3038 3723 3311 3792 specialis.
3356 3723 3415 3779 ln
3443 3723 3621 3781 Histo-

2035 3820 2137 3876 riis
2159 3820 2301 3875 enim
2329 3819 2589 3887 scriptum
2612 3828 2715 3881 est,
2753 3818 2896 3886 quod
2920 3817 3219 3886 imperator
3246 3816 3622 3883 Constantius,

2034 3913 2212 3984 Magni
2248 3910 2593 3966 Constantini
2641 3910 2803 3974 filius,
2858 3908 3095 3967 Arianus
3134 3910 3336 3975 factus,
3392 3911 3621 3981 primam

2035 4008 2302 4079 synodum
2353 4013 2600 4059 evertere
2651 4014 2879 4057 conatus
2928 4011 3032 4057 est.
3102 4003 3236 4057 Cum
3290 4003 3395 4059 hoc
3442 4014 3623 4058 autem

2037 4097 2351 4153 rescivisset
2382 4094 2499 4165 ejus
2542 4093 2710 4147 frater
2740 4094 3029 4159 Constans,
3062 4093 3152 4162 qui
3186 4091 3622 4147 Occidentalibus

2034 4192 2283 4261 partibus
2343 4186 2748 4251 dominabatur,
2807 4185 2961 4239 fratri
3013 4201 3110 4239 suo
3167 4184 3367 4239 bellum
3426 4184 3622 4239 litteris

2039 4285 2279 4339 minatus
2300 4288 2405 4343 est,
2440 4278 2543 4333 nisi
2570 4287 2773 4332 rectam
2796 4277 2953 4331 tidem
2978 4276 3302 4330 labefactare
3327 4275 3622 4331 desineret.

2035 4375 2223 4432 Visum
2258 4383 2341 4429 est
2375 4388 2504 4443 ergo
2536 4371 2979 4442 imperatoribus,
3013 4379 3071 4424 ut
3099 4369 3336 4425 Serdica:
3355 4385 3448 4424 seu
3472 4368 3624 4422 Tria.

349 4466 497 4542 βίτζῃ
527 4472 658 4534 τοὺς
694 4473 1053 4539 ἐπισκόπους,
1130 4474 1227 4529 καὶ
1304 4474 1749 4544 διαγνωμονῆσαι
1804 4473 1928 4544 περὶ

2041 4469 2201 4525 ditzae
2236 4465 2473 4536 episcopi
2520 4463 2898 4529 convenirent,
2940 4471 2995 4517 et
3040 4462 3108 4516 de
3149 4460 3217 4515 iis
3268 4475 3388 4531 quae
3433 4457 3625 4514 Nicme

346 4561 454 4613 τῶν
476 4565 533 4614 ὲν
550 4562 764 4634 Νικαίᾳ
785 4564 1281 4635 δογματισθέντων.
1306 4565 1816 4636 Συναθροισθέντων
1838 4560 1933 4619 οὖν

2043 4564 2264 4618 decreta
2317 4567 2511 4626 erant,
2566 4557 2958 4628 disceptarent.
3042 4553 3401 4625 Congregatis
3444 4553 3625 4629 itaque

1553 4708 1757 4771 Guill.
1793 4704 2130 4785 Beveregii
2158 4711 2344 4767 notua.

421 4811 537 4876 (76)
566 4811 673 4864 Kal
719 4811 827 4865 τοῦ
872 4812 1049 4880 ἁγίου
1102 4812 1450 4880 Πνεύματος
1500 4812 1771 4877 θεότητα.
1819 4809 1948 4863 Post

344 4884 450 4934 ista
482 4881 671 4933 ultima
708 4882 867 4949 hujus
898 4882 1125 4935 canonis
1166 4885 1331 4935 verba
1379 4882 1430 4933 in
1483 4880 1707 4935 Joaunis
1755 4880 1945 4932 Antio-

349 4951 512 5005 cheni
538 4952 766 5013 llollect,
796 4970 920 5005 can.
951 4952 1034 5004 tit.
1070 4950 1162 5017 36,
1193 4951 1308 5017 haec
1340 4952 1631 5014 adduntur,
1656 4952 1704 5002 oi
1730 4949 1787 5002 δὲ
1816 4965 1944 5001 συν-

348 5023 603 5082 ελθόντες
644 5022 939 5075 ἐπίσκοποί
964 5046 975 5079 ι
1001 5015 1155 5073 εἰσιν
1196 5015 1343 5074 οὗτοι
1370 5037 1382 5052 '
1443 5020 1751 5090 Νεκτάριος
1812 5019 1945 5090 Αὲπί-

350 5106 562 5152 σκοπος
624 5091 1257 5155 Κωνσταντινουπόλεως
1284 5130 1298 5155 ,
1348 5088 1645 5159 Τιμόθεοςή
1680 5088 1936 5159 Ἀλεξαν-

345 5162 541 5228 δρεὺς,
578 5163 671 5213 καὶ
731 5163 779 5215 oi
826 5161 1006 5214 λοιποὶ
1058 5161 1349 5221 ἐπίσκοποι
1388 5157 1486 5230 ρν’.
1527 5160 1680 5226 ane,
1733 5157 1934 5223 fateor,

348 5233 519 5283 Verba
548 5233 894 5286 subindicare
930 5233 1234 5295 videantur,
1294 5239 1612 5299 przeseutem
1669 5244 1934 5284 canonem

349 5318 383 5352 a
415 5304 652 5353 secunda
688 5302 923 5368 generali
952 5302 1467 5372 synodo__sancituin
1536 5314 1682 5372 esse,
1738 5309 1934 5355 contra

349 5386 419 5424 ac
449 5386 479 5423 a
515 5373 669 5423 nobis
697 5385 964 5433 assertum
985 5370 1095 5426 est.
1159 5370 1353 5426 Verum
1386 5372 1493 5424 iste
1550 5371 1932 5440 episcoporum

349 5439 643 5508 catalogus
676 5443 747 5495 ibi
779 5442 1035 5495 cnll0cari
1074 5443 1267 5511 potuit,
1322 5439 1605 5511 postquam
1641 5440 1730 5493 hic
1758 5456 1931 5493 canon

344 5519 589 5579 quatuor
618 5513 895 5579 prioribus
924 5509 1170 5580 adjectus
1204 5511 1385 5564 fuerit.
1410 5509 1476 5562 Et
1501 5518 1781 5577 przcterea,
1809 5523 1934 5580 cum

350 5577 598 5633 liiaxima
620 5577 755 5649 pars
790 5577 1191 5651 episcoporum,
1221 5581 1314 5650 qui
1342 5583 1393 5633 in
1417 5580 1652 5633 secunda
1690 5577 1933 5651 generali

345 5652 565 5721 synodo
619 5653 931 5721 congregati
980 5650 1221 5713 fuerant,
1270 5651 1395 5705 huic
1444 5652 1607 5703 etiam
1650 5650 1934 5721 condendo

354 5719 556 5782 Latroni
623 5719 973 5787 interessent,
1035 5721 1223 5774 iisdem
1273 5731 1488 5775 certu'v
1543 5719 1936 5793 quinquaginta

690 5822 965 5883 Ρηιιοι..
1003 5819 1122 5879 Gn.
1168 5820 1535 5881 CXXXVII.

2048 4806 2305 4862 Patribus
2337 4804 2440 4858 iste
2473 4818 2580 4857 non
2611 4801 2883 4860 immerito
2917 4798 3251 4857 attribuatur
3282 4817 3295 4853 :
3325 4797 3625 4865 praesertim

2048 4892 2174 4932 cum
2215 4876 2266 4928 in
2302 4873 2527 4940 epistola
2560 4873 2648 4925 illa
2678 4872 2960 4942 synodica,
2992 4885 3058 4942 εξ
3098 4883 3201 4938 qua
3248 4883 3491 4942 praesens
3540 4868 3625 4919 hic

2048 4960 2223 5001 canon
2247 4937 2740 5013 desumptusuobis
2759 4941 2994 5013 videtur,
3018 4937 3229 5004 Patres,
3248 4939 3623 5013 quieamcon-

2048 5017 2410 5083 scripserunt,
2432 5009 2642 5083 diserte!
2659 5014 2840 5065 testati
2856 5010 3081 5083 fuerint,
3115 5024 3175 5063 se
3197 5012 3440 5083 eamdem
3463 5009 3625 5083 Iidem

2048 5088 2103 5141 in
2121 5080 2457 5142 uit-unienica
2477 5081 2683 5152 synodo
2700 5081 3036 5152 praecedente
3052 5095 3193 5134 anno
3214 5080 3430 5152 uberius
3447 5080 3623 5152 expli-

2049 5157 2256 5215 cuisse,
2288 5154 2400 5213 Καὶ
2433 5148 2769 5222 τῷπέρυσιν
2799 5152 2857 5203 ὲν
2888 5149 3431 5222 Κωστᾷαντινουπξλει
3464 5148 3625 5222 ’παρὰ

2044 5226 2145 5295 τῆς
2174 5213 2880 5295 οἰκούμενικῆςᾷἐκτεθέντι
2906 5220 3156 5295 συνόδου,
3189 5221 3248 5271 ἐν
3290 5213 3372 5295 οἷς
3420 5213 3625 5271 πλατύ-

2044 5290 2201 5365 τερον
2226 5294 2326 5365 τὴν
2354 5293 2541 5365 πίστιν
2560 5290 3023 5365 ιῦμολογήσαμεν.
3056 5290 3193 5344 Hinc
3215 5291 3359 5343 enim
3384 5297 3623 5365 constat.

2043 5358 2261 5418 eosdem
2283 5358 2469 5416 fuisse
2494 5358 2815 5429 episcopos,
2835 5358 2928 5430 qui
2965 5371 3245 5430 sequente,
3284 5374 3347 5412 ac
3375 5358 3465 5427 qui
3495 5372 3626 5425 prae-

2045 5436 2272 5489 cedente
2347 5445 2490 5485 anno
2547 5430 3018 5499 ConstantinOpnli
3094 5430 3408 5498 congregati
3475 5436 3623 5488 διιιιι,

2044 5503 2201 5560 Unde
2244 5504 2387 5571 quod
2434 5503 2488 5555 in
2525 5503 2694 5555 altera
2759 5500 2849 5554 illa
2906 5499 3113 5571 synodo
3174 5502 3454 5571 decretum
3515 5505 3622 5561 est,

2043 5573 2212 5643 priori
2243 5568 2500 5643 facillime
2538 5568 2949 5643 adscribatur,
2984 5586 3047 5623 ac
3075 5570 3130 5643 si_
3150 5570 3215 5622 ab
3244 5568 3376 5638 ipsis
3406 5574 3624 5643 centum

2042 5638 2437 5713 quinquaginta
2467 5641 2761 5713 episcopis,
2786 5638 2840 5694 in
2864 5639 3203 5696 mcumenica
3249 5638 3457 5713 synodo
3498 5649 3625 5698 conv-

2044 5710 2313 5785 g'regatis,
2340 5712 2625 5768 delinituiu
2658 5710 2870 5767 luisset.
