4072 6432
442 464 710 532 σύνοδος
743 463 864 518 τῶν
891 462 961 516 ἐν
1005 458 1648 515 Κωνσταντινουπόλει
1693 456 1958 524 συνδρα-
1988 459 2033 513 Α

452 561 686 626 μόντων
727 553 1079 607 ἐπισκόπων
1120 549 1206 619 μὴ
1251 547 1666 614 ἀνεξετάστως
1718 545 1964 615 προσίε-

449 652 588 704 σθαι
616 646 762 709 τοὺς
799 643 1190 712 κατηγόρους,
1218 639 1375 709 μηδὲ
1399 636 1590 693 πᾶσιν
1619 636 1964 704 ἐπιτρέπειν

417 725 558 803 ’τὰς
611 733 970 802 κατηγορίας
1017 729 1318 785 ποιεῖσθαι
1363 728 1516 781 κατὰ
1567 725 1689 781 τῶν
1726 727 1962 779 οἰκονο-

446 829 726 900 μούντων
765 824 872 890 τὰς
921 821 1282 889 ἐκκλησίας,
1330 818 1488 890 μηδὲ
1546 817 1675 887 μὴν
1724 816 1961 882 πάντας

444 919 819 977 ἀποκλείειν.
860 916 1024 971 Ἀλλ’
1053 917 1107 969 εί
1128 914 1246 984 μέν
1275 932 1361 980 τις
1394 914 1626 968 οἰκείαν
1656 911 1790 965 τινὰ
1811 911 1962 980 μέμ-

448 1015 581 1081 ψιν,
613 1009 771 1065 τοῦτ’
824 1008 999 1062 ἐστιν
1045 1006 1370 1075 ἰδιωτικὴν,
1401 1004 1687 1075 ἐπαγάγοι
1717 1003 1796 1068 τῷ
1838 1003 1963 1055 ἐπι-

448 1105 683 1166 σκόπῳ,
712 1102 792 1168 ὡς
824 1098 1307 1165 πλεονεκτηθεὶς,
1350 1100 1388 1167 ἢ
1417 1098 1577 1152 ἄλλο
1623 1115 1676 1150 τι
1703 1097 1862 1165 παρὰ
1895 1097 1962 1149 τὸ

453 1195 690 1248 δίκαιον
709 1193 844 1261 παρ’
875 1192 1066 1247 αὐτοῦ
1106 1191 1442 1256 πεπονθὼς,
1475 1190 1574 1243 ἐπὶ
1622 1187 1744 1242 τῶν
1767 1189 1965 1242 τοιού-

445 1301 568 1339 των
617 1283 991 1354 κατηγοριῶν
1016 1284 1103 1352 μὴ
1141 1281 1520 1348 ἐξετάζεσθαι
1571 1280 1726 1351 μήτε
1773 1281 1962 1349 πρόσ-

449 1393 615 1432 ωπον
653 1377 762 1430 τοῦ
805 1379 1163 1446 κατηγόρου,
1215 1375 1370 1446 μήτε
1431 1377 1547 1444 τὴν
1589 1377 1957 1444 θρησκείαν·

443 1468 565 1540 χρὴ
624 1469 737 1536 γὰρ
777 1469 956 1522 παντὶ
1012 1469 1209 1535 τρόπῳ
1258 1466 1328 1520 τό
1384 1483 1452 1521 τε
1500 1466 1788 1534 συνειδὸς
1853 1468 1963 1521 τοῦ

444 1561 790 1615 ἐπισκόπου
813 1559 1134 1626 ἐλεύθερον
1159 1555 1333 1624 εἶναι,
1357 1557 1458 1612 καὶ
1491 1559 1597 1613 τὸν
1624 1557 1963 1613 ἀδικεῖσθαι

446 1651 726 1719 λέγοντα.
773 1650 904 1715 οἵας
958 1648 1036 1702 ἂν
1079 1644 1118 1719 ᾖ
1152 1651 1503 1718 θρησκείας,
1535 1649 1656 1704 τῶν
1713 1649 1963 1704 δικαίων

445 1741 806 1811 τυγχάνειν
843 1743 898 1794 ει
943 1741 1013 1795 δὲ
1056 1741 1576 1809 ἐκκλησιαστικὸν
1599 1741 1693 1810 εἴη
1726 1742 1792 1795 τὸ
1826 1741 1955 1794 ἐπι-

444 1834 784 1906 φερόμενον
810 1832 1086 1903 ἔγκλημα
1125 1831 1206 1898 τῷ
1249 1832 1583 1903 ἐπισκόπῳ,
1617 1833 1752 1886 τότε
1795 1831 1961 1884 δοκι-

442 1925 728 1996 μάζεσθαι
751 1925 868 1994 χρὴ
895 1923 1010 1979 τῶν
1030 1925 1525 1997 κατηγορούντων
1547 1926 1619 1980 τὰ
1643 1928 1958 1991 πρόσωπαο

443 2018 549 2070 ἵνα
579 2015 814 2086 πρῶτον
836 2016 954 2086 μὲν
983 2018 1301 2084 αίρετικοῑς
1333 2016 1420 2086 μὴ
1448 2016 1564 2087 ἐξῇ
1597 2019 1960 2088 κατηγορίας

444 2107 600 2162 κατὰ
629 2107 748 2162 τῶν
785 2109 1127 2177 όρθοδόεων
1167 2109 1523 2165 ἐπισκόπων
1549 2111 1704 2179 ὑπὲρ
1734 2112 1958 2180 ἐκκλη-

442 2199 780 2254 σιαστικῶν
807 2202 1167 2270 πραγμάτων
1191 2202 1511 2257 ποιεῖσθαι.
1534 2203 1872 2273 Αιρετικοὺς
1894 2204 1962 2260 δὲ

442 2291 696 2360 ⁸λέγομεν
719 2291 864 2358 τούς
904 2309 967 2346 τε
1013 2291 1203 2347 πάλαι
1237 2293 1352 2363 τῆς
1392 2295 1768 2363 Ἐκκλησίας
1819 2297 1964 2352 ἁπο-

445 2381 862 2452 κηρυχθέντας
903 2383 1001 2437 καὶ
1050 2384 1196 2450 τοὺς
1231 2385 1382 2456 μετὰ
1415 2386 1620 2460 ταῦτα,
1653 2387 1756 2456 ὐφ’
1791 2389 1964 2458 ἡμῶν

445 2475 1040 2544 ἁναθεματισθέντας
1063 2492 1076 2507 ⁸
1113 2477 1262 2545 πρὸς
1309 2477 1377 2530 δὲ
1428 2481 1665 2548 τούτοις
1691 2482 1790 2535 καὶ
1816 2482 1961 2549 τοὺς

444 2569 562 2636 τὴν
605 2569 819 2624 πίστιν
863 2571 980 2638 μὲν
1035 2571 1150 2640 τὴν
1203 2571 1344 2642 ὑγιῆ
1395 2579 1961 2646 προσποιουμένους

441 2661 787 2731 ὁμολογεῖν,
829 2662 1326 2734 ἀποσχισθέντας
1361 2667 1433 2719 δὲ
1473 2668 1574 2722 καὶ
1625 2669 1959 2725 ἀντισυνά-

445 2769 670 2822 γοντας
735 2755 862 2821 τοῖς
935 2757 1282 2825 κανονικοῖς
1345 2759 1516 2828 ἡμῶν
1576 2762 1959 2831 ἐπισκόποις.

449 2845 701 2902 Ἔπειτα
728 2847 797 2900 δὲ
825 2847 924 2902 καὶ
948 2849 1004 2902 εἴ
1031 2867 1193 2916 τινες
1227 2850 1345 2906 τῶν
1389 2853 1511 2907 άπὸ
1560 2853 1672 2924 τῆς
1703 2855 1958 2924 Ἐκκλη-

437 2938 588 3004 σίας
615 2938 717 2992 ἐπὶ
748 2940 969 3007 αἰτίαις
1006 2943 1131 2996 τισὶ
1185 2948 1794 3017 προκατεγνωσμένοι
1833 2947 1960 3004 εἷεν

440 3029 546 3084 καὶ
583 3033 1086 3102 ἀποϐεϐλημένοι,
1119 3035 1157 3106 ἢ
1205 3036 1622 3108 ἀκοινώνητοι,
1669 3042 1792 3096 εἴτε
1838 3044 1960 3098 ἀπὸ

440 3122 682 3192 κλήρου
736 3125 859 3179 ειτε
884 3126 1001 3182 ἀπὸ
1023 3127 1244 3187 λαικοῦ
1282 3129 1604 3200 τάγματος,
1632 3133 1790 3202 μηδὲ
1818 3137 1948 3188 τού-
1985 3143 2030 3204 c

446 3233 578 3280 τοις
609 3215 836 3281 ἐξεῖναι
878 3220 1236 3289 κατηγορεῖν
1287 3221 1650 3289 ἐπισκόπου,
1691 3228 1835 3294 πρὶν
1884 3230 1963 3284 ἂν

438 3308 508 3364 τὸ
565 3308 795 3363 οἰκεῖον
845 3309 1120 3380 ἔγκλημα
1170 3314 1462 3382 πρότερον
1506 3317 1957 3377 ἀποδύσωνται.

451 3397 710 3477 ’ρμοίως
753 3397 824 3452 δὲ
851 3399 950 3454 καὶ
999 3401 1144 3468 τοὺς
1174 3403 1294 3457 ὑπὸ
1323 3409 1690 3475 κατηγορίαν
1727 3417 1957 3478 προλα-

433 3485 680 3545 ὄοῦσαν
706 3484 889 3554 ὄντας
917 3487 1006 3557 μὴ
1053 3489 1348 3561 πρότερον
1373 3489 1529 3549 εἶναι
1578 3495 1838 3566 δεκτοὺς
1873 3504 1961 3568 εἰς

438 3579 788 3634 ἐπισκόπου
843 3583 1211 3652 κατηγορίαν
1262 3583 1300 3654 ἢ
1358 3587 1580 3655 ἐτέρων
1632 3593 1960 3662 κληρικῶν,

443 3671 592 3738 πρὶν
638 3668 721 3728 ἂν
749 3670 982 3739 άθὼους
1009 3673 1266 3742 ἑαυτοὺς
1295 3678 1414 3732 τῶν
1434 3681 1823 3750 ἐπαχθέντων
1849 3688 1961 3740 αὑ»

441 3761 568 3828 τοῖς
600 3761 1010 3831 ἀποδείξωσιν
1030 3764 1440 3836 ἐγκλημάτων.
1469 3769 1532 3824 Ei
1555 3773 1770 3844 μέντοι¹
1796 3777 1962 3843 τινὲς

443 3853 596 3924 μήτε
653 3856 934 3922 αἱρετικοὶ
987 3856 1143 3926 μήτε
1206 3859 1598 3932 ἀκοινώνητοι
1632 3861 1776 3934 εἷεν,
1805 3869 1963 3937 μήτε

455 3945 928 4015 κατεγνωσμένοι
973 3949 1012 4018 ἢ
1065 3954 1658 4023 προκατηγορημένοι
1703 3957 1803 4010 ἐπί
1835 3975 1961 4014 τισι

1990 1799 2036 1860 Β

462 4038 944 4108 πλημμελήμασι.
973 4041 1212 4111 λέγοιεν
1230 4043 1299 4097 δὲ
1329 4044 1495 4114 ἔχειν
1529 4050 1700 4115 τινὰς
1737 4050 1960 4121 ἐκκλη-

457 4132 767 4197 σιαστικὰς
821 4131 972 4187 κατὰ
1009 4133 1116 4187 τοῦ
1163 4133 1507 4192 ἐπισκόπου
1554 4144 1956 4213 κατηγορίας,

452 4220 694 4288 τούτους
730 4223 964 4280 κελεύει
1009 4226 1047 4292 ἠ
1077 4226 1214 4294 ἁγία
1254 4228 1524 4296 σύνοδος
1558 4233 1795 4300 πρῶτον
1839 4234 1958 4302 μὲν

445 4311 541 4363 ἐπὶ
596 4313 717 4367 τῶν
780 4315 891 4384 τῆς
957 4315 1245 4386 ἐπαρχίας
1307 4319 1551 4375 πάντων
1603 4325 1957 4382 ἐπισκόπων

440 4401 802 4460 ἐνίστασθαι
859 4409 965 4474 τὰς
1005 4412 1399 4479 κατηγορίας,
1455 4414 1553 4468 καὶ
1601 4417 1693 4469 ἐπ’
1754 4419 1957 4474 αὐτῶν

440 4497 722 4566 ἐλέγχειν
758 4499 828 4552 τὰ
867 4500 1220 4570 ἐγκλήματα
1269 4505 1376 4558 τοῦ
1425 4506 1495 4558 ἑν
1537 4510 1757 4576 αἰτίαις
1788 4514 1954 4566 τισὶν
1987 4505 2033 4561 Ι)

431 4586 814 4642 ἐπισκόπου·
845 4591 900 4642 εί
954 4589 1022 4642 δὲ
1073 4595 1338 4661 συμϐαίη
1377 4595 1757 4665 ἁδυνατῆσαι
1814 4601 1957 4666 τοὺς

435 4680 813 4750 ἑπαρχιώτας
843 4684 988 4751 πρὸς
1012 4685 1333 4754 διόρθωσιν
1360 4688 1479 4742 τῶν
1507 4691 1956 4762 ἐπιφερομένων

426 4777 832 4847 ἐγκλημάτων
857 4779 934 4844 τῷ
969 4782 1303 4850 ἐπισκόπῳ,
1346 4788 1480 4838 τότε
1512 4789 1738 4844 αὐτοὺς
1764 4803 1958 4858 προσο

430 4867 587 4921 ιὲναι
640 4869 868 4937 μείζονι
937 4873 1180 4938 συνόδῳ
1239 4877 1360 4929 τῶν
1432 4877 1544 4944 τῆς
1599 4879 1956 4950 διοικήσεως

428 4962 790 5019 ἐπισκόπων
818 4965 1081 5032 ἐκείνης.
1125 4967 1276 5035 ὑπὲρ
1333 4969 1443 5038 τῆς
1485 4973 1679 5040 αὶτιάς
1724 4977 1948 5044 ταύτης

428 5055 974 5124 συγκαλουμένων,
1006 5057 1104 5110 καὶ
1132 5058 1218 5126 μὴ
1257 5061 1549 5129 πρότερον
1592 5065 1948 5123 ἐνίστασθαι

1532 347 1612 407 IN
1651 343 1820 405 CAN.
1861 343 1940 405 Vl
1980 341 2192 404 CONC.
2233 341 2344 402 ΟΡ.
2383 339 2466 400 II.

3533 337 3640 399 39.4

2137 469 2242 506 non
2278 451 2390 506 sine
2416 463 2662 504 examine
2705 457 3043 502 accusatores
3073 448 3376 508 admittere,
3409 464 3500 501 nec
3541 467 3643 501 om-

2138 546 2286 598 nibus
2345 558 2525 596 eorum
2589 541 2680 606 qui
2719 540 2963 595 ecclesias
3001 540 3383 594 administrant
3426 556 3643 594 accusa-

2138 638 2302 691 tiones
2327 636 2648 702 permittere,
2676 650 2769 688 nec
2794 650 2970 687 omnes
3002 634 3299 687 excludere.
3325 630 3429 686 Sed
3455 632 3500 685 si
3527 634 3643 704 quis

2137 730 2408 798 propriam
2437 729 2647 798 quidem
2677 726 2966 796 querelam,
3010 724 3062 778 id
3103 735 3198 791 est,
3237 710 3523 791 priva-tam,
3563 726 3643 778 iu-

2137 823 2316 876 tendat
2367 823 2630 890 episcOpo,
2684 831 2738 873 ιιι
2793 835 3090 886 oppressus,
3133 818 3210 873 vel
3258 819 3394 872 alias
3443 819 3642 886 injuria

2135 913 2315 983 aliqua
2346 913 2410 965 ab
2443 913 2554 980 ipso
2582 912 2823 980 affectus,
2851 911 2904 963 in
2934 910 3192 979 ejusmodi
3217 911 3642 964 accusationibus

2137 1020 2228 1058 nec
2267 1004 2590 1072 accusatoris
2623 1017 2925 1070 personam,
2965 1017 3058 1056 nec
3098 1001 3402 1072 religionem
3440 1005 3645 1056 exami-

2138 1098 2277 1152 nari.
2318 1096 2549 1152 Omnino
2579 1097 2719 1150 enim
2755 1106 2986 1163 oportet,
3024 1105 3072 1148 et
3107 1096 3333 1164 episcopi
3373 1099 3646 1150 conscien-

2139 1189 2267 1242 tiam
2302 1204 2413 1242 esse
2447 1188 2704 1252 liberam,
2738 1197 2788 1242 et
2821 1203 2964 1252 eum,
3004 1188 3095 1258 qui
3130 1187 3384 1257 injuriam
3423 1189 3523 1243 sibi
3557 1187 3635 1257 fa.

2135 1289 2274 1333 ctam
2326 1293 2438 1331 esse
2487 1277 2854 1346 conqueritur,
2907 1277 3264 1347 cujuscunque
3321 1281 3529 1333 tandem
3577 1282 3642 1335 sit

2135 1372 2426 1443 religionis,
2445 1374 2541 1441 jus
2569 1375 2821 1428 obtinere.
2856 1370 2915 1426 Si
2955 1380 3130 1426 autem
3164 1373 3236 1425 sit
3265 1372 3459 1426 crimen
3483 1373 3643 1427 eccle-

2133 1465 2434 1530 siasticum,
2481 1465 2620 1534 quod
2650 1465 2894 1534 episcopo
2934 1463 3250 1528 intenditur,
3287 1472 3412 1517 tunc
3439 1464 3646 1518 exami-

2136 1575 2262 1612 nare
2315 1567 2514 1626 oportet
2562 1574 2813 1625 personas
2865 1566 3254 1612 accusatorum.
3305 1557 3376 1612 Ut
3419 1559 3644 1628 primum

2131 1649 2343 1720 quidem
2383 1651 2642 1705 Iiwreticis
2693 1667 2796 1704 non
2831 1651 2983 1704 liceat
3026 1651 3350 1705 ortliodoxos
3380 1654 3644 1719 episcopos

2135 1743 2201 1796 de
2230 1743 2384 1796 rebus
2427 1743 2799 1798 ecclesiasticis
2845 1760 3117 1799 accusare.
3153 1743 3442 1798 llwreticos
3475 1755 3646 1824 autem

2141 1834 2390 1898 dicimus,
2421 1843 2470 1889 et
2499 1837 2588 1904 qui
2621 1835 2745 1889 olim
2775 1836 2838 1888 ab
2863 1835 3103 1891 Ecciesia
3131 1836 3282 1904 ejecti
3305 1847 3452 1902 sunt,
3480 1831 3529 1890 el
3561 1852 3645 1906 qui

2139 1935 2260 1979 sunt
2285 1935 2474 1994 postea
2498 1942 2532 1979 a
2555 1927 2702 1980 nobis
2724 1928 3184 1981 anatlienmtizati.
3208 1927 3289 1980 Ad
3315 1928 3426 1981 lttl’t.‘
3453 1937 3648 1993 autent,

2140 2024 2190 2068 et
2235 2031 2321 2068 eos
2359 2017 2450 2078 qui
2489 2033 2680 2071 sanam
2719 2019 2933 2088 quidem
2968 2019 3125 2086 fidem
3173 2020 3414 2088 conﬁteri
3445 2036 3556 2090 pra:
3599 2038 3645 2076 st

2141 2107 2339 2177 ferunt,
2371 2109 2425 2164 in
2447 2109 2672 2164 scliisma
2693 2120 2869 2165 autem
2893 2111 3109 2180 abeunt,
3131 2120 3181 2168 et
3211 2117 3464 2168 adversus
3486 2129 3644 2169 canor

2141 2202 2288 2255 uicos
2335 2209 2542 2255 nostros
2591 2202 2861 2272 episcopos
2913 2205 3374 2274 congregationem
3424 2205 3650 2273 faciunt.

2143 2289 2412 2345 Prteterea
2442 2303 2644 2359 autem,
2667 2303 2715 2346 et
2747 2293 2794 2346 si
2827 2293 2994 2368 aliqui
3015 2310 3194 2348 eorum
3225 2296 3290 2349 ab
3315 2294 3558 2350 Ecclesia
3587 2294 3646 2352 ob

2140 2383 2347 2453 aliquas
2383 2399 2578 2438 causas
2605 2385 2757 2453 prius
2789 2386 3128 2440 condemnati
3167 2395 3217 2442 et
3248 2388 3427 2452 eiecti,
3459 2387 3538 2443 vel
3562 2403 3643 2443 ea:-

2140 2475 2519 2529 communicati
2541 2476 2764 2544 fuerint,
2781 2476 2888 2531 sive
2909 2492 2972 2531 ex
2993 2477 3154 2546 clero,
3176 2479 3280 2533 sive
3302 2496 3365 2534 ea:
3389 2480 3643 2534 laicorum

2142 2570 2324 2623 ordine
2343 2569 2444 2622 sint
2464 2585 2483 2632 ;
2503 2585 2594 2623 nec
2614 2570 2680 2624 iis
2701 2569 2857 2625 licere
2877 2572 3171 2640 episcopum
3196 2589 3448 2628 accusare
3470 2575 3645 2643 prius-

2139 2676 2298 2729 quam
2328 2661 2598 2730 proprium
2632 2663 2832 2715 crimen
2859 2661 3224 2717 absterserint.
3260 2661 3525 2719 Similiter
3552 2681 3644 2718 au-

2141 2763 2244 2807 tem
2289 2766 2333 2808 et
2379 2770 2490 2819 eos,
2522 2755 2616 2825 qui
2655 2755 2750 2809 sub
2787 2757 2962 2823 priore
3005 2760 3341 2812 accusatione
3382 2757 3643 2824 laborant,

2139 2862 2243 2900 non
2269 2846 2415 2914 prius
2439 2846 2509 2900 ad
2531 2849 2761 2919 episcopi
2791 2848 2866 2902 vel
2899 2849 3127 2904 aliorum
3154 2849 3464 2903 clericorum
3491 2866 3643 2904 accu.

2139 2942 2397 2994 sationem
2421 2943 2655 3010 admitti,
2697 2960 2857 3013 quam
2889 2961 2944 2999 se
2973 2945 3293 3014 objectorum
3327 2947 3431 3001 sibi
3457 2947 3644 3000 crimi-

2138 3047 2264 3085 num
2315 3033 2545 3088 insontes
2593 3037 2942 3091 ostenderint.
2993 3036 3100 3091 Sed
3146 3037 3193 3091 si
3240 3037 3506 3105 nonnulli,
3558 3055 3642 3094 net

2137 3129 2393 3193 lm'retici,
2449 3146 2538 3184 nec
2591 3130 3032 3185 excommunicati
3077 3130 3315 3198 fuerint,
3371 3147 3464 3186 nec
3501 3133 3643 3202 prius

2137 3225 2402 3287 damnati,
2432 3227 2510 3279 vel
2540 3225 2843 3293 aliquorum
2874 3224 3154 3278 criminum
3179 3226 3438 3290 accusati,
3469 3225 3642 3278 dican;

2138 3330 2314 3372 autem
2366 3334 2420 3372 se
2463 3318 2655 3371 habere
2702 3315 3085 3371 ecclesiasticas
3140 3315 3349 3387 aliquas
3399 3319 3642 3372 adversus

2136 3411 2435 3480 episcopum
2466 3408 2886 3476 criminationes,
2917 3423 3006 3463 eos
3033 3409 3181 3477 jubet
3209 3419 3393 3463 sancta
3420 3409 3642 3480 synodus

2135 3502 2365 3571 primum
2401 3502 2610 3571 quidem
2649 3501 2792 3569 apud
2815 3501 3098 3569 prouincia:
3128 3501 3396 3571 episcopos
3427 3519 3643 3556 accusa-

2135 3596 2332 3648 tionem
2378 3593 2671 3657 intendere,
2721 3602 2771 3647 et
2818 3609 2996 3647 coram
3045 3595 3119 3648 eis
3159 3595 3382 3664 probare
3428 3596 3642 3649 crimina

2135 3689 2376 3756 episcopo
2401 3686 2623 3754 objecta.
2664 3685 2819 3750 Quod
2855 3686 2900 3739 si
2926 3687 3171 3753 evenerit,
3207 3695 3264 3739 ut
3296 3687 3646 3756 provinciales

2134 3780 2359 3849 episcopi
2380 3780 2624 3844 crimina,
2658 3795 2774 3850 qua:
2804 3781 3042 3848 episcopo
3063 3781 3324 3834 intentata
3357 3791 3500 3846 sunt,
3529 3798 3646 3836 cor-

2133 3874 2303 3942 rigere
2327 3888 2429 3926 non
2458 3873 2685 3941 possint,
2715 3881 2838 3926 tunc
2866 3873 3006 3939 ipsos
3030 3876 3274 3929 accedere
3298 3875 3368 3928 ad
3391 3876 3643 3945 majorem

2134 3967 2392 4034 synodum
2415 3964 2654 4019 diwcesis
2675 3964 2820 4018 illius
2851 3966 3214 4034 episcoporum
3233 3981 3328 4034 pro
3356 3967 3458 4020 liac
3489 3984 3642 4022 causa

2133 4066 2557 4122 convocatorum,
2579 4067 2626 4111 et
2647 4059 3037 4112 accusationem
3056 4075 3161 4112 non
3183 4059 3332 4127 prius
3359 4061 3644 4125 intendere,

2131 4165 2290 4220 quam
2335 4150 2535 4214 a'quule
2570 4149 2672 4202 sibi
2701 4148 2994 4217 periculum
3031 4151 3238 4219 scriptis
3279 4159 3541 4214 statuant,
3576 4153 3642 4206 si-

2129 4243 2340 4311 quidem
2391 4243 2443 4294 in
2491 4241 2642 4294 rebus
2673 4241 3070 4304 exaniinandis,
3099 4250 3408 4294 accusatum
3445 4244 3644 4311 episco-

2129 4350 2252 4404 pum
2287 4333 2606 4386 calumniari
2628 4334 2847 4386 com-icti
2871 4332 3092 4402 fuerint.
3126 4333 3186 4388 Si
3210 4335 3326 4402 quis
3354 4345 3530 4390 autem
3554 4338 3644 4402 iis,

2131 4445 2250 4499 qtth
2297 4428 2378 4499 (ut
2423 4430 2570 4499 prius
2622 4427 2949 4482 declaratum
3001 4429 3100 4494 est)
3147 4431 3354 4485 decreta
3409 4430 3639 4499 fuerunt,

2135 4523 2466 4590 contemptis,
2491 4537 2652 4575 ausus
2677 4521 2841 4590 fuerit
2869 4523 2950 4576 vel
2976 4522 3312 4590 imperatoris
3345 4541 3501 4579 aures
3531 4542 3644 4582 mo-

2132 4613 2286 4666 lestia
2327 4613 2548 4682 afﬁcere,
2598 4612 2675 4666 vel
2704 4614 3039 4667 sucularium
3073 4616 3374 4685 principum
3408 4616 3638 4686 judicia,

2134 4705 2211 4758 vel
2261 4706 2606 4759 uniuersalem
2664 4707 2926 4773 synodum
2986 4709 3334 4777 perturbare,
3392 4709 3638 4780 neglectis

2132 4797 2374 4849 omnibus
2411 4797 2650 4850 diceccsis
2683 4799 2959 4866 episcopis,
2999 4817 3118 4854 eum
3155 4801 3301 4856 nullo
3347 4803 3503 4857 modo
3534 4819 3639 4859 esst

2133 4890 2203 4942 ad
2245 4891 2636 4943 accusationem
2671 4890 3078 4955 admittendum,
3123 4903 3180 4946 ut
3225 4894 3315 4961 qui
3355 4897 3636 4951 canonibus

2139 4981 2399 5052 injuriam
2433 4980 2635 5048 fecerit,
2681 4991 2729 5034 et
2773 4981 3188 5037 ecclesiasticum
3231 4986 3468 5041 ordinem
3497 5003 3635 5042 ever-

2129 5077 2269 5119 lertt.

434 5147 556 5215 τὴν
613 5149 1011 5217 κατηγορίαν,
1078 5151 1223 5218 πρὶν
1281 5152 1319 5221 ἣ
1379 5155 1687 5225 ἐγγράφως
1753 5162 1979 5226 αὐτοὺς
2017 5156 2488 5226 ἐπιτιμήσιισθαι
2527 5157 2820 5215 κίνδυνον
2841 5159 2980 5231 (77),
3043 5162 3213 5232 εἴπερ
3265 5163 3336 5218 ἑν
3387 5163 3460 5233 τῇ
3519 5167 3636 5228 τῶν

1567 5251 1612 5310 G
1629 5249 1764 5311 uill.
1804 5251 2134 5330 Beveregii
2179 5258 2370 5310 nota}.

439 5345 559 5424 (Z7)
607 5346 754 5424 Πρὶν
782 5346 1160 5424 ἧέγγράιςοως
1209 5351 1435 5418 αὐτοὺς
1487 5353 1959 5424 ἐπιτιμήσασθαι

359 5415 673 5489 κίνδυνον.
713 5415 968 5489 Joannes
1011 5415 1423 5475 Antioch-nus
1458 5415 1667 5489 manu;
1715 5415 1954 5480 rectius—

365 5503 464 5555 ῖμιο
500 5488 648 5559 legit,
685 5488 812 5555 πρὶν
861 5491 1156 5558 ἐγγράφως
1210 5493 1409 5554 αὐτ-ὼς
1460 5488 1554 5545 τὸν
1603 5497 1715 5547 ἴσον
1757 5497 1945 5559 αὐτοῖς

359 5558 818 5632 ὶπνοτιμήσασθαι
868 5561 1029 5632 (Iug.
1105 5561 1583 5632 ἐπιτιμήηςῦαι)
1657 5558 1942 5628 κίνδυνον,

363 5631 679 5701 ariusqiiarn
703 5629 904 5694 ecquale
925 5631 1024 5701 sibi
1052 5629 1341 5696 periculum
1372 5629 1635 5687 statuant.
1661 5635 1945 5701 Quomodo

361 5692 884 5775 διιηιιι-(ἶυῖιῖιςιιιιιιιι
941 5692 1230 5752 “crs/clum
1290 5703 1484 5769 legisse
1538 5720 1604 5757 ex
1658 5692 1724 5760 ἕο
1770 5718 1940 5775 putat,

362 5765 511 5831 quod
558 5769 671 5834 ipse
704 5767 892 5822 iisdem
951 5771 1125 5823 \erhis
1169 5765 1375 5826 [Λευίς
1431 5777 1482 5828 in
1539 5793 1633 5830 sua
1694 5765 1945 5833 versione

2067 5353 2254 5427 mitur.
2289 5354 2357 5408 Et
2391 5353 2608 5423 quidem
2640 5364 2872 5427 utraque
2898 5357 3000 5423 lex,
3037 5359 3294 5415 canonica
3338 5370 3393 5415 et
3436 5361 3633 5422 civilis.

2060 5426 2164 5500 hoc
2193 5426 2262 5500 sb
2295 5427 2708 5500 accusatoribus
2735 5426 2982 5498 exigunt,
3025 5440 3082 5484 ut.
3111 5432 3154 5484 si
3209 5431 3439 5493 crimen,
3490 5436 3634 5500 quotl

2055 5495 2344 5563 objiciunt,
2376 5512 2482 5549 nun
2520 5495 2892 5565 proliavnriiit,
2920 5502 3098 5554 eidem
3132 5500 3234 5569 ipsi
3267 5495 3633 5566 snlijiciainur

2053 5580 2247 5643 pilatim,
2277 5568 2966 5643 quantuni-usuinjnl‘erl'e
3009 5568 3298 5643 gotiaiuur.
3351 5570 3630 5643 canonica

2051 5650 2117 5689 es
2159 5639 2377 5708 decreto
2431 5636 2689 5692 Hadriani
2739 5640 2924 5703 Papae,
2995 5639 3100 5703 Qui
3143 5655 3248 5692 non
3310 5636 3632 5708 probaverit,

2049 5708 2195 5779 quod
2224 5705 2433 5773 objicit,
2467 5725 2692 5774 poenam,
2727 5726 2884 5774 quant
2929 5709 3195 5771 intulerit,
3231 5705 3343 5775 ipse
3371 5705 3636 5779 patiatui.

2048 5777 2294 5834 Gratiani.
2329 5781 2538 5833 νοω-ει.
2567 5793 2709 5850 ναι-ι.
2739 5791 2876 5849 pars.
2901 5781 2955 5845 ‘2,
2985 5797 3135 5836 caus.
3164 5783 3218 5844 2,
3247 5797 3303 5848 (ι.
3331 5777 3388 5843 3.
3424 5799 3546 5848 cap.
3578 5787 3632 5843 5,
