4072 6412
401 301 503 357 335

1672 284 1951 345 I'IIE’iD.
1982 283 2389 346 BALSAMON

3572 278 3675 343 336

462 408 823 484 πραγμάτων
869 408 1032 473 τάξει
1106 400 1645 474 συκοφαντοῦντες
1710 404 1818 455 τὸν
1882 404 2413 473 κατηγορούμενον
2481 403 2825 457 ἐπίσκοπον
2904 402 3272 472 ἐλεγχθεῖεν.
3326 401 3393 456 El
3422 399 3489 452 δέ
3565 417 3678 466 τις,

462 504 935 575 καταφρονήσας
993 498 1114 553 τῶν
1170 498 1324 552 κατὰ
1386 496 1461 550 τὰ
1516 494 1984 565 προδηλωθέντα
2022 497 2417 566 δεδογμένων,
2491 495 2853 567 τολμήσειεν
2912 498 2950 565 ἢ
2999 495 3333 562 ,βασιλικὰς
3399 494 3680 563 ἐνοχλεῖν

463 601 676 668 ἀκοὰς,
738 598 775 669 ἢ
846 594 1187 669 κοσμικῶν-
1234 591 1549 661 ἀρχόντων
1594 588 1974 659 δικαστήρια,
2048 590 2088 660 ἢ
2151 591 2580 661 οἱκουμενικὴν
2644 590 2913 646 σύνοδον
2986 589 3355 659 ταράσσειν,

3446 588 3681 653 πάντας

464 666 771 767 ἀτιμάσας
824 690 967 758 τοὺς
1021 688 1131 757 τῆς
1168 666 1551 754 ’διοικήσεως
1600 687 2006 753 ἐπισκόπους,
2038 688 2146 741 τὸν
2206 689 2484 742 τοιοῦτον
2552 688 2620 743 τὸ
2699 688 2952 758 πάμπαν
2999 689 3085 753 είς
3163 686 3531 755 κατηγορίαν
3596 684 3683 754 μὴ

466 786 997 853 εἶναιδεκτύν,ὠς
1061 783 1519 852 καθυϐρίσαντα
1567 781 1712 849 τοὺς
1768 784 2058 851 κανόνας,
2107 786 2207 859 καὶ
2256 784 2374 853 τὴν
2430 783 2955 853 ἐκκλησιαστικὴν
3010 782 3442 854 λυμηνάμενον
3514 783 3684 837 εὐτα-

471 886 505 947 If
512 886 633 937 ίαν.

475 976 675 1034 BALS.
721 976 857 1031 Nota
904 982 1231 1044 praesentem
1265 986 1552 1035 canonem,
1598 981 1820 1042 propter
1866 971 1990 1027 illos

2170 973 2368 1027 ΒΑΔΣ.
2418 970 2736 1041 Σημείωσαι
2796 968 2886 1022 τὸν
2954 967 3200 1038 παρόντα
3258 964 3463 1019 κανόνα
3521 964 3685 1035 χάριν

406 1076 490 1146 qui
537 1075 661 1126 lites
695 1070 990 1124 intendunt
1034 1066 1353 1123 criminales
1391 1066 1661 1121 adversus
1702 1068 1991 1137 episcopos

406 1182 456 1224 et
498 1168 739 1234 reliquos
776 1179 841 1217 ex
883 1162 1077 1217 ordine
1115 1159 1441 1215 sacerdotali
1477 1175 1493 1213 :
1538 1159 1662 1229 lege
1705 1160 1868 1213 etiam
1903 1175 1994 1214 ca-

407 1274 604 1315 nouem
642 1256 744 1311 129
777 1254 966 1325 synodi
1005 1252 1480 1321 Carthagineusis,
1514 1260 1567 1306 et
1600 1251 1743 1321 leges
1789 1250 1839 1303 in
1872 1250 1992 1319 ejus

408 1351 744 1421 expositione
774 1347 1037 1415 allegatas
1073 1362 1087 1397 :
1122 1358 1183 1397 ac
1218 1358 1283 1396 ex
1324 1344 1427 1397 hoc
1455 1357 1664 1396 canone
1700 1351 1755 1395 et
1781 1356 1845 1396 ex
1884 1341 1994 1396 illis

408 1447 583 1498 discas
646 1441 866 1509 quinam
916 1436 1307 1505 prohibeantur
1357 1432 1677 1489 criminales
1751 1433 1993 1489 actiones

410 1537 667 1590 adversus
697 1546 813 1594 eos,
855 1529 946 1598 qui
979 1527 1154 1582 sacris
1184 1526 1468 1580 ordinibus
1503 1525 1702 1579 initiati
1731 1533 1881 1589 sunt,
1910 1524 1997 1578 in-

410 1640 642 1684 tentare.
688 1625 807 1680 Non
837 1622 1071 1678 cessavit
1108 1635 1345 1689 unquam
1381 1619 1638 1673 inimicus
1667 1629 1856 1673 noster
1889 1618 1995 1672 Sa-

411 1732 521 1783 tan,
551 1721 814 1773 bonorum
845 1713 1123 1767 hominum
1154 1710 1645 1773 existimationem.
1678 1718 1732 1764 et
1758 1709 1997 1763 maxime

411 1813 809 1881 episcoporum,
843 1821 939 1876 per
961 1804 1289 1859 calumniam
1325 1801 1585 1873 polluere.
1617 1801 1686 1856 Et
1709 1809 1998 1872 propterea

412 1902 518 1974 94
538 1899 862 1954 deﬁnierunt
878 1894 1089 1960 Patres,
1113 1893 1361 1963 quemvis
1384 1892 1680 1957 hominem,
1701 1894 1815 1947 sive
1845 1893 2000 1946 bona:

411 1994 485 2049 sit
526 1987 976 2051 existimationis,
1010 1985 1126 2038 sive
1162 1984 1417 2045 infamis,
1448 1983 1625 2037 ﬁdelis
1651 1993 1708 2038 et
1741 1983 1999 2048 inﬁdelis,

412 2086 673 2156 privatam
732 2080 953 2151 quidem
1005 2093 1251 2141 causam,
1310 2077 1415 2132 hoc
1463 2085 1567 2141 est,
1624 2076 1999 2145 pecuniariam

413 2182 672 2236 adversus
719 2177 1035 2246 episcopum
1084 2173 1374 2227 habentem
1411 2171 1650 2232 admitti,
1682 2179 1737 2225 et
1780 2187 1901 2226 cum
1935 2186 2002 2224 eo

413 2279 461 2328 in
509 2271 716 2341 judicio
761 2266 1109 2323 convenienti
1158 2265 1391 2336 litigare.
1440 2264 1545 2319 Pro
1596 2278 1763 2318 causa
1821 2273 2001 2317 autem

2093 1068 2203 1121 τῶν
2235 1067 2563 1119 ἐνιστάντων
2605 1063 2994 1133 ἐγκληματικὰ
3023 1061 3355 1130 δικαστήρια
3389 1057 3534 1112 κατὰ
3572 1059 3685 1111 τῶν

2095 1159 2414 1212 ἐπισκόπων
2464 1155 2561 1210 καὶ
2609 1155 2815 1209 λοιπῶν
2862 1153 3219 1224 ἱερωμένων·
3254 1149 3532 1219 ἀνάγνωθι
3585 1150 3683 1204 καὶ

2095 1250 2188 1302 τὸν
2251 1248 2366 1317 ρκθ¹
2416 1247 2624 1301 κανόνα
2674 1246 2773 1317 τῆς
2828 1248 2887 1299 ἐν
2940 1244 3275 1317 Καρθαγένῃ
3326 1243 3547 1297 συνόδου
3585 1244 3685 1297 καὶ

2095 1343 2224 1408 τοὺς
2260 1344 2341 1406 εἰς
2367 1342 2468 1413 τὴν
2492 1340 2794 1413 ἑρμηνείαν
2841 1339 3009 1393 αὐτοῦ
3052 1336 3551 1409 καταστρωθέντας
3585 1336 3679 1389 νό-

2101 1453 2234 1507 μους
2256 1451 2270 1466 ⁸
2311 1436 2406 1490 καὶ
2450 1434 2643 1505 μάθοις
2670 1436 2734 1487 ἐκ
2767 1430 2862 1487 τοῦ
2912 1432 3185 1503 παρόντος
3232 1431 3458 1494 κανόνος
3492 1430 3589 1483 καὶ
3621 1429 3683 1495 ἐξ

2098 1527 2326 1581 ἐκείνων
2351 1526 2497 1590 τίνες
2522 1525 2829 1580 κωλύονται
2865 1522 3169 1594 γυμνάζειν
3194 1523 3338 1576 κατὰ
3363 1521 3686 1592 ἱερωμένων

2099 1621 2518 1691 ἐγκληματικὰς
2555 1620 2801 1689 ἀγωγάς.
2835 1618 2952 1672 Οὐκ
2992 1615 3271 1670 ἐπαύσατό
3302 1633 3435 1669 ποτε
3463 1617 3491 1669 ὁ
3520 1614 3689 1668 πολέ-

2104 1733 2226 1786 μιος
2263 1714 2420 1785 ἡμῶν
2456 1713 2703 1774 Σατανᾶς
2730 1712 2821 1766 διὰ
2876 1710 3247 1779 συκοφαντίας
3291 1708 3538 1779 μολύνων
3585 1710 3689 1772 τὰς

2102 1807 2404 1878 ὑπολήψεις
2439 1807 2548 1860 τῶν
2573 1805 2798 1881 ἀγαθῶν
2828 1804 3157 1875 ἀνθρώπων,
3199 1804 3294 1857 καὶ
3339 1803 3543 1872 μᾶλλον
3573 1802 3681 1857 τῶν

2102 1902 2442 1955 ἐπισκόπων.
2471 1899 2585 1953 Καὶ
2616 1898 2706 1951 διὰ
2744 1896 2905 1951 τοῦτο
2931 1897 3141 1968 ὥρισαν
3166 1897 3216 1949 οἱ
3242 1897 3486 1965 Πατέρες
3509 1895 3690 1949 πάντα

2103 1994 2393 2064 ἄνθρωπον
2432 1991 2651 2061 ἔντιμον
2681 1990 2778 2043 καὶ
2803 1991 3022 2059 ἄτιμον,
3057 1989 3250 2042 πιστὸν
3299 1989 3395 2042 καὶ
3429 1989 3686 2051 ἄπιστον,

2108 2087 2386 2156 ἰδιωτικὴν
2418 2086 2518 2155 μὲν
2545 2084 2827 2147 ὑπόθεσιν,
2859 2084 3108 2137 τουτέστι
3139 2083 3500 2153 χρηματικὴν
3545 2084 3691 2136 κατὰ

2107 2180 2411 2232 ἐπισκόπου
2468 2178 2680 2247 ἔχοντα,
2747 2176 3151 2247 προσδέχεσθαι
3205 2176 3302 2229 καὶ
3366 2176 3687 2239 δικάζεσθαι

2111 2271 2263 2342 παρὰ
2294 2272 2373 2341 τῷ
2434 2270 2733 2339 προσφόρῳ
2782 2270 3153 2339 δικαστηρίῳ,
3196 2270 3372 2339 Χάριν
3400 2271 3456 2324 δὲ
3491 2271 3689 2342 ἐγκλη-

414 2360 678 2417 criminali
704 2401 718 2426 ,
755 2358 841 2414 vel
889 2371 1217 2426 quacunque
1257 2354 1626 2409 ecclesiastica
1676 2354 1995 2423 qmestione,

2120 2367 2349 2436 ματικῆς
2401 2365 2714 2427 ὑποθέσεως
2760 2364 2792 2434 ἢ
2852 2332 3311 2432 ἐκκλησιαστικοιῖ
3363 2332 3693 2436 οἱουδητινος

416 2471 531 2525 quae
575 2452 992 2522 depositionem,
1026 2449 1107 2502 vel
1151 2448 1315 2502 etiam
1356 2461 1573 2516 pmnam
1612 2448 1867 2516 episcopo
1914 2446 2002 2499 in-

416 2549 587 2613 ducit,
629 2562 751 2600 eum
787 2557 899 2597 non
948 2541 1110 2596 aliter
1142 2540 1305 2602 trahi,
1346 2555 1511 2609 quam
1563 2539 1607 2591 si
1663 2538 2004 2592 accusatoris

417 2652 647 2707 persona
712 2635 865 2706 prius
919 2632 1227 2687 examinata
1272 2628 1467 2684 fuerit.
1519 2627 1808 2683 llaereticis
1858 2629 2004 2682 enim

418 2730 566 2783 nullo
631 2727 791 2780 modo
835 2724 1162 2795 permissum
1208 2733 1293 2778 est
1345 2723 1663 2792 episcopum
1718 2735 2003 2774 accusare.

419 2819 665 2891 Separati
697 2828 897 2880 autem,
932 2816 1013 2869 vel
1045 2815 1135 2884 qui
1169 2824 1297 2870 sunt
1323 2816 1489 2868 etiam
1516 2812 2007 2884 quomodocuuque

420 2913 566 2980 prius
590 2908 858 2971 accusanti,
891 2921 996 2959 non
1024 2913 1254 2972 possunt
1287 2903 1549 2956 adversus
1579 2903 1892 2969 episc0pum
1925 2900 2007 2953 vel

421 3004 680 3059 clericum
714 2998 1114 3054 accusationem
1141 2996 1445 3061 instituere,
1472 2994 1571 3047 nisi
1600 2994 1748 3062 prius
1774 2992 2004 3060 seipsos,

421 3111 603 3152 eorum
653 3108 773 3163 qua:
806 3091 886 3147 eis
931 3089 1288 3157 objiciuntur,
1340 3088 1585 3141 insontes
1637 3086 2004 3140 ostenderint.

422 3197 499 3250 Ac
541 3194 669 3247 licet
719 3190 788 3246 sit
841 3188 966 3243 talis
1012 3193 1320 3248 accusator,
1370 3199 1479 3237 non
1527 3181 1852 3250 simpliciter
1909 3194 2010 3233 ncc

423 3299 630 3342 temere
656 3282 769 3337 vult
803 3295 1001 3344 canon,
1028 3277 1313 3343 clericum,
1339 3276 1423 3329 vel
1458 3276 1773 3345 episcopum
1809 3271 1952 3326 trahi
1995 3287 2010 3326 :

424 3380 515 3434 sed
563 3392 687 3431 cum
723 3375 870 3428 omni
911 3372 1149 3441 legitima
1187 3369 1595 3432 observatione,
1641 3378 1695 3422 et
1739 3382 1838 3436 per
1869 3367 2014 3422 scri-

425 3482 660 3540 pturam,
711 3466 794 3520 vel
846 3463 1244 3535 depositionem
1303 3461 1659 3526 accusatoris,
1712 3475 1833 3531 quae
1883 3475 2010 3514 eum

426 3563 597 3619 eidem
650 3575 823 3629 poena:
867 3555 1144 3623 subjiciat,
1193 3555 1295 3609 nisi
1350 3555 1582 3618 crimen,
1632 3552 1783 3620 cujus
1833 3552 2011 3617 ipsum

2109 2456 2430 2526 ζητήματος
2478 2455 2868 2525 καθαίρεσινῆ
2932 2457 3029 2508 καὶ
3072 2457 3350 2526 ἐπιτίμιον
3396 2458 3700 2527 ἐπάγοντος

2107 2547 2185 2618 τῷ
2236 2546 2523 2616 ἐπισκόπῳ
2587 2546 2661 2618 μὴ
2703 2547 2880 2612 ἄλλως
2934 2548 3125 2602 τοῦτον
3185 2549 3465 2617 ἕλκεσθαι,
3501 2552 3548 2604 εί
3619 2552 3696 2621 μὴ

2110 2639 2379 2709 πρότερον
2432 2638 2693 2708 ἐξετασθῇ
2746 2638 2808 2690 τὸ
2857 2638 3154 2708 πρόσωπον
3211 2641 3306 2693 τοῦ
3360 2642 3699 2713 κατηγόρου.

2111 2732 2237 2795 Τοῖς
2286 2732 2396 2800 γὰρ
2448 2733 2750 2801 αίρετικοῖς
2774 2731 2881 2784 οὐδ’
2911 2733 3050 2795 ὅλως
3103 2733 3322 2802 ἐνεδόθη
3369 2737 3704 2805 κατηγορεῖν

2112 2825 2436 2879 ἐπισκόπου.
2490 2826 2550 2876 Οἱ
2598 2824 2653 2876 δὲ
2687 2825 3088 2894 ἀφωρισμένοι,
3129 2824 3161 2895 ἦ
3202 2825 3296 2879 καὶ
3348 2828 3721 2897 προκατηγο·’

2115 2918 2374 2987 ρηθέντες
2404 2917 2790 2985 ὁπωσδήποτε,
2819 2919 2878 2971 οὺ
2912 2918 3177 2971 δύνανται
3221 2920 3364 2972 κατὰ
3397 2919 3699 2972 ἐπισκόπου

2114 3009 2459 3084 ἥκληρικοῦ
2517 3012 2860 3080 κατηγορίαν
2926 3012 3193 3078 εἰσάγειν,
3246 3013 3293 3063 εί
3346 3013 3420 3081 μὴ
3474 3014 3707 3073 ἑαυτοὺς

2113 3104 2416 3157 ἀθι-ςώσωσι
2457 3106 2556 3171 τῆς
2604 3102 2973 3172 κατηγορίας.
3004 3103 3113 3157 Καὶ
3158 3104 3253 3156 τοῦ
3301 3104 3616 3174 κατηγόρου
3648 3104 3708 3158 δὲ

2112 3196 2363 3251 τοιούτου
2421 3195 2722 3265 ὅντος,ούχ
2787 3195 2977 3257 ἁπλῶς
3024 3196 3121 3247 καὶ
3156 3196 3231 3258 ὡς
3290 3196 3452 3266 ἔτυχε
3488 3195 3631 3249 θέλει
3676 3196 3708 3251 6

2116 3289 2298 3343 κανὼν
2324 3289 2415 3342 τὸν
2445 3288 2708 3359 κληρικὸν
2740 3287 2772 3357 ἥ
2808 3288 2901 3341 τὸν
2934 3288 3236 3343 ἐπίσκοπον
3262 3288 3703 3355 ἐλκεσθαι,άλλὰ

2120 3382 2259 3453 μετὰ
2287 3380 2469 3451 πάσης
2503 3380 2738 3451 νομικῆς
2770 3382 3239 3449 παρατηρήσεως,
3265 3379 3361 3432 καὶ
3384 3380 3474 3433 διὰ
3496 3381 3707 3451 ἐγγρα-

2119 3473 2224 3541 φῆς
2255 3472 2374 3542 ἦτοι
2428 3470 2517 3523 διὰ
2564 3470 2915 3533 καταθέσεως
2963 3470 3056 3523 τοῦ
3097 3470 3409 3542 κατηγόρου
3462 3472 3710 3525 καθυποι

2124 3563 2425 3631 ϐαλλούσης
2460 3561 2651 3615 τοῦτον
2678 3565 2736 3633 τῇ
2768 3562 3165 3634 ταυτοπαθείᾳ,
3196 3565 3244 3615 εί
3285 3563 3358 3634 μὴ
3393 3563 3453 3616 τὸ
3479 3543 3724 3631 εἰσαγὸ-ι

426 3653 732 3718 insimulat,
785 3648 1119 3721 probaverit.
1160 3644 1267 3700 Sed
1299 3654 1351 3700 et
1399 3646 1638 3715 episcopi
1682 3646 1799 3700 sive
1829 3642 2013 3698 clerici

2127 3674 2287 3728 μενον
2324 3655 2456 3725 παρ’
2490 3656 2656 3708 αὐτοῦ
2689 3654 2947 3725 ἔγκλημα
2968 3655 3284 3723 ἀποδείξει·
3322 3656 3461 3711 ἀλλὰ
3492 3658 3586 3710 καὶ
3611 3659 3708 3726 τὴν

427 3748 858 3809 accusationem,
905 3742 1142 3813 primum
1186 3740 1405 3809 quidem
1450 3738 1593 3809 apud
1637 3737 2010 3806 metropolita-

428 3856 555 3895 num
588 3838 780 3909 agitari
820 3854 832 3890 :
860 3835 905 3889 si
940 3843 1119 3888 autem
1155 3847 1261 3887 non
1305 3832 1474 3900 possit
1508 3830 1746 3900 regionis
1777 3829 2019 3899 synodus

428 3947 648 3986 causam
701 3928 935 3990 solvere,
982 3936 1133 3990 tunc,
1190 3924 1387 3992 inquit,
1437 3937 1557 3977 eam
1607 3923 1793 3976 audiet
1846 3921 2020 3991 major

430 4022 695 4091 synodus.
728 4018 865 4071 Eum
908 4026 1089 4069 autem
1121 4014 1210 4082 qui
1251 4023 1451 4083 praeter
1486 4013 1600 4066 haec
1646 4012 1799 4075 facit,
1835 4019 1890 4063 et
1935 4012 2019 4063 vel

433 4118 498 4169 ad
536 4116 915 4182 imperatorem
953 4109 1182 4171 accedit,
1216 4106 1303 4161 vel
1348 4106 1417 4160 ad
1463 4104 1743 4160 scccularia
1785 4103 2016 4175 judicia,

432 4209 515 4263 vel
558 4208 624 4259 ad
664 4201 1026 4257 universalem
1058 4199 1346 4270 synodum,
1377 4213 1482 4251 non
1523 4211 1643 4252 esse
1684 4198 1750 4251 ad
1798 4210 2025 4251 accusa-

436 4304 636 4355 tionem
664 4293 1079 4357 admittendum,
1108 4300 1167 4344 ut
1199 4292 1289 4358 qui
1319 4304 1557 4345 canones
1584 4287 1777 4356 injuria
1805 4286 2025 4353 alliciat,

434 4402 489 4449 et
534 4386 966 4447 ecclesiasticum
1014 4382 1262 4437 ordinem
1300 4388 1598 4449 pervertat.
1632 4379 1882 4434 Privatas
1921 4395 2022 4432 au-

438 4496 545 4539 tem
582 4478 884 4549 nominavit
912 4489 1085 4530 canon
1118 4472 1464 4542 pecuniarias
1495 4484 1708 4533 causas,
1738 4468 1806 4523 ad
1837 4468 2027 4523 crimio

438 4578 643 4635 nalium
675 4557 1060 4631 diﬂ‘erentiam,
1094 4579 1215 4634 qua:
1239 4562 1458 4633 quidem
1486 4561 1716 4630 publica:
1748 4560 2027 4623 dicuntur,

442 4664 507 4725 ut
528 4683 648 4739 quae
678 4667 744 4721 ab
767 4662 1041 4725 omnibus,
1065 4659 1154 4729 qui
1179 4666 1392 4712 suntex
1420 4657 1641 4727 populo,
1670 4665 2026 4710 moveantur:

444 4763 585 4835 quod
618 4774 725 4813 non
775 4766 860 4811 est
902 4754 955 4806 in
1004 4749 1185 4805 causis
1216 4748 1570 4819 pecuniariis.
1623 4747 1669 4802 Is
1701 4748 1844 4802 enim
1887 4748 2032 4804 solus

445 4873 540 4912 eas
567 4858 770 4916 movet,
810 4846 966 4915 cujus
1002 4845 1246 4899 interest.
1280 4840 1417 4896 Cum
1465 4851 1648 4897 autem
1697 4842 1853 4896 audis
1896 4858 2033 4912 prae-

2126 3747 2470 3816 κατηγορῐαν
2512 3745 2606 3798 τοῦ
2638 3746 2945 3798 ἐπισκόπου
2978 3746 3010 3815 ἢ
3044 3746 3139 3798 τοῦ
3188 3745 3457 3817 κληρικοῦ
3493 3748 3711 3817 πρῶτον

2125 3839 2281 3909 παρὰ
2330 3837 2409 3907 τῷ
2461 3837 2840 3908 μητροπολίτῃ
2871 3837 3164 3905 γίνεσθαι·
3201 3840 3251 3891 εί
3296 3839 3353 3891 δὲ
3396 3839 3457 3891 ού
3506 3826 3725 3917 δυνηθῇ

2124 3933 2157 3999 ή
2200 3929 2471 4002 ἐγχώριος
2516 3930 2738 3992 σύνοδος
2766 3929 2929 3984 λῦσαι
2967 3930 3068 3999 τὴν
3100 3930 3381 3994 ὑπόθεσιν,
3416 3932 3561 3994 τότε,
3606 3918 3733 4021 φηοὶ

2129 4025 2251 4089 civ,
2293 4024 2629 4095 ἀκροάσεται
2672 4023 2880 4093 ταύτης
2931 4023 3138 4093 μείζων
3198 4022 3441 4086 σύνοδος.
3509 4026 3613 4079 Τὸν
3659 4025 3721 4080 δὲ

2128 4116 2281 4187 παρὰ
2309 4116 2481 4169 ταῦτα
2510 4115 2793 4180 ποιοῦντα,
2822 4116 2916 4169 καὶ
2947 4115 2979 4186 ἢ
3010 4114 3225 4185 βασιλεῖ
3253 4102 3732 4187 προσερχόμενον,¹

2132 4209 2482 4279 ἦκοσμικοίς
2528 4208 2811 4277 ἄρχουσιν,
2850 4206 2883 4277 ἢ
2918 4208 3280 4279 οἰκουμενικῇ
3316 4209 3539 4276 συνόδῳ,
3570 4195 3731 4305 ἀπα-ξ

2136 4301 2394 4374 ράδεκτον
2446 4302 2526 4364 είς
2582 4300 2924 4371 κατηγορίαν
2954 4296 3118 4362 εἶναι,
3162 4301 3238 4363 ὡς
3283 4301 3551 4372 ὑϐριστὴν
3606 4302 3723 4357 τῶν

2136 4393 2378 4447 κανόνων
2409 4393 2505 4446 καὶ
2529 4392 2629 4463 τῆς
2653 4393 3125 4461 ἐκκλησιαστικῆς
3146 4393 3406 4459 εὐταξίας
3431 4393 3720 4464 λυμεῶνα.

2151 4483 2453 4547 Ἰδιωτικὰς
2492 4483 2548 4536 δὲ
2587 4482 2875 4554 ὠνόμασεν
2916 4485 2945 4536 ὁ
2994 4482 3177 4537 κανὼν
3212 4485 3314 4548 τὰς
3365 4487 3733 4556 χρηματικὰς.

2144 4575 2431 4641 ὑποθέσεις
2476 4575 2614 4646 πρὸς
2664 4575 3075 4647 ἀντιδιαστολὴν
3124 4576 3234 4629 τῶν
3268 4561 3734 4648 ἐγκληματικῶν,ξ

2142 4668 2349 4729 αἵτινες
2410 4666 2666 4736 δημόσιαι
2724 4667 3000 4735 λέγονται,
3052 4666 3128 4729 ὡς
3189 4669 3511 4736 κινούμεναι
3573 4642 3735 4739 παρὰ³

2142 4761 2346 4823 παντὸς
2378 4761 2489 4812 τῶν
2534 4760 2629 4812 τοῦ
2666 4760 2865 4830 δήμου,
2895 4761 3032 4830 ὅπερ
3078 4760 3174 4813 ἐπὶ
3217 4760 3328 4811 τῶν
3358 4760 3733 4831 χρηματικῶή

2141 4850 2378 4917 ἀγωγῶν
2430 4851 2531 4902 οὐκ
2583 4829 2724 4903 ἔστι,
2754 4850 2934 4914 Μόνος
2975 4829 3086 4920 γὰρ
3123 4851 3150 4903 ὁ
3178 4848 3319 4920 ἔχων
3360 4829 3737 4924 γ’·ξὸνδιαφέρονἡ

1672 4983 1875 5046 Guill.
1910 4987 2254 5065 Beveregii
2286 4995 2481 5050 notae.

450 5123 516 5179 Et
544 5134 608 5172 ex
644 5116 885 5190 Epistula
921 5114 1132 5167 Damasi
1184 5112 1358 5190 Papje
1401 5113 1465 5190 ad
1516 5113 1879 5190 Stephanum,
1933 5116 2035 5171 Ca-
2073 5123 2118 5180 Ι)
2146 5118 2264 5190 quis
2301 5120 2499 5172 crimen
2546 5118 2794 5183 intendit,
2852 5136 2956 5174 non
3000 5120 3316 5190 impunitam
3355 5118 3472 5189 fore
3523 5119 3728 5174 noverit

454 5184 768 5251 lumniator,
795 5188 839 5240 si
870 5187 922 5239 in
959 5184 1306 5238 accusationi
1325 5184 1596 5256 defecerit,
1664 5187 1916 5240 talionem
1955 5205 2039 5241 re-

2146 5188 2419 5241 ticentiam
2476 5191 2787 5255 mentiendi,
2838 5208 2957 5244 cum
3009 5188 3402 5245 calumniantes
3443 5192 3512 5242 ad
3562 5190 3738 5244 vituli;

455 5259 806 5337 cipiattibid.
838 5256 1053 5337 cap._'2,
1077 5256 1169 5337 sed
1200 5256 1363 5337 verba
1411 5257 1523 5337 ipsa
1577 5256 1795 5311 Damasi
1831 5258 2043 5337 plenius
2143 5268 2283 5337 ctam
2312 5261 2822 5337 poscat_sintilititdo
2867 5261 3117 5330 supplicii
3141 5262 3178 5314 l.
3216 5278 3267 5328 χ,
3297 5277 3347 5317 c.
3391 5260 3470 5314 De
3522 5259 3737 5313 calum;

456 5324 537 5388 sic
570 5324 919 5401 referuntur,
942 5324 1086 5401 Nam
1115 5327 1391 5401 inscriptio
1414 5328 1584 5401 primo
1610 5343 1813 5396 semper
1834 5324 1962 5401 ﬁat,
1988 5346 2013 5401 ιι

2142 5331 2463 5383 uiatoribus.
2503 5332 2757 5396 Basilica,
2787 5334 2814 5384 ὁ
2846 5324 3135 5401 γινόμενος
3160 5324 3431 5400 προδότης
3462 5330 3560 5398 τῆς
3592 5330 3730 5401 ιδξας

458 5405 707 5457 talionem
767 5398 1418 5467 caluntniatorirecipiat,
1480 5399 1603 5467 quia
1665 5408 1797 5451 ante
1856 5399 2046 5451 inscri-

458 5477 695 5543 ptionem
730 5486 879 5543 nemo
922 5468 1084 5543 debet
1121 5466 1365 5543 judicari
1415 5469 1493 5521 vel
1534 5470 1804 5543 _aamitai'i
1833 5485 1957 5543 _cum
1991 5478 2039 5543 et

462 5538 815 5612 swculiileges
845 5540 955 5592 lucc
987 5539 1169 5612 eadem
1202 5540 1481 5612 retineant.
1534 5538 1768 5612 ωτι-ρ,
1820 5540 1873 5602 4,
1911 5557 1966 5606 q,
1992 5539 2046 5603 4,

463 5631 512 5668 c.
543 5614 599 5666 ‘2.
638 5608 757 5665 Ilzec
780 5611 1046 5664 habentur
1076 5609 1127 5662 iu
1159 5618 1350 5675 qttarta
1412 5608 1626 5661 liaitxasi
1672 5608 1910 5677 Epistola
1966 5613 2033 5661 ad

469 5683 802 5748 Stephanum
864 5681 1336 5743 archiepiscopum
1390 5692 1513 5746 cap.
1567 5678 1622 5731 7.
1676 5679 1816 5747 Lege
1870 5679 2036 5732 etiam

466 5754 609 5809 civili
637 5750 905 5807 l‘lonorius
934 5760 987 5805 et
1019 5748 1362 5804 Theodosius
1390 5749 1467 5804 sic
1497 5757 1831 5818 statuerunt,
1881 5749 2040 5817 Quis—

2148 5401 2488 5472 namyopia;
2528 5404 2623 5453 ἐπὶ
2656 5403 2924 5472 ποιναλίῳ
2960 5399 3295 5471 ἐγκλήματι,
3330 5404 3429 5472 τὴν
3454 5399 3735 5472 τιμωρίαν.

2157 5469 2495 5543 Miami-tat,
2548 5473 2616 5542 ἣν
2658 5469 3058 5543 ὁίέναγόμενος
3102 5469 3340 5543 ἤμελλεν
3386 5469 3730 5543 ’ὑποστήνηανη

2150 5540 2315 5610 Basil.
2351 5541 2386 5593 Ι.
2428 5557 2516 5605 1.x,
2547 5538 2629 5595 tit.
2657 5542 2749 5606 ‘26,
2787 5538 2920 5596 0.6.
2968 5541 3097 5596 Vide
3124 5538 3289 5597 etiam
3322 5542 3565 5610 Dionysii
3623 5538 3741 5591 Gtt-

2149 5609 2383 5665 thofredi
2417 5628 2571 5666 uetas
2595 5615 2647 5667 itt
2672 5615 2708 5668 l.
2745 5629 2837 5679 vn,
2869 5613 2926 5666 [Γ.
2973 5613 3047 5667 De
3080 5609 3513 5668 accusationibus
3558 5621 3608 5663 et
3651 5611 3739 5661 in-

2148 5683 2546 5749 scriptionibus.
