4072 6384
298 417 303 421 ,
325 356 424 410 337

1478 358 1560 416 IN
1592 356 1762 418 CAN.
1802 355 1883 417 VI
1919 352 2129 416 CONC.
2161 356 2267 418 (ΖΡ.
2323 358 2400 418 lI.

3473 355 3581 417 3‘3

324 463 527 526 ταύτας
591 467 749 518 κινεῖ.
801 466 1042 522 Ἀκούων
1099 468 1157 522 δὲ
1206 468 1301 524 τοῦ
1362 471 1630 544 παρόντος
1674 468 1900 530 κανόνος

2018 479 2217 525 tentem
2259 487 2551 535 canonem,
2592 472 2888 536 dicentem,
2937 469 3227 525 lta‘relicos
3265 469 3427 524 etiam
3465 484 3583 529 ρος,

328 555 579 621 λέγοντος
632 558 950 628 αίρετικοὺς
1007 563 1103 616 καὶ
1153 563 1282 627 τοὺς
1328 564 1426 635 τὴν
1455 564 1643 617 πίστιν
1674 563 1772 632 μὲν
1803 561 1902 630 τὴν

329 649 458 718 ὑγιῆ
495 653 1005 722 προσποιουμένους
1052 655 1356 725 ὁμολογεῖν,
1403 657 1814 726 ἀποσχίσαντας
1845 654 1903 708 δὲ

328 741 423 794 καὶ
481 745 1016 812 ἀντισυναγαγόντας
1063 749 1173 811 τοῖς
1228 751 1533 811 κανονικοῖς
1587 748 1745 819 ἡμῶν
1783 748 1904 799 ὲπι-

326 829 572 893 σκόποις,
618 831 693 900 μὴ
725 834 1055 905 ἐναντιιυοῇς
1091 835 1171 904 τῷ
1208 836 1252 904 β’
1285 837 1472 890 κανόνι
1524 834 1618 888 τοῦ
1669 834 1903 907 μεγάλου

329 922 616 975 Βασιλείου
668 923 744 994 μὴ
789 925 1110 995 ὀνομάζοντι
1145 930 1460 998 αίρετικοὺς
1495 929 1624 990 τοὺς
1671 945 1905 999 σχισμα-

325 1014 536 1078 τικούς.
581 1016 724 1070 Ἀλλ’
765 1019 886 1070 είπὲ
921 1020 1164 1084 ἐκείνους
1194 1024 1320 1086 τοὺς
1345 1022 1742 1092 σχισματικοὺς
1783 1020 1905 1072 ὀνο-

295 1106 602 1176 ’μάζεσθαι
662 1108 767 1161 ὑπὸ
818 1111 914 1163 τοῦ
973 1113 1247 1182 παρόντος
1305 1113 1534 1176 κανόνος
1591 1111 1902 1182 αἱρετικοὺς

323 1199 454 1261 τοὺς
508 1199 991 1270 ἀλλοτριόφρονας,
1023 1206 1118 1258 καὶ
1170 1205 1313 1259 κατὰ
1369 1204 1739 1276 προσποίησιν
1805 1205 1905 1273 μὲν

325 1292 764 1370 όρΘοδοΞούντ-ας,
791 1297 932 1348 κατὰ
963 1296 1228 1367 ἀλήθειαν
1261 1299 1318 1351 δὲ
1353 1298 1516 1359 ὂντας
1551 1296 1863 1365 αἱρετικούς
1887 1313 1900 1327 ’

326 1385 418 1437 τὸν
463 1386 520 1437 δὲ
553 1386 757 1440 κανόνα
809 1385 904 1439 τοῦ
955 1389 1114 1456 ἁγίου
1175 1391 1463 1444 Βασιλείου
1515 1391 1647 1458 περὶ
1698 1389 1906 1458 ἐτέρων

328 1479 709 1546 σχισματικῶν
754 1480 1051 1546 διδάσκειν,
1100 1481 1210 1537 τῶν
1241 1483 1411 1538 ὄντων
1449 1484 1548 1554 μὲν
1600 1481 1906 1552 όρΘοδόξων

327 1571 389 1638 τῇ
423 1568 787 1642 ἀληθείᾳ,διὰ
831 1573 889 1626 δέ
936 1591 1054 1627 τινα
1104 1576 1382 1645 πρόφασιν
1432 1573 1905 1647 ἐκκλησιαστικοῢ

327 1657 642 1731 ζητήματος
683 1664 1098 1734 ἀποσχισάντων
1131 1668 1364 1731 ἑαυτοὺς
1399 1669 1542 1722 κατὰ
1583 1667 1908 1733 ἀλαζονείαν

327 1752 434 1804 ἀπὸ
473 1754 572 1821 τῆς
603 1752 860 1825 ὁλότητος
890 1756 998 1809 τῶν
1029 1757 1275 1826 ἀδελφῶν
1294 1775 1310 1790 ·
1361 1761 1457 1813 καὶ
1504 1759 1782 1829 ἀνάγνωθι
1814 1761 1908 1814 τὸν

327 1844 562 1913 ρηθέντα
587 1839 911 1900 κανόνατοῦ
944 1849 1103 1917 ἁγίου
1130 1852 1367 1922 Πατρός.
1411 1854 1548 1908 Ἀπὸ
1587 1854 1776 1924 μέντοι
1809 1854 1906 1907 τοῦ

327 1936 410 1987 τε)
424 1936 641 1990 ευταίου
679 1939 844 2008 ῥητοῦ
872 1940 964 1992 τοῦ
998 1943 1271 2011 παρόντος
1302 1945 1556 2008 κανόνος,
1585 1945 1682 1998 τοῦ
1716 1946 1910 2013 λέγον-

326 2043 418 2092 τος
449 2030 830 2101 ἀπαράδεκτον
857 2035 937 2096 είς
968 2035 1309 2103 κατηγορίαν
1341 2029 1483 2091 εἶναι
1509 2037 1602 2091 τὸν
1633 2039 1786 2108 παρὰ
1817 2038 1910 2091 τὸν

325 2122 530 2174 κανόνα
577 2123 857 2188 ποιοῦντα,
887 2124 960 2183 ὡς
1015 2123 1280 2196 ὑϐριστὴν
1307 2127 1416 2180 τῶν
1481 2129 1747 2193 κανόνων,
1783 2131 1910 2182 ὲπε·

323 2210 591 2283 πείρησαν
623 2216 798 2268 εἰπεῖν
840 2233 989 2280 τινες
1031 2217 1127 2270 καὶ
1181 2218 1377 2289 ἀτιμίᾳ
1428 2219 1616 2272 τοῦτον
1665 2199 1909 2274 καδυπο-

322 2305 636 2360 ϐάλλεσθαι.
682 2307 838 2377 Ἐμοὶ
873 2308 929 2361 δὲ
971 2309 1121 2362 δοκεῖ
1152 2311 1260 2364 ἀπὸ
1307 2311 1502 2365 τούτου
1543 2313 1618 2383 μὴ
1650 2313 1909 2382 γενέσθαι

322 2396 610 2460 τδνοῦτως
657 2399 1016 2464 ἀσυντάκτως
1047 2401 1392 2470 ἑναγαγόντα
1441 2405 1627 2475 ἔνοχον
1675 2408 1740 2476 τῇ
1777 2409 1911 2476 περὶ

322 2487 540 2558 ὕϐρεως
580 2489 797 2560 ἀγωγῇ,
827 2491 970 2544 ὥστε
1025 2493 1375 2566 ἀτιμωοῆναι
1405 2512 1419 2527 ο
1463 2498 1558 2550 καὶ
1595 2498 1911 2563 ἀκολούθως

322 2579 747 2650 καθαιρεθῆναι,
776 2582 866 2636 διὰ
887 2584 976 2638 τὸν
1004 2586 1205 2638 κανόνα
1228 2588 1320 2640 τὸν
1337 2587 1568 2657 λέγοντα
1593 2606 1607 2621 ⁸
1641 2591 1714 2643 Τὸ
1733 2607 1913 2659 φανε-

326 2673 421 2740 pm
485 2671 741 2740 βλάπτει,
775 2673 836 2725 τὸ
900 2675 1354 2745 ἐκτετυπωμένον
1397 2678 1457 2731 ού
1495 2678 1727 2747 βλάπτει
1759 2681 1906 2751 (78)·

322 2765 502 2872 finito;
531 2764 588 2818 δέ
624 2783 740 2827 πως
793 2768 1272 2872 τιμωρηθήσεἮ,
1302 2771 1444 2823 κατὰ
1495 2770 1555 2824 τὸ
1586 2771 1786 2826 δοκοῦν
1836 2773 1912 2842 τῷ

321 2852 624 2919 δικάζοντι.
662 2857 998 2911 Ἑπισκόπού
1045 2859 1101 2911 δέ
1159 2852 1305 2921 τῗιῗός
1353 2860 1708 2924 ἑλκυσοέντος
1752 2864 1913 2933 χάριν

323 2949 752 3018 ὲγκληματικῆς
779 2950 1091 3014 ὑποθέσεως
1133 2952 1212 3015 είς
1242 2952 1342 3023 τὴν
1374 2956 1431 3006 ὲν
1466 2956 1914 3009 Κωνσταντινου-

327 3043 480 3098 πόλει
528 3043 692 3110 ἁγίαν
749 3043 989 3105 σύνοδον,
1040 3046 1134 3097 καὶ
1196 3045 1538 3116 ζητήσαντος
1597 3047 1696 3118 τὴν
1729 3048 1913 3117 κρίσιν

2004 563 2095 629 qui
2124 579 2307 616 sanam
2339 564 2496 618 ﬁdem
2530 564 2781 618 contiteri
2813 579 2920 632 pne
2948 578 3008 618 se
3035 562 3238 625 ferunt,
3264 571 3582 630 separantt-s

2005 665 2186 707 autem
2238 671 2317 716 se,
2374 658 2636 710 adversus
2689 654 2985 708 canonicos
3034 661 3248 708 nostros
3295 651 3583 721 episcopos

2005 747 2478 816 congregationem
2511 745 2734 808 faciunt,
2774 761 2842 799 ne
2867 760 3106 814 pugnare
3136 743 3422 798 exiSIimes
3458 758 3581 796 cum

2004 841 2062 894 ﬁ.
2111 854 2321 893 canone
2361 839 2537 908 magni
2571 838 2914 904 Basilii,'non
2947 839 3260 892 nominante
3297 836 3586 890 haereticos

2006 930 2408 985 srhismatit-os.
2442 929 2548 983 Sed
2579 928 2664 983 dic
2695 928 2817 982 illos
2850 926 3232 982 schismaticos
3268 940 3295 979 a
3327 921 3584 994 prmsenti

2007 1038 2217 1077 canone
2253 1021 2538 1076 haereticos
2580 1021 2867 1090 appellari,
2900 1020 2990 1090 qui
3025 1019 3200 1074 aliena
3237 1021 3500 1080 sentiunt,
3532 1026 3588 1070 et

2007 1114 2355 1168 simulatione
2384 1113 2599 1183 quidem
2636 1128 2699 1168 ac
2732 1115 2914 1180 specie
2947 1119 3074 1166 sunt
3106 1110 3422 1174 orthodoxi,
3459 1118 3590 1164 sunt
3635 1113 3637 1116 ‘

2006 1216 2184 1263 autem
2222 1222 2407 1261 revera
2452 1207 2689 1262 haeretici
2726 1223 2742 1262 :
2777 1207 2950 1261 sancti
2988 1215 3168 1260 autem
3205 1203 3389 1258 Basilii
3419 1217 3589 1256 cano-

2009 1316 2131 1354 nem
2178 1302 2243 1354 de
2278 1300 2404 1355 aliis
2449 1300 2812 1355 schismaticis
2847 1302 3066 1361 docere,
3102 1296 3196 1367 qui
3242 1305 3368 1350 sunt
3398 1310 3585 1350 revera

2008 1395 2224 1464 quidem
2243 1394 2555 1456 orthodoxi,
2580 1394 2673 1448 sed
2700 1403 2920 1461 propter
2941 1391 3176 1456 aliquem
3203 1388 3590 1444 ecclesiasticae

2007 1489 2325 1560 quaestionis
2367 1496 2708 1558 praetextum,
2764 1499 2823 1540 se
2865 1501 2960 1555 per
3001 1483 3373 1550 arrogantiam
3405 1496 3433 1534 a
3481 1481 3592 1535 fra-

2011 1588 2152 1634 trum
2183 1580 2492 1645 integritate
2520 1578 2877 1632 absciderunt
2913 1595 2928 1632 :
2959 1585 3015 1632 et
3047 1577 3160 1644 lege
3188 1576 3390 1630 dictum
3425 1587 3592 1627 cano-

2010 1687 2133 1726 nem
2165 1671 2340 1725 sancti
2375 1670 2572 1724 Patris.
2605 1667 2682 1722 Ex
2710 1668 2898 1722 ultimo
2921 1677 3102 1722 autem
3138 1667 3283 1722 dicto
3311 1665 3593 1736 prasentis

2011 1765 2259 1826 canonis,
2291 1763 2542 1830 dicentis,
2573 1762 2638 1816 ad
2671 1761 3068 1817 accusationem
3104 1776 3207 1815 non
3241 1775 3360 1816 esse
3394 1759 3595 1814 admit-

2015 1857 2256 1920 tendum,
2303 1855 2394 1924 qui
2441 1866 2637 1924 praeter
2671 1868 2932 1908 canonem
2981 1852 3132 1914 facit,
3183 1862 3241 1906 ut
3283 1852 3374 1919 qui
3428 1853 3500 1905 sit
3537 1851 3590 1904 in

2012 1959 2250 1999 canones
2275 1944 2721 2004 contumeliosus,
2750 1943 2928 1996 conati
2961 1950 3088 1997 sunt
3113 1941 3365 1998 nonnulli
3388 1941 3590 2006 dicere,

2010 2048 2133 2087 eum
2157 2034 2319 2107 etiam
2350 2032 2589 2090 infamiae
2618 2031 2839 2100 subjici.
2873 2030 3000 2084 Mihi
3033 2041 3213 2085 autem
3242 2030 3457 2084 videtur
3486 2044 3593 2083 non

2011 2138 2076 2177 ex
2109 2137 2196 2188 eo,
2221 2122 2394 2187 illum,
2417 2123 2507 2190 qui
2538 2122 2674 2176 adeo
2705 2119 3012 2174 inordinate
3043 2119 3310 2174 actionem
3339 2119 3592 2182 intendit,

2012 2215 2332 2285 injuriarum
2366 2214 2581 2269 actione
2609 2213 2803 2277 teneri,
2841 2222 2897 2267 ut
2925 2211 3251 2269 sit.infamis
3276 2228 3291 2277 ;
3316 2223 3369 2266 et
3400 2225 3595 2266 conse-

2015 2315 2246 2374 quenter
2296 2306 2642 2374 deponatur,
2697 2314 2916 2374 propter
2967 2304 3226 2374 Regulam
3272 2319 3394 2374 qua:
3440 2303 3594 2366 dicit,

2014 2396 2278 2466 Expressa
2314 2406 2510 2452 nocent
2540 2415 2551 2451 :
2580 2412 2685 2450 non
2723 2411 2982 2465 expressa
3016 2411 3120 2448 non
3149 2402 3366 2449 nocent.
3398 2395 3597 2462 Aliquo

2015 2500 2195 2544 autem
2246 2491 2354 2544 alio
2397 2490 2556 2544 modo
2591 2489 2844 2558 punietur
2879 2495 3041 2554 prout
3079 2486 3245 2554 judici
3297 2486 3592 2541 videbitur.

2015 2581 2150 2636 Cum
2182 2591 2364 2637 autem
2398 2582 2684 2651 episcopus
2707 2579 2906 2648 aliquis
2930 2594 3026 2647 pro
3050 2577 3316 2632 criminali
3339 2593 3503 2631 causa
3540 2576 3594 2629 in

2014 2685 2260 2729 sanctam
2333 2672 2989 2740 Constantinopolitanam
3060 2671 3323 2741 synodum
3391 2677 3598 2723 tractus

2013 2775 2180 2830 esset,
2210 2774 2264 2820 et
2290 2765 2571 2833 petivisset
2593 2773 2652 2818 ut
2675 2779 2702 2816 a
2731 2779 2828 2818 suo
2855 2761 3274 2832 metropolitano
3297 2771 3351 2814 et
3380 2760 3599 2830 propria

2015 2857 2220 2928 synodo
2273 2855 2632 2926 judicaretur,
2689 2866 2744 2908 ut
2799 2855 2912 2908 vult
2966 2855 3052 2908 hic
3107 2867 3344 2922 praesens
3397 2867 3606 2919 canon,

2015 2950 2270 3003 dixerunt
2325 2947 2592 3013 nonnulli,
2639 2948 2781 3016 quod
2832 2946 3088 3013 quoniam
3147 2945 3608 3014 metropolitanus.

2015 3056 2253 3113 praesens
2277 3041 2388 3094 vult
2414 3056 2568 3096 suum
2595 3041 2908 3108 episcopum
2941 3053 2970 3092 a
3001 3053 3194 3107 magna
3225 3039 3428 3108 synodo
3453 3035 3600 3103 judi-

326 3134 416 3188 τοῦ
482 3133 886 3204 μητροπολίτου
943 3134 1112 3187 αὑτοῦ
1160 3136 1226 3190 ἐκ
1277 3140 1378 3206 τῆς
1425 3137 1637 3201 οἰκείας
1692 3138 1914 3191 συνόδου

2021 3132 2156 3197 cari,
2212 3131 2348 3199 apud
2395 3147 2514 3185 eam
2569 3141 2715 3184 recte
2755 3129 3109 3198 iudicabitur.
3164 3128 3364 3182 Contra
3418 3138 3598 3182 autem

325 3227 470 3280 κατὰ
503 3227 600 3279 τὸν
631 3227 880 3296 παρόντα
926 3229 1152 3293 κανόνα,
1191 3223 1344 3282 εἶπόν
1383 3247 1526 3293 τινες
1563 3230 1664 3295 ὡς,
1702 3232 1854 3284 Ἐπεὶ
1884 3235 1912 3286 ό

324 3319 739 3390 μητροπολίτης
797 3321 1190 3390 παρουσιάξων
1257 3321 1399 3374 θέλει
1465 3322 1556 3375 τὸν
1607 3323 1912 3378 ἐπίσκοπον

323 3411 493 3467 αὑτοῦ
541 3411 696 3475 παρὰ
749 3413 815 3480 τῇ
869 3412 1082 3482 μεγάλῃ
1140 3413 1346 3483 συνόδῳ
1398 3414 1680 3485 κριθῆναι,
1731 3415 1913 3480 καλῶς

323 3505 476 3574 παρὰ
535 3503 711 3573 ταύτῃ
771 3503 1117 3572 κριθήσεται.
1163 3505 1476 3559 Ἀντέοεντο
1511 3507 1556 3560 δ’
1601 3509 1782 3578 ἕτεροι
1835 3510 1910 3580 μὴ

324 3596 540 3650 κεῖσθαι
598 3595 700 3663 τὴν
738 3593 922 3662 κρίσιν
978 3593 1174 3647 τούτου
1236 3595 1386 3665 παρὰ
1425 3599 1491 3668 τῇ
1548 3597 1770 3666 ἐξουσία
1809 3599 1906 3652 τοῦ

325 3685 758 3758 μητροπολίτου,
797 3684 935 3739 ἀλλὰ
975 3688 1042 3757 τῇ
1089 3689 1210 3740 κατ’
1251 3689 1416 3742 αὑτὸν
1461 3691 1688 3760 συνόδῳ.
1728 3692 1916 3762 Ἕχειν

324 3781 385 3833 δὲ
421 3780 518 3831 καὶ
556 3779 700 3849 μέγα
723 3779 981 3850 διαφέρον
1011 3779 1103 3831 τὸν
1141 3779 1442 3834 ἐπίσκοπον
1466 3785 1545 3844 είς
1579 3785 1678 3853 τὴν
1705 3784 1914 3838 οἰκείαν

331 3870 646 3935 δικάζεσθαι
710 3869 948 3935 σύνοδον,
988 3871 1080 3924 καὶ
1119 3872 1193 3941 μὴ
1243 3872 1535 3926 ὲλκύεσοαι
1590 3876 1672 3938 είς
1722 3877 1918 3948 ἑτέραν

342 3961 586 4026 σύνοδον,
611 3965 704 4016 καὶ
747 3963 838 4016 διὰ
875 3963 1036 4016 τοῦτο
1070 3963 1206 4032 μηδὲ
1245 3963 1429 4036 χώραν
1473 3965 1620 4037 ἔχειν
1673 3968 1773 4039 τὴν
1822 3971 1916 4023 τού

354 4054 735 4124 μητροπολίτου
788 4055 1120 4125 καταδοχήν.
1185 4057 1304 4109 Ἔτ’
1361 4056 1517 4112 εἶπόν
1586 4078 1734 4125 τινες
1788 4065 1920 4132 περὶ

348 4147 720 4216 οἱκουμενικῆς
769 4148 989 4202 συνόδου
1037 4149 1130 4202 τὸν
1156 4149 1358 4202 κανόνα
1393 4151 1785 4220 διαλέγεσθαι·
1819 4155 1920 4225 τὴν

342 4240 396 4292 δὲ
423 4242 479 4292 ἐν
510 4237 1088 4293 Κωνσταντινουπόλει
1123 4239 1369 4309 μεγάλην
1415 4241 1638 4296 σύνοδον
1665 4243 1741 4314 μὴ
1774 4240 1918 4298 εἶναι

336 4334 723 4404 οἰκούμενικήν
747 4347 762 4362 ·
807 4331 903 4384 καὶ
929 4332 1017 4385 διὰ
1045 4331 1207 4385 τοῦτο
1241 4331 1376 4403 μηδὲ
1411 4334 1600 4406 χώραν
1646 4336 1792 4406 ἔχειν
1825 4337 1920 4390 ἐπὶ

333 4428 396 4494 τῇ
458 4425 715 4496 παρούσῃ
774 4424 1057 4479 ὑποθέσει.
1103 4425 1259 4494 Ἐμοὶ
1316 4425 1376 4479 δὲ
1429 4427 1581 4481 δοκεί
1622 4429 1706 4481 ὅτι
1768 4430 1800 4500 ή
1859 4430 1920 4484 ἐν

2022 3233 2275 3287 dixerunt
2307 3229 2573 3292 nonnulli,
2603 3243 2710 3283 non
2745 3243 2864 3282 esse
2895 3228 3058 3282 situm
3098 3227 3214 3295 ejus
3243 3225 3509 3296 judicium
3545 3225 3598 3278 in

2022 3333 2289 3396 potestate
2337 3322 2760 3391 metropolitani,
2793 3321 2888 3375 sed
2939 3321 3127 3390 synodi
3173 3334 3294 3390 quae
3339 3327 3423 3373 est
3459 3317 3621 3386 apud

2023 3419 2219 3488 ipsum.
2248 3415 2473 3469 Multum
2506 3414 2667 3469 etiam
2699 3398 2937 3484 episcopi
2982 3414 3265 3477 interesse,
3297 3420 3365 3464 ut-
3387 3411 3439 3464 in
3469 3425 3606 3478 pro.-

2022 3511 2137 3580 pria
2181 3508 2390 3580 synodo
2436 3507 2731 3576 judicetur,
2767 3513 2820 3558 et
2865 3505 2930 3559 ad
2977 3503 3139 3558 aliam
3185 3502 3452 3570 synodum
3487 3515 3616 3554 non

2027 3603 2292 3656 trahatur.
2332 3600 2396 3652 Et
2430 3607 2712 3668 propterea
2758 3613 2858 3652 nec.
2895 3597 3072 3650 locum
3121 3596 3336 3664 quidem
3381 3592 3600 3655 habere.

2025 3691 2424 3760 metropolitani
2450 3691 2855 3744 admissionem.
2891 3688 3155 3743 Praeterea
3188 3689 3442 3742 dixerunt
3469 3702 3606 3739 non-

2027 3785 2154 3839 nulli
2186 3799 2447 3839 canonem
2487 3782 2632 3852 loqui
2665 3781 2733 3839 de
2762 3782 3053 3836 universali
3091 3769 3319 3852 synodo,
3350 3793 3603 3850 magnam

2027 3886 2206 3931 autem
2242 3877 2530 3948 synodum,
2558 3889 2677 3944 quae
2713 3885 2797 3929 est
2825 3873 3312 3942 ConstantinOpoli,
3353 3888 3458 3926 non
3487 3887 3608 3926 esse

2027 3968 2390 4023 universalem
2417 3982 2432 4021 :
2472 3975 2527 4022 et
2555 3976 2839 4035 propterea
2871 3980 2970 4020 nec
2996 3966 3167 4019 locum
3200 3964 3400 4018 habere
3424 3963 3476 4016 in
3503 3962 3606 4016 hac

2027 4073 2216 4114 eausa.
2257 4057 2384 4111 Mihi
2422 4067 2600 4120 autem
2642 4057 2876 4122 videtur,
2916 4057 3059 4125 quod
3095 4055 3308 4110 etiamsi
3339 4053 3603 4124 synodus,

2028 4167 2147 4220 quae
2177 4159 2258 4204 est
2285 4148 2470 4204 habita
2499 4147 2998 4216 Constantinopoli,
3029 4161 3133 4201 non
3167 4154 3248 4200 est
3282 4143 3607 4199 universalis

2027 4244 2291 4314 synodus,
2334 4256 2456 4294 cum
2504 4239 2593 4293 alii
2629 4253 2842 4308 quoque
2875 4237 3197 4306 patriarcha:
3240 4250 3345 4290 non
3380 4233 3604 4289 adsint:

2028 4347 2111 4391 est
2140 4345 2320 4388 tamen
2348 4331 2523 4399 major
2552 4331 2806 4385 omnibus
2834 4328 3075 4401 synodis,
3112 4338 3166 4382 et
3193 4327 3310 4391 ejus
3333 4324 3608 4392 archiepi-

2029 4442 2222 4495 scopus
2249 4424 2568 4480 universalis
2592 4423 2895 4493 patriarcha
2924 4427 3166 4476 vocatur.
3184 4418 3293 4494 95
3317 4417 3381 4471 Et
3406 4425 3610 4471 metro-

332 4517 912 4570 Κωνσταντινουπόλει
961 4517 1199 4583 σύνοδος,
1250 4515 1356 4571 κᾶν
1406 4519 1761 4591 οἰκούμενικὴ
1789 4519 1914 4574 σύν-

2029 4519 2248 4586 politani
2273 4518 2488 4587 quidem
2514 4532 2617 4570 non
2640 4517 2884 4580 interest,
2909 4513 3000 4568 sed
3021 4512 3280 4583 episc0pi,
3309 4510 3393 4565 vel
3421 4507 3608 4565 clerici

327 4610 448 4672 οδσς
505 4610 609 4662 οὐκ
659 4609 826 4674 ἔστιν,
867 4611 942 4674 ὡς
997 4611 1069 4679 μὴ
1126 4611 1607 4681 παρουσιαζόντων
1645 4613 1741 4664 καὶ
1813 4613 1922 4666 τῶν

327 4701 510 4754 ἄλλων
562 4703 949 4771 πατριένρχῶν,
988 4701 1126 4755 ἀλλὰ
1190 4702 1394 4770 μείζων
1424 4703 1542 4756 ἐστὶ
1596 4704 1784 4758 πασῶν
1815 4707 1925 4760 τῶν

330 4792 590 4857 συνόδων,
618 4794 715 4844 καὶ
765 4795 792 4844 ό
829 4791 1264 4861 ἁρχιεπίσκοπος
1292 4792 1498 4863 ταύτης
1537 4792 1927 4863 οίκουμενικὸς

330 4884 688 4952 πατριάρχης
711 4884 984 4936 καλεῖται.
1014 4885 1125 4936 Καὶ
1151 4884 1212 4936 τὸ
1247 4883 1508 4954 διαφέρον
1533 4885 1594 4939 δὲ
1625 4887 1725 4956 οὑχ
1757 4889 1785 4940 ὁ
1811 4906 1924 4958 μη-

2023 4613 2111 4681 qui
2141 4601 2401 4665 trahitur.
2423 4609 2785 4677 Quamobrem
2826 4624 2921 4662 nec
2949 4607 3175 4661 laedetur
3213 4605 3427 4674 quidem
3460 4601 3611 4672 quis-

2026 4707 2168 4772 piant
2221 4719 2286 4760 ex
2327 4703 2412 4759 his
2445 4717 2509 4758 ex
2548 4702 2945 4770 metropolitani
2987 4698 3340 4759 admissione,
3392 4704 3612 4765 propter

2029 4798 2199 4867 legem
2225 4811 2342 4864 quae
2368 4796 2496 4850 dicit
2522 4812 2536 4850 :
2561 4795 2690 4862 Quae
2714 4795 2783 4848 ab
2805 4793 2926 4848 aliis
2945 4792 3097 4857 liunt,
3117 4791 3252 4846 alios
3278 4803 3375 4842 nec
3394 4787 3608 4858 juvant,

2031 4904 2130 4943 nec
2165 4889 2383 4942 lmdunt.

328 4975 686 5046 τροπολλτης.
719 4975 835 5027 ἀλλ’
889 4977 916 5028 ό
969 4976 1270 5038 ἐπίσκοπος
1319 4975 1455 5046 ἔχει,
1487 4975 1520 5047 ἢ
1573 4979 1599 5030 ὁ
1630 4978 1914 5044 ἐλκυσθεὶς
1939 4979 2222 5052 κληρικός.
2272 4979 2365 5032 Διὸ
2400 4979 2523 5032 οὑδὲ
2555 4978 2888 5050 βλαϐήσεταί
2926 4995 3010 5041 τις
3063 4977 3122 5045 ἐξ
3155 4976 3337 5031 αὐτῶν
3379 4976 3446 5030 ἐκ
3507 4973 3611 5044 τῆς

1554 5112 1755 5176 Guill.
1793 5114 2124 5192 Beveregii
2153 5122 2339 5177 notae.

416 5265 526 5336 [78)
558 5264 643 5336 ,Τὸ
689 5265 952 5336 φαιςεςρὸν
978 5265 1265 5336 βλάπτει,
1327 5265 1392 5318 τὸ
1425 5265 1923 5333 ἐκτετυπωμένον

332 5334 727 5399 οὕβλάπτει.
795 5334 1156 5398 Mutlrstinus,
1189 5334 1585 5400 Nonnunquam
1641 5337 1919 5401 contingit,

333 5419 395 5462 ut
430 5409 676 5474 quamam
725 5406 1039 5459 nominatim
1089 5421 1336 5469 expressa
1377 5405 1638 5473 ofﬁciant,
1686 5406 1924 5474 quamvis

338 5479 547 5531 omissa
580 5479 736 5528 tacite
766 5475 988 5542 intelligi
1027 5477 1342 5542 potuissent,
1397 5491 1489 5527 nec
1540 5487 1710 5528 essent
1763 5474 1924 5542 obfu‘

333 5561 462 5601 tum
493 5563 510 5606 ;
543 5547 684 5614 quod
713 5546 986 5616 βορηίῃ,δὶ
1009 5545 1174 5616 alicui
1200 5546 1276 5616 ita
1300 5546 1527 5613 legatur,
1563 5545 1706 5598 Titio
1734 5545 1922 5616 decem

338 5619 434 5678 d0,
475 5612 615 5683 li-g'u,
653 5616 698 5668 si
731 5612 954 5668 Maevius
1007 5612 1722 5679 Capitoliumascenderit.
1778 5612 1926 5666 Nam

335 5687 583 5755 quamvis
613 5687 665 5738 in
697 5683 927 5755 arbitrio
963 5683 1139 5737 Mtevii
1162 5687 1258 5755 sit,
1293 5702 1360 5737 an
1395 5683 1719 5752 Capitolium
1743 5701 1928 5737 ascen-

2032 5284 2137 5320 non
2190 5276 2366 5320 tamen
2424 5265 2616 5335 poterit
2673 5265 2796 5318 aliis
2843 5265 3009 5319 verbis
3065 5261 3532 5335 ut_i_liter_legari:
3563 5261 3610 5314 si

2034 5336 2254 5389 Maevius
2283 5330 2534 5394 voluerit,
2565 5333 2710 5388 Titio
2745 5338 2928 5388 det-ein
2959 5338 3046 5389 do.
3107 5330 3245 5386 Nam
3279 5333 3334 5384 in
3381 5332 3610 5384 alienam

2031 5407 2354 5460 voluntatem
2390 5406 2622 5472 conferri
2678 5407 2910 5473 legatum
2949 5422 3051 5457 non
3097 5414 3286 5471 potest.
3353 5399 3482 5453 Inde
3530 5401 3613 5451 di-

2031 5489 2178 5529 ctum
2201 5487 2304 5537 est,
2343 5475 2610 5542 Expressa
2639 5485 2846 5539 nocent,
2875 5491 2976 5526 non
2998 5489 3243 5539 expressa
3262 5486 3373 5542 non
3403 5477 3610 5542 nocenl.

2033 5545 2070 5601 Ι.
2105 5561 2201 5609 ιιι,
2232 5547 2282 5599 ιι.
2323 5545 2398 5600 De
2428 5539 2731 5601 condition.
2767 5557 2813 5599 et
2861 5548 3208 5597 demonstrat.
3261 5539 3465 5593 Ultima
3512 5539 3615 5592 ista

2031 5619 2194 5696 verba
2233 5625 2552 5696 repetuntur
2610 5615 2806 5672 itidem
2871 5614 2909 5670 Ι.
2979 5627 3137 5676 cxcv,
3187 5610 3248 5663 υ.
3287 5609 3362 5663 De
3392 5610 3612 5664 diversi;

2037 5701 2142 5755 reg.
2165 5703 2332 5756 juris.

336 5752 456 5822 aut,
488 5765 537 5811 et
585 5755 704 5812 velit
755 5753 985 5822 efﬁcere,
1042 5764 1098 5807 ut
1158 5752 1295 5809 Titio
1337 5755 1572 5824 legatum
1633 5755 1926 5821 debeatur;
2003 5806 2018 5820 κ
