4072 6434
472 375 576 446 339

1730 389 2008 450 THEOD.
2037 391 2127 448 BA
2145 390 2441 450 lSAMON

3614 384 3723 445 340

471 495 567 549 ’τοῦ
619 499 1016 568 μητροπολίτου
1073 499 1379 570 καταδοχῆς
1425 500 1511 554 διὰ
1567 500 1656 553 τὸν
1701 499 1865 570 νόμον
1919 500 2010 552 τὸν
2064 500 2329 568 λέγοντα·
2391 502 2472 554 Td:
2548 502 2677 572 παρ’
2729 503 2933 573 ἑτέρων
2992 500 3254 571 γινόμενα
3323 495 3544 569 ἑτέρους
3596 496 3719 550 οὐδὲ

472 582 795 657 ὠφελοῦσιν,
829 591 949 644 οὐδὲ
983 590 1335 660 βλάπτουσιν.

546 686 797 741 ΖΟΝΑΒ.
840 686 1048 753 Quibus
1092 688 1403 743 hominibus
1450 688 1827 757 episcoporum
1887 687 2038 741 cleri-

2221 684 2466 739 ΖΩΝΛΡ.
2516 680 2780 735 Ἐνταῦθα
2817 680 3185 735 διατάττονται
3217 679 3268 732 oi
3304 678 3439 731 θεῖοι
3474 676 3722 748 Πατέρες

469 792 726 832 eorumve
753 781 1027 835 accusatio
1052 780 1434 848 permittenda,
1467 780 1771 850 quibusque
1798 781 2041 850 neganda

470 869 563 936 sit,
622 870 792 923 sancti
847 868 1032 924 Patres
1091 871 1191 924 hoc
1247 870 1367 925 loco
1417 873 1731 934 decernunt,
1776 871 2040 936 dicentes,

468 960 619 1025 Quod
664 960 707 1012 si
746 959 868 1028 quis
903 961 1165 1027 privatam
1211 961 1427 1028 quidcm
1475 961 1623 1016 litem
1661 961 1902 1015 intendat
1931 960 2044 1028 epi-

468 1065 666 1120 scopo;
705 1050 889 1109 veluti,
931 1050 998 1104 de
1030 1051 1225 1119 injuria
1260 1051 1405 1104 illum
1442 1052 1743 1119 postulans,
1783 1052 1857 1106 rei
1891 1051 2041 1106 scili-

466 1151 570 1202 cet,
605 1144 717 1194 sive
751 1143 987 1207 mobilis,
1028 1142 1141 1198 sive
1172 1143 1488 1208 immobilis,
1524 1146 1820 1208 ablatione,
1854 1154 1946 1199 aut
1975 1145 2040 1199 de

467 1234 793 1287 contumelia
846 1234 1013 1301 illata,
1061 1244 1151 1289 aut
1199 1236 1263 1288 de
1312 1234 1620 1305 lmjusmodi
1671 1236 1852 1305 aliquo
1895 1236 2038 1305 alio;

468 1330 862 1400 qualiscunque
894 1331 1109 1386 tandem
1144 1332 1215 1385 sit
1243 1340 1417 1396 actor,
1452 1332 1683 1388 infidelis
1716 1347 1927 1400 nempe,
1955 1333 2038 1387 Vel

470 1422 779 1484 Inereticus,
822 1422 905 1475 vel
945 1423 1465 1488 excommunicatns,
1508 1424 1793 1478 autetiam
1830 1424 1897 1477 ab
1937 1422 2039 1478 Ec-

466 1513 626 1567 clesia
666 1514 933 1569 catholica
979 1515 1193 1584 penitus
1240 1515 1469 1584 ejectus,
1515 1516 1855 1571 admittetur.
1908 1515 2037 1571 Uni-

467 1605 637 1659 versis
686 1606 882 1660 etenim
944 1606 1309 1675 cujuscunque
1357 1606 1572 1660 demum
1617 1607 1893 1677 religionis
1954 1606 2036 1662 vel

466 1705 644 1752 status
685 1697 815 1763 sint,
865 1698 909 1751 si
957 1698 1209 1766 injuriam
1259 1697 1360 1752 sibi
1401 1698 1584 1767 aliquo
1633 1699 1793 1754 modo
1837 1698 2035 1754 iactam

468 1794 675 1854 putent,
712 1786 766 1841 in
803 1785 1067 1855 judicium
1098 1786 1306 1852 venire,
1342 1801 1407 1841 ac
1446 1786 1535 1853 jus
1567 1802 1721 1841 suum
1764 1787 2034 1851 obtinere,

466 1886 520 1929 nt
568 1877 747 1943 liceat,
792 1893 893 1948 par
922 1888 1025 1933 est.
1059 1877 1333 1933 Privatam
1369 1881 1554 1935 dixere
1584 1880 2031 1939 controversiam.

465 1986 585 2023 eam
620 1971 1049 2032 acritninalibus
1080 1972 1499 2041 distingue-mes.
1534 1971 1671 2027 Sunt
1706 1981 1884 2027 autem
1926 1973 2033 2041 pri-

466 2070 621 2125 vatae,
676 2077 796 2130 quae
848 2063 1157 2133 pecuniaria
1217 2064 1432 2118 demum
1496 2063 1856 2118 aestimatione
1911 2062 2036 2119 lites

464 2154 854 2222 absolvuntur;
898 2154 1212 2211 eriminales
1264 2170 1428 2220 vero,
1476 2156 1618 2211 unde
1665 2157 1786 2211 vitae
1836 2166 2036 2213 statum

463 2244 747 2300 damnatus
782 2246 1003 2301 amittit.
1033 2246 1326 2317 Propterea
1357 2246 1599 2301 addunt:
1633 2248 1676 2301 si
1708 2262 1838 2302 vero
1863 2247 2037 2303 eccle-

464 2335 742 2389 siasticum
783 2334 855 2389 sit
881 2335 1107 2400 crimen,
1147 2337 1289 2405 quod
1321 2337 1580 2406 episcopo
1614 2337 1889 2405 objicitur,
1933 2337 2039 2391 tale

463 2424 667 2489 forsan,
692 2429 832 2494 quod
862 2425 931 2480 ab
951 2425 1126 2480 oﬂicio
1148 2427 1465 2482 sacerdotali
1494 2428 1828 2497 depositione
1854 2429 2040 2483 multe-

463 2524 571 2580 tur,
618 2518 959 2589 sacrileginm
1006 2519 1276 2583 videlicet,
1320 2530 1412 2575 aut
1450 2521 1659 2576 ordinis
1704 2523 2036 2576 mercenaria

463 2609 696 2671 collatio,
724 2620 811 2664 aut
848 2611 900 2665 in
933 2611 1107 2666 aliena
1142 2612 1387 2676 dioecesi,
1417 2630 1520 2667 non
1562 2614 1844 2683 impetrata
1887 2614 2037 2684 prius

464 2704 531 2756 ab
567 2702 711 2757 illius
755 2703 855 2757 loci
906 2705 1158 2774 episcopo
1190 2705 1472 2770 facultate,
1507 2707 1800 2762 lum-tionis
1825 2708 2035 2777 episco-

465 2794 604 2864 palis
639 2795 1057 2861 administratio,
1089 2808 1143 2853 et
1179 2814 1300 2869 quae
1337 2799 1420 2854 liis
1462 2800 1659 2855 similia
1702 2811 1826 2855 sunt
1858 2819 1871 2855 :
1912 2810 2039 2855 tunc

465 2898 838 2944 accusatorem
865 2889 1151 2961 diligenter
1183 2891 1504 2956 examinari,
1540 2900 1615 2956 et,
1643 2892 1688 2946 si
1718 2892 1788 2946 sit
1821 2892 2038 2947 lucreti-

466 2996 584 3043 cus,
617 2995 719 3034 non
758 2981 1065 3036 admittere.
1106 2982 1399 3039 llmreticos
1425 2994 1602 3040 autem
1635 3000 1823 3040 omnes
1857 2998 2036 3052 vocat,

466 3073 555 3138 qui
589 3072 655 3125 ab
682 3074 985 3128 orthodoxa
1023 3074 1125 3129 fide
1158 3076 1505 3143 dissentiunt,
1534 3076 1780 3144 sivejam
1817 3078 1943 3131 olim
1971 3080 2037 3133 ab

466 3164 729 3229 Ecclesia,
766 3167 879 3219 sive
910 3182 1081 3237 nuper
1120 3168 1276 3237 ejecti
1312 3170 1444 3233 sint,
1479 3170 1591 3223 sive
1623 3171 1859 3240 antiquis
1887 3187 2039 3227 erro-

464 3257 639 3321 ribus,
663 3256 776 3311 sive
820 3255 975 3312 novis
1005 3258 1351 3313 adbmserint.
1390 3258 1501 3312 Nec
1543 3270 1771 3322 tantum,
1805 3278 2034 3332 quorum

2145 779 2294 842 τίνας
2316 777 2396 829 δεῖ
2418 774 2808 845 προσδέχεσθαι
2840 774 3152 825 ἐπισκόπων
3176 771 3208 842 ἢ
3235 768 3516 839 κληρικῶν
3549 785 3721 837 καττι-

2144 869 2464 939 γοροῦντας,
2498 869 2592 920 καὶ
2624 868 2777 928 τίνας
2806 865 3208 937 ἀπροσδέκτους
3235 856 3396 921 εἶναι.
3429 861 3523 912 καί
3555 876 3719 928 φασιν

2144 962 2225 1014 ὅτι
2256 962 2301 1013 εί
2336 960 2432 1030 μὲν
2468 957 2741 1026 ἰδιωτικὴν
2768 958 2923 1026 δίκην
2960 954 3200 1023 ἐνίστησί
3222 970 3305 1017 τις
3330 953 3468 1006 κατὰ
3498 952 3721 1004 ἐπισκό-

2144 1068 2273 1115 που,
2306 1047 2417 1104 οἷον
2442 1050 2656 1104 ἀδικίαν
2688 1048 3010 1116 ὲπεγκαλῶν
3041 1045 3209 1113 αὐτῷ,
3242 1044 3534 1114 ἀφαίρεσιν
3557 1042 3718 1111 δῆθεν

2144 1145 2469 1215 πράγματος
2489 1142 2770 1213 ἀκινήτου,
2801 1142 2832 1211 ἢ
2860 1139 3105 1208 κινητοῦ,
3136 1138 3168 1208 ἢ
3198 1137 3376 1206 ὓϐριν,
3404 1136 3436 1205 ἦ
3460 1153 3511 1188 τι
3536 1133 3717 1187 τοιοῦ-

2142 1252 2253 1297 τον,
2297 1228 2407 1298 οἷος
2463 1234 2529 1287 ἂν
2579 1231 2664 1304 εἴη
2705 1232 2732 1282 ὁ
2788 1233 3017 1299 ὲνάγων,
3070 1227 3561 1300 προσδεχθήσεται,
3612 1225 3714 1278 κᾶν

2143 1324 2371 1386 ἄπιστος
2404 1322 2639 1392 δηλαδὴ,
2672 1322 2774 1374 xiv
2806 1320 3082 1391 αίρετικὸς
3104 1359 3119 1383 ,
3158 1320 3259 1372 κᾶν
3294 1317 3675 1386 ἀφωρισμένος
3696 1355 3712 1377 ,

2142 1414 2175 1485 ἢ
2210 1414 2300 1467 καὶ
2328 1414 2507 1466 τέλεον
2541 1413 2638 1483 τῆς
2674 1412 2967 1480 καθολικῆς
3011 1410 3336 1479 Ἐκκλησίας
3369 1407 3718 1475 ἐκκεκομμέ-

2142 1523 2251 1569 νος.
2309 1508 2403 1559 Δεῖ
2446 1506 2553 1576 γάρ
2607 1506 2836 1571 πάντας,
2896 1507 3086 1567 ὁποίας
3140 1504 3207 1557 ἂν
3258 1498 3369 1555 εἷεν
3420 1500 3716 1572 θρησκείας

2142 1598 2175 1668 ἢ
2230 1600 2661 1665 καταστάσεως,
2732 1599 3080 1664 ἀδικεῖσθαι,
3156 1597 3433 1666 λέγοντας,
3500 1593 3719 1667 προσίεεο

2143 1694 2267 1747 σθαι
2311 1696 2405 1746 καὶ
2450 1694 2543 1747 τοῦ
2592 1694 2801 1748 δικαίου
2844 1693 3153 1765 τυγχάνειν.
3212 1690 3510 1758 ’ἰδιωτικὴν
3556 1688 3611 1741 δὲ
3641 1687 3709 1740 δί-

2141 1801 2244 1857 κην
2292 1780 2465 1847 εἷπον,
2518 1785 2921 1847 διαστέλλοντες
2968 1783 3172 1852 ταύτην
3217 1781 3324 1834 ἀπὸ
3361 1779 3469 1832 τῶν
3511 1777 3715 1847 ἐγκλη-

2144 1877 2412 1945 ματικῶν.
2458 1878 2749 1931 ’ἰδιωτικαὶ
2785 1878 2884 1947 μὲν
2936 1879 3041 1947 γὰρ
3078 1876 3325 1943 λέγονται
3363 1871 3420 1925 αἱ
3467 1871 3546 1934 εἰς
3577 1871 3717 1941 χρήι

2145 1988 2291 2039 ματα
2328 1972 2426 2042 τὴν
2468 1972 2672 2042 ζημίαν
2707 1972 3042 2036 ἐπάγουσαι·
3089 1965 3498 2036 ὲγκληματικαὶ
3547 1963 3625 2028 δὲ,
3662 1964 3717 2015 αί

2142 2066 2219 2119 εἰς
2276 2064 2375 2133 τὴν
2431 2063 2637 2116 οἰκείαν
2699 2062 3036 2114 κατάστασιν
3092 2060 3182 2113 τὸν
3242 2058 3717 2130 κατηγορούμενον

2141 2157 2454 2226 ζημιοῧσαι.
2505 2158 2594 2210 Διδ
2640 2156 2734 2209 καὶ
2776 2158 3085 2225 ἐπήγαγον·
3128 2154 3186 2205 Εἰ
3230 2153 3285 2205 δὲ
3337 2152 3543 2220 ἐκκλησ
3568 2167 3717 2202 αστι-

2141 2251 2235 2304 κὸν
2286 2251 2370 2319 είη
2425 2250 2485 2302 τὸ
2533 2248 2927 2318 ἐπιφερόμενον
2980 2245 3232 2317 ἔγκλημα
3283 2244 3361 2313 τῷ
3412 2244 3712 2311 ὲπισκόπῳ,

2140 2341 2384 2397 τοιοῦτον
2413 2342 2576 2411 τυχὸν
2600 2382 2614 2406 ,
2648 2335 2757 2394 οἷον
2790 2340 3063 2393 ἔκπτωσιν
3107 2338 3256 2407 αὐτῷ
3289 2337 3385 2406 τῆς
3420 2334 3717 2406 ἱερωσύνης

2143 2438 2389 2504 ἐπάγειν,
2430 2434 2707 2502 ἱεροσυλία
2749 2432 2973 2503 δηλαδὴ,
3021 2431 3053 2502 ἢ
3098 2432 3190 2484 ἐπὶ
3228 2431 3374 2483 δόσει
3418 2427 3720 2499 χρημάτων

2142 2531 2465 2600 χειροτονία,
2504 2526 2537 2598 ἦ
2571 2525 2963 2595 ἀρχιερατικοῦ
2997 2522 3207 2577 δικαίου
3239 2523 3381 2585 τινὸς
3413 2520 3724 2587 τελεσιουρθ

2143 2622 2236 2690 γία
2270 2622 2326 2674 ὲν
2354 2618 2612 2689 ἀλλοτρίᾳ
2637 2616 2822 2688 ὲνορίᾳ
2847 2616 3014 2687 χωρὶς
3037 2613 3260 2684 γνώμης
3287 2611 3382 2665 τοῦ
3412 2612 3593 2665 ἐκεῖσε
3623 2609 3723 2679 ἀρ⁴

2145 2710 2394 2781 χιερέως,
2424 2708 2517 2762 καὶ
2545 2709 2642 2760 ὅσα
2672 2706 2881 2769 τούτοις
2906 2706 3044 2758 εἰσιν
3072 2705 3255 2774 ὃμοια,
3288 2702 3407 2756 τότε
3431 2701 3522 2753 τὸν
3555 2699 3723 2771 κατή-

2142 2817 2304 2872 γορον
2338 2797 2580 2869 ἀκριϐῶς
2612 2796 2988 2861 agamagam,
3030 2794 3122 2846 καὶ
3153 2790 3431 2863 αἱρετικὸν
3458 2789 3608 2851 ὄντα,
3644 2786 3720 2857 μὴ

2143 2891 2570 2965 προσδέχεσθαιο
2599 2888 2908 2960 αἱρετικοὺς
2933 2887 2989 2940 δὲ
3011 2886 3218 2947 πάντας
3240 2882 3395 2937 καλεῖ
3417 2883 3540 2944 τοὺς
3570 2878 3724 2951 παρὰ

2143 2989 2241 3058 τὴν
2268 2984 2549 3056 όρθόδοξον
2582 2983 2762 3037 πίστιν
2796 2981 3139 3046 δοξάζοντας,
3169 2981 3269 3033 κᾶν
3304 2978 3477 3031 πάλαι
3509 2979 3722 3045 ἀπεκηο

2147 3081 2447 3153 ρύχθησαν,
2490 3076 2592 3132 κᾶν
2640 3077 2990 3148 προσφάτως,
3036 3075 3139 3128 κᾶν
3180 3072 3437 3133 παλαιαῖς
3472 3070 3724 3139 αἱρέσεσι

2143 3174 2482 3235 κοινωνῶσι,
2518 3172 2622 3225 κᾶν
2653 3171 2838 3233 νέαιςο
2873 3169 2964 3222 καὶ⁵
2994 3168 3053 3220 οὐ
3090 3166 3249 3236 μόνον
3282 3165 3407 3225 τοὺς
3453 3161 3584 3231 περὶ
3621 3158 3722 3230 τὴν

2143 3268 2271 3338 ὑγιῆ
2293 3266 2475 3320 πίστιν
2494 3264 2896 3334 σφαλλομένους
2921 3257 3313 3328 ἀποπέμπεται
3335 3258 3360 3308 ό
3387 3254 3565 3308 κανὼν
3589 3253 3724 3321 πρὸς

467 3352 604 3403 mala
633 3365 763 3405 sana
787 3363 870 3406 est
905 3352 1035 3407 ﬁdes
1065 3389 1081 3417 ,
1113 3353 1205 3406 sed
1246 3352 1620 3408 schismaticos
1650 3371 1887 3425 quoque,
1921 3358 2033 3425 qui,

2146 3361 2461 3415 ἐπισκόπων
2490 3355 2903 3428 ὲγκληματικὴν
2931 3352 3286 3422 κατηγορίαν,
3314 3348 3450 3402 ἀλλὰ
3472 3348 3565 3399 καὶ
3594 3346 3721 3406 τοὺς

469 3443 749 3511 rcpudiata
806 3445 1044 3513 episcopi
1103 3446 1183 3499 sui
1246 3446 1605 3510 auctoritate,
1668 3449 2041 3504 conventicula

466 3538 692 3590 scorsim
724 3537 1090 3603 celebravere,
1124 3538 1338 3593 etiamsi
1371 3539 1513 3593 inter
1544 3541 1876 3596 ortbodoxos
1912 3542 2043 3597 alio-

464 3630 553 3695 qui
575 3628 749 3681 locum
771 3627 1018 3683 obtinere
1036 3645 1193 3698 posse
1214 3631 1515 3697 videantur,
1538 3636 1801 3687 arcendos
1824 3636 2043 3687 omnino

465 3736 639 3774 canon
682 3721 748 3774 ab
778 3721 1155 3790 episcoporum
1186 3724 1565 3779 criminatione
1600 3726 1861 3780 decernit.
1906 3726 2041 3780 Sunt.

465 3827 624 3880 porro
657 3810 1014 3879 schismatici,
1048 3815 1341 3871 deliniente
1370 3832 1563 3885 magno
1594 3816 1814 3884 Basilio,
1847 3820 1936 3889 qui
1972 3819 2041 3874 ob

465 3905 590 3960 lites
635 3905 845 3973 aliquas
893 3906 1293 3965 ecclesiasticas
1345 3916 1400 3962 et
1446 3911 1869 3974 controversias,
1922 3925 2043 3980 qua:

463 4000 643 4054 dirimi
700 4000 879 4068 aliqua
936 4001 1148 4055 ratione
1209 4002 1439 4070 pessint,
1494 4016 1712 4056 causam
1777 4007 1918 4058 inter
1981 4019 2039 4059 se

463 4093 673 4147 dissidii
710 4093 853 4147 nacti
898 4093 1065 4148 fuere.
1116 4092 1397 4161 Similiter,
1431 4103 1485 4148 et
1525 4095 1616 4164 qui
1664 4095 1731 4148 ab
1773 4096 2036 4161 Ecclesia,

463 4201 787 4256 quacunque
813 4188 1031 4242 demum
1069 4188 1132 4243 de
1175 4205 1362 4253 causa,
1394 4190 1551 4258 cjecti
1590 4202 1717 4244 sunt
1743 4200 1794 4243 et
1822 4206 2043 4245 excom-

465 4277 765 4345 municati;
814 4292 910 4347 per
931 4277 1133 4346 ejectos
1167 4289 1370 4340 autem,
1407 4281 1496 4350 qui
1539 4283 1604 4333 ab
1642 4281 1893 4335 Ecclesia":
1923 4297 2043 4335 cor-

465 4383 595 4437 pore
638 4369 855 4438 penitus
888 4369 1057 4423 excisi
1103 4379 1227 4424 sunt
1274 4371 1650 4439 intelligendi;
1690 4388 1784 4439 per
1818 4390 2039 4426 excom-

465 4461 770 4515 tnunicatus
820 4475 980 4525 vero,
1033 4461 1099 4514 at]
1149 4471 1359 4515 certum
1409 4470 1619 4531 tempus
1667 4466 2039 4518 tantummodo

464 4560 774 4620 segregatos
823 4554 994 4606 sancti
1047 4549 1235 4608 Patres
1277 4554 1647 4622 indigitarunt,
1699 4557 1811 4611 sive
1853 4557 2035 4611 clerici

464 4646 595 4710 sint,
625 4646 740 4700 sive
774 4645 918 4700 laici.
954 4647 1129 4715 Atque
1163 4647 1259 4700 bos
1286 4646 1530 4716 judicant
1561 4649 1624 4700 ad
1656 4650 2034 4718 episcoporum

465 4736 855 4790 clericorumve
904 4743 1304 4791 accusationem
1346 4752 1449 4791 non
1490 4752 1611 4793 esse
1646 4740 2032 4806 admittendos,

467 4833 641 4883 donec
679 4830 952 4900 proprium
986 4831 1188 4885 crimen
1224 4833 1498 4898 diluerint,
1526 4850 1689 4903 seque
1723 4835 2038 4892 innocentes

464 4938 587 4977 esse
644 4923 1013 4989 probaverint.
1067 4923 1170 4977 Sed
1220 4932 1271 4977 et
1304 4942 1530 4994 quorum
1585 4930 1656 4981 ita
1687 4928 1861 4982 delata
1912 4939 2039 4983 sunt

466 5016 706 5080 nomina,
732 5024 789 5070 ut
819 5016 882 5070 de
906 5018 1029 5071 vita:
1060 5032 1170 5071 sure
1199 5028 1343 5072 statu
1368 5020 1573 5087 judicio
1602 5035 1811 5075 rertare
1841 5038 2039 5093 rogan-

468 5112 573 5168 tur,
627 5106 729 5160 nisi
768 5121 828 5161 se
858 5107 1010 5174 prius
1059 5124 1087 5161 a
1139 5109 1312 5179 culpis
1364 5112 1465 5166 sibi
1501 5112 1728 5179 objectis
1773 5116 2039 5172 immunes

466 5213 586 5253 esse
609 5201 1051 5263 demonstrarint,
1086 5203 1150 5255 ad
1191 5205 1562 5273 episcoporum
1593 5216 1680 5259 aut
1713 5208 2038 5263 clericorum

468 5292 866 5347 accusationem
899 5294 1109 5348 admitti
1148 5304 1293 5349 vetat
1337 5301 1558 5350 omnino
1594 5313 1790 5353 canon.
1825 5301 1881 5354 Si
1916 5316 2041 5357 vero

470 5382 627 5436 iatiliis
673 5383 981 5438 istiusmodi
1030 5385 1207 5437 causis
1248 5386 1464 5440 obnoxii
1517 5388 1623 5440 sint
1671 5400 2041 5456 accusatores,

466 5475 558 5529 sed
607 5474 866 5543 inculpati
905 5490 1124 5547 prorsus
1171 5476 1556 5543 inveniantur;
1596 5488 1740 5545 tunc,
1774 5481 2039 5551 siquidem

467 5567 751 5633 cpiscopus
777 5567 870 5629 sit,
904 5566 993 5633 qui
1042 5566 1094 5620 in
1135 5565 1396 5633 judicium
1436 5578 1683 5633 vocatur,
1729 5573 1873 5625 illius
1913 5590 2040 5643 pro-

470 5658 660 5709 vincia:
686 5657 1061 5726 episcoporum
1092 5669 1385 5712 conventus
1418 5675 1631 5714 Causam
1660 5676 1970 5732 cognoscat,
1992 5675 2042 5719 et

472 5747 551 5797 \‘cl
594 5748 945 5813 qtttcstionem
990 5748 1230 5813 deﬁniat,
1272 5750 1353 5804 vcl
1393 5754 1436 5804 si
1494 5752 1542 5805 id
1575 5754 1749 5807 utinus
1785 5757 2040 5823 potuerit,

474 5837 536 5891 tul
574 5838 828 5901 majorem
862 5842 1122 5904 synodum
1151 5841 1415 5898 deferant.
1442 5843 1542 5898 Per
1575 5845 1833 5915 majorem
1865 5858 2040 5902 autem

2146 3454 2552 3526 ἀποσχίσαντας
2580 3454 2643 3506 ὲκ
2673 3450 2781 3504 τῶν
2815 3451 2961 3502 ίδίων
2990 3447 3335 3508 ἐπισκόπων,
3365 3446 3457 3497 καὶ
3488 3444 3719 3505 ἐκείνοις

2146 3545 2625 3612 ἀντισυνὰγοντας,
2667 3542 2769 3595 κᾶν
2804 3541 3032 3594 δοκῶσιν
3065 3536 3383 3610 όρθοδοξείν.
3421 3537 3721 3605 Σχισματιδ

2146 3639 2234 3692 xoi.
2268 3638 2324 3690 δέ
2377 3636 2482 3689 είσι
2518 3638 2657 3689 κατά
2695 3634 2786 3687 τὸν
2826 3634 3000 3703 μέγαν
3034 3630 3311 3688 Βασίλειοι
3352 3630 3401 3681 oi
3446 3628 3511 3682 δι’
3544 3627 3717 3688 αἰτίας

2143 3729 2297 3791 τινάς
2347 3726 2805 3798 ὲκκλησιαστικάς
2856 3724 2948 3777 καὶ
2995 3723 3286 3793 ζητήματα
3337 3721 3531 3791 ἰάσιμα
3587 3719 3717 3789 πρὸς

2145 3821 2409 3892 ἀλλήλους
2442 3818 2825 3888 διενεχθέντες.
2870 3815 3100 3885 Ὁμοίως
3139 3814 3192 3867 δὲ
3222 3814 3317 3866 καὶ
3346 3814 3471 3875 τοὺς
3511 3812 3603 3863 ἐπὶ
3634 3812 3722 3864 otio

2145 3912 2287 3974 τίαις
2323 3911 2677 3981 οἱαισδήτισιν
2712 3905 3191 3977 ἀποϐεϐλημένους
3226 3906 3324 3973 τῆς
3367 3901 3722 3971 Ἐκκλησίας,

2145 4006 2177 4077 ἦ
2202 4004 2598 4074 ἀκοινωνήτους
2621 4018 2636 4033 ⁶
2666 4000 3143 4068 ἀποϐεϐλημένους
3168 3997 3222 4050 δὲ
3246 3996 3369 4058 τοὺς
3391 3994 3611 4055 τελείως
3636 3994 3729 4044 ἐκέ

2145 4094 2518 4165 κεκομμένους
2557 4094 2652 4162 τῆς
2694 4091 3017 4162 Ἐκκλησίας
3046 4088 3281 4160 νοητέον.
3322 4087 3457 4147 Τοὺς
3499 4086 3555 4138 δὲ
3590 4085 3729 4153 πρὶς

2147 4189 2335 4261 καιρὸν
2369 4187 2763 4259 ἀφορισθέντας
2800 4186 3075 4254 ἐδήλωσαν
3104 4185 3151 4236 οἱ
3199 4181 3329 4235 θεῖοι
3365 4180 3607 4249 Πατέρες
3638 4178 3727 4230 διὰ

2145 4283 2240 4336 τοῦ
2299 4284 2472 4335 εἰπεῖν
2535 4282 2969 4348 ἀκοινωνήτολςο
3036 4278 3140 4330 κᾶν
3203 4276 3456 4347 κληρικοὶ
3516 4273 3624 4325 εἷεν
3676 4272 3728 4324 οἱ

2145 4375 2377 4428 τοιοῦτοι.
2401 4414 2415 4436 ,
2446 4374 2549 4427 κᾶν
2584 4372 2780 4426 λαῖκοί,
2823 4372 2931 4424 Καὶ
2972 4365 3114 4423 οὗτοι
3141 4368 3249 4439 γὰρ
3276 4370 3336 4420 οὐ
3376 4363 3729 4436 προσδεκτέοι

2148 4469 2285 4540 πρὸς
2318 4466 2654 4537 κατηγορίαν
2690 4464 3002 4517 ἐπισκόπων
3028 4463 3058 4532 ἣ
3086 4461 3361 4532 κληρικῶν
3394 4459 3724 4527 λογίσονται,

2153 4560 2341 4632 μέχρις
2377 4559 2443 4612 ἂν
2483 4560 2542 4611 τὸ
2573 4560 2771 4611 οἰκεῖον
2802 4556 3034 4623 αἰτίαμα
3068 4554 3550 4608 ἀποσκευάσωνται
3575 4592 3589 4614 ,
3629 4549 3728 4601 καὶ

2149 4652 2517 4722 ἀνεγκλήτους
2555 4651 2972 4718 καταστήσωσιν
3004 4644 3251 4707 ἑαυτούς.
3299 4644 3457 4696 Ἀλλὰ
3494 4643 3600 4713 μὴν
3635 4642 3727 4693 καὶ

2151 4749 2275 4810 τοὺς
2310 4745 2414 4798 ὑπὸ
2460 4743 2796 4812 κατηγορίαν
2825 4741 2980 4803 ὄντας
3016 4740 3136 4793 τινὰ
3176 4737 3597 4805 καθαπτομένην
3629 4734 3728 4801 vi;

2152 4837 2332 4892 αὐτῶν
2398 4836 2785 4895 καταστάσεως
2848 4831 2921 4901 μὴ
2981 4828 3297 4900 προσίεσθαι
3352 4827 3728 4879 διακελεύεται

2151 4931 2179 4983 ὁ
2214 4928 2394 4983 κανὼν
2444 4924 2883 4995 κατηγοροῦντας
2920 4921 3234 4975 ἐπισκόπων
3264 4919 3296 4991 ἢ
3330 4917 3639 4988 κληρικῶν.
3677 4918 3725 4968 εἰ

2154 5023 2227 5094 μὴ
2289 5021 2485 5083 αὐτοὺς
2539 5019 2648 5071 τῶν
2700 5017 3096 5086 ἐπενεχθέντων
3144 5014 3324 5073 αὐτοῖς
3366 5010 3723 5080 ἐγκλημάτων

2148 5115 2517 5169 ἀθωώσουσιν.
2568 5114 2631 5164 Εἰ
2674 5110 2730 5164 δὲ
2767 5111 2991 5180 οὐδεμιᾷ
3020 5109 3127 5161 τῶν
3176 5104 3483 5175 εἰρημένων
3537 5103 3722 5156 αἰτιῶν

2150 5206 2324 5276 ἔ.οχοί
2371 5207 2507 5257 εἰσιν
2542 5207 2590 5257 oi.
2626 5203 3081 5275 κατηγοροῦντες,
3130 5199 3243 5252 ἀλλ’
3275 5196 3598 5265 ἀνέγκλητοί
3643 5194 3725 5246 εὑ-

2154 5300 2423 5370 ρίσκοιντο
2465 5297 2747 5360 πάντοθεν,
2780 5297 2923 5355 τότε,
2954 5296 3001 5346 εί
3035 5294 3131 5363 μὲν
3163 5290 3460 5351 ἐπίσκοπος
3493 5290 3519 5341 ὁ
3558 5302 3721 5354 κατη-

2150 5389 2481 5461 γορούμενος
2516 5392 2635 5459 εἴη,
2669 5392 2716 5442 οἱ
2751 5390 2847 5458 τῆς
2882 5384 3149 5457 ἐπαρχίας
3181 5384 3396 5454 ἐκείνης
3433 5381 3722 5435 ἐπίσκοποι

2150 5482 2419 5544 συνιόντες
2460 5483 2819 5553 ἀκροάσονται
2866 5479 2964 5548 τῆς
3014 5477 3368 5547 κατηγορίας,
3425 5475 3520 5527 καὶ
3563 5474 3594 5542 ἢ
3642 5469 3724 5523 λῦ-

2152 5592 2307 5628 σουσι
2341 5577 2437 5645 τὴν
2469 5576 2727 5630 ὑπόθεσιν
2750 5614 2764 5638 ,
2795 5574 2828 5645 ἢ
2861 5573 2909 5625 εί
2948 5571 3020 5643 μὴ
3048 5571 3301 5625 δύνανται
3335 5568 3493 5621 λῦσαι
3520 5566 3692 5636 αὐτὴν
3714 5606 3725 5622 .

2156 5666 2364 5735 μείζονι
2402 5667 2602 5736 συνόδῳ
2640 5664 3109 5736 προσελεύσονται.
3150 5662 3389 5725 Μείζονα
3419 5660 3476 5712 δὲ
3509 5658 3726 5711 σύνοδον

2150 5758 2299 5825 λέγει
2333 5757 2456 5820 τοὺς
2490 5758 2590 5826 τῆς
2624 5758 2940 5827 διοικήσεως
2971 5756 3098 5824 ὅλης
3131 5752 3484 5812 ἐπισκόπους.
3526 5750 3723 5818 Ἐπαρο

2149 5850 2271 5919 χίαν
2310 5850 2407 5917 μὲν
2449 5850 2555 5920 γὰρ
2588 5850 2805 5918 νοητέον
2836 5852 2993 5918 τυχὸν
3026 5848 3123 5918 τὴν
3165 5842 3609 5916 Ἀδριανούπολιν
3633 5879 3648 5905 ,
3692 5840 3724 5913 ἢ
