4072 6400
359 288 453 350 341

1550 293 1633 353 ΙΝ
1677 292 1843 352 CAN.
1882 289 1966 350 'Vl
1996 289 2206 356 CONC.
2252 297 2363 359 ΟΡ.
2407 301 2486 360 Il.

3535 298 3638 360 332

359 408 456 475 τὴν
477 405 793 460 Φιλιππούπ
825 405 928 472 λιν,
947 408 1040 460 καὶ
1062 407 1188 471 τοὺς
1216 425 1279 460 πε
1291 407 1343 479 pl.
1362 408 1556 472 αὐτοὺς
1577 410 1910 472 ἐπισκόπους
1934 425 1949 438 ·

2080 418 2344 484 .ynottum,
2370 434 2514 482 eam,
2534 434 2654 488 qum
2672 434 2736 476 ex
2761 419 3027 476 universis
3049 419 3349 476 dioeceseos
3369 420 3638 489 episcopis

359 501 624 568 διοίκησιν
663 499 722 552 δέ
765 499 863 570 τὴν
905 501 1128 572 Θρᾴκην
1181 501 1309 569 ὃλην
1351 502 1386 570 ἢ
1430 501 1528 571 τὴν
1580 500 1943 555 Μακεδονίαν.

362 593 530 644 Ὅταν
562 589 655 644 οὖν
685 591 736 643 οἱ
769 594 868 662 τῆς
897 592 1165 662 ἐπαρχίας
1186 592 1320 662 πρὸς
1350 591 1636 662 διόρθωσιν
1667 591 1776 645 τῶν
1809 609 1948 645 κατ-

361 684 703 754 ηγορούντων
727 684 982 751 ἀτονῶσι,
1031 685 1152 738 τότε
1195 685 1524 753 συνάγεσθαι
1552 686 1678 748 τοὺς
1698 685 1796 754 τῆς
1820 685 1952 738 διοι-

364 779 584 847 κήσεως
614 776 949 836 ἐπισκόπους
983 777 1012 828 ό
1045 774 1224 828 κανὼν
1262 775 1532 840 θεσπίζει,
1569 775 1664 828 καὶ
1697 774 1847 826 λύειν
1880 773 1950 826 τὰ

362 867 509 922 κατὰ
534 868 625 921 τοῦ
660 867 968 920 ἐπισκόπου
1002 866 1293 937 λεγόμενα.
1329 867 1391 920 Et
1423 867 1479 920 δὲ
1508 865 1770 937 κληρικὺς
1803 865 1888 934 εἴη
1920 865 1948 918 ό

362 959 880 1030 κατηγορούμενος,
922 960 1073 1030 παρὰ
1103 958 1184 1030 τῷ
1224 958 1509 1029 ἐπισκόπῳ
1541 950 1586 1026 ᾧ
1619 957 1906 1011 ὑπόκειται
1930 994 1947 1023 ,

363 1056 390 1106 ό
440 1055 651 1120 ἐνὰγων
691 1052 1012 1122 ἐνστήσεται
1064 1051 1166 1122 τὴν
1209 1051 1564 1121 κατηγορίαν.
1621 1051 1730 1104 Καὶ
1774 1052 1822 1104 εἰ
1875 1049 1952 1120 μὴ

363 1146 501 1218 παρ’
525 1145 720 1215 ἐκείνῳ
741 1145 874 1216 λυθῇ
902 1148 936 1215 ή
971 1146 1249 1213 ὑπόθεσις,
1278 1147 1402 1199 τότε
1431 1148 1498 1198 τὰ
1523 1145 1648 1215 ἐξῆς
1674 1143 1952 1215 προϐήσε-

367 1261 479 1306 ται,
513 1243 584 1304 ὡς
619 1241 826 1296 ἄνωθεν
851 1243 1088 1313 εἴρηται.
1116 1244 1187 1294 Ού
1215 1243 1478 1312 πρότερον
1505 1243 1560 1294 δέ
1581 1241 1672 1294 τὸν
1691 1239 1953 1308 ἐνάγοντα

370 1338 464 1406 τὴν
489 1335 831 1406 κατηγορίαν
853 1334 948 1388 τοῦ
979 1335 1330 1404 ἐγκλήματος
1359 1336 1574 1406 ἐνιστᾷν
1600 1334 1650 1387 oi
1685 1335 1820 1403 ἱεροὶ
1845 1334 1954 1385 Πα-

365 1430 523 1500 τέρες
557 1429 827 1501 ὡρίσαντο
859 1427 936 1500 τῷ
975 1428 1238 1499 πολιτικῷ
1272 1429 1422 1499 νόμῳ
1463 1427 1753 1497 ἑπόμενοι,
1793 1429 1842 1478 εἱ
1881 1424 1956 1496 μὴ

366 1522 667 1590 ἐγγράφως
691 1522 720 1574 ό
751 1522 1058 1591 κατήγορος
1086 1521 1450 1589 ἀσφαλίσεται
1475 1519 1659 1590 ἔνοχον
1688 1514 1828 1572 εἶναι
1857 1519 1956 1570 αὑ-

367 1616 460 1668 τὸν
501 1615 577 1684 μὴ
627 1614 986 1679 ἀποδείξαντα
1030 1614 1128 1684 τὴν
1177 1598 1514 1684 κάτηγορίαν
1560 1611 1955 1682 ταυτοπαθείᾳ,

369 1708 512 1761 ὥστε
545 1707 710 1761 αὐτὸν
743 1707 1044 1777 ὑποστῆναι
1067 1748 1080 1771 ,
1116 1706 1245 1758 εἴτι
1276 1705 1468 1774 ἔμελλε
1499 1703 1696 1757 παθεῖν
1728 1705 1756 1757 ὁ
1786 1720 1960 1774 κατη-

370 1797 704 1870 γορούμενος
746 1799 1216 1869 ἀποδεικνυμένης
1258 1798 1357 1868 τῆς
1407 1797 1528 1851 κατ’
1581 1796 1744 1852 αὐτοῦ
1786 1797 1960 1851 αἰτιάρ

370 1907 532 1952 σεως.
565 1889 756 1943 Ταῦτα
781 1889 838 1942 δέ
862 1889 1145 1958 ὁρίσαντες
1170 1890 1218 1943 ot
1245 1889 1378 1942 θεῖοι
1407 1887 1653 1957 Πατέρες
1677 1888 1961 1959 ἐπήγαγον

375 1983 462 2035 τὸν
497 1981 575 2051 μὴ
603 1982 918 2051 τηρήσοντα
940 1982 1032 2034 τὸν
1065 1979 1340 2034 συνοδικὸν
1371 1979 1562 2034 τοῦτον
1587 1980 1810 2046 κανόνα,
1845 1978 1961 2032 ἀλλ’

374 2073 404 2141 ἢ
447 2071 662 2143 βασιλεῖ
694 2070 1238 2142 προσελευσόμενονἿ,
1270 2073 1304 2142 ἢ
1342 2074 1630 2142 κοσμικοῖς
1663 2071 1958 2142 ἄρχουσιν,

375 2166 402 2234 ἦ
435 2165 794 2235 οἱκουμενικῇ
830 2162 1035 2234 συνόδῳ
1068 2163 1293 2218 ἄδεκτον
1327 2159 1468 2217 εἶναι
1500 2163 1854 2218 παντάπασιν
1884 2165 1964 2227 είς

372 2258 734 2327 κατηγορίαν,
782 2256 858 2318 ὡς
909 2257 1257 2325 ἁτιμάσαντα
1306 2257 1432 2320 τοὺς
1480 2256 1582 2326 τῆς
1637 2256 1965 2327 διοικήσεως

373 2349 736 2412 ἐπισκόπους,
763 2349 1000 2412 καὶτοὺς
1026 2349 1257 2413 κανόνας
1278 2348 1598 2420 ὑϐρίσαντα,
1629 2347 1727 2402 καὶ
1751 2349 1850 2420 τὴν
1868 2347 1967 2418 τῆς

388 2438 722 2510 Ἐκκλησίας
755 2439 1009 2506 εὐταξίαν
1045 2441 1376 2512 συγχέαντα.

375 2714 602 2769 ΔΡῐΣΤ.
647 2711 760 2767 Καὶ
789 2713 822 2766 ὁ
853 2710 1188 2776 κακόδοξος
1221 2709 1766 2778 πλεονεκτούμενος
1797 2708 1971 2777 ἐγκα-

449 2808 630 2860 λείτω
671 2806 796 2858 κατ’
843 2804 1204 2857 ἐπισκόπου.
1239 2804 1305 2855 El
1342 2800 1411 2854 δὲ
1443 2800 1974 2867 ἐκκλησιαστικῶν

447 2900 548 2966 εἴη
579 2898 646 2952 τὸ
670 2898 962 2966 ἔγκλημα,
987 2897 1074 2966 μὴ
1100 2897 1320 2966 λεγέτω
1342 2913 1355 2928 ο
1373 2895 1460 2964 μὴ
1489 2893 1712 2961 λεγέτω
1740 2893 1808 2946 δὲ
1831 2892 1971 2963 μηδ’

447 2993 666 3058 ἄλλος,
697 2993 749 3044 εί
777 2991 1298 3059 προκατέγνωστιιι
1324 3005 1339 3020 ο
1371 2987 1450 3055 μὴ
1478 2986 1700 3054 λεγέτω
1722 2984 1974 3040 ἀκοινώ·

451 3100 662 3150 γητος,
717 3081 756 3149 ἢ
811 3081 1177 3147 ἀπόϐλητος,
1238 3077 1276 3147 ἢ
1332 3076 1849 3144 κατηγορούμενος
1902 3074 1972 3127 ἐν

448 3190 619 3238 τιιζιν
638 3214 652 3237 ,
682 3172 796 3238 ἕως
823 3171 1246 3225 ἀποδύσωνται
1274 3169 1346 3223 τὰ
1371 3167 1578 3222 οἰκεῖα.
1612 3168 1969 3236 Iidem-ops!-

449 3282 659 3322 τωσιιν
688 3265 756 3318 δὲ
784 3268 816 3318 ὀ
847 3261 1166 3331 ὀρθόδοξος
1189 3301 1203 3325 ,
1233 3264 1265 3315 ὀ
1287 3260 1636 3324 κοινωνικὸς
1659 3301 1672 3325 ,
1702 3262 1734 3312 ὀ
1757 3258 1973 3315 ἀκατά-

450 3375 750 3432 γνωστος,
798 3361 830 3412 ὁ
881 3355 1291 3424 ἀκατήγοροςο
1346 3355 1444 3406 καὶ
1505 3354 1784 3408 κινείσθω
1848 3351 1973 3419 τοῖς

449 3453 854 3522 ἐπαρχιώταις
895 3449 963 3502 τὸ
1009 3449 1301 3517 ἔγκλημα.
1353 3449 1420 3502 Et
1481 3445 1532 3499 δ’
1592 3444 1972 3510 ἁδυνατοῖεν,

450 3546 606 3612 πρὸς
638 3539 878 3611 μείζονα
915 3541 1342 3604 τρεπέσθωσιιν
1377 3536 1662 3596 σύνοδον.
1699 3535 1796 3588 καὶ
1833 3534 1976 3604 δίχα

451 3620 766 3705 ἐγγραφῆς
795 3632 903 3699 τῆς
944 3631 1378 3695 τιιυτοπαθείας
1404 3628 1489 3698 μὴ
1515 3627 1971 3683 ἀκουέσθωσαν.

469 3727 536 3781 '0
587 3727 657 3782 δὲ
696 3724 854 3793 παρὰ
898 3723 1086 3776 ταῦτα
1132 3719 1213 3786 τῷ
1259 3719 1518 3786 ⁴βασιλεῖ
1557 3718 1826 3788 προσιὼν
1874 3719 1975 3774 καί

463 3818 763 3888 ἐνοχλῶν,
804 3814 1242 3881 ἀποκήρυκτος.

474 3915 560 3963 Δεῖ
583 3911 653 3963 τὰ
681 3909 950 3978 πρόσωπα
972 3905 1081 3958 τῶν
1112 3901 1572 3976 κατηγορούντων
1597 3905 1912 3957 ἐπισκόπων
1942 3905 1976 3976 ἢ

409 4003 678 4074 at).quva
706 3998 984 4069 ἐξετάζειν
1009 4039 1023 4064 ,
1060 3999 1272 4068 μήποτε
1303 3995 1578 4068 αἱρετικός
1608 3997 1755 4048 ἐστιν
1800 3991 1979 4063 οὗτος,

415 4098 446 4168 ἦ
476 4097 910 4165 κατεγνωσμένος
935 4134 948 4158 ,
979 4093 1074 4146 καὶ
1105 4089 1584 4159 ἀποϐεϐλημένος,
1617 4091 1711 4142 καὶ
1747 4089 1983 4142 ἀκοινώ-

410 4207 581 4262 νητος,
605 4189 636 4258 ἢ
660 4190 788 4258 παρ’
816 4187 1017 4256 ἐτέρων
1040 4181 1516 4254 κατηγορούμενος
1536 4183 1622 4234 ἐπ’
1646 4180 1979 4251 ἐγκλήμασι,

405 4290 497 4343 καὶ
547 4288 715 4359 μήπω
768 4286 958 4354 φανεὶς
1014 4281 1190 4343 ἀθῶος
1249 4279 1346 4347 τῆς
1395 4278 1710 4340 αἱτιάσεως.
1764 4279 1872 4330 Καὶ
1932 4280 1983 4332 εί

401 4379 631 4432 τοιοῦτοι
680 4379 730 4428 οἱ
783 4371 1220 4443 κατηγοροῦντες
1268 4366 1398 4434 εἶεν,
1459 4368 1533 4440 μὴ
1577 4368 1980 4439 παραδέχεσθαι

1985 1755 2036 1816 Β

2002 3104 2045 3161 C

2051 507 2337 571 conﬂatur,
2369 509 2639 580 intelligit.
2669 510 3012 566 Provinciam
3040 511 3264 576 etenim,
3295 510 3638 580 Adrianopo-

2054 597 2168 662 lim,
2202 601 2434 670 exempli
2468 616 2653 668 causa,
2690 601 2775 657 vel
2805 601 3244 672 PhilippOpolim,
3273 617 3396 656 cum
3431 601 3520 666 iis,
3544 599 3637 670 qui

2053 688 2105 743 in
2143 704 2206 744 eo
2249 698 2424 745 tractu
2461 691 2685 762 degunt,
2728 693 3000 763 episcopis
3045 692 3314 758 dicimus;
3343 693 3638 748 Thraciam

2053 795 2183 835 vero
2217 791 2381 837 totam
2411 783 2496 838 vel
2528 783 2897 840 Macedoniam
2930 784 3228 840 dioecesim.
3249 785 3480 852 Quando
3508 802 3640 856 ergo

2056 875 2249 932 delatis
2276 877 2600 932 criminibus
2635 878 2972 947 corrigendis
2997 878 3362 946 provinciales
3395 880 3636 950 episcopi

2055 968 2198 1022 haud
2227 970 2523 1036 sufﬁciant,
2551 981 2662 1026 tum
2688 972 2985 1026 dimceseos
3008 971 3290 1040 episcOpos
3321 973 3636 1036 convenire,

2055 1071 2112 1116 et
2143 1075 2260 1130 qua:
2295 1074 2484 1117 contra
2521 1065 2831 1134 episcopum
2871 1063 3220 1132 proferuntur
3245 1063 3457 1118 solvere
3485 1062 3638 1132 jubet

2055 1165 2250 1205 canon.
2273 1150 2541 1205 Clericum
2567 1167 2698 1207 vero
2721 1153 2763 1205 si
2792 1153 2913 1221 quis
2935 1161 3175 1217 accuset,
3196 1167 3376 1204 coram
3400 1151 3638 1219 ejusdem

2057 1242 2240 1297 clerici
2279 1245 2534 1314 episcopo
2579 1245 2850 1298 actionem
2888 1245 3152 1298 intendat.
3196 1243 3350 1308 Quod
3393 1244 3438 1298 si
3490 1233 3640 1297 litem

2060 1350 2168 1391 non
2201 1336 2442 1404 dirimat,
2489 1338 2554 1392 ad
2589 1338 2901 1406 superiores
2935 1335 3146 1403 judices
3177 1336 3442 1405 gradatim
3481 1350 3644 1390 causa

2060 1428 2358 1495 deferetur,
2389 1439 2448 1483 ut
2477 1445 2642 1498 supra
2675 1429 2933 1483 diximus.
2969 1427 3156 1496 Neque
3187 1443 3316 1482 vero
3348 1427 3642 1482 delatorem

2058 1521 2210 1590 prius
2239 1522 2639 1575 accusationem
2675 1521 2979 1586 instituere,
3007 1535 3168 1589 quam
3195 1520 3397 1588 scripto
3430 1519 3644 1590 proles-

2059 1624 2153 1666 sus
2169 1612 2260 1676 sit,
2285 1625 2340 1666 se
2365 1612 2539 1666 eidem
2563 1626 2733 1681 poenae
2757 1613 2870 1684 96
2887 1613 3182 1668 obnoxium
3206 1627 3346 1679 esse,
3363 1615 3406 1668 si
3434 1613 3645 1684 objecta

2061 1701 2292 1756 crimina
2326 1717 2434 1757 non
2461 1703 2792 1772 probaverit,
2820 1719 2982 1774 quam
3010 1719 3135 1759 reus
3160 1705 3359 1774 patrati
3388 1702 3650 1758 facinoris

2063 1792 2274 1849 evictus
2301 1793 2485 1863 (modo
2511 1795 2774 1865 aliquam)
2805 1795 3084 1851 subiturus
3115 1796 3202 1859 sit,
3229 1795 3404 1850 sancti
3435 1794 3648 1858 Patres,

2065 1885 2261 1956 (legem
2295 1887 2509 1943 civilem
2547 1888 2599 1942 in
2635 1891 2739 1944 hoc
2769 1887 2986 1959 imitati)
3018 1889 3365 1945 definierunt.
3399 1888 3495 1943 llis
3525 1903 3650 1942 vero

2066 1979 2137 2033 ita
2177 1981 2515 2048 constitutis,
2564 1982 2812 2049 addunt;
2866 1982 3177 2051 quicunque
3220 1982 3382 2052 hujus
3423 1980 3651 2035 canonis

2064 2072 2390 2126 auctoritate
2425 2073 2675 2142 neglecta
2707 2089 2891 2130 coram
2927 2074 3282 2144 imperatore,
3323 2081 3412 2127 aut
3447 2071 3650 2142 princi—

2065 2161 2223 2229 pibns
2253 2162 2625 2226 saecularibus,
2656 2171 2751 2217 aut
2771 2163 3106 2218 oecumenica
3136 2163 3345 2233 synodo
3380 2161 3650 2216 actionem

2066 2253 2355 2311 instituere
2372 2270 2664 2326 aggressus
2681 2255 3066 2326 fuerit,quippe
3085 2255 3136 2308 in
3161 2253 3446 2324 episcopos
3461 2267 3653 2308 omnes

2067 2347 2411 2404 ditecesanos
2437 2347 2687 2417 iniurius,
2713 2356 2827 2404 tum
2859 2347 2911 2403 in
2932 2346 3651 2413 canones‘coutumeliosus,

2068 2451 2346 2510 postremo
2375 2440 2787 2507 ecclesiasticas,
2820 2440 2962 2510 quod
3002 2439 3054 2494 in
3083 2438 3204 2510 ipso
3247 2437 3351 2494 fuit
3379 2437 3654 2510 tranquil-

2069 2531 2238 2587 litatis
2275 2548 2523 2599 eversor,
2564 2533 2630 2588 ad
2679 2533 3085 2590 accusationem
3131 2531 3356 2588 omnino
3390 2546 3498 2586 non
3530 2545 3656 2588 esse

2071 2624 2484 2678 admittendum.
3003 2691 3014 2701 ι

2073 2715 2303 2770 ARIST.
2341 2717 2516 2777 Εἰ(ιαί
2544 2717 2686 2772 mala
2716 2717 2964 2784 Opinione
3005 2717 3241 2772 imbutus
3284 2723 3383 2780 est,
3422 2717 3468 2769 si
3508 2714 3657 2785 inju-

2145 2810 2282 2862 riam
2305 2811 2793 2875 patiatur,accuset
2827 2811 3148 2879 episcopum.
3185 2808 3243 2863 Si
3265 2825 3380 2862 vero
3410 2807 3658 2862 ecclesia-

2145 2903 2401 2954 sticarum
2436 2902 2505 2953 sit
2534 2902 2754 2965 crimen,
2795 2918 2859 2954 ne
2894 2901 3065 2954 dicat.
3109 2899 3290 2969 Neque
3320 2901 3480 2953 etiam
3517 2898 3677 2954 alius.

2151 3001 2304 3046 antea
2337 2993 2744 3060 condemnatus,
2763 2993 2928 3047 dicat.
2949 2991 3031 3046 Ne
3051 2993 3195 3047 dicat
3229 2994 3668 3045 excommunica-

2152 3094 2258 3149 tus,
2283 3082 2360 3136 vel
2389 3083 2610 3152 ejectus,
2647 3082 2729 3137 vel
2756 3083 3068 3138 criminibus
3093 3082 3415 3154 quibuslibet
3438 3099 3662 3136 accusa-

2154 3187 2263 3239 tus,
2290 3176 2453 3232 donec
2482 3179 2687 3231 intenta
2715 3176 2814 3230 sibi
2845 3177 3068 3230 crimina
3093 3175 3370 3229 diluerint.
3400 3179 3682 3230 Accusant-

2156 3282 2332 3326 autem
2381 3272 2726 3336 orthodomus,
2775 3269 3161 3324 communionis
3210 3270 3496 3338 partireps,
3559 3283 3676 3324 non.

2155 3361 2557 3427 condemnatus,
2617 3377 2722 3414 non
2776 3369 3100 3426 accusatus;
3151 3369 3200 3414 et
3255 3358 3664 3425 provincialibus

2154 3456 2352 3509 crimen
2374 3461 2668 3510 moveatur.
2714 3450 2774 3508 Si
2796 3468 2914 3508 vero
2939 3469 3040 3506 non
3071 3452 3276 3520 possint
3301 3466 3518 3505 causam
3557 3450 3666 3504 sol-

2155 3561 2291 3606 vere,
2321 3544 2392 3598 ad
2427 3544 2684 3611 majorem
2717 3560 2771 3598 se
2792 3552 3099 3598 concertant
3130 3541 3413 3614 synodum,
3452 3558 3515 3594 ac
3556 3541 3667 3594 sine

2155 3637 2480 3708 professione
2529 3637 2766 3705 ejusdem
2810 3624 3068 3705 affectus,
3108 3651 3169 3688 ne
3199 3636 3510 3688 audiantur.
3563 3632 3668 3698 Qui

2159 3742 2333 3786 autem
2375 3741 2563 3785 contra
2596 3731 2721 3800 flia’c
2772 3732 3140 3798 imperatorem
3180 3729 3319 3793 adit,
3365 3729 3514 3798 eique
3551 3743 3666 3781 mo-

2158 3825 2365 3880 [estiam
2401 3824 2631 3884 exhibet,
2657 3824 2951 3879 abdicetur.

2160 3915 2355 3971 Eorum
2383 3916 2473 3986 qui
2503 3917 2786 3984 episcopos
2808 3924 2901 3969 aut
2922 3915 3151 3969 clericos
3176 3921 3457 3976 act-usam,
3481 3925 3669 3977 perso-

2091 4025 2189 4064 nas
2220 4009 2534 4063 examinare
2564 4015 2798 4075 oportet,
2836 4023 2901 4061 ne
2939 4007 3077 4060 forte
3114 4005 3402 4059 haereticus
3441 4005 3512 4057 sit
3543 4004 3682 4064 iste._

2090 4108 2182 4153 aut
2209 4099 2601 4153 condemnatus
2629 4107 2682 4152 et
2715 4097 2923 4166 ejectus
2947 4107 2998 4150 et
3028 4093 3555 4155 excommunicatus,
3584 4093 3670 4146 vel

2092 4193 2160 4246 ab
2207 4192 2330 4246 aliis
2375 4191 2442 4245 de
2490 4191 2810 4245 criminibus
2863 4198 3149 4243 accusatus
3201 4197 3254 4242 et
3309 4185 3546 4241 nondum
3601 4184 3674 4238 ab

2092 4285 2438 4338 accusatione
2496 4283 2798 4337 absolutus.
2850 4282 2915 4335 Et
2962 4281 3006 4336 si
3061 4279 3366 4348 bnjnsmodi
3419 4279 3527 4331 sint
3579 4275 3671 4345 qui

2093 4385 2373 4441 accusant,
2423 4388 2686 4429 accusare
2726 4389 2832 4427 non
2884 4373 3286 4440 permittuntur.
3333 4367 3428 4423 Sin
3481 4369 3674 4422 ortho-

399 4473 602 4534 αὐτοὺς
671 4471 752 4531 είς
809 4466 1069 4520 αἰτίασιν.
1125 4463 1187 4516 Εἰ
1244 4462 1288 4516 δ’
1346 4461 1627 4532 ὀρθόδοξός
1687 4463 1837 4526 ἐστι,
1893 4460 1972 4514 κα*

2096 4475 2270 4528 doxus
2303 4471 2371 4526 sit
2403 4477 2459 4526 et
2490 4469 2598 4524 vita
2632 4467 2960 4535 inculpatus,
2993 4473 3046 4516 et
3078 4478 3182 4516 non
3218 4459 3674 4516 excommunica--

381 4566 488 4618 -τδν
518 4565 633 4634 βίον
666 4561 1035 4629 ἀνεπίληπτος
1056 4600 1071 4625 ,
1102 4559 1197 4612 καὶ
1226 4557 1543 4618 κοινωνικὶς
1565 4598 1578 4620 ,
1611 4557 1639 4608 ό
1665 4554 1770 4625 τὴν
1791 4553 1990 4624 ἐκκλη-

400 4657 695 4727 σιαστεκὴν
746 4655 952 4724 μέμψιν
993 4652 1272 4720 ἐπιφέρων
1313 4650 1392 4718 τῷ
1433 4651 1718 4719 ἐπισκόπῳ
1749 4649 1990 4719 παραδε-

397 4751 605 4822 χέσθω,
639 4748 736 4802 καὶ
770 4748 989 4800 κινείτω
1017 4745 1168 4813 παρὰ
1212 4746 1323 4805 τοῖς
1353 4741 1722 4812 ἐπαρχιὼταις
1757 4742 1993 4794 ἐπισκό-

399 4861 531 4907 ποις
565 4842 627 4896 τὸ
671 4841 945 4910 ἔγκλημα.
980 4838 1044 4891 El
1086 4837 1131 4890 δ’
1171 4838 1370 4889 ἐκεῖνοι
1419 4835 1548 4898 ἴσως
1593 4834 1993 4904 ἀδυνατήσουσι

402 4937 544 5005 πρὸς
579 4933 866 5003 διόρθωσιν
908 4930 1018 4983 τῶν
1048 4926 1462 4998 ἐπιφερομένων
1509 4925 1877 4997 ἐγκλημάτων
1915 4924 1995 4996 τῷ

405 5027 725 5096 ἐπισκόπῳ,
775 5023 897 5078 τότε
940 5022 1038 5077 καὶ
1085 5021 1290 5093 μείζονι
1337 5021 1364 5072 ὁ
1401 5018 1709 5090 κατήγορος
1758 5034 1997 5089 προσερ.

405 5119 595 5190 χέσθω
653 5116 896 5184 συνόδῳ,
960 5115 1055 5168 καὶ
1113 5113 1302 5172 διδότω
1361 5111 1626 5181 πρότερον
1680 5109 1996 5179 ἐγγραφὰς,

407 5213 490 5274 ὡς
530 5211 629 5279 τὴν
673 5206 1076 5262 ταυτοπάθειαν
1123 5204 1510 5273 ὑποστήσεται,
1563 5201 1612 5253 εἰ
1651 5198 2002 5267 συκοφαντῶν

410 5304 685 5372 ἐλεγχθῇ·
719 5301 816 5354 καὶ
867 5297 1010 5352 οὕτω
1041 5295 1346 5350 συνιστάτω
1392 5294 1491 5363 τὴν
1538 5291 1898 5362 κατηγορίαν.
1943 5291 2002 5343 Ὀ

410 5396 470 5449 δὲ
509 5394 660 5464 παρὰ
689 5393 862 5447 ταῦτα
892 5389 1094 5453 ποιῶν,
1124 5388 1218 5442 καὶ
1250 5385 1328 5456 τῷ
1359 5385 1570 5456 βασιλεῖ
1608 5383 1677 5437 δι’
1721 5383 1878 5454 ὄχλου
1915 5399 2004 5450 γι-

413 5485 667 5555 νόμενος,
702 5484 794 5537 καὶ
823 5479 1153 5552 κατηγορῶν
1180 5478 1506 5539 ἐπισκόπου,
1538 5475 1571 5546 ἢ
1602 5474 1882 5544 κοσμικῶν
1911 5475 2007 5544 ἁρ-

413 5578 630 5649 χόντων
683 5573 1062 5645 δικαστηρίοις
1112 5569 1244 5641 περὶ
1292 5570 1488 5621 τούτου
1542 5566 2004 5636 προσερχόμενος,

415 5669 647 5732 ἀδεκτος
675 5668 755 5732 εἰς
781 5665 1138 5736 κατηγορίαν.
1164 5665 1226 5716 Ai
1237 5660 1451 5735 ρετικὸς
1471 5659 1548 5725 δέ,
1571 5659 1847 5728 ἀδικηθεὶς
1878 5656 2007 5729 παρ’

419 5760 752 5828 ἐπισκόπου,
784 5757 847 5811 ού
883 5756 1261 5826 κωλυθήσεται
1292 5751 1544 5823 ἐγκαλεῖν
1577 5751 1695 5805 κατ’
1727 5747 1916 5806 αὑτοῦ.

2098 4575 2203 4629 tus,
2240 4563 2329 4632 qui
2365 4569 2556 4617 contra
2599 4560 2912 4631 episcopum
2961 4553 3391 4611 ecclesiasticam
3439 4549 3675 4604 instituit

2096 4658 2527 4714 accusationem.
2594 4652 2949 4710 admittatur,
3013 4658 3066 4702 et
3125 4646 3261 4716 apud
3320 4643 3676 4715 provinciales

2096 4754 2378 4823 episcopos
2429 4756 2708 4802 moveatur
2751 4743 2910 4796 actio.
2961 4739 3015 4793 Si
3059 4738 3132 4793 illi
3165 4747 3344 4792 autem
3389 4750 3494 4789 non
3525 4733 3677 4788 sufli-

2099 4845 2304 4899 cientes
2343 4840 2544 4896 fuerint
2575 4836 2640 4891 ad
2675 4833 2994 4902 corrigenda
3030 4831 3285 4898 episcopo
3315 4827 3527 4896 objecta
3566 4824 3678 4880 cri-

2102 4937 2248 4989 mina
2310 4951 2324 4987 :
2381 4941 2507 4986 tunc
2563 4935 2849 4982 accusator
2905 4931 2961 4978 et
3012 4922 3080 4977 ad
3142 4921 3398 4991 majorem
3456 4916 3688 4972 accedat.

2102 5024 2387 5097 synodum,
2412 5029 2465 5073 et
2492 5018 2646 5090 prius
2675 5017 2939 5085 scriptum
2971 5015 3082 5079 det,
3113 5029 3173 5069 se
3201 5012 3444 5067 eamdem
3474 5010 3680 5064 subitu-

2102 5132 2222 5172 rum
2269 5127 2482 5183 poenam
2531 5111 2575 5164 si
2613 5109 2974 5164 calumniator
3010 5107 3217 5162 evictus
3261 5104 3425 5159 fuerit
3460 5121 3473 5156 :
3521 5111 3574 5156 ct
3605 5101 3682 5154 sic

2105 5202 2507 5258 accusationem
2559 5199 2821 5252 intendat.
2874 5196 2978 5263 Qui
3029 5204 3212 5251 autem
3264 5193 3422 5247 aliter
3469 5187 3681 5252 fecerit,

2108 5307 2200 5351 aut
2239 5295 2303 5349 ad
2340 5293 2720 5360 imperatorem
2766 5289 2995 5344 tumultu
3026 5286 3340 5347 accesserit,
3377 5292 3430 5338 et
3467 5281 3686 5350 episco-

2107 5405 2232 5460 pum
2268 5384 2626 5448 accusaverit,
2663 5389 2756 5435 attt
2789 5380 3132 5435 saecularium
3179 5375 3479 5446 principum
3517 5373 3683 5426 tribu-

2109 5478 2249 5532 nalia
2297 5477 2438 5529 hunc
2467 5474 2519 5526 in
2559 5471 2716 5525 finem
2750 5470 2996 5532 adivcrit,
3031 5469 3097 5522 ad
3144 5465 3546 5520 accusationem
3579 5476 3680 5514 non

2108 5575 2191 5622 est
2229 5564 2616 5620 admittendus.
2661 5561 2962 5615 Haereticus
2999 5569 3178 5613 autem
3229 5554 3424 5622 injuria
3469 5553 3695 5608 atl‘ccuu-

2111 5660 2178 5716 ab
2204 5659 2482 5730 episcopo,
2525 5670 2647 5713 cum
2681 5640 2936 5710 accusare
2964 5665 3070 5706 non
3101 5645 3489 5720 proltibcatnr..
