4072 6430
368 359 472 422 345

1544 366 1623 427 1N
1650 359 1820 428 CAN.
1863 360 1973 426 V1.1
2009 364 2224 430 CONC.
2260 361 2371 426 ΟΡ.
2410 363 2490 426 lI.

3529 360 3634 430 316
3727 335 3741 347 ’

367 472 509 524 κατὰ
541 472 668 534 τοὺς
712 472 1021 537 Ἰουδαίους.
1068 461 1228 529 Οὗτοι
1261 475 1369 547 γὰρ
1400 475 1538 546 μετὰ
1568 476 1628 529 τὸ
1670 476 1947 547 πασχάσαι

2061 477 2339 543 postquam
2375 472 2582 529 Pascha
2611 464 3036 540 celebraverint,
3100 481 3243 531 totos
3277 464 3484 547 septem
3513 477 3634 532 dies

368 564 458 615 ἐπὶ
503 563 652 626 ὅλαις
700 564 840 618 έπτὰ
882 566 1115 636 ἡμέραις
1160 567 1503 636 νηστεύουσι,
1553 569 1805 639 πικρίδας
1851 570 1944 623 καὶ

367 654 553 723 ἄζυμα
588 654 862 716 ἐσθίοντες
884 659 1025 710 κατὰ
1052 658 1150 729 τὴν
1173 658 1265 711 τοῦ
1298 659 1531 713 παλαιοῦ
1561 660 1726 731 νόμου
1759 660 1946 713 διὰτα-
1999 704 2005 709 .

368 747 474 806 ξιν.
508 747 648 809 Τοὺς
685 746 741 799 δὲ
774 748 1237 813 ἀναῦαπτίζεσθαι
1271 750 1584 819 ὀφείλοντας
1615 748 1771 803 εἶπεν
1804 749 1944 804 εἶναι

368 837 755 906 Εὑνομιανοὺς,
779 840 906 901 τοὺς
929 841 1007 900 εἰς
1030 841 1157 909 μίαν
1181 842 1471 895 κατάδυσιν
1495 840 1887 911 βαπτιζομένου
1905 860 1941 908 ·,

367 929 462 980 καὶ
492 929 888 994 Μοντανιστὰς,
928 931 1055 993 τοὺς
1085 929 1226 984 οὕτω
1262 932 1562 1002 κληθέντας
1597 925 1704 986 ἀπὺ
1735 933 1945 987 Moveo.-

367 1018 460 1071 νοῦ
490 1036 656 1087 τινος,
689 1021 1048 1092 Παράκλητον
1075 1023 1265 1076 ἑαυτὸν
1296 1025 1817 1095 προσαγορεύοντος,
1852 1026 1945 1079 xui.

366 1111 457 1164 διὰ
483 1111 576 1165 δύο
607 1111 828 1180 φαύλων
861 1116 1155 1181 γυναικῶν,
1183 1116 1281 1184 τῆς
1301 1130 1360 1169 τε
1390 1111 1689 1185 Πρισκίλας
1720 1117 1817 1171 καὶ
1846 1118 1947 1185 τῆς

366 1202 680 1271 Μαξιμί).ας
703 1242 719 1267 ,
748 1204 1251 1277 ψευὼπροφητεὶας
1281 1205 1775 1276 ἀποφοιϐἁζοντος·
1809 1210 1945 1278 πρὸς

366 1294 424 1347 δὲ
472 1296 569 1349 καὶ
600 1296 993 1359 Σαϐελλιανοὺς
1024 1300 1151 1361 τοὺς
1189 1298 1361 1364 οὕτως
1406 1298 1807 1371 ὀνομασθέντας
1837 1296 1945 1354 ἀπό

367 1401 514 1450 τινος
566 1386 855 1441 Σαϐελλίωυ
907 1389 1158 1459 λέγοντας
1210 1393 1347 1462 μετὰ
1391 1393 1500 1446 τῶν
1549 1393 1722 1449 ἄλλων
1779 1387 1943 1447 αὑτοῦ

368 1474 650 1544 φλυαριῶν
678 1476 768 1529 τὸν
797 1478 961 1531 αὑτὸν
999 1475 1138 1534 εἶναι
1174 1483 1389 1553 Πατέρα
1409 1526 1422 1545 ,
1459 1483 1551 1537 τὸν
1582 1484 1745 1539 αὐτὸν
1776 1485 1938 1547 Υῑδν,

367 1564 460 1618 τὸν
493 1566 655 1620 αὑτὸν
684 1568 837 1636 ἅγιον
871 1569 1116 1641 Πνεῦμα,
1148 1573 1223 1635 ὡς
1253 1569 1391 1627 εἶναι
1421 1577 1480 1628 ὲν
1511 1577 1614 1647 μιᾷ
1648 1577 1945 1632 ὑποστάσει

367 1659 514 1725 τρεῖς
548 1657 880 1730 ὀνομασίας·
919 1662 993 1724 ὡς
1025 1665 1083 1715 ὲν
1116 1663 1388 1735 ἀνθρώπῳ
1422 1667 1610 1735 σῶμα,
1652 1668 1745 1721 καὶ
1769 1667 1946 1739 ψυχὴν

2041 565 2332 634 jejunant,
2367 566 2606 621 lactucas
2656 576 2897 636 agrestes
2940 576 2995 622 et
3037 582 3230 639 azyma
3267 571 3631 636 comedentes,

2044 655 2202 726 juxta
2255 657 2455 712 veteris
2508 657 2639 727 legis
2685 658 3148 713 constitutionem.
3203 658 3635 728 Rebaptizaudos

2048 759 2226 802 autem
2260 764 2381 805 esse
2413 749 2547 803 dixit
2578 748 2972 814 Eunomianos,
3006 749 3098 819 qui
3145 764 3249 803 una
3290 751 3635 809 demersione

2048 840 2353 909 baptizant,
2390 851 2446 896 ct
2488 834 2873 908 Montanistas,
2906 857 2935 896 a
2971 843 3201 911 quodam
3251 842 3507 899 Montano
3534 846 3636 913 ,εἰσ

2049 932 2246 997 dictos,
2275 933 2367 999 qui
2413 949 2473 989 se
2515 928 2861 989 Paracletmn
2890 934 3197 1004 appellabat
3230 952 3248 990 :
3278 946 3333 991 et
3370 952 3470 1007 per
3498 939 3635 992 duas

2048 1023 2325 1092 improbas
2360 1025 2632 1089 mulieres,
2658 1016 2958 1081 Priscillam
2982 1036 3036 1081 et
3063 1026 3440 1093 Maximillam,
3472 1029 3635 1085 falsas

2044 1118 2357 1185 prophetias
2381 1112 2642 1173 utPhoebi
2673 1119 2897 1173 numine
2922 1118 3135 1175 alilatus
3164 1120 3375 1176 edebat.
3403 1122 3636 1176 Praeter-

2046 1220 2109 1260 ea
2156 1214 2333 1262 autem
2391 1218 2444 1262 et
2490 1206 2859 1272 Sabellianos,
2909 1223 2939 1262 a
2988 1207 3226 1263 Sabellio
3266 1208 3500 1279 quodam
3553 1210 3636 1265 sic

2046 1298 2377 1366 nominatos,
2426 1302 2516 1368 qui
2557 1298 2719 1353 etiam
2760 1314 2880 1354 cum
2931 1300 3052 1353 aliis
3100 1300 3421 1369 quibusdam
3459 1300 3616 1369 nugis

2046 1389 2280 1455 dicebat,
2308 1392 2554 1446 eumdem
2581 1404 2702 1445 esse
2743 1386 2981 1457 Patrem,
3014 1389 3208 1445 Filium
3232 1433 3244 1453 ,
3283 1401 3338 1447 et
3375 1391 3633 1462 Spiritum

2049 1488 2296 1535 sanctum
2326 1498 2341 1546 ;
2368 1490 2424 1534 ut
2454 1480 2564 1536 sint
2595 1482 2647 1535 in
2677 1492 2781 1536 una
2819 1496 3051 1550 persona
3088 1482 3191 1535 tria
3223 1483 3462 1543 nomina,
3494 1482 3640 1535 sicut

2047 1576 2101 1633 in
2147 1572 2363 1626 homine
2401 1587 2623 1640 corpus,
2656 1584 2711 1627 et
2752 1576 2930 1627 anima
2968 1583 3020 1627 et
3053 1573 3278 1641 spiritus
3318 1592 3331 1628 :
3371 1572 3452 1627 vel
3491 1583 3547 1624 ut
3582 1573 3637 1625 iu

2051 1663 2168 1719 sole
2196 1663 2389 1732 triplex
2416 1661 2680 1727 efﬁcacia,
2715 1664 2925 1718 scilicet
2958 1663 3415 1718 circumferentia:
3443 1665 3635 1733 Iigura,

369 1750 465 1803 καὶ
512 1749 753 1822 πνεῦμα,
801 1752 834 1821 ἢ
885 1752 960 1815 ὡς
1000 1754 1057 1806 ὲν
1102 1754 1237 1825 ἡλίῳ
1273 1758 1421 1825 τρεῖς
1460 1756 1742 1826 ἐνεργείας
1785 1757 1951 1828 ἤγουν

2061 1756 2139 1809 vis
2171 1755 2515 1810 illuminaudi
2555 1765 2609 1810 et
2639 1756 2722 1811 vis
2750 1756 3125 1811 calefaciendi.
3164 1758 3421 1810 Dicuntur
3454 1766 3637 1810 autem

369 1842 428 1893 τὸ
493 1842 590 1908 τῆς
652 1845 1010 1915 περιφερείας
1070 1846 1277 1916 σχῆμα,
1332 1847 1393 1898 τὸ
1451 1848 1800 1915 φωτιστικδν,
1860 1848 1952 1901 καὶ

370 1932 429 1986 τὺ
486 1932 710 1988 θάλπον.
755 1936 1019 2005 Λέγονται
1073 1936 1130 1989 δὲ
1186 1938 1235 1990 οἱ
1291 1938 1657 1991 Μοντανισταὶ
1704 1939 1950 2010 Φρύγες,

370 2024 400 2093 ἢ
458 2023 522 2078 ἐκ
578 2043 722 2089 τινος
778 2028 1134 2099 αἱρεσιάρχου
1203 2030 1416 2100 Φρυγὸς
1468 2030 1500 2100 ἢ
1556 2029 1665 2083 ἀπὸ
1729 2030 1824 2083 τοῦ
1887 2030 1952 2083 ὲκ

367 2115 609 2186 Φρυγίας
648 2119 987 2189 ἀναφανῆναι
1023 2119 1254 2191 πρώτως
1290 2120 1388 2192 τὴν
1416 2121 1672 2190 τοιαύτην
1717 2121 1950 2191 αἵρεσιν.

369 2208 517 2280 Πρὸς
570 2210 781 2276 τούτοις
838 2212 1133 2266 καλοῦνται
1187 2214 1283 2267 καὶ¹
1329 2214 1694 2279 Πεπουζιανοὶ
1741 2213 1848 2267 ἀπό
1874 2232 1955 2266 τι-

372 2316 465 2361 νος
521 2300 808 2366 Πεποὺζας
862 2303 1210 2374 καλουμένης
1258 2304 1391 2372 παρ’
1440 2304 1621 2357 αὐτῶν
1674 2307 1815 2357 κατὰ
1853 2304 1953 2372 τὴν

383 2391 763 2464 Ἰερουσαλήμ.
829 2394 893 2447 Οί
941 2394 996 2447 δὲ
1047 2392 1281 2448 τοιοῦτοι
1334 2395 1521 2448 λύουσι
1573 2396 1699 2458 τοὺς
1744 2395 1954 2465 γάμους

371 2482 449 2545 ὡς
501 2486 797 2554 μυσαροὺς,
848 2484 1202 2557 νηστεύουσιν
1242 2486 1527 2539 ἀλλόκοτον
1571 2486 1845 2558 νηστείαν,
1895 2484 1955 2537 τὸ

376 2575 569 2646 Πάσχα
612 2576 1048 2649 διαστρέφουσιν,
1096 2578 1176 2642 είς
1219 2577 1279 2630 ἓν
1316 2578 1611 2649 πρόσωπον
1649 2579 1747 2649 τὴν
1791 2578 1954 2646 ἁγίαν

373 2665 585 2734 Τριὰδα
620 2666 957 2737 συναιροῦσι,
991 2669 1087 2721 καὶ
1117 2668 1431 2736 συγχέουσι,
1464 2670 1561 2723 καὶ
1596 2663 1737 2739 αἷμα
1766 2669 1955 2731 παιδδς

374 2758 908 2827 κατακεντουμένου,
959 2759 1173 2830 ἀλεύρῳ
1215 2761 1612 2832 συμφύροντες,
1655 2760 1752 2814 καὶ
1793 2760 1955 2830 ἀρτο-

374 2847 660 2910 ποιοίντες
685 2848 1108 2919 προσφέρουσιν.
1132 2851 1241 2904 Καὶ
1269 2848 1438 2903 ταῦτα
1471 2852 1570 2920 μὲν
1597 2849 1790 2913 οὕτως.
1829 2850 1955 2903 Ἐὰν

375 2938 430 2991 δέ
456 2956 541 3001 τις
564 2939 839 3008 ὀρθόδοξος
864 2942 1236 3011 Μοιτινιστὴς
1263 2943 1488 3012 γένηται
1519 2942 1550 3011 ἧ
1579 2941 1952 3007 Σαδελλιανὸς,

376 3033 470 3085 καὶ
502 3031 787 3103 βάπτισμα
827 3034 1121 3104 αἱρετικῶν
1147 3032 1366 3103 δέξηται
1397 3033 1430 3104 ἢ
1468 3035 1541 3103 μὴ
1571 3033 1810 3102 δέξηται,
1846 3028 1956 3102 ἆρα

2054 1845 2396 1901 Montanistze
2449 1846 2727 1918 Phryges,
2781 1847 2863 1901 vel
2902 1862 2932 1899 a
2965 1835 3217 1915 'quodam
3272 1848 3638 1901 haeresiarcba

2053 1935 2289 2007 Phryge,
2322 1936 2401 1988 vel
2438 1953 2499 1990 ex
2532 1950 2597 1991 eo
2630 1939 2767 2006 quod
2804 1939 3036 2006 primum
3068 1952 3097 1991 e
3131 1937 3362 2008 Phrygia
3396 1938 3509 1990 haec
3538 1937 3640 1989 hac-

2057 2030 2193 2083 resis
2224 2039 2411 2082 exorta
2448 2030 2539 2084 sit.
2578 2029 2843 2084 Praeterea
2875 2040 3055 2085 autem
3092 2039 3355 2083 vocantur
3381 2038 3433 2082 et
3463 2028 3641 2097 Pepu-

2055 2120 2218 2185 ziani,
2273 2137 2337 2174 ex
2398 2120 2637 2190 quadam
2693 2123 2915 2190 regione
2968 2122 3181 2191 Pepuza
3236 2122 3381 2176 dicta
3437 2122 3505 2175 ah
3560 2121 3642 2176 eis

2054 2207 2416 2268 Hierusalem.
2479 2212 2581 2277 Qui
2649 2222 2830 2266 autem
2893 2213 3027 2267 tales
3078 2221 3243 2276 sunt,
3304 2213 3519 2281 nuptias
3584 2216 3642 2267 ut

2059 2303 2436 2358 abhorrcndas
2487 2304 2724 2369 solvunt,
2775 2304 3008 2359 alienum
3057 2304 3318 2373 jejunium
3370 2304 3641 2373 jejunant,

2056 2393 2263 2448 Pascha
2314 2404 2653 2463 pervertunt,
2710 2405 2955 2449 sanctam
3000 2395 3322 2449 Trinitatem
3370 2396 3423 2449 in
3477 2409 3639 2447 unam

2057 2500 2343 2555 personam
2385 2488 2714 2540 contrahunt
2746 2495 2798 2539 et
2830 2484 3191 2549 confundunt,
3225 2495 3277 2539 et
3313 2485 3635 2554 sanguinem

2058 2581 2238 2650 pueri,
2270 2579 2360 2646 qui
2394 2589 2622 2646 punctus
2668 2576 2850 2643 fuerit,
2895 2575 3083 2630 farina}
3117 2578 3553 2640 commiscentes,
3588 2583 3644 2630 et

2057 2686 2223 2741 panes
2266 2672 2552 2733 facientes,
2605 2669 2860 2723 offerunt.
2912 2669 2975 2722 Et
3009 2669 3122 2723 hrcc
3171 2671 3387 2739 quidem
3443 2669 3537 2722 ita.
3584 2667 3642 2722 Si

2058 2765 2180 2834 quis
2210 2775 2389 2817 autem
2421 2763 2782 2826 orthodoxus,
2818 2760 3144 2815 Montanista
3181 2761 3263 2815 vel
3302 2760 3645 2816 Sabellianus

2060 2861 2235 2912 factus
2287 2857 2380 2919 sit,
2432 2864 2486 2910 et
2535 2853 2909 2909 haereticorum
2953 2851 3275 2919 baptismum
3324 2849 3642 2918 susceperit,

2059 2964 2187 3003 num
2226 2949 2347 3002 talis
2383 2946 2677 3002 chrismate
2718 2947 3029 3013 inungetur,
3060 2951 3153 2996 aut
3194 2943 3642 3010 rebaptizabitur,

2059 3050 2117 3092 ut
2156 3039 2333 3092 caeteri
2368 3035 2738 3091 Montanislaz?
2771 3035 2961 3101 Quaere
3002 3033 3066 3087 de
3108 3034 3209 3086 hoc
3240 3033 3425 3100 prima:
3454 3031 3643 3101 synodi

377 3129 403 3178 ὁ
444 3124 688 3188 τοιοῦτος
724 3124 877 3197 μύρῳ
907 3126 1281 3198 χρισθήσεται,
1313 3126 1347 3198 ἢ
1389 3124 1950 3195 ἁναὸαπτισθήσεται,

2061 3142 2183 3183 can.
2212 3126 2277 3182 l9
2304 3137 2357 3180 et
2381 3135 2693 3180 sanctorum
2719 3122 3084 3193 apostolorum
3107 3136 3368 3175 canonem
3398 3122 3487 3175 ιγ.
3509 3119 3644 3173 Nota

376 3217 452 3279 ὡς
486 3218 537 3269 οἱ
570 3216 729 3270 λοποὶ
757 3219 1156 3285 Μοντανισταίς
1191 3220 1349 3288 Ζήτει
1405 3221 1533 3288 περὶ
1563 3218 1754 3271 τούτου
1785 3218 1882 3287 τῆς
1910 3214 1956 3268 α’

381 3309 602 3362 συνόδου
626 3312 826 3363 κανόνα
865 3310 929 3363 ιθ¹
970 3313 1065 3364 καὶ
1093 3312 1200 3364 τῶν
1227 3311 1398 3378 ἁγίων
1419 3311 1735 3364 ἀποστόλων
1759 3309 1962 3365 κανόνα

2060 3230 2238 3271 autem
2267 3234 2333 3272 ex
2367 3216 2615 3286 prmsenti
2644 3229 2873 3280 canone,
2905 3212 3050 3283 quod
3080 3226 3269 3266 omnes
3298 3227 3400 3265 una
3431 3213 3643 3266 demer-

2061 3311 2215 3364 sione
2248 3310 2512 3380 baptizati
2550 3308 2984 3377 rebaptizantur.

382 3400 487 3470 μζ.
537 3402 854 3471 Σημείωσαι
886 3402 946 3455 δὲ
986 3403 1097 3457 ἀπὸ
1139 3403 1235 3457 τοῦ
1286 3403 1553 3475 παρόντος
1593 3403 1816 3467 κανόνος
1863 3402 1946 3456 ὅτι
1974 3399 2174 3467 πάντες
2229 3404 2280 3457 oi
2355 3402 2746 3474 βαπτιζόμενοι
2821 3401 2901 3465 είς
2945 3398 3074 3470 μίαν
3149 3396 3439 3451 κατάδυσιν
3483 3396 3648 3453 πάλιν

382 3495 761 3565 βαπτίζονται.

449 3591 703 3645 ΖΩΝΔΡ..
751 3592 940 3651 Ὅπως
988 3591 1093 3662 χρὴ
1136 3589 1387 3662 δέχεσθαι
1434 3592 1561 3654 τοὺς
1596 3591 1654 3658 ἐξ
1693 3590 1958 3661 αἱρέσεων

386 3684 865 3757 προσερχομένους
904 3687 969 3755 τῇ
1004 3685 1138 3756 ὀρθῇ
1172 3685 1389 3749 πίστει,
1412 3674 1449 3737 ὁ
1495 3682 1686 3756 παρὼν
1718 3683 1962 3736 διδάσκει

389 3778 587 3834 κανών.
631 3777 774 3841 Τοὺς
822 3775 921 3846 μὲν
959 3776 1051 3830 οὖν
1103 3775 1309 3830 τούτων
1342 3777 1443 3829 οὐκ
1494 3772 1964 3837 ἀναὸαπτὶζεσθαι

392 3867 776 3927 διατάττεται,
814 3864 950 3918 ἀλλὰ
978 3864 1256 3927 λιόἐλλους
1295 3864 1675 3929 ἀπαιτεῖσθαι,
1713 3864 1965 3934 ἐγγραφα

404 3958 635 4026 δηλονότι
657 3957 758 4020 τὰς
779 3956 937 4022 δόξας
957 3956 1134 4009 αὐτῶν
1158 3956 1625 4025 ἀναθεματὶζοντα
1654 3955 1746 4008 καὶ
1776 3954 1964 4022 στηλι-

416 4048 629 4102 τεύοντα
658 4050 759 4117 τὴν
812 4048 1134 4113 κακοδοξίαν
1181 4049 1360 4102 αὐτῶν
1406 4050 1500 4102 καὶ
1539 4050 1720 4102 πᾶσαν
1750 4047 1966 4117 αἵρεσιν

414 4141 696 4211 ἀναθέματι
726 4141 1122 4196 ὑποϐάλλοντα.
1154 4141 1275 4195 Εἰσὶ
1294 4141 1349 4194 δὲ
1368 4134 1513 4195 οὗτοι
1552 4140 1846 4211 Ἀρειανοὶ,
1875 4140 1971 4193 καὶ

409 4232 810 4299 Μακεδονιανοὶ,
839 4232 932 4285 καὶ
962 4232 1316 4299 Ναυατιανοὶ,
1347 4235 1395 4286 οἱ
1424 4233 1651 4295 ἑαυτοὺς
1682 4231 1973 4300 Καθαροὺς

403 4328 754 4397 ὀνομάζοντες
774 4366 788 4392 ,
823 4320 898 4382 ὧν
926 4326 1024 4389 τὰς
1050 4325 1293 4397 αἱρέσεις
1322 4323 1810 4396 προδεδηλώκαμεν
1829 4362 1843 4387 ,
1876 4324 1973 4376 καὶ

400 4420 778 4487 Σαπατιανοὶ,
806 4414 879 4474 ὧν
906 4420 1148 4490 ἡγήσατο
1172 4417 1472 4480 Σαϐϐάτιός
1492 4434 1577 4480 τις
1601 4416 1970 4497 πρεσϐύτερος

396 4512 490 4582 τῆς
530 4514 800 4584 αἱρέσεως
831 4513 926 4568 τοῦ
964 4511 1217 4567 Ναυάτου
1248 4511 1498 4573 κάκεῖνος
1531 4507 1629 4574 ὢν,
1662 4507 1801 4577 ἔχων
1828 4507 1886 4560 δέ
1919 4526 1972 4561 τι

399 4609 491 4663 καὶ
522 4608 689 4661 πλέον
715 4607 956 4675 ἐκείνου,
986 4608 1082 4662 καὶ
1109 4606 1203 4661 τὸν
1230 4602 1552 4674 καθηγητὴν
1581 4601 1680 4671 τῆς
1712 4599 1977 4671 αἱρέσεως

400 4702 477 4761 είς
509 4698 713 4753 κακίαν
751 4700 940 4765 νικῶν,
979 4698 1074 4752 καὶ
1111 4699 1223 4761 τοῖς
1265 4694 1540 4759 Ἰουδαίοις
1576 4690 1976 4766 συνεορτάζων,

398 4791 492 4843 καὶ
517 4789 1206 4859 Τεσσαρεσκαιδεκατῖται,
1234 4786 1283 4840 οἳ
1315 4786 1377 4838 τὸ
1408 4787 1599 4855 Πάσχα
1630 4784 1978 4857 ἑορτάζουσιν

395 4886 496 4937 οὐκ
518 4886 577 4937 ὲν
600 4885 880 4954 Κυριακῇ,
912 4882 1025 4937 ἀλλ’
1052 4883 1141 4936 ὅτε
1162 4879 1787 4950 τεσσαρεσκαιδεκαταία
1816 4879 1851 4947 ἡ
1885 4894 1977 4930 σε·

397 4975 532 5048 λήνη
565 4978 833 5048 γένηται,
875 4978 933 5030 ὲν
960 4975 1047 5046 οἵᾳ
1078 4975 1144 5029 ἂν
1173 4968 1355 5045 ἡμέρᾳ
1383 4973 1522 5043 τύχῃ
1560 4971 1767 5041 ταύτην
1793 4971 1977 5041 πλήρη

402 5070 700 5134 γενέσθαν
765 5070 1083 5142 ἑορτάζουσι
1140 5067 1218 5135 δὲ,
1272 5068 1633 5139 νηστεύοντες
1688 5065 1833 5130 τότε,
1885 5063 1981 5117 καὶ

298 5166 301 5167 ⁷
403 5159 837 5231 ἀγρυπνοῦντες,
864 5160 960 5212 καὶ
980 5156 1499 5228 Ἀπολλιναριασταί
1522 5173 1533 5187 ο
1558 5155 1657 5209 οὐκ
1682 5152 1982 5209 ἀναὸαπτί-

405 5250 592 5314 ζονται
636 5245 730 5304 οὖν
759 5246 934 5315 οὗτοι,
973 5251 1055 5304 ὅτι
1085 5249 1213 5320 περὶ
1244 5250 1301 5302 τὸ
1338 5248 1490 5317 ἆγιον
1526 5247 1810 5319 βάπτισμα
1858 5245 1981 5299 κατ’

401 5323 561 5394 οὐδὲν
584 5340 718 5411 ἡμῖν
740 5340 1116 5412 διαφέρονται,
1143 5339 1257 5393 ἀλλ’
1298 5340 1495 5409 ἐπίσης
1538 5342 1651 5403 τοῖς
1680 5337 1983 5410 ὀρθοδόξοις

409 5431 790 5501 βαπτίζονται.
833 5429 1355 5502 Ἀναθεματίζοντες
1388 5422 1481 5483 οὖν
1515 5428 1747 5494 ἕκαστος
1777 5428 1876 5498 τὴν
1905 5430 1982 5481 οι-

405 5523 565 5578 κείαν
597 5520 812 5592 αἵρεσιν
848 5522 1032 5586 ίδικῶς
1051 5563 1066 5586 ,
1102 5523 1199 5576 καὶ
1231 5522 1412 5575 πᾶσαν
1439 5521 1497 5574 δὲ
1522 5521 1720 5584 κοινῶς
1746 5522 1982 5591 αἵρεσιν,

406 5614 658 5685 χρίονται
702 5613 782 5684 τῷ
823 5614 966 5685 ἁγίῳ
1014 5612 1197 5684 μύρῳ.
1249 5615 1346 5668 καὶ
1395 5613 1462 5668 τὰ
1511 5611 1645 5666 ἄλλα
1703 5611 1985 5665 τελοῦνται

410 5706 559 5759 κατά
596 5705 690 5759 τὸν
719 5705 942 5759 κανόνα.
967 5708 1029 5761 Oi
1056 5706 1114 5762 δὲ
1141 5704 1467 5776 Εὐνομιανοὶ
1498 5707 1594 5758 καὶ
1620 5702 1977 5757 Σαδελλιανοὶ

410 5789 491 5853 ὧν
522 5799 582 5855 αἱ
609 5796 853 5870 αἱρέσεις
884 5798 983 5871 ήδη
1003 5785 1140 5871 παρ’
1170 5800 1303 5871 ἡμῖν
1324 5796 1692 5870 ἑδηλώθησαν,
1720 5795 1814 5851 καὶ
1841 5796 1986 5852 Μω-

2139 3581 2394 3638 LONAR.
2434 3578 2807 3635 Redeuntihus
2832 3576 2899 3632 ad
2930 3584 3131 3631 rectam
3164 3574 3321 3629 fidem
3360 3572 3647 3628 haereticis.

2068 3691 2188 3745 qua:
2223 3689 2344 3728 cum
2390 3674 2470 3727 eis
2501 3671 2695 3740 agendi
2740 3669 2881 3724 ratio
2928 3671 3156 3723 tenenda
3193 3666 3285 3730 sit,
3314 3667 3415 3719 hoc
3445 3676 3651 3719 canone

2065 3742 2462 3836 praescribitur.
2496 3761 2646 3816 Alios
2694 3760 2919 3823 etenim,
2971 3773 3078 3812 non
3121 3757 3316 3811 iterato
3360 3756 3650 3825 baptismo,

2067 3858 2162 3914 sed
2204 3855 2416 3912 libellos
2451 3853 2824 3909 tantummodo
2856 3850 3197 3913 exhibentes,
3233 3849 3337 3903 hoc
3368 3857 3471 3911 est,
3511 3846 3650 3900 scri-

2070 3957 2189 4020 ptos
2216 3960 2247 4001 a
2273 3962 2329 4000 se
2356 3945 2655 4008 codicillos,
2686 3943 2881 4011 quibus
2903 3940 3187 4011 opiniones
3217 3952 3341 3992 suas
3367 3936 3651 3999 damnent,

2066 4051 2120 4096 et
2142 4052 2383 4094 errorem
2414 4050 2571 4090 suum
2606 4032 2829 4087 infamia
2870 4038 3077 4094 notent,
3110 4038 3164 4081 et
3199 4027 3504 4080 universam
3544 4024 3652 4077 ha:-

2075 4129 2241 4185 resim
2293 4133 2673 4187 exsecrentur,
2722 4122 2932 4176 admitti
2972 4120 3168 4189 placet.
3203 4116 3338 4172 Sunt
3376 4115 3426 4169 in
3453 4128 3518 4168 eo
3549 4129 3654 4168 nu—

2073 4234 2224 4274 mero
2261 4216 2472 4282 Ariani,
2511 4212 2988 4278 Macedonianique
3014 4220 3068 4264 et
3092 4208 3399 4268 Novatiani,
3424 4206 3531 4269 illi,
3560 4205 3654 4274 qui

2075 4324 2194 4366 sese
2225 4308 2493 4365 Catharos
2520 4305 2821 4368 nominant,
2850 4315 3198 4371 quorumque
3236 4299 3468 4353 haereses
3491 4312 3654 4363 supra

2077 4399 2476 4456 indicavimus:
2522 4404 2577 4452 et
2613 4393 2949 4460 Sabbatiani,
2977 4392 3176 4462 quibus
3204 4389 3421 4460 praefuit
3449 4388 3657 4442 Sabba-

1997 4479 2052 4539 D
2081 4492 2187 4545 tius
2219 4489 2436 4557 quidam
2471 4486 2757 4557 presbyter
2782 4484 2829 4539 is
2866 4497 3086 4552 quoque
3112 4496 3177 4535 ex
3212 4480 3405 4534 haeresi
3440 4478 3653 4543 Novati,

2079 4581 2172 4637 sed
2200 4581 2289 4649 qui
2338 4578 2538 4649 aliquid
2575 4587 2758 4631 tamen
2800 4576 2866 4630 ad
2900 4589 3019 4629 eam
3059 4572 3378 4634 addidisset,
3408 4582 3462 4625 et
3493 4570 3659 4640 magi-

2026 4710 2031 4715 -
2078 4682 2247 4730 strum
2272 4672 2535 4727 Novatum
2570 4668 2916 4737 improbitate
2949 4671 3290 4736 superasset,
3328 4662 3658 4731 festivosque

2080 4764 2194 4823 dies
2212 4778 2333 4820 cum
2359 4762 2561 4818 Iudaeis
2585 4760 2687 4816 coli
2716 4759 2895 4815 vellet.
2914 4758 3047 4813 Cum
3073 4759 3156 4812 his
3180 4754 3658 4822 Quartadecimanl

2079 4871 2297 4927 quoque
2329 4855 2419 4924 qui
2455 4853 2680 4907 Pascha:
2708 4849 2971 4905 solemnia
3007 4864 3111 4903 nou
3141 4848 3228 4902 die
3256 4845 3537 4901 Dominica
3563 4838 3660 4900 sed

2081 4946 2290 5000 decima
2321 4953 2514 5014 quarta
2545 4943 2693 5005 luna,
2728 4954 3053 5010 quocunque
3089 4939 3305 4992 tandem
3331 4937 3417 4991 die
3446 4936 3660 5006 plenam

2082 5035 2227 5090 illam
2261 5035 2379 5088 fieri
2423 5032 2744 5102 contigerit,
2792 5029 3017 5100 jejuniis
3057 5040 3235 5083 autem
3283 5036 3336 5081 et
3382 5023 3663 5095 pervigilio

2084 5133 2294 5179 noctem
2328 5124 2587 5178 ducentes
2614 5121 2728 5191 98
2754 5121 3033 5175 celebrant
3058 5128 3111 5175 et
3137 5117 3559 5196 Apollinaristze.
3581 5114 3662 5169 Ah

2085 5216 2170 5271 his
2196 5216 2359 5285 igitur
2393 5213 2731 5278 hominibus,
2767 5213 3024 5285 quoniam
3056 5213 3109 5267 in
3135 5227 3220 5277 ea,
3246 5226 3364 5279 quae
3393 5208 3461 5265 de
3491 5206 3661 5277 bapti-

2084 5326 2201 5367 smo
2231 5321 2333 5375 est,
2360 5310 2665 5380 disciplina,
2693 5307 2826 5363 nihil
2854 5324 2883 5363 a
2910 5309 3069 5365 nobis
3091 5307 3425 5376 discrepant,
3449 5304 3664 5361 eodem-

2083 5414 2187 5471 que
2229 5417 2474 5471 prorsus,
2519 5417 2628 5470 quo
2660 5399 2972 5465 orthodoxi,
3015 5400 3121 5454 ritu
3156 5398 3521 5468 baptizantur,
3568 5395 3669 5447 hae

2087 5495 2341 5566 ptismum
2377 5503 2663 5565 propterea
2703 5494 2873 5563 repeti
2904 5508 3010 5547 non
3050 5501 3284 5560 Oportet.
3324 5490 3464 5543 Suos
3497 5487 3663 5557 igitur

2086 5586 2384 5656 sigillatim,
2429 5595 2483 5639 et
2531 5585 2668 5639 alios
2719 5585 3017 5655 generatim
3059 5599 3122 5638 ac
3160 5584 3413 5637 universe
3451 5585 3664 5632 errore!

2088 5678 2359 5743 detestati,
2401 5692 2560 5733 sacro
2597 5676 2894 5731 chrismate
2928 5678 3278 5742 intinguntur,
3318 5670 3531 5740 aliaque
3572 5682 3665 5722 cae

2091 5784 2232 5827 none
2273 5768 2587 5842 praescripta
2623 5776 2901 5837 peragunt.
2952 5765 3270 5822 Eunomiaui
3304 5777 3434 5819 vero
3476 5769 3530 5816 ct
3567 5757 3666 5815 Sa-
