4078 6452
392 362 496 428 351

1653 360 1940 428 THEOD.
1984 365 2075 424 BA
2087 360 2392 424 LSAMON

3548 349 3656 414 352

391 480 664 552 meminit)
713 496 782 537 ne
821 479 1118 534 attenderis
1155 478 1223 533 iis
1259 487 1381 550 qua:
1431 480 1510 536 sic
1553 479 1756 550 scripta
1814 495 1958 533 sunt.

2082 477 2249 532 ιανὼν
2289 475 2462 530 ταῦτά
2511 489 2679 545 φησι·
2731 471 2798 525 σὺ
2828 472 2884 526 δὲ
2923 470 3199 541 εὑρίσκων
3239 468 3297 522 ἔν
3327 483 3469 521 τισιν
3499 467 3653 522 ἀντι-

385 572 715 628 (Ξωιοειὶηυε
741 573 887 627 enim
914 587 1048 642 papa
1079 571 1355 627 Romanus
1378 583 1495 627 erat
1521 571 1880 634 orthoduxus,
1905 581 1965 627 ut

383 666 637 734 superius
685 666 886 718 dictum
929 676 1034 729 est,
1073 664 1362 721 Caelestius
1405 677 1584 720 autem
1634 665 1773 720 idem
1820 665 1962 734 quod

388 755 668 809 Nestorius
700 754 959 818 sentiens,
994 754 1108 809 sive
1137 756 1445 810 haereticus.

2069 572 2308 642 γράφοις
2356 567 2582 636 σφάλμα
2631 565 2904 636 γραφικὴν
2939 564 3002 617 τὸ
3035 564 3164 633 περὶ
3200 561 3294 616 τοῦ
3326 561 3656 615 Κελεστενου

2073 665 2220 735 (ἀντὶ
2251 663 2361 733 γὰρ
2393 659 2688 715 Κελεστίου
2712 659 3039 712 Κελεστινου
3077 659 3351 728 μέμνηται
3389 655 3501 725 (80)
3528 656 3544 722 )
3577 653 3658 724 μὴ

2074 757 2359 824 προπσχῇς
2409 754 2522 816 τοῖς
2575 751 2718 804 οὕτω
2765 747 3200 818 γεγραμμένοις.
3248 748 3307 800 '0
3344 745 3452 816 γάρ
3485 744 3658 798 Κελε-

387 848 566 906 στϊνος
591 845 825 909 πάππος
905 839 975 915 ἦν
1037 845 1278 917 Ῥώμης,
1341 845 1646 918 ὀρθόδοξος,
1679 847 1754 912 ὡς
1805 844 2014 901 ἄνωθεν
2046 846 2300 916 εἴρηταιο
2363 846 2392 898 6
2434 846 2491 898 δέ
2549 841 2846 904 Κελέστιος
2893 838 3152 910 ὀμόφρων
3188 839 3284 892 τοῦ
3336 837 3658 908 Νεστορίουν

385 940 502 1010 ἦτοι
536 940 831 1010 αἰρετικὸς.

460 1030 712 1088 ZONAR.
751 1033 886 1089 Cum
919 1033 1114 1103 Ephesi
1147 1037 1386 1105 synodus
1416 1035 1783 1101 convenisset,
1814 1050 1876 1090 ac
1908 1033 1963 1088 in

388 1139 450 1179 ea
480 1127 708 1194 quaestio
731 1126 797 1180 de
823 1125 1062 1181 Nestorii
1093 1128 1370 1181 errorihus
1400 1127 1602 1196 agitata
1637 1138 1798 1188 esset,
1827 1140 1966 1196 prae-

386 1216 600 1271 sidente
659 1217 977 1304 orthodoxis
1042 1218 1201 1288 ιοο
1257 1217 1509 1272 Patrihus
1569 1217 1775 1288 Cyrillo
1822 1233 1964 1287 papa

387 1307 758 1362 Alexandrino
813 1307 983 1364 beatae
1051 1311 1363 1374 memoriae,
1426 1309 1704 1366 leestiui
1765 1310 1964 1364 veteris

389 1399 578 1454 Romae
623 1413 772 1469 papae
826 1401 1000 1456 locum
1055 1402 1218 1455 etiam
1271 1411 1508 1467 tenente,
1547 1403 1702 1470 eique
1747 1412 1966 1456 strenue

386 1504 608 1558 operam
672 1502 907 1545 uaVante
963 1491 1235 1560 Ephesin
1295 1493 1553 1560 episcopo
1613 1492 1902 1548 Memnone
1951 1511 1966 1548 :

389 1595 544 1635 nova:
588 1581 770 1636 Romae
817 1581 994 1650 hujus,
1039 1598 1102 1638 ac
1154 1583 1353 1653 regina:
1399 1584 1611 1638 urbium
1658 1583 1970 1654 patriarcha

393 1672 675 1726 Nestorius
707 1676 1124 1740 condemnatus,
1157 1689 1213 1731 et
1246 1685 1560 1730 sanctorum
1597 1676 1816 1731 Patrum
1847 1691 1972 1730 scn-

2143 1024 2390 1080 ΖΩΝΑΡ.
2423 1021 2547 1077 Τῶν
2577 1019 2740 1088 ἱερῶν
2770 1015 3035 1084 Πατέρων
3067 1009 3567 1082 συναθροισθέντων
3597 1011 3658 1063 έν

2083 1117 2320 1187 Ἐφέσῳ,
2355 1115 2450 1169 καὶ
2501 1113 2855 1183 συζητήσεως
2901 1103 3172 1174 περὶτῶν
3223 1102 3375 1173 παρὰ
3422 1100 3516 1155 τοῦ
3549 1101 3681 1166 Ns-j

2072 1208 2290 1279 στορίου
2325 1206 2702 1275 εἰσαγομένων
2747 1205 3060 1273 κακοδόεων
3117 1204 3409 1272 γεγονυίας
3451 1199 3660 1267 δογμά-

2070 1321 2204 1367 των,
2243 1300 2649 1372 προῖσταμένου
2697 1300 2806 1352 τῶν
2846 1299 3150 1370 ὀρθοδόξων
3182 1297 3443 1375 Πατέρων
3466 1292 3564 1346 τοῦ
3597 1293 3657 1344 ἐν

2075 1395 2253 1464 ἁγίοις
2320 1392 2594 1464 Κυρίλλου
2642 1393 2845 1446 πάππα
2899 1390 3329 1460 Ἀλεξανδρείας.
3397 1387 3663 1457 ἐπέχοντα

2074 1486 2133 1540 δέ
2161 1487 2256 1540 καὶ
2287 1484 2378 1538 τὸν
2417 1484 2582 1538 τόπον
2626 1482 2953 1536 Κελεστίνου
2984 1481 3079 1535 τοῦ
3130 1481 3331 1535 πάππα
3377 1479 3479 1547 τῆς
3529 1493 3665 1545 πρε-

2080 1577 2346 1645 σϐυτέρας
2369 1576 2612 1648 Ῥώμης,
2633 1575 3026 1647 συναιρομένου
3051 1573 3108 1627 δὲ
3131 1573 3208 1643 τῷ
3235 1571 3376 1642 ἁγίῳ
3405 1568 3663 1640 Κυρῐλλῳ

2080 1671 2176 1724 καὶ
2218 1670 2506 1739 Μέμνονος
2550 1667 2855 1721 ἐπισκόπου
2917 1666 3148 1736 Ἑφέσου
3173 1681 3186 1696 ·
3227 1661 3600 1730 κατεδικάσθη
3631 1659 3660 1712 6

390 1765 560 1818 tentia
593 1767 866 1832 depositus
895 1767 1012 1822 fuit.
1050 1766 1158 1822 Sed
1192 1782 1312 1822 cum
1348 1769 1509 1822 trium
1537 1777 1720 1836 postea
1755 1768 1966 1822 dierum

2082 1761 2369 1832 Νεστόριος
2400 1759 2748 1829 πατριάρχης
2785 1758 2861 1810 ὢν
2896 1757 2995 1828 τῆς
3023 1757 3151 1817 νέας
3193 1755 3416 1824 Ῥώμης
3453 1751 3662 1822 ταύτης

395 1856 679 1910 iuterVallo
714 1855 954 1913 Joannes
999 1858 1370 1915 Autiocheuus
1402 1861 1738 1928 patriarcha,
1778 1876 1973 1930 magno

391 1949 768 2017 episcOporum
810 1950 1074 2004 comitatu
1099 1993 1114 2016 ,
1161 1954 1358 2020 quibus
1393 1951 1768 2007 Theodoretus
1799 1952 1973 2024 Cyro-

392 2041 662 2110 politanus
717 2051 771 2096 et
823 2043 945 2097 lbas
998 2043 1305 2100 Edessenus
1364 2045 1631 2100 antistites
1681 2056 1970 2114 praeerant,

393 2131 674 2197 adfuisset,
725 2135 868 2203 quod
919 2138 1188 2192 adventus
1248 2137 1462 2190 illorum
1517 2153 1545 2191 a
1595 2139 1800 2208 syuolo
1859 2155 1966 2192 non

393 2233 744 2290 exspectatus
781 2223 916 2291 fuit,
955 2225 1191 2290 irritati,
1227 2237 1281 2280 et
1314 2227 1549 2282 Nestorii
1583 2229 1974 2296 depositiouem

396 2315 730 2379 rescindere,
790 2327 843 2372 et
898 2327 1152 2382 sanctos,
1211 2319 1470 2389 Cyrillum
1521 2331 1577 2374 et
1631 2319 1970 2374 Memnonem

395 2411 730 2479 Ephesinum
776 2414 1014 2468 vicissim
1065 2431 1220 2484 pmna
1257 2416 1611 2485 depositionis
1643 2415 1852 2470 allicere
1885 2433 1978 2470 co-

393 2501 505 2555 nati
538 2512 684 2556 sunt.
715 2503 792 2557 Ac
818 2502 1189 2576 Theodoretus
1211 2506 1428 2576 quidem
1459 2507 1634 2574 capita
1665 2507 1974 2570 duodecim,

395 2607 426 2646 a
467 2608 662 2663 magno
705 2594 930 2665 Cyrillo,
977 2598 1041 2648 ad
1086 2597 1442 2653 conl‘utaudos
1482 2598 1717 2654 NeStorii
1761 2617 1976 2655 errores

396 2681 670 2752 ﬁdemque
717 2685 1098 2741 stabilieudam
1136 2686 1376 2757 vulgata,
1411 2689 1632 2744 totidem
1668 2691 1782 2758 ipse
1822 2692 1886 2744 ad
1913 2707 1974 2745 ea

394 2777 792 2844 labefactanda,
837 2795 902 2835 ac
932 2783 1223 2835 evertenda
1273 2783 1551 2853 capitibus
1585 2785 1746 2838 editis
1800 2800 1975 2854 Oppu-

393 2869 603 2938 gnavit.
644 2869 812 2935 Idem,
862 2871 981 2926 lhas
1033 2887 1271 2941 quoque,
1307 2873 1508 2930 emissa
1553 2875 1805 2942 epistola,
1840 2892 1977 2945 pra:-

397 2960 574 3026 stitit;
596 2962 800 3030 diuque
825 2961 1169 3016 discordibus
1191 2964 1387 3016 animis
1407 2965 1664 3034 utrinque
1687 2950 1974 3033 certatum,

396 3051 570 3106 donec
593 3067 622 3106 a
653 3054 858 3123 synodo
887 3055 936 3106 in
971 3069 1064 3110 eos
1091 3055 1386 3122 antistites,
1417 3056 1754 3113 Nestorianis
1781 3059 1978 3127 quippe

396 3142 674 3197 erroribus
710 3146 848 3197 haud
879 3145 1038 3199 dubie
1087 3145 1410 3215 implicates,
1441 3147 1775 3216 depositione
1807 3149 1984 3202 anim-

396 3232 710 3287 adversum.
751 3233 844 3287 Hae
887 3249 1062 3290 causa:
1099 3235 1306 3291 scilicet
1361 3236 1517 3302 hujus
1569 3239 1798 3293 canonis
1847 3255 1981 3294 con-

396 3325 680 3390 stitucndi,
713 3342 819 3395 quo
851 3329 1252 3394 provinciarum
1280 3331 1567 3399 episcopis,
1597 3331 1688 3400 qui
1721 3347 1746 3383 a
1778 3334 1984 3402 synodo

401 3416 719 3480 ahl'ueraut,
780 3417 1106 3474 Autiocheni
1173 3423 1535 3490 patriarchae,
1601 3425 1984 3493 sociorumque

399 3510 594 3580 synodi
625 3511 952 3566 auctoritate
978 3514 1274 3568 constituta
1304 3515 1579 3570 damnatio
1611 3516 1982 3584 signiﬁcatur;

404 3601 868 3672 Nestorianosque
910 3605 994 3659 vel
1035 3605 1128 3673 qui
1159 3604 1269 3670 jam
1302 3615 1510 3672 essent,
1549 3607 1632 3660 vel
1663 3609 1752 3676 qui
1800 3618 1982 3678 postea

401 3698 569 3752 futuri
603 3709 784 3753 essent
818 3699 1114 3764 antistites,
1139 3700 1262 3769 jure
1291 3699 1439 3754 omni
1472 3700 1537 3753 de
1566 3701 1834 3770 episcopis
1862 3705 1986 3771 qui-

405 3790 740 3859 huscuuque,
775 3803 868 3845 aut
900 3791 1055 3847 laicis
1089 3790 1367 3861 quidpiam
1399 3793 1690 3860 statuendi,
1727 3794 1985 3862 spoliatos

398 3897 524 3938 esse
560 3873 892 3939 decernitur.

402 4147 629 4204 MUST.
675 4148 735 4203 Si
769 4150 1225 4218 ntelropolilanus,
1258 4155 1441 4208 relicta
1471 4155 1674 4224 synodo
1707 4155 1984 4213 leeslino

690 4245 911 4298 adlta'sit
932 4245 1006 4299 vel
1028 4247 1330 4311 ad/twserit,
1366 4249 1700 4315 rejiriendus.

1027 4424 1254 4480 CANON
1296 4427 1362 4480 ll.

2077 1856 2174 1910 καὶ
2228 1853 2500 1925 βασιλίδος
2549 1852 2660 1906 τῶν
2710 1851 2940 1914 πόλεων,
2978 1851 3073 1903 καὶ
3125 1851 3292 1920 ψήφῳ
3330 1849 3440 1901 τῶν
3494 1847 3659 1917 ἱερῶν

2077 1947 2339 2017 Πατέρων
2388 1944 2690 2017 καθῄρητο.
2728 1945 2885 1998 Μετὰ
2933 1944 2988 1996 δὲ
3029 1945 3180 2013 τρεῖς
3225 1941 3439 2012 ἡμέρας
3473 1944 3499 1994 6
3541 1941 3665 1994 Ἀν-

2075 2039 2314 2108 τιοχειας
2345 2038 2696 2109 πατριάρχης
2731 2037 3006 2106 Ἰωάννης,
3028 2037 3258 2095 ἐπιστάς
3295 2033 3392 2085 σὺν
3417 2034 3661 2085 πλείοσιν

2078 2131 2424 2196 ἐπισκόποις,
2483 2125 2560 2185 ὧν
2607 2129 2944 2200 προεξῆρχον
2991 2130 3019 2180 6
3072 2128 3256 2198 Κύρου
3303 2129 3512 2190 πόλεως
3538 2129 3670 2180 Θεο-

2075 2225 2318 2296 δὼρητος
2349 2227 2446 2279 καὶ
2467 2224 2619 2288 Ἴδας
2644 2223 2925 2291 Ἐδέσσης,
2944 2220 3281 2290 λυπηθέντες
3303 2219 3385 2272 ὅτι
3419 2219 3538 2289 οὐχὶ
3569 2219 3669 2274 καὶ

2077 2320 2175 2387 τὴν
2205 2318 2386 2370 αὐτῶν
2437 2316 2650 2370 ἐλευσιν
2705 2317 2754 2369 οἱ
2805 2316 2907 2384 τῆς
2967 2314 3188 2368 συνόδου
3246 2313 3561 2381 ἀνέμειναν,
3601 2315 3666 2382 τῇ

2077 2412 2402 2482 καθαιρέσει
2461 2428 2520 2464 τε
2557 2409 2666 2477 Δτοῦ
2708 2408 3014 2480 Νεστορέου
3059 2407 3398 2479 ἐμέμψαντο,
3433 2408 3530 2461 καὶ
3576 2407 3669 2458 τὸν

2077 2505 2236 2573 ἆγιον
2299 2503 2569 2571 Κύριλλον
2643 2503 2736 2554 τόν
2800 2519 2862 2554 τε
2929 2500 3162 2567 Ἐφέσου
3243 2499 3504 2570 Μέμνονα
3562 2497 3668 2552 ὑπὸ

2078 2597 2402 2668 καθαίρεσιν
2443 2597 2791 2666 ἐποιήσαντο.
2849 2595 2906 2647 ’0
2944 2595 3128 2664 μέντοι
3176 2593 3523 2662 Θεοδώρητος
3564 2591 3661 2644 καὶ

2079 2691 2220 2744 κατὰ
2278 2689 2390 2742 τῶν
2458 2688 2668 2741 δώδεκα
2721 2687 3066 2756 κεφαλαίων,
3108 2686 3144 2740 ὃ.
3180 2689 3206 2740 6
3242 2686 3414 2756 μέγας
3453 2685 3668 2749 ἐξέθετο

2081 2781 2351 2852 Κύριλ).ος
2397 2781 2477 2843 εἰς
2531 2781 2756 2850 ἔλεγχον
2803 2780 2902 2849 τῆς
2957 2779 3278 2845 κακοδοξίας
3330 2779 3426 2830 τοῦ
3463 2778 3670 2831 Νεστο-

2079 2874 2221 2943 ρίου.
2260 2873 2563 2944 στηριγμδν
2593 2873 2648 2926 δὲ
2686 2874 2784 2942 τῆς
2829 2871 3112 2943 ὀρθοδόξου
3155 2872 3412 2935 πίστεως,
3449 2869 3663 2924 δώδεκα

2079 2967 2353 3035 κεφάλαια
2380 2968 2545 3036 ἕτερα
2575 2965 2873 3019 ἐκδέδωκεν
2916 2961 3000 3028 εἰς
3047 2963 3362 3033 ἀνατροπὴν
3407 2966 3504 3016 καὶ
3535 2963 3664 3014 ἀνα-

2089 3061 2292 3129 σκευὴν
2353 3061 2600 3113 ἐκείνων.
2657 3058 2770 3112 Καὶ
2825 3060 2854 3111 6
2919 3057 3076 3119 Ἴδας
3127 3056 3328 3127 ὁμοίως
3377 3056 3671 3128 ἐπιστολὴν

2091 3151 2414 3220 ἐποιήσατο.
2449 3149 2560 3203 Καὶ
2595 3150 2759 3219 μέσον
2793 3147 2973 3204 αὐτῶν
3001 3146 3238 3216 διαφορά
3272 3145 3486 3215 μεγάλη
3515 3145 3666 3215 γέγο-

2085 3261 2198 3309 νεν,
2227 3243 2304 3306 ὡς
2339 3243 2434 3298 καὶ
2469 3242 2797 3313 καθαιρέσει
2831 3242 2985 3309 παρὰ
3015 3242 3121 3293 τῶν
3150 3240 3250 3308 τῆς
3281 3239 3503 3292 συνόδου
3539 3238 3669 3300 τοὺς

2084 3335 2361 3404 ἀρχιερεῖς
2400 3334 2644 3395 ἐκείνους
2676 3325 3182 3402 ὑποόληθῆναι,οἷα
3213 3333 3326 3392 τοῖς
3361 3329 3664 3399 Νεστορίου

2088 3427 2502 3496 στοιχήσαντας.
2537 3423 2638 3476 Διὰ
2662 3421 2840 3476 ταῦτα
2874 3423 3054 3476 τοίνυν
3081 3423 3176 3476 καὶ
3209 3424 3236 3475 ὁ
3269 3421 3461 3491 παρὼν
3487 3420 3670 3473 κανὼν

2090 3517 2331 3588 ἐξετέθη,
2369 3517 2638 3569 διδάσκων
2689 3515 2817 3577 τοὺς
2876 3516 2949 3585 μὴ
2989 3517 3053 3584 τῇ
3104 3514 3309 3584 συνόδῳ
3360 3513 3669 3581 παρουσιά·

2091 3628 2294 3674 σαντας
2333 3611 2442 3663 τῶν
2485 3610 2770 3679 ἐπαρχιῶν
2815 3609 3156 3670 ἐπισκόπους
3195 3605 3296 3676 τὴν
3325 3605 3420 3658 τοῦ
3466 3606 3666 3659 Ἀντιο-

2089 3702 2243 3772 χείας
2275 3701 2369 3753 καὶ
2402 3701 2510 3753 τῶν
2550 3698 2728 3752 ἄλλων
2781 3697 3070 3766 συνοδικὴν
3101 3696 3428 3764 καταδίκην,
3473 3696 3567 3748 καὶ
3595 3695 3667 3757 ὡς

2089 3793 2151 3846 οὐ
2195 3792 2302 3863 χρὴ
2347 3793 2762 3863 άρχιερατικοῖς
2805 3789 3128 3862 προνομίοις
3181 3789 3508 3858 χρωμένους
3558 3789 3669 3841 δια-

2090 3885 2431 3956 πράττεσθαι
2453 3903 2505 3938 τι
2533 3885 2674 3939 κατὶ
2702 3883 3024 3936 ἐπισκόπων
3070 3883 3102 3951 ἧ
3135 3881 3362 3941 λαῖκῶν,
3389 3881 3513 3934 οὔτε
3547 3882 3671 3945 τοὺς

2089 3977 2158 4030 τὰ
2196 3977 2496 4048 Νεστορίου
2541 3976 2944 4047 φρονήσαντας,
2982 3973 3108 4028 οὔτε
3143 3975 3252 4044 μὴν
3301 3974 3428 4037 τοὺς
3475 3977 3671 4046 φρονήο

2093 4086 2306 4132 σοντας.

2089 4159 2314 4215 ΑΡΙΣΤ.
2389 4159 2530 4213 Ἐὰν
2610 4159 2999 4227 ἀπολειφθεὶς
3053 4157 3168 4229 (81)
3226 4157 3339 4226 τῆς
3398 4158 3670 4214 συνόδου

2155 4253 2606 4320 μητροπολίτης
2631 4251 3068 4318 τῷξιίελεστίνῳ
3097 4249 3444 4319 ἁντέχηται,
3468 4252 3506 4320 ἢ
3531 4252 3671 4306 dre-

2160 4341 2390 4408 ἐξηται,
2422 4341 2786 4407 ἀπόϐλητος.

2703 4432 2946 4485 ΚΑΝΩΝ
2983 4433 3057 4486 B'.

401 4513 468 4569 Si
492 4525 669 4569 autem
694 4517 1297 4586 nonnulliprooinciales
1318 4521 1545 4589 episcopi
1569 4532 1765 4576 sancta:
1787 4526 1976 4592 synodo

2089 4528 2157 4580 El
2184 4525 2252 4579 δέ
2276 4543 2436 4592 τινες
2465 4525 2826 4594 ἐπαρχιῶται
2851 4527 3180 4582 ἐπίσκοποι
3211 4527 3670 4597 ἀπελείφθησαν

477 4624 578 4660 non
609 4606 961 4674 interfuerunt
993 4619 1040 4662 et
1074 4611 1353 4676 apostasia:
1383 4623 1738 4679 accesserunt,
1772 4614 1848 4668 vel
1888 4631 1978 4668 ac-

477 4703 656 4755 cedere
685 4703 860 4756 conau‘
891 4703 1125 4770 fuerunt,
1158 4705 1236 4758 vel
1276 4721 1390 4758 cum
1431 4706 1587 4758 etiam
1636 4705 1867 4764 Nestorii
1889 4713 1980 4764 de-

476 4795 730 4863 positioui
760 4795 1210 4865 subscripsissenl,
1246 4799 1316 4851 ad
1355 4804 1638 4869 apostasia:
1683 4819 1982 4857 consessum

2155 4619 2266 4687 τῆς
2287 4621 2461 4690 ἁγίας
2488 4619 2783 4692 συνόδου,
2818 4619 2918 4674 καὶ
2961 4621 3038 4690 τῇ
3095 4621 3442 4688 ἀποστασία
3481 4635 3672 4689 προσ-

2153 4711 2476 4778 ετέθησαν,
2533 4710 2572 4778 ἢ
2604 4709 3006 4778 προστεθῆναι
3053 4710 3411 4778 πειραθεῖεν,
3474 4709 3512 4778 ἢ
3571 4711 3672 4764 καὶ

2153 4802 2626 4871 ﬂammati-arrec-
2678 4799 2754 4870 τῇ
2798 4800 2905 4855 τοῦ
2944 4802 3276 4869 Νεστορίου
3327 4800 3672 4868 καθαιρέσει

1589 4916 1795 4978 Guill.
1846 4918 2178 4997 Beveregii
2215 4924 2413 4980 notae.

479 5011 610 5088 (80_)_
637 5011 804 5088 ’Arﬂ
839 5012 950 5088 γὰρ
976 5016 1316 5088 Κελεστίου
1352 5020 1723 5072 Κελεστίνου
1752 5020 1984 5088 μέμνη-

406 5082 649 5157 rm._$i_c
679 5084 893 5157 quidem
929 5085 1145 5140 Alexius
1173 5089 1487 5154 Aristonus,
1521 5090 1588 5143 ad
1621 5082 1783 5157 quem
1822 5082 1984 5144 forsi-

407 5161 500 5230 tan
536 5153 817 5206 Balsamon
842 5153 929 5208 hic
958 5157 1198 5230 r_cs_pieit,
1225 5153 1536 5230 in_.epitome
1571 5153 1729 5230 hujus
1757 5161 1983 5216 canonis

404 5223 799 5298 subsequente,
835 5240 929 5298 pro
960 5224 1217 5298 Celestio,
1251 5223 1582 5283 Celestiuum
1623 5223 1768 5298 legit.
1836 5233 1978 5284 Idem

406 5295 662 5368 tuendum
709 5294 968 5368 _etiatn_in
1019 5295 1283 5368 Gennadii
1339 5300 1644 5368 catalogum
1677 5294 1981 5354 illustrium

407 5363 652 5440 virorum
708 5363 963 5440 irrepsit,
1001 5366 1091 5420 ubi
1123 5367 1342 5432 dicitur,
1377 5363 1671 5424 Celes'tinus
1705 5378 1988 5440 antequam

407 5433 478 5485 ad
542 5431 834 5502 Pelagium'
874 5450 1224 5500 concurreret,
1268 5431 1372 5492 imo
1433 5439 1606 5492 adhuc
1663 5431 1988 5503 adolescens,

406 5504 618 5574 scripsit
642 5505 713 5556 ad
751 5514 997 5574 parentes
1033 5523 1154 5559 suos
1193 5508 1256 5560 de
1286 5510 1605 5562 monasterio
1647 5509 1894 5574 epistolas
1925 5511 1979 5563 in

406 5573 624 5626 modum
683 5573 979 5629 libellorum
1021 5585 1149 5630 tres.
1202 5576 1318 5630 Non
1352 5580 1496 5633 enim
1528 5573 1834 5633 Celestinus
1885 5580 1979 5634 sed

407 5641 676 5714 Celestius
707 5645 772 5698 ad
806 5644 1079 5714 Pelagium
1118 5649 1420 5702 concurrit.
1450 5646 1753 5705 Celestiuus
1797 5661 1981 5704 autem

407 5710 751 5784 orthodoxus
787 5715 888 5768 fuit
919 5710 1104 5769 Romae
1133 5716 1420 5784 cpiscopus
1443 5757 1458 5781 ,
1489 5719 1788 5775 acerrimus
1824 5720 1984 5774 Cele-

411 5780 504 5833 stii
535 5791 591 5834 et
622 5781 820 5852 Pelagii
851 5780 1180 5840 sectatorum
1224 5780 1587 5858 antagouista.
1639 5787 1771 5844 Vide
1816 5792 1980 5845 etiam

2082 5020 2463 5074 annotationes
2499 5018 2549 5072 in
2583 5027 2839 5087 quartum
2868 5017 3026 5080 huius
3055 5019 3272 5073 concilii
3302 5031 3590 5072 canonem.

2154 5091 2265 5158 (8|)
2311 5089 2453 5143 Ἐὰν
2483 5089 2896 5156 ἀπολειφθείς.
2931 5089 3150 5144 Simeon
3205 5087 3501 5158 Logotheta
3536 5088 3674 5146 hanc

2084 5157 2314 5229 canonis
2342 5157 2614 5229 epitomen
2640 5159 2719 5229 sic
2743 5159 2892 5227 legit,
2930 5161 3057 5213 Ἐὰν
3091 5157 3448 5229 ἀπολειφθεὶς
3471 5159 3516 5229 6
3566 5176 3674 5229 μη-

2083 5225 2422 5298 τροπολῐτης
2441 5228 2552 5282 τῶν
2593 5225 2918 5282 Κελεστίνου
2940 5230 3256 5298 ἀντέχηται,
3287 5228 3320 5298 ἢ
3353 5225 3673 5298 ἀνθέξηταὶ,

2084 5291 2422 5368 ἀπόϐλητος,
2451 5299 2543 5352 καὶ
2575 5297 2637 5350 τὸ
2661 5298 2788 5367 έξῆς
2825 5291 3168 5369 ἀδιοίκητοςῖ,
3213 5297 3273 5353 Si
3307 5291 3673 5367 metropo'lilal

2087 5387 2206 5434 nus,
2239 5369 2426 5422 relicta
2456 5369 2680 5438 synodo,
2712 5369 2961 5423 Celestini
3014 5369 3364 5423 sectatoribus
3408 5370 3669 5430 adha’rnt,

2093 5438 2172 5493 vel
2204 5441 2510 5508 adha’serit.
2543 5439 2884 5508 rejiciendus,
2929 5455 2991 5492 ac
3025 5441 3269 5508 deinceps
3319 5440 3384 5492 ab
3435 5439 3670 5493 admini-

2089 5512 2354 5564 stratione
2392 5507 2648 5564 Ecclesia:
2690 5510 3029 5562 removendus
3072 5519 3173 5564 est.
3217 5510 3317 5565 Ubi
3353 5511 3538 5564 ultima
3575 5508 3665 5562 illa

2087 5580 2251 5634 verba
2290 5579 2383 5631 καὶ
2423 5580 2483 5632 τὸ
2527 5580 2655 5648 ἑξῆς
2686 5579 3017 5649 ἀδιοίκητος,
3062 5581 3116 5634 in
3162 5581 3400 5634 Arisleni
3436 5581 3673 5645 epitome

2091 5650 2422 5712 desiderata,
2459 5649 2527 5703 ad
2558 5650 2785 5718 plenum,
2826 5649 3051 5705 canonis
3091 5665 3310 5706 sensum
3353 5650 3672 5718 exprimen-

2092 5721 2220 5772 dum
2255 5727 2402 5772 recte
2425 5717 2714 5773 adduntur.
2747 5717 2846 5774 Hic
2867 5721 3030 5773 etiam
3058 5723 3312 5775 advertas
3341 5733 3534 5772 nomen
3563 5719 3672 5774 Ks-

2091 5789 2335 5843 λεστινον
2359 5803 2455 5858 pro
2489 5789 2782 5844 Κελεστιου
2816 5791 3068 5848 mendose
3095 5791 3354 5862 scriptum
3388 5802 3525 5844 esse.
