4078 6452
344 322 459 387 353

1430 323 1509 383 1N
1539 322 1702 382 CAN.
1742 322 1835 381 IlI
1874 321 2086 385 conc.
2130 290 2407 386 ιιινιιιις.Δ
2444 325 2555 388 ιιι.

3507 333 3613 398 354

418 432 957 502 ἐπαλινδρόμησαν
1023 432 1175 501 πρὸς
1230 432 1298 486 τὸ
1374 431 1488 501 τῆς
1542 433 1924 498 ἀποστασίας

2110 447 2465 500 recurrerunt,
2500 437 2540 489 ii
2570 438 2813 505 omnino,
2862 445 2920 493 ut
2959 452 3157 497 sancta!
3196 442 3394 513 synodo
3443 444 3612 499 visunt

420 525 745 593 συνέδριον
773 542 786 557 ο
833 527 1081 591 τούτου(⁵
1118 526 1316 591 πάντη
1348 528 1501 580 κατὰ
1537 526 1605 579 τὸ
1633 525 1822 587 δόξαν
1854 524 1933 593 τῇ

423 618 562 688 ἁγίᾳ
598 616 840 681 συνόδῳ
859 617 1222 685 ἀλλοτρίους
1254 614 1408 672 εἶναι
1448 616 1561 685 τῆς
1594 617 1929 684 ἱερωσύνης

426 710 523 763 καί
559 708 667 762 τοῦ
692 709 934 776 ,βαθμοῦ
964 710 1301 763 ἐκπίπτειν.

424 800 623 853 ΒΛΛΣ.
654 797 736 849 Τὰ
765 798 858 849 τοῦ
890 798 1158 867 παρόντος
1182 797 1227 867 β’
1246 796 1472 858 κανόνος
1502 794 1931 866 ήρμηνεύθησαν

353 896 412 947 ὲν
440 893 518 962 τῷ
541 897 589 944 α’
617 889 825 955 κανόνι,
849 889 924 952 ὡς
954 890 1021 943 τὰ
1054 888 1194 941 αὐτὰ
1224 886 1421 957 ἐκείνῳ
1444 885 1932 955 διαλαμϐάνοντος.

355 982 689 1055 Προστίθησι
743 980 802 1033 δὲ
851 975 1006 1043 οὗτος
1056 979 1480 1053 καθῃρημένους
1512 977 1653 1032 εἶναι
1682 972 1932 1041 καὶτοὺς

356 1076 781 1144 ὕπογράψαντας
815 1073 914 1142 μὲν
939 1074 997 1126 ὲν
1024 1074 1089 1142 τῇ
1118 1072 1440 1142 καθαιρέσει
1474 1071 1570 1124 τοῦ
1595 1070 1923 1141 Νεστορίου,

354 1168 585 1238 ὕστερον
638 1167 695 1219 δὲ
758 1165 1158 1236 προστεθέντας
1210 1164 1288 1234 τῷ
1343 1164 1501 1235 μέρει
1546 1163 1641 1216 τοῦ
1682 1162 1928 1237 ’ῐωᾲννου

364 1262 717 1332 Ἀντιοχείας.
755 1261 878 1314 Ὀτι
906 1260 963 1312 δὲ
987 1260 1015 1311 ὀ
1046 1258 1226 1313 κανὼν
1262 1261 1319 1312 ὲν
1360 1258 1441 1327 τῷ
1469 1258 1616 1311 τέλει
1652 1258 1930 1328 μέμνηται

354 1353 765 1425 ἀλλοτριώσεως
817 1352 1122 1424 ἱερωσύνης
1167 1353 1263 1406 καὶ
1317 1353 1645 1415 ἐκπτώσεως
1693 1350 1927 1422 βαθμοῦ,

353 1448 475 1500 sine
508 1446 950 1516 ὲκλαμὸἀνεσθαι
976 1446 1077 1515 τὴν
1113 1445 1213 1514 μὲν
1244 1445 1605 1514 ἀλλοτρίωσιν
1646 1444 1746 1513 τῆς
1772 1445 1931 1513 ἱερωφ

354 1539 525 1606 σύνης
553 1538 633 1601 είς
684 1537 810 1599 τοὺς
866 1535 1224 1599 ἐπισκόπους,
1257 1538 1357 1605 τὴν
1409 1536 1465 1588 δὲ
1519 1534 1794 1587 ἔκπτωσιν
1832 1532 1927 1585 τοῦ

354 1628 569 1699 βαθμοῦ
622 1629 702 1691 είς
756 1627 852 1690 οὒς
909 1627 1115 1695 κυρίως
1171 1629 1219 1680 οί
1258 1627 1457 1697 βαθμοὶ
1510 1624 1928 1695 ὲξελήφθησαν⁸

2104 537 2204 591 est,
2240 531 2343 583 sint
2377 544 2409 581 a
2440 529 2733 583 sacerdotio
2764 530 2951 598 alieni,
2981 544 3028 587 et
3047 536 3217 604 gradu
3246 537 3515 592 excidant.

2106 798 2302 854 BALS.
2344 797 2442 856 Hic
2482 816 2652 855 canon
2686 804 2958 858 secundus
2998 809 3052 859 in
3081 808 3254 875 primo
3287 825 3494 865 canone
3528 824 3611 867 est

2036 897 2334 959 expositus,
2363 901 2420 944 ut
2448 893 2537 961 qui
2570 893 2757 947 eadem
2784 909 2905 947 cum
2939 895 3030 948 illo
3059 906 3274 953 tractet.
3304 901 3401 953 llic
3426 910 3607 954 autem

2033 980 2300 1049 adiungit,
2334 997 2430 1036 eos
2470 984 2631 1036 etiam
2670 998 2791 1039 esse
2839 985 3129 1052 depositos,
3159 990 3247 1056 qui
3290 991 3340 1042 in
3377 990 3606 1045 Nestorii

2035 1076 2253 1143 quidem
2289 1077 2623 1144 depositione
2667 1078 3141 1149 subscripserunt,
3177 1082 3399 1140 Joannis
3428 1096 3605 1141 autem

2035 1163 2355 1219 Antiocheni
2382 1166 2519 1233 parti
2546 1175 2727 1235 postea
2752 1180 3118 1225 accesserunt.
3139 1171 3404 1235 Quoniam
3428 1187 3608 1229 autem

2043 1270 2282 1324 praascns
2312 1272 2484 1312 canon
2516 1258 2567 1311 in
2599 1258 2700 1314 line
2732 1261 2976 1314 meminit
3002 1262 3340 1319 alienationis
3363 1281 3390 1318 a
3423 1281 3609 1321 sacer-

2034 1346 2203 1410 dotio,
2240 1355 2293 1400 et
2328 1362 2486 1402 casus
2517 1362 2545 1400 a
2592 1350 2783 1417 gradu,
2819 1350 2905 1404 dic
2944 1351 3015 1404 ita
3056 1352 3224 1421 accipi
3262 1364 3317 1406 ut
3347 1354 3610 1409 alienetur

2033 1439 2247 1507 quidem
2278 1454 2305 1491 a
2330 1441 2636 1496 sacerdotio
2666 1443 2972 1513 episc0pus,
3003 1460 3030 1496 a
3061 1448 3228 1513 gradu
3254 1455 3433 1501 autem
3458 1449 3609 1502 exci-

1989 1570 2000 1579 .
2031 1528 2163 1584 dant
2212 1530 2419 1592 clerici,
2453 1533 2504 1584 in
2536 1533 2733 1601 quibus
2765 1536 2980 1604 proprie
3026 1538 3227 1605 gradus
3270 1548 3555 1593 sumuntur
3591 1557 3606 1595 :

2032 1622 2104 1676 ita
2140 1630 2198 1675 ut
2224 1623 2404 1678 clerici
2440 1624 2659 1694 quidem
2701 1627 2765 1679 ad
2796 1637 3004 1694 partem
3045 1643 3228 1682 eorum
3265 1630 3355 1699 qui
3387 1630 3609 1684 defece-

353 1721 495 1775 ὥστε
523 1721 762 1781 καὶτοὺς
786 1718 1187 1789 προστεθέντας
1212 1718 1506 1789 κληρικοὺς
1530 1717 1608 1787 τῷ
1642 1717 1797 1788 μέρει
1819 1716 1924 1767 τῶν

2036 1704 2179 1766 τιιιιι
2203 1715 2687 1785 quomodocunque
2719 1717 3063 1783 accedentes,
3093 1719 3200 1773 sint
3239 1720 3489 1789 depositi.
3522 1721 3607 1774 lu-

353 1780 846 1876 ἀποστατησάντων
894 1780 1247 1875 ὁπωσδήποτε
1298 1780 1726 1876 καθῃρημένους.
1766 1800 1924 1859 εἶναι.

2040 1803 2194 1858 terim
2230 1816 2409 1859 autem
2452 1822 2625 1863 canon
2660 1808 2871 1877 primus
2913 1808 3138 1877 loquens
3171 1811 3223 1863 in
3264 1810 3376 1867 ﬁne
3405 1813 3469 1866 de
3496 1812 3613 1881 epi-

352 1900 507 1961 Τέως
554 1897 611 1950 δὲ
662 1898 691 1949 6
736 1895 784 1949 α’
831 1896 1012 1950 κανὼν
1050 1896 1181 1965 περὶ
1211 1897 1530 1949 ἐπισκόπων
1560 1896 1735 1963 λέγων
1764 1896 1823 1948 ἐν
1852 1895 1930 1964 τῷ

351 1989 518 2050 τέλει,
550 1986 686 2056 φησὶ
715 1987 810 2039 καὶ
836 1986 936 2056 τὴν
962 1986 1273 2057 ἐπισκοπὴν
1306 1987 1538 2057 βαθμόν.

421 2079 673 2135 ΖΩΝΑΡ.
709 2078 815 2131 Τοῦ
876 2071 1209 2147 Ἀντιοχείας
1271 2077 1520 2133 Ἰωάννου
1575 2075 1670 2133 καὶ
1719 2075 1927 2130 Θεοδω-

348 2171 521 2241 ρήτου
566 2170 662 2224 καὶ
720 2169 867 2235 Ἴδα,
924 2169 998 2231 ὡς
1032 2171 1272 2239 εἴρηται.
1324 2167 1761 2222 ἐναντιωθέντων
1813 2170 1927 2232 τοῖς

347 2263 537 2327 δόξασι
586 2260 664 2332 τῷ
708 2260 994 2331 ἁθροισμῷ
1024 2260 1134 2313 τῶν
1178 2258 1465 2329 Πατέρων,
1493 2258 1637 2323 τινὲς
1676 2258 1772 2313 καὶ
1818 2258 1929 2312 τῶν

347 2356 528 2410 ἄλλων
586 2354 903 2407 ἐπισκόπων
951 2349 1379 2421 συνυπήχθησαν
1430 2350 1681 2417 ἐκείνοις,
1731 2350 1782 2402 οί
1828 2349 1927 2420 μὲν

345 2443 769 2512 ἀπολειφθέντες
796 2441 895 2512 τῆς
934 2440 1178 2505 συνόδου,
1207 2439 1256 2493 oi
1305 2438 1362 2493 δὲ
1404 2439 1928 2510 συμπαρουσιὰσαν-

347 2554 459 2603 1τες,
492 2538 588 2590 καὶ
618 2535 716 2605 τὴν
744 2534 843 2605 τῆς
874 2531 1250 2601 καθαιρέσεως
1283 2530 1379 2584 τοῦ
1420 2530 1718 2605 Νεστορίου
1748 2529 1927 2599 ψῆφον

346 2629 468 2689 ταῖς
515 2604 747 2687 οἰκείαις
797 2604 1149 2692 ὖπογραφαῖς
1200 2604 1627 2690 βεϐαιώσαντεςξ
1655 2620 1791 2689 Περὶ
1818 2621 1926 2675 τῶν

345 2717 609 2773 τοιούτων
646 2716 741 2770 οὖν
770 2716 799 2768 6
834 2713 1027 2785 παρὼν
1070 2713 1434 2782 διαλαμόάνει
1480 2712 1662 2768 κανὼν
1708 2712 1924 2766 ἐκπτώ-

344 2828 471 2873 τους
524 2806 671 2873 εῖναι,
706 2809 807 2877 τῆς
843 2806 1146 2877 ἱερωσύνης
1187 2806 1429 2869 ἐκείνους
1466 2804 1923 2875 διαττιιίνιτόμενος⁹

342 2903 506 2957 τοῦτο
536 2900 798 2972 περὶτῶν
829 2900 1149 2954 ἐπισκόπων
1182 2897 1405 2966 νοητέον
1436 2914 1452 2931 ο
1503 2897 1564 2950 τὸ
1610 2896 1666 2950 δὲ
1705 2898 1801 2951 καὶ
1829 2894 1925 2951 τοῦ

346 2994 559 3067 βαθμοῦ
618 2992 986 3054 ἐκπίπτοντας
1050 2991 1181 3061 περὶ
1236 2989 1517 3059 κληρικῶν
1572 2987 1920 3058 ὲκληπτέονο

342 3080 490 3139 οὗτοι
527 3084 645 3154 γὰρ
697 3084 802 3136 ὑπὸ
852 3080 1096 3152 βαθμούς
1144 3080 1310 3135 εἰσιν.
1364 3074 1425 3134 Oi
1470 3080 1572 3148 μὲν
1620 3079 1716 3134 οῦν
1757 3080 1925 3150 ἱερεῖς

348 3177 599 3248 μείζονάς
659 3178 777 3228 εἰσι
808 3174 1021 3245 βαθμοῦ
1072 3174 1191 3242 ἦτοι
1247 3172 1427 3239 ἀξίας,
1481 3175 1530 3225 oi
1579 3172 1638 3225 δὲ
1685 3172 1925 3227 διάκονοι

343 3270 597 3341 ἥττονος,
623 3268 718 3319 καὶ
752 3264 991 3332 καθεξῆς
1024 3264 1074 3315 oi
1112 3261 1313 3317 λοιποί.

343 3363 575 3419 ΔΡΙΣΤ.
632 3358 741 3414 Καὶ
771 3358 941 3423 ὅστις
979 3356 1283 3423 Νεστορίῳ
1330 3355 1624 3425 σύμφρων
1652 3355 1754 3410 καί
1790 3357 1928 3425 ὁμό-

608 3469 775 3523 φρων
811 3452 1169 3515 ἐπίσκοπος,
1206 3448 1653 3516 ἀποκήρυκτος.

956 3544 1197 3599 ΚΑΝΩΝ
1225 3544 1303 3597 Γ’.

344 3642 413 3698 El
442 3638 511 3692 δέ
539 3654 703 3704 τινες
730 3636 852 3690 τῶν
884 3634 956 3690 ἐν
992 3634 1222 3701 ἑκάστῃ
1255 3635 1428 3687 πόλει
1457 3634 1496 3703 ἢ
1538 3633 1698 3702 χώρᾳ
1723 3637 1925 3701 κληρι-

422 3732 549 3786 κῶν
589 3728 713 3786 ὑπὸ
748 3729 1082 3795 Νεστορίου
1116 3725 1356 3779 καὶτῶν
1381 3725 1505 3779 σὺν
1540 3727 1702 3790 αὐτῷ
1734 3725 1926 3778 ὄντων

418 3824 527 3890 τῆς
562 3822 898 3889 ἱερωσύνης
926 3819 1326 3885 ἐκωλύθησαν
1346 3816 1444 3871 διὰ
1470 3817 1537 3870 τὸ
1569 3815 1757 3885 ὀρθῶς
1782 3833 1926 3885 φρο-

426 3916 570 3976 νεῖν,
588 3912 1021 3979 ἐδικαιὼσαμεν
1034 3910 1133 3965 καί
1148 3911 1398 3976 τούτους
1412 3911 1520 3964 τὸν
1530 3909 1687 3962 ἴδιον
1697 3910 1924 3964 ἀπολα-

446 4006 562 4059 ϐεῖν
593 4006 845 4073 βαθμόν.
876 4002 1102 4068 Κοινῶς
1132 4001 1202 4054 δὲ
1223 4001 1365 4067 τοὺς
1394 4000 1470 4069 τῇ
1499 4000 1795 4068 ὀρθοδόξῳ
1821 4001 1921 4054 καί

438 4097 803 4167 οίκουμενικῆ
823 4094 1065 4161 συνόδῳ
1082 4092 1582 4163 συμφρονοῦντας
1596 4091 1924 4160 κληρικοὺς

428 4190 743 4258 κελεύομεν
774 4186 901 4251 τοῖς
951 4182 1463 4250 ἀποστατήσασιν
1509 4182 1547 4250 ἢ
1593 4181 1922 4251 ἀφισταμέ-

422 4296 547 4345 νοις
589 4277 948 4339 ἐπισκόποις
991 4273 1127 4344 μηδ’
1160 4270 1319 4338 ὅλως
1369 4270 1726 4327 ὑποκεῖσθαι
1771 4271 1923 4325 κατὰ

414 4372 646 4443 μηδένα
667 4371 913 4439 τρόπον.

2036 1895 2237 1964 scepis,
2274 1897 2640 1968 episcopatum
2674 1914 2887 1970 quoque
2918 1901 3147 1971 gradum
3182 1901 3336 1956 dicit.

2107 2079 2359 2137 ZONAR.
2402 2080 2536 2136 Cum
2584 2082 2959 2139 Antiochenus
3005 2087 3317 2153 patriarcha
3364 2087 3605 2146 Joannes

2035 2180 2089 2226 et
2119 2172 2491 2228 Thcodoretus
2520 2183 2574 2230 et
2602 2175 2736 2242 ibas,
2765 2187 3075 2231 sanctorum
3111 2177 3334 2232 Patrum
3364 2181 3608 2251 decreta,

2035 2272 2095 2316 ut
2123 2263 2381 2329 diximus,
2413 2266 2691 2321 infirmare
2723 2270 2902 2322 conati
2936 2269 3187 2336 fuissent,
3224 2272 3360 2326 alios
3394 2288 3608 2344 quoque

2035 2354 2090 2408 in
2141 2370 2293 2409 suam
2339 2359 2662 2411 sententiam
2715 2359 2972 2426 przesules
3023 2362 3329 2428 adduxere,
3377 2378 3605 2432 quorum

2034 2446 2203 2515 aliqui
2235 2460 2341 2500 non
2382 2459 2641 2502 venerant
2672 2448 2724 2502 iu
2758 2459 3084 2504 conventum
3120 2454 3333 2521 synodi,
3363 2453 3450 2507 alii
3485 2471 3607 2508 cum

2033 2537 2330 2593 adfuissent
2371 2539 2535 2592 etiam
2586 2539 2821 2595 NeStorii
2870 2543 3261 2609 depo‘sitionem
3312 2545 3426 2601 suis
3473 2546 3608 2601 sub-

2034 2630 2420 2698 scriptionibus
2450 2630 2857 2688 conﬁrmarant.
2891 2633 3035 2699 Quos
3066 2636 3282 2703 quidem
3318 2647 3603 2705 propterea

2042 2734 2242 2785 canon,
2297 2722 2440 2777 sacri
2492 2724 2731 2777 muneris
2777 2724 3069 2793 dignitate,
3122 2727 3435 2794 spoliandos
3484 2743 3607 2783 esse

2035 2813 2299 2881 decernit,
2327 2814 2469 2883 quod
2498 2816 2563 2870 de
2587 2815 2857 2884 episcopis
2887 2817 3287 2887 intelligendum
3319 2828 3403 2873 est
3434 2837 3446 2873 :
3476 2820 3607 2875 illud

2033 2913 2234 2969 autem,
2268 2906 2437 2972 gradu
2468 2906 2721 2961 excidere
2750 2907 2816 2961 de
2848 2908 3063 2962 clericis
3091 2909 3520 2976 accipiendum':
3551 2912 3605 2965 bi

2032 2995 2176 3048 enim
2224 2997 2323 3051 sub
2363 2997 2625 3065 gradibus
2670 2997 3041 3052 continentur.
3094 2998 3415 3053 Sacerdotes
3458 3001 3604 3054 enim

2032 3089 2292 3156 majorem
2341 3089 2565 3158 gradum
2616 3089 2731 3142 sive
2774 3089 3116 3157 dignitatem,
3171 3090 3378 3145 diaconi
3422 3103 3603 3148 autent

2031 3181 2317 3247 minorem,
2349 3188 2403 3235 et
2426 3180 2503 3234 sic
2531 3180 2785 3250 deinceps
2819 3180 3013 3249 reliqui
3051 3180 3318 3239 obtinent.

2023 3356 2252 3414 ARIST.
2296 3357 2362 3412 Et
2388 3358 2681 3428 quicunque
2707 3358 2977 3425 episcopus
3005 3356 3252 3412 Nestorio
3286 3359 3600 3427 assentitur,

2482 3452 2736 3520 fovetque,
2766 3451 3108 3505 abdicandus.

2498 3542 2671 3611 .101
2709 3539 2939 3596 CANON
2964 3542 3048 3597 ιιι.

2022 3631 2083 3688 Si
2098 3633 2198 3703 ‘qui
2240 3640 2412 3686 autem
2453 3633 2509 3686 in
2543 3650 2853 3703 unaquaque
2886 3634 3031 3698 urbe,
3072 3637 3155 3687 vel
3195 3637 3400 3705 regione
3431 3633 3606 3689 clerici

2092 3724 2188 3778 sub
2223 3722 2472 3778 Nestorio
2522 3732 2571 3778 et
2612 3726 2679 3777 iis
2718 3726 2805 3793 qui
2836 3741 2951 3777 cum
2992 3726 3124 3792 ipso,
3161 3726 3451 3778 sacerdotio
3481 3735 3604 3778 sunt

2092 3816 2383 3877 interdicti,
2424 3832 2483 3869 eo
2529 3816 2667 3884 quod
2713 3827 2853 3869 recte
2903 3817 3155 3879 sentiant,
3208 3825 3262 3867 ut
3314 3817 3355 3869 ii
3404 3830 3605 3885 quoque

2092 3909 2360 3976 proprium
2410 3907 2632 3977 gradum
2688 3906 2963 3972 recipiant,
3007 3906 3214 3974 justum
3273 3906 3601 3959 censuimus.

2093 4002 2454 4057 Communiter
2474 4012 2649 4056 autem
2677 4002 2935 4065 omnibus,
2968 4004 3059 4068 qui
3088 4016 3203 4053 cum
3232 4002 3522 4055 orthodoxa
3554 4009 3603 4053 et

2092 4095 2375 4151 universali
2392 4094 2589 4166 synodo
2617 4093 2966 4157 consentiunt,
2992 4094 3192 4145 clericis
3216 4092 3485 4160 jubemus,
3514 4094 3603 4156 iis,

2092 4189 2182 4258 qui
2208 4188 2531 4241 desciverunt
2564 4185 2640 4239 vel
2671 4185 2969 4239 desciscunt
2998 4221 3013 4247 ,
3052 4183 3309 4253 episcopis
3341 4183 3484 4236 nullo
3509 4199 3601 4252 pe-

2087 4280 2228 4333 nitus
2269 4280 2422 4331 modo
2462 4277 2676 4344 subjici.

416 4436 612 4519 VBA-AZ.
646 4436 770 4517 Tibv
826 4461 1052 4515 εἰκότων
1094 4453 1164 4530 ἦν
1199 4474 1356 4521 τινας
1407 4456 1712 4528 κληρικοὺς
1761 4456 1919 4526 ὀρθο-

2093 4452 2291 4508 BALS.
2322 4453 2419 4508 Est
2446 4453 2745 4509 verisimile
2768 4453 2977 4524 aliquos
3010 4436 3235 4509 clericos
3265 4453 3596 4511 orthodoxos

342 4557 527 4624 δόξους
580 4554 658 4626 μὴ
711 4554 983 4626 φρονῆσαι
1029 4550 1099 4605 τὰ
1143 4549 1240 4603 τοῦ
1288 4548 1591 4619 Νεστορίου
1641 4547 1780 4619 ἢτὰ
1808 4547 1920 4601 τῶν

342 4650 854 4722 συμφρονησάντων
908 4643 1062 4713 αὐτῷ
1095 4643 1442 4709 ἐπισκόπων,
1469 4642 1569 4696 καὶ⁹
1621 4641 1711 4695 διὰ
1759 4640 1920 4695 τοῦτο

338 4742 742 4812 ἀφορισθῆναι.
780 4739 1252 4809 Ἀποκαθίστησιν
1282 4730 1376 4789 οὖν
1420 4735 1449 4787 ὁ
1482 4733 1666 4788 κανὼν
1695 4733 1921 4798 τούτους

332 4837 421 4899 είς
447 4835 578 4898 τοὺς
605 4833 843 4896 οἰκείους
878 4832 1140 4903 βαθμοὺς,
1177 4829 1547 4901 προσεπάγων
1598 4827 1676 4897 μὴ
1725 4827 1921 4898 μόνους

339 4927 547 4988 αὐτοὺς
601 4924 747 4995 ἔχειν
798 4923 926 4985 τοὺς
986 4920 1191 4983 οίκείας
1239 4920 1567 4988 ἐπιτιμίας,
1627 4920 1764 4974 ἀλλὰ
1821 4920 1921 4973 καὶ

340 5018 558 5078 πάντας
603 5013 734 5077 τοὺς
782 5012 1084 5082 κληρικοὺς
1128 5009 1237 5063 τῶν
1278 5008 1541 5062 τοιούτων
1596 5007 1920 5061 ἐπισκόπων

344 5107 471 5177 μηδ’
524 5106 663 5169 ὅλως
703 5102 1034 5158 ὑποκεῖσθαι
1080 5101 1267 5164 αὐτοῖς
1323 5100 1400 5163 ὡς
1449 5100 1918 5169 ἀποστατήσασιν.

411 5197 657 5253 ΖΩΝΑΡ.
696 5195 1058 5268 Πατριάρχης
1087 5194 1185 5269 ὢν,
1228 5193 1304 5258 ὡς
1333 5193 1573 5264 είρηται,
1620 5192 1919 5245 Κωνστανο

340 5288 711 5352 τινουπόλεως
738 5289 766 5342 6
792 5286 1112 5357 Νεστόριος,
1142 5285 1390 5357 ἀφώρισέ
1426 5300 1581 5346 τινας
1616 5283 1919 5353 κληρικοὺς

345 5383 424 5452 μὴ
458 5378 906 5451 συμφρονοῦντας
941 5378 1114 5450 αὐτῷ.
1172 5377 1282 5432 Καὶ
1307 5376 1366 5430 ἐν
1395 5375 1582 5438 ἄλλαις
1611 5373 1667 5427 δὲ
1697 5372 1919 5427 πόλεσιν

339 5476 389 5527 οί
419 5470 812 5542 ὁμοδοξοῦντες
847 5470 1043 5541 ἐκείνῳ
1080 5468 1375 5523 ἐπίσκοποι
1418 5467 1479 5519 τὸ
1507 5465 1640 5519 αὐτὸ
1675 5461 1917 5532 πεποιή-

337 5583 498 5621 κασι.
534 5564 676 5627 Τοὺς
704 5562 800 5616 οῦν
824 5563 927 5627 τῆς
962 5560 1267 5630 ἱερωσύνης
1311 5556 1681 5621 κωλυθέντας,
1723 5554 1800 5618 ὠς
1841 5553 1919 5624 μὴ

337 5657 753 5727 συντιθεμένοις
799 5656 865 5725 τῇ
908 5652 1004 5707 τοῦ
1045 5650 1346 5721 Νεστορίου
1392 5648 1486 5703 καὶ
1533 5646 1642 5701 τῶν
1675 5644 1919 5717 ὁμοφρό-

335 5770 449 5810 νων
504 5749 657 5822 αὐτῷ
690 5746 998 5820 κακοδοξίᾳ,
1027 5747 1061 5817 ἡ
1094 5745 1226 5815 ἁγία
1260 5744 1480 5805 σύνοδος
1521 5741 1611 5796 διὰ
1639 5736 1735 5795 τοῦ
1772 5756 1915 5811 παρ-

2024 4562 2130 4602 non
2159 4546 2398 4603 sensisse
2427 4544 2589 4611 idém,
2618 4546 2761 4614 quod
2800 4543 3083 4601 Nestorius
3124 4552 3180 4599 et
3221 4545 3310 4613 qui
3348 4543 3421 4598 illi
3463 4558 3595 4599 con-

2021 4635 2324 4692 sentiebant
2354 4635 2612 4704 episcopi,
2636 4643 2685 4689 et
2710 4642 2990 4705 pr0pterea
3026 4632 3192 4688 fuisse
3218 4632 3593 4688 excommuni-

2021 4737 2193 4783 catos.
2231 4726 2329 4782 Hic
2356 4741 2485 4796 ergo
2511 4741 2682 4780 canon
2707 4739 2802 4781 eos
2828 4725 3067 4781 restituit
3100 4725 3153 4778 in
3193 4725 3445 4795 proprios
3467 4738 3560 4793 gra
3577 4752 3596 4764 ο

2022 4821 2156 4885 dus,
2190 4816 2428 4874 inferens
2453 4826 2735 4885 praeterea,
2765 4830 2859 4871 eos
2889 4830 2997 4870 non
3030 4815 3203 4871 solum
3239 4814 3440 4870 habere
3466 4829 3596 4870 suos

2021 4910 2255 4965 honores
2284 4922 2349 4963 ac
2378 4907 2698 4978 dignitates,
2744 4906 2841 4962 sed
2879 4920 3069 4962 omnes
3094 4906 3279 4961 talium
3310 4905 3596 4976 episcopo-

2023 5024 2143 5062 rnm
2171 5005 2396 5063 clericos
2436 5004 2517 5061 eis
2553 5017 2894 5075 nequaquam
2938 5003 3155 5074 subjici,
3195 5010 3252 5058 ut
3281 5002 3373 5073 qui
3417 5001 3596 5057 desci-

2020 5100 2217 5154 verint.

2094 5187 2347 5245 ZONAR.
2383 5186 2517 5242 Cum
2547 5184 2980 5255 patriarcharum
3022 5183 3324 5250 Nestorius,
3350 5195 3409 5238 ut
3448 5184 3595 5238 dixi-

2022 5297 2162 5346 mus,
2194 5278 2657 5348 Constantinopoli
2697 5284 2928 5349 gereret,
2962 5277 3184 5332 clericos
3222 5277 3483 5347 quosdam
3525 5279 3593 5331 ab

2023 5376 2143 5447 ipso
2176 5372 2559 5427 dissentientes
2599 5369 3112 5424 escommunicavit.
3141 5367 3286 5422 Idem
3317 5377 3493 5421 autem
3535 5376 3593 5421 et

2022 5469 2075 5522 in
2127 5466 2249 5521 aliis
2296 5463 2520 5518 urbibus
2563 5477 2595 5516 a
2636 5459 2973 5516 Nestoriana:
3020 5459 3269 5514 factionis
3320 5458 3590 5527 episcopis

2021 5556 2346 5611 factitatum.
2404 5551 2510 5607 Eos
2566 5552 2746 5619 itaque
2806 5551 2897 5621 qui
2955 5564 2984 5603 a
3028 5548 3334 5602 sacerdotio
3384 5547 3588 5616 depulsi

2020 5654 2146 5702 sunt
2178 5660 2242 5701 eo
2284 5645 2426 5716 quod
2463 5642 2618 5698 mala:
2665 5640 2920 5707 Nestorii,
2947 5641 3103 5710 eique
3136 5638 3586 5694 consentientium

2020 5737 2283 5811 Opinioni,
2311 5750 2591 5793 assensum
2624 5749 2729 5790 non
2764 5733 3085 5803 praeberent,
3122 5746 3218 5801 per
3249 5730 3393 5786 hunc
3416 5744 3586 5788 cano-
