4078 6394
507 239 616 307 3ῧῖ

1757 249 2037 312 ΤΙΙΕεὟῘ).
2073 249 2476 311 ΒΑΕΞᾹΜΟΝ

3659 267 3766 332 30

576 361 694 413 dent
723 359 954 432 episc0pi
975 360 1053 416 vel
1095 361 1297 426 clerici,
1330 379 1360 415 a
1389 378 1467 431 pri
1485 364 1600 431 prio
1641 368 1809 432 gradu
1846 369 2056 418 omnino

2261 373 2400 441 ἁγία
2431 371 2699 437 σύνοδος
2730 373 2970 443 ὥρισεν,
3002 379 3191 448 εἰμὲν
3219 382 3542 440 ἐπίσκοποι
3573 383 3694 441 εἷεν
3727 392 3764 456 ἢ

572 451 833 516 excidere,
867 451 912 506 si
950 460 1126 505 autent
1157 453 1302 515 laici,
1339 457 1818 509 excomntunicatos
1851 471 2083 512 manere.

582 712 771 768 BALS.
799 716 979 769 Canon
1012 716 1191 771 clarus
1214 729 1296 771 cst
1322 733 1337 772 :
1369 720 1552 772 statuit
1584 721 1726 773 enim
1751 736 1862 782 eos,
1887 721 1975 789 qui
2010 722 2086 775 la-

501 803 776 861 befactant
829 823 948 874 quae
982 807 1176 875 Ephesi
1211 823 1329 862 acta
1363 821 1510 870 sunt,
1554 810 1595 862 si
1633 811 1850 878 quidem
1893 812 2076 865 clerici

500 893 607 944 sint
656 893 850 961 deponi
883 911 897 948 :
933 894 1014 946 sin
1050 909 1181 948 vero
1225 895 1364 956 laici,
1400 900 1903 952 excomtnnnicatos
1937 914 2075 957 esse.

503 983 778 1048 Septimus
829 995 1008 1036 autem
1072 1000 1246 1040 canon
1306 986 1440 1039 dicit
1516 990 1860 1042 anathemate
1917 991 2083 1045 laicos

501 1069 798 1134 l't-ricndos,
838 1072 927 1138 qui
958 1083 1146 1125 contra
1195 1090 1257 1128 ac
1291 1075 1568 1129 decretum
1600 1088 1678 1130 est
1712 1079 1973 1134 sentiunt.
2020 1080 2083 1134 Et

502 1173 572 1211 ne
603 1159 997 1213 contrariacsse
1059 1163 1358 1216 existimes.
1393 1163 1582 1233 Magna
1615 1177 1697 1221 cst
1737 1169 1880 1221 enim
1925 1169 2081 1226 dill'e-

499 1250 700 1314 rentia,
731 1267 802 1302 an
830 1252 950 1320 quis
991 1253 1328 1318 adversetur,
1358 1272 1423 1308 an
1452 1257 1518 1311 de
1549 1274 1606 1313 re
1640 1259 1819 1330 aliqua
1854 1262 2078 1317 dubitet.

498 1339 565 1390 Et
598 1351 904 1406 propterea,
953 1342 1043 1410 qui
1091 1343 1158 1396 de
1209 1344 1298 1407 iis,
1329 1362 1449 1414 qua:
1494 1348 1604 1414 jam
1659 1351 1883 1417 pulchre
1917 1362 2078 1408 antea

497 1427 814 1481 conﬁrmata
864 1439 1009 1493 sunt,
1064 1431 1295 1496 dubitat,
1337 1438 1902 1492 excommunicabitnr
1935 1442 2080 1510 :-qtti

495 1528 675 1570 autem
737 1520 1078 1587 adversatur,
1116 1533 1174 1574 ut
1219 1528 1490 1579 contraria
1540 1527 1805 1593 sentiens,
1849 1533 2080 1586 anathe-

497 1618 639 1660 male
668 1609 912 1664 ferietur.

569 1699 821 1755 ZONAR.
850 1703 1200 1772 Superiorum
1227 1725 1491 1763 canonum
1515 1712 1770 1778 decretis,
1795 1715 1860 1769 de
1890 1715 1956 1770 iis
1978 1731 2076 1784 pcv-
2110 1723 2148 1776 Β

494 1789 788 1856 cnliariter,
844 1796 932 1860 qtti
984 1799 1245 1862 apostatis
1291 1809 1344 1851 et
1391 1803 1600 1870 synodo
1659 1806 2078 1860 adversantibus

495 1882 879 1945 consentiant,
917 1886 1113 1952 quique
1147 1888 1476 1943 Nestoriana:
1529 1893 1795 1949 ltmreseos
1825 1894 2074 1964 dogmata

489 1973 722 2040 amplexi
753 1973 988 2042 fuerant,
1015 1981 1364 2035 constitutum
1399 2002 1413 2036 :
1451 1985 1537 2038 ltic
1573 2001 1696 2039 vero
1723 2003 1914 2043 omnes
1937 2030 1955 2055 ,
1983 1991 2075 2058 qui

490 2062 726 2132 aliquam
783 2069 901 2136 ejus
949 2080 1154 2125 sant-ta:
1196 2075 1382 2142 synodi
1435 2079 1877 2133 constitutionem
1942 2098 2076 2136 con-

487 2153 686 2208 vellere
732 2167 822 2209 aut
865 2157 1141 2214 inﬁrmare
1170 2167 1347 2217 conati
1394 2164 1615 2232 fuerint,
1668 2172 1990 2238 generatim,
2022 2185 2074 2227 et

488 2246 743 2300 universe
790 2250 1137 2304 coodemnat.
1167 2253 1244 2307 Ac
1302 2257 1351 2308 in
1390 2259 1753 2318 sacerdotium
1793 2272 2073 2330 cooptatos

489 2334 709 2403 quidem
749 2338 965 2406 deponi,
1022 2340 1190 2395 laicos
1246 2359 1371 2397 vero
1429 2349 1809 2402 communione
1865 2355 2068 2406 moveri

479 2425 633 2496 jubet
665 2429 922 2497 synodus.
958 2431 1132 2498 Atque
1158 2434 1270 2488 haec
1293 2435 1512 2502 quidem
1546 2436 1740 2508 Ephesi
1762 2451 1904 2496 acta.
1931 2443 2064 2497 Cum

485 2527 614 2567 vero
639 2513 782 2569 inter
802 2533 858 2569 se
889 2516 1215 2575 factionibus
1241 2522 1398 2576 divisi
1427 2528 1683 2591 praesules
1711 2528 2061 2597 dissiderent,

483 2605 762 2660 universos
823 2609 1117 2677 imperator
1161 2612 1692 2684 Constantinopolim
1752 2622 2061 2688 advocavit,

481 2700 954 2764 pacemque,omni
995 2709 1139 2752 motu
1179 2702 1485 2758 animorum
1543 2707 1750 2769 sedato,
1794 2711 1936 2764 inter
1969 2727 2063 2767 eos

480 2785 822 2852 conciliavit;
873 2798 926 2840 et
961 2787 1336 2846 Tltcodoretus
1366 2795 1540 2862 capita
1574 2797 1682 2861 illa,
1735 2799 1892 2870 103
1945 2817 2065 2871 qua;

481 2878 843 2932 coatentionis
862 2881 1042 2934 studio
1065 2892 1221 2935 antea
1250 2885 1561 2952 scripserat,
1595 2889 1808 2955 penitus
1843 2890 2059 2958 alleCll,

2259 465 2555 530 κληρικοί,
2613 466 2720 518 τοῦ
2766 471 2988 523 οἰκείου
3033 474 3350 542 παντελῶς
3393 478 3765 538 ἀποπίπτειν

2254 555 2531 624 βαθμοῦ·
2581 560 2635 612 εὶ
2679 557 2749 612 δὲ
2808 563 3029 629 λαῑκοὶ,
3092 566 3538 636 ἀκοινωνήτους
3577 575 3764 643 ὑπάρ-

2259 665 2410 715 χειν.

2227 741 2451 797 ’ΒΑΛΣ.
2487 743 2671 814 Σαφής
2703 749 2850 800 ἐστιν
2880 751 2906 801 ὁ
2933 751 3137 806 κανὼν.
3166 756 3472 824 Διορῖζεται
3505 760 3614 830 γὰρ
3637 765 3762 824 τοὺς

2189 836 2671 903 παρασαλεύοντας
2697 841 2844 894 τέρεν
2875 845 2940 913 τῇ
2973 845 3184 915 Ἐφέσῳ
3211 855 3601 921 πεπραγμένα,
3633 857 3758 925 κληο

2190 928 2376 995 ρικοὺς
2420 929 2520 997 μὲν
2548 930 2705 995 ὄντας
2737 934 3136 1005 καθαιρεῖσθαι,
3174 941 3398 1007 λαῖκοὺς
3427 944 3486 997 δὲ
3536 949 3760 1004 ἀκοινω-

2185 1024 2379 1088 νήτους
2412 1017 2578 1080 εἶναι.
2620 1024 2678 1076 '0
2701 1024 2758 1077 δὲ
2790 1024 2834 1088 ζ’
2880 1029 3062 1082 κανὼν
3087 1033 3592 1102 ἀναθεματίζεσθαι
3615 1040 3760 1104 λέγει

2183 1111 2308 1172 τοὺς
2337 1112 2556 1176 λαῖκοὺς
2586 1116 2714 1179 τοὺς
2755 1119 2973 1171 ἐναντία
3018 1123 3352 1190 φρονοῦντας
3391 1128 3470 1199 τῷ
3499 1129 3758 1200 δόγματι,

2186 1202 2298 1255 Καὶ
2332 1203 2406 1274 μὴ
2434 1207 2731 1279 ἐναντιωθῇ
2777 1228 2880 1264 σοι.
2916 1213 3072 1266 Ἐστι
3115 1215 3224 1284 γὰρ
3273 1218 3484 1289 μεγάλη
3526 1220 3758 1292 διαφορὰ

2183 1295 2280 1346 τοῦ
2309 1297 2684 1352 ἐναντιοῦσθαι
2711 1304 2804 1356 καὶ
2831 1302 2926 1356 τοῦ
2955 1305 3322 1374 ἀμφιϐάλλειν
3356 1312 3476 1364 τινὰ
3509 1315 3637 1383 περί
3679 1332 3757 1369 τι.

2184 1404 2272 1449 νος
2321 1389 2668 1458 πράγματος.
2706 1394 2818 1449 Καὶ
2863 1395 2952 1449 διὰ
2990 1397 3148 1451 τοῦτο
3181 1402 3208 1452 ό
3256 1401 3358 1468 μὲν
3398 1404 3756 1472 ἁμφιϐἀλλων

2185 1482 2315 1548 περὶ
2354 1481 2463 1536 τῶν
2506 1482 2608 1552 ἤδη
2649 1484 2833 1548 καλῶς
2877 1490 3344 1558 προκυρωθέντων
3394 1493 3753 1567 ἀφορισθήσε-

2181 1587 2272 1624 ται
2298 1586 2311 1600 ·
2341 1575 2368 1625 ὁ
2408 1573 2466 1626 δὲ
2511 1577 2930 1648 ἐναντιούμενος
2979 1583 3214 1647 τούτοις,
3255 1584 3331 1648 ὡς
3363 1587 3754 1661 ὲναντιόιρρων,

2183 1662 2770 1737 ἀναθεματισθήσεται.

2252 1758 2493 1815 ΖΩΝΑΡ.
2526 1761 2586 1812 Ol
2615 1761 2713 1828 μὲν
2740 1762 3002 1834 ἀνώτεροι
3027 1767 3252 1831 κανόνες
3280 1771 3467 1834 ίδικῶς
3495 1773 3624 1841 περὶ
3644 1776 3752 1827 τῶν

2179 1848 2676 1916 ὀμοφρονησάντων
2723 1855 2835 1916 τοῖς
2906 1856 3319 1928 ἀποσςατήσασι
3369 1864 3459 1914 καὶ
3501 1866 3748 1919 ἐνκντιωυ

2179 1939 2317 1992 Οείσι
2344 1944 2408 2012 τῇ
2439 1943 2661 2013 συνόδῳ,
2695 1948 2788 1998 καὶ
2817 1946 2884 2006 τὰ
2924 1949 3222 2020 Νεστορίου
3257 1955 3622 2024 πρεσϐεύουσι
3646 1959 3747 2012 διε-

2175 2033 2442 2097 τάξαντο·
2478 2030 2635 2102 οὗτος
2692 2041 2748 2092 δὲ
2795 2041 2822 2092 ὁ
2858 2043 3050 2111 παρὼν
3106 2046 3301 2110 κοινῶς
3360 2049 3568 2114 πάντας
3622 2053 3748 2113 τοὺς

2177 2127 2505 2197 ἀνατρέπειν
2540 2148 2590 2183 τι
2641 2134 2748 2184 τῶν
2781 2134 3049 2200 δοξάντων
3091 2141 3155 2207 τῇ
3192 2139 3327 2211 ἁγίᾳ
3379 2143 3581 2213 συνόδῳ
3628 2145 3743 2198 ἐπιτ

2176 2217 2494 2286 χειροῦντας
2527 2223 2906 2288 καταδικάζει.
2959 2228 3071 2280 Καὶ
3115 2231 3243 2293 τοὺς
3275 2231 3375 2300 μὲν
3415 2235 3745 2304 ίερωμένοις

2175 2313 2411 2367 ποιεῖται
2441 2313 2544 2364 ὑπὸ
2576 2315 2916 2386 καθαίρεσιν.
2955 2322 3064 2383 τοῖς
3111 2321 3166 2373 δὲ
3205 2323 3414 2388 λαῖκοῖς
3446 2327 3742 2400 ἀκοινωνηρ

2175 2402 2294 2454 σίαν
2321 2405 2539 2473 ἐπάγει.
2567 2408 2748 2462 Ταῦτα
2773 2413 2871 2480 μὲν
2901 2413 2993 2466 οὖν
3013 2416 3070 2467 ἐν
3107 2414 3321 2488 Ἐφέσῳ
3347 2419 3704 2494 ἐπράχθησαν
3728 2439 3744 2454 ⁸

2171 2496 2294 2548 ἐπεὶ
2327 2497 2382 2550 δὲ
2442 2498 2562 2553 κατ’
2599 2501 2843 2572 ἀλλήλων
2884 2509 2934 2560 oi
2997 2510 3276 2580 ἀρχιερεῖς
3329 2513 3598 2585 ἐγένοντο,
3649 2520 3741 2579 καὶ

2173 2589 2383 2658 σχίσμα
2433 2587 2501 2663 ἦν
2529 2593 2660 2664 παρ’
2695 2597 2904 2662 αὐτοῖς,
2933 2601 2960 2650 ὁ
2991 2599 3249 2668 βασιλεὺς
3279 2607 3488 2673 πάντας
3523 2611 3605 2674 είς
3645 2611 3743 2682 τὴν

2171 2678 2418 2748 βασιλίδα
2460 2685 2568 2737 τῶν
2625 2687 2838 2742 πόλεων
2895 2695 3325 2761 μετεκαλέσατο,
3384 2701 3480 2754 καὶ
3534 2704 3737 2756 συνεϐί.

2168 2773 2320 2840 δασε,
2359 2778 2452 2828 καὶ
2511 2779 2799 2848 εἰρήνευσε
2830 2798 2845 2814 ο
2896 2784 2992 2836 καὶ
3039 2788 3066 2838 ό
3107 2785 3455 2860 Θεοδὼρητος
3511 2793 3580 2844 τὰ
3611 2795 3740 2864 παρ’

2165 2864 2332 2916 αὐτοῦ
2394 2869 2677 2936 γραφέντα
2719 2874 2993 2941 κεφάλαια
3040 2876 3108 2929 δι’
3155 2877 3272 2946 ἔριν
3314 2881 3575 2934 κατέθετο
3613 2901 3736 2952 συγε

479 2965 839 3037 omnibusque
872 2970 1060 3039 synodi
1099 2972 1330 3026 decretis
1360 2990 1635 3042 assensus,
1674 2978 1904 3034 Nestorii
1934 2997 2064 3050 quo-

481 3067 584 3077 ι.....
617 3054 906 3077 .I---__._.!_s
941 3074 956 3077 _
984 3075 1009 3077 ,κ
1049 3073 1100 3077 Au
1146 3076 1151 3077 ,
1196 3076 1200 3077 ,
1266 3071 1306 3077 -,
1349 3063 1360 3075 σ
1591 3070 1600 3077 .
1695 3068 1705 3077 .
1787 3069 1817 3077 .-

2174 2957 2499 3026 γράψασθαι,
2535 2961 2628 3014 καὶ
2652 2964 2953 3019 ἀπεϐάλετο
2973 2967 3168 3034 ταῦτα,
3183 2970 3278 3023 καὶ
3295 2974 3404 3033 toi;
3420 2972 3738 3044 ψηφισθεῖςι

478 3067 586 3121 que
613 3054 1015 3112 damnationem
1038 3073 1161 3114 cum
1183 3063 1393 3118 cmteris
1419 3068 1752 3134 approbavit.
1779 3069 1910 3125 Cum
1933 3049 2060 3127 vero

2174 3051 2318 3124 παρὰ
2351 3053 2450 3122 τῆς
2481 3057 2700 3110 συνόδου
2736 3061 3004 3126 συνέθετο,
3051 3066 3145 3117 καὶ
3181 3068 3247 3136 τῇ
3289 3065 3383 3119 τοῦ
3438 3068 3738 3139 Νεστορίου

478 3148 780 3216 symbolum
830 3151 1130 3219 impietatis
1185 3153 1399 3221 plenum
1456 3172 1487 3210 a
1544 3157 1797 3216 Nestorio
1846 3178 2063 3233 coinpo-

477 3239 668 3302 situm,
703 3240 1019 3309 synodoque
1047 3242 1287 3297 oblatum
1323 3244 1538 3312 luisset,
1573 3261 1625 3304 et
1658 3251 1816 3305 simul
1849 3269 1971 3308 cum
1994 3273 2062 3311 eo

479 3324 785 3394 symbolum
846 3343 1088 3398 quoque,
1120 3332 1264 3400 quod
1324 3339 1549 3392 trecenti
1586 3339 1772 3394 decem
1824 3354 1877 3398 et
1937 3356 2060 3400 octo

475 3416 652 3468 sancti
699 3415 886 3472 Patres
925 3421 976 3473 in
1010 3421 1178 3488 prima
1212 3428 1417 3494 synodo
1449 3432 1941 3503 promulgaverant,
1975 3453 2059 3493 re-

472 3507 696 3564 citatum
729 3518 892 3576 esset,
917 3527 1153 3582 sequens
1183 3513 1272 3570 ltic
1303 3531 1475 3575 canon
1503 3523 1678 3576 editus
1701 3537 1806 3582 est.

466 3698 694 3760 ARIST.
736 3701 930 3760 Laicus
947 3709 1036 3776 qui
1056 3709 1254 3780 synodo
1278 3715 1496 3782 resistit,
1520 3722 2050 3792 excommunicatur;

864 3801 1086 3856 clericus
1119 3820 1235 3858 vero
1273 3819 1321 3859 et
1352 3809 1656 3867 abdicatur.

527 3886 628 3952 Qui
651 3903 734 3954 ea,
762 3906 880 3959 qua:
906 3894 957 3946 in
989 3899 1194 3964 synodo
1215 3898 1481 3966 Epltesina
1502 3915 1622 3958 acta
1656 3916 1798 3970 sunt,
1834 3910 2044 3963 exami-

466 3988 558 4034 nat
593 3992 646 4036 et
674 3981 980 4049 labefactat,
1008 3988 1054 4041 si
1080 3991 1296 4058 quidem
1323 3995 1611 4066 episcopus
1643 3999 1712 4052 sit
1748 4012 1840 4057 aut
1883 4003 2047 4060 cleri-

463 4088 582 4137 cus,
612 4076 782 4140 gradu
820 4091 922 4131 suo
947 4081 1173 4138 omnino
1201 4085 1441 4153 excidat,
1471 4090 1554 4144 sin
1606 4102 1786 4150 autem
1849 4095 2042 4163 laicus,

461 4169 991 4225 exconttttunicetur.

1049 4261 1277 4321 CANON
1349 4266 1462 4336 vn.

2167 3143 2512 3214 καθαιρέσει,
2551 3149 2805 3221 κάκεῖνος
2851 3154 2946 3211 καὶ
2976 3155 3025 3205 οἱ
3079 3154 3259 3208 λοιποὶ
3292 3159 3700 3232 συνευδόκησαν
3723 3179 3738 3195 ο

2167 3236 2439 3305 συμϐόλου
2471 3239 2526 3290 δὲ
2554 3239 2851 3304 δυσσεϐοῦς
2880 3244 3200 3310 ἐκτεθέντος
3225 3249 3378 3319 παρὰ
3403 3251 3497 3304 τοῦ
3535 3253 3735 3306 Nesto-

2163 3327 2304 3398 ρίου,
2336 3330 2428 3382 καὶ
2463 3331 2909 3399 ἀναγνωσθέντος
2968 3338 3181 3392 ἐκείνου
3226 3357 3284 3393 τε
3335 3344 3428 3396 καὶ
3459 3345 3550 3397 τοῦ
3586 3349 3734 3417 παρά

2159 3418 2269 3472 τῶν
2315 3422 2645 3490 τριακοσίων
2692 3423 2826 3478 δέκα
2881 3428 2974 3480 καὶ
3031 3429 3176 3483 ὀκτὼ
3242 3433 3416 3499 ἁγίων
3469 3437 3732 3509 Πατέρων

2156 3511 2265 3562 τῶν
2312 3513 2372 3565 ὲν
2399 3517 2464 3584 τῇ
2513 3515 2708 3588 πρώτῃ
2757 3519 2958 3591 συνόδῳ
3002 3521 3321 3597 ὲξεφωνήθη
3366 3531 3393 3582 ὁ
3424 3530 3606 3584 κανὼν
3643 3529 3722 3586 οὖ-

2155 3621 2270 3667 τος.

2166 3695 2404 3752 ἈΡΙΣΤ.
2441 3700 2854 3772 Ἁκοινώνητος
2897 3708 2932 3760 ὁ
2968 3708 3182 3782 λαζιιὸς
3223 3714 3258 3766 ὁ
3294 3713 3721 3786 ἀντοφθαλμῶν

2223 3788 2298 3857 τῇ
2335 3792 2579 3857 συνόδῳ
2600 3811 2614 3826 υ
2651 3797 2685 3848 ὀ
2718 3799 3001 3864 altumnec
3034 3800 3120 3854 ἐτι
3153 3801 3252 3856 καὶ
3285 3804 3727 3874 ἀποκήρυκτος.

2230 3879 2293 3933 ’0
2335 3884 2407 3935 τὰ
2453 3886 2604 3955 παρά
2645 3887 2745 3956 τῆς
2791 3891 2849 3940 ὲν
2892 3891 3102 3961 Ἐφέσῳ
3148 3895 3368 3949 συνόδου
3413 3899 3728 3968 πραχθέντα

2147 3971 2476 4044 ἀνακρίνων,
2515 3977 2546 4047 ἢ
2583 3978 2716 4044 ὅλως
2753 3983 3171 4050 παρασαλεύων.
3209 3989 3258 4040 εἰ
3297 3991 3396 4056 μὲν
3428 3991 3728 4056 ὲπίσκοπός

2146 4067 2294 4120 ἐστιν
2324 4069 2356 4139 ἦ
2393 4071 2672 4141 κληρικδς.
2704 4075 2800 4128 τοῦ
2831 4077 3033 4131 οἰκείου
3070 4079 3282 4150 βαθμοῦ
3317 4087 3598 4153 παντελῶς
3629 4092 3726 4144 ἐκ·

2147 4161 2393 4215 πιπτέτω
2415 4179 2430 4194 ο
2464 4166 2512 4218 εί
2544 4165 2602 4218 δὲ
2632 4167 2837 4233 λαῖκὸς,
2870 4169 3010 4224 ἔστω
3044 4175 3427 4246 ἀκοινώνητος.

2753 4263 2992 4318 ΚΑΝΩΝ
3025 4265 3099 4322 Ζ’.

460 4339 562 4395 llis
594 4343 762 4408 lectis,
797 4347 1018 4406 decrevit
1045 4365 1229 4408 sancta
1253 4361 1510 4425 synodus,
1573 4379 1676 4417 non
1709 4365 1866 4423 licere
1919 4371 2034 4424 ι·ιεί-
2068 4385 2071 4440 ;

2174 4347 2379 4401 ὀὐτων
2402 4349 2933 4424 ἀναγνωσθέντων,
2959 4358 3180 4427 ὥρισεν
3202 4363 3241 4431 ἡ
3270 4365 3410 4435 ἁγία
3435 4369 3722 4442 σύνοδος,

527 4449 684 4501 quant
712 4436 875 4490 aliam
907 4440 1064 4507 [itlsm
1092 4445 1306 4512 a/ferre,
1351 4449 1430 4502 vel
1469 4454 1720 4522 scribere,
1768 4459 1847 4512 vel
1895 4479 2036 4515 cont-

524 4539 737 4592 ponere,
768 4544 922 4597 quam
953 4549 1073 4602 quw
1098 4552 1131 4588 a
1156 4541 1352 4592 sanctis
1382 4539 1655 4611 Patribus,
1700 4551 1789 4617 qui
1839 4551 2034 4613 Νίσαια

524 4622 827 4688 congregati
853 4635 974 4676 sunt
1006 4626 1062 4680 in
1085 4639 1268 4682 sancto
1292 4630 1523 4700 Spiritu,
1551 4638 1768 4705 deﬁnita
1798 4654 1898 4699 est.
1927 4647 2033 4710 Qui

525 4721 700 4762 autem
719 4711 884 4765 aliam
909 4717 1101 4771 audent
1121 4720 1280 4787 ﬁdem
1299 4738 1624 4792 componere,
1642 4731 1722 4784 vel
1743 4735 2028 4804 adducere,

526 4800 602 4852 vel
631 4802 818 4870 θίγοι-νε
847 4805 913 4858 iis
938 4807 1029 4873 qui
1059 4825 1112 4861 se
1143 4812 1211 4863 ad
1241 4814 1476 4868 veritatis
1507 4820 1824 4886 agnitionem
1850 4800 2030 4880 volunt

525 4906 840 4961 convertere,
876 4899 956 4952 rel
983 4915 1046 4954 ea:
1071 4903 1387 4972 gentilitate,
1421 4905 1499 4960 vel
1519 4925 1583 4962 ea:
1613 4911 1915 4981 Jndaismo,
1949 4917 2028 4973 vel

523 4998 590 5040 ex
617 5001 922 5052 quacunque
968 5004 1152 5066 secta;
1186 5010 1296 5061 eos,
1329 4997 1375 5049 si
1406 4999 1511 5051 sint
1542 5003 1748 5070 quidem
1775 5007 2023 5073 episcopi,

525 5076 604 5135 vel
625 5077 823 5142 clerici,
843 5081 905 5132 ab
928 5082 1228 5158 episcopatu
1249 5103 1359 5141 esse
1381 5091 1580 5146 alienos
1611 5096 1898 5167 episcopos,
1923 5110 2024 5154 et'a

523 5169 663 5222 clero
693 5173 943 5238 clericos;
974 5177 1019 5228 si
1052 5189 1225 5232 autem
1248 5182 1350 5234 sint
1383 5183 1527 5246 laici,
1559 5188 2020 5246 anathematizari.

525 5258 723 5312 Eodem
769 5273 942 5317 autem
977 5270 1129 5320 modo
1176 5269 1222 5322 si
1254 5271 1560 5338 deprehensi
1594 5274 1788 5341 fuerint
1827 5281 2016 5346 aliqui,

517 5351 624 5405 sive
647 5352 894 5420 episcopi,
929 5357 1032 5409 sive
1069 5358 1269 5424 clerici,
1297 5363 1398 5414 sive
1425 5361 1572 5428 laici,
1600 5365 1676 5418 vel
1706 5369 1916 5431 sentire,
1943 5374 2018 5425 vel

518 5444 702 5498 docere
721 5460 780 5498 ea
806 5462 921 5514 quae
951 5459 1070 5502 sunt
1094 5449 1148 5500 in
1179 5449 1346 5504 allata
1377 5469 1408 5505 a
1441 5452 1680 5509 Charisio
1715 5460 2016 5530 presbytero

520 5537 845 5603 expositione
880 5539 942 5591 de
989 5539 1227 5594 humana
1251 5554 1454 5596 natura:
1481 5549 1808 5614 susceptione
1835 5551 2015 5618 unige-

521 5625 620 5679 nits‘
646 5624 778 5681 Filii
819 5629 933 5696 Dei,
967 5629 1064 5687 "tre
1089 5632 1340 5688 scelerata
1387 5645 1437 5690 et
1481 5653 1724 5707 perversa
1773 5639 2014 5696 Nestor-ii

2207 4439 2418 4506 ἑτέραν
2442 4442 2652 4498 πίστιν
2677 4446 2885 4514 μηδενί
2915 4449 3139 4513 ἐξεῖναι
3165 4457 3500 4526 προφέρειν,
3527 4439 3720 4532 ἤγουν

2205 4531 2580 4601 συγγράφειν
2606 4535 2644 4604 ἣ
2701 4540 3047 4598 συντιθέναι
3065 4584 3080 4608 ,
3128 4549 3289 4615 παρὰ
3318 4550 3434 4616 τὴν
3461 4555 3719 4620 ὁρισθεῖ-

2203 4635 2328 4675 σαν
2364 4625 2525 4692 παρὰ
2562 4627 2681 4682 τῶν
2712 4630 2898 4700 ἁγίων
2935 4634 3211 4705 Πατέρων
3243 4641 3362 4694 τῶν
3393 4643 3464 4696 ἐν
3499 4645 3573 4713 τῇ
3615 4650 3720 4703 Νι⁴

2201 4713 2396 4767 καέων
2419 4718 2846 4786 συναχθέντων
2868 4725 3044 4778 πόλει
3071 4727 3196 4781 σὺν
3218 4730 3366 4798 ἁγιῳ
3394 4736 3718 4804 Πνεύματι.

2205 4801 2358 4870 Τοὺς
2387 4803 2456 4857 δὲ
2502 4809 2847 4878 τολμῶντας
2877 4813 2918 4882 ἢ
2952 4819 3296 4875 συντιθέναι
3331 4801 3563 4880 πίστιν-
3586 4829 3716 4885 ἑτέ-

2193 4915 2332 4966 ραν,
2371 4901 2563 4971 ἤγουν
2598 4909 2975 4977 προκομίζειν
3009 4912 3049 4981 ἢ
3092 4917 3415 4985 προφέρειν
3451 4921 3577 4989 τοῖς
3619 4925 3714 4979 θέ-

2195 4995 2418 5047 λουσιν
2438 4995 2821 5067 ἐπιστρέφειν
2838 5004 2924 5068 είς
2947 5002 3274 5074 ἐπίγνωσιν
3295 5009 3406 5078 τῆς
3428 5014 3709 5090 ἀληθείας

2194 5080 2235 5150 ἢ
2267 5082 2336 5146 ἐξ
2371 5083 2786 5156 Ἑλληνισμοῦ
2815 5091 2853 5160 ἢ
2884 5091 2954 5157 ἐξ
2992 5095 3392 5167 ἰουδατσμοῡ.
3421 5080 3614 5171 ἤγουν
3638 5080 3705 5173 ἐξ

2192 5175 2478 5242 αἱρέσεως
2505 5181 2872 5250 οίασδήποτε
2887 5201 2902 5215 ο
2927 5187 3199 5255 τούτους,
3225 5193 3276 5245 εί
3294 5192 3415 5260 μὲν
3437 5193 3562 5254 εἷεν
3582 5198 3708 5259 ἐπὶ·

2191 5281 2411 5320 σκοποι
2437 5268 2476 5337 ἣ
2503 5273 2796 5341 κληρικοί,
2822 5277 3184 5346 ἀλλοτρίους
3209 5280 3386 5350 εἷναι,
3414 5287 3555 5364 τοὺς
3576 5289 3709 5350 ἐπι-

2188 5356 2464 5422 σκόπους
2504 5359 2614 5429 τῆς
2661 5364 3000 5433 ἐπισκοπῆς
3045 5371 3142 5424 καὶ
3192 5373 3334 5439 τοὺς
3379 5356 3706 5450 κληρωτοὺς

2189 5441 2296 5496 τοῦ
2319 5445 2550 5514 κλήρου
2565 5464 2579 5479 ο
2603 5452 2656 5504 εὶ
2679 5451 2746 5505 δὲ
2765 5457 2960 5510 latitat
2987 5455 3131 5527 εἷεν,
3155 5441 3699 5535 ἀναθεματίξεσθαιξ

2185 5533 2348 5587 Κατὰ
2389 5539 2498 5591 τὸν
2530 5540 2672 5595 ἴσον
2703 5543 2772 5598 δὲ
2805 5549 3049 5618 τρόπον,
3083 5555 3138 5607 εὶ
3170 5533 3497 5626 φωραθεῖέν
3542 5575 3704 5634 τινες»

2186 5626 2308 5682 εἴτε
2344 5631 2668 5690 ἐπίσκοποι
2705 5638 2826 5694 εἴτε
2866 5645 3139 5716 κληρικοὶ
3176 5648 3214 5724 ἢ
3255 5652 3621 5722 φρονοῦντες
