4078 6414
429 307 532 370 367

1685 305 1961 366 TIIEOD.
1994 304 2402 366 ’BALSAMON

3568 302 3671 364 368

429 422 848 492 metropolitano
877 419 1036 490 hujus
1086 418 1309 473 canonis
1363 416 1691 487 exemplaria
1743 417 1808 471 ad
1864 433 1992 486 pro-

2103 421 2213 486 ρεῖς
2260 416 2643 487 ἀναφαίνηται.
2685 416 3021 485 Ἐξεχὼρησε
3067 414 3122 467 δέ
3170 413 3263 467 καὶ
3307 413 3523 483 ἑκάστῳ
3565 414 3672 467 τῶν

430 518 601 584 priatn
632 515 982 570 securitatem
1010 512 1259 580 accipere
1290 528 1305 565 :
1347 518 1401 564 et
1431 508 1637 563 nullam
1664 508 1822 562 aliam
1854 509 1993 564 scri-

428 618 575 678 ptam
627 604 1061 660 constitutionem
1115 603 1231 656 sive
1290 600 1623 669 imperialem
1672 602 1994 670 jussionem,

432 701 555 750 huic
585 696 777 750 canoni
810 700 1225 761 repugnantem,
1250 691 1318 745 ab
1340 690 1520 759 aliquo
1544 691 1758 745 allatam
1793 691 1991 746 valere.

427 786 567 854 Lege
591 794 641 838 et
667 783 961 838 secundum
980 798 1097 835 can.
1129 783 1377 835 secundae
1396 796 1541 851 syn.-,
1561 782 1630 834 28
1651 796 1773 834 can.
1790 794 1997 850 quartae

425 892 544 947 syn.
575 874 643 929 59
697 890 819 928 can.
874 884 1041 927 sextae
1085 888 1231 943 syn.,
1276 882 1331 928 et
1376 888 1496 940 quae
1539 874 1592 926 in
1647 887 1743 925 eos
1792 872 1992 941 scripta

424 977 570 1029 sunt,
610 975 665 1020 et
720 965 859 1019 scies
887 965 1154 1031 quomodo
1187 963 1454 1024 Ecclesia.
1496 978 1617 1032 quae
1656 961 1840 1018 Roma‘
1869 965 1995 1018 sub-

426 1068 601 1122 erant,
665 1058 862 1111 throno
904 1053 1403 1125 Constantinopolis
1446 1053 1705 1124 subjecta:
1767 1052 1990 1118 fuerint,

423 1146 663 1219 exceptis
690 1146 977 1215 aliquibus.

492 1323 745 1379 ZONAR.
764 1321 927 1393 Cypri
947 1321 1232 1391 episcopos
1250 1321 1467 1375 creandi
1493 1321 1611 1387 ejus
1639 1321 1989 1375 Antiochenze

370 1414 377 1427 '
420 1418 525 1471 sibi
577 1415 829 1470 Ecclesize
864 1414 1129 1468 antistites
1186 1413 1513 1478 vindicabat,
1563 1412 1699 1467 forte
1737 1416 1878 1481 quod
1939 1415 1989 1468 in

423 1510 740 1564 Antiocheni
794 1508 944 1561 ducis
1008 1506 1209 1559 ditione
1272 1520 1334 1560 ea
1386 1506 1560 1559 insula
1590 1506 1792 1574 priscis
1855 1516 1991 1560 tem-

422 1602 646 1671 poribus
676 1599 899 1654 l'uisset:
952 1612 1072 1649 nam
1105 1612 1133 1648 a
1162 1596 1297 1649 duce
1343 1594 1679 1651 Antiocheno
1708 1596 1992 1665 praefectus

425 1696 536 1749 illic
563 1692 896 1747 mittebatur.
934 1690 1071 1759 Ejus
1118 1689 1196 1742 rei
1224 1688 1501 1754 querelam
1541 1688 1725 1758 Cyprii
1771 1690 1990 1759 quidam

2102 496 2516 578 μητροπολιτῶν
2545 507 2871 561 ἐκλαὸέσθαι
2901 508 2972 560 τά
3003 508 3092 560 ἶσα
3122 505 3214 558 τοῦ
3246 506 3485 563 τοιούτου
3516 506 3675 558 κανό-

2098 618 2185 662 νος
2218 602 2297 661 εἰς
2330 600 2537 655 οἰκείαν
2571 600 2902 665 ἀσφάλειαν,
2936 602 3027 651 καὶ
3062 598 3197 667 μηδὲ
3233 600 3453 667 κρατεῖν
3484 597 3672 667 ἕτερον

2096 689 2378 758 ἔγγραψον
2407 689 2610 754 τύπον,
2643 690 2811 758 ἧγουν
2845 686 3122 757 βασιλικὸν
3155 688 3484 756 πρόσταγμα
3520 688 3676 739 ἐναν-

2097 780 2380 849 τιούμενον
2411 780 2489 848 τῷ
2520 781 2700 834 κανόνι
2732 779 2905 850 τούτῳ
2925 820 2940 844 ,
2977 780 3129 848 παρά
3158 795 3302 840 τινος
3333 778 3663 847 προκομιζό-

2100 887 2283 938 μενον.
2316 870 2431 923 Καὶ
2464 870 2739 939 ἀνάγνωθι
2781 871 2872 924 τὸν
2978 871 3179 923 κανόνα
3211 872 3308 937 τῆς
3345 868 3389 938 β’
3414 870 3632 921 συνόδου
3656 909 3671 929 ,

2095 962 2187 1012 τὸν
2224 968 2310 1031 κη’
2346 962 2444 1031 τῆς
2478 963 2520 1014 δ’
2544 963 2759 1015 συνόδου
2784 1005 2796 1023 ,
2832 964 2922 1014 τὸν
2954 961 3030 1015 λθ¹
3077 963 3174 1031 τῆς
3212 959 3265 1025 ς’
3292 962 3507 1014 συνόδού
3530 1003 3544 1024 ,
3579 961 3673 1013 καὶ

2095 1052 2162 1104 τὰ
2189 1055 2245 1105 ἐν
2270 1052 2451 1115 αὐτοῖς
2472 1070 2485 1083 ·
2516 1055 2605 1105 καὶ
2639 1053 2828 1123 μάθοις
2857 1054 2969 1117 πῶς
2997 1053 3335 1123 ὑπετέθησαν
3361 1053 3416 1104 αί
3446 1052 3549 1103 ὑπὸ
3575 1054 3674 1120 τὴν

2107 1143 2413 1213 Ῥωμανίαν
2429 1144 2744 1212 Ἐκκλησίαι
2767 1145 2893 1197 ἄνευ
2918 1145 3077 1199 τινῶν
3101 1144 3178 1214 τῷ
3204 1144 3372 1214 θρόνῳ
3397 1144 3493 1212 τῆς
3522 1144 3675 1196 Κων-

2097 1252 2375 1288 σταντινον
2385 1237 2612 1298 πόλεως.

2164 1328 2411 1382 ΖΩΝᾹΡ.
2450 1329 2509 1382 Ὀ
2544 1331 2641 1399 τῆς
2680 1329 2992 1399 Ἀντιοχέων
3033 1329 3353 1398 Ἐκκλησίας
3388 1328 3672 1399 ἀρχιερεὺς

2095 1418 2183 1486 ὑφ’
2205 1420 2394 1471 ἐαυτὸν
2424 1415 2571 1471 εἷλκε
2599 1420 2697 1483 τὰς
2727 1420 2834 1473 τῶν
2864 1418 3124 1487 Κυπρίων
3158 1418 3467 1470 ἐπισκόπων
3496 1434 3672 1487 χειρο-

2093 1511 2293 1575 τονίας,
2333 1512 2408 1574 ὡς
2450 1512 2589 1583 τάχα
2628 1512 2726 1579 τῆς
2773 1513 2997 1579 Κύπρου
3039 1510 3098 1563 τὸ
3144 1493 3370 1562 παλαιζν
3413 1507 3672 1571 τελούσης

2094 1603 2199 1655 ὑπὸ
2249 1603 2340 1655 τὸν
2386 1602 2554 1656 δοῦκα
2598 1604 2946 1674 Ἀντιοχείας.
2995 1602 3151 1673 Παρά
3196 1603 3304 1674 γάρ
3344 1600 3434 1654 τοῦ
3483 1601 3668 1662 δουκδς

2105 1696 2431 1764 Ἀντιοχείας
2484 1697 2764 1749 ἐστέλλετο
2817 1698 2934 1749 ἐκεῖ
2990 1697 3311 1765 στρατηγός.
3368 1694 3465 1746 Διά
3516 1692 3672 1747 τοῦτο

424 1786 661 1856 episcopi
695 1786 761 1837 ad
790 1786 1054 1853 synodum
1097 1781 1357 1846 detulere,
1414 1796 1588 1849 neque
1643 1783 1694 1836 id
1753 1799 1988 1850 utiquam

2098 1788 2399 1855 προσῆλθόν
2430 1804 2571 1850 τινες
2598 1787 2707 1840 τῶν
2738 1788 2997 1858 Κυπρίων
3030 1787 3341 1839 ἐπισκόπων
3370 1788 3433 1856 τῇ
3470 1784 3622 1837 συνόδ
3642 1804 3669 1851 ;›

424 1878 762 1931 Antiocheno
808 1870 1134 1943 patriarcha:
1167 1869 1309 1937 juris
1356 1867 1545 1935 fuisse,
1601 1881 1659 1922 ut
1692 1871 1759 1923 ab
1790 1885 1853 1924 eo
1887 1871 1992 1940 Cy-

424 1970 663 2038 priarum
694 1966 913 2045 urbium
962 1963 1204 2033 episcopi
1259 1964 1663 2025 ordinarentur,
1710 1972 1819 2014 tum
1871 1964 1993 2017 viva

423 2062 641 2131 ipsimet
670 2061 918 2114 oratione
965 2066 1076 2110 tum
1113 2055 1332 2125 scriptis
1378 2056 1430 2109 in
1486 2069 1603 2108 eam
1669 2055 1989 2109 sententiam

422 2152 705 2215 codicillis,
740 2150 990 2204 docuere.
1036 2146 1427 2217 Episcoporum
1480 2147 1661 2217 itaque
1713 2163 1991 2217 processu,

422 2246 538 2300 sive
584 2243 973 2313 supplicatione
1024 2242 1318 2311 approbata
1374 2240 1561 2294 statuit
1610 2241 1851 2310 synodus
1888 2240 1993 2309 Cy—

425 2335 665 2405 priorum
710 2332 1013 2401 episcopos,
1067 2331 1359 2385 secundum
1410 2342 1731 2384 Sanctorum
1771 2327 1989 2382 Patrum

424 2440 659 2482 canones
683 2433 736 2478 et
761 2424 1037 2491 antiquam
1071 2420 1542 2482 consuetudinem,
1580 2420 1780 2473 illaesos
1822 2431 1875 2472 et
1907 2421 1995 2472 in-

425 2520 647 2571 tletnnes
678 2513 814 2569 fore.
853 2510 983 2564 Nam
1010 2524 1247 2565 canones
1271 2510 1509 2578 quidem,
1545 2519 1594 2561 et
1626 2510 1990 2577 apostolorum

427 2605 735 2675 trigesimus
773 2592 1015 2671 quintus,
1058 2607 1112 2653 et
1142 2599 1492 2653 Antiocheam
1541 2602 1730 2669 synodi
1781 2601 1991 2666 tertius,

426 2710 495 2750 ne
524 2696 575 2749 in
608 2693 800 2747 alienis
830 2688 1121 2760 provinciis
1152 2688 1255 2741 sibi
1279 2702 1385 2740 non
1403 2687 1664 2757 subjeCtis
1692 2687 1994 2741 ordinatio-

433 2801 525 2840 nes
557 2783 750 2837 .facere
778 2780 1015 2850 episcopi
1069 2780 1325 2839 audeant.
1369 2792 1546 2841 secus,
1604 2779 1814 2831 irritum
1874 2793 1995 2833 esse

427 2877 569 2947 quod
592 2874 857 2933 iecerint,
902 2872 1046 2942 ipsos
1077 2887 1204 2923 vero
1234 2869 1430 2938 deponi
1470 2868 1663 2937 jubent
1701 2886 1713 2924 :
1750 2883 1993 2925 mcume-

426 2970 563 3020 nica:
604 2978 732 3016 vero
757 2961 951 3031 prima:
980 2959 1171 3027 synodi
1223 2967 1410 3014 sextus
1436 2967 1490 3012 et
1523 2958 1808 3026 septimus,
1850 2959 1986 3012 anti-

426 3073 561 3126 quas
597 3054 1033 3115 consuetudines,
1088 3053 1155 3104 ah
1206 3050 1341 3119 ipsis
1384 3064 1603 3118 quoque
1637 3050 1991 3105 ecclesiarum

425 3148 769 3218 praesulibus,
824 3141 1132 3198 servandas
1166 3158 1286 3196 esse
1319 3143 1578 3196 decernit.
1612 3141 1850 3208 Quorum
1904 3118 2063 3196 ca-c

427 3255 618 3293 nonem
658 3224 908 3304 vestigiis
942 3233 1127 3286 Patres
1162 3234 1247 3286 hic
1276 3247 1491 3301 quoque
1534 3234 1809 3287 reverendi
1859 3234 1993 3286 insi-

340 3392 347 3403 ,
425 3342 652 3397 stentes,
680 3338 741 3383 ut
769 3344 797 3381 a
824 3326 1037 3396 Cypriis
1064 3324 1333 3394 episcopis
1360 3324 1476 3394 ejus
1500 3324 1690 3380 insulae
1722 3326 1994 3380 antistites

422 3423 761 3485 ordinentur,
787 3419 1034 3486 idemque
1055 3418 1182 3471 locis
1208 3418 1458 3471 omnibus
1484 3417 1704 3471 omnino
1726 3427 1988 3483 servetur,
2036 3452 2039 3457 -

424 3531 530 3571 neu
564 3512 896 3585 provinciam
927 3510 1188 3577 aliquam,
1215 3524 1337 3579 qua:
1370 3524 1476 3562 non
1511 3508 1613 3563 sibi
1637 3516 1693 3563 et
1716 3509 1992 3579 antiquioq

427 3609 576 3661 ribus
615 3605 883 3674 episcopis
908 3602 1149 3671 subjecta
1189 3599 1298 3668 jam
1337 3601 1460 3655 inde
1487 3600 1553 3654 ab
1590 3600 1746 3654 initio
1805 3600 1989 3666 fuerit,

425 3701 681 3755 invadere
715 3698 970 3766 episcopo
1011 3696 1190 3759 liceat,
1225 3695 1534 3748 decrevere.
1578 3692 1731 3759 Quod
1776 3695 1819 3749 si
1868 3710 1992 3763 pro-

426 3793 659 3847 vinciam
684 3802 790 3842 non
815 3804 926 3842 suae
949 3787 1174 3842 ditionis
1208 3786 1476 3855 quispiam
1506 3786 1870 3855 usurpaverit,
1904 3788 1987 3850 iis,

425 3885 697 3953 inquiunt,
723 3882 921 3951 quibus
948 3879 1130 3932 invitis
1160 3889 1243 3931 est
1278 3878 1480 3943 ablata,
1512 3888 1672 3946 atque
1710 3888 1988 3947 usurpata,

427 3976 676 4030 restituat
707 3990 720 4026 :
753 3989 819 4025 ne
839 3971 921 4024 vel
944 3986 1008 4023 ex
1030 3984 1115 4033 eo,
1140 3968 1370 4033 scilicet,
1402 3970 1697 4020 ancteritas
1725 3983 1989 4020 canonum

422 4068 791 4138 infringatur,
844 4063 925 4118 vel
978 4063 1119 4119 sacri
1179 4059 1418 4115 muneris
1469 4062 1700 4114 obeundi
1750 4060 1987 4114 studium

421 4162 700 4217 ambitioni
733 4166 1108 4229 praetexentes,
1129 4158 1193 4208 ad
1225 4157 1437 4209 inanem
1467 4165 1692 4208 terrenae
1712 4156 1990 4223 potestatis

416 4254 817 4324 ampliﬁcanda:
871 4251 1219 4319 cupiditatem
1281 4250 1549 4303 antistites
1616 4248 1986 4301 delabantur:

412 4361 626 4414 nosque
652 4345 898 4413 proinde,
933 4342 1210 4395 dominatu
1241 4356 1451 4397 eorum.
1472 4328 1681 4407 quibus
1710 4340 1855 4391 nulla
1902 4339 1992 4408 ju-

2094 1880 2287 1954 ταύτῃ,
2316 1880 2563 1948 λέγοντες
2586 1879 2745 1933 τοῦτο
2770 1880 2919 1944 αὐτὸ,
2950 1881 3042 1933 καὶ
3070 1880 3137 1931 δι’
3158 1879 3447 1947 ἐγγράφων
3472 1877 3677 1944 ἀναφέ-

2084 1976 2279 2042 ροντες
2329 1972 2410 2024 ὅτι
2455 1966 2554 2025 οὐκ
2601 1969 2659 2034 ἐξ
2708 1970 2862 2034 ἐθους
2908 1970 3137 2024 παλαιοῦ
3190 1970 3395 2024 δίκαιον
3440 1968 3596 2038 ἔσχεν
3644 1969 3673 2020 ὁ

2107 2061 2436 2132 Ἀντιοχείας
2480 2063 2804 2132 χειροτονεῖν
2845 2061 2970 2124 τοὺς
3014 2048 3341 2123 ἐπισκόπους
3384 2058 3666 2127 Κυπρίων.
3714 2056 3717 2057 ⁷

2106 2152 2442 2223 Ἐψηφίσατο
2482 2147 2574 2205 οὖν
2614 2153 2647 2222 ή
2690 2150 2926 2215 σύνοδος,
2965 2149 3063 2220 τὴν
3111 2150 3371 2218 πρόσοδον
3415 2150 3530 2218 ἦτοι
3573 2146 3670 2211 τὴν

2095 2244 2448 2314 προσέλευσιν
2480 2242 2747 2312 δεξαμένη
2784 2241 2889 2294 τῶν
2927 2240 3262 2305 ἐπισκόπων,
3297 2240 3358 2291 τὸ
3398 2238 3669 2307 ἀνεπηρέο

2096 2351 2259 2388 αστον
2286 2334 2380 2388 καὶ
2409 2335 2665 2387 ἀϐίαστον
2694 2333 2838 2404 ἔχειν
2866 2330 2991 2395 τοῦς
3017 2331 3125 2384 τῶν
3159 2330 3420 2402 Κυπρίων
3448 2329 3668 2381 ἐπισκό-

2096 2444 2253 2490 πους,
2298 2422 2599 2490 κατά⁸τοὺς
2647 2426 2877 2486 κανόνας
2916 2425 3022 2477 τῶν
3062 2424 3230 2492 ἁγίων
3273 2422 3532 2490 Πατέρων
3575 2420 3670 2473 καὶ

2095 2518 2193 2590 τὴν
2226 2518 2458 2587 ἀρχαίαν
2494 2518 2801 2587 συνήθειαν.
2840 2518 2895 2569 Ὀ
2927 2518 3036 2585 γὰρ
3070 2515 3386 2585 τριακοστὸς
3422 2514 3671 2581 πέμπτος

2096 2604 2278 2660 κανὼν
2320 2607 2431 2659 τῶν
2472 2606 2646 2675 ἁγίων
2684 2607 3004 2660 ἀποστόλων
3048 2610 3141 2659 καὶ
3183 2609 3210 2659 ὁ
3253 2608 3433 2676 τρίτος
3473 2605 3568 2675 τῆς
3613 2606 3668 2655 ἐν

2110 2699 2415 2768 Ἀντιοχείᾳ.
2451 2699 2668 2751 συνόδου
2708 2701 2783 2769 μὴ
2812 2698 3019 2770 τολμᾷν
3049 2700 3176 2760 τοὺς
3209 2698 3539 2758 ἐπισκόπους
3574 2712 3667 2747 κει

2095 2790 2312 2844 λεύουσι
2348 2791 2615 2845 ποιεῖσθαι
2654 2789 2983 2860 χειροτονίας
3020 2794 3099 2852 εἰς
3130 2789 3229 2853 τὰς
3265 2788 3339 2860 μὴ
3377 2787 3675 2855 ὑποκειμέ-

2098 2902 2194 2947 νας
2226 2884 2407 2947 αὐτοῖς
2438 2882 2741 2954 ἐπαρχίας*
2773 2885 2821 2935 εἰ
2855 2883 2909 2936 δέ
2948 2884 3024 2952 μὴ
3045 2922 3061 2946 ,
3094 2882 3274 2951 ἀκυρα
3310 2881 3407 2951 μὲν
3434 2881 3503 2933 τά
3537 2878 3670 2951 παρ’
3741 2904 3754 2923 ι

2096 2974 2322 3027 ἐκείνων
2362 2975 2675 3043 πραχθέντα
2718 2969 2881 3036 εἶναι,
2924 2973 3121 3036 αὐτοὺς
3162 2974 3218 3027 δὲ
3262 2971 3667 3042 καθαιρεῖσθαι.

2097 3066 2207 3120 Καὶ
2232 3067 2260 3119 ὁ
2290 3066 2447 3130 ἐκτος
2475 3067 2531 3118 δέ
2562 3066 2740 3119 κανὼν
2768 3056 2863 3119 καὶ
2896 3066 2923 3117 ό
2958 3064 3183 3135 ἕϐδομος
3210 3065 3307 3135 τῆς
3337 3064 3563 3134 πρώτης
3592 3066 3671 3115 ol-

2096 3158 2428 3229 κουμενικῆς
2466 3158 2685 3211 συνόδου
2722 3160 2789 3210 τὰ
2827 3158 3032 3227 ἀρχαῖα
3068 3158 3161 3227 ἔθη
3200 3159 3303 3210 κάν
3337 3160 3445 3219 τοῖς
3482 3159 3669 3229 ἀρχιε-

2097 3250 2251 3320 ρεῦσι
2281 3250 2501 3318 κρατεῖν
2526 3247 2916 3301 διατάττονται.
2945 3241 3039 3309 Οἷς
3065 3247 3127 3317 δὴ
3160 3247 3379 3299 κανόσιν
3406 3247 3665 3316 ἑπόμενοι

2094 3344 2188 3391 καὶ
2228 3339 2276 3390 οί
2315 3337 2414 3406 τῆς
2453 3336 2674 3389 συνόδου
2712 3338 2915 3406 ταύτης
2955 3336 3143 3388 σεπτοὶ
3184 3335 3423 3405 Πατέρες
3460 3334 3669 3406 ὥρισαν

2094 3430 2191 3481 καὶ
2222 3429 2348 3491 τοὺς
2374 3428 2636 3497 Κυπρίων
2667 3428 2996 3488 ἐπισκόπους
3029 3426 3092 3479 δι’
3126 3425 3333 3478 ἑαυτῶν
3362 3426 3457 3489 τὰς
3492 3445 3668 3498 χειρο-

2094 3522 2275 3584 τονίας
2324 3519 2434 3572 τῶν
2483 3519 2541 3571 ἐν
2589 3520 2655 3588 τῇ
2707 3519 2855 3589 νήσῳ
2900 3519 3075 3590 ταύτῃ
3124 3518 3441 3571 ἐπισκόπων
3474 3521 3658 3579 ποιεῖν,

2092 3612 2250 3666 τοῦτο
2281 3612 2339 3665 δέ
2373 3608 2619 3679 γίνεσθαι
2658 3612 2750 3663 καὶ
2783 3610 3100 3679 ἁπανταχοῦ
3122 3650 3136 3674 ,
3169 3611 3264 3663 καὶ
3302 3613 3374 3679 μή
3407 3626 3525 3663 τινα
3550 3609 3655 3660 τῶν

2093 3705 2405 3758 ἐπισκόπων
2442 3703 2858 3774 σφετερίζεσθαι
2900 3703 3169 3773 ἐπαρχίαν
3209 3702 3284 3773 μὴ
3328 3700 3491 3755 οὖσαν
3527 3702 3659 3754 ἀκω-

2094 3796 2215 3862 Θεν,
2246 3800 2412 3867 ἦγουν
2442 3797 2674 3850 ἔκπαλαι
2706 3797 2801 3849 καὶ
2830 3798 3068 3867 ἀρχῆθεν
3087 3838 3100 3861 ,
3132 3798 3223 3849 ὑπ’
3250 3799 3410 3850 αὐτὸν
3441 3798 3533 3850 καὶ
3560 3797 3663 3848 ὑπὸ

2092 3889 2216 3948 τοὺς
2260 3886 2365 3955 πρὸ
2410 3887 2595 3939 αὑτοῦ.
2636 3888 2696 3938 Εἰ
2741 3872 2799 3938 δέ
2844 3886 2936 3939 καί
2976 3905 3079 3949 τις,
3124 3886 3308 3955 φασὶν,
3349 3887 3666 3957 ᾠκειώσατο

2092 3977 2359 4049 ἐπαρχίαν
2391 3978 2467 4047 μὴ
2497 3979 2807 4047 ἀνήκουσαν
2838 3977 3006 4046 αύτῷ,
3040 3978 3284 4031 ἀποδότω
3313 3978 3519 4047 ταύτην
3551 3981 3665 4039 τοῖς

2092 4068 2364 4137 βιασθεῖσι
2388 4071 2480 4122 καὶ
2509 4069 2883 4140 ἀφαιρεθεῖσιν
2919 4068 3089 4140 αὐτήν
3112 4086 3127 4100 ο
3164 4070 3247 4121 ἵνα
3280 4070 3357 4139 μὴ
3389 4069 3668 4139 παρασαὶ-

2092 4177 2294 4212 νωνται
2327 4160 2375 4211 οί
2407 4162 2649 4225 κανόνες,
2680 4162 2773 4213 καὶ
2804 4158 3053 4229 ἀφορμὴν
3082 4160 3295 4229 ἔχοντες
3321 4162 3419 4230 τὴν
3449 4162 3665 4228 ἱερουρε

2091 4252 2236 4320 γίαν,
2263 4255 2357 4305 καὶ
2383 4252 2584 4320 ταύτην
2610 4246 2719 4305 οἷόν
2748 4270 2797 4303 τι
2826 4254 3200 4322 προκάλυμμα
3227 4252 3663 4321 προϐαλλόμενοι

2091 4347 2360 4413 κοσμικῆς
2402 4343 2651 4407 ἐξουσίας
2693 4342 2997 4407 κενοδοξίαν
3038 4346 3546 4412 παρεισερχομένην
3582 4346 3662 4405 εἰς

421 4451 505 4493 sta
543 4435 840 4504 imperandi
890 4447 1052 4486 causa
1088 4441 1168 4485 est
1203 4430 1467 4498 oppressi,
1514 4429 1777 4482 libertatis
1811 4431 1985 4497 jactu—

2093 4435 2317 4495 ἑαυτοὺς
2356 4434 2550 4502 ἔχωσιν
2590 4435 2638 4487 οί
2678 4437 2985 4504 ἀρχιερεῖς,
3027 4438 3119 4486 καὶ
3164 4434 3502 4503 δουλούμενοι
3546 4439 3661 4493 τοῖς

408 4545 539 4584 .ram
574 4527 855 4588 iaciamus,
893 4538 1054 4591 quam
1099 4521 1253 4575 nobis
1304 4520 1567 4573 Dominus
1599 4520 1840 4589 'lurgitus
1882 4530 1985 4582 est,

418 4636 517 4674 suo
547 4618 717 4687 ipsius
744 4617 1009 4683 sanguine
1038 4626 1134 4681 pro
1172 4612 1447 4664 hominum
1494 4611 1745 4664 libertate
1794 4610 1983 4664 effuso.

416 4711 778 4778 Quamobrem
827 4721 922 4758 sua
955 4703 1151 4771 cuique
1176 4702 1468 4771 provincite
1495 4701 1639 4770 jura,
1681 4713 1867 4756 sancta
1898 4718 1987 4772 sy-

422 4804 614 4867 nodus,
663 4778 806 4853 faeta‘
833 4801 996 4851 etiam
1036 4794 1467 4863 metmpolitanis
1498 4794 1656 4864 hujus
1708 4794 1867 4848 edicti
1894 4795 1989 4847 dc-

421 4893 699 4952 scribendi
734 4899 1018 4961 potestate,
1047 4902 1111 4942 ex
1132 4889 1353 4956 antiqua
1378 4886 1766 4941 consuetudine
1782 4886 1985 4940 servari

416 4989 569 5059 jubet
596 5002 612 5051 ;
652 4994 706 5038 et
728 4986 771 5038 si
801 4994 978 5052 typus,
1012 4981 1205 5048 inquit,
1236 4979 1316 5033 vel
1346 4980 1607 5046 scriptum
1634 4977 1849 5046 aliquod
1873 4975 2009 5042 jam'

420 5078 653 5134 decretis
706 5075 978 5131 contraria
1023 5073 1328 5142 exprimens
1384 5081 1435 5125 et
1476 5071 1812 5125 constituens
1859 5084 1985 5138 pro-

404 5168 646 5233 deratur,
681 5164 893 5219 irritum
926 5164 1016 5218 sit.

406 5344 648 5404 .ARIST.
679 5344 965 5401 Servantur
996 5360 1092 5396 sua
1126 5345 1315 5412 ruique
1354 5344 1641 5408 provincia:
1664 5348 1815 5411 jura,
1848 5360 1984 5413 pura

490 5458 549 5493 nc
580 5438 853 5493 inviolata.
912 5438 1014 5503 Qui
1066 5453 1181 5488 vero
1226 5436 1547 5490 contrariam
1579 5438 1719 5490 hisce
1756 5438 1982 5506 formam

487 5532 791 5595 introducit,
812 5529 985 5598 futilis
1011 5512 1107 5582 est.

480 5622 810 5691 Quicunque
866 5618 1111 5690 episcopi
1173 5620 1404 5675 alienam
1471 5618 1804 5691 provinciam
1871 5639 1982 5679 sua:

404 5714 669 5769 mtestati
696 5715 745 5768 vi
786 5714 1136 5783 subiecerint,
1180 5729 1301 5782 qua:
1329 5702 1457 5769 Olim
1489 5725 1541 5770 et
1578 5716 1647 5770 ab
1682 5716 1838 5771 initio
1873 5717 1973 5771 sub

2048 4548 2055 4555 -
2096 4529 2169 4598 μὴ
2202 4527 2383 4597 ἔχουσι
2416 4526 2623 4580 δίκαιον
2657 4527 3044 4598 ἀφαιρευῶμεν
3077 4528 3175 4597 τὴν
3211 4526 3559 4596 ἐλευθερίαν,
3594 4528 3663 4597 ἢν

2089 4624 2117 4673 ὁ
2152 4622 2353 4690 Κύριος
2386 4621 2521 4690 ἡμῖν
2555 4620 2885 4691 ἐδωρήσατο,
2922 4621 2982 4674 τὸ
3016 4622 3214 4673 οἰκεῖον
3246 4620 3486 4683 κενώσας
3524 4614 3662 4687 αἷμα

2092 4712 2230 4781 ὑπὲρ
2278 4711 2377 4781 τῆς
2423 4712 2531 4764 τῶν
2584 4711 2885 4780 ἀνθρώπων
2933 4711 3263 4781 ἐλευθερίας.
3318 4711 3408 4763 Διὸ
3457 4712 3662 4781 ἑκαστῃ

2090 4802 2325 4873 ἐπαρχίᾳ
2356 4802 2426 4854 τὰ
2458 4804 2632 4856 οίκεία
2662 4790 2845 4855 δίκαια
2881 4803 3021 4855 κατὰ
3052 4802 3112 4854 τὺ
3146 4803 3374 4861 παλαιὸν
3406 4802 3526 4863 ἔθος
3560 4819 3663 4867 (pu-

2090 4892 2376 4947 λάττεσθαι
2485 4894 2615 4961 ἁγία
2657 4893 2873 4956 σύνοδος
2912 4894 3237 4962 ἐψηφίσατο,
3279 4893 3373 4945 καὶ
3408 4896 3520 4955 τοῖς
3558 4910 3666 4961 μη-

2088 4984 2431 5053 τροπολίταις
2452 4984 2637 5039 ἄδειαν
2661 4983 2827 5035 ὢωκε
2849 4985 2916 5035 τά
2939 4984 3286 5053 ἐψηφισμένα
3309 4984 3658 5046 ἐκλαὸέσθαῑ)

2091 5078 2193 5129 κᾶν
2222 5077 2392 5138 τύπος
2412 5117 2426 5138 ,
2462 5078 2654 5144 φησιν,
2690 5076 2860 5146 ἧγουν
2894 5076 3164 5146 ἐγγραφόν
3196 5093 3283 5138 τι,
3314 5075 3653 5145 προκομισθῇ

2089 5168 2291 5221 τυποῦν
2340 5169 2435 5221 καὶ
2481 5166 2662 5238 όρίζον
2709 5168 2844 5221 ἀλλα
2888 5169 3041 5238 παρά
3090 5168 3160 5219 τὰ
3215 5166 3309 5220 νῦν
3356 5165 3655 5237 ὡρισμένα,

2089 5259 2291 5327 ἄκυρος
2319 5259 2496 5313 ἔσται.

2086 5354 2305 5408 ΛΡΙΣΤ.
2350 5357 2641 5423 ΤηρεΙο-θω
2684 5357 2754 5410 τὰ
2804 5356 3032 5423 ἑκάστῃ
3067 5356 3320 5423 ἐπαρχίᾳ
3355 5359 3660 5425 προσόντα

2155 5446 2359 5499 δίκαια
2396 5447 2642 5515 καθαρὰ,
2663 5450 2937 5502 ἀϐίαστα.
2977 5450 3039 5499 ‘0
3076 5449 3142 5501 δὲ
3177 5450 3368 5502 τύπον
3402 5448 3658 5503 ἀντικεί-

2152 5551 2345 5603 μενον
2374 5539 2605 5604 τούτοις
2641 5538 2899 5605 εὶσόιων
2928 5538 3245 5607 ἀνόνητος.

2156 5628 2310 5680 ’Ὀσοι
2350 5628 2459 5682 τῶν
2499 5631 2815 5683 ἐπισκόπων
2859 5631 2951 5702 βία
2995 5634 3100 5685 ὑπὸ
3138 5634 3238 5701 τὴν
3281 5632 3462 5688 αὐτῶν
3501 5633 3661 5701 χεῖρα

2084 5718 2350 5791 ἐπαρχίαν
2385 5722 2578 5791 ἑτέραν
2614 5724 2954 5792 ἐποιήσαντο,
2991 5728 3088 5779 οὐκ
3128 5722 3293 5779 οὖσαν
3327 5726 3531 5780 ἀνωθεν
3561 5724 3660 5777 καὶ
