4078 6386
381 384 485 447 363

1500 391 1551 451 N
1591 390 1755 450 CAN.
1792 386 1935 448 VIII
1980 387 2187 451 CONC.
2233 394 2492 455 EPHES.

3520 397 3627 461 370

380 493 440 556 ἐξ
468 490 642 560 ἀρχῆς
676 492 766 545 ὑπ’
790 494 1004 557 αὐτοὺς,
1036 496 1067 566 ἦ
1100 498 1394 566 προνόμιόν
1420 516 1472 551 τι
1501 499 1806 567 ἐπισκοπῆς
1832 496 1948 549 ἐτέ-

2066 499 2161 558 illis
2198 519 2301 558 non
2338 504 2457 570 fuit,
2490 503 2657 575 106‘
2685 510 2777 557 aut
2812 503 3043 561 alterius
3073 504 3420 576 episcopatus
3472 522 3629 562 usur-

383 602 480 654 ρας
511 585 866 654 ὑφήρπασαν,
893 588 1045 641 οὐδέν
1070 607 1123 643 τι
1149 592 1213 642 ἐκ
1238 591 1430 644 τούτου
1458 582 1915 661 δικαιωθήσονται
1933 605 1949 621 ⁸

379 677 492 729 ἀλλ’
549 678 978 733 ὲπανασωθῶσιν
1002 678 1159 745 αὖθις
1184 685 1320 753 πρὸς
1343 686 1468 748 τοὺς
1497 684 1716 753 ἔχοντας
1743 685 1951 737 δίκαιον

379 768 467 822 ἐπ’
489 769 655 832 αὑτὰς
683 773 1017 837 ἐπισκόπους
1041 792 1053 803 ·
1085 774 1165 827 ὅτι
1196 794 1299 846 περ
1325 777 1541 847 καθαρὰ
1573 779 1667 830 καὶ
1715 779 1952 831 ἀϐίαστα

377 859 688 928 ὀφείλουσιν
710 862 915 934 ἑκάστῃ
941 867 1181 936 ἐπαρχία
1206 871 1491 939 προσεῖναι
1515 871 1581 923 τὰ
1604 868 1810 925 δίκαια.
1843 871 1973 923 Kal.

379 951 456 1021 μὴ
490 952 657 1022 τῦφον
688 956 964 1025 κοσμικῆς
994 957 1244 1023 ἐξουσίας
1274 961 1333 1011 ὲν
1365 960 1674 1031 ἱερουργίας
1703 964 1951 1032 προσχήε

377 1060 512 1112 ματι
564 1045 1008 1114 παρεισδύεσθαι.
1049 1050 1109 1101 Ὃ
1156 1051 1214 1103 δὲ
1258 1051 1428 1107 τύπον
1477 1055 1715 1122 εἰσάγων
1761 1056 1949 1124 ἕτερον

372 1137 490 1197 τοῖς
516 1136 754 1191 ἐνταῦθα
782 1138 1077 1207 ὁρισθεῖσιν
1104 1142 1483 1214 ἀντικείμενον
1512 1144 1606 1199 καὶ
1639 1147 1949 1215 μαχόμενον

370 1227 527 1279 οὐδέν
554 1245 606 1280 τι
633 1228 1070 1302 ὠφεληθήσεται.

382 1446 707 1529 Ἐπιστολῄ
748 1451 859 1529 τῆς
887 1454 1078 1529 αὐτῆς
1114 1457 1183 1511 ἐν
1219 1457 1443 1527 Ἐφέσῳ
1471 1462 1642 1529 ἁγίας
1681 1465 1946 1521 συνόδου

448 1518 596 1605 πρὸς
638 1521 753 1605 τὴν
791 1526 860 1575 ἐν
883 1518 1221 1605 ,Παμφυλίᾳ
1262 1518 1447 1605 εὐαπῖῆ
1487 1518 1771 1600 σύνοδον,
1815 1518 1947 1605 περὶ

446 1589 785 1645 Εὐσταθίου
803 1594 911 1647 τοῦ
934 1589 1255 1665 γενομένου
1272 1589 1471 1654 αὑτων
1482 1589 1941 1673 μητροπολίτου.

374 1716 392 1748 ι
438 1701 596 1755 Μετὰ
619 1700 858 1772 βουλῆς
892 1707 1088 1763 πάντα
1118 1714 1304 1776 ποίει,
1348 1734 1366 1765 ι
1401 1715 1509 1783 τῆς
1538 1722 1946 1775 θεοπνεύστου

418 1795 741 1881 ,λεγούσης
771 1800 1038 1868 Γραφῆς,
1069 1803 1186 1871 χρὴ
1213 1806 1481 1873 μάλιστα
1508 1810 1648 1875 τοὺς
1676 1812 1943 1878 ἱερᾶσθαι

436 1888 742 1955 λαχόντας
765 1893 917 1958 μετὰ
946 1894 1155 1963 πάσης
1183 1898 1485 1967 ἀκριϐείας
1508 1900 1623 1971 τὴν
1646 1904 1737 1972 ἐφ’
1758 1904 1949 1960 ἅπασι

442 1978 569 2044 τοῖς
602 1982 920 2049 πρακτέοις
953 1987 1248 2042 ποιεῖσθαι
1280 1990 1625 2062 διάσκεψιν.
1674 1998 1950 2052 Διαϐιοῡν

436 2072 549 2138 γὰρ
594 2072 784 2140 οὕτως
832 2076 1173 2157 ἐθέλουσιν,
1219 2083 1289 2138 ἐν
1333 2086 1500 2151 καλῷ
1545 2088 1655 2157 τῆς
1699 2090 1948 2158 ἐλπίδος

440 2163 678 2219 κεῖσθαί
708 2184 772 2221 τε
805 2171 934 2223 κατ’
959 2162 1211 2241 αὐτοὺς,
1247 2178 1346 2233 καὶ
1381 2175 1507 2233 οἷον
1538 2181 1607 2245 ἐξ
1640 2185 1847 2251 οὐρίας
1880 2188 1948 2237 ἐν

439 2254 562 2321 τοῖς
611 2262 738 2310 κατ’
764 2261 960 2328 εὐχὴν
998 2265 1403 2335 ἀποφέρεσθαι
1446 2273 1762 2339 συμϐαίνει
1787 2292 1802 2306 ο
1848 2260 1946 2330 καὶ

438 2348 600 2402 πολὺ
628 2352 695 2403 τό
724 2370 790 2421 γε
818 2357 978 2422 εἰκὸς
1005 2361 1038 2411 ό
1063 2361 1245 2437 λόγος
1273 2361 1415 2430 ἔχει.
1449 2364 1610 2418 Ἀλλ’
1634 2363 1796 2421 οἶδεν
1818 2368 1945 2422 ἔσθ’

438 2437 551 2542 ὅτε
572 2440 798 2512 δριμεῖα
828 2448 925 2501 καὶ
954 2450 1263 2519 ἀφόρητος
1282 2456 1470 2523 λύπη,
1502 2462 1949 2529 κατασκήψασα

438 2538 584 2620 νοῦ,
629 2538 1048 2598 καταθολῶσαί
1090 2558 1153 2596 τε
1194 2544 1402 2612 δεινῶς
1443 2550 1648 2613 αὐτὸν,
1694 2551 1795 2604 καὶ
1837 2554 1948 2620 τῆς

440 2619 564 2675 τῶν
596 2624 853 2683 δεόντων
884 2631 1248 2703 ἀποκομίσαι
1282 2638 1495 2707 θήρας,
1527 2642 1852 2699 ἀναπεῖσαί
1884 2619 1961 2699 τε

443 2717 839 2811 Αγπεφυκὸς
886 2724 1119 2781 ἀδικεῖν
1163 2727 1244 2795 ὥς
1292 2748 1347 2793 τι
1400 2734 1519 2786 τῶν
1568 2735 1945 2811 ὀνησιφόρων

438 2807 614 2862 ἰδεῖν.
666 2813 944 2871 Τοιοῦτόν
984 2836 1037 2872 τι
1081 2825 1422 2879 πεπονθότα
1458 2827 1791 2896 τεθεάμεθα
1822 2807 1945 2885 ’τὸν

435 2902 889 2961 εὐλαϐέστατον
938 2912 1035 2965 καὶ
1088 2918 1555 2975 θεοσεϐέστατον
1604 2925 1945 2980 ἐπίσκοπον

436 2992 780 3098 Ευστάθιον
799 3014 812 3030 ·
841 3005 1317 3072 κεχειροτόνηται
1335 3010 1451 3078 μὲν
1472 3012 1605 3080 γὰρ,
1630 3015 1708 3081 ὡς
1724 3033 1944 3086 μεμαρ-

434 3092 706 3150 τύρηται.
762 3092 1091 3160 κανονικῶς
1118 3112 1135 3129 ο
1187 3103 1654 3171 τεθορυϐημένος
1706 3106 1806 3174 δὲ,
1863 3109 1943 3177 ὦς

2063 594 2307 663 paverint
2357 595 2718 665 privilegium,
2781 596 2911 651 nihil
2952 610 3021 650 ex
3071 611 3149 650 eo.
3196 611 3376 651 causae
3437 612 3623 653 eorum

2060 687 2307 755 addetur,
2337 690 2430 742 sed
2460 687 2526 742 ad
2562 688 2691 742 illos'
2713 704 2899 744 rursus
2925 691 3233 759 episcopos,
3286 692 3377 758 qui
3424 691 3510 757 jus
3557 692 3623 743 ait

2059 794 2152 835 eas
2191 782 2513 846 habuerunt,
2550 782 2927 838 restituantur.
2959 782 3091 835 Nam
3124 798 3253 851 pura
3280 792 3333 836 et
3365 783 3624 838 inviolata

2060 874 2255 926 debent
2294 872 2488 945 cuique
2516 873 2804 941 provincia:
2827 873 3030 926 servari
3056 873 3198 941 jura,
3229 884 3282 927 et
3308 874 3407 928 sub
3440 890 3625 928 sacer-

2058 963 2253 1018 dotalis
2279 965 2520 1019 muneris
2548 972 2806 1033 praetextu
2845 963 3121 1018 smcularis
3142 966 3393 1031 potentia:
3419 964 3620 1020 fas:qu

2012 1088 2017 1093 -
2059 1070 2161 1109 nun
2205 1055 2406 1110 subire.
2476 1054 2531 1108 Si
2560 1055 2681 1123 quis
2718 1065 2897 1108 autem
2952 1055 3386 1109 constitutionem
3438 1055 3621 1122 aliam,

434 3190 626 3242 φησι,
660 3178 821 3246 παρά
852 3198 1057 3249 τινων,
1098 3188 1198 3241 καὶ
1234 3190 1551 3261 ἀδοκήτοις
1586 3202 1940 3265 περιστάσε-
1970 3187 2013 3246 (ἶ

433 3283 547 3320 σιν
587 3267 956 3341 ἐμϐεϐηκὼς,
996 3274 1125 3332 εἶτα
1167 3281 1236 3334 ἐκ
1280 3286 1518 3355 πολλῆς
1560 3288 1714 3357 ἄγαν
1752 3294 1940 3362 ἀπρα-

432 3364 753 3432 γμοσύνης
786 3368 1122 3440 ἀπειρηκὼς
1152 3379 1266 3443 τὴν
1298 3377 1661 3435 ἀντίστασιν
1692 3384 1809 3438 τῶν
1839 3389 1943 3442 ἐπ-

432 3457 851 3524 ενηνεγμένων
866 3463 1024 3529 αὑτῷ
1039 3468 1389 3535 φροντίδων,
1411 3472 1509 3525 καὶ
1525 3472 1943 3544 διακρούεσθαι

431 3548 543 3614 τὰς
585 3552 748 3618 παρὰ
785 3551 904 3607 τῶν
936 3555 1355 3628 ἐπιφυομένων
1390 3565 1551 3630 αὐτῷ
1595 3567 1943 3640 δυσφημίας

432 3642 792 3713 δυνάμενος,
826 3650 1240 3720 παραιτήσεως
1268 3657 1379 3710 οὐκ
1411 3658 1590 3727 ἴσμεν
1616 3661 1774 3730 ὅπως
1802 3681 1944 3734 προσ

434 3736 682 3804 εκόμισε
708 3739 987 3801 ,βιϐλίον’
1020 3744 1141 3798 ἔδει
1176 3745 1287 3815 γὰρ
1318 3749 1398 3814 ὡς
1431 3750 1595 3817 ἅπαξ
1625 3755 1943 3827 ἐγκεχειρι-
2010 3778 2013 3783 '

442 3829 669 3895 σμένον
719 3833 1025 3902 ἱερατικὴν
1066 3840 1378 3906 φροντίδα,
1427 3846 1649 3913 ταύτης
1696 3850 1942 3918 ἔχεσθαι

446 3921 565 3984 μετ’
586 3924 910 3991 εὐρωστίας
939 3931 1370 3999 πνευματικῆς,
1402 3935 1499 3989 καὶ
1533 3932 1663 3991 οἷον
1685 3940 1944 3993 ἀνταπο-

455 4009 687 4100 δύεσθαι
710 4016 836 4083 τοῖς
864 4019 1098 4086 πόνοις,
1130 4023 1228 4075 καὶ
1260 4024 1475 4091 ἱδρῶτα
1513 4030 1620 4083 τὸν
1647 4029 1943 4100 ἔμμισθον

458 4099 735 4160 ἑθελοντεὶ
773 4108 1123 4189 ὑπομεῖναι,
1144 4112 1384 4181 Ἐπειδὴ
1426 4114 1494 4181 δέ
1532 4117 1698 4183 ἅπαξ
1725 4099 1943 4190 ὀλιγώ-

441 4210 556 4259 [ως
592 4198 808 4265 ἔχοντα
848 4201 1198 4268 παρέδειξεν
1238 4205 1474 4270 ἑαυτὸν,
1518 4210 1695 4264 τοῦτο
1736 4213 1942 4267 παθὼν

443 4286 509 4349 ἐξ
544 4288 1016 4361 ἀπραγμοσύνης
1048 4294 1291 4363 μᾶλλον
1326 4298 1588 4367 ῆιὸκνου
1625 4303 1722 4356 καὶ
1757 4305 1941 4373 ρᾳθυ-

434 4380 605 4445 μίας,
664 4387 1157 4451 κεχειροτόνηκεν
1207 4388 1543 4457 ἀναγκαίως
1596 4394 1635 4461 ἡ
1688 4396 1942 4465 ὑμετέρα

436 4472 739 4577 θεοσεϐεια
778 4476 1373 4577 τὸνειῗσεϐέστατον
1410 4484 1509 4537 καὶ
1553 4488 1938 4543 θεοσεϐέστα-
1972 4523 2014 4577 D

432 4578 539 4613 τον
570 4563 843 4632 ἀδελφὸν
877 4567 1045 4635 ἡμῶν
1078 4570 1179 4624 καὶ
1212 4576 1683 4631 συνεπίσκοπον
1718 4581 1937 4635 Θεόδω-

421 4667 561 4716 ρον.
604 4656 1004 4720 φροντιοῦντα
1042 4659 1153 4727 τῆς
1192 4663 1545 4731 ἐκκλησίας.
1583 4670 1664 4722 Οὐ
1707 4670 1817 4738 γὰρ
1859 4668 1939 4742 ἦν

427 4742 772 4798 ἀκόλουθον
792 4749 1068 4815 χηρεύειν
1090 4753 1303 4820 αὐτὴν,
1329 4756 1425 4807 καὶ
1451 4757 1776 4815 ἐπιστάτου
1800 4764 1938 4832 δίχα

428 4833 730 4888 διατελεῖν
760 4839 863 4891 τοῦ
894 4839 1170 4909 Σωτῆρος
1201 4843 1270 4897 τὰ
1302 4848 1566 4916 ποίμνια.
1603 4852 1841 4921 Ἐπειδὴ
1870 4854 1938 4908 δὲ

429 4925 745 4993 προσῆλθε
786 4931 1033 4997 κλαίων,
1072 4934 1144 4988 οὐ
1190 4938 1321 5004 περὶ
1366 4937 1479 5006 τῆς
1521 4941 1753 5008 πόλεως
1795 4944 1937 4998 οὐδὲ

431 5018 543 5081 τῆς
582 5018 917 5087 ἐκκλησίας
955 5027 1312 5091 φιλονεικῶν
1336 5027 1424 5093 ’τῷ
1459 5035 1935 5099 μνημονευθέντι
2000 5020 2003 5027 λ

428 5112 880 5178 θεοσεϐεστάτῳ
913 5113 1225 5185 ἐπισκόπῳ
1257 5119 1550 5188 Θεοδώρῳ,
1583 5124 1835 5189 ἐξαιτῶν
1864 5128 1933 5181 δὲ

427 5199 576 5266 τέως
622 5202 737 5268 τὴν
781 5203 887 5257 τοῦ
935 5204 1276 5262 ἐπισκόπου
1322 5210 1503 5279 τιμὴν
1542 5215 1642 5267 καὶ
1686 5215 1937 5283 κλῆσιν,

428 5295 914 5368 συνηλγήσαμεν
939 5297 1200 5365 ἅπαντες
1226 5300 1306 5367 τῷ
1333 5306 1663 5374 πρεσϐύτῃ.
1696 5309 1791 5361 καὶ
1820 5326 1943 5363 κοι-

428 5387 543 5437 νὸν
557 5386 708 5439 εἶναι
729 5388 1115 5458 λογισάμενοι
1132 5396 1197 5447 τὸ
1218 5395 1406 5449 αὑτοῦ
1426 5396 1706 5465 δάκρυον,
1722 5401 1941 5456 ἐσπεύ-

432 5476 621 5546 δομεν
657 5481 890 5548 μαθεῖν,
935 5485 983 5535 ει
1031 5486 1380 5553 καθαίρεσιν
1419 5487 1677 5557 ἔννομον
1721 5493 1940 5561 ὑπομε-

430 5570 696 5635 μὲνηκεν
730 5575 763 5625 ό
799 5576 1258 5642 μνεμονευθεὶς,
1298 5577 1489 5645 ἤγουν
1524 5579 1625 5633 ἐπί
1664 5599 1783 5635 τισι
1824 5583 1942 5637 τῶν

426 5664 677 5725 ἀτόπων
709 5665 1065 5734 ἐλήλεγκται
1103 5670 1264 5737 παρὰ
1302 5687 1481 5725 τινων
1520 5677 1936 5743 καταφλυαρη·

428 5824 473 5854 ⁸⁷
504 5822 663 5879 Ρτυν.
700 5836 821 5889 xnt,’
845 5823 897 5878 7.

2060 1148 2125 1202 iis
2148 1162 2267 1217 qua:
2318 1149 2404 1202 hic
2444 1148 2811 1202 decernuntur
2846 1148 3222 1202 adversantem
3277 1158 3329 1201 et
3379 1164 3625 1217 pugnam

2059 1250 2187 1305 tem,
2252 1228 2634 1303 introduxerit,
2700 1240 2905 1293 nullum
2958 1254 3022 1292 ex
3077 1253 3142 1292 eo
3198 1239 3618 1294 emolumentum

2055 1332 2247 1401 capiet.

2058 1465 2301 1531 Epistola
2343 1466 2572 1535 ejusdem
2602 1476 2800 1519 sancta:
2824 1464 3095 1535 Ephesiae:
3118 1463 3307 1535 synodi
3323 1462 3391 1535 ad
3416 1476 3620 1535 sacram

2125 1538 2178 1588 in
2212 1532 2522 1606 Pamphylia
2549 1537 2829 1605 synodum,
2860 1536 2922 1589 de
2955 1532 3256 1596 Eustathio,
3287 1532 3379 1602 qui
3409 1532 3509 1601 fuit
3531 1547 3621 1585 eo-

2123 1622 2237 1659 rum
2269 1606 2723 1674 metropolitanus.

2054 1718 2185 1772 Cum
2206 1719 2451 1771 divinitus
2484 1717 2739 1785 inspirata
2771 1715 3045 1781 Scriptura
3076 1717 3237 1777 dicat,
3269 1733 3287 1767 ι
3312 1713 3418 1768 Fac
3442 1713 3618 1768 omnia

2120 1827 2236 1863 cum
2261 1786 2480 1863 consilio
2513 1809 2580 1863 ".
2620 1828 2640 1861 ι
2678 1811 2904 1863 maxime
2935 1809 3139 1878 quidem
3165 1817 3373 1877 oportet
3397 1823 3505 1871 eos,
3530 1806 3620 1876 qui

2120 1904 2409 1956 sacerdotis
2462 1901 2683 1971 gradum
2730 1903 2905 1955 sortiti
2940 1912 3078 1965 sunt,
3114 1916 3271 1975 quam
3301 1899 3418 1968 ﬁeri
3452 1907 3620 1968 potest

2122 1994 2515 2047 accuratissime
2538 1994 2714 2047 omnia
2741 2009 2857 2064 quae
2893 2003 3013 2045 sunt
3039 1978 3247 2062 agenda
3268 1991 3526 2062 inquirere
3556 2008 3617 2044 ac

2120 2088 2443 2139 examinare.
2496 2084 2574 2139 Iis
2617 2085 2782 2147 enim,
2809 2086 2897 2152 qui
2940 2086 3096 2138 vitam
3128 2085 3203 2136 ita
3247 2082 3426 2136 volunt
3460 2082 3617 2134 insti-

2072 2200 2075 2203 λ
2123 2184 2287 2238 tuere,
2312 2177 2454 2229 circa
2500 2192 2561 2228 ea
2592 2191 2709 2243 qua:
2740 2176 2808 2228 ad
2836 2192 2890 2229 se
2915 2178 3194 2242 pertinent,
3224 2189 3365 2242 spem
3404 2173 3619 2241 pulchre

2060 2332 2063 2335 μ
2120 2266 2431 2320 collocatam
2482 2267 2686 2329 habere,
2729 2276 2778 2319 et
2810 2275 3059 2335 tanquam
3099 2265 3325 2319 secundo
3367 2275 3515 2319 vento
3556 2280 3618 2316 ea
3677 2312 3685 2319 .

2118 2379 2212 2429 pro
2245 2371 2359 2416 uoto
2381 2363 2655 2417 succedere
2684 2363 2993 2429 continget:
3023 2371 3070 2415 et
3114 2375 3358 2429 magnam
3400 2356 3611 2427 quidem

2120 2453 2272 2508 habet
2325 2452 2835 2507 verisimilitudinem
2907 2455 3100 2509 oratio.
3152 2449 3254 2505 Sed
3303 2450 3518 2503 acerbus
3568 2458 3617 2501 et

2119 2544 2469 2600 intolerabilis
2500 2545 2655 2599 dolor
2691 2555 2909 2599 mentem
2962 2543 3249 2614 aliquando
3294 2542 3611 2611 apprimens,

2118 2657 2234 2694 eam
2264 2650 2311 2695 et
2345 2639 2494 2694 valde
2524 2640 2819 2709 perturbat,
2866 2647 2914 2692 et
2966 2637 3029 2690 ab
3073 2651 3276 2696 eorum,
3338 2650 3456 2705 quae
3497 2634 3619 2703 ﬁeri
3660 2630 3663 2635 ’

2120 2743 2340 2800 oportet,
2364 2734 2719 2801 persecutione
2742 2731 2978 2796 abducit,
3010 2740 3061 2783 et
3092 2729 3446 2794 persuadet'ut
3478 2741 3615 2796 quoa

2117 2829 2367 2896 injuriam
2388 2827 2562 2895 facere
2579 2836 2763 2894 suapte
2785 2832 2978 2877 natura
2998 2821 3278 2883 consueuit,
3298 2820 3350 2873 id
3367 2828 3616 2889 tanquam

2117 2919 2318 2989 aliquid
2349 2916 2674 2971 conducibile
2702 2916 2966 2981 respiciat.
3003 2910 3129 2965 Tale
3163 2912 3288 2980 quid
3326 2911 3381 2963 in
3429 2908 3613 2978 primis

2118 3014 2205 3078 pio
2242 3020 2292 3065 et
2320 2994 2568 3079 religioso
2590 3000 2831 3076 episcOpo
2884 3001 3173 3058 Eustathio
3202 3002 3453 3055 accidisse
3477 2998 3617 3053 vidi-

2115 3120 2248 3157 mus.
2291 3100 2553 3156 Canonice
2601 3099 2761 3163 enim,
2808 3105 2863 3150 ut
2915 3095 3235 3165 perhibetur,
3278 3092 3469 3146 electus
3513 3099 3612 3144 est.

2117 3197 2249 3252 Cum
2280 3207 2453 3249 autem
2490 3176 2622 3247 esset
2654 3209 2685 3244 a
2714 3189 2981 3244 nonnullis
3022 3185 3387 3257 perturbatus,
3419 3192 3474 3235 ut
3511 3182 3611 3245 ait,

2114 3301 2161 3345 et
2205 3291 2259 3343 in
2305 3289 2608 3356 inopinatas
2655 3300 2827 3337 rerum
2882 3275 3611 3338 circumstantiasincidisset,

2114 3384 2299 3436 deinde
2324 3396 2436 3448 prce
2457 3379 2621 3432 nimia
2651 3374 2844 3444 negotii
2870 3371 3083 3441 gerendi
3105 3370 3231 3441 fuga
3267 3369 3328 3423 ob
3361 3369 3611 3438 ingruen-

2116 3486 2189 3527 tes
2211 3473 2492 3535 sibicuras
2524 3469 2759 3523 animum
2799 3464 3182 3533 despondisset,
3229 3478 3346 3515 cum
3391 3458 3612 3513 maledi-

2115 3577 2222 3627 cla,
2279 3580 2395 3635 qua:
2448 3565 2503 3617 in
2561 3578 2678 3614 eum
2729 3560 2793 3613 ob
2856 3557 3246 3612 imminentibus
3299 3552 3617 3608 adversariis

2114 3646 2548 3724 congerebantur,
2588 3667 2826 3705 amovere
2855 3657 3049 3718 posset,
3082 3645 3494 3701 renuntiationis
3538 3643 3576 3696 li
3590 3672 3611 3684 -

2116 3748 2308 3802 bellum
2348 3747 2607 3799 nescimus
2640 3742 2897 3814 quomodo
2922 3740 3131 3795 obtulit.
3158 3737 3442 3805 Oportebat
3470 3737 3609 3790 enim

2094 3830 2250 3902 'eum,
2286 3847 2341 3891 ut
2371 3838 2456 3891 cui
2486 3834 2836 3892 sacerdotalis
2884 3850 3009 3887 cura
3039 3831 3196 3886 semel
3228 3829 3481 3883 mandata
3510 3837 3609 3892 est,
3692 3880 3699 3891 ε

2113 3934 2160 3986 ei
2183 3948 2299 3985 cum
2335 3928 2603 3996 spirituali
2629 3927 2811 3981 robore
2837 3926 3099 3989 insistere,
3134 3932 3180 3977 et
3221 3923 3427 3976 labores
3452 3919 3612 3974 veluti

2108 4024 2305 4085 subire,
2336 4033 2382 4075 et
2424 4022 2691 4085 sudorem,
2727 4021 2812 4072 cui
2845 4033 3039 4070 merces
3091 4016 3355 4084 preposita
3389 4023 3489 4076 est,
3529 4012 3613 4065 lu-

2115 4121 2289 4171 benter
2340 4098 2622 4181 suscipere.
2665 4110 2929 4176 Quoniam
2983 4118 3161 4161 autem
3193 4107 3414 4175 seipsum
3452 4103 3613 4193 semel

2114 4206 2453 4278 negligentem
2486 4219 2597 4256 esse
2630 4201 2878 4262 ostendit,
2911 4199 3070 4265 idque
3100 4198 3150 4250 ei
3187 4198 3360 4262 potius
3400 4204 3611 4261 prapter

2113 4298 2307 4367 negotii
2347 4312 2409 4348 ac
2439 4293 2635 4347 laboris
2674 4292 2879 4360 fugam,
2928 4304 3084 4358 quam
3117 4297 3327 4355 propter
3364 4285 3607 4338 inertiam

2113 4408 2173 4443 ac
2203 4390 2495 4445 socordiam
2514 4386 2728 4451 accidit,
2760 4393 2927 4438 uestra
2956 4383 3122 4449 pietas
3157 4379 3608 4448 religiosissimum

2116 4500 2177 4536 ac
2208 4483 2434 4536 maxime
2464 4483 2606 4548 pium
2639 4483 2857 4548 fratrem
2889 4480 3125 4529 nbstrum
3167 4483 3217 4527 et
3248 4471 3607 4538 coepiscopum

2119 4575 2448 4629 Theodorum
2495 4572 2728 4626 ecclesia:
2756 4586 2939 4624 curam
2991 4576 3261 4638 gestarant
3318 4564 3611 4617 necessario

2116 4667 2399 4721 ordinavit.
2439 4664 2620 4734 Neque
2660 4664 2796 4717 enim
2831 4671 2945 4716 erat
2976 4659 3246 4714 honestum
3282 4667 3335 4735 ut
3366 4672 3424 4708 ea
3453 4655 3613 4708 uidua

2115 4768 2270 4825 esset,
2301 4750 2351 4812 et
2376 4758 2568 4827 absque
2602 4765 2797 4808 rectore
2848 4763 3013 4807 essent
3072 4750 3364 4831 Servatur-is
3412 4756 3611 4817 greges:

2117 4838 2223 4908 Sed
2261 4850 2508 4921 quoniam
2542 4848 2672 4917 [lens
2696 4848 2932 4907 accessit,
2965 4862 3064 4897 non
3088 4846 3150 4897 de
3173 4844 3399 4905 civitate,
3429 4856 3520 4893 nec
3547 4841 3610 4893 de

2116 4945 2334 4997 ecclesia
2395 4956 2511 4993 cum
2565 4937 2957 5006 religiosissima
3014 4936 3249 5003 episcopo
3312 4928 3605 4993 Theodoro,

2117 5032 2266 5102 cujus
2292 5031 2645 5093 meminimus,
2683 5026 2955 5080 ambitiOse
2994 5028 3330 5089 contendens,
3360 5024 3451 5076 sed
3501 5022 3611 5091 epi-
3654 5014 3659 5015 ί

2114 5124 2258 5193 scopi
2297 5123 2503 5176 interim
2537 5102 2777 5173 honorem
2801 5128 2849 5170 et
2872 5118 3269 5185 appellationem
3301 5115 3610 5185 postulans:

2117 5232 2292 5270 omnes
2332 5214 2470 5268 senis
2518 5215 2679 5265 uicem
2734 5209 3098 5262 condoluimus
3134 5246 3150 5270 ,
3210 5218 3259 5261 et
3312 5223 3611 5260 communes

2116 5322 2226 5362 esse
2258 5306 2370 5375 ejus
2407 5305 2667 5373 lacrymas
2692 5300 2956 5363 arbitrati,
2981 5302 3115 5353 scire
3136 5298 3515 5361 contendimus,
3539 5313 3608 5349 an

2114 5399 2399 5471 legitimam
2438 5397 2813 5464 depositionem
2850 5394 3131 5464 prtrdictus
3166 5392 3400 5451 subierit,
3441 5407 3507 5443 an
3537 5391 3599 5442 ab

2116 5490 2401 5560 aliquibus,
2450 5491 2538 5560 qui
2586 5489 2785 5556 famam
2813 5487 2927 5555 ejus
2976 5485 3265 5548 elevarant,
3315 5482 3609 5549 aliquorum

2117 5581 2353 5651 gravium
2382 5591 2431 5632 et
2461 5579 2799 5648 indignorum
2836 5578 3111 5630 crintinum
3139 5574 3402 5627 convictus
3426 5574 3604 5640 fuerit.

2121 5656 2280 5743 Atqui
2311 5672 2592 5725 didicimus
2625 5672 2755 5725 nihil
2782 5669 3038 5739 ejusmodi
3069 5668 3132 5721 ab
3163 5683 3221 5722 eo
3249 5667 3445 5736 factum
3477 5681 3607 5729 esse,
