4078 6396
438 355 542 421 371

1698 362 1799 421 ΤΗ
1809 362 1971 425 EOD.
2014 364 2104 422 BA
2114 364 2415 426 LSAMON

3578 366 3684 428 372

506 474 861 543 prwdictoque
888 489 981 540 pro
1009 473 1229 526 crimine
1247 473 1422 543 potius
1450 472 1607 537 fuisse
1624 474 1791 541 ipsum
1817 491 2003 528 renun-
2036 491 2048 536 Α

2175 481 2416 536 σάντων
2443 480 2639 536 αὐτοῦ
2664 484 2771 549 τῆς
2806 484 3161 553 ὑπολήψεως
3188 498 3202 513 ⁸
3238 485 3337 538 καὶ
3367 482 3443 552 δὴ
3477 468 3701 553 ἐμάθοί

510 566 803 619 tiationem.
848 561 998 617 Unde
1029 579 1120 616 nec
1151 563 1215 615 de
1259 571 1428 616 vestra
1481 564 1676 629 pietate
1714 564 2006 632 querimur,

509 672 627 722 qua:
651 656 707 707 iri
737 654 851 723 ejus
878 654 1070 713 locum,
1100 662 1156 706 ut
1199 668 1299 720 par
1338 651 1463 721 fuit,
1498 652 1807 720 pra’dictum
1845 650 2009 705 Theo-

404 787 411 797 .
508 750 693 801 dorum
714 747 975 799 ordinavit
1009 746 1327 814 episcopum.
1364 745 1466 800 Sed
1495 746 1739 812 quoniam
1773 746 1881 799 viro
1902 760 2007 797 non

511 840 667 893 nimis
715 838 1037 891 vehementer
1098 852 1399 891 succensere
1455 846 1531 889 est
1581 846 2007 895 consentaneum,

510 932 649 1000 quod
681 931 747 983 sit
783 930 1109 996 negotiorum
1147 938 1196 982 et
1237 929 1475 982 laborum
1528 928 1841 996 fugitantior
1871 942 1887 979 :
1919 927 2009 978 sed

513 1022 649 1076 senis
679 1023 855 1089 potius
886 1021 1122 1074 misereri
1157 1030 1381 1090 oportet.
1413 1021 1501 1090 qui
1534 1030 1685 1073 extra
1722 1014 2007 1078 civitatem,

510 1130 626 1183 qua:
659 1130 777 1164 eum
809 1113 952 1175 tulit,
978 1124 1026 1166 et
1074 1114 1276 1181 patrios
1310 1113 1445 1166 ritus
1480 1112 1699 1180 vitatque
1746 1112 2008 1169 instituta.

508 1204 801 1273 tant‘longo
849 1215 1079 1272 tempore
1112 1204 1293 1268 fuerit,
1355 1219 1561 1272 wquum
1619 1203 1910 1256 censuimus
1963 1211 2008 1254 et

509 1298 817 1356 statuimus.
850 1305 907 1348 ut
930 1298 1041 1349 sine
1070 1297 1212 1349 omni
1234 1297 1650 1349 contradictione
1682 1295 2011 1363 episcopatus

511 1403 695 1440 nomen
723 1386 880 1456 107
910 1385 1117 1449 habeat,
1141 1396 1191 1439 et
1210 1389 1455 1440 honorent
1479 1398 1527 1440 et
1556 1387 1971 1440 communionem
1994 1400 2011 1437 :

512 1482 587 1531 ita
618 1488 811 1538 tamen.
844 1488 901 1530 ut
932 1494 1095 1546 neque
1126 1480 1236 1545 ipse
1271 1478 1499 1540 ordinet,
1545 1494 1707 1545 neque
1762 1476 2013 1530 ecclesias

512 1587 773 1639 occupans
798 1570 1016 1639 propria
1043 1572 1353 1627 auctoritate
1398 1585 1555 1623 sacra
1582 1570 1770 1633 obeat;
1812 1570 1912 1621 nisi
1940 1567 2014 1622 vel

515 1665 692 1733 utique
722 1670 1041 1728 assumptus,
1073 1662 1177 1715 sire
1208 1663 1387 1725 etiam,
1430 1663 1477 1713 si
1505 1660 1751 1725 evenerit,
1790 1661 2013 1726 permis-

517 1772 600 1810 sas
632 1774 661 1807 a
686 1755 850 1824 fratre
877 1765 923 1807 et
959 1754 1279 1821 coepiscopo,
1312 1754 1595 1829 secundum
1625 1754 2016 1821 dispositionem
2112 1776 2117 1781 ν

516 1861 560 1899 et
587 1847 940 1911 dilectionem,
970 1862 1087 1916 qua:
1113 1858 1187 1899 est
1217 1847 1268 1899 in
1302 1846 1536 1900 Christo.
1584 1843 1641 1898 Si
1682 1844 1809 1912 quid
1842 1855 2016 1897 autem
2050 1829 2090 1882 Β

519 1942 786 2010 benignius
815 1942 862 1993 ei
885 1939 1250 1995 consulueritis
1278 1939 1353 1992 vel
1384 1956 1518 1992 nunc
1550 1940 1622 1991 vel
1648 1938 1700 1989 in
1728 1946 2013 2004 posterum,

518 2036 570 2086 id
598 2049 801 2102 quoque
821 2032 1048 2103 placebit
1082 2043 1283 2086 sancta:
1320 2032 1542 2085 sunoda.

519 2513 713 2569 BALS.
750 2510 1061 2581 Pamphylia
1091 2520 1174 2565 est
1204 2510 1429 2563 Attalite'
1460 2509 1757 2578 provincia.
1809 2508 1871 2559 Et
1892 2523 2022 2573 quo-

448 2607 593 2663 niam
616 2604 835 2675 quidam
863 2602 1197 2665 Eustathius,
1219 2601 1309 2671 qui
1343 2601 1395 2653 in
1421 2615 1482 2655 ea
1514 2598 1801 2667 episcopus
1825 2594 2024 2662 fderat,
2072 2640 2081 2647 κ

450 2696 778 2769 episcopatui
830 2694 1044 2763 scriptis
1097 2692 1427 2747 renuntiavit
1486 2699 1705 2760 propter
1768 2688 2024 2757 quasdam

452 2789 765 2844 vexationes
798 2802 863 2841 ac
895 2786 1153 2840 molestos
1190 2783 1525 2852 negotiorum
1577 2795 1736 2834 casus
1757 2819 1769 2841 ,
1814 2794 2030 2832 rursus-

449 2880 847 2951 queJacrymis
890 2876 1233 2947 supplicavit,
1283 2885 1339 2927 ut
1386 2873 1556 2934 solum
1588 2871 1824 2941 episc0pi
1858 2869 2029 2923 bono.-

453 2987 565 3027 rem
591 2979 645 3024 et
688 2983 881 3023 nomen
913 2968 1159 3029 haberet,
1192 2973 1413 3019 exorata
1444 2975 1525 3018 est
1549 2971 1748 3041 sancta.
1772 2962 2031 3031 synodus.

451 3072 506 3115 et
528 3078 623 3132 per
641 3070 958 3130 praesentem
996 3057 1274 3126 epistolam
1301 3058 1365 3109 ad
1386 3046 1671 3125 synodum,
1697 3068 1815 3122 quae
1836 3062 1953 3106 erat
1981 3052 2032 3102 in

455 3149 790 3219 Pamphylia.
827 3147 1045 3201 missam
1070 3142 1651 3201 statuitmiaericordia
1674 3142 1892 3207 dignum
1918 3153 2036 3219 esse

457 3214 643 3294 senem
663 3214 734 3293 vet
781 3235 1128 3290 Theodorum
1186 3235 1424 3304 quidem,
1480 3235 1569 3303 qui
1611 3234 1661 3285 in
1720 3214 2029 3300 Pamphylia
2062 3218 2105 3276 C

457 3333 661 3388 electus
687 3341 798 3401 est,
832 3346 1018 3382 rursus
1042 3343 1161 3382 esse
1183 3327 1493 3395 episcopum
1524 3346 1536 3379 :
1569 3325 1903 3378 Enstathium
1937 3338 2033 3374 an—

454 3432 591 3495 tem,
624 3430 685 3475 ut
736 3419 826 3486 qui
898 3432 1003 3470 non
1031 3424 1173 3470 esset
1221 3415 1529 3483 depositus,
1568 3413 1682 3477 sed,
1719 3421 1776 3465 ut
1826 3410 2034 3481 negotia

448 3496 783 3580 laboresque
832 3508 1070 3578 fugeret,
1104 3507 1487 3571 renuntiasset,
1519 3520 1587 3559 ex
1616 3502 2037 3572 dispensationis

458 3603 690 3665 ratione,
725 3615 789 3655 ea
810 3614 956 3669 equae
1008 3592 1200 3667 petivit
1239 3597 1461 3659 habere,
1517 3611 1709 3649 nomen
1744 3595 1948 3648 scilicet
1987 3604 2039 3645 ct

462 3698 723 3749 honorem
772 3692 1008 3762 episcopi
1062 3698 1118 3745 et
1150 3688 1611 3752 communionem,
1661 3686 1712 3741 id
1763 3695 1844 3739 est
1896 3685 2035 3738 intra

461 3786 631 3840 altare
678 3782 1024 3851 participare,
1064 3779 1199 3834 nihil
1231 3788 1407 3832 tamen
1438 3777 1742 3847 episcopale
1763 3790 2037 3836 exercere,

464 3876 567 3931 nisi
598 3890 662 3930 ex
694 3873 933 3945 regionis
955 3872 1208 3941 episcopo
1237 3870 1288 3925 id
1321 3869 1367 3924 ei
1399 3870 1717 3939 permissum
1749 3869 1837 3922 sit.
1858 3867 2040 3937 Neque

461 3972 605 4025 enim
640 3983 853 4037 aequum
888 3980 1011 4022 esse
1041 3964 1290 4029 censuit',
1326 3972 1384 4016 ut
1406 3964 1522 4016 viro
1556 3962 1796 4032 graviter
1818 3974 2040 4014 succen-

463 4069 698 4119 seretur.
725 4057 865 4129 quod
904 4065 1050 4112 esset
1072 4056 1405 4126 negotiorum
1431 4054 1782 4123 laborumque
1812 4052 2042 4121 fugitan-
2104 4084 2107 4087 γ

467 4159 591 4218 tiur,
627 4150 868 4221 velquod
887 4149 951 4202 ad
974 4162 1035 4201 ea
1065 4145 1298 4215 gerenda
1326 4152 1473 4200 esset
1506 4145 1742 4214 ineptus.
1767 4144 1902 4196 Cum
1928 4142 2043 4195 haec

466 4248 667 4297 tractet
686 4239 929 4309 epistola,
951 4236 1389 4306 dicuntjnonnulli
1410 4251 1474 4293 cx
1497 4251 1556 4289 ea
1580 4234 2043 4305 essc|autistitilnts

469 4335 813 4403 permissum,
845 4342 900 4383 ut
929 4330 1282 4384 ecclesiarum
1323 4327 1540 4395 quidem
1594 4326 1802 4380 thronis
1839 4340 2040 4377 renuu-

469 4427 622 4487 tient,
656 4433 710 4477 et
744 4433 919 4477 tamen
954 4422 1256 4476 antistitum
1295 4418 1613 4488 dignitatem
1646 4417 1946 4470 obtineant.
1983 4415 2040 4469 Si

470 4518 637 4579 enim,
671 4514 946 4584 inquiunt,
964 4513 1067 4565 hoc
1092 4510 1203 4565 ﬁeri
1231 4524 1339 4562 non
1366 4517 1567 4578 posset,
1586 4508 1822 4576 synodus
1852 4505 2042 4560 Eusta-

469 4609 585 4662 thio
615 4623 721 4661 non
748 4604 1101 4676 permisisset,
1132 4610 1189 4654 ut
1210 4601 1445 4671 episcopi
1483 4616 1673 4652 nomen
1707 4609 1761 4652 et
1782 4600 2041 4652 hoaorent

471 4698 714 4763 haberet,
733 4706 787 4753 et
806 4711 931 4751 eum
954 4694 1189 4765 episcopi
1218 4694 1450 4763 regionis
1469 4691 1742 4745 voluntate
1761 4706 1915 4747 sacra
1934 4693 2048 4745 obi-

473 4801 575 4843 ret.
618 4788 735 4843 Non
766 4796 848 4841 est
880 4795 1060 4839 autem
1108 4786 1230 4847 hoc,
1261 4795 1318 4836 ut
1349 4782 1621 4846 existimo,
1655 4797 1860 4836 verum.
1894 4780 2048 4847 Quod

473 4882 618 4933 enim
653 4895 680 4931 a
709 4878 956 4931 Patribus
985 4875 1265 4930 deﬁnitum
1301 4883 1410 4937 est,
1437 4888 1502 4928 ex
1528 4872 1944 4942 dispensationis
1963 4887 2051 4925 ra-

472 4977 618 5029 tione
638 4970 927 5035 deﬁnitum,
945 4977 1027 5023 est
1049 4987 1065 5025 :
1095 4978 1149 5023 et
1182 4985 1284 5022 non
1307 4975 1518 5037 oportet
1541 4965 1686 5036 quod
1708 4982 1803 5033 per
1831 4967 2051 5035 dispen-

476 5064 747 5120 sationem
799 5073 1019 5130 propter
1051 5060 1256 5128 aliquid
1285 5059 1417 5114 utile
1448 5058 1807 5111 introductum
1837 5066 1951 5118 est,
1981 5057 2046 5109 ad

474 5153 778 5224 exemplum
802 5152 963 5217 trahi,
988 5163 1040 5207 et
1067 5164 1317 5220 tanquam
1342 5165 1602 5205 canonem
1628 5151 1882 5217 deinceps
1907 5149 2049 5202 valc-

477 5264 536 5303 re
569 5264 584 5303 :
637 5256 691 5302 et
724 5246 958 5301 maxime
984 5259 1104 5298 cum
1145 5244 1366 5310 cpistola
1403 5257 1506 5295 non
1538 5241 1679 5293 dicat
1710 5238 2047 5295 Eustathium

478 5339 827 5410 episcopatus
864 5333 1322 5390 administrationi
1362 5331 1720 5393 renuntiasse,
1768 5330 2052 5399 episcopa—

479 5432 788 5486 lem'autem
808 5410 1123 5498 dignitatem
1149 5422 1406 5477 tenuisse.
1435 5419 1649 5490 (Neque
1671 5422 1812 5473 enim
1846 5420 2047 5488 suppli—

478 5533 655 5576 casset
675 5532 730 5573 ut
756 5521 809 5575 id
833 5521 1057 5573 haberet
1084 5515 1223 5584 quod
1251 5512 1527 5579 habebat.)
1553 5512 1657 5565 Sed
1683 5513 1857 5581 potius
1882 5512 2053 5565 disse-

479 5613 573 5669 rit.
599 5628 720 5665 eum
751 5609 1089 5664 renuntiasse
1104 5603 1452 5674 episcopatui.
1491 5602 1553 5656 Et
1578 5618 1697 5656 cum
1729 5601 1922 5656 Patres
1944 5617 2049 5655 non

482 5702 809 5764 deﬁnierint,
834 5710 894 5754 ut
925 5698 1003 5760 id,
1024 5696 1165 5768 quod
1196 5694 1476 5750 Enstathio
1514 5704 1734 5765 propter
1766 5695 2053 5749 commise-

484 5794 748 5848 rationem
780 5793 980 5847 factum
1017 5798 1119 5854 cst,
1155 5788 1408 5857 deinceps
1437 5802 1651 5857 quoque
1690 5787 1793 5841 vim
1831 5786 2048 5853 habeat,

2142 608 2159 637 ι
2172 593 2288 644 μεν
2326 574 2660 645 πεπρᾶχθαι
2697 577 2814 646 μὲν
2856 577 3127 632 τοιοῦτον
3167 578 3367 642 οὐδὲν,
3407 581 3683 646 γενέσθαι

2179 669 2248 723 δὲ
2272 668 2514 738 μᾶλλον
2539 669 2619 733 τῷ
2644 647 3114 738 μνημονειῖθέντι
3145 671 3275 723 ἀντὶ
3312 667 3685 739 ἐγκλήματος

2180 764 2296 830 τὴν
2324 765 2686 829 παραίτησιν
2708 779 2723 793 ο
2755 763 2888 825 ὅθεν
2921 762 3064 815 οὐδὲ
3093 763 3164 829 τῇ
3196 762 3451 830 ὑμετέρᾳ
3483 765 3687 815 θεοσε-

2181 858 2308 924 ﬁcia
2339 856 2723 925 ἐμεμψάμεθα
2742 897 2757 921 ,
2796 855 3275 924 χειροτονησάσῃ
3309 856 3566 920 δεόντως
3599 858 3686 920 εἰς

2182 949 2289 1001 τὸν
2320 948 2505 1001 αὺτοῦ
2538 948 2726 1001 τόπον
2759 948 2865 1000 τὸν
2904 948 3398 1017 μνημονευθέντα
3440 934 3687 1000 ἐπίσκο-

2181 1057 2299 1095 πον
2351 1045 2669 1111 Θεόδωρον.
2713 1043 2953 1109 Ἐπειδὴ
2992 1040 3075 1093 ’δὲ
3123 1040 3199 1109 τῇ
3247 1042 3687 1109 ἀπραγμοσύνῃ

2182 1136 2288 1189 τοῦ
2319 1135 2542 1203 ἀνδρὸς
2569 1138 2642 1190 οὐ
2670 1136 2906 1204 σφόδρα
2935 1134 3301 1203 φιλονεικεῖν
3326 1135 3686 1193 ἀκόλουθον.

2182 1226 2305 1279 ἔδει
2342 1226 2412 1278 δὲ
2450 1226 2692 1296 μᾶλλον
2732 1224 2981 1292 ἐλεῆσαι
3023 1225 3385 1292 πρεσϐύτην,
3429 1224 3545 1285 ἕξω
3588 1226 3686 1274 καί

2187 1323 2420 1384 πόλεως
2465 1318 2577 1384 τῆς
2622 1320 2991 1387 ἐνεγκούσης
3034 1318 3220 1372 αὐτὸν
3264 1317 3362 1371 καί
3408 1316 3691 1385 πατρῴων

2184 1412 2653 1479 ἐνδιαιτημάτων
2679 1412 2749 1464 ἐν
2773 1412 3023 1480 μακροῖς
3053 1412 3206 1464 οὕτω
3238 1413 3524 1480 γεγονότα
3554 1413 3694 1478 χρόα

2185 1524 2344 1572 νοις,
2382 1505 2815 1573 ἐδικαιώσαμεν
2846 1505 2944 1557 καὶ
2977 1505 3281 1572 ὡρίσαμεν
3313 1504 3453 1572 δίχα
3485 1504 3693 1569 πάσης
3722 1498 3729 1506 ’

2187 1599 2534 1667 ἀντιλογίας
2568 1598 2735 1664 ἔχειν
2765 1598 2969 1661 αὐτὸν,
3007 1599 3075 1651 τό
3108 1613 3174 1650 τε
3205 1596 3315 1664 τῆς
3351 1596 3693 1662 ἐπισκοπῆς

2188 1690 2375 1757 ὄνομα
2422 1690 2520 1743 καὶ
2565 1690 2675 1757 τὴν
2726 1691 2925 1759 τιμὴν,
2978 1690 3077 1743 καὶ
3129 1690 3493 1743 κοινωνίαν*
3540 1689 3694 1742 οὕτω

2185 1787 2410 1851 μέντοι,
2450 1783 2719 1852 ὥστελμὴ
2756 1785 3119 1850 χειροτονεῖν
3145 1786 3352 1847 αὐτὸν,
3387 1785 3538 1853 μήτε
3568 1784 3695 1853 μὴν

2186 1876 2522 1943 ἐκκλησίαν
2543 1879 2954 1931 καταλαϐόντα
2980 1877 3304 1945 ἱερουργεῖν
3323 1877 3391 1941 ἐξ
3417 1878 3571 1944 ιδίας
3592 1881 3698 1930 ai:-

2191 1971 2424 2032 θεντίας
2453 1984 2465 1997 °
2498 1969 2637 2023 ἀλλ’
2668 1970 2720 2021 εὶ
2768 1969 2884 2036 ἄρα
2930 1971 3693 2037 συμπαραλαμϐανόμενον,

2180 2062 2393 2114 εῑτουν
2417 2060 2908 2129 ἐπιτρεπόμενον,
2938 2062 2991 2113 εί
3018 2062 3208 2128 τύχοι,
3237 2061 3397 2129 παρὰ
3428 2062 3698 2130 ἀδελφοῦ

2190 2152 2289 2205 καὶ
2318 2154 2809 2235 συνεπισκόπου,
2843 2155 2991 2207 κατὰ
3022 2152 3294 2207 διάθεσιν
3324 2155 3421 2207 καὶ
3454 2155 3699 2223 ἀγάπην

2190 2241 2306 2308 τὴν
2332 2242 2401 2295 ἐν
2430 2241 2679 2309 Χριστῷ.
2706 2246 2777 2299 El
2805 2242 2870 2296 δέ
2899 2262 2949 2297 τι
2979 2246 3411 2313 βουλεύσησθε
3444 2248 3698 2314 χρηστό-

2192 2349 2366 2398 τερον
2406 2332 2682 2396 ἑπ“αὑτῷ
2722 2335 2758 2399 ἢ
2802 2337 2918 2388 νῦν
2963 2335 3000 2400 ἢ
3046 2339 3134 2400 εἰς
3178 2336 3244 2388 τὸ
3285 2339 3436 2404 μετὰ
3480 2336 3698 2400 ταῦτα,

2196 2422 2398 2490 ἀρέσει
2430 2424 2525 2478 καί
2558 2425 2731 2477 τοῦτο
2760 2425 2832 2493 τῇ
2862 2426 2997 2496 ἁγίᾳ
3028 2428 3291 2493 συνόδῳ.

2198 2516 2392 2570 ΒΑΛΣ.
2431 2519 2725 2586 Παμφυλία
2759 2521 2907 2571 ἐστὶν
2951 2522 2983 2589 ἡ
3020 2521 3119 2583 τῆς
3162 2521 3476 2585 ’Δτταλείας
3525 2523 3699 2592 ἐπαρ-

2129 2609 2239 2679 χία.
2276 2611 2387 2662 Καὶ
2415 2611 2538 2663 ἐπεὶ
2558 2610 2855 2671 Εὐστάθιός
2887 2628 2990 2673 τις,
3014 2612 3425 2674 ὲπισκοπεύσας
3449 2614 3506 2664 ὲν
3532 2613 3698 2681 αὐτῇ,

2131 2704 2490 2773 παρῃτήσατο
2541 2703 2838 2771 ἐγγράφως
2892 2704 2990 2773 τὴν
3041 2706 3351 2774 ἐπισκοπὴν
3410 2706 3499 2759 διά
3546 2723 3700 2769 τινας

2132 2797 2386 2866 ὀχλήσεις
2421 2798 2515 2847 καὶ
2573 2797 2924 2865 περιστάσεις
2980 2798 3395 2874 πραγματικᾲς,
3450 2797 3614 2850 πάλιν
3643 2798 3702 2852 δὲ

2136 2890 2549 2959 παρεκλήτευσε
2578 2889 2713 2957 μετὰ
2751 2889 3029 2956 δακρύων,
3072 2888 3243 2957 μόνην
3283 2888 3447 2956 τιμὴν
3478 2890 3706 2942 ἐπισκό-

2139 3001 2240 3037 που
2294 2984 2388 3036 καὶ
2421 2983 2613 3049 κλῆσιν
2642 2982 2805 3049 ἔχειν,
2838 2964 3162 3048 ἐδυσωπήθη
3197 2983 3230 3049 ἡ
3265 2982 3393 3049 ἁγία
3443 2982 3661 3044 σύνοδος
3685 2999 3701 3013 ⁸

2140 3076 2428 3146 καῖὡρισε
2460 3076 2548 3129 διὰ
2575 3076 2671 3142 τῆς
2701 3074 2986 3144 παρούσης
3027 3073 3321 3142 ἐπιστολῆς
3356 3073 3492 3143 πρὸς
3515 3074 3614 3141 τὴν
3647 3074 3706 3126 ὲν

2141 3171 2439 3238 Παμφυλίᾳ
2472 3169 2688 3221 σύνοδον
2720 3167 3125 3235 ἀποσταλείσης
3169 3167 3356 3228 ἐλέους
3407 3167 3706 3237 ἀξιωθῆναι

2138 3263 2229 3315 τὸν
2261 3263 2519 3328 γέροντα·
2563 3261 2656 3311 καὶ
2699 3259 2789 3310 τὸν
2825 3258 2922 3325 μὲν
2969 3258 3026 3310 ἐν
3069 3258 3367 3325 Παμφυλίᾳ
3398 3274 3713 3325 χειροτονη-

2138 3355 2295 3408 θέντα
2345 3352 2643 3404 ἐπίσκοπον
2719 3350 2997 3416 Θεόδωρον
3066 3347 3229 3402 πάλιν
3289 3344 3430 3400 εἶναι
3488 3348 3709 3400 ἐπίσκο-

2139 3464 2264 3508 πον,
2297 3446 2387 3498 τὸν
2422 3445 2477 3497 δὲ
2523 3442 2840 3502 Εὑστάθίον.
2878 3442 2953 3505 ὡς
2990 3443 3063 3511 μὴ
3119 3441 3539 3509 καθαιρεθέντα,
3569 3441 3703 3493 ἀλλὰ

2140 3536 2226 3589 διὰ
2259 3533 2695 3603 ἀπραγμοσύνην
2737 3533 3237 3602 παραιτησάμενον,
3289 3530 3436 3601 ἔχειν
3482 3532 3603 3585 κατ’
3629 3533 3701 3581 ol-

2140 3629 2403 3697 κονομίας
2436 3627 2595 3694 λόγον
2630 3625 2665 3679 ἃ
2688 3625 2971 3695 ἐζήτησεν,
3005 3625 3177 3693 ἤγουν
3202 3623 3374 3692 ὄνομα
3418 3623 3513 3677 καὶ
3537 3622 3698 3689 τιμὴν

2140 3720 2465 3781 ἐπισκόπου,
2528 3718 2623 3770 καὶ
2679 3714 2991 3777 κοινωνίαν,
3044 3714 3216 3783 ἤγουν
3267 3711 3701 3781 μεταλαμϐάνειν

2142 3811 2292 3874 ἐντὸς
2318 3810 2412 3862 τοῦ
2435 3807 2827 3876 θυσιαστηρίου
2848 3822 2861 3835 '
2896 3805 3060 3875 μηδὲν
3090 3804 3149 3859 δέ
3176 3821 3230 3857 τι
3270 3804 3514 3873 ἐνεργεῖν
3589 3804 3705 3854 ἐπι-

2143 3904 2401 3958 σκοπικὺν
2418 3904 2465 3955 εί
2486 3901 2560 3970 μὴ
2586 3899 2725 3954 κατά
2751 3899 2969 3967 Θέλησιν
2994 3896 3086 3951 τοῦ
3118 3896 3386 3967 ἐγχωρίου
3409 3895 3712 3949 ἐπισκόπου

2143 3996 2443 4063 ἐπιτραπῇ.
2477 3992 2613 4046 Οὐδὲ
2636 3992 2741 4060 γὰρ
2775 3990 2958 4060 ἔκρινε
2988 3989 3200 4042 δίκαιον
3224 3987 3555 4054 φιλονεικεῖν
3588 4003 3713 4037 τινα

2143 4092 2207 4158 τῇ
2238 4087 2642 4157 ἀπραγμοσύνῃ
2668 4084 2763 4137 τοῦ
2789 4083 3004 4154 ἀνδρὸς,
3034 4082 3155 4153 ἦτοι
3185 4084 3249 4152 τῇ
3284 4082 3414 4149 περ)⁸
3453 4080 3521 4133 τὰ
3573 4080 3716 4148 πρά-

2144 4194 2333 4244 γματα
2360 4174 2829 4244 ἀνεπιτηδειύτητι
2870 4172 3055 4225 αὑτοῦ.
3094 4171 3284 4225 Ταῦτα
3302 4174 3399 4241 τῆς
3425 4170 3715 4240 ἐπιστολῆς

2143 4264 2641 4335 διαλαμϐανούσης,
2675 4263 2897 4331 λέγουσι
2950 4281 3098 4326 τινες
3151 4264 3437 4332 ὲνδοθῆναι
3468 4264 3580 4323 τοῖς
3623 4263 3722 4329 ἁρ-

2144 4358 2390 4429 χιερεῢσι
2421 4356 2527 4411 ἀπὸ
2553 4358 2757 4427 ταύτης
2789 4355 3175 4424 παραιτεῖσθαι
3202 4357 3327 4416 τοὺς
3355 4354 3580 4424 θρόνους
3608 4352 3719 4404 τῶν

2145 4448 2470 4519 ἐκκλησιῶν,
2496 4447 2593 4501 καί¹
2628 4446 2727 4518 τὴν
2758 4448 3174 4517 ἀρχιερωσύνην
3223 4448 3621 4515 παρακρατεῖν.
3656 4446 3718 4496 Εἰ

2078 4556 2119 4610 D
2152 4541 2225 4611 μὴ
2254 4540 2362 4610 γὰρ
2409 4538 2567 4593 τοῦτο
2594 4536 2683 4609 ἦν.
2716 4539 2874 4607 φασὶ,
2906 4537 3154 4601 δυνατὸν,
3184 4538 3286 4590 οὐκ
3317 4539 3381 4591 ἂν
3428 4538 3463 4605 ἡ
3498 4535 3722 4597 σύνοδος

2149 4634 2226 4703 τῷ
2256 4632 2541 4703 Εὐσταθίῳ
2567 4632 2967 4703 παρεχώρησεν
3012 4634 3184 4702 ὄνομα
3235 4632 3381 4702 ἔχειν
3408 4616 3720 4683 ἐπισκόπου

2149 4724 2243 4778 καὶ
2272 4723 2463 4794 τιμὴν,
2517 4725 2611 4776 καὶ
2644 4723 2785 4793 μετὰ
2816 4723 3092 4792 θελήσεως
3141 4722 3235 4774 τοῦ
3268 4720 3538 4791 ἐγχωρίου
3593 4720 3723 4771 ἐπι-

2151 4818 2356 4871 σκόπου
2408 4816 2734 4886 ἱερουργεῖν.
2766 4814 2881 4881 Οὐκ
2941 4813 3137 4866 ἔστιδὲ
3173 4811 3355 4875 τοῦτο,
3398 4811 3473 4873 ὡς
3511 4810 3720 4878 οἴομαι,

2149 4909 2372 4979 ἀληθές.
2405 4910 2478 4960 Τὸ
2507 4910 2615 4977 γὰρ
2671 4907 2775 4958 ὑπὸ
2822 4907 2929 4957 τῶν
2983 4906 3245 4974 Πατέρων
3288 4902 3560 4972 διορισθὲν
3600 4902 3724 4954 κατ’

2150 4999 2465 5069 οἰκονομίας
2492 4998 2652 5065 λόγον
2696 4996 2907 5067 ὡρίσθη
2928 5013 2943 5028 ·
2998 4996 3090 5048 καὶ
3115 4995 3176 5047 οὐ
3204 4994 3308 5064 χρὴ
3336 4995 3399 5047 τὸ
3426 4992 3559 5045 κατῗ
3579 4994 3743 5045 οἰκο-ις

2151 5089 2345 5158 νομίαν
2387 5089 2477 5140 διά
2524 5088 2873 5157 τιχρήσιμον
2927 5085 3235 5154 εἰσενεχθὲν
3284 5086 3364 5146 εἰς
3415 5085 3713 5149 ὑπόδειγμα

2151 5181 2428 5243 ἕλκεσθαι,
2483 5178 2581 5233 καὶ
2613 5180 2687 5241 ὼς
2722 5181 2925 5231 κανόνα
2958 5180 3183 5247 κρατεῖν
3211 5178 3291 5239 εἰς
3347 5175 3406 5229 τὸ
3436 5175 3563 5242 ἑξῆς
3584 5190 3598 5205 °
3629 5173 3719 5227 ἄλ-

2150 5271 2257 5333 λως
2284 5288 2344 5323 τε
2371 5271 2469 5338 τῆς
2498 5270 2793 5338 ἐπιστολῆς
2837 5270 2911 5340 μὴ
2943 5268 3212 5336 λεγούσης
3242 5268 3341 5335 τὴν
3382 5266 3481 5336 μὲν
3511 5266 3719 5317 οἰκονο-

2156 5364 2285 5433 μίαν
2311 5365 2409 5431 τῆς
2440 5363 2749 5431 ἐπισκοπῆς
2778 5360 3230 5430 παραιτήσασθαι
3263 5358 3355 5411 τὸν
3400 5356 3723 5414 Εὐστάθιον,

2153 5454 2535 5526 ὑποκρατῆσαι
2569 5455 2623 5507 δξ
2642 5455 2739 5523 τὴν
2776 5452 3075 5523 ἱερωσύνην
3112 5447 3168 5522 (ἦ
3195 5452 3302 5521 γὰρ
3333 5450 3400 5504 ἂν
3429 5450 3547 5502 οὐδὲ
3583 5461 3721 5515 παρ-

2151 5550 2444 5616 εκλήτευσε
2498 5546 2686 5599 λαϐεῖν
2732 5530 2869 5613 ὅπερ
2918 5541 3109 5613 εἶχεν),
3175 5543 3310 5596 ἀλλὰ
3363 5541 3563 5611 μᾶλλον
3611 5538 3725 5589 δια-

2153 5640 2543 5709 λαμῦανούσης
2570 5637 3020 5709 παραιτήσασθαι
3050 5636 3215 5690 αὐτὸν
3244 5635 3343 5705 τὴν
3387 5630 3724 5699 ἐπισκοπὴν.

2157 5733 2269 5786 Καὶ
2293 5734 2401 5785 τῶν
2430 5732 2691 5802 Πατέρων
2722 5733 2797 5801 μὴ
2820 5730 3219 5799 διορισαμένων
3241 5730 3302 5779 τὸ
3336 5726 3481 5779 κατὰ
3506 5726 3730 5795 συμπά-

2159 5830 2310 5882 θειαν
2375 5829 2467 5880 ἐπὶ
2526 5826 2604 5893 τῷ
2653 5825 2944 5894 Iasonem
3001 5816 3293 5894 γενόμενον
3350 5821 3575 5890 κρατεῖν
3623 5818 3720 5871 καὶ
