4078 6396
349 353 459 418 3¹ἳ3

353 469 576 540 ἐφεξῆς.
617 464 782 520 πόθεν
830 457 975 518 οὗτοι
1028 458 1301 529 διαιροῦσι
1352 453 1422 507 τὰ
1473 451 1779 519 ἀδιαίρετα,

353 560 708 634 νομοθετοῦσι
757 557 828 610 τά
866 556 939 626 μὴ
970 556 1036 625 τῇ
1070 549 1331 619 ἐπιστολῇ
1362 544 1777 615 ,περιεχόμενας
1810 541 1920 595 Καὶ

300 662 305 679 ¹
354 658 559 725 ταύτην
588 654 643 707 δέ
671 651 772 720 τὴν
793 646 1108 715 οἰκονομίαν
1138 642 1342 713 νομίζω
1366 638 1440 710 μὴ
1464 636 1923 709 ἀπεριμερίμνως

356 747 638 822 γενέσθαι.
664 743 786 797 Τῶν
819 740 929 811 γὰρ
970 738 1214 792 κανόνων
1258 734 1354 788 καὶ
1396 734 1499 803 τῆς
1531 730 1667 802 πρδς
1717 729 1925 796 Δόμνον

358 841 651 908 ἐπιστολῆς
677 836 773 891 τοῦ
808 836 968 902 ἁγίου
998 831 1271 901 Κυρίλλου
1306 825 1696 899 διοριζομένων
1748 821 1929 875 λιὸέλ-

356 939 390 991 λ
421 952 485 998 υς
525 933 908 1000 παραιτήσεως
953 926 1026 995 μὴ
1065 922 1364 994 προσάγειν
1399 918 1551 980 τινας
1584 914 1691 969 τῶν
1735 914 1927 979 ἱερέων

360 1032 447 1099 (Εἱ
478 1028 605 1096 γὰρ,
640 1016 833 1094 φησὶν,
858 1021 997 1093 είσῖν
1026 1018 1165 1083 ἄξιοι
1220 1016 1318 1069 τοῦ
1370 1013 1728 1082 λειτουργεῖν,
1760 1010 1929 1061 ἔστω-

361 1097 466 1174 σαν
498 1120 557 1171 ἐν
590 1114 770 1183 τούτῳ
791 1127 806 1142 ο
840 1112 889 1163 εί
918 1109 973 1162 δὲ
1005 1107 1238 1173 ἀνάξιοι,
1258 1103 1359 1172 ιμή
1394 1101 1500 1157 ἀπὸ
1542 1097 1930 1166 παραιτήσεως

360 1214 651 1280 ἐξ³τωσαν.
676 1201 1116 1271 κατεγνωσμένοι
1165 1198 1223 1250 δέ
1255 1196 1455 1265 μᾶλλον
1479 1194 1571 1246 ἐπὶ
1598 1191 1931 1260 πράγμασι),

362 1307 487 1367 πῶς
518 1306 582 1358 ἄν
611 1320 695 1364 τις
722 1301 855 1369 εἴπῃ
881 1296 979 1366 τὴν
1015 1296 1089 1373 ἐνθ
1115 1293 1330 1362 Ἐφέσῳ
1375 1289 1614 1349 σύνοδον,
1662 1286 1757 1338 καὶ
1792 1282 1931 1352 μᾶλτ

362 1403 459 1456 λον
485 1401 577 1453 τὸν
607 1396 1008 1468 προϊστάμενον
1036 1376 1243 1455 ταύτης
1273 1384 1448 1453 μέγαν
1471 1380 1738 1450 Κύριλλον
1772 1378 1936 1429 ὑπεν-

360 1493 563 1553 αντίως
614 1487 793 1556 ἐαυτῷ
851 1489 946 1540 καὶ
994 1488 1107 1546 τοῖς
1167 1481 1375 1540 λοιποῖς
1406 1476 1657 1545 Πατράσι
1697 1470 1937 1539 διορίσα-

369 1587 497 1639 σθαι
522 1604 536 1643 :
566 1583 729 1647 Ἀλλ’,
760 1582 835 1642 ὡς
869 1580 1037 1638 ἔοικε,
1077 1576 1177 1645 τῆς
1208 1572 1587 1639 παραιτήσεως
1612 1564 1705 1619 τοῦ
1735 1561 1942 1614 Εύστα·

368 1680 488 1733 θίου
521 1676 593 1747 μὴ
624 1677 788 1746 οὔσης
820 1672 1066 1743 βεϐαίας,
1100 1668 1232 1722 ἀλλὰ
1252 1661 1714 1730 κατασειομένης,
1742 1656 1797 1708 ἐν
1830 1670 1940 1707 τισι

366 1770 665 1823 κατένευσε
697 1764 845 1819 κατὰ
865 1763 1024 1828 λόγον
1054 1758 1369 1826 οἰκονομίας
1401 1757 1433 1823 ἠ
1462 1751 1592 1819 ἁγία
1618 1747 1838 1807 σύνοδος
1859 1746 1940 1796 εἱς

366 1866 405 1918 ἃ
434 1862 746 1927 διωρίσατο.
777 1860 901 1911 ’Ότι
945 1857 1000 1909 δὲ
1032 1840 1358 1921 τοιαύτηῆν
1405 1851 1437 1916 ἡ
1474 1843 1808 1913 παραίτησις
1840 1836 1935 1889 τοῦ

369 1952 701 2010 Εὖσταθίου,
745 1949 1078 2019 παρίσταται
1116 1946 1210 1996 καὶ
1240 1942 1337 1995 ἀπ’
1371 1940 1538 2015 αὐτῆς
1568 1934 1667 2001 τῆς
1715 1933 1937 1982 ἐπιστο-

366 2044 793 2117 λῆςυλεγούσης
840 2041 916 2103 ὡς
970 2040 1070 2091 οὐκ
1123 2037 1283 2102 ἴσμεν
1346 2032 1493 2091 ὅπως
1552 2024 1939 2094 παραιτήσεως

368 2115 749 2210 προκεκόμικε
805 2132 1009 2204 βιϐλίον
1051 2133 1079 2182 ὁ
1119 2126 1436 2185 Εὖστάθιος,
1471 2123 1564 2174 καὶ
1619 2115 1730 2171 οἷον
1803 2117 1944 2180 ξενι-

371 2206 735 2299 ζομένηςὲπὶ
760 2227 825 2295 τῇ
860 2221 1067 2288 ταύτης
1121 2216 1428 2288 παραδοχῇ.
1493 2210 1556 2263 El
1590 2209 1699 2277 γὰρ
1726 2206 1787 2259 οὐ
1814 2219 1945 2258 κατ-

371 2295 583 2377 εσείετο
626 2320 729 2373 ὑπό
756 2334 901 2380 τινος
935 2313 1099 2382 αὕτη,
1159 2308 1281 2364 οὐδὲ
1332 2304 1393 2359 τδ
1423 2299 1790 2371 ὀνομάζεσθαι
1825 2295 1948 2348 ἐπί-

372 2429 603 2475 σκοπον,
652 2410 747 2463 καὶ
801 2406 1109 2476 ἱερουργεῖν
1152 2398 1219 2454 ἂν
1273 2396 1431 2463 ἐδόθη
1488 2391 1657 2462 αὐτῷ.
1687 2392 1853 2443 Ὥστε
1882 2388 1946 2440 τδ

372 2505 465 2559 διὰ
498 2505 594 2571 τῆς
628 2500 915 2571 παρούσης
963 2491 1255 2559 ἐπιστολῆς
1284 2484 1641 2554 οἰκονομηθέν
1697 2479 1796 2532 οὐκ
1831 2477 1947 2528 ἐστι

374 2594 693 2653 καθολικόν.
724 2574 1007 2658 Δτιλοῦται
1036 2586 1094 2640 δέ
1143 2583 1302 2650 τοῦτο
1362 2579 1457 2632 καὶ
1485 2579 1547 2628 ἐκ
1595 2573 1689 2626 τοῦ
1736 2560 1945 2641 γράψαι

374 2691 505 2751 τοὺς
542 2676 949 2755 Πατέραςὼς,
976 2672 977 2679 “
1001 2680 1159 2748 εἴπερ
1194 2676 1342 2744 παρὰ
1387 2671 1498 2725 τῶν
1543 2668 1826 2738 ἐγχωρίων
1856 2665 1949 2717 καὶ

375 2780 574 2848 ἕτερόν
638 2795 691 2831 τι
738 2772 1107 2844 χρηστότερον
1153 2767 1379 2835 γένηται
1421 2764 1498 2823 εἰς
1547 2760 1637 2812 τὸν
1696 2757 1947 2825 γέροντα.

377 2875 615 2943 ἀρέσκει
667 2869 824 2922 τοῦ-ο
859 2868 924 2934 τῇ
973 2863 1197 2927 συνόδῳ.
1240 2859 1363 2909 Ἔτι
1405 2854 1525 2907 εἱπὲ
1589 2852 1685 2913 ὡς,
1740 2851 1838 2909 τῆς
1894 2849 1953 2897 ἐν

376 2963 687 3035 Χαλκηδόνι
728 2958 947 3011 συνόδου
1011 2950 1386 3023 διοριζομένης
1443 2946 1648 3014 μηδένα
1690 2942 1953 2994 ἀπολελυ-

381 3060 565 3131 μένως
625 3047 1092 3123 χειροτονεῖσθαι,
1152 3045 1179 3096 ὁ
1221 3038 1611 3109 ὑποκρατήσας
1658 3036 1956 3094 ἐπίσκοπος

382 3122 560 3220 μόνην
589 3122 690 3213 τῆν
718 3122 1056 3211 ίερωσύνην,
1098 3133 1174 3195 ὣς
1205 3132 1347 3192 τινές
1378 3143 1534 3197 φασι,
1565 3124 1734 3177 ποίων
1767 3122 1958 3191 ἱερέων
1982 3164 2029 3228 C

382 3214 654 3311 ἱεράρχης
684 3232 1144 3302 ὀνομασθήσεται,
1180 3226 1212 3289 ἣ
1244 3226 1402 3286 τίνας
1429 3219 1668 3283 διδάξεις
1708 3217 1879 3269 ποίων
1902 3214 1958 3267 δέ

379 3306 481 3383 καὶ
505 3306 942 3380 ἐπισκοπεύσεις
972 3317 1197 3376 Πάντως
1228 3312 1351 3364 οὐδέ
1380 3328 1563 3363 τινων.
1597 3307 1688 3360 Διὸ
1736 3306 1857 3359 οὐδὲ
1904 3307 1960 3355 ἐν

380 3421 618 3488 δυνάμει
652 3416 787 3485 μόνῃ
822 3414 853 3480 ἡ
894 3411 1166 3478 ἱερωσύνη
1230 3402 1767 3471 ὑποκρατηθήσεται.
1800 3399 1960 3461 Ζήτει

380 3512 483 3567 καὶ
506 3509 599 3562 τδν
632 3508 859 3560 δέκατον
889 3501 1089 3555 κανόνα
1120 3498 1214 3551 τοῦ
1264 3497 1420 3564 ἁγίου
1467 3495 1672 3562 Πέτρου
1706 3496 1961 3560 ἀρχιεπι-

384 3605 597 3659 σκὸπου
635 3598 755 3653 Ἀλε
765 3594 1071 3664 ξανδρείας.
1386 3648 1389 3651 η

460 3693 714 3750 ΖΩΝΑΡ.
762 3689 821 3741 Ὀ
855 3684 1175 3747 Εὐστάθιος,
1215 3675 1275 3734 οὗ
1324 3681 1600 3748 μέμνηται
1641 3678 1673 3742 ἡ
1709 3675 1963 3740 ἐπιστολὴ

390 3790 556 3858 αὕτη,
590 3783 887 3840 ἐπίσκοπος
938 3772 1006 3846 ἦν
1040 3775 1136 3841 τῆς
1182 3770 1529 3838 Παμφυλίας.
1562 3767 1856 3835 Παμφυλία
1906 3765 1965 3818 δέ

396 3854 546 3934 ἐστιν
575 3878 608 3945 ἡ
634 3874 733 3941 τῆς
750 3868 1065 3928 ’Ᾱτταλείας
1102 3863 1357 3930 ἐπαρχία.
1375 3862 1431 3912 ’0
1448 3860 1578 3920 γοῦν
1598 3857 1781 3926 ῥηθεὶς
1807 3854 1967 3922 ἀνὴρ,

410 3970 783 4039 περιστάσεσιν
812 3956 1322 4031 ἐμπεπτωκὼς,καὶ
1352 3949 1737 4019 ἀπαγορεύσας
1762 3947 1849 4001 διὰ
1882 3964 1969 4014 μι·

415 4056 703 4128 κραψυχίαν
723 4056 818 4110 καὶ
836 4048 1289 4123 ἀπραγμοσύνην,
1308 4044 1601 4114 ἐγγράφως
1618 4040 1972 4110 παρῃτήσατο

414 4151 510 4220 τὴν
533 4148 849 4218 ἐπισκοπὴν.
871 4145 1049 4198 Κάκεῖ
1072 4142 1169 4211 μὲν
1209 4139 1364 4201 ἄλλος
1381 4135 1792 4205 κεχειροτόνητο
1810 4146 1823 4159 '
1865 4133 1892 4183 ὁ
1916 4128 1973 4181 δὲ

412 4232 701 4301 Εύστάθιος
728 4237 933 4293 κλαίων
970 4231 1248 4304 προσῆλθε
1278 4232 1345 4300 τῇ
1391 4228 1513 4297 ἱερᾷ
1544 4224 1718 4295 ταύτῃ
1751 4221 1972 4287 συνόδῳ,

405 4337 463 4389 ού
492 4336 587 4404 τὴν
614 4332 793 4396 πόλιν,
827 4330 887 4381 οὐ
919 4327 1015 4397 τὴν
1043 4322 1340 4391 ἐκκλησίαν
1363 4316 1829 4384 ἀνακαλούμενος,
1862 4314 1976 4366 οὐδ’

403 4423 770 4498 ἀμφισϐητῶν
810 4421 940 4485 περὶ
969 4416 1151 4470 αὐτῶν
1179 4414 1256 4482 τῷ
1295 4412 1413 4482 μετ’
1449 4411 1613 4463 αὐτὸν
1658 4423 1975 4478 χειροτονη-

1498 339 1580 398 IN
1608 336 1774 399 CAN.
1806 332 1943 393 vm
1980 327 2186 419 conc.
2228 323 2496 386 EPIIES.
2926 400 2927 403 γ

1823 447 1919 499 καὶ
1944 446 1997 506 Α
2022 457 2254 512 quanam
2285 438 2493 491 ratione
2508 431 2756 489 dividunt
2780 431 2867 486 isti
2895 442 3013 497 quae
3030 440 3139 483 non
3162 422 3587 480 tdebent‘dividi.

3482 307 3588 373 374

2025 510 2080 588 et
2139 541 2393 596 tanquam
2442 524 2586 592 leges
2626 519 2873 575 sanciunt
2907 532 2968 571 ea
3018 531 3138 586 quae
3187 510 3427 584 epistola
3476 524 3584 564 non

2026 615 2574 687 comprehenduntur.
2597 609 2762 663 Porro
2779 616 2830 661 et
2849 608 2988 659 hanc
3001 602 3453 671 dispensationem
3476 598 3593 651 exi-

2028 715 2186 769 stimo
2237 725 2343 764 non
2389 704 2783 761 inconsiderate
2836 700 3030 752 factam
3067 710 3207 751 esse.
3256 680 3390 746 Cum
3447 689 3590 745 enim

2029 816 2285 865 canones,
2312 808 2367 853 et
2396 796 2564 852 sancti
2595 792 2772 861 Cyrilli
2800 791 2866 845 ad
2900 790 3161 841 Domnum
3190 783 3442 855 epistola,
3496 782 3593 834 de-

2030 893 2288 957 cernant',
2322 905 2391 945 ne
2422 888 2511 943 ulli
2552 885 2859 942 sacerdotes
2885 878 3339 935 rennntiationum
3388 872 3598 928 libellos

2029 987 2253 1044 aﬂerant
2301 985 2380 1057 (Si
2449 983 2623 1047 enim,
2666 978 2858 1048 inquit,
2890 989 3043 1030 sacra
3092 968 3389 1026 ministeria
3446 965 3601 1019 obire

2030 1080 2173 1150 digni
2209 1080 2355 1142 sunt,
2408 1076 2461 1130 in
2506 1088 2572 1128 eo
2620 1076 3011 1141 permaneant:
3044 1064 3126 1118 sin
3161 1071 3336 1114 autem
3372 1057 3599 1122 indigni,

2033 1185 2100 1225 ne
2129 1185 2225 1238 per
2267 1163 2721 1221 renuntiationem
2771 1161 3003 1215 exeant,
3055 1152 3149 1206 sed
3190 1148 3398 1217 potius,
3440 1143 3601 1196 rebus

2033 1261 2165 1327 ipsis
2180 1254 2573 1319 condemnati),
2602 1248 2873 1320 quomodo
2896 1244 3094 1298 dixerit
3120 1238 3385 1308 qniSpiam
3418 1232 3595 1299 Ephe-

2036 1358 2210 1407 sinam
2257 1350 2543 1420 synodum,
2589 1355 2641 1397 et
2665 1357 2786 1395 eum
2824 1339 3002 1408 potius
3027 1334 3115 1399 qui
3154 1332 3200 1385 ei
3234 1334 3461 1397 prmerat
3490 1341 3600 1377 nrt-

1998 1506 2005 1517 ε
2036 1460 2196 1516 gnum
2227 1442 2484 1512 Cyrillum
2521 1437 2645 1501 sibi,
2695 1446 2747 1488 et
2792 1431 3013 1496 reliquis
3046 1425 3298 1480 Patribus
3328 1417 3603 1474 contraria

2039 1509 2326 1591 statuisse?
2342 1530 2468 1593 Sed,
2492 1538 2551 1581 ut
2571 1536 2655 1582 est
2678 1521 2972 1578 versimile,
2993 1532 3111 1571 cum
3135 1509 3395 1569 Eustathii
3416 1522 3611 1561 renun—

2039 1624 2193 1678 tiatio
2228 1622 2382 1675 ﬁrma
2411 1632 2515 1671 non
2543 1624 2706 1677 esset,
2731 1610 2824 1665 sed
2857 1610 2911 1661 in
2931 1602 3253 1675 quibusdam
3286 1598 3512 1658 labaret,
3547 1609 3610 1647 ex

1984 1758 1987 1759 ν
2042 1712 2467 1787 dispensationis
2522 1709 2731 1763 ratione
2790 1698 2982 1757 annuit
3020 1707 3208 1754 sancta
3263 1690 3503 1763 synodus
3548 1685 3612 1738 ad

1972 1795 2015 1850 Β
2045 1829 2104 1864 ea
2130 1777 2248 1880 qua!
2267 1805 2489 1859 deﬁniit.
2514 1799 2668 1868 Quod
2694 1809 2874 1852 autem
2894 1800 3040 1848 esset
3060 1785 3323 1858 ejusmodi
3350 1777 3615 1857 Ettslalltii

2044 1902 2394 1960 renuntiatio,
2441 1911 2507 1949 ex
2539 1896 2653 1963 ipsa
2704 1891 2867 1944 etiam
2897 1882 3128 1953 epismla
3183 1882 3467 1947 apparent,
3499 1884 3618 1939 quae

2046 2000 2177 2051 dicit
2207 2014 2222 2050 :
2254 1994 2446 2048 Nescio
2477 1988 2753 2059 quomodo
2772 1971 3446 2039 renuntiationislibellum
3477 1978 3618 2023 attn—

2048 2091 2110 2144 lit
2142 2057 2578 2141 Eustathiusaet
2595 2079 2666 2134 ob
2701 2077 2817 2145 ejus
2846 2072 3217 2141 receptionem
3248 2063 3411 2119 velini
3446 2062 3497 2114 in
3527 2057 3623 2109 ad-

2049 2182 2394 2238 mirationem
2428 2173 2740 2230 adducitur.
2787 2170 2843 2223 Si
2878 2170 2989 2233 ipsa
3023 2164 3166 2218 enim
3196 2159 3263 2213 ab
3292 2158 3471 2224 aliquo
3513 2166 3619 2205 non

2050 2274 2489 2335 labefactaretur,
2538 2281 2639 2320 nec
2692 2272 2750 2315 nt
2801 2261 3091 2332 episcopus
3140 2252 3538 2305 nominaretur,
3571 2250 3625 2294 et

2055 2383 2114 2426 ut
2148 2368 2311 2424 sacri-
2342 2360 2588 2418 muneris
2636 2355 2838 2425 aliquid
2873 2352 3070 2410 obiret,
3103 2347 3149 2402 ei
3192 2341 3623 2414 permittervtur.

2054 2463 2206 2531 Quod
2243 2464 2419 2523 itaque
2446 2469 2542 2522 per
2570 2452 2709 2504 hanc
2748 2445 3034 2513 epistolam
3077 2433 3411 2493 mcouomice
3446 2425 3627 2497 provi-

2056 2572 2177 2615 sum
2231 2562 2354 2616 est,
2412 2562 2518 2602 non
2573 2552 2655 2597 est
2701 2536 3028 2593 univerSale.
3083 2531 3194 2584 Iloc
3249 2538 3428 2578 autem
3463 2522 3625 2574 etiam

2056 2670 2118 2707 ex
2145 2666 2208 2704 eo
2239 2647 2567 2702 dcclaratur,
2608 2636 2749 2706 quod
2780 2633 2970 2686 Patres
3002 2626 3368 2688 srripserunt;
3413 2614 3555 2685 quod
3584 2612 3629 2665 si

2057 2761 2085 2796 a
2140 2738 2414 2809 religionis
2453 2729 2721 2801 episcopis
2769 2721 3053 2792 benignius
3088 2713 3287 2783 aliquid
3344 2712 3395 2763 in
3448 2720 3632 2762 senem

2059 2840 2173 2892 tiat.
2214 2834 2263 2886 id
2293 2845 2506 2899 quoque
2534 2828 2712 2895 placet
2737 2818 2965 2890 synodo.
2990 2813 3262 2907 ‘I‘rmterea
3290 2817 3410 2855 eum
3468 2795 3633 2851 (thal-

2058 2925 2381 2981 rcdonensis
2434 2918 2670 2990 synodus
2719 2911 2918 2966 nullum
2979 2890 3221 2960 absolute
3276 2890 3636 2949 ordinandum

2061 3035 2181 3073 esse
2213 3017 2506 3073 decernat,
2547 3008 2636 3075 qui
2680 3004 2854 3060 solum
2882 2991 3300 3054 sacerdotalem,
3339 2991 3399 3039 ut
3423 2982 3635 3038 dicunt,

2063 3066 2376 3176 diignitatem
2407 3066 2667 3171 obtinebit
2719 3094 3032 3161 episc0pus;
3084 3088 3440 3151 quarumnam
3480 3066 3641 3138 108

2062 3198 2403 3255 sacerdotum
2429 3192 2654 3245 antistes
2676 3200 2795 3239 esse
2823 3183 3055 3244 dicetur,
3078 3175 3161 3227 vel
3186 3180 3451 3238 quosnam
3478 3164 3640 3216 doce-

2063 3294 2173 3347 hit?
2206 3301 2258 3343 et
2297 3298 2655 3355 qnorumnam
2697 3279 2986 3348 episcopus
3029 3267 3171 3324 erit?
3199 3262 3477 3318 Nullorum
3518 3270 3641 3307 om-

2064 3386 2211 3437 nino.
2248 3380 2426 3444 Quare
2470 3389 2569 3428 nec
2611 3375 2874 3438 potestate
2901 3360 3119 3430 quidem
3148 3354 3259 3411 sola
3295 3341 3644 3406 sacerdotalis

2065 3475 2297 3542 dignitas
2345 3458 2929 3525 ohtinehitnr..Qua>re
2977 3451 3140 3507 etiam
3177 3444 3431 3501 decitnun
3478 3448 3643 3490 cano—

2066 3582 2185 3618 nent
2219 3562 2387 3618 sancti
2427 3559 2567 3613 Petri
2608 3547 2954 3607 Alexandrini
2988 3540 3248 3612 episcopi.

2125 3674 2382 3730 ZONAR.
2399 3668 2732 3727 Eustathius,
2753 3665 2818 3717 de
2836 3659 3012 3731 quoin
3034 3653 3256 3723 epistola
3272 3644 3675 3725 sermo,Pam-‘

2069 3769 2264 3839 phylim
2299 3766 2586 3832 episcopus
2615 3758 2741 3812 fuit.
2764 3749 3114 3819 Phamphylia
3135 3754 3313 3798 autem
3338 3749 3419 3793 est
3437 3736 3651 3791 Attalia»

2071 3830 2466 3929 pr.ivincia.\'ir
2488 3855 2669 3919 itaque
2684 3847 2972 3916 prmtlictns
2988 3857 3108 3893 cum
3125 3840 3174 3889 in
3195 3830 3491 3888 difficiliora
3510 3837 3648 3878 tetu-

2072 3965 2200 4020 pura
2222 3948 2522 4004 inridissat,
2548 3957 2655 4012 prae
2675 3934 3115 4004 pusillanimitate
3136 3938 3182 3980 et
3212 3923 3542 3986 negotiorum
3568 3916 3646 3969 fu-

2074 4060 2135 4112 ga
2160 4039 2381 4093 moleste
2398 4040 2598 4094 lerens,
2615 4024 2945 4098 episcopatui
2970 4020 3189 4087 scriptis
3207 4009 3552 4069 renuntiavit.
3573 4006 3650 4058 Ac

2074 4135 2210 4185 alius
2235 4130 2445 4198 quidem
2476 4124 2581 4177 illic
2606 4124 2807 4177 electus
2836 4126 2935 4169 est.
2968 4107 3283 4165 Eustathius
3313 4116 3441 4153 vero
3469 4097 3654 4150 multis

2076 4241 2197 4280 Cum
2222 4219 2473 4290 lactymis
2504 4219 2556 4270 in
2582 4224 2823 4269 sanctam
2846 4210 2983 4262 hanc
3001 4202 3264 4272 synodum
3284 4204 3466 4263 postea
3485 4188 3650 4250 venit,

2081 4334 2185 4370 non
2209 4314 2479 4370 civitatem
2503 4309 2625 4371 sibi,
2655 4320 2763 4359 non
2797 4299 3088 4354 Ecclesiaut
3131 4291 3432 4344 vindicans,
3465 4293 3555 4336 aut
3589 4296 3649 4333 ea

2080 4422 2189 4477 quo
2221 4407 2398 4457 minus
2431 4417 2457 4454 tt
2484 4388 2802 4455 successore
2834 4392 3167 4459 haberentur
3202 4393 3459 4435 rernsans
3509 4394 3520 4427 :
3557 4372 3653 4427 sed

422 4466 764 4498 ἰι-την·ι“ν-
816 4466 938 4485 ---ι--
972 4466 1141 4470 ----ην
1196 4466 1239 4482 ν.
1295 4466 1307 4482 ι
1661 4466 1686 4476 ..
1751 4466 1763 4478 .
1930 4466 1939 4474 .

403 4521 570 4584 θέντι,
607 4516 782 4584 ὄνομα
825 4513 881 4565 δὲ
920 4511 1017 4565 καὶ
1048 4508 1215 4579 τιμὴν
1241 4506 1409 4560 αἰτῶν
1435 4503 1764 4560 ἐπισκόπου,
1799 4499 1957 4552 καλεῖ

2090 4511 2282 4550 nomen
2316 4503 2521 4548 taltxtttn
2544 4487 2781 4557 episcopi
2810 4497 2865 4537 et
2894 4483 3151 4535 honorem
3172 4483 3378 4545 petens,
3402 4466 3653 4521 nimirum

2508 4582 2516 4584 ’
2654 4578 2665 4584 ·
2916 4576 2925 4584 ·
3105 4563 3528 4584 κ·---μμι.-..,...,.
3599 4557 3652 4584 :..

403 4613 533 4664 σθαι
563 4607 773 4677 δηλαδὴ
830 4604 1002 4657 θέλων
1036 4600 1364 4661 ἐπίσκοπος,
1397 4598 1491 4650 καὶ
1541 4594 1708 4663 τιμὴν
1746 4593 1891 4662 ἔχειν
1919 4593 1977 4644 ἐν

400 4701 704 4770 καθέδραις
726 4698 819 4750 καί¹
844 4692 1107 4755 τοιούτοις
1133 4692 1315 4751 ἄλλοις
1337 4688 1621 4755 ἐπισκόπῳ
1675 4685 1980 4755 προσήκου-

402 4812 511 4847 σιν.
548 4790 721 4859 Φησῖν
747 4788 840 4866 ob“:
866 4789 898 4858 ἡ
935 4784 1056 4855 ἱερὰ
1087 4784 1301 4846 σύνοδος
1331 4782 1414 4834 ὅτι
1448 4778 1879 4845 Συνηλγήσαμεν
1903 4772 1981 4844 τῷ

402 4881 719 4955 πρεσϐύτῃ,
752 4864 847 4933 καὶ
868 4876 1050 4931 κοινὸν
1075 4874 1402 4946 ἡγησάμεθα
1433 4864 1497 4923 τὸ
1522 4868 1689 4922 αὑτοῦ
1716 4869 1976 4937 δάκρυον,

402 4979 504 5030 καὶ
559 4976 910 5045 ἐζητήσαμεν
951 4969 1144 5040 μαθεῖν
1188 4969 1235 5020 εἰ
1284 4963 1585 5026 κανονικῶς
1620 4960 1900 5031 καθῃρέθη
1952 4959 1983 5010 ὁ

403 5069 724 5139 ἅνθρωπος,
757 5062 1089 5125 τινῶννῖσως
1132 5058 1634 5130 κατηγορησάντων
1680 5051 1848 5107 αὑτοῦ
1894 5052 1983 5104 ἐπ’

406 5165 639 5222 ἀτόποις
690 5156 856 5211 τισίν.
902 5155 1058 5207 Ἐπεὶ
1111 5153 1169 5205 δὲ
1226 5148 1393 5219 μηδὲν
1421 5147 1665 5199 τοιοῦτον
1707 5145 1806 5198 ἐπ’
1834 5143 1984 5213 αὐτῷ

408 5252 701 5321 γεγονέναι
758 5248 1058 5319 ἐμάθομεν,
1110 5241 1556 5313 παραιτήσασθαι
1604 5239 1663 5291 δέ
1696 5237 1986 5306 αύτδντὴν

410 5342 746 5410 ἐπισκοπὴν,
778 5342 872 5393 καὶ
899 5338 988 5394 διὰ
1019 5337 1178 5391 τοῦτο
1208 5334 1384 5402 αὐτῆς
1413 5333 1669 5384 ἐκπεσεῖν
1704 5328 1773 5381 δι’
1802 5330 1987 5397 ἀπρα-

411 5433 726 5504 γμοσύνην,
759 5432 863 5485 οὐκ
918 5428 1219 5482 ἀκόλουθον
1251 5423 1620 5493 ἐλογισάμεθα
1661 5421 1987 5489 φιλονεικεῖν

410 5527 483 5595 τῇ
530 5522 949 5594 ,ἀπραγμοσύνῃ
1008 5519 1103 5571 τοῦ
1161 5517 1372 5587 ἀνδρὸς,
1433 5516 1554 5585 ἦτοι
1610 5518 1676 5583 τῇ
1733 5515 1860 5579 περὶ
1921 5513 1997 5564 τὰ-

414 5617 733 5687 πράγματα
767 5611 1239 5682 ἀνεπιτηδειότητι
1264 5625 1278 5640 ο
1310 5609 1420 5661 δεῖν
1477 5607 1533 5660 δὲ
1554 5640 1571 5675 ί
1591 5606 1791 5676 μᾶλλον
1839 5607 1990 5673 ἐκρί·

413 5725 594 5777 ναμεν
640 5706 866 5772 ἐλεῆσαι
891 5703 983 5755 τὸν
1015 5703 1243 5771 γηραιὸν
1271 5701 1360 5751 ἐπὶ
1392 5700 1605 5768 χρόνοις
1632 5695 1990 5761 πολλοῖς“τῆς

417 5797 683 5869 πατρίδος
717 5794 905 5860 αὑτοῦ,
952 5794 1046 5847 καὶ
1101 5789 1369 5860 πατρῴων
1420 5785 1851 5858 ἐνδιαιτημάτων
1896 5785 1989 5835 ἐκ·

2081 4586 2318 4656 episcopi
2377 4582 2592 4635 nomine
2654 4576 2927 4631 houeslari
2967 4612 2980 4633 ,
3056 4563 3529 4636 episcopahuuqne
3599 4557 3652 4605 in

2082 4694 2341 4735 consessu
2373 4677 2574 4733 locum,
2608 4684 2674 4723 ac
2726 4669 2770 4722 si
2827 4680 2946 4735 quae
2989 4660 3091 4715 alia
3146 4665 3269 4710 sunt
3327 4647 3653 4717 huiusmodi.

2083 4774 2326 4827 obtinere
2358 4768 2561 4820 volens.
2614 4761 2773 4817 Senis
2827 4759 2999 4811 vicem
3051 4752 3212 4820 igitur
3244 4744 3658 4800 condoluimus,

2086 4865 2261 4931 inquit
2291 4872 2478 4915 sancta
2508 4854 3222 4927 synodus,communesque
3247 4838 3362 4905 ejus
3394 4836 3659 4903 lacrymas

2085 4952 2535 5011 existimavimus,
2559 4958 2613 5001 et
2641 4945 2849 4998 discere
2865 4937 3039 4993 conati
3059 4947 3264 4994 sumus,
3291 4946 3421 4984 num
3454 4926 3659 4994 aliquo-

2085 5064 2202 5102 rum
2232 5044 2551 5113 ﬂagitiorum
2594 5039 2873 5097 convictus
2900 5034 3063 5087 homo
3086 5030 3349 5083 canonice
3385 5020 3659 5088 depositus

2088 5140 2298 5193 inisset.
2343 5135 2473 5189 Cum
2502 5145 2631 5185 vero
2671 5127 2809 5183 nihil
2832 5126 2936 5180 tale
2965 5124 3165 5177 factum
3211 5132 3330 5171 esse
3356 5111 3656 5180 comperis-

2088 5243 2288 5287 semus.
2318 5227 2415 5279 sed
2442 5212 2610 5287 illuni,
2634 5223 2774 5291 haud
2796 5233 2926 5273 sane
2945 5216 3103 5269 rebus
3126 5209 3375 5280 gerendis
3400 5204 3653 5260 habilem,

2089 5321 2421 5389 episcopatu,
2450 5328 2557 5385 qna
2585 5327 2644 5367 se
2681 5313 2906 5381 ipsemet
2930 5307 3306 5364 abdicaverat,
3339 5296 3609 5352 excidisse
3634 5309 3651 5345 :

2092 5429 2189 5468 nos
2220 5410 2506 5468 hominem,
2525 5407 2665 5476 quod
2690 5420 2717 5456 a
2749 5400 2975 5468 negotiis
2997 5398 3332 5461 abhorreret,
3364 5390 3475 5443 sive
3501 5389 3664 5440 rebus

2092 5504 2340 5574 gerendis
2386 5502 2563 5554 minus
2617 5498 2843 5551 idoneus
2903 5489 3065 5544 fuerit
3104 5526 3120 5551 ,
3171 5482 3459 5550 objurgare
3518 5477 3660 5530 haud

2093 5597 2375 5650 honestum
2400 5607 2519 5646 esse
2556 5585 3010 5647 existimavimus,
3036 5579 3127 5632 sed
3161 5576 3340 5646 potius
3390 5579 3664 5625 senectute

2093 5689 2358 5744 confecto,
2408 5695 2461 5738 et
2506 5684 2679 5753 putria
2738 5681 2935 5732 multos
2979 5675 3088 5740 jam
3148 5684 3318 5724 annos
3363 5683 3426 5721 ac
3466 5662 3660 5735 patriis

2097 5782 2318 5833 sedibus
2349 5765 2557 5836 orbalo,
2598 5768 2984 5827 misericordiae
3012 5761 3212 5832 aliquid
3241 5754 3663 5829 impartiendum
