4078 6408
450 316 555 379 375

1699 317 1797 375 ΤΗ
1809 315 1971 376 ΕΟΙ).
2019 316 2109 374 BA
2119 315 2417 375 LSAMON

3574 304 3677 369 3‘6

447 444 571 483 esse
620 408 1002 499 judicavimas.
1051 428 1238 494 Itaque
1293 439 1346 482 et
1395 426 1637 496 episc0pi
1694 440 1909 487 nomen,
1962 434 2010 478 et

2120 428 2467 481 πεπτωκότα.
2501 426 2608 477 Καὶ
2647 422 2949 492 ὡρίσαμεν,
2983 419 3075 474 καὶ
3110 420 3319 473 δίκαιον
3348 417 3673 487 ἡγησάμεθα

447 521 785 588 dignitatem,
803 520 1340 585 eonimunionemque
1362 518 1426 572 ab
1442 532 1506 572 eo
1526 517 1742 571 retineri
1765 515 2007 569 decrevi-

448 626 591 673 mus,
647 622 700 664 et
739 612 941 679 justum
979 611 1305 665 censuimus.
1358 608 1435 663 Ita
1470 610 1696 670 scilicet,
1743 619 1798 662 ut
1828 606 1877 660 ei
1924 620 2009 659 se-

445 703 689 759 cretiora.
722 702 880 771 adyta
935 701 1157 765 intrare,
1205 700 1384 769 ibique
1427 698 1850 760 communicare,
1901 711 2005 749 non

446 802 622 845 tamen
647 801 740 845 aut
769 792 867 858 ipsi
886 774 1038 846 sacra
1065 792 1261 856 facere,
1290 801 1380 845 aut
1403 790 1681 845 ordinibus
1701 787 2004 858 quempiam

443 885 705 953 insignire
750 884 831 939 fas
866 885 959 949 sit,
990 884 1093 938 nisi
1126 884 1206 937 vel
1231 884 1513 953 episcopus
1546 882 1712 951 aliqui
1741 895 1863 935 eum
1902 880 2004 933 sibi

441 977 645 1029 soeimu
678 976 731 1030 in
763 977 932 1031 sacris
951 976 1270 1045 peragendis
1301 975 1383 1028 vel
1408 974 1710 1043 ordinando
1731 971 2002 1035 asciverit,

441 1067 522 1121 vel
558 1068 628 1121 ab
657 1068 773 1135 ipso
810 1067 1043 1136 regionis
1071 1068 1226 1121 istius
1249 1067 1499 1137 episcopo
1523 1058 1627 1121 tale
1647 1065 1920 1135 quippiam
1952 1063 2003 1118 ei

442 1158 702 1228 faceresit
732 1162 1073 1227 permissum.
1108 1163 1282 1228 Atque
1311 1159 1423 1213 hinc
1453 1160 1667 1227 quidem
1689 1172 1808 1220 nos,
1835 1154 2006 1225 inquit

441 1250 701 1318 synodus,
729 1248 932 1302 homini
959 1248 1300 1302 indulsimus.
1340 1247 1490 1314 Quod
1532 1248 1575 1301 si
1600 1246 1881 1316 benignius
1906 1244 2003 1297 ali-

439 1341 590 1410 quid,
623 1340 704 1394 vel
737 1356 901 1406 nunc,
945 1339 1026 1394 vel
1063 1340 1116 1395 in
1145 1350 1444 1409 posterum,
1493 1338 1565 1393 illi
1597 1336 1999 1399 consulueritis,

418 1433 491 1485 'id
523 1440 629 1497 est,
662 1434 705 1485 si
729 1432 848 1501 plus
873 1432 1074 1501 aliquid
1105 1432 1245 1503 juris
1268 1432 1350 1486 vel
1375 1430 1635 1501 privilegii
1670 1430 1743 1484 illi
1770 1444 1999 1484 conces-
2052 1446 2065 1459 κ

439 1525 641 1589 seritis,
668 1524 823 1577 nobis
870 1533 1145 1593 acceptum
1170 1527 1305 1597 erit.
1339 1524 1415 1579 Ex
1448 1524 1548 1578 hac
1580 1522 1770 1593 synodi
1798 1522 2001 1575 consti-

440 1618 647 1670 tutione
693 1616 950 1684 colligunt
980 1616 1219 1684 quidam,
1249 1615 1412 1670 licere
1443 1615 1711 1683 episc0pis
1742 1614 2002 1669 ecclesias

437 1725 584 1773 suas,
603 1708 863 1778 dignitate
887 1708 1173 1777 episc0pali
1199 1708 1546 1763 nihilominus
1574 1716 1802 1773 retenta,
1822 1708 2003 1761 dimit-

2117 519 2263 588 ἔχειν
2295 517 2459 570 αὑτὸν
2484 517 2545 569 τὸ
2572 515 2743 585 δνομα
2783 515 2883 583 τῆς
2909 515 3216 581 ἐπισκοπῆς
3243 514 3336 564 καὶ
3360 510 3459 580 τὴν
3486 511 3672 579 τιμὴν,

2115 613 2210 663 καὶ
2239 609 2337 679 τὴν
2364 610 2668 672 κοινωνίαν,
2701 607 2764 661 τὸ
2784 606 2933 668 ἐντὸς
2963 607 3056 658 τοῦ
3094 604 3483 673 θυσιαστηρίου
3514 603 3675 655 εἰσιέ-

2113 718 2201 753 ναι
2233 700 2459 769 δηλαδὴ,
2490 701 2585 752 καὶ
2616 697 3079 768 μεταλαμϐάνειν,
3110 696 3249 765 μήτε
3279 695 3335 749 δέ
3372 696 3675 763 ἱερουργεῖν

2112 794 2299 859 αὐτὸν,
2360 794 2500 865 μήτε
2549 794 2895 863 χειροτονεῖν,
2949 791 2997 842 εἰ
3054 790 3127 858 μὴ
3179 787 3674 858 συμπαραληφθείη

2112 885 2245 956 παρ’
2322 886 2512 954 ἐτέρου
2578 884 2921 946 ἐπισκόπου,
2977 881 3117 934 ὥστε
3183 880 3674 947 συλλειτουργῆσαι

2110 976 2359 1048 ἐκείνῳῆ
2394 975 2782 1045 συγχειροτονῆ
2795 991 2899 1040 ται,
2938 975 2969 1046 ἢ
3000 971 3329 1043 ἐπιτραπείη
3357 969 3598 1024 τοιοῦτόν
3620 987 3673 1021 τι

2111 1070 2338 1138 ποιῆσαι
2382 1071 2531 1139 παρά
2567 1067 2660 1122 τοῦ
2695 1069 2792 1139 τῆς
2841 1066 3052 1135 ἐνορίας
3087 1065 3304 1133 ἐκείνης
3349 1064 3671 1117 ἐπισκόπου.

2111 1162 2224 1216 Καὶ
2253 1162 2415 1231 ἡμεῖς
2453 1162 2551 1229 μὲν
2583 1160 2780 1223 ταῦτα,
2811 1159 2975 1227 φησὶν
3017 1158 3051 1228 ἡ
3091 1156 3331 1219 σύνοδος,
3357 1153 3673 1223 δεδώκαμεν

2109 1254 2259 1323 αύτῷ
2284 1270 2298 1283 ·
2328 1255 2374 1305 εί
2406 1254 2463 1305 δέ
2503 1270 2555 1306 τι
2596 1252 2953 1322 βουλεύσεσθε
2984 1251 3353 1322 χρηστότερον
3387 1249 3546 1316 ὑμεῖς
3584 1245 3672 1299 ἐπ’

2108 1346 2297 1408 αὐτοῦ,
2333 1346 2368 1417 ἦ
2396 1346 2490 1399 νῦν
2521 1346 2554 1416 ἦ
2593 1344 2733 1414 μετά
2763 1346 2960 1406 ταῦτα,
3005 1345 3174 1414 ἤγουν
3209 1345 3257 1396 εί
3288 1343 3383 1396 καὶ
3412 1341 3575 1394 πλέον
3618 1358 3672 1393 τι

2108 1441 2448 1511 παράσχοιτε
2497 1441 2648 1508 αύτῷ
2679 1440 2885 1492 δίκαιον
2924 1439 2957 1509 ἢ
3005 1437 3329 1507 προνόμιον,
3378 1438 3475 1489 καῖ
3509 1435 3670 1487 τοῦτο

2109 1532 2340 1601 ἀρεστὸν
2364 1533 2497 1601 ἡμῖν
2542 1530 2706 1596 δόξει.
2760 1532 2854 1584 Ἐκ
2882 1531 3088 1601 ταύτης
3140 1529 3423 1596 συνοδικῆς
3456 1522 3675 1581 ὀἰκονο-

2111 1623 2242 1693 μίας
2271 1624 2472 1677 οἴονταί
2504 1641 2649 1685 τινες
2696 1623 3001 1677 ἐνδεδύσθαι
3028 1625 3140 1685 τοῖς
3172 1621 3493 1683 ἐπισκόποις
3523 1610 3701 1701 παρ-ξ

2107 1712 2374 1767 αιτεῖσθαι
2421 1714 2521 1776 τὰς
2585 1712 2881 1781 ἐκκλησίας
2915 1712 3116 1778 αὐτῶν,
3167 1712 3265 1780 τὴν
3294 1710 3352 1763 δὲ
3400 1706 3704 1779 ἀρχιεριυ-’γ

439 1814 589 1871 tere.
614 1801 719 1854 Sed
760 1816 858 1869 ego
892 1800 1224 1854 contrarium
1264 1800 1439 1870 potius
1490 1800 1617 1854 hinc
1660 1811 1791 1870 puto
1842 1799 2003 1863 ellici,

2110 1805 2276 1873 σύνην
2332 1808 2728 1875 παρακρατεῖν.
2773 1801 2943 1870 Οἶμαι
2997 1803 3055 1857 δὲ
3103 1802 3414 1856 τούναντίον
3470 1800 3672 1870 μᾶλλον

435 1894 578 1962 quod
618 1893 743 1945 olim
774 1891 865 1961 qui
900 1890 1297 1960 episcopatibus
1345 1892 1727 1945 renuntiarunt
1751 1891 2005 1946 omnibus

438 2001 557 2053 qua:
588 1995 913 2053 acceperunt
942 1983 1133 2052 privati
1168 1992 1311 2047 sunt,
1353 1991 1406 2035 et
1445 1998 1621 2052 neque
1657 1984 1746 2053 jus
1787 1984 2004 2052 aliquod

402 2075 912 2148 ~episcopale‘post
961 2074 1413 2130 renuntiationem
1462 2076 1766 2129 retinebant
1832 2091 2007 2144 neque

437 2168 672 2237 episcopi
706 2166 1133 2236 appellabantur.
1173 2164 1229 2220 Si
1270 2168 1439 2230 enim,
1472 2166 1783 2245 episcopatu
1815 2182 2005 2235 quam-

439 2262 519 2316 vis
558 2261 823 2329 deposito,
852 2260 1031 2315 adhuc
1067 2259 1391 2329 episcOpaliu
1439 2259 1561 2328 jura
1613 2261 1837 2315 retineri
1888 2278 2005 2317 mos

437 2365 577 2421 erat,
616 2370 713 2408 cur
737 2353 951 2407 tandem
988 2352 1289 2420 lacrymans
1342 2351 1659 2407 Eustathius
1683 2352 2002 2408 insanctam

436 2446 698 2518 synodum
726 2446 896 2505 venit,
938 2444 1147 2511 sibique
1176 2445 1415 2513 episcopi
1443 2446 1700 2498 honorem
1727 2461 1791 2499 ac
1809 2459 2004 2500 nomen
2044 2461 2052 2469 '

438 2538 687 2608 precibus
724 2538 971 2592 obtinere
1007 2537 1321 2591 contendit?
1344 2546 1397 2591 et
1427 2536 1495 2592 de
1524 2553 1584 2591 ea
1615 2552 1673 2592 re
1698 2538 1908 2593 litteras
1940 2538 2005 2593 ad

441 2633 770 2705 Pamphyliae
797 2632 1058 2703 synodum
1102 2634 1306 2689 dandas
1339 2634 1607 2702 Ephesina
1630 2635 1740 2689 haec
1772 2636 2007 2707 synodus
2034 2636 2035 2649 ‘

442 2729 695 2784 censuit?
738 2726 925 2783 Potius
974 2728 1136 2795 igitur
1174 2728 1474 2782 antistitum
1513 2729 1750 2783 muneris
1791 2728 2006 2797 episco-

441 2822 578 2890 palis
611 2819 1059 2875 detrectationem
1111 2834 1208 2874 nec
1242 2819 1358 2874 sine
1384 2819 1540 2888 culpa
1577 2833 1717 2882 esse,
1756 2834 1855 2873 nec
1881 2828 2007 2874 tunc

438 2913 624 2976 fuisse,
669 2928 733 2966 ex
773 2912 872 2965 hac
903 2911 1126 2979 epistola
1165 2920 1424 2980 apparet,
1457 2924 1578 2979 qua:
1609 2911 1773 2974 dicit;
1815 2924 1933 2963 cum
1975 2924 2005 2962 a

436 2994 670 3075 negotiis
716 3003 1064 3058 vehementer
1120 3002 1419 3057 abhorrens
1466 3017 1576 3071 prae
1625 3002 1770 3055 curis
1826 3000 2007 3053 animo

2107 1896 2359 1951 ἐντεῦθεν
2387 1896 2939 1965 καταλαμϐάνεσθαι,
2989 1897 3070 1949 ὅτι
3128 1894 3297 1948 πάλαι
3332 1894 3507 1955 οίτάς
3547 1893 3671 1943 ἐπι-

2108 1991 2318 2053 σκοπάς
2351 1990 2804 2058 παραιτούμενοι,
2851 1988 2905 2041 εί
2938 2006 2997 2042 τε
3028 1988 3103 2051 ὡς
3154 1988 3404 2057 ἐδέχοντο
3453 1987 3671 2039 πάντων

2109 2085 2434 2149 ἐξέπιπτον,
2464 2080 2713 2134 καὶοῦτε
2763 2080 3152 2151 ἀρχιερατικόν
3179 2096 3235 2132 τι
3280 2078 3490 2130 δίκαιον
3532 2078 3672 2146 μετά

2105 2178 2203 2245 τὴν
2238 2175 2568 2247 παραίτησιν
2601 2169 2773 2242 εἶχον,
2811 2172 2935 2225 οὔτε
2962 2172 3250 2225 ἐπίσκοποι
3286 2170 3633 2239 ὠνομάζοντο
3656 2185 3670 2197 δ

2107 2271 2156 2321 εξ
2187 2268 2295 2338 γὰρ
2322 2262 2389 2337 ἦν
2421 2266 2596 2328 ἔθνος,
2619 2264 2761 2318 ὥστε
2807 2264 2899 2317 τὸν
2940 2263 3424 2333 παραιτησάμενον
3482 2252 3672 2331 ἀρχιεὲ

2110 2361 2308 2433 ρατικὰ
2344 2360 2531 2414 δίκαια
2570 2359 2736 2428 ἔχειν,
2779 2357 2832 2411 τί
2867 2358 3070 2426 δήποτε
3106 2358 3134 2409 ὁ
3169 2355 3468 2417 Εύστάθιος
3528 2356 3668 2424 μετὰ

2105 2454 2355 2523 δακρύων
2390 2451 2617 2522 προσῄει
2638 2454 2704 2521 τῇ
2738 2452 2858 2521 ἱερᾷ
2884 2450 3105 2520 συνόδῳ,
3147 2450 3240 2501 καὶ
3271 2450 3452 2520 ᾐτεῖτο
3485 2447 3673 2500 καλεῖ-

2115 2548 2249 2599 σθαι
2270 2545 2594 2606 ἐπίσκοπος,
2634 2542 2743 2597 καὶ
2765 2544 3067 2595 ἐπισκόπου
3106 2541 3251 2610 ἔχειν
3276 2540 3478 2609 τιμήν;
3511 2536 3607 2591 καὶ
3637 2524 3711 2606 ἡ)

2109 2638 2325 2700 σύνοδος
2374 2637 2583 2707 ἔγραφε
2623 2637 2751 2706 περὶ
2806 2636 2998 2689 τούτου
3034 2636 3095 2705 τῇ
3143 2633 3284 2687 κατά
3343 2631 3674 2700 Παμφυλίαν

2110 2734 2349 2800 συνόδῳ;
2388 2731 2587 2799 μᾶλλον
2625 2730 2724 2800 μὲν
2757 2724 2852 2783 οὖν
2885 2728 2993 2783 ἀπὸ
3023 2729 3122 2793 τῆς
3150 2725 3441 2795 ἐπιστολῆς
3468 2722 3674 2791 ταύτης

2107 2829 2204 2881 καὶ
2225 2826 2284 2878 τὸ
2313 2826 2450 2888 ὅλως
2482 2822 2869 2894 παραιτεῖσθαι
2926 2821 3055 2884 τοὺς
3086 2820 3366 2890 ἀρχιερεῖς
3412 2816 3508 2877 τὰς
3553 2815 3674 2867 ἐπι-

2109 2918 2318 2979 σκοπάς
2350 2916 2450 2969 οὐκ
2476 2914 2809 2982 ἀνέγκλητον
2857 2910 3109 2978 φαίνεται
3148 2906 3312 2971 εἶναι,
3352 2906 3476 2959 οὐδὲ
3526 2906 3677 2973 γίνε-

2109 3010 2232 3063 σθαι
2261 3009 2402 3070 τότε,
2437 3005 2711 3073 λεγούσης
2744 3003 2819 3066 ὡς
2848 3000 3166 3071 ἀπειρηκὼς
3200 2999 3338 3071 πρὸς
3372 3001 3469 3059 τὰς
3512 3014 3677 3066 φρον-

436 3098 786 3159 concidisset,
852 3095 1289 3157 renuntiationis,
1360 3094 1630 3148 nescimus
1708 3091 2000 3159 quomodo,

2110 3104 2258 3165 τίδας
2296 3104 2359 3153 ἐκ
2399 3099 2601 3168 πολλῆς
2632 3094 3087 3167 ἀπραγμοσύνης,
3132 3092 3539 3167 παραιτήσεως,
3574 3089 3675 3142 οὐκ

436 3187 676 3243 libellum
705 3185 917 3240 obtulit.
943 3183 1238 3255 Oportebat
1267 3184 1409 3239 enim
1432 3184 1599 3254 zeum,
1625 3192 1681 3236 ut
1706 3182 1792 3238 cui
1819 3197 2004 3238 sacer-

436 3278 635 3334 dotalis
676 3293 804 3332 cura
855 3277 1023 3332 semel
1058 3276 1308 3331 mandata
1359 3284 1462 3342 est,
1492 3274 1542 3330 ei
1581 3290 1702 3329 cum
1739 3271 2003 3343 spirituali

440 3374 633 3427 robore
664 3372 933 3433 insistere,
974 3379 1029 3424 et
1054 3368 1269 3424 labores
1292 3368 1456 3423 veluti
1500 3367 1700 3431 subire,
1739 3379 1795 3420 et
1839 3365 2005 3419 sudo-

436 3478 575 3525 rem,
641 3463 728 3517 cui
786 3476 993 3518 merces
1035 3463 1312 3532 proposita
1353 3470 1477 3525 est,
1526 3460 1778 3514 lubenter
1833 3457 2007 3511 susci-

437 3569 585 3623 pere.

510 3643 623 3697 Non
691 3642 859 3697 fuisse
920 3642 1084 3711 igitur
1151 3641 1361 3711 antiqui
1430 3641 1599 3695 moris
1651 3640 2004 3695 ecclesiarum

439 3734 886 3797 renuntiationes,
918 3733 1114 3786 exinde
1146 3732 1280 3786 satis
1317 3741 1555 3796 constat,
1595 3733 1738 3801 quod
1769 3728 2006 3801 synodus

436 3826 649 3890 scribit,
720 3825 864 3893 quod
927 3826 1202 3879 nescimus
1254 3822 1528 3892 quomodo
1592 3821 2008 3876 renuntiationis

436 3914 675 3968 libellum
706 3913 919 3969 obtulit.
964 3912 1361 3967 Aduiirantium
1414 3927 1646 3978 namque
1689 3909 1816 3965 facti
1852 3912 2007 3964 uovi-

437 4017 601 4060 tatem
651 4015 706 4059 et
762 4004 1122 4059 dubitantium
1151 4012 1270 4058 erat
1320 4005 1519 4066 dicere,
1556 4002 1697 4070 quod
1736 4003 2008 4057 nescimus

434 4099 708 4169 quomodo
737 4099 790 4153 id
812 4099 1017 4153 factum
1053 4097 1173 4151 fuit.
1203 4098 1259 4152 Si
1301 4112 1428 4152 vero
1449 4112 1535 4152 res
1558 4099 1751 4151 usitata
1778 4096 1969 4150 fuisset
1989 4136 2004 4158 ,

435 4194 502 4246 de
554 4207 615 4245 ea
648 4207 754 4245 non
797 4190 1157 4245 dubitaretur.
1209 4191 1339 4255 Quae
1381 4203 1508 4244 vero
1548 4189 1841 4257 subjiciunt
1874 4186 1892 4259 [
1920 4187 2005 4241 cui

436 4296 669 4350 namque
695 4282 860 4335 semel
892 4279 1211 4350 episcopalis
1236 4295 1364 4333 cura
1389 4272 1712 4339 demandata
1743 4279 1931 4334 fuisset
1956 4279 2005 4331 ei

435 4374 689 4427 insistere
716 4372 860 4425 illum
890 4367 1153 4440 oportuit]
1188 4378 1243 4422 et
1265 4380 1385 4437 qua:
1412 4379 1731 4437 sequuntur,
1773 4385 1856 4435 ea,
1888 4370 2007 4421 nul-

436 4468 541 4520 lam
572 4464 836 4534 ejusmodi
861 4461 1216 4521 sacerdotalis
1235 4462 1414 4517 oneris
1447 4463 1746 4531 deponendi
1775 4463 2005 4519 faculta-
2039 4469 2081 4523 ι)

435 4569 545 4612 tem
575 4555 766 4621 fuisse,
801 4556 931 4624 quin
969 4554 1019 4607 id
1065 4553 1244 4620 potius
1270 4554 1506 4607 maxime
1536 4560 1759 4609 vetitum
1794 4568 1847 4610 et
1897 4558 2008 4612 cri-

438 4648 707 4703 minosum
758 4646 945 4709 fuisse,
987 4646 1119 4700 satis
1146 4655 1333 4714 aperte
1363 4645 1764 4704 demonstrant.
1799 4647 2005 4703 Etenim

435 4739 480 4792 si
511 4739 602 4807 qui
638 4753 780 4790 nunc
812 4737 1042 4803 primum
1090 4736 1156 4805 ad
1192 4736 1480 4806 pastoralis
1513 4752 1656 4792 cura:
1686 4738 2008 4793 sollicitudi-
2036 4788 2059 4810 ‘

436 4843 559 4884 nem
588 4839 871 4891 vocantur,
906 4826 1008 4881 nisi
1034 4827 1251 4881 decreto
1298 4838 1520 4895 pareant
1547 4829 1844 4885 secundum
1880 4848 2009 4900 apo-

436 4918 697 4975 stolarum
749 4917 909 4987 109
956 4917 1288 4982 trigesimum
1323 4929 1553 4986 sextum,
1581 4929 1635 4975 et
1656 4920 2007 4977 Antiocliena:

439 5010 630 5081 synodi
666 5011 935 5064 decimum
968 5010 1256 5077 septimum
1306 5026 1592 5075 canonem,
1643 5016 1815 5082 quoad
1850 5031 2007 5069 recu-

438 5103 593 5156 sandi
626 5102 787 5156 finem
813 5102 1076 5165 facerent,
1105 5113 1490 5174 segregentur;
1524 5108 1797 5177 quomodo
1825 5107 1881 5171 ii,
1913 5110 2003 5175 qui

437 5194 780 5250 ordinantur.
809 5202 865 5247 ct-
893 5192 1068 5262 populi
1095 5210 1281 5248 curam
1317 5209 1697 5265 susceperunt,
1727 5200 1777 5252 ei
1812 5215 2006 5254 renuno

437 5288 655 5343 tiantes.
694 5295 748 5340 et
776 5287 1015 5341 oblatum
1064 5287 1164 5341 sibi
1196 5288 1376 5341 divina
1427 5290 1601 5357 gratia
1643 5293 2002 5346 ministerium

436 5378 800 5447 repudiantes.
832 5377 992 5431 lacile
1020 5377 1397 5435 admittentur.
1421 5390 1474 5432 et
1496 5395 1603 5433 non
1647 5397 1801 5449 paena
1828 5387 2006 5451 potius

437 5469 772 5534 aﬂicientur,
804 5470 899 5523 sed
945 5477 1000 5522 et
1030 5468 1332 5536 praemium,
1390 5470 1630 5541 episcopi
1659 5474 1867 5526 scilicet
1909 5490 2008 5528 uo-

436 5576 558 5615 men
590 5573 645 5625 et
680 5561 960 5625 honorem,
1007 5560 1319 5614 habebunt?
1352 5561 1483 5614 Nam
1516 5578 1576 5616 ea
1613 5565 1847 5632 quidem
1874 5582 2009 5634 pra:-

435 5655 527 5707 n;ti
557 5654 675 5709 loco
702 5654 925 5715 homini,
950 5654 1039 5722 qui
1066 5671 1092 5707 a
1120 5658 1383 5724 parcecia,
1426 5655 1479 5707 in
1516 5672 1677 5723 quam
1703 5655 2008 5711 destinatus

440 5748 638 5807 luerat,
694 5758 798 5800 non
854 5759 953 5798 suo
988 5745 1137 5811 \itio,
1173 5749 1265 5803 scd
1315 5748 1595 5819 impotenti
1646 5750 2007 5807 multitudinis

2110 3197 2267 3264 ῐσμεν
2320 3196 2487 3256 ὅπως,
2544 3190 2911 3261 προσεκόμισε
2968 3186 3194 3258 βιϐλίον.
3247 3185 3394 3238 Ἔδει
3447 3184 3559 3252 γὰρ
3599 3182 3676 3245 ὡς

2108 3284 2259 3350 ἅπαξ
2309 3282 2796 3355 ἐγκεχειρισμένον
2848 3280 3133 3349 ἱερατικὴν
3179 3275 3439 3348 φροντίδα
3470 3274 3678 3340 ταύτης
3772 3274 3785 3283 ’

2107 3378 2325 3449 ἔχεσθαι
2391 3376 2510 3445 μετ’
2582 3372 2916 3441 εύρωστίας,
2946 3368 3359 3438 πνευματικῆς.
3412 3366 3505 3417 καὶ
3565 3358 3676 3415 οἷον

2107 3466 2542 3523 ἀνταποδύεσθαι
2579 3466 2693 3526 τοῖς
2738 3463 2945 3525 πόνοις,
2980 3463 3075 3516 καὶ
3115 3461 3321 3529 ἱδρῶτα
3356 3458 3449 3511 τὸν
3508 3456 3675 3524 ἔμμιο

2110 3562 2235 3614 σθον
2265 3558 2509 3611 ἐθελοντὶ
2553 3557 2872 3625 ὑπομένειν.
2901 3555 3030 3607 Ὀτι
3063 3553 3161 3623 μέν
3189 3549 3285 3605 οὖν
3321 3551 3421 3603 οὐκ
3457 3548 3574 3610 ἔθος
3605 3541 3669 3614 ἦν

2110 3653 2480 3723 παραιτήσεις
2526 3647 2839 3717 ἐκκλησιῶν
2882 3645 3134 3715 γίνεσθαι
3168 3644 3311 3705 τότε,
3350 3640 3666 3715 ἐμφαίνεται

2107 3746 2217 3801 ἀπὸ
2255 3745 2348 3798 τοῦ
2378 3742 2584 3813 γράψαι
2636 3741 2735 3812 τὴν
2769 3739 2985 3794 σύνοδον
3043 3739 3120 3800 ὼς
3166 3738 3265 3789 οὐκ
3318 3736 3479 3803 ἴσμεν
3528 3733 3670 3791 ὅπως

2109 3836 2489 3907 παραιτήσεως
2518 3832 2887 3904 προσεκόμισε
2923 3826 3529 3901 βιϐλίονεενιζομένων
3571 3824 3675 3891 γὰρ

2110 3927 2203 3980 ἐπὶ
2225 3930 2290 3997 τῇ
2320 3926 2520 3996 πράξει
2553 3926 2649 3979 καὶ
2674 3924 3034 3993 ἀπορούντων
3071 3924 3137 3994 ἦν
3166 3922 3228 3975 τὸ
3256 3922 3438 3987 λέγειν
3472 3917 3549 3980 ὡς
3579 3916 3679 3968 οὐκ

2113 4021 2268 4088 ἴσμεν
2310 4019 2460 4080 ὅπως
2499 4018 2720 4083 ἐγένετο
2748 4018 2893 4071 τότε.
2927 4016 2992 4068 El
3036 4016 3095 4069 δέ
3145 4012 3392 4082 συνήθως
3439 4009 3679 4075 ἐγένετο,

2109 4113 2208 4166 οὐκ
2258 4111 2324 4163 ἂν
2354 4110 2633 4179 ἠπορεῖτο.
2680 4108 2754 4160 Τὸ
2801 4107 2856 4159 δέ
2923 4105 3238 4175 ἐπιφέρειν·
3277 4103 3386 4156 ἔδει
3442 4100 3551 4168 γὰρ
3602 4097 3717 4149 ὼε·

2109 4200 2259 4266 ἅπαξ
2301 4200 2781 4270 ἐγκεχειρισμένον
2837 4198 3117 4270 ἱερατικὴν
3170 4193 3430 4265 φροντίδα
3458 4188 3681 4260 ἔχεσθαι

2108 4297 2334 4361 ταύτης,
2363 4292 2459 4345 καὶ
2493 4294 2562 4344 τά
2601 4292 2727 4361 ἑξῆς
2755 4290 2972 4347 δίδωσιν
3006 4291 3232 4347 ἐννοεῖν,
3265 4288 3345 4339 ὄτι
3386 4284 3447 4337 τὸ
3478 4300 3550 4334 πα
3562 4281 3684 4350 9a.!-

2108 4386 2325 4439 τεῖσθαι
2360 4387 2457 4447 τὰς
2496 4382 2779 4454 ἱερατικὰς
2811 4382 3099 4451 φροντίδας
3130 4381 3232 4432 ούκ
3274 4378 3685 4446 ἐπιτετραμμέ-

2112 4494 2236 4539 νον,
2305 4477 2423 4528 dli"
2474 4473 2958 4544 ύποτετραμμένον
3018 4472 3223 4541 μᾶλλόν
3284 4472 3401 4522 ἐστι
3450 4468 3545 4522 καὶ⁹
3588 4469 3683 4519 ὑπ’

2114 4568 2371 4621 αἰτίασιν.
2428 4567 2490 4620 Εἰ
2535 4567 2645 4635 γὰρ
2692 4569 2740 4618 οἱ
2786 4567 2910 4635 ἄρτι
2972 4564 3204 4635 πρώτως
3242 4562 3567 4628 καλούμενοι
3604 4562 3686 4621 εἰς

2112 4657 2479 4726 ποιμαντικὴν
2506 4655 2854 4725 λειτουργίαν
2892 4654 3043 4716 λαοῦ,
3060 4642 3065 4649 ’
3084 4655 3132 4704 εί
3169 4653 3244 4723 μὴ
3268 4651 3545 4704 πείθοιντο
3570 4650 3686 4711 τοῖς

2110 4748 2502 4818 ψηφιζομένοις
2535 4748 2753 4810 αὐτοὺς,
2792 4744 3184 4814 Δἀφωρισμένοι
3210 4743 3359 4804 ἐίσὶ,
3396 4744 3549 4811 κατά
3594 4740 3687 4791 τὸν

2110 4840 2199 4904 λς’
2255 4841 2457 4894 κανόνα
2490 4841 2598 4893 τῶν
2630 4839 2802 4909 ἁγίων
2850 4838 3167 4892 ἀποστόλων
3202 4838 3307 4900 ἕως
3337 4836 3402 4890 ἂν
3451 4835 3686 4889 καταδέο

2111 4931 2335 4996 ξωνται,
2367 4932 2460 4984 καὶ
2509 4931 2651 4984 κατὰ
2695 4929 2787 4982 τὸν
2833 4930 2898 4992 ιζ’
2948 4929 3050 4992 τῆς
3090 4930 3147 4981 ἐν
3188 4926 3495 4997 Ἀντιοχείᾳ
3531 4927 3689 4978 συνόα-

2112 5028 2226 5083 ὅου.
2263 5026 2379 5089 πῶς
2409 5027 2460 5077 οί
2494 5028 2975 5095 χειροτονηθέντες
3008 5029 3099 5079 καὶ
3134 5026 3230 5096 τὴν
3262 5024 3358 5077 τοῦ
3391 5022 3522 5076 λαοῦ
3553 5040 3684 5090 προ-

2114 5118 2339 5169 στασίαν
2400 5115 2830 5185 καταδεξάμενοι
2886 5118 3260 5186 ἀπραγμόνως
3335 5114 3680 5185 δεχθήσονται

2113 5212 2565 5280 παραιτούμενοι,
2604 5210 2702 5262 καὶ
2738 5210 2800 5263 τὸ
2833 5210 3179 5280 ἑγχειρισθέν
3218 5210 3406 5270 αὐτοῖς
3437 5208 3543 5262 ὑπὸ
3585 5206 3683 5274 τῆς

2111 5300 2261 5362 θείας
2286 5303 2507 5371 χάριτος
2542 5300 2918 5371 λειτούργημα
2949 5301 3402 5373 ἀπαναινόμενοι,
3433 5300 3535 5352 οὐκ
3566 5301 3680 5349 ἐπι-
3710 5289 3714 5292 ⁴

2111 5392 2514 5463 τιμηθήσονται
2554 5394 2777 5462 μᾶλλον,
2803 5392 2937 5446 ἀλλά
2968 5392 3062 5445 καὶ
3088 5395 3257 5462 γέρας
3283 5392 3467 5458 ἕξουσι
3494 5390 3552 5443 τὸ
3586 5408 3684 5442 κα-

2111 5485 2322 5537 λεῖσθαι
2351 5484 2669 5550 ἐπίσκοποι,
2707 5484 2803 5536 καὶ
2833 5483 3126 5553 τυγχάνειν
3159 5485 3329 5553 τιμῆς
3364 5486 3681 5554 ἀρχιερατι-

2111 5579 2251 5646 κῆς;
2287 5579 2425 5647 ὅπερ
2477 5579 2511 5648 ἡ
2562 5580 2620 5631 ἐν
2650 5578 2959 5647 Ἀντιοχείᾳ
2995 5576 3230 5644 σύνοδος,
3266 5576 3341 5638 ὼς
3395 5573 3683 5644 πρεσϐεῖον

2110 5668 2374 5736 ἀπένειμε
2416 5668 2494 5737 τῷ
2525 5668 2968 5738 χειροτονηθέντι
3001 5670 3081 5729 εἰς
3114 5666 3434 5735 παροικίαν,
3476 5666 3569 5716 καί
3608 5661 3685 5732 μὴ

2112 5758 2354 5829 δεχθὲντι
2388 5760 2542 5828 παρά
2589 5759 2683 5811 τοῦ
2742 5759 2922 5812 ἐκεῖσε
2953 5758 3086 5812 λαοῦ
3133 5758 3193 5810 ού
3232 5755 3359 5828 παρ’
3390 5756 3572 5811 αἰτίαν
3604 5754 3683 5807 οι-
