4078 6396
327 342 431 405 3η

1482 347 1564 407 ΙΝ
1604 345 1773 406 CAN.
1819 343 1966 406 Vili
2003 343 2216 407 CONC.
2244 344 2515 404 EPHES.

3485 337 3593 403 378

326 461 504 525 κείαν,
539 460 676 515 ἀλλὰ
709 463 863 534 παρὰ
891 463 989 535 τὴν
1013 482 1108 522 του
1142 464 1276 519 λαοῦ
1307 465 1536 533 ἀταξίαν
1569 467 1663 520 καὶ
1701 482 1906 534 κακοηε

2017 461 2319 533 depravatae
2345 461 2572 517 licentia
2603 451 3006 527 excluderetur,
3025 481 3027 484 ‘
3044 469 3102 516 ut
3129 460 3370 532 ejusdem
3397 464 3588 530 synodi

326 550 508 614 θειαν,
530 553 606 614 ὼς
638 556 665 606 ὁ
697 555 1172 622 ὀκτωκαιδέκατος
1213 558 1388 630 αὐτῆς
1416 559 1664 631 περιέχει
1694 557 1896 612 κανών.

328 646 442 700 Καὶ
477 648 510 714 ἡ
538 647 729 720 γραφὴ
764 649 821 702 δὲ
863 651 963 721 τῆς
997 652 1263 720 ρηθεῐσης
1310 653 1600 722 ἐπιστολῆς
1629 652 1902 706 δείκνυσιν

325 739 406 802 ὡς
439 741 726 813 οἰκονομία
771 742 834 796 τδ
867 745 976 797 πᾶν
1017 740 1086 815 ἦν
1114 745 1202 799 διά
1255 747 1356 815 τὴν
1388 746 1760 819 μικροψυχίαν
1807 744 1902 798 τοῦ

329 831 634 886 Εὐσταθίου
660 835 756 888 καὶ
791 838 854 888 τδ
877 837 979 905 τῆς
1007 836 1188 906 λύπης
1215 838 1466 909 σφοδρόν.
1517 837 1770 908 Περιέχει
1794 837 1903 906 γὰρ

282 931 287 935 ’
327 923 430 988 ὡς,
467 925 654 994 ἐπειδὴ
681 927 960 998 προσῆλθε
993 929 1222 995 κλαίων,
1265 930 1362 986 καί
1390 930 1624 996 ἐξαιτῶν
1655 930 1775 982 τόδε
1809 927 1905 981 καὶ

327 1018 476 1078 τόδε.
508 1018 931 1092 συνηλγήσαμεν
971 1022 1212 1086 ἅπαντες
1234 1026 1312 1094 τῷ
1333 1023 1639 1094 πρεσϐύτῃ,
1669 1021 1766 1076 καὶ
1787 1037 1905 1075 κοι-

329 1111 424 1162 νον
457 1109 829 1182 ἐλογισάμεθα
850 1113 910 1166 τὺ
935 1113 1102 1168 αὑτοῦ
1133 1116 1393 1185 δάκρυον.
1422 1117 1532 1169 Καὶ
1567 1117 1710 1186 μετά
1733 1132 1856 1168 τινα
1885 1129 1901 1145 ⁸

339 1202 506 1256 Ἐπεὶ
539 1203 595 1258 δὲ
628 1207 697 1275 τῇ
753 1205 1163 1280 ἀπραγμοσύνῃ
1207 1209 1304 1262 τοῦ
1349 1208 1542 1280 ἀνδρὸς
1577 1209 1641 1262 οὐ
1699 1203 1906 1279 σφόδρα

331 1297 671 1363 φιλονεικεῖν
702 1299 1024 1366 ἀκόλουθον,
1054 1301 1162 1355 ἔδει
1194 1301 1254 1355 δέ
1283 1301 1488 1372 μᾶλλον
1519 1301 1741 1372 ἐλεῆσαι
1773 1319 1908 1372 πρε-

333 1389 565 1460 σϐύτην,
623 1392 719 1443 καὶ
770 1391 839 1444 τὰ
888 1393 1038 1462 ἑξῆς.
1076 1394 1171 1448 Ἐκ
1206 1394 1411 1448 τούτων
1454 1392 1547 1448 οὖν
1581 1394 1908 1464 ἐμφαίνεται

331 1485 419 1538 ὅτι
451 1485 520 1538 τά
557 1485 774 1558 δάκρυα
831 1489 928 1542 καὶ
968 1489 1028 1542 τὸ
1088 1489 1223 1561 βαθὺ
1264 1489 1907 1562 γῆρας’δυσωπηθὲντες

331 1579 430 1632 τοῦ
455 1580 651 1650 ἀνδρὸς
681 1581 917 1646 ἐκείνου,
952 1583 1050 1636 καὶ
1091 1585 1162 1653 μή
1190 1601 1242 1636 τι
1273 1583 1422 1652 αὐτῷ
1452 1582 1699 1653 συμϐαίη
1751 1583 1912 1636 εὐλα-

333 1669 598 1738 ϐηθέντες
623 1671 690 1726 ἐκ
723 1673 824 1742 τῆς
873 1673 1117 1743 ἀμέτρου
1149 1675 1346 1746 λύπης.
1398 1674 1760 1745 ᾠκονόμησαν
1810 1674 1912 1726 ὅσα

333 1765 434 1816 καὶ
468 1765 851 1838 ᾠκονόμησαν,
887 1766 1002 1820 ἀλλ’
1033 1768 1130 1837 οὐχ
1148 1768 1222 1829 ὡς
1254 1763 1552 1829 τυποῦντες
1581 1765 1777 1828 ταῦτα,
1817 1765 1913 1818 καὶ

332 1853 479 1909 οὕτω
511 1854 781 1921 γίνεσθαι,
811 1858 902 1910 καὶ
929 1857 1010 1920 είς
1038 1858 1098 1910 τὸ
1129 1856 1254 1926 ἑξῆς
1284 1855 1913 1927 διαταττόμενοι.ᾜδει-

336 1966 442 2001 σαν
473 1947 583 2018 γὰρ
617 1948 744 2012 τοὺς
778 1949 1009 2013 κανόνας
1042 1949 1283 2014 πάντως,
1316 1952 1412 2004 καὶ
1441 1951 1541 2004 οὐκ
1594 1951 1661 2003 ἂν
1692 1947 1912 2002 ἐναντία

334 2041 452 2103 τοῖς
489 2040 872 2104 ἀποστολικοῖς
909 2041 1100 2095 κανόσι
1131 2041 1227 2095 καὶ
1273 2043 1386 2104 τοῖς
1438 2039 1548 2093 τῶν
1590 2038 1698 2110 πρὸ
1734 2037 1914 2090 αὐτῶν

335 2133 523 2201 ἁγίων
547 2132 805 2202 Πατέρων
829 2130 1029 2203 ὥριζον
1055 2132 1422 2203 διατάγμασι,
1455 2135 1553 2187 καὶ
1605 2137 1910 2204 παραιτεῖ-

337 2224 469 2278 σθαι
526 2227 640 2286 τοῖς
705 2223 1057 2295 βουλομένοις
1118 2225 1406 2290 ἐνεδίδουν,
1461 2227 1558 2279 καὶ
1598 2223 1914 2294 προνομίων

334 2316 749 2388 ἀρχιερατικῶν
783 2315 1101 2382 ἀπολαύειν,
1133 2317 1224 2369 καὶ
1253 2317 1393 2384 μετὰ
1431 2317 1531 2385 τὴν
1559 2316 1913 2387 παραίτησιν.

337 2415 468 2476 Πῶς
503 2415 612 2482 γὰρ
641 2412 870 2484 ἔμελλον
899 2414 1058 2468 τοῦτο
1100 2414 1325 2482 ποιῆσαι
1359 2415 1407 2466 οἱ
1460 2411 1787 2483 φρονοῦντες
1833 2411 1915 2464 ὅτι

333 2509 432 2562 τὸν
462 2508 610 2576 ἅπαξ
644 2507 1140 2577 ’ἐγκεχειρισμένον
1192 2505 1482 2576 ἱερατικὴν
1519 2505 1780 2576 φροντίδα
1810 2504 1916 2574 χρὴ
1944 2557 1956 2571 _

335 2601 552 2670 ταύτης
597 2600 818 2670 ἔχεσθαι
853 2599 973 2668 μετ’
1024 2598 1330 2670 εὐρωστίας
1385 2598 1794 2668 πνευματικῆς,
1820 2599 1916 2650 καὶ

338 2696 446 2748 ὅσα
480 2696 760 2764 ἐπήγαγον
802 2693 1036 2762 ἐφεξῆς;
1082 2693 1208 2746 Ὀτι
1239 2691 1297 2745 δὲ
1321 2691 1381 2744 τὸ
1412 2692 1636 2760 σύμπαν
1669 2693 1780 2753 τοῖς
1819 2690 1917 2743 δά·-

332 2805 505 2857 κρυσι
543 2787 636 2839 τοῦ
669 2786 976 2854 πρεσϐύτου
1011 2785 1222 2838 ἐκείνου
1253 2784 1728 2846 κατακλασθέντες
1753 2783 1903 2836 ἐποί-

330 2898 502 2953 ησαν,
539 2879 801 2950 δηλοῦται
830 2881 924 2932 καὶ
959 2881 1022 2930 ἐκ
1050 2877 1264 2931 πολλῶν
1315 2875 1489 2930 ἄλλων
1523 2877 1785 2946 ῥημάτων
1818 2875 1919 2944 τῆς

333 2976 768 3046 ἐπιστολῆςκαὶ
794 2976 858 3028 ἐκ
886 2973 981 3029 τοῦ
1021 2972 1231 3045 γράψαι
1258 2988 1274 3005 ο
1308 2973 1371 3024 Εἰ
1401 2971 1458 3025 δέ
1482 2989 1535 3024 τι
1563 2970 1918 3040 βουλεύσεσθε

331 3070 710 3142 χρηστότερον
758 3068 847 3121 ἐπ’
890 3065 1065 3139 αὐτῷ,
1117 3065 1307 3137 άρέσει
1341 3066 1435 3118 καὶ
1477 3063 1636 3117 τοῦτο
1667 3065 1733 3134 τῇ
1787 3062 1920 3134 ἁγία

334 3182 402 3218 συ
410 3163 567 3236 νόόῳ.
655 3166 658 3172 ’

2004 556 2218 610 decimo
2240 567 2436 610 octavo
2469 567 2678 608 canone
2708 553 2892 608 videre
2917 563 3022 619 est,
3057 553 3393 608 Antiochena
3426 567 3590 621 syno-

2004 648 2103 703 dus
2156 649 2422 705 attrihnit.
2485 647 2793 713 Quinetiam
2845 647 2914 702 ob
2957 647 3257 702 demissum
3309 645 3586 699 Eustathii

2005 742 2242 796 animum
2275 749 2330 796 et
2356 740 2543 795 dolore
2582 740 2883 814 confectum
2921 738 3384 808 dispensationem
3443 737 3587 790 illam

2005 834 2228 889 omnino
2265 827 2580 888 concessam
2634 832 2797 887 fuisse
2847 832 3131 900 ipsiusmet
3162 829 3406 899 epistolae
3457 842 3593 884 con-

2008 939 2187 985 textus
2219 927 2603 984 ostendit.'Sic
2651 926 2800 981 enim
2833 925 3032 978 habet:
3067 923 3371 995 [Quoniam
3405 920 3589 974 multis

2006 1035 2132 1076 cum
2187 1019 2442 1092 lacrymls
2474 1019 2525 1073 in
2572 1019 2836 1090 synodum
2880 1017 3050 1080 venit.
3099 1017 3204 1071 hoc
3247 1023 3410 1083 atque
3459 1013 3588 1068 illud

2013 1112 2317 1186 postulans,
2345 1111 2638 1174 doluimus,
2663 1111 2938 1178 inquiunt,
2970 1109 3114 1164 senis
3131 1108 3325 1168 vicem.
3349 1122 3592 1161 comnm-

2011 1218 2211 1272 nesque
2235 1201 2382 1256 illius
2396 1200 2661 1274 lacrymas
2683 1197 2982 1268 duximus.]
3004 1198 3068 1252 Et
3091 1198 3250 1268 paulo
3277 1205 3431 1267 post:
3457 1195 3588 1268 [Sed

2011 1295 2266 1362 quoniam
2300 1293 2416 1347 viro
2454 1307 2563 1346 non
2605 1291 2765 1344 nimis
2795 1303 3120 1344 succensere
3161 1283 3586 1343 consentaneum

2010 1395 2092 1440 est
2127 1386 2268 1454 quod
2319 1386 2389 1440 sit
2441 1384 2776 1453 negotiorum
2828 1382 3168 1454 fugitantior,
3201 1383 3295 1435 sed
3325 1381 3470 1436 senis
3500 1396 3595 1450 po-

2014 1478 2118 1532 tius
2140 1477 2385 1532 misereri
2418 1485 2653 1546 oportet,
2682 1486 2736 1530 et
2762 1490 2883 1546 quae
2906 1484 3229 1544 sequuntur.
3249 1473 3269 1545 ]
3291 1473 3499 1540 Quibus
3527 1488 3592 1525 ex

2013 1571 2193 1639 verbis
2225 1579 2468 1640 apparet,
2501 1569 2805 1625 reverentia
2839 1571 3072 1638 quadam
3117 1566 3386 1622 Eustathii
3415 1566 3595 1635 lacry—

2015 1678 2248 1727 marmn,
2272 1672 2326 1716 et
2357 1677 2492 1731 pene
2518 1661 2629 1730 jam.
2677 1661 3028 1732 prmcipitatae
3071 1656 3367 1715 senectutis
3429 1657 3599 1709 addu-

2016 1767 2155 1822 ctos,
2182 1772 2246 1812 ac
2276 1773 2343 1812 ne
2393 1756 2522 1826 quid
2573 1754 2779 1809 homini
2833 1769 2896 1811 ex
2935 1752 3106 1806 nimio
3153 1750 3340 1806 dolore
3377 1749 3596 1817 gravius

2017 1850 2287 1906 accideret
2319 1847 2538 1912 veritos,
2577 1861 2640 1902 ea
2678 1845 2867 1900 Patres
2895 1845 2961 1899 de
2997 1842 3143 1896 illius
3176 1838 3475 1896 honoribus
3499 1837 3596 1890 de:

2017 1940 2279 2004 crevisse,
2309 1945 2418 1992 mm
2448 1949 2505 1992 ιιι
2539 1937 2842 2006 exemplum
2872 1936 2925 1989 in
2967 1950 3032 1988 eo
3059 1933 3278 1988 homine
3297 1931 3594 1986 constitue-

2015 2035 2292 2096 rent,'aut
2324 2029 2497 2099 legem
2553 2029 2784 2099 posteris
2839 2027 3273 2097 przescriberent.
3304 2019 3413 2078 Nec
3446 2023 3592 2076 enim

2017 2121 2093 2176 illi
2131 2109 2442 2176 sanctiones
2472 2120 2766 2174 canonicas
2807 2116 3148 2187 ignorabant,
3187 2122 3282 2168 aut
3315 2111 3590 2168 contraria

2019 2211 2385 2282 apostolorum
2438 2209 2766 2277 Patrumque
2828 2209 3066 2276 priorum
3115 2201 3596 2260 constitutionibus

2018 2306 2234 2360 decreta
2262 2304 2480 2359 sancire
2508 2319 2659 2357 mens
2692 2311 2811 2356 erat
2841 2318 2854 2355 :
2891 2314 3067 2366 neque
3092 2299 3434 2366 episcOpatus
3461 2295 3598 2360 abji-

2019 2403 2222 2468 ciendi,
2249 2407 2420 2471 eoque
2453 2402 2616 2456 etiam
2653 2399 2879 2453 dimisso
2910 2397 3289 2466 episcoporqu
3321 2407 3595 2462 praeroga-

2023 2497 2162 2564 tivisi
2180 2493 2414 2559 fruendi,
2457 2493 2678 2560 cuilibet.
2737 2489 2942 2544 homini
3000 2487 3307 2542 facultatem
3343 2496 3466 2537 esse
3509 2495 3600 2531 vo-

2019 2591 2256 2645 luerunt.
2306 2586 2425 2653 Quo
2468 2595 2626 2655 pacto
2653 2596 2882 2651 namque
2921 2580 2972 2634 id
2996 2578 3134 2632 velle
3153 2582 3474 2644 potuissent,
3502 2572 3594 2640 qui

2019 2681 2332 2750 impositum
2371 2675 2696 2746 episcOpalis
2727 2687 2872 2728 curm
2900 2685 3040 2727 onus
3088 2665 3384 2737 spiritualis
3428 2661 3597 2716 animi

1929 2781 1932 2784 ’
2022 2773 2278 2828 ﬁrmitate
2300 2769 2682 2824 sustinendum
2719 2779 2863 2828 esse,
2896 2771 2950 2817 et
3002 2776 3122 2832 quae
3152 2759 3410 2825 deinceps
3445 2754 3599 2810 addi-

2023 2866 2170 2930 dere,
2208 2875 2523 2932 persuasum
2581 2854 2881 2911 haberent?
2912 2851 3087 2906 Porro
3134 2850 3281 2906 senis
3339 2844 3597 2916 lacrymis

2021 2959 2252 3016 ittﬂettos
2302 2959 2369 3011 ad
2426 2953 2858 3009 misericordiam
2911 2949 3100 3003 Patres
3155 2946 3434 2999 decretum
3491 2941 3594 2994 hoc

2022 3055 2281 3118 edidisse,
2318 3065 2439 3104 cum
2473 3064 2539 3101 ex
2577 3045 2696 3099 aliis
2729 3043 2909 3096 multis
2953 3038 3196 3110 epistolae
3239 3037 3439 3100 verbis,
3485 3044 3596 3086 tum

1946 3151 1992 3210 ϐ
2023 3165 2085 3206 ex
2122 3150 2226 3210 his,
2259 3160 2378 3216 qua:
2408 3151 2728 3214 sequuntur,
2757 3137 2917 3210 facile
2938 3137 3158 3204 apparet
3185 3149 3196 3185 :
3230 3130 3381 3198 Quod
3413 3129 3455 3183 si
3481 3142 3597 3190 vos,

332 3232 614 3328 inquiunt,
672 3254 852 3309 mitius
909 3253 1112 3322 aliquid
1158 3251 1226 3306 de
1272 3251 1374 3306 hoc
1421 3251 1642 3306 homine
1694 3249 2012 3317 statueritis,
2063 3244 2116 3300 id
2167 3251 2382 3313 quoque
2422 3242 2609 3292 sancta
2661 3232 2898 3302 Synodus
2949 3237 3162 3298 gratum
3207 3233 3598 3295 acceptumque

332 3351 584 3406 habebit.

403 3441 682 3498 Τοσοῦτον
731 3441 840 3510 γὰρ
877 3451 969 3492 τον
1015 3438 1186 3510 ἄνδρα
1247 3437 1487 3508 ἠλέησαν
1533 3439 1645 3501 τοῖς
1695 3435 1911 3489 ἐκείνου

329 3532 692 3604 καμφθέντες
722 3529 954 3597 δάκρυσι
1017 3528 1113 3582 καὶ
1152 3530 1215 3599 τῇ
1251 3529 1530 3600 συμφορᾷ,
1560 3527 1636 3591 ὡς
1663 3525 1760 3581 καὶ
1788 3527 1914 3590 τοὺς

328 3627 531 3687 ἄλλους
559 3622 906 3692 παραθήγειν
939 3624 1019 3683 εἰς
1051 3621 1196 3673 ἔλεον
1252 3622 1488 3684 ἐκείνου,
1541 3625 1638 3673 καὶ
1669 3636 1917 3690 παρακαο

327 3721 451 3771 λεῖν
485 3717 568 3780 είς
603 3711 968 3783 συμπάθειαν.
995 3712 1058 3764 Εἰ
1086 3711 1142 3764 δὲ
1169 3711 1244 3774 ὡς
1271 3712 1475 3764 κανόνα
1506 3711 1606 3782 τὴν
1633 3709 1946 3780 συνο“ικὴν’

333 3809 547 3877 ταύτην
576 3805 871 3875 ἐπιρτολὴν
899 3804 1167 3874 δέχονται,
1217 3805 1313 3858 καὶ
1353 3805 1449 3874 οὐχ
1486 3805 1562 3868 ὡς
1601 3802 1915 3874 οἰκονομίαν

341 3899 432 3952 ἐπ’
485 3886 682 3968 ’ἐκείνῳ
737 3887 1038 3966 γενομένην
1093 3895 1170 3965 τῷ
1236 3895 1549 3966 Εὑσταθίῳ,
1593 3894 1646 3947 τί
1708 3896 1782 3964 μὴ
1832 3894 1925 3946 καὶ

348 3991 472 4051 τοῖς
501 3985 999 4058 παραιτησαμένοις
1032 3984 1128 4048 τὰς
1162 3983 1374 4038 ἑαυτῶν
1401 3982 1697 4054 ἐκκλησίας
1719 3982 1810 4035 καὶ
1826 3967 1924 4051 τὴν

356 4076 756 4149 ἀρχιερωσύνην
796 4076 965 4147 αὐτὴν
998 4078 1078 4138 εἰς
1123 4074 1280 4139 αὖθις
1320 4075 1574 4150 προσίασι
1607 4072 1700 4127 καὶ
1751 4087 1925 4140 προσ·

357 4170 598 4225 κλαίουσι
643 4169 880 4222 διδόασιν
920 4168 1093 4237 ὄνομά
1141 4185 1200 4220 τε
1247 4168 1555 4237 ἐπισκοπῆς
1599 4166 1693 4218 καὶ
1739 4163 1927 4233 ἀρχιε-

357 4263 553 4336 ρατικὰ
577 4262 760 4316 δίκαια
787 4262 882 4330 καὶ
904 4261 1090 4332 τιμήν.
1143 4261 1377 4324 Ἐκεῖνος
1400 4261 1509 4329 γὰρ
1534 4257 1753 4312 ἅπαντα
1784 4255 1922 4308 καθ-

351 4357 492 4421 άπαξ
545 4352 1026 4426 παραιτησάμενος
1058 4353 1332 4420 φαίνεται,
1364 4353 1461 4405 καὶ
1505 4351 1725 4404 πάντων
1751 4351 1917 4400 ἐκπε-

303 4481 309 4498 .
351 4447 610 4509 πτωκὼς,
653 4448 720 4499 ἐκ
751 4444 848 4500 τοῦ
897 4445 1079 4513 λέγειν
1102 4445 1230 4508 τοὺς
1270 4446 1370 4514 τῆς
1397 4444 1618 4496 συνόδου
1647 4442 1729 4496 ὅτι
1767 4442 1923 4514 Ἐξη-

2111 3428 2275 3491 fania
2314 3416 2472 3480 enini
2491 3421 2714 3476 Patrum
2741 3400 2974 3478 animos,
2995 3411 3113 3478 ejus
3147 3408 3381 3464 hominis
3415 3407 3599 3477 lacry-

2025 3519 2128 3574 mis
2153 3528 2206 3572 et
2255 3513 2570 3570 calamitate
2609 3507 2902 3566 emollitos,
2953 3500 3229 3557 miseratio
3268 3507 3506 3569 ceperat,
3539 3507 3601 3550 ut

2023 3611 2158 3665 alios
2179 3619 2398 3679 quoque
2428 3603 2495 3658 ad
2533 3597 2962 3656 misericordiam
3003 3595 3076 3649 illi
3105 3595 3439 3647 tribuendam
3469 3590 3602 3658 ipsi-

2026 3709 2137 3756 met
2161 3699 2474 3759 incitarent,
2495 3704 2550 3750 et
2577 3693 2642 3748 ad
2678 3689 2795 3759 ejus
2820 3686 3348 3744 commiserationem
3397 3695 3598 3751 provo-

2021 3801 2232 3848 carent.
2264 3789 2418 3857 Quod
2442 3789 2486 3842 si
2516 3786 2656 3840 hanc
2687 3781 2881 3854 synod.
2911 3779 3082 3848 Epist.
3113 3775 3339 3830 canonis
3358 3776 3459 3827 vim
3499 3775 3598 3827 ha-

2023 3887 2174 3950 bere,
2213 3893 2402 3939 etnon
2428 3881 2479 3934 in
2510 3893 2572 3933 ea
2610 3877 2776 3932 solius
2817 3873 3084 3928 Eustathii
3130 3883 3350 3924 causam
3383 3868 3463 3935 agi
3506 3882 3604 3934 pu-

2026 3989 2176 4044 tant;
2227 3973 2412 4046 quidni
2456 3973 2522 4028 iis
2571 3973 2760 4034 etiam,
2813 3967 2905 4038 qui
2962 3965 3316 4020 ecclesiarum
3379 3957 3600 4015 suarum

2023 4085 2234 4134 curam,
2259 4077 2315 4122 et
2345 4063 2639 4120 sacerdotii
2667 4060 2885 4131 quoque
2914 4049 3239 4128 episcopalis
3281 4053 3599 4134 dignitatem

2025 4163 2425 4232 deposuerunt,
2443 4156 2488 4213 si
2524 4166 2707 4225 postea
2738 4154 2931 4206 iterum
2969 4147 3226 4203 accedant
3255 4154 3308 4199 et
3332 4129 3600 4213 lacrymas

2028 4255 2275 4317 fundant,
2305 4249 2542 4320 episcopi
2572 4253 2766 4301 namen
2820 4257 2882 4297 ac
2919 4239 3247 4312 episcopalia
3279 4235 3399 4306 jura
3433 4235 3604 4288 hono-

2007 4358 2254 4414 remque
2287 4337 2509 4396 concedi
2540 4342 2729 4405 putant
2759 4331 3050 4414 oportere?
3086 4329 3240 4382 Illum
3280 4341 3514 4394 namque
3543 4339 3609 4379 se

2030 4438 2286 4492 omnibus
2317 4451 2426 4489 uno
2455 4444 2694 4503 tempore
2722 4407 3030 4487 abdicasse,
3063 4423 3420 4490 ontnihusque
3441 4419 3603 4474 simul

343 4541 548 4610 τοῦμεν
578 4539 798 4609 μαθεῖν,
824 4540 870 4590 εί
890 4511 1211 4608 καθαίρεσιν
1234 4511 1458 4605 ἔννομον
1477 4511 1917 4606 ὑπομεμενηκεν,

2030 4530 2313 4596 excidisse,
2345 4527 2531 4600 synodi
2561 4523 2723 4578 verba
2771 4521 2857 4575 illa
2899 4519 3164 4573 indicant.
3218 4511 3600 4579 Qmesivimus,

342 4605 516 4705 ῆγουν
570 4605 665 4684 ἐπί
696 4648 806 4684 τισι
853 4629 963 4682 τῶν
1007 4605 1225 4682 ἀτόπων
1280 4605 1698 4698 ἐληλεγμένων·
1741 4629 1833 4680 καὶ
1859 4627 1917 4696 δὴ

2029 4623 2310 4693 inquiunt,
2340 4637 2406 4674 an
2433 4605 2668 4700 legitima
2703 4611 3039 4682 depositione
3067 4606 3349 4668 multatus,
3377 4605 3478 4657 hoc
3497 4613 3598 4666 est,

338 4723 626 4794 ἐμάθομεν
660 4720 902 4774 τοιοῦτον
961 4720 1059 4789 μέν
1093 4718 1246 4772 οὐδὲν
1280 4719 1631 4788 πεπρᾶχθαι,
1668 4716 1924 4786 γενέσθαι

343 4815 397 4868 δέ
434 4804 644 4883 μᾶλλον
674 4812 752 4878 τῷ
804 4811 1086 4880 Εὐσταθὶῳ
1122 4811 1244 4864 ἀντὶ
1272 4811 1616 4880 ἐγκλήματος
1645 4810 1744 4880 τὴν
1789 4826 1928 4876 παρ-

342 4907 588 4968 αίτησιν.
647 4905 862 4975 Ὠσπερ
891 4900 985 4957 οὖν
1027 4906 1076 4957 εί
1111 4904 1196 4956 ἐπ’
1220 4901 1406 4972 ἀτόπῳ
1432 4903 1540 4955 τινὶ
1569 4900 1730 4964 ἑάλω,
1753 4899 1927 4963 οὕτως

340 4995 410 5069 ἦν
440 4997 705 5053 ἁπάντων
730 4997 839 5049 τῶν
867 4997 968 5066 τῆς
1002 4995 1324 5065 ⁴ἐπισκοπῆς
1367 4995 1594 5050 δικαίων
1633 4997 1924 5048 ἐκπεπτωα

347 5091 464 5154 κὼς
499 5092 566 5143 ἐκ
616 5089 1180 5159 τῆςνπαραιτήσεως,
1232 5089 1326 5141 καὶ
1381 5085 1726 5158 καθῃρῆσθαι
1786 5085 1924 5154 αὐτῇ

341 5185 550 5237 δοκεῖν.
579 5181 722 5235 Ἀλλ’
767 5181 916 5251 ὅμως
956 5182 990 5250 ἠ
1040 5180 1258 5242 σύνοδος
1289 5181 1400 5241 τοῖς
1432 5178 1639 5231 ἐκείνου
1666 5177 1927 5248 δάκρυσιν

341 5276 763 5346 ἐπικαμφθεῖσα
793 5273 1120 5345 ἐψηφίσατο,
1169 5273 1272 5326 ὅσα
1314 5274 1382 5342 τῇ
1427 5269 1683 5339 ἐπιστολῇ
1739 5266 1926 5338 περιέ-

342 5387 559 5442 χονται.
591 5369 716 5434 Τοῖς
740 5368 872 5438 γοῦν
915 5368 989 5432 ὡς
1015 5370 1218 5422 κανόνα
1265 5369 1362 5421 καὶ
1403 5365 1572 5420 τύπον
1614 5364 1926 5435 δεχομένοις

339 5462 522 5529 αὐτὴν
549 5459 674 5512 οὐδὲ
704 5459 831 5526 τοὺς
864 5460 1380 5529 παραιτησομένους
1417 5443 1516 5525 τήν
1549 5470 1609 5505 τε
1641 5452 1752 5504 τῶν
1783 5467 1928 5518 πρα-

342 5552 582 5621 γμάτων
643 5549 930 5618 διοίκησιν,
996 5551 1090 5601 καὶ
1150 5548 1248 5618 τὴν
1294 5544 1704 5618 ἀρχιερωσύνην
1758 5542 1928 5612 αὐτὴν

335 5643 736 5712 διαιρουμένοις
763 5640 900 5702 κατ’,
919 5641 1161 5704 ἐκείνους
1187 5639 1366 5703 αὖθις,
1398 5635 1716 5710 προσίεσθαι
1743 5633 1929 5687 καινόν

332 5752 398 5787 τι
441 5729 605 5799 δόξει,
640 5731 736 5784 καὶ
782 5727 1126 5799 ψηφίζεσθαι
1182 5729 1333 5798 σφίσι
1377 5728 1576 5799 κλῆσιν
1622 5725 1925 5778 ἐπισκόπου

338 5824 666 5891 ἱερουργίαν
717 5838 778 5876 τε
827 5819 922 5876 καὶ
967 5821 1154 5891 τιμήν.
1206 5821 1318 5876 Οὐκ
1368 5799 1642 5890 εὐστόχως
1682 5811 1776 5870 οὖν
1827 5816 1928 5885 τῆς

2028 4689 2374 4780 οη-ειίειῇιιε
2417 4707 2602 4778 ﬂagitii
2635 4689 2919 4761 convictus
2951 4701 3094 4754 foret
3125 4694 3469 4758 Eustathius;
3503 4707 3603 4746 nec.
3675 4753 3678 4756 ,

2029 4805 2133 4860 tale
2155 4805 2449 4875 quidquam
2472 4799 2763 4873 didicimus
2811 4793 3129 4864 contigisse,
3163 4790 3256 4844 sed
3292 4790 3460 4858 ipsam
3507 4801 3601 4854 po-

2030 4898 2135 4952 tius
2170 4893 2622 4951 renuntiationem
2650 4888 2726 4944 illi
2758 4903 2853 4958 pro
2884 4885 3112 4940 crimine
3138 4881 3342 4937 fuisse:
3383 4881 3476 4950 qui
3517 4889 3599 4932 ta-

2031 5005 2150 5044 men
2180 5003 2246 5042 eo
2273 4985 2512 5050 nomine,
2535 4982 2688 5051 quasi
2723 4977 2995 5033 manifesti
3027 4974 3254 5030 sceleris
3287 4989 3410 5028 reus
3442 4984 3590 5028 tene-

2030 5091 2201 5145 retur,
2237 5079 2309 5134 ita
2337 5076 2485 5131 omni
2520 5072 2808 5144 episcopali
2834 5073 2954 5141 jure
2982 5086 3046 5125 ex
3067 5061 3466 5124 renuntiatioue
3500 5083 3597 5137 pe-

2030 5172 2177 5242 nitus
2226 5168 2525 5228 exciderat,
2551 5175 2608 5217 ut
2657 5161 3016 5232 depositionis
3043 5173 3224 5214 veram
3267 5158 3498 5227 speciem
3535 5172 3597 5210 ea

2028 5261 2428 5318 animadversio
2473 5275 2583 5328 pra:
2609 5272 2667 5314 se
2712 5255 2856 5311 ferre
2905 5255 3126 5309 omnino
3169 5252 3600 5316 existimaretur,

2031 5354 2132 5410 nisi
2166 5354 2409 5425 synodus
2435 5363 2771 5422 quaecunque
2817 5348 2919 5402 hac
2945 5346 3170 5416 epistola
3221 5344 3598 5406 c0utinentur,

2029 5445 2272 5516 ejusdem
2299 5450 2568 5498 commota
2614 5439 2871 5510 lacrymis
2897 5439 3246 5493 decrevisset.
3283 5433 3455 5500 Quam
3484 5433 3603 5499 qui-

2029 5539 2151 5595 dem
2185 5537 2274 5609 qui
2307 5535 2534 5590 canonis
2578 5543 2631 5588 et
2665 5530 2896 5599 exempli
2945 5529 3052 5584 vim
3080 5526 3328 5581 obtinere
3371 5534 3600 5579 conten-

2030 5633 2184 5696 dunt,
2209 5631 2401 5682 mirum
2426 5628 2492 5682 iis
2523 5642 2626 5681 non
2648 5625 2938 5685 videbitur,
2987 5629 3082 5675 aut
3115 5633 3335 5682 novum,
3388 5631 3481 5672 eos
3504 5617 3595 5687 qui
3677 5645 3686 5654 ο

2029 5737 2090 5778 se
2159 5723 2497 5790 negotiorum
2558 5713 3014 5771 administrationi
3089 5711 3488 5773 subtraxerint,
3544 5717 3598 5761 et

2032 5813 2230 5872 summi
2262 5811 2554 5870 sacerdotii
2601 5809 2864 5880 dignitate
2912 5807 3055 5876 (qua:
3099 5804 3206 5859 duo
3244 5817 3310 5858 cx
3368 5802 3597 5859 istorum
