4078 6390
470 324 578 389 3τ9

1716 331 1993 393 ΤΗΕΟΙ).
2039 332 2131 391 BA
2144 330 2443 391 LSAMON

3588 327 3690 391 380

412 498 413 501 η
471 410 739 489 sententia
765 431 939 487 divisa
982 432 1131 502 sunt)
1186 436 1508 506 abdicarint,
1554 454 1745 496 rursus
1791 442 2029 506 admitti,

2143 441 2375 503 διανοίας
2403 440 2512 493 τῶν
2542 438 2757 492 σεπτῶν
2801 439 3021 492 ἐκείνων
3069 437 3327 509 Πατέρων
3358 441 3692 509 καταστοχά-

474 525 897 594 iisqueepiscopi
948 540 1140 580 nomen
1197 542 1262 581 ac
1300 529 1703 595 honores,’cnm
1750 547 2027 586 sacrorum

474 615 853 682 procuratione
886 614 1124 669 decerni.
1180 617 1284 671 Sed
1346 623 1766 674 reverendorum
1816 621 2028 675 illorum

476 703 693 756 Patrum
715 713 946 757 mentem
965 704 1208 772 profecto
1232 720 1336 757 non
1363 716 1752 774 assequuntur,
1784 709 1872 775 qui
1905 708 2032 761 huic

474 793 715 861 epistolae
736 795 959 848 canonis
1005 796 1381 850 auctoritatem
1411 797 1675 860 tribuunt,
1698 813 1761 852 ac
1791 814 1887 867 per
1910 814 2029 853 eam

472 884 737 952 episcopis
765 885 1026 940 ecclesias
1074 901 1220 948 suas,
1254 887 1446 940 summi
1486 889 1776 943 sacerdOtii
1824 900 2030 944 retenta

471 975 755 1042 dignitate.
785 976 1089 1031 dimittendi
1122 978 1664 1047 potestatemlfactam
1692 978 1856 1035 fuisse
1879 980 2032 1035 arbi-

474 1076 705 1120 trantur.
740 1066 805 1119 Et
834 1082 963 1121 vero
1004 1069 1229 1124 canonis
1277 1068 1503 1124 alterius
1561 1072 1894 1135 auctoritati,
1941 1072 2032 1140 qui

474 1157 545 1212 ita
571 1159 832 1221 sentiunt,
863 1157 1005 1213 haud
1033 1160 1193 1215 dubie
1226 1160 1602 1216 adverSantur.
1639 1160 1773 1216 Nam
1813 1162 1866 1216 in
1900 1178 2031 1233 syns

474 1250 580 1303 odo
631 1249 1187 1317 Chalcedonensi,cni
1213 1255 1453 1308 sexcenti
1485 1254 1696 1324 triginta
1742 1254 2036 1310 interfuere

477 1338 687 1405 Patres,
719 1357 785 1397 ne
812 1358 969 1411 quem
1000 1344 1159 1413 110
1187 1346 1580 1416 presbyterum,
1623 1357 1715 1400 aut
1750 1347 2033 1401 diaconum

475 1432 719 1486 absolute
744 1433 981 1488 ordinari
1011 1446 1104 1488 aut
1135 1435 1367 1503 aliquem
1400 1438 1621 1491 omnino
1655 1438 1802 1493 clero
1836 1440 2035 1494 ascribi

475 1520 655 1588 liceat,
690 1524 789 1577 nisi
817 1533 977 1579 certae
1022 1525 1265 1581 ecclesiae
1290 1527 1439 1581 urbis
1460 1538 1553 1580 aut
1595 1528 1734 1596 pagi,
1767 1539 1860 1583 aut
1896 1542 2039 1582 mar-

478 1615 639 1682 tyrio,
668 1624 760 1669 aut
814 1618 1138 1671 monasterio
1174 1620 1494 1673 nominatim
1543 1620 1840 1686 addictum,
1885 1632 2039 1675 sexto

476 1722 681 1761 canone
706 1710 1073 1765 constituitur.
1103 1709 1425 1781 Quicunque
1467 1726 1594 1766 vero
1618 1712 1863 1767 absolute
1886 1712 2036 1766 ordi-

473 1802 585 1853 nati
621 1810 770 1865 sunt,
795 1802 1002 1855 irritam
1038 1818 1161 1857 esse
1194 1803 1352 1858 talem
1387 1803 1802 1870 ordinationem,
1831 1813 1883 1859 et
1923 1806 2044 1858 fun-
2070 1788 2118 1848 Β

476 1894 684 1949 ctiones
711 1895 959 1950 ordinum
1007 1895 1298 1950 exercendi
1350 1905 1668 1966 potestatem
1700 1911 2039 1966 nequaquam

479 1984 699 2050 habere,
720 1988 771 2040 in
796 1987 913 2057 ejus
935 1987 1025 2056 qui
1046 1988 1267 2042 contulit
1291 1988 1689 2052 contumeliam,
1714 1988 2038 2042 decernitur.

476 2075 627 2142 Quod
658 2077 701 2130 si
727 2093 956 2146 quorum
988 2079 1144 2149 longe
1175 2080 1398 2134 inferior
1418 2089 1503 2135 est
1524 2079 1779 2148 dignitas,
1813 2095 1904 2134 eos
1935 2096 2040 2135 non

478 2168 580 2224 nisi
616 2179 766 2224 certo
793 2168 912 2224 loco
933 2170 1178 2226 addictos
1206 2173 1488 2227 ordinibus
1536 2172 1805 2241 insigmri,
1834 2187 1935 2227 nec
1959 2172 2041 2226 in-

477 2260 723 2328 signitos.
784 2261 1084 2318 functiones
1135 2264 1423 2329 ordinum,
1478 2279 1617 2333 quos
1660 2272 2036 2333 susceperunt,

477 2364 736 2405 exercere
760 2349 841 2406 fas
877 2360 981 2416 est.
1018 2361 1335 2420 tantumque
1379 2354 1431 2408 in
1469 2369 1529 2409 re
1574 2352 1833 2409 facinoris
1862 2355 2040 2409 inesse

481 2440 670 2496 Patres
697 2451 1025 2507 statuerunt,
1061 2457 1117 2499 nt
1159 2445 1306 2499 illum
1334 2445 1530 2513 ipsum,
1558 2446 1648 2515 qui
1674 2445 1893 2500 ordines
1911 2462 2039 2499 cou-

477 2532 711 2599 tulisset,
760 2532 1099 2590 afﬁciendum
1155 2537 1479 2591 contumelia
1517 2552 1637 2591 esse
1690 2536 2036 2603 judicarent;

479 2622 635 2689 cujus
660 2622 816 2692 longe
866 2623 1059 2692 major,
1085 2625 1166 2679 vel
1195 2625 1529 2694 amplissima
1555 2625 1729 2695 potius
1763 2640 1828 2680 ex
1868 2626 2043 2680 omni-

481 2712 580 2767 bus
630 2723 714 2769 est
742 2714 967 2770 honoris
1026 2717 1301 2787 majestas,
1356 2732 1478 2770 enm
1538 2715 1683 2771 nullo
1712 2725 1860 2771 certo
1920 2716 2039 2771 loco

478 2804 775 2867 addictum,
810 2805 941 2860 nulli
982 2807 1219 2876 proprie
1259 2806 1374 2862 sedi
1408 2807 1730 2860 destinatum
1779 2820 1899 2861 esse
1928 2807 2042 2875 epi-

484 2910 703 2963 scopum
734 2895 1329 2967 licebit?Episcopique
1376 2912 1571 2952 nomen
1606 2913 1667 2954 ac
1713 2899 1908 2953 summi
1956 2915 2044 2953 sa-

475 2984 704 3038 cerdotii
739 2984 863 3052 jura
918 2985 1268 3040 nihilominus
1301 2986 1582 3041 retinebit?
1612 2988 1693 3041 An
1730 3002 1876 3051 vero,
1924 2989 2044 3056 qui-

476 3090 692 3144 cunque
720 3078 1003 3147 episcopus
1038 3078 1393 3144 renuntiatur,
1428 3077 1630 3132 civitati
1683 3078 1913 3148 cuipiam
1948 3095 2044 3132 no-

479 3166 719 3222 tninatim
770 3169 1082 3236 praeficitur,
1130 3185 1193 3223 ac
1254 3169 1399 3222 illius
1437 3170 1726 3239 episcOpus
1782 3170 2041 3239 appellari

478 3256 637 3312 solet.
699 3257 1016 3327 Quicunque
1064 3260 1227 3328 igitur
1270 3261 1579 3324 civitatem,
1618 3262 1702 3314 cui
1750 3262 2035 3331 pmfectus

478 3359 617 3414 erat,
647 3352 986 3419 reliquit,ac
1033 3352 1086 3405 in
1134 3367 1199 3406 eo
1261 3367 1541 3407 sacrorum
1590 3336 2045 3423 procurationem,

481 3444 767 3511 gregisque
804 3444 903 3497 sibi
934 3460 963 3497 a
996 3459 1208 3499 summo
1237 3446 1516 3500 sacerdote
1558 3447 1915 3500 commendati
1946 3462 2043 3513 cu,-

485 3546 596 3585 ram
627 3532 894 3599 deseruit,
919 3534 1046 3603 quid
1081 3533 1297 3589 habebit
1323 3537 1554 3605 amplius
1577 3553 1639 3591 ex
1675 3554 1781 3607 quo
1810 3537 2044 3608 episcopi

483 3640 674 3679 nomen
697 3627 942 3681 obtinere
963 3628 1161 3682 merito
1179 3628 1408 3683 debeat?
1429 3629 1668 3695 Quorum
1694 3629 1780 3684 'rlle
1816 3642 2048 3699 namque

482 3717 810 3787 speculator,
857 3720 1188 3775 autcustos?
1235 3719 1411 3789 Ipsum
1453 3721 1596 3776 enim
1652 3737 1844 3777 nomen
1878 3723 2049 3775 actio-

482 3825 626 3875 nem,
659 3812 1205 3880 exercitationemque
1248 3812 1536 3882 signiﬁcat.
1572 3811 1831 3879 Quivero
1875 3816 2046 3869 aetio-

480 3888 602 3954 nem
655 3900 856 3969 defugit
910 3903 1129 3957 nomine
1187 3918 1403 3973 quoque
1462 3904 1744 3973 spoliatur.
1774 3905 1940 3961 Porro
1994 3908 2046 3961 iu

480 4007 637 4061 quem
687 3992 923 4061 episcopi
984 4009 1177 4047 nomen
1212 3996 1354 4050 haud
1388 3996 1551 4059 cadit,
1576 4012 1682 4065 quo
1732 3995 1853 4063 jure
1881 3996 1926 4050 is
1957 4012 2048 4050 sa-

480 4082 703 4137 cerdotii
752 4084 1012 4151 dignitate
1043 4088 1431 4152 retenta,sacri
1459 4089 1803 4158 magistratus
1833 4104 2040 4158 praero-

481 4176 675 4245 gativis
733 4191 795 4230 ac
868 4178 1072 4232 honore
1155 4178 1509 4247 perfruetur?
1565 4180 1845 4246 Quomodo
1917 4196 2046 4235 vero

483 4267 758 4322 hierarcha
819 4254 1209 4338 nominabitur,
1256 4272 1347 4340 qui
1396 4287 1493 4326 nec
1529 4264 1697 4326 ullum
1740 4273 2044 4342 subjectum

478 4359 582 4415 sibi
612 4361 813 4415 clerum
851 4362 1031 4428 habet,
1072 4379 1171 4417 nec
1230 4365 1335 4418 ulla
1393 4366 1445 4418 in
1481 4365 1652 4419 sacris
1685 4366 1923 4420 initiatos
1950 4366 2046 4419 ho-

2136 534 2320 595 ζονται
2353 534 2405 586 οἱ
2453 534 2530 596 ὡς
2559 532 2745 584 κανόνι
2777 531 3049 601 χρώμενοι
3098 533 3162 599 τῇ
3204 529 3458 601 ἐπιστολῇ
3492 530 3686 601 ταύτῃ,

2135 627 2231 678 καὶ
2279 624 2572 677 ἐνδίδοσθαι
2622 623 2680 689 ἐξ
2740 621 2909 689 αὐτῆς
2963 621 3275 690 νομίζοντες
3306 621 3691 691 παραιτεῖσθαι

2133 716 2258 779 τοὺς
2301 716 2629 776 ἐπισκόπους
2661 712 2759 775 τὰς
2801 711 3093 779 ἐκκλησίας
3123 712 3323 774 αὐτῶν,
3365 712 3465 782 τὴν
3516 711 3560 764 δ’
3595 713 3693 781 ἀρ-

2136 805 2474 878 χιερωσύνην
2514 806 2938 876 παρακατέχειν.
2986 804 3051 856 Ol
3115 804 3221 872 γὰρ
3263 802 3420 856 τοῦτο
3463 803 3693 866 διδόντες

2138 900 2231 953 καὶ
2274 897 2460 952 κανόνι
2490 898 2660 967 ἑτέρῳ
2715 895 3100 951 ἐναντιοῦνται.
3138 896 3201 948 Ἠ
3228 896 3337 962 γὰρ
3389 898 3444 948 ἐν
3476 897 3696 964 Χαλκη-

2136 990 2244 1043 δόνι
2266 988 2479 1053 σύνοδος
2498 989 2605 1041 τῶν
2622 988 2920 1053 ἑξακοσίων
2940 989 3232 1058 τριάκοντα
3251 986 3420 1052 ἁγίων
3437 986 3696 1052 Πατέρων

2140 1082 2199 1133 ἐν
2220 1081 2364 1147 ἕκτῳ
2389 1081 2573 1133 κανόνι
2602 1081 2805 1151 μηδένα
2833 1080 3248 1150 ἀπολελυμένως
3279 1079 3697 1150 χειροτονεῖσθαι

2138 1170 2453 1235 τεθέσπικε,
2483 1170 2556 1240 μὴ
2588 1171 2974 1241 πρεσϐύτερον,
3018 1172 3091 1240 μὴ
3120 1170 3385 1249 διάκονον,
3415 1171 3551 1239 μήτε
3577 1170 3696 1230 τι,νά

2139 1263 2276 1326 ὅλως
2315 1263 2422 1316 τῶν
2451 1264 2509 1315 ἐν
2541 1262 2620 1334 τῷ
2653 1263 3088 1333 ἐκκλησιαστικῷ
3116 1264 3381 1331 τάγματι,
3411 1265 3461 1315 εί
3500 1263 3575 1330 μὴ
3602 1264 3698 1315 ἰδι-

2143 1351 2256 1416 κῶς
2284 1356 2343 1405 ἐν
2382 1352 2648 1422 ἐκκλησία
2677 1352 2905 1418 πόλεως,
2934 1353 2968 1425 ἢ
3006 1352 3220 1423 κώμης,
3249 1352 3283 1423 ἢ
3325 1351 3629 1422 μαρτυρίῳ,
3667 1351 3699 1419 ἢ

2146 1443 2490 1514 μοναστηρίῳ
2521 1446 2550 1496 ό
2574 1443 3047 1514 χειροτονούμενος
3089 1443 3538 1513 ἐπικηρύττοιτο·
3571 1443 3697 1504 τοὺς

2142 1532 2200 1586 δέ
2256 1534 2537 1597 ἀπολύτως
2593 1533 3100 1605 χειροτονουμένους
3154 1534 3357 1602 ἄκυρον
3406 1533 3549 1601 ἔχειν
3606 1531 3703 1601 τὴν

2142 1624 2405 1694 τοιαύτην
2436 1624 2796 1696 χειροθεσίαν,
2833 1625 2927 1679 καὶ
2964 1624 3215 1694 μηδαμοῦ
3261 1624 3521 1678 δύνασθαι
3551 1626 3703 1695 ἐνερ-

2143 1719 2262 1786 γεῖν
2291 1717 2377 1788 ἐφ’
2416 1717 2692 1788 ῦόρειστοῦ
2720 1718 3218 1789 χειροτονήσαντος.
3262 1716 3416 1771 Ἐπεὶ
3445 1717 3624 1770 τοίνυν
3650 1719 3701 1769 oi

2143 1809 2362 1879 ἥττονος
2389 1808 2541 1871 ὄντες
2588 1808 2797 1878 βαθμοῦ
2839 1810 3126 1870 ἀπολύτως
3172 1808 3597 1877 χειροτονεῖσθαι
3639 1809 3701 1862 ού

2142 1882 2573 1971 συγχωροῦνται,
2601 1899 2739 1953 ἀλλά
2771 1901 2873 1953 κᾶν
2899 1901 3373 1970 χειροτονηθῶσιν,
3404 1900 3703 1971 ἁνενέργη-

2138 2008 2220 2044 τοι
2269 1991 2509 2061 μένουσι,
2553 1992 2651 2045 καὶ
2682 1991 2937 2046 τοσοῦτον
2970 1993 3031 2046 τὸ
3073 1995 3309 2062 πρᾶγμα
3344 1992 3523 2057 ἔδοξεν
3571 1995 3706 2046 ἀπο-

2138 2083 2422 2152 τρόπαιον,
2480 2084 2557 2147 ὡς
2618 2085 2714 2137 καὶ
2766 2085 2857 2137 τὸν
2909 2086 3366 2155 χειροτονήσαντα
3424 2084 3706 2156 κρίνεσθαι

2145 2174 2355 2246 ὕϐρεως
2389 2174 2562 2240 ἀξιον,
2593 2175 2712 2237 πῶς
2742 2178 2769 2228 ὁ
2797 2176 3042 2244 μείζονος
3068 2177 3250 2241 ἀξίας,
3290 2176 3491 2244 μᾶλλον
3521 2176 3576 2229 δὲ
3608 2178 3707 2244 τῆς

2141 2268 2449 2337 ὑπερτέρας
2476 2267 2666 2321 πασῶν
2693 2266 2976 2329 ἀπολύτως
3008 2269 3101 2321 καὶ
3137 2267 3454 2337 ἁνωνύμως,
3484 2268 3708 2320 ἐπίσκο-

2142 2379 2244 2424 πος
2281 2363 2505 2427 Eae-cat;
2548 2365 2642 2414 καὶ
2678 2361 3028 2430 κληθήσεται,
3071 2360 3161 2413 καὶ
3188 2360 3581 2426 ἀξιωθήσεται,
3629 2358 3707 2411 διο

2143 2450 2316 2504 καίων
2347 2452 2785 2523 ἀρχιερατικῶνς
2841 2452 2951 2512 Πᾶς
2981 2452 3089 2520 γὰρ
3141 2450 3430 2520 ἀρχιερεὺς
3461 2466 3705 2519 χειροτο-

2103 2532 2116 2548 ’
2142 2542 2580 2611 νούμενοςιπόλει
2607 2544 2715 2597 τινὶ
2746 2543 3172 2612 ἐπικηρύττεται
3204 2581 3219 2607 ,
3275 2542 3536 2609 κάκείνης
3585 2543 3707 2594 ἐπί-

2144 2622 2342 2698 σκοπος
2368 2634 2711 2703 ὀνομάζεται.
2752 2633 2811 2686 Ὀ
2845 2632 2973 2699 γοῦν
2998 2632 3095 2704 τὴν
3118 2633 3272 2685 πόλιν
3305 2634 3389 2700 ἐφ’
3507 2635 3708 2703 ἐπεκη-

2146 2726 2336 2795 ρύχθη,
2401 2725 2592 2789 λιπὼν,
2655 2725 2748 2779 καὶ
2811 2725 3293 2795 παραιτησάμενος
3342 2722 3404 2775 τὸ
3457 2723 3515 2774 ἐν
3565 2723 3702 2792 αὐτῇ

2148 2817 2437 2889 ἱερᾶσθαι,
2461 2816 2554 2871 καὶ
2587 2816 2905 2869 ἐπισκοπεῖν
2930 2814 2992 2866 τὸ
3035 2815 3093 2866 ἐν
3123 2813 3310 2885 ἐκείνῃ
3337 2813 3432 2866 τοῦ
3467 2813 3703 2883 μεγάλου

2141 2909 2527 2979 ἀρχιποίμενος
2573 2908 2843 2977 ποίμνιον,
2897 2907 3015 2969 πῶς
3047 2906 3343 2968 ἐπίσκοπος
3374 2905 3707 2977 κληθήσεται

2140 3001 2235 3054 τοῦ
2276 2999 2494 3067 λοιποῦ;
2518 2999 2670 3062 τίνας
2696 2998 3044 3064 ἐπισκοπῶν;
3078 2998 3149 3049 Τὸ
3180 2996 3288 3066 γὰρ
3309 2997 3483 3066 ὄνομα
3512 2996 3703 3049 τούτου

2071 3125 2115 3183 C
2148 3087 2475 3156 πράγματός
2521 3089 2637 3139 ἐστι
2689 3088 2783 3139 καὶ
2836 3087 3116 3156 ἐνεργείας
3177 3086 3511 3154 δηλωτικόν·
3566 3087 3596 3138 ό
3654 3086 3703 3139 δ’

2148 3180 2578 3247 ἀποσεισάμενος
2612 3177 2711 3248 τὴν
2744 3177 3027 3246 ἐνέργειαν
3075 3178 3401 3229 ἐκπέπτωκε
3456 3178 3553 3230 καὶ¹
3610 3178 3711 3246 τῆς

2149 3271 2413 3342 κλήσεως.
2445 3271 2767 3337 Ἐπίσκοπος
2794 3269 2847 3322 δέ
2883 3269 3163 3322 καλεῖσθαι
3194 3267 3268 3339 μὴ
3301 3268 3579 3338 πεφυκὼς,
3603 3269 3711 3322 τίνι

2147 3361 2339 3430 δικαίῳ
2364 3362 2462 3430 τῆς
2489 3362 2788 3432 ἱερωσύνης
2839 3362 3144 3426 ἀνθέξεται,
3178 3362 3273 3414 καὶ
3322 3362 3709 3432 ἀρχιερατικοῦ

2155 3456 2470 3526 προνομίου,
2509 3454 2602 3508 καὶ
2652 3455 2817 3523 τιμῆς
2864 3454 3275 3519 ἀπολαύσεται;
3342 3454 3462 3516 Πῶς
3494 3454 3548 3505 δέ
3614 3454 3711 3505 καὶ

2150 3544 2413 3614 ίεράρχης
2462 3542 2895 3614 ὀνομασθήσεται
2949 3546 2977 3595 ὀ
3035 3544 3107 3612 μὴ
3154 3543 3355 3613 κλῆρον
3393 3544 3484 3610 ὑφ’
3513 3542 3707 3594 ἐαυτὸν

2149 3637 2307 3704 ἔχων,
2346 3634 2453 3688 οὐδ’
2485 3636 2666 3704 ἄρχων
2721 3634 3073 3704 ίερωμένων;
3129 3630 3199 3706 ᾯ
3228 3633 3282 3686 δὲ
3329 3632 3402 3703 μὴ
3452 3633 3707 3699 πρόσεστι

2149 3726 2287 3797 πρὸς
2315 3724 2570 3796 ἀλήθειαν
2619 3726 2717 3793 τῆς
2746 3725 3031 3795 ίεραρχίας
3055 3726 3118 3777 τὸ
3146 3725 3334 3793 ὄνομα,
3363 3723 3422 3775 ού
3450 3722 3515 3791 δὴ
3558 3723 3710 3791 ἐνέρ-

2148 3835 2274 3886 γεια
2302 3816 2613 3889 πρόσεστιν.
2655 3817 2713 3871 ’0
2748 3818 2854 3887 γὰρ
2906 3816 2998 3870 τοῦ
3033 3817 3294 3885 ὀνόματος
3325 3815 3400 3886 μὴ
3448 3813 3713 3885 μετέχων,

2152 3906 2353 3978 μᾶλλον
2381 3908 2482 3960 οὐκ
2509 3907 2575 3961 ἂν
2607 3907 2823 3977 μεθέξει
2852 3906 2945 3959 τοῦ
2992 3906 3341 3977 πράγματος.
3393 3905 3593 3959 Λοιπὸν
3624 3903 3719 3956 οῦν

2149 3998 2325 4061 οὐδεὶς
2352 3998 2412 4051 τὸ
2440 3997 2590 4067 αὐτῷ
2612 3997 2863 4050 ἐπιτεθέν
2893 3996 3268 4066 λειτούργημα
3294 3999 3393 4065 τῆς
3414 3998 3720 4064 ἐπισκοπῆς

2152 4087 2478 4157 δεχθήσεται
2527 4085 2989 4157 παραιτούμενος,
3026 4087 3074 4138 εί
3132 4087 3206 4155 μὴ
3244 4085 3465 4152 ἀνάξιον
3526 4088 3723 4138 ἑαυτὸν

2149 4180 2250 4249 τῆς
2291 4178 2589 4250 ἱερωσύνης
2612 4177 2982 4248 ὁμολογεῖ.,Εἰ
3010 4178 3063 4230 δέ
3088 4195 3171 4241 τις
3197 4177 3383 4241 δώσει,
3415 4180 3632 4241 πάντως
3665 4181 3723 4231 δὲ

2148 4272 2210 4325 οὒ
2255 4271 2556 4332 κανονικῶς
2612 4270 2868 4340 δεχθῆναι
2919 4270 3011 4323 τὸν
3046 4270 3503 4341 παραιτούμενον,
3537 4272 3723 4338 πάσης

2150 4363 2305 4428 ἀξίας
2336 4364 2616 4433 ἱερατικῆς
2649 4365 2741 4415 καὶ
2769 4365 2965 4423 παντὸς
2994 4363 3203 4416 δικαίου
3245 4364 3343 4433 τῆς
3374 4362 3719 4434 ἀρχιερωσύ-

483 4452 660 4505 mines
692 4452 1015 4507 auctoritate
1058 4454 1318 4520 praeditus
1342 4452 1461 4508 est?
1488 4454 1580 4509 ‘At
1607 4456 1692 4509 cui
1741 4453 2040 4509 bierarcbaa

2143 4471 2240 4520 νης
2266 4452 2391 4520 ἅμα
2412 4455 2478 4523 τῇ
2506 4453 2834 4522 παραιτήσει
2860 4453 3173 4503 ἐκπεσεῖται
3198 4453 3226 4505 ό
3253 4450 3721 4522 παραιτούμενος.

479 4541 765 4610 appellatio
808 4557 932 4597 vere
964 4559 1068 4596 non
1096 4545 1349 4598 convenit
1401 4560 1500 4598 nec
1544 4545 1688 4598 actio
1739 4544 2035 4599 convenit:

449 4634 568 4707 'qui
617 4634 759 4688 enim
790 4635 1166 4690 communione
1207 4636 1439 4705 nominis
1480 4635 1894 4691 excluditur‘re
1927 4637 2042 4706 ipsa

480 4723 649 4779 multo
682 4725 852 4795 magis
873 4736 1055 4781 careat
1086 4742 1305 4782 necesse
1330 4736 1432 4783 est.
1470 4727 1757 4798 Reliquum
1791 4729 1954 4799 igitur
1989 4739 2046 4783 ut

480 4831 642 4897 nemo
677 4818 1016 4888 episcopatus
1033 4820 1136 4873 sibi
1170 4821 1478 4889 impositum
1520 4837 1718 4877 munus
1748 4823 2040 4890 accipiens,

479 4907 530 4962 ei
562 4910 853 4974 renuntiet,
877 4911 979 4965 nisi
1021 4927 1081 4966 se
1125 4913 1427 4966 sacerdotio
1468 4913 1742 4983 indignum
1786 4911 2039 4967 fateatur.

479 4997 535 5053 Si
559 5001 680 5069 quis
712 5017 839 5056 vero
869 5008 1202 5059 concesserit
1228 5005 1451 5073 eumqui
1489 5005 1788 5070 renuntiat,
1822 5004 2044 5058 omnino

483 5106 589 5145 non
620 5094 877 5147 canonice
936 5094 1060 5148 illud
1087 5096 1409 5165 suscepisse,
1437 5097 1585 5150 omni
1615 5096 1755 5149 sacri
1808 5097 2046 5149 muneris

476 5182 755 5250 dignitate,
777 5186 1079 5253 summique
1098 5187 1384 5243 sacerdotii
1400 5188 1764 5257 praerogativis
1783 5203 1888 5241 una
1912 5202 2034 5241 cum

2150 4544 2279 4596 Ὀτι
2323 4543 2381 4597 δὲ
2417 4544 2779 4612 παραιτήσεις
2829 4542 2890 4595 ού
2926 4542 3031 4613 χρὴ
3063 4541 3335 4612 δέχεσθαι,
3381 4542 3476 4595 καὶ
3530 4543 3593 4594 ἐκ
3626 4540 3723 4593 τοῦ

2157 4636 2342 4706 τρίτου
2396 4635 2696 4703 κεφαλαίου
2729 4634 2826 4703 τῆς
2857 4636 2993 4704 πρὸς
3027 4635 3232 4704 Δόμνον
3285 4634 3582 4702 ἐπιστολῆς
3625 4633 3725 4687 τοῦ

2151 4725 2310 4792 ἁγίου
2346 4724 2614 4794 Κυρίλλου
2669 4723 2919 4794 φανερῶς
2955 4723 3363 4787 ἀποδείκνυται,
3424 4723 3680 4790 λέγοντος
3707 4741 3721 4754 ·

2153 4818 2264 4871 Καὶ
2294 4817 2497 4887 ἑτέρως
2552 4816 2607 4867 δὲ
2656 4814 2889 4885 πρᾶγμά
2919 4815 3067 4868 ἐστιν
3090 4813 3212 4867 οὔτε
3239 4816 3350 4876 τοῖς
3379 4813 3481 4880 τῆς
3516 4812 3720 4879 ἐκκλη-

2154 4907 2278 4970 σίας
2333 4908 2568 4977 ἀρὲσκον
2610 4905 2851 4974 θεσμοῖς,
2909 4905 2969 4958 τὸ
3016 4905 3293 4966 λιὸἐλλους
3334 4905 3723 4973 παραιτήσεων

2156 4999 2458 5072 προσάγειν
2488 4997 2641 5060 τινὰς
2671 4998 2778 5051 τῶν
2807 4999 3129 5070 ίερουργῶν,
3165 4998 3350 5051 καὶτὰ
3386 4996 3534 5065 ἑξῆς.
3559 4997 3715 5065 Ζήτει

2159 5094 2255 5146 καλ⁵
2302 5093 2370 5143 τά
2400 5089 2677 5159 γραφέντα
2726 5091 2806 5152 είς
2840 5090 2932 5143 τὸν
2991 5090 3216 5143 δέκατον
3248 5090 3451 5142 κανόνα
3492 5088 3587 5141 τοῦ
3636 5087 3713 5137 le-

2148 5186 2491 5257 ρομάρτυρος
2534 5183 2738 5244 Πέτρου
2790 5183 3226 5251 ἀρχιεπισκὸπου
3278 5181 3711 5251 Ἀλεξανδρείας,

477 5276 873 5332 renuntiatione
917 5278 1031 5348 ipse
1098 5283 1411 5335 renuntians
1465 5282 1698 5336 excidet.
1754 5278 2205 5335 Renuntiationes
2272 5285 2449 5331 autem
2490 5291 2594 5328 non
2645 5275 3001 5328 admittendas
3034 5287 3154 5326 esse
3181 5273 3263 5327 vel
3287 5289 3353 5328 ex
3395 5274 3560 5327 tertio
3594 5288 3723 5326 sau-

476 5366 548 5420 eti
584 5368 771 5438 Cyritli
820 5374 884 5424 ad
922 5372 1183 5427 Domnum
1234 5373 1473 5443 epistolae
1548 5372 1726 5442 capite
1789 5372 1990 5441 liquido
2041 5378 2295 5439 apparet,
2340 5367 2585 5422 dicente:
2616 5364 2733 5419 Jam
2784 5366 2938 5417 aliter
2974 5380 3061 5418 res
3090 5378 3150 5419 se
3196 5364 3381 5429 habet,
3418 5368 3500 5453 ab
3549 5362 3725 5417 eccle-

480 5461 712 5516 siaslicis
788 5478 917 5518 sane
978 5465 1232 5521 institutis
1255 5465 1449 5534 aliena,
1481 5466 1683 5520 libellos
1746 5464 1951 5519 scilicet
1990 5462 2448 5530 renuntiationum
2477 5458 2719 5525 proferre
2751 5456 3005 5524 quosdam
3035 5472 3099 5509 ex
3130 5456 3316 5510 altaris
3345 5455 3628 5519 ministris,
3672 5464 3727 5507 et.

479 5565 690 5610 caetera.
720 5555 850 5612 Vide
872 5570 1126 5627 praeterea
1148 5560 1335 5625 quaein
1368 5574 1627 5617 canonem
1644 5557 1911 5611 decimum
1943 5554 2111 5610 sancti
2142 5552 2396 5621 martyris
2426 5550 2567 5605 Petri
2601 5547 2944 5602 Alexandrini
2970 5548 3357 5617 archiepiscopi
3383 5546 3720 5616 scripsimus.

484 5646 714 5717 ARIST.
760 5655 1066 5708 Eustathius
1087 5670 1202 5707 cum
1226 5654 1430 5724 fortiter
1460 5654 1635 5706 debuit
1662 5652 1902 5706 resistere
1928 5650 2040 5717 (hoc

2154 5645 2376 5701 ΑΡΙΣΤ.
2420 5642 2719 5709 Ἀντέχειν
2755 5640 3014 5708 ὀφείλων
3045 5641 3376 5706 Εὐστάθιος
3404 5638 3690 5707 καρτερῶς
3710 5668 3725 5694 ›

561 5747 697 5798 enim
718 5746 885 5802 omnis
904 5748 1047 5802 debet
1077 5747 1359 5817 episcopus)
1382 5758 1521 5815 terga
1541 5744 1670 5798 dans
1704 5743 1879 5819 leviter
1904 5740 2040 5809 refu-

2226 5736 2424 5809 [τοῦτο
2468 5734 2577 5803 γθίρ
2606 5733 2763 5797 ἅπας
2789 5732 3145 5805 ἐπίσκοπος]
3179 5732 3335 5787 νῶτα
3376 5730 3542 5797 δοὺς,
3584 5732 3723 5811 νάγ-
