4078 6434
362 388 465 469 3st

1475 390 1483 401 -
1553 380 1633 440 lN
1657 379 1820 439 CAN.
1857 365 1905 439 Ἰ
1945 381 2134 445 conc
2187 336 2551 448 CHALCED:

3510 382 3619 446 322

432 494 680 562 ωφελῶς
714 496 1121 565 παρῃτήσατο.
1177 496 1471 563 Θεόδωρος
1528 496 1664 551 ἀντὶ
1724 497 1926 550 τούτοι

2112 503 2204 569 git.
2232 501 2536 558 Theodorus
2593 506 2644 556 in
2700 505 2813 575 ejus
2860 507 3031 557 locum
3063 504 3345 559 ordinatus
3381 511 3478 555 est.
3521 496 3617 553 ll’e

436 590 936 659 xszetpotdrnzai‘.
994 589 1059 643 '0
1088 588 1178 655 δὲ,
1205 590 1442 671 ,κλαίων
1474 590 1575 643 καὶ
1611 587 1932 653 δυσωπῶν,

436 682 553 748 τὴν
584 682 765 749 τιμὴν
788 682 958 736 alni.
1002 682 1065 735 Ὀ
1087 681 1215 735 ἀντ’
1238 682 1475 757 ἐκείνου
1502 680 1936 750 χειροτονήσας
1962 754 1967 763 ί

386 792 395 815 ι
433 774 792 839 ἀνεύθυνος,
823 775 981 843 ἔχων
1016 773 1254 842 δηλαδὴ
1286 774 1402 842 τὴν
1451 774 1687 828 ἐκείνου
1730 775 1937 842 παραί-

434 882 615 928 τησιν
640 865 769 919 ἀντ’
797 866 1193 934 ἐγκλήματος.
1517 868 1521 872 ’
1742 860 1745 871 ἡ

447 955 506 1008 '0
536 956 835 1018 ἐπίσκοπος
890 950 1044 1018 οὗτος
1094 955 1412 1018 Εὑστάθιος,
1470 956 1781 1027 ἀπράγμων
1836 956 1932 1025 ὢν,

359 1048 459 1100 καὶ
512 1047 587 1116 μὴ
627 1047 923 1115 δυνάμενος
951 1047 1059 1099 τῶν
1090 1049 1188 1117 τῆς
1233 1048 1562 1117 Ἐκκλησίας
1591 1051 1935 1119 πραγμάτων

356 1140 707 1210 ἀντέχεσθαι,
747 1140 843 1192 καὶ
885 1139 1019 1208 πρὸς
1055 1142 1153 1203 τὰς
1192 1140 1564 1210 ἐπερχομένας
1592 1142 1739 1211 αὐτῷ
1773 1160 1936 1211 φρον-

356 1231 512 1293 τίδας
540 1231 922 1295 ἀνθίστασθαι,
955 1232 1049 1285 καὶ
1080 1232 1466 1303 διακρούεσθαι
1514 1233 1716 1295 ταύτας
1740 1246 1756 1263 ·
1792 1251 1935 1305 παρ.

368 1325 617 1394 ῃτήσατο
666 1325 764 1394 τὴν
792 1323 902 1376 τῶν
934 1324 1283 1392 πραγμάτων
1314 1325 1581 1394 διοίκησιν
1606 1341 1619 1354 ·
1659 1327 1757 1378 καὶ
1788 1327 1930 1395 ἐχειο

359 1414 629 1485 ροτπινήθη
659 1414 774 1467 ἀντ’
794 1414 957 1467 αὑτοῦ
988 1408 1196 1486 ἕτερος.
1221 1411 1354 1469 Εἶτα
1373 1418 1439 1486 τῇ
1471 1417 1529 1468 ὲν
1569 1416 1778 1487 Ἐφέσῳ
1806 1434 1932 1470 συν-

354 1508 462 1578 όδῳ
514 1505 813 1577 προσῆλθε,
872 1506 944 1560 αὖ
977 1507 1075 1577 τὴν
1106 1507 1410 1579 ἐπισκοπὴν
1467 1508 1930 1578 ἀνακαλούμενος.

356 1598 419 1650 Et
454 1598 561 1670 γὰρ
590 1598 654 1651 ἂν
683 1598 804 1651 οὐδὲ
844 1599 1200 1668 εἰσηκούσθη,
1254 1598 1399 1665 ἅπαξ
1428 1599 1633 1668 ταύτην
1660 1618 1934 1675 παραιτηο

356 1693 615 1757 σάςλενος,
639 1691 730 1744 καὶ
745 1690 859 1745 ἀντ’
882 1690 1048 1745 αὐτοῦ
1067 1693 1252 1762 ἑτέρου
1272 1691 1759 1762 χειροτονηθέντος·
1793 1694 1933 1746 ἀλλά

352 1782 458 1852 τὴν
493 1785 856 1853 ὲπισκοπικὴν
876 1783 1043 1853 τιμὴν
1071 1782 1250 1854 ζητῶν
1296 1784 1459 1855 ἔχειν,
1490 1783 1586 1837 καὶ
1616 1785 1715 1855 τὴν
1736 1802 1931 1838 κοινω-

354 1874 479 1927 νίαν
499 1890 513 1903 ⁸
547 1874 643 1926 καὶ
675 1874 965 1944 ἐδικαιώθη
1013 1876 1099 1926 ἐπ’
1131 1875 1268 1945 αὐτῇ
1300 1875 1469 1945 χωρὶς
1498 1875 1681 1945 πάσης
1712 1875 1925 1928 ἀντιλο·

353 1966 506 2032 γίαε,
555 1965 705 2021 ὥστε·
728 1966 1024 2019 ἐπίσκοπον
1076 1966 1237 2019 αὑτὸν
1270 1965 1656 2045 ὀνομάζεσθαι,
1698 1966 1795 2019 καὶ
1826 1967 1927 2036 τῆς

352 2056 525 2125 τιμῆς
554 2057 776 2125 καὶτῆς
832 2056 1100 2129 καθέδρας
1152 2056 1426 2126 μετέχειν,
1464 2058 1559 2110 καὶ
1620 2058 1929 2129 ἱερουργεῖν

350 2150 457 2201 οὐκ
489 2148 546 2214 ἐξ
581 2148 713 2210 ἰδίας
736 2148 1052 2211 αὐθεντίας·
1079 2150 1194 2202 ἀλλ’
1222 2151 1385 2204 ὁπότε
1416 2150 1549 2220 παρ’
1572 2150 1811 2219 ἀδελφοῦ
1834 2149 1929 2204 καὶ

352 2243 765 2293 συνεπισκόπου
799 2242 1077 2311 ἐπιτραπῇ
1132 2242 1272 2294 κατά
1303 2241 1543 2294 διάθεσιν
1578 2242 1673 2294 καὶ
1705 2241 1928 2311 ἀγάπην

346 2331 451 2400 τὴν
477 2334 533 2384 ὲν
550 2332 790 2401 Χριστῷ.
823 2333 979 2387 Κατά
1011 2334 1271 2403 συμπαθῆ
1303 2333 1359 2387 δὲ
1391 2332 1549 2401 λόγον
1576 2336 1625 2386 ot
1671 2331 1772 2402 τῆς
1806 2350 1930 2385 συν-

348 2424 482 2475 όδου
533 2422 739 2494 ταύτης
807 2425 1049 2494 Πατέρες
1101 2424 1360 2478 ὑπέθεντο
1396 2427 1463 2495 τῇ
1515 2426 1573 2477 ὲν
1639 2424 1933 2495 Παμφυλίᾳ

348 2514 581 2586 συνόδῳ,
612 2518 692 2578 εἰς
715 2516 783 2586 ἢν
810 2516 983 2569 ἐτέλει
1011 2518 1104 2570 καὶ
1132 2519 1159 2570 ὁ
1204 2516 1522 2581 Εὐστάθιος,
1556 2518 1926 2588 χρηστότερόν

342 2621 403 2655 τι
433 2606 564 2673 περὶ⁵
599 2605 765 2658 αὐτοῦ
800 2604 1197 2675 βουλεύσασθαι
1227 2606 1258 2677 ἢ
1288 2606 1383 2661 νῦν
1408 2607 1442 2678 ἢ
1484 2607 1787 2677 μετέπειτα
1809 2624 1823 2639 ο
1861 2608 1922 2660 τὸ

343 2696 402 2749 δε
432 2693 503 2767 ἦν
534 2696 563 2767 ἦ
597 2700 677 2760 εὶς
704 2698 1004 2768 ἐκκλησίαν
1038 2699 1915 2771 σχολάζουσαν“προχειρίσασθαι,

341 2788 378 2859 ἦ
413 2788 593 2852 άλλως
625 2791 1045 2861 χειραγωγῆσαι
1068 2792 1252 2846 αὐτόν.

2110 611 2232 648 vero
2259 596 2520 666 lacrymas
2548 598 2823 666 e/Tundcns
2851 608 2895 649 et
2920 596 3121 666 pudore
3151 596 3408 663 confusus
3437 590 3616 646 'liona-

2108 704 2216 740 rem
2270 690 2474 753 repetit.
2537 689 2641 754 Qui
2711 689 2877 741 alium
2928 688 3081 743 illius
3146 688 3259 741 loco
3314 686 3609 745 ordinavit,

2104 782 2278 834 imor:
2329 791 2426 847 est,
2456 798 2575 835 cum
2609 782 3044 855 detrectatioiiem
3088 782 3203 848 ejus
3253 794 3347 847 pro
3395 776 3614 830 crimine

2106 871 2312 926 habeat.

2108 961 2422 1017 Eustathius
2444 962 2531 1017 hic
2559 963 2845 1033 episcopus
2859 977 2980 1016 cum
3010 960 3187 1015 litium
3218 969 3333 1015 erat
3375 960 3612 1024 fugitans

2035 1062 2090 1108 et
2131 1051 2387 1109 Ecclesiae
2426 1055 2638 1125 negotia
2675 1056 2944 1109 sustinere
2971 1069 3081 1108 non
3112 1052 3307 1121 potuit.
3339 1067 3436 1105 nec
3464 1050 3611 1104 curis

2034 1159 2154 1199 eum
2186 1140 2565 1201 invadentibus
2591 1148 2846 1201 resistere
2897 1160 2997 1200 nec
3043 1160 3139 1199 eas
3194 1143 3483 1210 depellere,
3519 1156 3613 1194 ne-

2036 1236 2301 1304 gotiorum
2336 1238 2795 1292 administrationi
2830 1237 3181 1301 renuntiavit,
3213 1246 3267 1290 et
3323 1234 3439 1302 ejus
3491 1234 3608 1287 loco

2035 1328 2478 1409 alius|ordinatus
2512 1330 2638 1384 fuit.
2678 1329 2871 1384 Postea
2926 1329 2992 1382 ad
3024 1326 3352 1394 Ephesinam
3376 1327 3609 1379 accessit

2034 1420 2315 1488 synodum,
2342 1414 2711 1489 episcopatum
2748 1436 2940 1476 rursus
2965 1428 3235 1489 repetens.
3282 1418 3345 1470 Et
3365 1416 3612 1483 quamvis

2036 1526 2141 1564 non
2182 1511 2468 1568 exauditus
2524 1511 2650 1578 fuit,
2687 1528 2811 1567 cum
2849 1511 3015 1566 semel
3037 1525 3162 1564 eum
3196 1508 3521 1571 abdicasset,
3556 1515 3615 1560 et

2034 1602 2172 1656 alius
2192 1601 2310 1671 ejus
2362 1602 2481 1657 loco
2530 1602 2721 1658 fuisset
2753 1603 3069 1658 ordinatus:
3112 1600 3479 1671 episc0palem
3525 1608 3609 1652 ta-
3720 1590 3725 1603 ³

2034 1706 2156 1746 men
2196 1692 2453 1746 honorem
2479 1692 2680 1746 habere
2708 1692 3029 1760 quaeritans,
3061 1700 3117 1745 et
3144 1688 3607 1749 communionem,

2032 1790 2087 1836 et
2111 1783 2228 1857 sine
2249 1783 2394 1836 omni
2450 1783 2885 1837 contradictione
2926 1783 2978 1836 in
3014 1796 3076 1837 ea
3105 1780 3458 1835 conﬁrmatus
3484 1778 3608 1840 fuit,

2039 1884 2095 1929 ut
2148 1874 2263 1942 ipse
2292 1874 2669 1929 nominaretur
2722 1875 3029 1944 episcopus,
3081 1883 3137 1928 et
3167 1873 3391 1927 honoris
3425 1872 3612 1925 cathe-

2041 1966 2263 2036 draaque
2305 1967 2576 2036 particeps
2602 1977 2768 2031 esset,
2796 1976 2853 2020 et
2874 1980 3031 2021 sacra
3076 1974 3381 2036 perageret,
3409 1979 3514 2017 non
3543 1977 3609 2016 ex

2037 2060 2255 2128 propria
2327 2060 2673 2123 auctoritate,
2727 2059 2823 2114 sed
2860 2060 3078 2127 quando
3133 2058 3432 2112 secundum
3473 2054 3611 2108 aﬂe-
3664 2079 3672 2097 ι

2037 2150 2267 2204 ctionem
2306 2151 2434 2204 etin
2478 2151 2700 2207 Christo
2724 2150 3046 2206 cliaritatem
3088 2165 3119 2204 a
3151 2148 3321 2203 fratre
3341 2156 3395 2203 et
3421 2147 3607 2214 coepi-

2036 2256 2202 2309 scopo
2273 2242 2703 2312 permitteretur.
2761 2241 3096 2315 Sympathia:
3161 2250 3339 2295 autem
3396 2238 3609 2292 ratione

2038 2331 2184 2385 ducti
2233 2330 2421 2386 Patres
2470 2332 2702 2407 hujusce
2750 2333 2968 2404 synodi,
3004 2332 3213 2403 synodo
3254 2327 3607 2399 Pamphyliae,

2039 2420 2094 2474 in
2116 2435 2222 2490 qua
2258 2436 2412 2476 sacra
2445 2421 2739 2477 celebravit
2790 2422 3131 2484 Eustathius,
3178 2427 3602 2490 proposuerunt,

2039 2513 2326 2584 benignius
2363 2516 2568 2586 aliquid
2615 2519 2683 2570 de
2747 2531 2812 2571 eo
2864 2525 3125 2577 statuere,
3167 2524 3255 2566 aut
3307 2526 3455 2566 nunc
3515 2520 3609 2563 aut

2039 2616 2250 2678 postea;
2298 2609 2400 2663 hoc
2430 2618 2611 2662 autem
2630 2617 2773 2670 erat,
2807 2617 2866 2661 ut
2901 2607 2982 2660 vel
3022 2606 3075 2660 in
3110 2606 3389 2660 vacantem
3424 2602 3605 2657 eccle-

2030 2704 2165 2760 siam
2197 2704 2571 2773 designarent,
2606 2702 2691 2756 vel
2720 2701 2879 2755 aliter
2899 2714 3025 2755 eum
3060 2713 3219 2755 manu
3251 2698 3533 2752 ducerent.

1540 3180 1541 3183 γ
1615 3186 2137 3283 ΚΑΝΟΝΕΣ
2224 3191 2297 3272 Λ

572 3429 579 3435 .
638 3369 776 3423 ΤΗΣ
807 3372 1005 3426 ΛΓΙΑΣ
1034 3371 1399 3449 ΤΕΤΑΡΤΙΙΣ
1436 3374 1556 3429 ΚΑΙ
1610 3373 2152 3430 ΟΙΚΟΥΜΕΝῙΚΗΣ
2198 3375 2517 3427 ΣΥΝΟΔΟΥ
2566 3374 2702 3427 ΤΗΣ
2869 3369 3291 3427 ΧΑΔΚΗΔΟΝΙ.

1925 3559 1997 3578 q

1440 3725 2080 3819 CANONES
2206 3726 2507 3815 XXX

776 3953 1083 4011 SANCTA‘Z
1123 3954 1216 4012 ET
1243 3952 1729 4013 (ECUMENICZE
1759 3942 2086 4023 QUABTZE
2150 3952 2425 4013 SYNODI
2466 3950 3163 4022 CHALCEDONENSIS.

418 4257 655 4311 ΖΩΝΑΡ.
706 4256 803 4309 καὶ
833 4256 1028 4309 ΒΑΛΣ.
1075 4252 1141 4309 Ἥ
1171 4256 1303 4325 ἁγία
1330 4258 1563 4330 τετάρτη
1598 4259 1692 4313 καὶ
1732 4262 1918 4312 οἰκου-

2092 4260 2245 4330 111
2276 4259 2529 4315 ZONAR.
2574 4270 2627 4315 et
2670 4258 2861 4327 BALS.
2911 4261 3107 4317 Sancta
3153 4271 3207 4317 et
3259 4267 3596 4321 metuneuica

351 4349 538 4418 μενικὴ
571 4348 793 4410 σύνοδος
818 4348 1042 4415 γέγονεν
1064 4350 1120 4401 ὲν
1145 4349 1260 4412 τοῖς
1279 4350 1494 4420 χρόνοις
1517 4352 1614 4423 τῆς
1648 4351 1921 4421 βασιλείας

344 4440 666 4511 Μαρκιανοῦ
728 4439 1030 4504 ἑξακοσίων
1082 4443 1381 4511 τριάκοντα
1445 4445 1615 4513 ἁγίων
1658 4445 1919 4514 Πατέρων

342 4531 851 4601 συναθροισθέντων
881 4532 939 4585 ἐν
969 4532 1276 4602 Χαλκηδόνι
1318 4534 1460 4589 κατὰ
1492 4538 1787 4607 Διοσκόρου
1814 4538 1917 4607 τῆς

339 4624 705 4691 περιωνύμου
738 4623 1176 4693 προστατοῦντος
1217 4624 1628 4698 Ἀλεξανδρείας
1675 4632 1769 4682 καὶ
1818 4631 1919 4682 Εὐ-

334 4716 544 4786 τυχοῦς
568 4712 1001 4786 ἀρχιμανδρίτου
1033 4716 1684 4783 Κωνσταντινουπόλεως,
1733 4719 1782 4772 οἳ
1827 4719 1916 4772 τὸν
1939 4789 1958 4801 α

336 4808 552 4877 Κύριον
605 4807 767 4877 ἡμῶν
815 4807 1021 4877 Ἰησοῦν
1073 4807 1314 4877 Χριστὸν
1370 4807 1657 4878 ὁμοούσιον
1694 4811 1807 4887 μὲν
1838 4811 1919 4883 τῷ

334 4900 518 4970 Πατρὶ
547 4898 884 4969 ὡμολόγουν,
914 4900 1041 4971 περὶ
1070 4897 1127 4952 δὲ
1156 4900 1257 4969 τὴν
1277 4900 1691 4971 ὲνανθρώπησιν
1720 4903 1915 4955 εϐλασ-

337 4993 583 5061 φήμουν,
638 4990 736 5042 καὶ
785 4989 1078 5058 φεύγοντες
1103 4991 1204 5059 τὴν
1247 4990 1341 5044 τοῦ
1373 4991 1671 5064 Νεστορίου
1701 4993 1912 5066 διαίρε-

338 5101 449 5146 σιν,
485 5082 580 5136 δύο
610 5083 763 5147 υἱοὺς
792 5081 1126 5148 εἰσάγοντος,
1182 5083 1264 5146 είς
1313 5083 1440 5139 ἄλλο
1477 5084 1652 5138 κακὸν
1688 5088 1753 5140 ἐκ
1798 5087 1914 5140 δια-

339 5180 441 5247 ps:
454 5194 548 5246 ρου
573 5178 889 5230 ἐνέπιπτον.
922 5177 1035 5239 Τάς
1062 5178 1172 5246 γάρ
1192 5174 1286 5228 δύο
1314 5176 1510 5245 φύσεις
1533 5180 1632 5248 τῆς
1661 5177 1915 5249 θεότητος

337 5269 437 5321 καὶ
481 5268 578 5335 τῆς
626 5267 1048 5338 ἀνθρωπότητος
1077 5266 1219 5336 μετά
1240 5265 1339 5337 τὴν
1376 5267 1574 5320 ἕνωσιν
1605 5268 1918 5338 συγκραθῆ-

334 5381 448 5422 ναι,
483 5360 579 5414 καὶ
606 5363 687 5424 είς
719 5362 847 5430 μίαν
870 5358 1299 5429 ἀποτελεσθῆναι
1337 5358 1498 5427 φύσιν
1552 5360 1764 5422 ἀσεϐῶς
1802 5360 1917 5413 ἐδο-

331 5452 633 5521 rid-utam
663 5453 741 5515 ὡς
769 5451 864 5504 καὶ
884 5453 948 5520 τῇ
977 5450 1192 5520 θεότητι
1213 5450 1619 5519 προσαρμόζειν
1648 5451 1716 5503 τά
1747 5452 1915 5521 πάθη.

345 5545 515 5598 Ἀλλά
566 5545 662 5598 καὶ
690 5543 788 5614 τὴν
820 5543 999 5613 σάρκα
1041 5543 1141 5612 οὐχ
1174 5541 1461 5611 ὁμοούσιον
1512 5544 1646 5613 ἡμῖν
1696 5544 1918 5614 ἀνειλη-

2023 4361 2211 4420 quarta
2260 4352 2495 4422 synodus
2535 4350 2809 4408 Marciano
2841 4353 3138 4423 imperante
3169 4354 3432 4410 celebrata
3475 4358 3597 4425 fuit,

2022 4442 2296 4497 sexcentis
2341 4441 2558 4512 triginta
2590 4442 2843 4497 Patribus
2877 4443 3135 4497 adversus
3171 4443 3504 4508 Dioscorum,
3543 4447 3594 4501 in

2019 4534 2378 4607 Alexandrina
2429 4533 2627 4603 inclyta
2662 4534 2794 4588 urbe
2822 4524 3160 4604 prmiectuin,
3208 4544 3263 4589 et
3289 4535 3602 4592 Constanti-

2021 4624 2276 4698 nopoleos
2321 4624 2806 4678 archimaudritam
2843 4627 2959 4695 (seu
2990 4627 3227 4681 coenobii
3258 4629 3596 4698 praefectum)

2017 4696 2389 4787 Eutychetem,
2412 4716 2649 4781 coactis;
2691 4717 2779 4787 qui
2822 4718 3101 4773 Christum
3125 4720 3409 4774 Dominum
3442 4696 3595 4777 Patri

2018 4807 2533 4887 consubstantialem
2587 4824 2714 4862 cum
2741 4807 3070 4877 faterentur,
3103 4811 3170 4887 de
3205 4809 3604 4868 lncarnationis

2018 4909 2194 4953 tamen
2250 4899 2507 4969 mysterio
2563 4899 2769 4954 nefarie
2802 4886 3183 4969 loquebantur,
3224 4904 3460 4971 dumque
3490 4905 3599 4959 Ne-

2016 4991 2168 5046 storii
2195 4989 2466 5044 Christum
2498 4976 2838 5056 dissecantis,
2901 4992 3147 5062 duosque
3208 4992 3349 5049 ﬁlios
3395 4997 3596 5050 consti-

2017 5082 2217 5137 tuentis
2266 5095 2506 5137 errorem
2542 5082 2838 5149 declinant,
2877 5083 2928 5137 in
2967 5084 3112 5137 aliud
3150 5084 3351 5140 malum
3386 5086 3509 5140 huic
3525 5102 3596 5141 ex

2017 5176 2230 5230 diverso
2274 5174 2580 5245 oppositum
2635 5186 2763 5229 sunt
2791 5176 3021 5247 delapsi.
3070 5178 3363 5247 Utramque
3390 5179 3595 5234 scilicet

2015 5265 2109 5322 Dei
2133 5262 2463 5321 naturamet
2486 5267 2737 5334 hominis,
2763 5280 3043 5338 postquam
3070 5270 3173 5325 sibi
3229 5272 3454 5326 invicem
3496 5288 3595 5326 co-

2018 5359 2214 5428 pulatae
2245 5368 2407 5425 atque
2453 5373 2708 5415 connexa:
2732 5358 2973 5425 fuerunt,
3008 5361 3079 5414 ita
3140 5364 3425 5431 permistas
3450 5379 3595 5430 esse,

2019 5458 2181 5519 atque
2204 5446 2345 5504 inter
2364 5464 2424 5505 se
2446 5451 2659 5519 penitus
2699 5452 2750 5505 in
2782 5469 2939 5505 unam
3006 5463 3255 5505 naturam
3314 5453 3586 5508 coaluisse

2020 5539 2182 5609 impie
2223 5542 2644 5605 asserebant,ut
2692 5542 3026 5596 divinitatem
3071 5557 3285 5609 quoque
3346 5541 3590 5595 allectio-

338 5637 502 5707 φέναι
554 5638 646 5690 τὸν
683 5635 892 5705 Κύριον
942 5634 1150 5702 ελεγον,
1184 5631 1304 5686 οὐδὲ
1336 5634 1400 5686 ὲκ
1428 5633 1536 5686 τῶν
1579 5630 1921 5703 παρθενικῶν

2028 5633 2188 5688 nibus
2251 5644 2304 5686 et
2370 5634 2865 5703 perturbationibus
2916 5632 3204 5686 obnoxiam
3252 5632 3589 5686 constituere

332 5730 594 5798 αἱμάτων
624 5728 1039 5796 συμπαγείσαν,
1067 5726 1202 5779 ἀλλά
1253 5727 1348 5780 καὶ
1379 5727 1635 5797 ἀρρήτως
1674 5743 1793 5791 πως
1825 5729 1918 5782 καὶ

2028 5724 2248 5779 minime
2273 5736 2613 5781 vererentur.
2660 5726 2869 5794 Corpus
2900 5741 3137 5795 quoque,
3188 5739 3292 5779 non
3349 5722 3588 5796 ejusdem

340 5823 634 5895 θειοτέρως
662 5819 1048 5889 σεσαρκῶσθκι
1070 5819 1236 5874 αὐτὸν
1260 5818 1595 5874 ἀνέπλαττον
1622 5835 1641 5853 ν
1666 5820 1757 5872 καὶ
1783 5817 1917 5874 ἄλλα

2028 5834 2147 5873 cum
2176 5817 2424 5874 humanis
2472 5818 2792 5887 corporibus
2843 5827 3073 5899 naturae,
3100 5833 3197 5875 nec
3229 5832 3297 5874 ex
3330 5815 3600 5889 virgineis
