4078 6424
439 371 547 435 383

1697 370 1974 432 THEOD.
2007 346 2406 431 BALSAMON

3573 370 3677 432 3δὶ

438 460 758 541 concretum
823 482 1174 551 sanguinibus
1219 481 1517 550 suscepisse
1576 478 2002 543 Dominum,scd

2131 481 2162 532 ἑὲ
2213 473 2535 549 ἐφλυάρουν,
2594 479 2685 542 οὓς
2746 441 2985 543 καϐεέὶε,
3045 478 3138 532 καὶ
3202 478 3671 550 ἀνεθεμάτισενή

442 574 806 643 inexplicabili
852 574 1083 641 quadam
1111 584 1165 649 et
1196 574 1460 627 diviniore
1494 587 1713 641 prorsus
1771 572 2001 635 ratione,

442 668 780 719 incarnatutu
805 665 955 718 illum
1006 679 1128 719 esse
1161 665 1536 731 somniabant;
1582 665 1793 731 aliaque
1826 664 2008 718 debla-

445 760 689 813 terabant
727 758 1061 825 hujusmodi,
1118 758 1510 827 proindequea
1563 766 1749 813 sancta
1802 757 2007 828 synodo

442 849 668 918 depositi
728 860 891 917 atque
931 850 1273 903 anathemate
1322 847 1563 918 percussi
1593 857 1762 901 sunt:
1818 845 2003 901 eadem

2107 570 2236 636 ἁγία
2269 569 2485 631 σύνοδος
2515 569 2678 639 αὕτη,
2708 571 2915 642 τέλειον
2948 570 3078 622 Θεὸν
3100 571 3195 624 καὶ
3223 572 3427 624 τέλειον
3462 572 3676 641 ἄνθρω-

2105 678 2206 713 πον
2238 661 2328 714 τὸν
2366 661 2570 731 Κύριον
2599 661 2757 730 ἡμῶν
2798 660 3007 729 Ἰησοῦν
3035 663 3270 731 Χριστὸν
3294 663 3671 730 δογματΐσασα

2106 751 2164 802 ἐν
2191 751 2284 805 δύο
2315 751 2541 818 φύσεσιν
2571 752 2893 821 ἁδιαιρέτως
2916 755 3011 806 καὶ
3046 753 3389 824 ἀσυγχύτως.
3426 754 3676 818 Ἐξέθετο

2104 843 2160 895 δέ
2188 842 2285 895 καὶ
2328 836 2558 907 κανόνας
2591 843 2718 908 τοὺξ
2751 846 3248 915 ὑποτεταγμένους.

441 941 677 1011 synodus
714 942 899 1004 Deum,
935 940 1317 1007 hominemque
1382 938 1684 1009 perfectum
1711 939 1763 991 in
1797 937 2001 990 duabus
2032 932 2276 987 indivisis
2336 934 2793 1007 impermistisque
2832 939 3039 992 naturis
3078 938 3351 995 Christum
3395 938 3676 994 Dominqu

440 1048 560 1087 esse
602 1031 869 1087 deﬁnivit.
927 1032 993 1087 Et
1027 1046 1150 1085 vero
1171 1031 1441 1097 subjectos
1486 1045 1705 1101 quoque
1755 1040 1993 1115 canopes
2020 1022 2207 1079 edidit.

1068 1114 1297 1177 CANON
1334 1123 1373 1176 1.

441 1218 545 1284 Qui
583 1235 614 1271 a
654 1217 850 1270 san‘rtis
880 1215 1129 1270 Patribus
1166 1217 1221 1268 in
1245 1232 1552 1283 unaquaque
1584 1214 1782 1285 synodo
1808 1215 2006 1267 hucus-

512 1328 610 1381 que
674 1310 899 1375 expositi
959 1318 1112 1371 sunt,
1174 1309 1442 1361 observari
1513 1325 1738 1365 canones
1799 1323 2003 1377 a'quum

512 1403 829 1455 censuimus.

514 1494 711 1548 BALS.
761 1492 1118 1546 Ἐδικαίωσαν
1163 1493 1237 1560 (id
1268 1498 1372 1562 est)
1422 1493 1629 1562 justum
1676 1501 2006 1547 censuerunt

444 1583 656 1649 Patres,
683 1595 739 1637 ut
785 1583 932 1652 quia
972 1584 1178 1637 sanctis
1216 1584 1491 1649 Patribus,
1532 1585 1621 1653 qui
1655 1598 1746 1637 eos
1777 1597 2006 1651 praeces-

446 1684 658 1739 serunt,
693 1680 818 1728 ante
853 1684 1099 1745 quartam
1127 1675 1388 1745 synodum
1425 1676 1552 1729 editi
1576 1683 1702 1729 sunt
1743 1688 2005 1739 canones,

2723 1120 2963 1173 ΚΔΝΩΝ
2989 1125 3066 1174 Λ’.

2723 1120 2963 1173 ΚΔΝΩΝ
2989 1125 3066 1174 Λ¹.

2115 1209 2260 1274 Τοὺς
2308 1211 2465 1276 παρὰ
2523 1210 2638 1263 τῶν
2677 1118 2861 1280 (ἐγ-ἔων
2913 1212 3183 1277 Πατέρων
3236 1218 3367 1267 καθ’
3410 1215 3681 1282 ἑκάστην

2180 1302 2448 1354 σύνοδον
2490 1302 2627 1370 ἄχρι
2678 1304 2784 1356 τοῦ
2844 1303 2961 1355 νῦν
3012 1305 3359 1372 ἐκτεθέντος
3418 1312 3675 1375 κανόνας

2180 1395 2421 1455 κρατεῖν
2452 1393 2905 1464 ἐδικαιώσαμεν.

2181 1485 2378 1539 ΒΑΛΣ.
2426 1486 2785 1539 Ἐδικαὶωσαν
2815 1488 2864 1538 οἱ
2906 1488 3149 1555 ἱῙατὲρες
3174 1490 3312 1544 ἣντὶ
3340 1489 3436 1543 τοῦ
3467 1493 3679 1546 δίκαιον
3758 1528 3771 1535 ο

2109 1573 2251 1630 εἶναι
2301 1579 2541 1647 ἔκριναν,
2594 1582 2816 1647 κρατεῖν
2871 1579 2998 1642 τοὺς
3055 1581 3160 1651 πρὸ
3208 1581 3308 1651 τῆς
3363 1583 3404 1634 δ’
3460 1578 3681 1637 συνόδου

2112 1669 2437 1730 ἐκτεθέντος
2490 1670 2722 1731 κανόνας
2778 1670 2882 1722 ὑπὸ
2944 1672 3053 1724 τῶν
3112 1675 3229 1741 πρὸ.
3283 1674 3463 1727 αὐτῶν
3509 1676 3687 1743 ἁγίων

443 1767 824 1828 observentur,
858 1776 911 1820 et
953 1767 1096 1823 vires
1134 1766 1262 1823 Suas
1292 1768 1589 1823 obtineant.
1621 1766 1729 1822 Nec
1784 1768 2006 1833 dixeris,

2131 1759 2397 1827 Ἱατέρων.
2435 1758 2541 1811 Καὶ
2573 1761 2646 1830 μὴ
2674 1760 2857 1834 εἴπῃς,
2889 1764 3006 1825 Πῶς
3036 1765 3136 1818 οὑκ
3161 1737 3413 1835 *ἐμνήσθη
3442 1770 3470 1819 ό
3502 1737 3681 1822 κανὼν

446 1860 718 1927 quomodo
798 1874 901 1912 non
966 1860 1215 1913 meminit
1267 1874 1439 1913 canon
1496 1859 1908 1929 provincialium
1960 1868 2013 1913 et

448 1950 905 2004 memnenicarum
959 1950 1292 2021 synodorum
1316 1951 1340 2004 ?
1366 1967 1430 2005 ex
1460 1967 1523 2006 eo
1552 1951 1693 2006 enim
1718 1953 1859 2020 quod
1885 1966 2015 2005 con-

450 2045 748 2105 ﬁrmentur,
809 2046 898 2112 qui
955 2061 982 2098 a
1034 2046 1235 2100 sanctis
1275 2045 1526 2100 Patrihus
1587 2046 1638 2099 in
1692 2060 2014 2115 unaquaque

449 2135 657 2202 synodo
687 2135 753 2188 ad
782 2135 833 2188 id
865 2140 1264 2207 nsqne‘tempns
1281 2138 1563 2205 compositi
1602 2145 1729 2192 sunt
1754 2152 2011 2203 canones,

448 2227 689 2279 omnium
773 2229 1100 2295 synodorum
1171 2232 1385 2283 decreta
1460 2230 1612 2285 ﬁrma
1689 2245 1754 2285 ac
1802 2230 2015 2285 stabilia

453 2318 773 2374 redduntur.
808 2328 813 2333 '

524 2413 779 2469 ZONAR.
823 2416 1007 2481 Multa,
1043 2418 1163 2472 ﬁdei
1206 2420 1544 2488 dogmatibus
1578 2419 1935 2482 stabiliendis,
1966 2428 2021 2473 et

453 2504 839 2561 ecclesiasticm
899 2509 1219 2575 diseiplinm,
1276 2511 1625 2580 moribusque
1688 2515 2016 2576 sanciendis,

456 2593 803 2655 meumen'ci,
870 2596 1340 2667 provincialesqne
1403 2608 1526 2653 ante
1583 2612 1821 2655 sanctam
1883 2606 2022 2661 hanc

456 2686 717 2754 synodum
751 2688 1003 2743 celebrati
1042 2700 1366 2758 conventus,
1414 2695 1771 2766 promulgatis
1800 2699 2023 2751 canoni-

459 2778 560 2832 hns
607 2780 917 2835 decrevere.
976 2782 1045 2836 Ea
1106 2783 1268 2853 igitur
1323 2787 1502 2839 omnia
1562 2789 1777 2842 decreta
1834 2788 2022 2846 Patres

459 2870 632 2924 sancti
666 2872 716 2924 in
755 2873 856 2927 hac
887 2875 1092 2943 synodo
1115 2877 1423 2946 congregati
1477 2876 1579 2932 hoc
1632 2893 1841 2933 canone
1891 2895 2024 2933 con-

462 2960 765 3029 ﬁrmarunt,
791 2973 842 3018 et
890 2965 1140 3021 obtinere
1176 2967 1512 3035 iudicarunt,
1549 2968 1650 3025 hoc
1683 2981 1788 3037 est,
1815 2969 2020 3038 justum

457 3065 771 3120 senserunt,
819 3064 873 3111 et
891 3058 1293 3115 existimarunt.

566 3233 795 3288 ARIST.
840 3233 1080 3291 Canones
1109 3238 1365 3306 cujusque
1395 3241 1581 3308 synodi
1615 3253 1921 3297 sanctorum

902 3316 907 3319 δ
947 3325 1168 3381 Patrum
1204 3333 1551 3384 observentur.

978 3421 1135 3490 ιη
1175 3421 1405 3475 CANON
1450 3422 1511 3476 ll.

468 3506 529 3562 Si
571 3508 687 3576 quis
707 3511 979 3577 episcopus
1009 3524 1218 3580 propter
1251 3517 1501 3582 pecunias
1528 3517 1911 3573 ordinationem
1952 3520 2029 3589 fe-

535 3603 687 3666 cerit,
759 3590 806 3655 et
860 3619 963 3656 non
1009 3604 1242 3658 uenalem
1301 3608 1527 3675 gratiam
1573 3598 1629 3662 in
1684 3612 2028 3665 venditionem

535 3693 834 3759 deduxerit,
891 3705 940 3749 et
974 3708 1185 3766 propter
1231 3701 1478 3763 pecunias
1536 3703 1857 3757 ordinauerit
1918 3707 2028 3772 epi-

536 3800 769 3850 scopum,
806 3788 883 3840 uel
916 3790 1364 3857 chorepiscopum,
1412 3797 1490 3845 vel
1519 3795 1897 3863 presbyterum,
1953 3798 2032 3851 vel

537 3878 763 3947 aliquem
824 3897 1003 3934 earum
1046 3884 1135 3952 qui
1172 3885 1227 3936 in
1255 3885 1391 3936 clero
1445 3872 1895 3951 annumerantur,
1954 3891 2031 3944 rel

536 3980 749 4035 propter
771 3975 1021 4040 pecunias
1054 3978 1361 4040 promoverit
1391 3993 1710 4031 oeconomum
1743 3981 1819 4034 vel
1847 3982 2029 4051 defen-

538 4082 706 4118 sorem
737 4068 815 4120 vel
836 4072 1268 4131 paramonarium
1309 4072 1419 4140 (seu
1446 4076 1752 4128 monasterii
1799 4076 2033 4130 admini-

2114 1853 2357 1907 τοπικῶν
2399 1854 2631 1906 συνόδων
2673 1856 2765 1908 καὶ
2792 1857 3222 1923 οἰκούμενικῶνς
3267 1858 3400 1909 Ἀπὸ
3441 1858 3550 1929 γὰρ
3583 1860 3679 1912 τοῦ

2114 1944 2425 2013 κυρωθῆναι
2486 1946 2613 2007 τοὺς
2662 1948 2812 2015 παρᾶ
2862 1949 2972 1999 τῶν
3020 1948 3191 2015 ἁγίων
3244 1950 3504 2020 Πατέρων
3557 1952 3682 2004 καθ’

2116 2041 2354 2108 ἑκάστην
2382 2040 2600 2093 σύνοδον
2634 2041 2793 2112 μέχρι
2828 2042 2918 2095 τοῦ
2952 2046 3072 2097 τότε
3100 2047 3292 2116 καιροῦ
3326 2049 3685 2107 συντεθέντας

2120 2132 2353 2201 κανόνας
2380 2134 2725 2203 στηρίζονται
2776 2139 2967 2189 πασῶν
2988 2139 3096 2191 τῶν
3128 2140 3363 2192 συνόδων
3393 2140 3459 2193 τὰ
3490 2142 3683 2195 Θεσπιο

2120 2240 2321 2294 σματα.

2192 2405 2435 2459 ΖΩΝᾹΡ.
2488 2407 2594 2460 Καὶ
2625 2408 2678 2459 αἱ
2708 2410 3081 2475 οἱκουμενικαὶ
3124 2412 3329 2466 σύνοδοι
3364 2415 3457 2467 καὶ
3482 2419 3549 2477 ,αἱ
3600 2434 3687 2470 τοο

2123 2498 2283 2549 actual.
2312 2498 2367 2549 αἱ
2406 2497 2510 2566 πρὸ
2554 2499 2757 2569 ταύτης
2809 2503 2905 2571 τῆς
2938 2504 3099 2570 ἁγίας
3144 2506 3361 2559 συνόδου
3395 2508 3689 2573 γενόμεναι

2123 2589 2353 2650 κανόνας
2386 2588 2650 2654 ἐξέθεντο,
2680 2593 2807 2655 τοὺς
2826 2593 2925 2661 μέν
2952 2598 3032 2657 εἰς
3062 2596 3348 2665 δογμάτων
3376 2601 3691 2654 συντελοῦν-

2127 2697 2227 2742 τας
2280 2681 2585 2752 ἀκρίϐειαν,
2654 2684 2867 2747 τοὺςδέ
2928 2688 3007 2749 εἰς
3046 2690 3509 2762 ἐκκλησιαστικὴν
3554 2696 3692 2761 dpo-

2129 2774 2340 2842 ρῶντας
2360 2776 2715 2840 κατάστασιν,
2748 2778 2843 2832 καὶ
2865 2781 2962 2842 τὰς
2992 2782 3287 2851 ἐκκλησίας
3309 2786 3688 2855 ρυθμῐζοντας.

2127 2867 2406 2939 ’Ᾱπαντας
2438 2864 2531 2922 οὖν
2561 2869 2803 2933 ἐκείνους
2846 2874 2893 2925 οἱ
2926 2875 2981 2925 ἐν
3015 2876 3183 2945 ταύτῃ
3219 2879 3282 2946 τῇ
3324 2878 3524 2947 συνόδῳ
3566 2897 3693 2932 συν-

2126 2959 2507 3029 αθροισθέντες
2569 2962 2714 3029 ἅγιοι
2771 2966 3011 3033 Πατέρες
3061 2967 3418 3035 ἐπεκύρωσαν
3454 2970 3541 3024 διὰ
3596 2972 3691 3024 τοῦ

2050 3092 2096 3153 c
2131 3049 2395 3118 παρόντος
2424 3036 2665 3116 κανόνος,
2695 3053 2781 3106 καὶ
2819 3058 3041 3122 κρατεῖν
3065 3056 3412 3121 ἐδικαίωσαν,
3447 3061 3566 3114 ἀντὶ
3595 3062 3692 3115 τοῦ

2129 3139 2353 3194 δίκαιον
2370 3142 2594 3213 ἔκριναν
2621 3146 2714 3196 καὶ
2744 3147 3039 3217 ἡγήσαντο.

2130 3231 2353 3287 ΑΡΙΣΤ.
2389 3236 2454 3287 οι
2480 3232 2597 3287 τῶν
2624 3235 2807 3303 ἁγίων
2832 3239 3111 3307 Πατέρων
3136 3241 3404 3312 ἑκάστης
3424 3247 3694 3301 συνόδου

2560 3329 2811 3395 κανόνες
2837 3333 3261 3398 κρατείτωσαν.

2740 3420 2976 3473 ΚΑΝΩΝ
3008 3421 3083 3477 B'.

2131 3532 2206 3584 El
2232 3550 2319 3597 τις
2336 3533 2666 3601 ἐπίσκοπος
2698 3538 2793 3590 ἐπὶ
2821 3540 3085 3607 χρήμασι
3124 3547 3493 3612 χειροτονίαν
3522 3546 3689 3612 ποιή-

2199 3640 2392 3690 σαιτο,
2433 3628 2529 3680 καὶ
2568 3630 2655 3695 εἰς
2688 3630 2912 3697 πρᾶσιν
2940 3639 3257 3704 καταγάγοι
3289 3638 3401 3705 τὴν
3424 3640 3688 3705 dalata?-

2199 3719 2395 3789 χάριν,
2422 3721 2519 3776 καὶ
2556 3733 2966 3791 χειροτονήσοι
3010 3729 3107 3782 ἐπὶ
3153 3731 3411 3800 χρήμασι
3444 3734 3689 3787 ἐπίσκο-

2202 3825 2337 3871 πον,
2369 3811 2407 3877 ἣ
2431 3815 2904 3880 χωρεπίσκοπον,
2929 3816 2965 3883 ἣ
2989 3821 3412 3886 πρεσϐύτερον,
3438 3820 3474 3887 ἢ
3497 3821 3696 3875 διὰκω

2201 3917 2313 3953 νον
2336 3944 2351 3966 ,
2388 3903 2426 3971 ἢ
2465 3902 2672 3971 ἔτερόν
2703 3922 2837 3958 τινα
2865 3907 2985 3959 τῶν
3004 3909 3072 3959 ἐν
3104 3909 3307 3974 κλήρῳ
3342 3914 3697 3980 κατηριθμη-

2204 3993 2421 4060 μένων,
2448 3996 2490 4063 ἢ
2540 3996 2935 4062 προϐώὶλοιτο
2966 3997 3064 4051 ἐπὶ
3117 4001 3423 4068 χρήμασιν
3465 4003 3697 4055 οἰκονό-

2203 4104 2343 4153 μον,
2376 4088 2413 4156 ᾖ
2443 4088 2709 4153 ἔκδικον,
2750 4091 2788 4158 ἢ
2829 4093 3273 4159 παραμονάριον
3306 4095 3438 4164 (88),
3472 4095 3515 4179 ἦ
3542 4094 3700 4161 ὅλως

1710 4190 1902 4255 Guill.
1935 4194 2247 4278 Beveregii
2280 4218 2467 4269 notae.

544 4289 655 4357 (88)
706 4291 785 4345 ’Ἠ
811 4291 1280 4359 παραμονάριον.
1317 4290 1442 4344 "me
1481 4307 1580 4343 uox
1622 4308 1744 4344 raro
1774 4294 2033 4349 occurrit.

474 4362 641 4415 Vetus
657 4360 1080 4434 _in_terpres_l_ioc
1108 4363 1230 4434 loco
1257 4361 1440 4423 vertit,
1461 4361 1789 4434 _Ostiarium.
1832 4364 2031 4434 Diony-

477 4434 589 4484 sius
657 4430 895 4494 Exiguus
951 4431 1396 4492 Mansionarinm,
1454 4430 1793 4486 Justinianus
1852 4430 2031 4487 autem

480 4501 898 4554 Paramonarios
940 4504 1084 4554 inter
1112 4514 1289 4553 rerum
1337 4500 1831 4554 ecclesiasticarum
1867 4504 2035 4555 admi-

481 4571 805 4625 nistratores
838 4579 1107 4633 recenset,
1128 4569 1335 4634 dicens,
1364 4568 1469 4622 Deo
1500 4570 1752 4623 amabiles
1786 4572 2031 4639 episcOpi,

480 4640 752 4707 siquidem
781 4639 987 4708 aliquos
1022 4640 1213 4692 diserte
1242 4640 1317 4703 hi,
1356 4640 1445 4706 qui
1476 4639 1794 4704 defecerunt,
1825 4658 2031 4706 pra’po-

482 4710 681 4764 suerint
710 4711 858 4763 rebus
884 4709 1065 4777 (veluti
1107 4710 1458 4774 xenodochos,
1486 4710 1908 4779 ptorhotrophos,
1938 4726 2033 4765 aut

484 4795 812 4838 nosocomos.
845 4790 937 4833 aut
974 4780 1444 4847 orphanotrophos,
1478 4790 1569 4832 aut
1596 4790 2033 4847 'gerontocomos,

484 4852 903 4920 paramonarios,
923 4858 1015 4903 aut
1036 4866 1350 4913 ceconomos,
1376 4859 1465 4902 aut
1480 4849 1781 4920 simpliciter
1797 4853 2036 4916 dicendo,

486 4919 690 4984 piarum
727 4922 992 4973 actionum
1031 4919 1504 4989 administratores)
1541 4921 1898 4988 illos‘quidem
1924 4938 2041 4989 per-

488 4991 697 5042 mittant
734 4990 921 5043 habere
971 4991 1500 5043 administrationem.
1536 4990 1571 5044 l.
1607 5006 1749 5050 XLVI.
1783 5002 1923 5049 sec'.
1982 4991 2037 5046 5.

487 5076 539 5115 c-
584 5059 950 5130 De_episcopis
971 5068 1024 5115 et
1059 5061 1291 5114 clericis.
1328 5060 1407 5113 Ad
1437 5076 1596 5129 quem
1631 5062 1803 5114 locqu
1843 5058 2044 5130 Diony-

489 5131 605 5201 sius
651 5128 1010 5184 Gothofredus
1074 5130 1366 5192 observat,
1422 5130 1864 5201 παραμοναρίοδς
1925 5128 2043 5185 esse

495 5199 721 5259 villicos,
762 5202 883 5257 sive
928 5212 1144 5255 actores
1193 5199 1619 5270 possessionum,
1645 5199 1918 5253 ex'eorum
1951 5216 2043 5270 ge-

496 5283 626 5323 nere
651 5270 737 5325 ani
776 5285 863 5323 res
907 5271 1309 5337 ecclesiasticas
1344 5271 1746 5332 administrant,
1798 5273 2047 5337 quamvis

495 5339 628 5393 alias
670 5339 721 5392 hi
768 5341 1051 5395 videantur
1111 5341 1391 5409 appellari,
1424 5341 1744 5400 .satellites.
1801 5342 2047 5401 assecke,

499 5409 804 5479 Iniccellat‘ii
840 5427 854 5464 :
886 5420 967 5465 est
996 5412 1136 5462 enim
1171 5410 1369 5465 Niceten
1403 5410 1717 5479 παραμονὴ,
1753 5411 2050 5477 πελεκυφό-

500 5496 589 5547 ρος
637 5478 930 5549 βάρὸαρος.
988 5481 1209 5534 Villicus
1259 5488 1437 5532 autem
1490 5478 1619 5531 'olim
1673 5480 1784 5547 agri
1838 5480 2049 5533 colendi

499 5564 663 5603 causa
716 5552 1045 5604 constitutus
1080 5560 1185 5611 est,
1247 5558 1404 5617 atque
1463 5549 1763 5617 appellatus
1816 5565 1843 5602 a
1904 5550 2049 5613 villa,

498 5622 640 5684 quod
669 5617 738 5672 ab
790 5635 853 5673 eo
880 5620 934 5672 in
988 5634 1107 5673 eam
1153 5619 1525 5671 convehantur
1576 5618 1801 5679 fructus,
1829 5628 1882 5673 et
1931 5634 2055 5673 eve-

504 5688 702 5741 haulnr
736 5704 855 5741 eum
888 5700 1120 5742 veneunt
1151 5706 1166 5740 :
1199 5701 1255 5740 ut
1306 5696 1533 5742 testatur
1572 5686 1747 5741 Varro
1778 5690 1845 5740 de
1875 5705 1933 5740 re
1963 5705 2046 5740 ru-

504 5757 644 5809 stica
672 5758 708 5810 l.
738 5775 775 5821 I,
818 5773 860 5809 e.
899 5760 953 5811 ‘2.
1000 5758 1236 5811 Isidorus
1264 5767 1442 5811 autem
1494 5759 1593 5821 ait,
1626 5758 1790 5826 quod,
1830 5756 2055 5811 Villit'tts

506 5828 715 5896 prOprie
772 5826 906 5882 tilla:
937 5828 1259 5898 gubernator
1296 5837 1395 5893 est,
1427 5828 1562 5882 unde
1598 5839 1643 5882 et
1678 5846 1709 5881 τι
1751 5828 1874 5882 villa
1912 5829 2046 5882 uilli-

2139 4320 2231 4359 cus
2265 4324 2447 4363 nomen
2475 4311 2695 4372 accepit.
2732 4309 3002 4363 Interdum
3033 4322 3206 4363 autem
3233 4311 3436 4363 villicus
3472 4327 3574 4363 non
3599 4328 3698 4376 gu.

2142 4376 2494 4449 bernationem
2547 4381 2722 4443 villte,
2782 4382 2871 4432 sed
2924 4381 3367 4449 dispensationem
3442 4384 3702 4435 universa:

2066 4473 2111 4527 υ
2139 4445 2347 4513 domus,
2407 4448 2581 4502 Tullio
2609 4451 2909 4527 interprete,
2947 4445 3247 4527 signiﬁcat;
3307 4452 3444 4527 quod
3471 4461 3544 4502 est
3577 4454 3702 4503 uni-

2136 4531 2402 4587 uersorum
2478 4521 2860 4587 possessionum
2922 4531 2971 4574 et
3034 4521 3278 4574 villarum
3342 4520 3701 4585 dispensator.

2140 4585 2332 4641 Isidori
2375 4585 2606 4655 Ely-mal.
2638 4589 2673 4642 Ι.
2709 4605 2782 4644 Ix.
2817 4605 2868 4644 c.
2897 4590 2947 4643 4.
3003 4589 3068 4644 Et
3112 4592 3211 4644 hoc
3258 4590 3475 4658 quidem
3533 4605 3701 4645 sensu

2134 4673 2235 4710 vox
2294 4659 2579 4726 οἰκονόμος
2632 4658 2762 4712 an.
2813 4675 2925 4722 xvi,
2992 4662 3039 4713 l.
3096 4676 3122 4711 a
3182 4662 3345 4712 veteri
3401 4658 3700 4715 Bibliorutu

2136 4727 2431 4795 interprete
2464 4743 2567 4780 non
2602 4728 2780 4793 inepte
2818 4731 3059 4783 redditur
3097 4728 3345 4792 Villicns,
3378 4730 3465 4782 ulti
3497 4745 3524 4781 a
3564 4732 3703 4799 Syro

2138 4799 2366 4851 vertitur
2407 4799 2656 4867 magister
2691 4801 2898 4860 domus,
2953 4801 3018 4852 ab
3046 4803 3222 4852 Arabe
3275 4800 3701 4866 administrator,

2137 4877 2470 4938 procurator.
2509 4868 2573 4921 Et
2605 4870 2683 4922 sic
2708 4871 2921 4937 quidem
2943 4871 3344 4939 παραμονάριοι
3373 4870 3473 4922 hoc
3500 4870 3550 4922 in
3578 4871 3700 4924 loco

2141 4938 2449 5000 huiusmodi
2518 4940 2686 4993 fuisse
2741 4940 2906 4993 villici
2969 4938 3248 5003 vide-utar,
3296 4941 3384 5007 qni
3441 4940 3698 4995 nimirum

2143 5008 2516 5077 possessiones
2541 5018 2595 5062 et
2627 5011 2903 5074 pecunias,
2938 5011 3209 5078 praecipue
3237 5010 3299 5062 ad
3346 5012 3694 5075 monasteria.

2147 5079 2314 5148 μονὰς
2341 5078 2508 5148 dicta,
2536 5079 2869 5145 pertinentes
2894 5081 3367 5141 administrarunt,
3397 5090 3451 5129 et
3481 5081 3695 5146 dispen-

2146 5146 2359 5203 Sartiiit.
2417 5146 2522 5202 Sed
2558 5149 2845 5219 Dionysius
2876 5150 3109 5219 Exiguus
3142 5149 3230 5203 hic
3280 5149 3696 5219 mansionarium

2147 5218 2333 5279 vertit,
2364 5227 2421 5270 ut
2455 5229 2578 5271 ante
2617 5218 2776 5273 etiam
2813 5218 3153 5273 observatum
3186 5228 3290 5271 est.
3334 5218 3484 5283 Quod
3521 5229 3698 5271 tamen

2149 5303 2253 5358 non
2299 5287 2698 5358 intelligendum
2732 5298 2814 5342 est
2847 5295 2911 5343 de
2951 5290 3199 5341 versione
3231 5291 3365 5358 ejus,
3400 5289 3450 5339 in
3508 5287 3702 5340 Biblio-

2151 5357 2305 5409 theca
2352 5356 2497 5412 .luris
2525 5356 2785 5413 Canonici
2817 5359 3038 5421 veteris,
3068 5373 3133 5411 ex
3166 5374 3267 5411 ms.
3321 5357 3698 5423 Christ0phori

2150 5425 2363 5497 .liustelli
2397 5428 2562 5490 edita,
2589 5429 2783 5497 quippe
2816 5430 2864 5481 in
2893 5444 2995 5495 qua
3029 5427 3171 5482 nulla
3219 5427 3411 5481 Latina
3452 5443 3549 5478 vox
3579 5427 3702 5480 loco

2148 5496 2351 5569 Gra'cze
2373 5496 2808 5569 arapapovdptov
2851 5499 3133 5569 occurrit:
3178 5500 3269 5551 sed
3299 5499 3363 5551 de
3394 5498 3515 5549 aliis
3546 5498 3700 5569 istius

2154 5567 2414 5621 versionis
2443 5567 2767 5621 editionib'ns
2792 5567 2845 5621 in
2884 5570 3047 5622 tomis
3078 5568 3441 5621 Coneiliornm
3484 5575 3537 5619 et
3571 5568 3699 5621 alibi

2157 5638 2450 5703 impressis,
2486 5639 2575 5691 ubi
2601 5637 3008 5708 παραμονάριον
3047 5638 3462 5708 mansionariunt
3501 5639 3700 5704 vertit;

2160 5708 2424 5783 quomodo
2448 5709 2637 5783 setiam
2685 5705 2767 5759 ἰιι
2796 5705 3087 5783 -non_n_u|lis
3133 5708 3340 5783 lsidori_
3384 5705 3700 5783 Mercatoris
3736 5772 3747 5783 κ

2161 5773 2437 5833 codicibus
2482 5777 2762 5831 redditur:
2795 5778 2846 5830 in
2880 5777 2999 5831 aliis
3028 5781 3138 5846 ipsa
3170 5793 3269 5831 vox
3303 5778 3486 5831 Gi'teca
3525 5773 3698 5828 Para-

2163 5850 2423 5927 monarius
2474 5852 2747 5904 retinetur.
2777 5847 3163 5904 Mansionarius
3194 5857 3369 5904 autem
3429 5862 3568 5903 unus
3593 5846 3694 5903 luit
