4078 6392
490 322 593 385 33ἶ

1748 314 2029 378 ΤΗΕΟΙ).
2070 315 2163 374 BA
2174 313 2477 374 LSAMON

3633 309 3737 370 388

491 435 570 489 me
598 446 764 503 quem
792 430 953 501 igitur
975 443 1039 484 ex
1070 428 1158 482 his
1181 429 1432 483 omnibus
1478 428 1728 484 mercede
1750 428 2067 498 interposita

2180 440 2259 495 ριν
2282 425 2378 477 τοῦ
2404 424 2565 492 ἁγίου
2600 422 2945 493 Πνεύματος,
2969 423 3069 493 τὴν
3100 420 3369 492 ἀτίμητον
3412 419 3612 491 δηλαδὴ
3642 416 3751 492 τὴν

489 528 668 584 creari
697 525 879 586 liceat.
910 523 1013 575 hoc
1056 534 1263 575 canone
1313 521 1692 587 constitutum,
1723 522 1924 591 quique
1953 535 2061 575 non

488 620 734 675 venalem
790 614 1024 683 Spiritus
1076 614 1252 667 sancti
1314 606 1569 681 gratiam,
1630 612 2060 668 inaestimabilem

490 710 761 770 Videlicet,
793 704 1089 759 venditioni
1119 720 1222 759 non
1269 704 1563 773 subjectam
1589 704 1660 758 ob
1710 702 2065 786 superexcel-

491 804 688 857 lentetn
736 808 791 853 et
853 796 1331 866 incomparabilem
1384 797 1501 867 ejus
1533 806 1783 850 naturam
1820 797 2057 851 vendere

491 895 618 959 (hoc
648 892 791 945 enim
846 900 931 942 est
989 888 1040 940 in
1098 887 1461 941 venditionem
1533 886 1824 947 deducere)
1875 888 2065 956 depre-

498 983 650 1037 hensi
682 981 904 1044 fuerim,
940 979 991 1031 in
1027 977 1333 1044 periculum
1384 975 1453 1031 de
1482 990 1581 1031 suo
1631 981 1800 1047 gradu
1853 980 2060 1043 venire,

491 1078 591 1128 hoc
639 1085 743 1138 est,
771 1089 837 1127 eo
866 1069 1071 1125 moveri
1117 1084 1181 1124 ac
1206 1070 1399 1137 deponi
1432 1069 1717 1137 iubentur.
1745 1072 1921 1137 Atque
1950 1070 2064 1124 haec

488 1167 705 1238 quidem
761 1166 815 1221 in
844 1180 957 1229 eos,
985 1165 1102 1233 qui,
1148 1164 1228 1217 vel
1259 1163 1543 1219 ordinibus
1586 1163 1949 1229 conferendis,
1980 1163 2060 1217 vel

491 1263 650 1316 alicui
688 1261 753 1314 ad
782 1274 845 1313 ea
896 1273 1142 1321 munera,
1190 1273 1309 1325 qua:
1349 1257 1402 1311 in
1429 1271 1640 1312 canone
1684 1269 2061 1322 recensentur,

487 1356 757 1423 eligendo,
811 1370 873 1407 ac
934 1355 1155 1407 omnino
1208 1352 1597 1407 ecclesiasticae
1642 1354 1850 1408 militia:
1883 1356 2061 1408 ascri-

492 1447 690 1512 bendo,
724 1444 1113 1497 mercenariam
1163 1457 1382 1510 operam
1419 1441 1684 1506 locavere,
1730 1453 2060 1498 statuuntur.

490 1540 593 1605 Qui
622 1552 749 1591 vero
780 1539 995 1591 eosdem
1022 1535 1242 1589 ordines
1266 1536 1703 1604 promotionesve
1731 1546 1858 1589 sunt
1886 1552 2065 1591 emer-

490 1632 618 1695 cati,
675 1629 806 1682 nihil
865 1644 959 1683 eos
1023 1643 1087 1681 ex
1126 1625 1230 1681 hac
1286 1642 1567 1681 sacrorum
1626 1628 2062 1694 nundinatione,

489 1720 817 1787 sordidaque
867 1716 1237 1788 negotiatione
1288 1715 1465 1785 juvari
1516 1718 1808 1791 decretum.
1850 1727 1954 1772 est.
2005 1717 2061 1772 Si

2174 517 2376 589 πράσει
2414 516 2489 587 μὴ
2517 516 2953 578 ὑποπίπτουσαν,
3002 515 3091 567 διὰ
3131 514 3193 567 τὸ
3236 513 3518 583 ὑπερφυὲς
3567 511 3739 581 αὐτῆς

2173 610 2267 663 καὶ
2292 609 2600 680 ὑπέρτιμον
2631 607 2943 671 πωλοῦντας
2979 605 3158 676 (τοῦτο
3181 605 3289 676 γὰρ
3318 604 3380 658 τὸ
3419 607 3497 667 είς
3531 604 3738 674 πρᾶσιν

2173 704 2455 772 κατάγειν)
2496 702 2883 770 ἐλεγχομένους
2934 698 3265 752 κινδυνεύειν
3321 697 3567 760 θεσπίζει
3616 696 3746 763 περὶ

2177 798 2270 850 τὸν
2304 797 2505 849 οἰκεῖον
2537 795 2768 864 βαθμὸν,
2797 792 2918 847 ἀντὶ
2960 790 3052 843 τοῦ
3083 790 3370 842 ἐκπίπτειν
3396 786 3746 840 τούτουκαθ-

2173 888 2554 960 αιρουμένους.
2597 885 2783 939 Ταῦτα
2817 884 2917 954 μὲν
2986 882 3082 937 οὖν
3120 880 3378 949 περὶτῶν
3409 879 3469 931 ὲν
3496 880 3747 949 χρήμασι

2173 981 2651 1055 χειροτονούντων,
2711 978 2873 1049 ἥκαὶ
2917 974 3380 1045 προϐαλλομένων
3430 971 3567 1034 ὅλως
3620 969 3745 1022 τινὰ

2172 1076 2280 1133 τῶν
2310 1074 2404 1126 τοῦ
2434 1071 2661 1135 κανόνος
2680 1071 2803 1140 ἦτοι
2834 1068 2928 1121 τοῦ
2957 1063 3415 1135 ἐκκλησιαστικοῦ
3443 1065 3745 1131 τάγματος.

2175 1168 2315 1230 Τοὺς
2340 1167 2399 1220 δὲ
2437 1162 2953 1237 χειροτονουμένους
3008 1161 3104 1213 ἐπὶ
3155 1159 3301 1212 δόσει
3356 1157 3657 1227 χρημάτων
3710 1155 3747 1224 ἢ

2175 1258 2649 1328 προϐαλλομένους
2686 1258 2758 1325 μὴ
2791 1253 3124 1323 ὡφελεῖσθαι
3179 1252 3243 1304 ὲκ
3272 1250 3376 1320 τῆς
3406 1249 3527 1313 κατ’
3576 1250 3751 1317 tum-

2175 1350 2296 1421 ρίαν
2351 1348 2713 1420 χειροτονίας,
2752 1348 2918 1416 ἦγουν
2948 1345 3087 1398 κατὰ
3123 1342 3510 1413 πραγματείαν
3533 1344 3753 1412 αἰσχρο-

2175 1441 2427 1512 κερδείας
2475 1441 2840 1495 διατάττεται.
2878 1439 2941 1493 Ei
3003 1437 3111 1507 γάρ
3142 1437 3267 1498 τοὺς
3321 1439 3380 1486 ὲν
3427 1434 3507 1505 τῷ
3558 1433 3752 1504 κλήρῳ

2176 1530 2634 1602 κατειλεγμένους
2665 1533 2715 1585 οἱ
2752 1532 2886 1602 ἱεροὶ
2941 1531 3167 1593 κανόνες
3220 1528 3529 1582 κωλύουσιν
3583 1524 3752 1580 ἀλλο·

2174 1626 2340 1696 τρίων
2373 1626 2671 1695 κτημάτων
2726 1622 2976 1691 γίνεσθαι
3032 1623 3330 1693 μισθωτάς,
3364 1624 3459 1674 καὶ
3503 1619 3755 1689 κοσμικὰ

2176 1721 2479 1792 πράγματα
2508 1718 2843 1788 ἐργολαϐεῖν
2897 1717 2962 1770 δι’
2987 1715 3435 1786 αἰσχροκέρδειαν
3473 1713 3615 1765 κατὰ
3654 1711 3755 1765 τὸν

491 1825 725 1875 namque
752 1809 1103 1863 ecclesiastici
1158 1809 1368 1863 ordinis
1394 1809 1641 1863 homines
1668 1810 2063 1864 mercenariam

2180 1812 2378 1882 ἑφεξῆς
2436 1812 2643 1866 κανόνα
2676 1812 2773 1864 καὶ
2822 1810 2964 1864 κατὰ
2996 1810 3088 1862 τὸν
3135 1805 3239 1873 ις’.
3293 1808 3495 1860 κανόνα
3543 1805 3643 1873 τῆς
3689 1808 3754 1857 ἐν

497 1920 718 1972 operam
770 1903 1266 1975 quomodocnnque
1319 1902 1474 1956 alteri
1521 1901 1720 1967 locare,
1775 1902 2069 1971 profanave

493 1997 707 2067 negotia
738 1995 876 2064 turpi
914 1995 1064 2049 lucro
1116 1994 1388 2049 inhiantes
1427 2005 1664 2049 tractare
1712 1996 1887 2049 sacris
1930 2009 2069 2049 con-

492 2088 870 2143 stitutionibus
892 2088 1113 2142 vetitmn
1143 2097 1248 2154 est,
1290 2088 1449 2160 113
1475 2098 1531 2142 ut
1558 2105 1621 2143 ex
1653 2090 2068 2158 proximo,etex

492 2180 939 2250 Carthaginiensis
978 2180 1173 2250 synodi
1224 2182 1431 2235 decimo
1469 2190 1624 2236 sexto
1663 2196 1870 2235 canone
1913 2180 2070 2237 facile

494 2283 742 2342 apparet,
775 2286 883 2341 quo
939 2282 1285 2343 sosceptores
1310 2286 1452 2336 esse,
1506 2281 1600 2325 aut
1654 2284 2066 2342 procuratores,

493 2366 580 2419 vel
607 2381 668 2419 ex
704 2364 841 2433 turpi
898 2365 1097 2434 aliqua,
1155 2375 1248 2418 aut
1304 2364 1520 2434 indigna
1569 2365 1933 2434 negotiatione
1967 2364 2068 2419 sibi

493 2458 694 2512 victum
739 2472 987 2527 quaerere
1042 2459 1302 2527 episc0pi,
1368 2458 1668 2528 presbyteri
1711 2467 1803 2511 ant
1855 2457 2070 2510 diaconi

496 2550 870 2620 prohibentur,
894 2557 948 2604 et
970 2564 1032 2604 ex
1069 2552 1245 2619 magni
1278 2550 1516 2618 Apostoli
1552 2560 1808 2620 praeterea
1840 2548 2018 2604 verbis
2053 2565 2068 2602 :

495 2641 679 2702 Nemo,
711 2641 904 2707 inquit,
936 2641 1172 2694 militum
1208 2642 1443 2706 implicat
1478 2657 1531 2694 se
1582 2641 1800 2710 negotiis
1838 2641 2072 2694 saecula-

504 2736 668 2800 ribus,
705 2745 761 2788 ut
823 2734 871 2788 ei
904 2735 1132 2804 "placeat
1179 2734 1220 2767 ’·⁸
1268 2734 1357 2804 qni
1414 2733 1615 2788 milites
1654 2731 1869 2801 delegit,
1902 2746 1963 2785 ac
2004 2748 2071 2787 ex

506 2826 638 2896 ipsis
695 2843 910 2898 quoque
967 2828 1143 2895 legum
1198 2818 1434 2881 civilium
1490 2826 1861 2882 sanctionibus
1892 2838 2074 2895 aperte

503 2917 819 2988 colligitur;
895 2918 1064 2973 multo
1132 2918 1309 2973 minus
1378 2932 1555 2972 rerum
1618 2918 1806 2973 talium
1866 2934 2073 2973 merca-

436 3036 439 3043 ι
505 3020 682 3063 turam
730 3023 1005 3074 exercere,
1062 3018 1404 3077 emptamque
1455 3010 1625 3063 sancti
1679 3009 1912 3078 Spiritus
1945 3024 2070 3078 gra-

503 3105 630 3155 tiam
685 3101 981 3169 possidere,
1055 3115 1150 3168 per
1204 3099 1423 3153 easdem
1478 3100 1892 3155 constitutiones
1955 3094 2072 3155 ctii-

501 3206 663 3262 quam
695 3190 856 3244 licere
889 3191 1305 3244 existimandum
1335 3198 1438 3243 est.
1473 3190 1835 3256 Quamobrem
1860 3202 1913 3245 et
1941 3191 2072 3247 istos

505 3283 795 3335 movendos
853 3295 972 3335 esse
1023 3282 1305 3350 dignitate,
1333 3281 1416 3335 vel
1471 3272 1671 3350 gradu.
1732 3282 1877 3337 Idem
1916 3294 1970 3337 et
2006 3286 2072 3339 de

504 3374 771 3441 promotis
800 3372 1041 3427 decernit
1072 3373 1159 3427 hic
1210 3387 1450 3441 praesens
1476 3389 1649 3428 canon
1685 3391 1699 3428 :
1754 3385 1809 3431 et
1834 3391 1949 3441 eos,
1978 3377 2071 3448 qui

503 3466 906 3518 intercessores
936 3475 1061 3518 sunt
1092 3465 1146 3518 in
1177 3465 1482 3520 istiusmodi
1520 3467 1753 3537 negotiis
1783 3483 2075 3538 operatnve

506 3569 663 3608 suam
694 3556 747 3608 in
781 3554 866 3609 his
895 3555 1146 3608 ordinum
1200 3556 1671 3625 promotionumve
1724 3557 2075 3613 nundinatio-

506 3646 666 3700 nibus
699 3648 1117 3711 commodarint,
1152 3648 1197 3701 si
1233 3647 1415 3703 clerici
1459 3650 1590 3715 sint,
1622 3644 1837 3720 deponi,
1861 3652 1903 3706 si
1926 3650 2073 3718 laici,

501 3749 599 3793 aut
633 3739 905 3801 monachi,
932 3742 1279 3794 anathemate
1311 3740 1469 3808 plecti
1494 3741 1668 3809 jubet.
1717 3743 1787 3796 At
1816 3743 2075 3799 vicesimo

502 3846 651 3884 nono
710 3830 1074 3898 apostolorum
1125 3846 1355 3897 canone,
1409 3833 1501 3902 qui
1560 3833 1781 3889 ordines
1816 3836 2072 3890 emercati

502 3923 731 3987 inierint,
754 3933 807 3977 et
859 3924 1197 3992 depositione
1233 3925 1473 3989 muneri,
1506 3933 1585 3989 et,
1619 3926 2075 3995 quemadmodum

507 4012 714 4068 Simoni
741 4013 813 4067 illi
857 4013 1013 4084 Mago
1057 4014 1259 4068 factum
1294 4024 1401 4083 est,
1442 4020 1819 4072 communione
1848 4019 2075 4085 _tnoveri

516 4104 925 4173 praecipiuntur.
960 4105 1088 4171 Qua:
1109 4107 1328 4176 quidem
1379 4108 1688 4162 communio
1728 4123 1836 4163 non
1866 4109 1934 4164 de
1965 4110 2076 4163 sola

499 4211 788 4250 sacrorum
818 4197 1196 4267 mysteriorum
1228 4200 1593 4268 perceptione,
1631 4202 1727 4255 sed
1768 4202 1835 4254 de
1868 4201 2077 4255 illorum

497 4296 723 4359 quoque
753 4292 1144 4344 consdetndine
1194 4302 1247 4345 et
1304 4306 1598 4361 congressu
1655 4309 1777 4347 cum
1833 4294 2079 4351 fidelibus

510 4382 907 4451 accipi~debet.
959 4383 1148 4437 Simon
1174 4385 1318 4437 enim
1342 4400 1464 4437 cum
1509 4385 1690 4440 oblata
1733 4389 1958 4456 pecunia
1985 4405 2080 4457 pro

504 4488 575 4525 ea
638 4473 740 4526 sibi
782 4474 1021 4527 vicissim
1071 4474 1241 4527 sancti
1299 4473 1536 4542 Spiritus
1577 4478 1806 4544 gratiam
1854 4479 2080 4548 rependi

2099 3173 2143 3228 C

2177 1904 2513 1975 Καρθαγὲνῃ
2543 1904 2785 1968 συνόδου,
2820 1903 3074 1971 λέγοντος
3107 1901 3184 1971 μὴ
3209 1902 3318 1954 δεῖν
3349 1899 3676 1963 ἐπίσκοπον,
3712 1897 3752 1967 ἢ

2177 1998 2574 2069 πρεσϐύτερον,
2625 1997 2660 2068 ἦ
2714 1996 2961 2050 διάκονον
3009 1995 3351 2065 ἑκλὴπτορας
3405 1990 3653 2060 γίνεσθαι
3709 1990 3750 2057 ἦ

2177 2091 2664 2162 προκουράτωρας,
2728 2089 2864 2161 μηδὲ
2916 2088 2979 2142 ἐκ
3008 2104 3152 2150 τινος
3186 2084 3414 2157 αἰσχροῦ
3477 2084 3510 2153 ἢ
3546 2083 3752 2153 ἀτίμου

2177 2187 2506 2256 πράγματος
2528 2184 2737 2254 τροφὴν
2773 2181 3116 2253 πορίζεσθαι,
3151 2181 3248 2233 καὶ
3278 2179 3419 2233 κατὰ
3448 2177 3537 2230 τὸν
3572 2176 3751 2246 μέγαν

2177 2275 2510 2330 Ἀπόστολον
2538 2276 2853 2345 φάσκοντα·
2901 2273 3104 2339 Οὐδείς
3142 2270 3615 2340 στρατευόμενος
3641 2268 3749 2335 ἑμ-

2177 2368 2459 2423 πλέκεται
2504 2367 2637 2432 ταῖς
2684 2365 2791 2421 τοῦ
2837 2367 2983 2431 ,Βίου
3031 2368 3476 2435 πραγματείαις,
3514 2361 3615 2413 ἶνα
3662 2358 3752 2423 τῷ

2177 2459 2731 2530 στρατολογήσαντι
2754 2461 2969 2529 ἀρέσῃ,
2994 2459 3090 2512 καὶ
3122 2458 3263 2512 κατὰ
3280 2456 3403 2519 τοὺς
3436 2454 3755 2515 πολιτικοὺς

2180 2556 2414 2626 νόμους’
2448 2555 2633 2625 πολλῷ
2660 2554 2860 2625 μᾶλλον
2889 2553 2964 2625 μὴ
2994 2554 3063 2607 τὰ
3092 2551 3313 2606 τοιαῦτα
3355 2549 3751 2620 .,·.πορεύεσθαι

2180 2647 2593 2718 ἀπαγορεύουσι
2624 2663 2802 2708 τινας.
2838 2647 2933 2699 καὶ
2981 2644 3139 2698 ὢνιον
3169 2643 3399 2698 κτάσθαι
3440 2640 3538 2710 τὴν
3581 2638 3755 2710 χάριν

2177 2737 2274 2792 τοῦ
2304 2740 2460 2808 ἁγίου
2489 2739 2827 2809 Πνεύματος.
2858 2739 2949 2790 Διὺ
2991 2736 3277 2799 κάκείνους
3326 2718 3615 2789 ἐκπίπτειν
3641 2732 3749 2801 τῆς

2179 2830 2338 2897 ἀξίας
2369 2816 2487 2900 ἦτοι
2536 2830 2631 2883 τοῦ
2687 2829 2920 2899 βαθμοῦ.
2949 2827 3121 2881 Τοῦτο
3158 2830 3251 2879 ἐπὶ
3288 2825 3397 2878 τῶν
3439 2822 3749 2893 προϐαλλο-

2182 2924 2360 2993 μένων
2389 2923 2417 2974 ὀ
2448 2920 2639 2993 παρὼν
2664 2922 2845 2976 κανὼν
2873 2921 3237 2993 διατάττεται,
3266 2919 3361 2973 καὶ
3394 2919 3519 2979 τοὺς
3549 2917 3748 2987 μέσους

2178 3014 2233 3067 δὲ
2252 3011 2571 3082 γινομένους
2592 3012 2650 3064 ὲν
2670 3014 2780 3074 τοῖς
2804 3010 3088 3072 τοιούτοις,
3116 3010 3206 3061 καὶ
3235 3005 3470 3075 σπουδὴν
3494 3002 3744 3070 εἰσάγον-

2179 3121 2278 3168 τας
2351 3104 2492 3158 ὥστε
2556 3107 2709 3166 τινὰς
2738 3104 2831 3155 ἐπὶ
2880 3104 3129 3175 χρήμασι
3186 3093 3743 3171 χειροτονηθῆναι,ηῆ

2177 3198 2549 3269 προῦληθῆναι
2575 3213 2590 3227 ο
2637 3196 2925 3259 κάκείνους
2955 3195 3251 3266 κληρικοῦς
3288 3192 3388 3261 μὲν
3418 3186 3577 3253 ὄντας
3611 3188 3745 3242 καθα

2176 3291 2452 3360 αιρεῖσθαι
2521 3289 2757 3352 κελεύει,
2794 3287 3016 3351 λαῖκοὺς
3051 3288 3107 3340 δὲ
3140 3287 3171 3355 ἢ
3218 3283 3572 3355 μονάζοντας,
3615 3283 3746 3334 ἀνα-

2179 3380 2594 3451 θεματίζεσθαι.
2636 3380 2693 3433 '0
2734 3380 2790 3434 δὲ
2825 3379 2933 3433 τῶν
2967 3379 3137 3447 ἁγίων
3192 3375 3508 3430 ἀποστόλων
3559 3370 3742 3427 κανὼν

2178 3474 2284 3535 κθν.
2313 3475 2409 3527 καὶ
2434 3472 2817 3543 καθαιρεῖσθαι
2840 3470 3053 3524 κελεύει
3088 3470 3214 3531 τοὺς
3243 3470 3334 3520 ἐπὶ
3359 3467 3604 3537 χρήμασι
3623 3478 3743 3532 χει-

2184 3563 2625 3635 ροτονουμένους,
2683 3561 2909 3631 καὶτῆς
2940 3558 3229 3622 κοινωνίας
3287 3556 3611 3617 ἐκπίπτειν,
3665 3550 3742 3612 ὡς

2183 3656 2368 3725 Σίμων
2415 3656 2443 3706 ὁ
2500 3654 2692 3724 μάγος.
2726 3652 3027 3705 Κοινωνίαν
3062 3651 3118 3704 δὲ
3169 3648 3384 3718 νοητέον
3417 3642 3650 3697 ἐνταῦθα
3678 3642 3739 3694 οὐ

2182 3750 2280 3819 τὴν
2312 3748 2421 3803 τῶν
2454 3747 2813 3817 ἁγιασμὰτων
2836 3743 3160 3815 μετάληψιν,
3188 3741 3322 3794 ἀλλὰ
3350 3737 3445 3791 καὶ
3474 3736 3569 3807 τὴν
3606 3733 3745 3804 μετὰ

2182 3840 2291 3893 τῶν
2324 3840 2531 3893 πιστῶν
2569 3837 2788 3903 σύναξίν
2810 3855 2869 3890 τε
2900 3836 2994 3891 καὶ
3016 3836 3297 3889 σύστασιν.
3333 3833 3391 3884 '0
3418 3827 3522 3899 γὰρ
3562 3827 3747 3895 Σίμων

2184 3933 2289 3985 ὑπὸ
2315 3933 2409 3984 τοῦ
2444 3932 2651 4001 Πέτρου
2689 3931 2787 4001 τῆς
2816 3929 2928 3982 τῶν
2977 3924 3186 3980 πιστῶν
3232 3923 3530 3995 ὁμηγύριος
3569 3918 3753 3972 τέλεον

2187 4023 2441 4093 ἐξεκόπη,
2457 4025 2713 4093 χρήματα
2742 4020 3100 4093 προσαγαγὼν
3120 4017 3379 4085 αὐτῷκαὶ
3402 4016 3631 4084 αἰτήσας
3663 4013 3753 4066 60-

2185 4114 2346 4186 θῆναι
2368 4115 2519 4185 αὺτῷ
2535 4115 2654 4167 ἀντὶ
2683 4115 2891 4167 τούτων
2932 4117 3030 4183 τὴν
3064 4113 3225 4183 χάριν
3257 4110 3353 4163 τοῦ
3391 4108 3550 4177 ἁγίου
3577 4104 3753 4159 Πνεύ-

2188 4221 2378 4275 ματος.
2407 4206 2482 4258 Oti
2518 4206 2678 4274 μόνον
2708 4205 2765 4257 δὲ
2790 4200 2916 4267 τοὺς
2945 4203 3453 4273 χειροτονήσαντας,
3480 4198 3514 4269 ἢ
3569 4213 3757 4267 χειρο-

2184 4296 2513 4366 τονηθέντας
2544 4296 2637 4348 ἐπὶ
2663 4297 2910 4366 χρήμασι
2938 4294 3159 4358 κολάζει
3191 4297 3221 4347 ό
3252 4289 3452 4357 κανὼν,
3482 4289 3620 4342 ἀλλὰ
3661 4286 3759 4340 καὶ

2185 4392 2307 4452 τοὺς
2338 4390 2794 4460 ἐπιχειρήσαντας
2823 4386 2922 4440 κᾶν
2945 4387 3053 4457 πρὸ
3079 4385 3175 4439 τοῦ
3210 4388 3288 4449 εἰς
3310 4386 3475 4455 ἔργον
3505 4382 3563 4435 τὸ
3587 4382 3759 4441 κακὸν

2193 4482 2567 4555 ἠλέγχθησάν.

509 4567 860 4639 postulasset,
919 4583 983 4621 ex
1035 4568 1286 4627 universo
1342 4568 1579 4623 fidelium
1661 4582 1807 4625 coetu
1862 4588 1891 4626 a
1962 4573 2124 4632 Petro
2178 4579 2569 4632 exterminatus
2623 4578 2745 4633 fuit.
2803 4564 2987 4647 [Neque
3046 4587 3175 4631 vero
3232 4590 3325 4631 eos
3377 4579 3582 4626 tantum
3665 4574 3756 4637 (ιυί

510 4668 733 4728 promer
758 4659 1013 4728 pecunias
1037 4660 1354 4713 ordinarunt
1388 4668 1483 4715 aut.
1519 4662 1751 4717 ordinati
1796 4676 1945 4731 sunt,
1976 4669 2068 4721 sed
2101 4677 2155 4723 et
2183 4669 2494 4738 quicunque
2551 4670 2762 4724 facinus
2820 4671 3229 4735 attentaverint,
3276 4665 3381 4722 etsi
3454 4666 3761 4736 deprehen-

514 4752 595 4804 sis
653 4750 792 4803 haud
847 4752 1195 4819 processerit,
1258 4753 1447 4809 iisdem
1511 4755 1861 4813 nihilominus
1912 4760 2088 4829 poenis
2121 4777 2292 4817 canon
2327 4761 2591 4816 obnoxios
2624 4778 2744 4816 esse
2774 4762 3043 4817 decernit.
3488 4766 3491 4767 ⁷

512 4841 743 4896 ARIST.
772 4844 874 4907 Qui
897 4844 1043 4905 entit,
1085 4853 1131 4896 et
1165 4848 1336 4898 vendit
1388 4848 1772 4903 ordinationem
1799 4868 1961 4922 usque
2007 4854 2074 4907 ad

578 4936 1052 5001 ,prosmonarium,
1113 4937 1253 4991 circa
1307 4941 1501 5007 gradus
1545 4943 1887 5010 periclitetur.
1938 4944 2080 5010 Quin

618 5050 673 5080 ³⁸
702 5050 751 5102 JI
783 5050 924 5104 Tim.
967 5067 1024 5115 tt,
1059 5052 1092 5105 4

2182 4853 2399 4908 ΑινιΣτ.
2447 4854 2510 4907 '0
2540 4854 2951 4922 ἐξωνούμενος
2981 4854 3080 4908 καὶ
3109 4857 3142 4908 ό
3172 4857 3537 4923 πιπράσκων
3563 4872 3760 4926 χειρο-

2260 4950 2469 5001 τονίαν
2485 4945 2654 5017 μέχρι
2688 4946 2787 4999 καί
2817 4947 3265 5015 προσαοναρίου
3292 4947 3425 5019 (89),
3454 4950 3585 5015 περὶ
3616 4949 3761 5014 τοὺς

1772 5150 1958 5213 Guill.
2006 5153 2324 5230 Beveregii
2362 5162 2551 5216 nota).

597 5247 714 5329 (89).
744 5247 927 5332 Μέχρι
973 5249 1592 5332 “tremamus.-
1649 5252 1776 5332 tim
1803 5246 2072 5332 νικηθείς

2186 5260 2330 5332 rium
2362 5266 2490 5329 (non
2531 5260 2881 5327 defensorem,
2921 5270 2979 5332 ut
3010 5258 3267 5316 Justellus
3325 5263 3511 5332 vertit)
3554 5262 3661 5329 ubi,
3690 5271 3754 5315 ut

510 5319 747 5372 contionis
795 5330 1031 5385 epttonte
1091 5321 1141 5373 itt
1187 5320 1400 5375 Justelli
1436 5319 1818 5379 'Bibliotbeca—
1844 5335 1951 5379 tam
1985 5327 2086 5380 sub

518 5388 701 5443 Alexii
762 5389 994 5441 Aristeni
1027 5406 1185 5456 quam
1221 5392 1489 5457 Simeonis
1536 5390 1843 5457 logothctze-
1871 5398 2092 5450 nomine

525 5459 700 5533 edita,
727 5459 895 5510 multo
924 5458 1081 5513 aliter
1107 5460 1319 5533 legitur.
1359 5459 1470 5533 Sic,
1503 5461 1532 5533 ό
1561 5458 1951 5533 ἐξωνούμενος,
1999 5466 2097 5519 καὶ¹

530 5531 872 5603 πιπράσκων.
896 5529 1257 5603 χειροτονίαν,
1284 5531 1565 5603 περὶγτοὺς
1601 5529 1843 5603 βαθμοὺς
1874 5537 2096 5588 Δἐπικίν-

512 5595 713 5674 ιδυνοι·
762 5597 792 5647 ὁ
829 5597 886 5648 δὲ
902 5595 1129 5674 ξνόμος,
1179 5599 1283 5660 ἓως
1312 5595 1454 5674 υκαι-
1487 5595 1935 5674 παράμόναρίου.
1994 5605 2097 5670 Qui

516 5667 707 5744 seuit,
745 5675 793 5719 et
833 5670 921 5733 qui
964 5670 1150 5744 _vendit
1227 5667 1608 5744 ordinationem
1632 5667 1665 5737 ,⁷
1702 5667 1843 5727 circa
1897 5667 2093 5744 gradus

517 5736 851 5799 periclitatur
879 5753 897 5790 :
954 5738 1038 5790 lea:
1063 5747 1235 5793 autem
1273 5743 1431 5793 etiam
1474 5736 1734 5809 usquead
1767 5736 2084 5810 parainona-

2194 5331 2376 5402 videre
2401 5341 2505 5395 est,
2535 5346 2639 5402 vox
2669 5331 3075 5401 παραμονάριος
3109 5334 3394 5394 retinetur,
3429 5331 3526 5402 pro
3562 5349 3667 5399 qua
3705 5338 3759 5386 in

2193 5399 2394 5453 nostris
2417 5400 2693 5455 codicibus
2738 5399 3143 5469 προσμονάριος
3174 5399 3545 5457 substituitur.
3582 5405 3648 5456 Et
3680 5402 3764 5457 sic

2194 5470 2413 5543 quidem
2444 5471 2560 5543 ipse
2587 5470 2877 5543 Balsamon
2911 5471 2973 5543 in_
2995 5473 3267 5543 nonnullis
3299 5474 3493 5543 legisse
3526 5474 3763 5528 videtur.

2195 5538 2290 5592 ille
2318 5538 2478 5593 enim'
2514 5542 2564 5594 in
2603 5539 2879 5608 responsis
2909 5540 2976 5593 ad
3009 5540 3171 5595 Marci
3201 5538 3550 5597 Alexandrini
3587 5545 3759 5597 inter-

2197 5610 2529 5683 rogationem
2562 5610 2656 5683 ?8,
2707 5613 2851 5662 hunc
2884 5623 3146 5683 canonem
3178 5615 3392 5683 Acitans,
3440 5613 3769 5683 προσμονὰ-

2197 5694 2315 5747 ριον
2351 5679 2468 5733 loco
2491 5680 2586 5732 τοῦ
2619 5681 3033 5749 παραμοναρίου
3068 5681 3210 5749 ponit
3232 5682 3471 5739 Joannes
3492 5679 3769 5738 Meursius

2202 5764 2252 5800 tn
2286 5749 2563 5804 Glossario
2597 5754 2672 5819 (et
2698 5765 2761 5802 ex
2789 5766 2854 5804 eo
2892 5750 3317 5821 Christophorus
3349 5753 3401 5807 in
3434 5764 3768 5825 praesentem
3824 5766 3827 5769 '
