2039 3209
254 191 308 223 395

882 192 1019 222 THEOD.
1044 191 1248 222 BALSAMON

1822 193 1877 224 396

254 255 316 276 tur:
339 256 371 276 ac
384 248 476 276 tutela:
487 248 596 283 quidem
615 248 726 275 nomine
741 248 911 283 impuberum
942 256 1035 276 curam

1094 250 1112 274 at
1125 250 1173 284 τὴν
1190 249 1240 283 μὲν
1254 248 1324 283 ἥϐην
1341 248 1571 283 ὗπεραναϐάντες,
1587 249 1685 285 ἥττους
1702 250 1729 276 δὲ
1760 250 1813 276 τῶν
1829 250 1876 277 κε’

253 295 373 331 synodus
395 296 503 327 innuit,
528 294 573 330 (iis
596 288 693 329 nempe
721 299 825 321 tutores
846 295 1032 328 assignantur)

253 342 325 376 quod
339 346 429 367 autem
455 342 590 367 minorum
608 341 774 367 mentionem
796 339 903 370 fecerit,
928 346 1038 367 curato-

255 388 292 415 ris
307 387 558 414 mnnusimlicavit.
573 386 643 413 Sunt
665 394 782 421 namque
804 387 970 421 impuberes,
991 388 1037 420 qui

252 434 332 460 annis
349 433 383 459 Η
404 433 522 460 minores
535 439 599 459 sunt
613 441 620 459 :
636 433 755 459 minores
772 440 846 463 vero,
861 432 906 466 qui
924 432 1038 466 puberes

251 487 315 506 cum
331 479 399 511 sint,
414 486 515 506 annum
546 483 636 506 tamen
657 480 745 505 mtatis
768 478 804 505 ‘25
828 479 947 505 nondum
975 478 1039 504 atti-

255 531 329 560 εει-ε,
346 525 442 559 quibus
458 524 566 558 quidem
580 528 720 551 curatores
731 524 788 549 dari
802 523 900 550 solent.
915 522 968 549 Sed
983 523 1039 549 haec

256 573 327 605 ipsa,
341 569 440 604 inquit,
459 569 558 596 tutoris
572 569 741 596 curatorisve
754 570 845 594 munia
862 573 917 595 tum
931 568 1038 594 domum

257 616 385 648 subeant,
400 622 462 643 cum
481 622 513 642 ea
528 615 634 653 legibus
650 615 791 649 suscipere
818 615 973 641 necessario
991 621 1039 641 co-

256 667 369 695 guntur,
392 668 445 688 non
475 668 507 688 ea
534 662 586 689 sibi
614 661 685 688 ultro
717 661 766 694 ipsi
788 661 935 695 deposcant
960 666 1040 694 atque

257 712 395 743 appetant.
412 706 446 733 Et
463 714 524 734 cum
536 707 678 741 episcopus
694 707 779 739 urbis,
800 707 825 733 in
857 714 910 741 qua
943 714 1037 733 sacer-

261 756 338 781 dotes
358 754 383 780 in
398 753 501 780 clerum
514 753 633 787 cooptati
646 757 720 783 sunt,
737 758 764 779 et
784 752 859 785 juxta
886 760 966 786 quam
983 759 1040 779 mo-

260 800 338 826 nacbi
352 800 505 826 inhabitant
518 799 591 833 (naut
606 804 633 825 et
653 798 801 825 Itlonachos
816 799 948 833 cujusque
965 799 1039 826 urbis

258 846 391 881 episcopis
409 845 545 880 subjectos
568 852 629 872 esse
652 845 750 872 debere
774 845 895 879 proxime
915 846 1038 879 sequenti

257 899 362 918 canone
375 891 553 918 constitutum
570 884 712 924 reperias),
724 891 892 924 negotiorum
910 890 1039 916 ecclesia-

257 938 386 965 stieomm
407 937 637 971 procurationem,
666 936 863 970 pnpillorumve
881 940 929 962 aut
948 935 1042 962 vidua-

258 991 329 1015 rum,
356 983 455 1018 quibus
481 990 533 1009 non
572 982 740 1017 prOVilIellll‘,
769 988 862 1008 curam
901 989 1041 1008 commen-

251 1030 372 1058 4laverit.
409 1029 455 1056 Sic
478 1029 590 1060 etenim,
622 1029 647 1055 in
677 1028 753 1055 Actis
795 1035 903 1063 quoque
931 1033 1041 1055 sanctus

252 1076 345 1103 Lucas
380 1076 482 1102 factum
527 1075 611 1102 fuisse
646 1076 680 1101 ab
727 1074 858 1109 apostolis
899 1079 1041 1106 memorat,

250 1122 303 1155 -qui
321 1126 422 1155 septem
436 1122 565 1148 diaconos
585 1120 736 1155 elegerunt,
748 1127 782 1147 ne
796 1120 823 1146 in
840 1119 992 1146 ministerio
1003 1119 1042 1145 vi-

260 1168 358 1194 delicet
371 1167 530 1201 quotidiano
541 1166 628 1193 vidua
644 1170 837 1201 spernerentur
849 1166 885 1192 δ’.
899 1165 1041 1192 Certorunt

261 1220 367 1247 quoque
393 1212 532 1239 hominum
556 1212 745 1246 patrocinium,
773 1211 819 1245 qui
852 1218 911 1238 sese
927 1212 1044 1239 maxime

261 1257 353 1284 auxilii
363 1256 539 1284 ecclesiastici
549 1256 701 1290 indigentes
713 1256 871 1288 obtulerim,
881 1257 1044 1283 ecclesiasti-

254 1305 300 1331 cis
317 1304 392 1336 viris,
406 1304 450 1338 qui
465 1305 492 1330 ln
506 1310 538 1330 eo
558 1309 612 1330 non
627 1309 674 1337 spe
689 1302 769 1336 lucri,
782 1308 829 1329 aut
848 1303 937 1329 inanis
952 1303 1044 1338 gloria:

261 1350 420 1385 cupiditate,
441 1350 488 1376 sed
501 1348 559 1377 sola
582 1355 647 1384 erga
662 1348 745 1375 Deum
772 1349 873 1383 pietate
896 1348 1042 1380 ducantur,

255 1397 355 1423 eodem
366 1397 493 1430 episcopo
505 1394 688 1429 permittente,
707 1394 836 1429 amplecti
855 1395 944 1421 liccat.
959 1393 1042 1422 Tales

256 1445 332 1473 sunt,
343 1441 389 1473 qui
403 1439 579 1475 dynastarum
594 1434 743 1473 metufper
751 1446 821 1473 quos
831 1440 929 1474 injuste
945 1447 1046 1466 chan-

261 1496 315 1521 tur,
328 1490 362 1516 ad
382 1488 532 1515 Ecclesiam
553 1487 731 1523 confugiunt;
748 1487 840 1521 quive,
858 1487 920 1514 licet
943 1487 1044 1521 aliquid

262 1536 331 1563 torte
360 1534 534 1565 otTenderint,
558 1533 697 1568 suppetias
722 1533 774 1560 sibi
807 1533 984 1560 nihilominus
1011 1533 1045 1560 ab

263 1581 384 1609 Ecclesia
415 1580 477 1607 l'erri
498 1580 650 1614 postulant,
668 1580 749 1610 tales.
779 1584 806 1606 et
832 1581 878 1613 qui
897 1580 996 1612 injuste
1016 1579 1045 1606 in

1089 296 1231 326 ἐνιαυτῶν,
1245 292 1282 322 ὧν
1305 295 1484 330 προΐστανται
1508 296 1532 322 oi
1552 297 1737 331 κουρὰτωρες,
1754 297 1801 323 καὶ
1813 298 1873 323 τότε

1090 342 1252 376 καλούμενοι
1268 343 1299 368 ἐκ
1315 342 1361 367 τοῦ
1380 343 1463 376 νόμου
1480 342 1519 372 εἰς
1538 342 1688 377 ἐπιτροπὴν
1704 342 1719 377 ἤ
1734 351 1876 377 κουρατω-

1092 388 1179 422 ρεὶαν,
1192 388 1388 422 ἀπαραιτήτως
1408 388 1559 413 ὐπεισιέναι
1573 390 1674 418 ταύτας
1694 385 1800 413 κελεύει
1810 388 1877 413 τού-

1090 442 1163 464 τους,
1180 434 1210 459 οὐ
1225 433 1277 466 μὴν
1294 433 1406 464 ἑαυτοὺς
1421 433 1595 468 ἐπιρῤίπτειν
1610 433 1751 464 τοιαύταις
1770 433 1877 469 διοική-

1091 488 1161 506 σεσι.
1177 480 1233 506 Καὶ
1252 481 1297 506 ὅτε
1314 472 1346 505 δὲ’
1357 480 1371 506 δ
1395 481 1443 514 τῆς
1462 480 1564 510 πόλεως
1580 480 1728 511 ἐπίσκοπος
1753 481 1782 505 ἐν
1828 488 1878 505 κε-

1090 527 1246 561 κλήρωνται
1258 527 1281 552 οί
1309 526 1466 560 ἱερωμένοι,
1487 525 1503 560 ἢ
1522 525 1699 561 παροικοῦσιν
1715 525 1740 551 οἱ
1763 527 1879 561 μοναχοὶ

1091 572 1149 607 (καὶ
1160 573 1223 603 τοὺς
1233 574 1367 607 μοναχοὺς
1377 572 1430 607 γὰρ
1443 572 1481 607 τῷ
1491 572 1608 606 ἑκάστης
1620 573 1724 603 πόλεως
1733 573 1878 609 ἐπισκόπῳ

1090 618 1252 644 ὑποκεῖσθαι
1264 619 1277 644 ὁ
1294 620 1362 652 μετὰ
1375 618 1469 644 τοῦτον
1487 618 1610 649 θεσπίζει
1628 617 1730 653 κανὼν)
1746 619 1877 653 πραγμά-

1090 673 1144 691 των
1162 664 1396 699 ἐκκλησιαστιλιῶν
1421 663 1551 699 ἀναθήσει
1565 663 1704 698 φροντίδα,
1722 665 1768 691 καὶ
1789 664 1877 700 ὀρφα-

1090 710 1144 735 νῶν
1174 710 1220 736 καὶ
1239 709 1330 744 χηρῶν
1358 710 1545 745 ἀπρονοήτων.
1570 710 1648 736 Οὕτω
1670 710 1726 745 γὰρ
1741 711 1792 737 κάν
1816 712 1877 742 ταῖς

1090 755 1225 790 Πράξεσιν
1240 755 1433 790 ἱστόρηται,τῷ
1445 756 1509 791 θείῳ
1521 757 1614 792 Λουκᾷ
1632 757 1695 788 τοὺς
1708 756 1877 788 ἀποστόλους

1090 801 1203 835 ποιῆσαι
1219 802 1479 835 προχειρισαμένους
1490 802 1552 833 τοὺς
1578 802 1647 828 ἑπτὰ
1663 802 1813 834 διακόνους,
1832 802 1876 828 ἵνα

1091 846 1129 881 μὴ
1150 847 1180 872 ἐν
1195 848 1229 881 τῇ
1251 847 1375 882 διακονίᾳ
1389 848 1421 882 τῇ
1439 846 1612 882 καθημερινῇ
1639 847 1877 883 παραθεωρῶνται

1091 893 1118 919 αἱ
1133 892 1228 927 χῆραι.
1250 894 1285 919 Ἢ
1306 894 1460 928 προσώπων
1487 894 1631 929 ἐπιτρέψει
1647 894 1807 929 ἀντέχεσθαι
1830 895 1876 921 διὰ

1091 939 1137 965 τὸν
1152 939 1233 973 φόὸον
1252 938 1300 965 τοῦ
1318 940 1432 974 Κυρίου,
1447 940 1477 966 οὑ
1493 940 1536 967 διὰ
1551 941 1655 975 κέρδος,
1673 941 1702 966 οὺ
1718 940 1763 966 διὰ
1779 940 1871 972 δόξαν,

1091 984 1147 1011 τῶν
1174 985 1292 1020 μάλιστα
1315 985 1549 1020 ἐκκλησιαστικῆς
1575 986 1710 1020 δεομένων
1737 986 1875 1021 βοηθείας,

1091 1026 1142 1055 οἶοί
1157 1030 1227 1055 εἰσιν
1241 1030 1265 1055 οί
1284 1030 1317 1064 τῇ
1346 1030 1411 1064 ἁγία
1422 1030 1571 1065 Ἐκκλησία
1590 1030 1821 1066 προσφεύγοντες,
1834 1031 1877 1056 δε-

1091 1075 1178 1106 διότες
1200 1075 1335 1106 δυνάστας
1360 1075 1406 1109 ὑφ’
1422 1073 1459 1101 ὧν
1479 1076 1646 1107 ἀδικοῦνται,
1671 1075 1688 1110 ἦ
1710 1078 1876 1107 πταίσαντες

1093 1122 1168 1153 ἴσως,
1195 1122 1242 1148 καὶ
1261 1122 1311 1156 τὴν
1342 1122 1391 1156 τῆς
1408 1121 1573 1155 Ἐκκλησίας
1602 1122 1747 1157 ζητοῦντες
1764 1122 1878 1148 ἐπικου-

1094 1168 1168 1204 ρίαν,
1182 1168 1229 1194 κα¹ι
1242 1169 1265 1194 οι
1279 1167 1379 1198 ἀδίκως
1390 1168 1429 1198 εἰς
1444 1167 1566 1193 δουλείαν
1576 1167 1728 1201 ἑλκόμενοι,
1741 1168 1788 1193 καὶ
1800 1167 1878 1194 ἄλλοι

1092 1212 1220 1245 τοιοῦτοι,
1240 1213 1273 1238 δι’
1292 1212 1339 1244 οὓς
1358 1213 1461 1239 ἔκδικοι
1478 1213 1612 1247 γίνονται.
1645 1214 1714 1244 Τοὺς
1730 1214 1759 1239 δὲ
1786 1221 1880 1248 παρα-

1094 1259 1235 1289 ϐαίνοντας
1250 1258 1284 1284 τὰ
1295 1258 1435 1294 ὡρισμένα
1450 1258 1537 1284 ταῦτα
1551 1259 1700 1293 ἐπιτιμίοις
1716 1259 1880 1286 ὑποκεῖσθαι

1094 1303 1210 1330 κελεύει.
1226 1304 1267 1329 Τὰ
1278 1304 1306 1329 δέ
1322 1303 1375 1329 τῶν
1389 1303 1534 1337 ἐπιτιμίων
1550 1304 1579 1329 οὐ
1595 1305 1790 1338 προστέθεικεν
1807 1304 1878 1337 εἴδη.

1094 1350 1127 1376 Τί
1139 1350 1256 1386 δήποτε;
1273 1349 1334 1376 Ὂτι
1345 1351 1369 1376 οί
1384 1351 1447 1385 περὶ
1462 1351 1564 1376 τούτων
1580 1350 1634 1376 τῶν
1643 1350 1748 1376 σεπτῶν
1762 1351 1882 1378 ἅποστόι

1093 1396 1149 1424 λων
1167 1397 1288 1427 κανόνες,
1305 1397 1319 1423 ὀ
1340 1397 1389 1431 μὲν
1403 1396 1482 1427 ἕκτος
1503 1397 1550 1422 καὶ
1565 1397 1579 1422 ὁ
1595 1395 1650 1430 πγ’,
1665 1397 1728 1427 τοὺς
1743 1396 1882 1431 κοσμικὰς

1095 1443 1239 1478 φροντίδας
1255 1443 1508 1478 ἀναλαμϐάνοντας,
1525 1442 1541 1477 ἢ
1560 1442 1715 1477 Ῥωμαϊκὴν
1732 1443 1818 1477 ἀρχὴν
1832 1444 1881 1468 καὶ
1921 1432 1927 1442 ¹

1086 1490 1228 1524 διοίκησιν
1248 1489 1389 1524 ἱερατικὴν
1410 1488 1488 1520 ἀξίαν
1504 1489 1624 1523 μετιέναι
1648 1490 1882 1523 ἐπιχειρήσαντας

1095 1535 1288 1569 καθαιρεῖσθαι
1304 1535 1483 1569 προστάττει·
1499 1536 1513 1561 ό
1525 1534 1553 1560 δέ
1578 1538 1623 1559 m.’
1647 1536 1700 1559 τῶν
1724 1534 1813 1560 αὐτῶν
1829 1544 1880 1560 κλ-

1095 1581 1180 1608 νόνων
1212 1581 1249 1616 μὴ
1273 1582 1398 1607 καθιέναι
1425 1581 1524 1612 αὐτοὺς
1556 1581 1618 1611 τοὺς
1651 1581 1816 1615 ἱερωμένους
1841 1582 1880 1611 εἰς

263 1627 420 1655 servitutem
442 1625 612 1659 rediguntur,
638 1625 786 1659 caeterique
809 1624 971 1658 hujusmodi,
986 1626 1045 1659 qui-

1095 1611 1231 1661 thtoaia'v
1243 1611 1334 1660 δρίζει
1353 1626 1499 1660 διοίκησιν,
1514 1611 1562 1651 καὶ
1575 1611 1702 1659 ἐπιφέρει
1716 1611 1725 1638 ’ν
1740 1626 1774 1650 Ἢ
1790 1626 1884 1650 πειθέ-

264 1675 313 1701 bus
330 1673 505 1701 sublevandis
534 1672 697 1700 defensores
717 1671 804 1697 creari
818 1675 976 1697 consuetum
992 1675 1043 1697 est.

264 1721 293 1747 Si
309 1722 370 1754 quis
387 1725 478 1747 autem
494 1723 589 1745 contra
605 1718 685 1750 hujus
706 1716 808 1743 decreti
835 1716 1046 1743 constitutiones

264 1767 401 1801 quidpiam
431 1764 581 1796 admiserit,
614 1763 703 1798 poenis
728 1762 867 1789 hominem
897 1763 1045 1789 obnoxium

264 1818 326 1838 esse
341 1811 474 1837 decernit.
493 1809 638 1836 Pmnarunt
666 1812 756 1834 tamett
779 1808 888 1833 nomina
907 1807 979 1834 nulla
1010 1808 1048 1833 si-

265 1854 376 1890 gillatim
387 1853 526 1888 adjuncta.
538 1852 609 1886 Quid
626 1852 679 1879 ita?
694 1851 884 1887 Quiagcilicet
904 1852 1048 1886 apostolici

266 1902 315 1927 hac
332 1902 365 1927 de
379 1907 409 1927 re
421 1900 583 1934 pronmlgati
597 1906 717 1927 canones
741 1898 759 1925 6
780 1905 808 1926 et
821 1898 855 1925 85
874 1899 921 1933 qui
941 1906 972 1926 se
999 1906 1049 1926 ne-

265 1948 345 1982 gotiis
372 1947 546 1974 saecularibus
579 1946 781 1981 implicaverint
818 1951 865 1973 aut
896 1947 1047 1973 ltomanum

267 1994 452 2029 magistratum
469 1992 549 2021 simul
561 1999 621 2019 cum
631 1991 792 2019 sacerdotali
811 1991 1048 2018 administratione

266 2039 592 2070 invadereattentarint,
626 2038 797 2073 depositione
822 2038 932 2064 multari
951 2038 1046 2072 jubet:

266 2087 297 2114 8|
325 2094 389 2113 vero
398 2086 555 2113 eoruntdem
580 2091 727 2115 canonum,
740 2089 883 2118 postquam
896 2091 912 2110 a
928 2090 1049 2117 quacun-

266 2140 318 2167 que
333 2133 445 2166 publicaz
472 2130 715 2171 adtninistratiqtis
734 2129 927 2163 procuratione
958 2129 1045 2155 sacris

268 2179 389 2205 initiatos
402 2177 525 2204 homines
535 2175 673 2202 abstinere
691 2174 783 2209 jussit,
799 2178 826 2200 et
842 2175 990 2208 stlbjuttgit,
1002 2181 1050 2202 aut

268 2225 319 2252 ltoc
335 2224 427 2259 igitur,
442 2230 495 2250 non
518 2222 608 2249 iacere
634 2221 685 2248 sibi
702 2221 860 2255 persuaderi
877 2222 982 2252 sinant,
1003 2227 1051 2248 aut

1097 1671 1205 1698 σθωσαν
1215 1670 1262 1698 οὖν
1276 1672 1353 1698 τοῦτο
1366 1673 1404 1707 μὴ
1419 1673 1516 1704 ποιεῖν,
1532 1672 1548 1706 ἦ
1567 1671 1811 1705 καθαιρείσθωσαν.
1836 1672 1881 1701 Ὠς

1096 1716 1144 1745 οὖν
1171 1719 1221 1754 ἤδη
1240 1718 1293 1744 τῶν
1320 1718 1467 1754 ἐπιτιμίων
1492 1718 1593 1745 τούτων
1612 1719 1775 1754 ὀρισθέντων
1803 1719 1880 1751 παρὰ

1095 1765 1152 1791 τῶν
1168 1765 1253 1799 ἁγίων
1266 1765 1433 1796 ἀποστόλων,
1449 1765 1466 1799 ἡ
1477 1763 1584 1796 σύνοδος
1600 1765 1667 1798 αὕτη
1681 1763 1876 1798 παρεσιώπησε

1097 1810 1195 1842 ταῦτα,
1213 1811 1281 1845 ὅπερ
1296 1812 1343 1836 καὶ
1356 1811 1373 1845 ἡ
1389 1811 1417 1836 ἐν
1433 1810 1596 1845 Καρθαγένῃ
1610 1809 1739 1844 πεποίηκε
1755 1808 1874 1837 σύνοδος.

1098 1856 1221 1891 Κάκείνη
1238 1859 1303 1891 γὰρ,
1323 1858 1351 1882 ὲν
1368 1855 1405 1888 ις’
1435 1857 1527 1882 κτνόνι
1544 1858 1608 1889 περὶ
1632 1855 1725 1881 τούτου
1747 1854 1876 1888 θεσμοπ-

1098 1904 1215 1938 τήσασα,
1228 1904 1278 1930 οὒκ
1291 1903 1431 1938 ἐπήγαγεν
1445 1903 1583 1937 ἐπιτίμιον
1601 1902 1643 1927 διὰ
1656 1901 1702 1936 τὴν
1715 1901 1799 1935 αὐτὴν
1814 1901 1879 1925 παν-

1099 1958 1153 1981 τως
1171 1949 1269 1975 αίτίαν.
1297 1949 1378 1975 ’Δλλὰ
1398 1948 1484 1975 ταῦτα
1498 1949 1545 1974 καὶ
1559 1949 1613 1974 τῶν
1630 1948 1782 1982 εἰρημένων
1798 1948 1880 1972 κανό-

1100 2004 1153 2022 νων
1172 1995 1387 2028 διαταξαμένων,
1406 1996 1436 2020 τὺ
1461 1995 1546 2021 κακὸν
1573 1994 1761 2028 ἀθεράπευτον
1778 1993 1880 2027 ἔμεινε.

1100 2041 1146 2066 Διὸ
1165 2041 1213 2067 καὶ
1227 2041 1243 2075 ἡ
1256 2040 1322 2074 ’ἐκτη
1337 2040 1444 2070 σύνοδος
1461 2040 1490 2065 ὲν
1508 2037 1542 2065 ια’
1565 2039 1657 2065 κανόνι
1672 2040 1707 2065 τα
1718 2038 1787 2063 αὐτὰ
1801 2038 1882 2063 πάλιν

1101 2087 1283 2113 ἀνενεώσατοο
1301 2086 1349 2112 καὶ
1361 2085 1415 2111 οὐδ’
1433 2084 1518 2116 οὕτως
1531 2085 1601 2115 ἴασις
1623 2084 1671 2119 τῆς
1687 2084 1764 2110 νόσου
1780 2083 1884 2117 ταύτης

1101 2133 1218 2167 ἐγένετο.
1250 2133 1305 2158 Καὶ
1322 2133 1402 2167 μέχρι
1417 2132 1471 2165 γὰρ
1489 2131 1535 2157 νῦν
1549 2131 1654 2165 γίνεται
1676 2130 1708 2156 τὸ
1719 2131 1815 2162 κακὸν,
1833 2138 1881 2155 και.

1100 2179 1186 2209 οὐδεὶς
1201 2179 1216 2204 ὁ
1231 2178 1393 2204 ἀνακόπτων
1408 2177 1485 2207 αὐτὸ,
1508 2176 1539 2202 οὑ
1555 2175 1739 2210 πατριάρχης,
1757 2176 1787 2200 οὐ
1804 2175 1884 2209 βασι-

1101 2224 1173 2256 λεὺς,
1189 2224 1240 2249 οὐκ
1265 2223 1426 2254 ἐπίσκοπος.
1445 2223 1691 2258 Παραθεωροῧνται
1706 2224 1771 2255 γοὺν
1789 2222 1815 2247 οἱ
1838 2230 1885 2247 το-

269 2272 448 2304 deponantur.
468 2268 615 2295 Ptenarum
640 2267 723 2301 igitur
751 2273 825 2293 certa
851 2267 1047 2300 designatione,

1104 2270 1193 2296 σοῦτοι
1211 2270 1333 2301 κανόνες,
1347 2270 1394 2296 καὶ
1407 2271 1464 2300 τοῖς
1479 2269 1550 2295 οὕτω
1564 2269 1766 2304 καθῃρημένοις
1783 2269 1816 2293 ἐκ
1829 2268 1883 2293 τῶν

270 2317 368 2351 quippe
390 2323 450 2351 qua:
486 2316 541 2349 jam
576 2319 656 2341 antea
679 2319 862 2347 apostotorum
888 2314 1050 2341 auctoritate

271 2364 386 2389 uetimta:
401 2359 510 2387 fuerunt
540 2365 632 2387 sancta
647 2359 774 2394 synodus,
791 2359 841 2385 hoc
859 2359 918 2386 loco
926 2360 976 2386 sibi
1000 2368 1047 2387 su-

271 2408 470 2441 persedendum
491 2413 552 2432 esse
578 2406 679 2431 statuit.
702 2404 777 2437 Quod
803 2405 874 2431 idem
903 2404 1126 2440 Carthaginiensis
1139 2413 1248 2440 quoque
1259 2406 1378 2440 synodus
1393 2410 1496 2431 lcultll:

1103 2316 1223 2342 κανόνων
1251 2314 1486 2348 συλλειτουργοῦσι
1525 2314 1570 2340 καὶ¹
1609 2312 1838 2346 συγκοινοινοῦσιν
1859 2313 1883 2337 οἱ

1101 2361 1270 2395 πατριάρχαι
1283 2360 1329 2386 καὶ
1344 2360 1369 2385 οἱ
1383 2360 1536 2385 ἐπίσκοποι.

1536 2405 1636 2432 etenim
1690 2403 1733 2429 illa
1779 2410 1887 2429 canone

272 2456 306 2481 tu
316 2455 425 2481 decreto
441 2453 493 2480 hac
509 2453 543 2479 de
561 2460 589 2479 re
604 2452 688 2483 edito,
714 2451 836 2478 eamdem
849 2460 959 2486 prorsus
971 2454 1102 2479 rationem
1136 2458 1241 2485 secuta,
1274 2452 1374 2478 nullam
1409 2458 1517 2485 pmnatn
1550 2451 1685 2484 apposuit.
1709 2450 1807 2476 Vl‘rlllll
1833 2455 1885 2476 ista

271 2504 333 2529 licet
345 2498 776 2528 canonicisconstitutionibusita
787 2498 901 2525 deﬁnita
915 2498 1041 2530 fuissent,
1071 2498 1139 2524 niitil
1169 2504 1258 2524 tamen
1280 2498 1303 2524 is
1334 2498 1443 2524 morbus
1464 2496 1589 2524 videlicet
1634 2497 1798 2527 remittebat,
1836 2503 1885 2521 ea-

272 2551 387 2583 demque
403 2546 519 2582 proihde
534 2546 644 2572 decreta
660 2549 737 2571 sexta
757 2545 876 2579 synodus
898 2543 929 2569 M
946 2551 1049 2570 canone
1080 2547 1233 2571 renovanda
1251 2543 1367 2570 censuit.
1383 2541 1476 2577 Neque
1491 2547 1578 2569 tamen
1593 2543 1692 2569 idcirco
1715 2543 1784 2568 facta
1812 2541 1881 2567 malo

272 2597 334 2623 huic
361 2594 504 2626 medicina,
529 2592 599 2627 quod
610 2592 737 2619 omnibus
755 2592 823 2618 locis
836 2599 908 2618 nuttc
934 2599 1042 2626 quoque
1059 2597 1210 2626 grassatur,
1227 2596 1253 2617 et
1269 2599 1347 2617 nemo
1363 2590 1521 2618 coercenda:
1538 2589 1601 2615 huic
1628 2589 1711 2624 pesti,
1753 2596 1805 2615 non
1834 2595 1880 2622 pa-

272 2645 401 2676 triarcha,
420 2651 473 2669 non
499 2643 654 2676 imperator,
681 2648 734 2669 non
761 2641 905 2675 episcopus
948 2641 1068 2666 anitnum
1107 2640 1233 2665 intendit.
1249 2639 1389 2673 Despectui
1405 2639 1495 2671 itaque
1508 2636 1564 2670 jam
1586 2636 1723 2663 habentur
1741 2635 1886 2662 tammulti

308 2738 329 2752 δ’
343 2737 406 2763 Act.
421 2743 459 2763 vt.
474 2734 501 2762 5.

451 2754 459 2767 ’
873 2774 969 2806 Guill.
987 2773 1146 2814 Beveregii
1162 2780 1256 2807 nouo.

272 2850 397 2876 minores.
425 2847 577 2881 lmpubcm
605 2844 676 2881 enim
701 2841 811 2868 masculi
833 2846 996 2881 stratusque
1011 2839 1045 2865 ad

271 2874 413 2910 tinuum“
421 2874 595 2915 completum,
607 2878 813 2915 femime_usqne
825 2877 856 2902 ad
863 2875 913 2915 ἐξ.
930 2874 1046 2915 Maiores

273 2923 361 2945 autent
387 2911 513 2945 dicuntur
540 2916 663 2950 puberes,
682 2913 726 2948 qui
750 2920 848 2939 annum
862 2911 904 2938 25~
919 2912 1047 2950 nomium

1100 2839 1317 2874 compleverunt.
1351 2838 1412 2866 Istis
1437 2841 1558 2871 tutores,
1585 2837 1626 2865 his
1661 2843 1803 2865 curatores
1832 2835 1889 2862 dati

1101 2882 1175 2902 suat.
