4078 6420
496 371 601 436 399

561 500 851 565 catumme
868 503 1054 566 nomen
1093 485 1188 539 Dei
1216 484 1642 551 blasphematur:
1686 484 1916 539 civitatis
1969 499 2067 538 au-
2093 494 2141 546 Α

561 597 662 637 tem
693 585 985 650 episcopum
1026 589 1224 646 oportet
1245 596 1360 633 eam
1384 596 1541 647 quam
1558 596 1654 646 par
1677 590 1751 633 est
1808 590 2069 633 monaste-

558 694 757 729 HOﬂHN
798 692 981 728 curam
1010 689 1208 743 gerere.

566 960 757 1014 BALS.
808 958 945 1014 Nota
999 958 1241 1028 permitti
1297 958 1592 1028 episcopis,
1656 968 1715 1012 ut
1780 959 2067 1014 monachis

492 1054 731 1109 civilium
765 1053 1109 1123 negotiorum
1138 1052 1671 1132 administrationem
1726 1054 2063 1109 concedant:

494 1148 638 1219 quod
665 1147 708 1202 si
741 1146 1017 1218 episcopis
1079 1146 1183 1200 hoc
1218 1145 1483 1200 indultum
1530 1154 1638 1211 est,
1674 1146 1843 1199 multo
1897 1147 2067 1214 magis

493 1242 916 1310 imperatoribus
953 1238 1306 1309 permittitur.
1362 1238 1473 1292 Eos
1504 1239 1595 1306 qui
1660 1254 1810 1307 pure,
1854 1238 1955 1292 huc
1984 1247 2066 1292 est

493 1349 621 1387 vere
652 1343 707 1386 et
731 1347 836 1386 non
870 1332 1119 1385 simulate
1143 1339 1270 1385 sunt
1320 1328 1596 1393 monachi,
1659 1329 1915 1382 honorari
1976 1332 2068 1383 de-

495 1423 622 1476 bere
667 1422 799 1475 dicit
828 1435 1044 1475 canon:
1081 1434 1177 1474 eos
1206 1433 1338 1474 vero
1388 1420 1478 1489 qui
1512 1419 1814 1474 monachali
1867 1419 2064 1472 amictu

498 1516 751 1583 tanquam
782 1521 1041 1581 praetextu
1075 1520 1323 1575 utuntur,
1356 1522 1408 1565 et
1445 1511 1692 1589 homines
1764 1512 2061 1580 decipiunt,

495 1605 868 1674 reprimendas
892 1613 949 1659 et
979 1604 1032 1658 in
1064 1618 1175 1657 suae
1218 1613 1455 1656 tonsum
1496 1603 1676 1657 locum
1708 1602 2063 1656 remittendos

496 1706 615 1748 esse
638 1694 810 1746 visum
842 1704 943 1754 est,
997 1702 1059 1746 ut
1086 1693 1176 1759 qui
1205 1706 1337 1746 cum
1363 1692 1625 1746 ecclesias
1679 1703 1791 1745 tum
1851 1693 2063 1758 negotia

493 1786 677 1841 civilia
703 1788 1042 1855 perturbent.
1102 1783 1206 1838 Per
1250 1784 1484 1838 medium
1540 1785 1684 1839 enim
1721 1784 1898 1838 forum
1942 1800 2065 1854 pro-

495 1878 826 1946 gredientes,
861 1887 916 1929 et
951 1891 1009 1931 se
1037 1876 1393 1930 saecularibus
1444 1876 1680 1944 negotiis
1736 1852 2065 1946 ingerentes,
2100 1852 2142 1905 Β

492 1967 725 2023 fortasse
770 1967 929 2021 etiam
978 1967 1260 2032 docentes,
1310 1968 1651 2036 perturbant,
1688 1966 1792 2020 hoc
1830 1973 1914 2020 est
1960 1967 2066 2020 bu-

498 2076 656 2116 mana
681 2069 736 2115 et
765 2061 941 2115 divina
973 2059 1224 2113 dividunt
1254 2073 1318 2112 ac
1338 2058 1696 2122 confundunt,
1726 2072 1825 2112 nec
1856 2057 2064 2121 sinunt,

497 2162 651 2206 utea
701 2167 764 2206 ex
816 2154 1029 2220 prepria
1073 2165 1168 2204 sua
1202 2157 1391 2203 natura
1440 2159 1840 2203 exerceantur:
1896 2164 2066 2203 siccu-

499 2247 632 2299 laria
661 2243 869 2299 scilicet
896 2241 1159 2312 negotiaa
1196 2241 1381 2294 laicis:
1440 2240 1757 2294 monachica
1815 2249 2090 2293 autemet

492 2335 858 2391 ecclesiastica
915 2334 1068 2387 abiis
1097 2335 1184 2402 qui
1219 2341 1345 2387 sunt
1374 2330 1481 2384 Deo
1513 2331 1768 2384 dedicati.
1800 2330 2063 2397 Quoaiam

502 2438 705 2492 autem,
766 2427 960 2494 inquit,
1021 2425 1182 2478 iidem
1244 2435 1462 2493 propter
1499 2423 1850 2476 ambitionem
1899 2423 2064 2476 etiam

499 2519 828 2572 monasteria
861 2520 926 2570 de
953 2518 1161 2584 integro
1215 2519 1456 2570 excitare
1505 2526 1796 2577 conantur.
1829 2529 1893 2566 ne
1956 2518 2068 2584 epi-

494 2623 658 2677 scopo
685 2607 1071 2677 subjiciuntur,
1099 2608 1382 2661 delinitqu
1407 2618 1494 2660 est
1519 2609 1724 2661 nemini
1771 2608 1935 2661 livere
1983 2609 2065 2662 vel

494 2699 879 2754 monamerinm
948 2700 1031 2752 vel
1059 2698 1356 2751 oratorium
1410 2709 1608 2767 prmtcr
1638 2700 1885 2768 episcopi
1914 2715 2063 2754 men-

496 2803 604 2846 tem
642 2807 810 2861 usque
839 2791 1116 2845 excitare:
1148 2790 1344 2860 subjici
1398 2801 1575 2846 autem
1630 2793 1925 2846 monachos
1950 2808 2065 2845 0m-

495 2897 591 2938 nes
620 2884 852 2954 regionis
874 2883 1151 2953 episcopo,
1180 2892 1235 2937 et
1273 2883 1491 2937 fortiter
1523 2898 1875 2952 perseverare
1901 2884 1953 2936 in
1993 2901 2055 2937 ea

494 2975 778 3028 mansione
802 2975 975 3044 inqua
1002 2975 1140 3029 tonsi
1166 2984 1314 3029 sunt.
1341 2975 1540 3043 Adjicit
1567 2984 1747 3029 autem
1776 2991 1870 3030 eos
1898 2978 2063 3030 etiam

493 3081 675 3121 rerum
712 3066 1203 3122 ecclesiasticarum
1258 3068 1662 3120 communionis
1728 3079 1780 3120 et
1829 3065 2066 3120 admini-

492 3160 773 3213 strationis
806 3173 910 3213 non
959 3172 1081 3214 esse
1132 3159 1453 3229 participes,
1508 3174 1607 3213 nec
1654 3160 1818 3212 etiam
1873 3175 2061 3213 earum
2094 3200 2135 3255 Ο

494 3265 616 3319 quae
643 3250 709 3303 ad
738 3249 900 3302 vitam
946 3250 1246 3318 pertinent,
1282 3264 1377 3302 seu
1428 3248 1694 3313 civilium,
1759 3248 1862 3301 nisi
1927 3250 2066 3302 forte

496 3342 735 3398 civitatis
780 3340 1068 3411 episcopus
1119 3341 1198 3395 eis
1243 3352 1463 3410 propter
1493 3357 1645 3394 usuin
1702 3324 2065 3394 necessarium

498 3436 601 3488 li‘oc
628 3432 959 3504 permiserit.
991 3432 1194 3487 Servos
1247 3442 1428 3485 autem
1475 3443 1669 3501 praeter
1715 3432 2061 3487 dominormn

494 3525 828 3577 voluntatem
859 3536 968 3589 non
1006 3536 1129 3577 esse
1152 3522 1454 3575 tondendos
1511 3524 1786 3575 decretum
1821 3531 1932 3576 est:
1985 3522 2067 3575 vel

493 3631 617 3670 eum
644 3626 815 3680 certe,
840 3614 933 3685 qui
964 3615 1066 3669 hoc
1089 3614 1365 3669 decretum
1388 3615 1800 3680 transgreditur,
1829 3631 1948 3669 esse
1975 3632 2067 3670 ex-

499 3706 982 3762 communicatum.
1006 3703 1126 3758 .laut
1156 3719 1281 3759 vero
1302 3704 1458 3774 117
1484 3706 1726 3758 civitatis
1754 3709 2066 3774 episcopum

490 3808 731 3869 oportet,
758 3799 952 3868 inquit,
982 3798 1438 3850 monasteriorum
1478 3810 1668 3850 curaui
1694 3811 1903 3866 gerere.
1928 3796 2066 3851 Nota

494 3904 626 3960 ergo
653 3891 795 3959 quod
829 3888 1080 3943 monachi
1116 3887 1227 3942 illic
1274 3903 1620 3957 perseverare
1641 3899 1695 3942 et
1750 3904 2069 3956 permanere

497 3982 711 4046 debent,
748 3980 835 4035 ubi
864 3980 1069 4034 saeculo
1108 3978 1499 4033 renuntiarunt
1532 3992 1626 4031 seu
1650 3978 1789 4031 tonsi
1818 3976 2063 4032 luerunt:

494 4083 549 4125 et
593 4072 738 4141 quod
768 4087 833 4125 ex
861 4066 1218 4140 permissioue
1265 4056 1508 4139 Episcopi
1564 4078 1792 4137 possunt
1816 4068 2067 4122 monachi

497 4178 603 4218 non
631 4161 1213 4217 solumecclesiastica
1273 4163 1487 4230 negotia
1536 4160 1941 4225 administrare,
1975 4161 2070 4214 sed

495 4271 558 4310 ea
587 4257 752 4311 etiam
779 4269 899 4319 qua:
929 4257 994 4307 ad
1030 4255 1195 4307 vitam
1230 4254 1531 4322 pertinent,
1597 4254 1700 4306 hoc
1731 4262 1817 4306 est
1861 4254 2067 4305 ciVilia.

501 4348 558 4404 Si
589 4360 769 4403 autem
801 4351 901 4402 hoc
937 4355 1117 4415 potest
1146 4343 1328 4400 facere
1378 4347 1705 4415 episcotialis
1757 4348 2070 4415 ρονιιιὶδδὶυ,

500 4444 551 4497 id
601 4442 769 4495 multo
818 4440 988 4504 inagis
1052 4438 1215 4491 faciet
1262 4445 1501 4505 potestas
1551 4438 1895 4507 imperialis,
1952 4455 2072 4507 quae

1754 365 2031 430 THEOD.
2074 366 2475 428 BALSAMON

3634 358 3746 420 ΜΟ

2240 501 2369 537 του.
2409 483 2518 536 Τὸν
2556 481 2625 534 δὲ
2660 481 3111 548 παραϐαίνοντα
3168 477 3385 532 τοῦτον
3420 476 3589 546 ἡμῶν
3637 481 3748 530 τὸν

2241 577 2388 643 ὅρον
2413 577 2717 643 ὡρίσαμεν
2754 574 3163 640 ἀκοινώνητον
3201 571 3384 631 εἶναι,
3414 572 3515 623 ἵνα
3537 569 3623 638 μὴ
3672 575 3744 621 τὸ

2240 669 2430 737 ὄνομα
2478 666 2587 720 τοῦ
2647 665 2799 720 Θεοῦ
2858 661 3298 733 βλασφημῆται
3330 678 3344 692 ·
3382 663 3489 715 τὸν
3533 663 3745 730 μέντοι

2190 785 2195 791 ·
2235 762 2574 816 ἐπίσκοπον
2595 759 2707 828 τῆς
2730 762 2963 824 πόλεως
2992 758 3108 827 χρὴ
3148 757 3265 824 τὴν
3291 755 3563 810 δέουσαν
3595 761 3749 824 πρύ-

2240 870 2416 909 νοιαν
2443 855 2744 909 ποιεῖσθαι
2771 853 2891 907 τῶν·
2915 852 3365 922 μοναστηρίων.

2239 950 2440 1004 ΒΑΛΣ.
2481 930 2799 1021 Σημείωσαι
2834 949 2916 1000 ὃτι
2950 949 3161 1015 ἐφεῖται
3199 947 3311 1007 τοῖς
3331 943 3652 1003 ἐπισκόποις
3679 940 3744 993 τὸ

2168 1045 2489 1113 ἐπιτρέπειν
2526 1044 2781 1113 μοναχοῖς
2823 1042 3092 1106 διοίκησιν
3127 1037 3429 1109 πολιτικῶν
3477 1035 3742 1105 πραγμείι⁴

2166 1154 2275 1189 των
2302 1152 2318 1170 ο
2345 1137 2441 1191 καὶ
2474 1136 2571 1188 ἐὰν
2593 1138 2708 1199 τοῖς
2734 1136 3059 1194 ἐπισκόποις
3090 1132 3253 1185 τοῦτο
3283 1128 3528 1198 ἐνεδόθη,
3559 1126 3743 1195 πολλῷ

2168 1230 2337 1282 πλέον
2361 1230 2475 1291 τοῖς
2508 1226 2826 1298 βασιλεῦσιν
2851 1226 3263 1296 ὲγκεχώρηται.
3295 1223 3434 1284 Τοὺς
3458 1218 3739 1287 καθαρῶς,

2167 1321 2466 1374 τουτέστιν
2510 1319 2728 1389 ἀληθῶς
2763 1317 2856 1372 καὶ
2888 1318 2962 1387 μὴ
2990 1316 3109 1370 καθ’
3131 1316 3442 1385 ὑπόκρισιν,
3478 1311 3745 1381 μονάζον-

2168 1428 2268 1475 τας
2321 1412 2585 1482 τιμᾶσθαί
2622 1429 2789 1482 φησιν
2812 1414 2846 1464 ὁ
2875 1410 3055 1464 κανών
3076 1424 3091 1437 ·
3122 1409 3251 1471 τοὺς
3278 1408 3334 1459 δὲ
3359 1406 3437 1476 τῷ
3463 1404 3744 1475 μοναχικῷ

2170 1506 2414 1575 σχήματι
2445 1503 2824 1575 κεχρημένους
2871 1503 2947 1565 ὡς
3001 1502 3059 1553 ὲν
3083 1501 3459 1570 προσχήματι,
3485 1501 3582 1550 καὶ
3605 1497 3744 1547 πλα-

2167 1597 2379 1660 νῶντας
2423 1597 2553 1659 τοὺς
2616 1594 2962 1665 ἀνθρώπους,
3001 1591 3464 1663 σωφρονίζεσθαι,
3524 1589 3620 1642 κα)⁵
3662 1588 3747 1650 ei;

2167 1691 2269 1754 τὰς
2300 1692 2643 1761 ἀποκάρσεις
2669 1688 2851 1743 αὑτῶν
2885 1688 3207 1758 πέμπεσθαι
3237 1686 3509 1749 δέδοκται,
3541 1683 3619 1747 ὡς
3647 1699 3747 1734 τα-

2172 1786 2469 1857 ράττοντας
2501 1786 2601 1847 τάς
2626 1801 2687 1837 τε
2715 1782 3013 1853 ἐκκλησίας
3044 1784 3142 1835 καὶ
3182 1780 3253 1834 τά
3309 1780 3567 1839 πολιτικὰ
3606 1776 3750 1847 πράο

2169 1897 2379 1952 γματα.
2416 1880 2707 1947 Προῖὀντες
2756 1880 2867 1949 γὰρ
2913 1877 3002 1930 διὰ
3039 1878 3210 1947 μέσης
3230 1876 3326 1945 τῆς
3362 1875 3588 1946 ἀγορᾶς,
3650 1870 3750 1924 καὶ

2171 1972 2654 2043 παρεμϐάλλοντες
2686 1971 2912 2033 ἑαυτοὺς
2940 1970 3229 2039 κοσμικοῖς
3262 1967 3576 2035 πράγμασι,
3614 1964 3750 2026 ἴσως

2168 2065 2226 2118 δὲ
2253 2064 2347 2117 καὶ
2373 2062 2748 2124 διδάσκοντες,
2781 2061 3139 2131 ταράττουσι,
3173 2058 3422 2110 τουτέστι
3451 2052 3747 2125 μερίζουσι

2171 2158 2265 2210 καὶ
2298 2155 2587 2224 συγχέουσι
2624 2154 2692 2207 τὰ
2714 2154 2833 2206 θεῖα
2859 2153 2953 2205 καὶ
2975 2152 3045 2204 τὰ
3074 2150 3413 2221 ἀνθρώπινα,
3444 2149 3518 2218 μὴ
3545 2146 3749 2208 ἐῶντες

2169 2251 2342 2304 ταῦτα
2371 2250 2515 2303 κατὰ
2547 2248 2645 2319 τὴν
2695 2247 2907 2301 οἰκείαν
2957 2245 3123 2314 φύσιν
3176 2244 3542 2312 ἐνεργεῖσθαι,
3577 2243 3751 2311 ἤγουν

2169 2343 2239 2395 τὰ
2266 2340 2365 2410 μὲν
2386 2338 2754 2411 πραγματικὰ
2780 2339 2887 2390 ὑπὸ
2914 2338 3021 2390 τῶν
3050 2337 3274 2401 λαῖκῶν,
3300 2335 3369 2388 τὰ
3391 2334 3447 2387 δὲ
3478 2334 3755 2403 μοναχικὰ

2170 2434 2265 2486 καὶ
2292 2430 2728 2499 ὲκκλησιαστικὰ
2760 2430 2866 2482 ὑπὸ
2897 2430 3007 2482 τῶν
3034 2428 3475 2497 ἁνατεθειμένων
3504 2426 3583 2496 τῷ
3608 2426 3754 2494 Θεῷ.

2183 2527 2334 2577 Ἐπεί
2365 2525 2441 2587 δὲ,
2504 2525 2692 2594 φησὶν,
2724 2527 2772 2577 οἱ
2806 2525 2962 2577 αὐτοὶ
2993 2523 3079 2575 διὰ
3130 2522 3425 2592 φιλαρχίαν
3452 2521 3549 2573 καὶ
3584 2538 3759 2590 μονα-

2172 2620 2373 2686 στήρια
2412 2615 2711 2686 πειρῶνται
2773 2618 2836 2667 ἐκ
2868 2616 3060 2683 καινῆς
3101 2617 3384 2684 ἀνεγεῖραι
3438 2614 3525 2682 ἐφ’
3571 2607 3615 2681 ᾧ
3671 2615 3755 2681 μὴ

2172 2710 2494 2763 ὑποκεῖσθαι
2555 2708 2630 2777 τῷ
2684 2709 2994 2777 ἑπισκόπῳ,
3058 2706 3271 2776 ὡρίσθη
3324 2706 3398 2776 μὴ
3447 2706 3595 2776 ἔχειν
3655 2705 3752 2757 ἐπ’

2171 2803 2355 2865 ἁδείας
2389 2803 2509 2854 τινὰ
2539 2803 2885 2873 ὁπουδήποτε
2924 2803 3300 2871 μοναστήριον
3372 2799 3680 2870 ἀνεγείρειν
3713 2800 3751 2868 ἢ

2170 2896 2466 2965 εὐκτήριον
2496 2895 2649 2965 παρὰ
2676 2897 2907 2965 γνώμην
2935 2894 3031 2947 τοῦ
3062 2896 3391 2957 ἐπισκόπου,
3418 2891 3754 2947 ὑποκεῖσθαι

2169 2985 2228 3038 δὲ
2256 2986 2465 3048 πάντας
2491 2987 2616 3048 τοὺς
2638 2985 2919 3055 μοναχοὺς
2945 2985 3025 3055 τῷ
3052 2984 3197 3037 κατὰ
3222 2984 3410 3055 χώραν
3442 2984 3755 3051 ὲπισκόπῳ.

2172 3077 2267 3130 καὶ
2296 3081 2734 3147 προσκαρτερεῖν
2768 3081 2826 3131 ἐν
2934 3078 3297 3148 ἀπεκάρησαν
3331 3079 3488 3147 μονῇ.
3521 3076 3757 3145 Προστί-

2170 3165 2297 3234 θησι
2331 3166 2387 3219 δὲ
2411 3162 2557 3219 εἶναι
2583 3168 2808 3229 τούτους
2841 3169 2935 3221 καὶ
2967 3167 3308 3237 ἀμεθέκτους
3329 3167 3429 3234 τῆς
3461 3167 3755 3221 κοινωνίας

2174 3261 2270 3313 καὶ
2302 3259 2626 3327 διοικήσεως
2675 3260 2787 3311 τῶν
2815 3260 3289 3330 ὲκκλησιαστικῶν
3322 3262 3688 3330 πραγμάτων,
3718 3259 3756 3329 ἦ

2172 3351 2279 3402 τῶν
2311 3350 2605 3419 βιωτικῶν,
2644 3351 2763 3419 ἦτοι
2810 3352 3126 3416 πολιτικῶν,
3156 3354 3203 3405 εἰ
3229 3353 3304 3422 μή
3330 3368 3446 3416 πως
3473 3354 3501 3404 ὁ
3529 3355 3626 3420 τῆς
3658 3352 3760 3402 πό-

2172 3442 2307 3505 λεως
2325 3442 2620 3504 ἐπίσκοπος
2632 3442 2720 3495 διὰ
2739 3443 2926 3513 χρείαν
2943 3444 3244 3511 ἀναγκαίαν
3268 3444 3548 3514 ἐπιτρέψει
3569 3443 3751 3497 τοῦτο.

2173 3536 2308 3599 Τοὺς
2325 3535 2541 3596 δούλους
2554 3535 2611 3587 δὲ
2624 3536 2774 3605 παρὰ
2786 3537 3010 3607 γνώμην
3030 3538 3138 3589 τῶν
3151 3537 3425 3591 δεσποτῶν
3443 3536 3515 3605 μὴ
3527 3534 3752 3589 ἀποκεί-

2176 3646 2288 3695 ρειν
2305 3627 2534 3696 ὥρισται
2557 3629 2589 3697 ἢ
2615 3626 2721 3698 μὴν
2756 3628 2848 3681 τὸν
2883 3629 3289 3699 παραϐαίνοντα
3325 3629 3517 3690 ταῦτα,
3554 3625 3747 3679 τοῦτον

2171 3719 2259 3770 τὸν
2290 3719 2438 3787 ὅρον,
2460 3716 2820 3788 ἀκοινώνητον
2833 3713 2991 3773 εἶναι.
3017 3720 3118 3771 Τὸν
3135 3720 3316 3789 μέντοι
3332 3718 3625 3771 ἐπίσκοπον
3644 3716 3748 3783 τῆς

2173 3811 2383 3871 πόλεως
2430 3810 2560 3879 χρὴ,
2614 3812 2769 3876 φησὶ,
2822 3810 3172 3880 προνοεῖσθαι
3201 3812 3310 3863 τῶν
3345 3810 3749 3881 μοναστηρίων.

2176 3903 2491 3972 Σημείωσαι
2519 3897 2611 3954 οὖν
2641 3903 2724 3955 ὅτι
2753 3903 2935 3955 ἐκεῖσε
2971 3905 3019 3955 οἱ
3058 3903 3286 3973 μοναχοὶ
3318 3904 3755 3971 προσκαρτερεῖν

2172 3996 2266 4046 καὶ
2306 3993 2563 4061 μονάζειν
2595 3993 2926 4059 ὀφείλουσιν,
2974 3992 3105 4046 ἔνθα
3135 3994 3199 4064 δὴ
3231 3995 3327 4046 καὶ
3387 3993 3753 4057 ἁπετάξαντο,

2172 4086 2341 4153 ἤγουν
2386 4083 2790 4153 ἁπεκάρησανο
2849 4085 2946 4138 καὶ
2999 4086 3082 4137 ὃτι
3135 4086 3257 4137 κατ’
3306 4084 3609 4155 ἐπιτροπὴν
3660 4086 3758 4137 τοῦ

2174 4174 2476 4227 ἐπισκόπου
2510 4173 2769 4228 δύνανται
2824 4176 3050 4244 μοναχοὶ
3084 4176 3310 4228 διοικεῖν
3360 4175 3422 4227 οὑ
3472 4175 3633 4244 μόνον
3667 4176 3761 4226 ὲκ·

2176 4268 2544 4336 κλησιαστικέι
2575 4271 2898 4338 πράγματα,
2929 4269 3067 4321 ἀλλὰ
3096 4270 3191 4322 καὶ
3224 4263 3479 4339 βιωτικὰ,
3509 4269 3758 4321 τουτέστι

2176 4359 2454 4411 πολιτικά.
2488 4359 2549 4411 Εἰ
2577 4358 2630 4410 δὲ
2658 4359 2884 4412 δύναται
2922 4359 3081 4413 τοῦτο
3117 4364 3293 4414 ποιεῖν
3343 4362 3376 4431 ἡ
3420 4362 3759 4428 ἐπισκοπικὴ

2177 4450 2469 4520 επιτροπὴ,
2506 4450 2690 4521 πολλῷ
2716 4452 2880 4504 πλέον
2922 4455 3137 4524 ποιήσει
3165 4456 3199 4524 η
3227 4453 3482 4524 βασιλικὴ
3537 4452 3759 4516 ἐξουσία

498 4536 660 4588 etiam
696 4534 983 4601 episcenos
1004 4538 1301 4598 promovet.
1346 4526 1638 4597 PrOpterea
1668 4532 1837 4595 enim,
1880 4540 1937 4582 ut
1989 4541 2071 4583 est

2180 4540 2668 4611 ἡπροὸαλλομένη
2712 4544 2810 4596 καὶ,
2851 4545 3204 4605 ἐπισκόπους.
3259 4544 3360 4598 Διὰ
3413 4545 3524 4615 γὰρ
3573 4544 3758 4607 τοῦτο,

501 4634 952 4688 consentaneum,
1015 4620 1103 4675 ille
1155 4624 1318 4675 etiam
1391 4622 1843 4692 metropolitanus
1915 4624 2074 4677 Sides

500 4722 707 4786 absque
736 4715 844 4770 ullo
873 4714 1257 4783 impedimento
1312 4713 1523 4782 imperii
1575 4715 1785 4786 negotia
1835 4716 2072 4769 admini-

500 4810 733 4872 strabat,
772 4809 824 4861 in
876 4818 1108 4876 persona
1170 4806 1518 4872 imperatoris
1582 4806 1787 4860 domini
1839 4805 2072 4861 Michael

502 4903 686 4957 Ducat.
757 4900 893 4966 Quin
960 4907 1013 4950 et
1076 4896 1167 4952 ille
1217 4881 1581 4952 Neocazsarea;
1630 4899 2077 4968 metrOpolitanus

507 4992 782 5047 maritima
813 4989 1053 5045 civitatis
1083 4989 1207 5058 jura
1232 4990 1597 5059 conscripsit:
1660 4999 1713 5044 et
1762 4990 1851 5043 alii
1908 4990 2074 5044 etiam

504 5085 777 5141 antistites
803 5098 868 5137 ac
896 5081 1149 5137 monachi
1184 5082 1320 5151 imp.
1379 5090 1436 5136 et
1488 5082 1705 5152 publica
1770 5084 2077 5136 ministerio

505 5186 891 5234 exercuerunt.
922 5174 1062 5243 Lege
1080 5184 1135 5229 et
1162 5176 1394 5243 primum
1423 5185 1585 5243 caput
1617 5176 1809 5243 synodi
1851 5191 2075 5243 congie.

505 5281 642 5341 gntae
696 5268 746 5321 in
804 5267 1005 5337 templo
1060 5277 1373 5322 sanctorum
1432 5265 1822 5335 apostolorum.
1884 5267 2076 5332 Quaere

503 5364 667 5419 etiam
689 5360 758 5415 de
798 5365 998 5423 servis,
1044 5359 1137 5428 qui
1196 5369 1393 5427 praster
1429 5361 1774 5413 dominorum
1827 5359 2078 5411 volunta—

507 5465 612 5507 tem
643 5461 773 5506 sunt
828 5452 1104 5514 monachi,
1163 5449 1233 5503 26
1274 5465 1402 5519 cap.
1455 5451 1609 5519 pruni
1660 5451 1742 5503 tit.
1794 5452 2079 5519 praesentis

504 5552 701 5616 operis.

562 5722 832 5777 .ZUNAR.
875 5723 974 5788 Qui
1004 5736 1126 5776 vere
1146 5735 1211 5773 ac
1232 5719 1466 5785 sincere,
1488 5719 1591 5775 hoc
1612 5731 1695 5775 est
1714 5722 1898 5776 animo
1920 5738 2080 5792 puro,

513 5832 612 5869 nec
648 5814 750 5868 ulla
797 5813 1160 5869 simulationis
1192 5821 1286 5866 aut
1317 5814 1600 5886 pravitatis
1642 5813 1764 5870 labe
1792 5814 2077 5884 infuscata,

2182 4633 2258 4696 ὡς
2289 4632 2454 4698 ἔοικε,
2474 4636 2567 4686 καὶ
2595 4636 2623 4687 ό
2660 4637 3063 4705 μητροπολίτης
3092 4639 3301 4700 ἐκεῖνος
3327 4639 3355 4690 ὁ
3383 4638 3545 4708 Σίδης
3576 4639 3761 4709 ἀπαρ-

2182 4726 2523 4794 εμποδίστως
2570 4728 2640 4781 τά
2684 4732 2781 4799 τῆς
2829 4728 3111 4798 βασιλείας
3156 4730 3425 4801 ᾠκονόμει
3475 4730 3765 4802 προσώπῳ

2182 4818 2276 4870 τοῦ
2307 4818 2577 4887 βασιλέως
2628 4821 2797 4891 κυροῦ
2828 4823 3051 4893 Μιχαὴλ
3086 4822 3179 4875 τοῦ
3204 4823 3424 4885 Δουκός.
3454 4825 3564 4877 Καὶ
3588 4827 3617 4876 ὀ
3650 4841 3766 4893 μη-

2166 4911 2507 4981 ντροπολίτης
2552 4914 2758 4974 ἐκεῖνος
2809 4914 3249 4986 Νεοκαισαρείας
3288 4915 3642 4987 ἀνεγράψατο
3689 4917 3762 4967 τὰ

2183 5004 2284 5069 τῆς
2315 5005 2523 5067 πόλεως
2552 5004 2821 5059 θαλάσσια
2845 5007 3050 5073 δίκαια,
3089 5009 3184 5061 καὶ
3213 5008 3366 5062 ἄλλοι
3418 5008 3606 5062 πολλοὶ
3658 5009 3762 5074 ἀρ-

2184 5098 2388 5166 χιερεῖς
2423 5098 2515 5150 καὶ
2547 5100 2776 5169 μοναχοὶ
2808 5101 3130 5171 παρομοίως
3158 5102 3481 5172 ὲνήργησαν
3513 5099 3759 5158 δουλείας

2188 5187 2471 5256 βασιλικὰς
2524 5190 2618 5242 καὶ
2685 5192 3047 5260 δημοσιακάς.
3123 5193 3463 5261 Ἀνάγνωσον
3515 5193 3610 5246 καὶ
3665 5189 3759 5243 τὸν

2187 5285 2234 5328 α’
2269 5277 2470 5356 κανόνα
2519 5280 2618 5348 τῆς
2666 5281 2724 5332 ὲν
2777 5280 2855 5350 τῷ
2913 5280 3026 5351 ναῷ
3073 5281 3183 5333 τῶν
3245 5282 3442 5349 Ἁγίων
3502 5279 3766 5333 Ἀποστόο

2186 5368 2294 5422 λων
2325 5372 2790 5442 συγκροτηθείσης
2837 5373 3078 5427 συνόδου.
3118 5374 3279 5445 Ζήτει
3310 5375 3407 5428 καὶ
3457 5375 3589 5445 περὶ
3640 5373 3771 5425 δού-

2188 5462 2294 5514 λων
2334 5463 2675 5531 μοναςόντων
2721 5464 2875 5534 παρὰ
2929 5466 3161 5536 γνώμην
3216 5468 3308 5521 τοῦ
3361 5468 3621 5521 δεσπότου
3665 5465 3767 5518 τοῦ

2184 5542 2278 5617 λς’
2325 5555 2515 5622 κεφαλ.
2576 5555 2669 5608 τοῦ
2723 5562 2769 5609 α’
2822 5555 3004 5609 τίτλον
3063 5558 3160 5611 τοῦ
3201 5562 3499 5631 ξπαρόντος
3570 5558 3772 5612 συντά-

2189 5662 2419 5716 γματος.

2261 5738 2502 5793 ΖΩΝΑΡ.
2533 5739 2712 5808 Τιμῆς
2748 5738 2933 5804 ἀξίους
2965 5742 3093 5805 τοὺς
3145 5742 3362 5814 ἀληθῶς
3428 5743 3771 5813 μονάζοντας

2192 5814 2312 5881 καῖ’·
2334 5818 2663 5898 εἰλικρινῶς,
2699 5828 2822 5883 ἀντὶ
2867 5829 2958 5883 τοῦ
2988 5832 3267 5904 καθαρῶς,
3298 5834 3392 5886 καὶ
3421 5836 3519 5901 οὑχ
3559 5834 3769 5887 ὑποκε-
