  <div class='ocr_page' id='page_1' title='image "/cluster/home/n/w/nwhite01/storage/ocr_20150623/137:no.1/coo.31924054870427/208.png"; bbox 0 0 4078 6390; ppageno 0'>
   <div class='ocr_carea' id='block_1_1' title="bbox 288 309 394 373">
    <p class='ocr_par' dir='ltr' id='par_1_1' title="bbox 288 309 394 373">
     <span class='ocr_line' id='line_1_1' title="bbox 288 309 394 373; baseline -0.019 -1"><span class='ocrx_word' id='word_1_1' title='bbox 288 309 394 373; x_wconf 73' lang='grc' dir='ltr'><strong>4θ1</strong></span> 
     </span>
    </p>
   </div>
   <div class='ocr_carea' id='block_1_2' title="bbox 290 419 1579 504">
    <p class='ocr_par' dir='ltr' id='par_1_2' title="bbox 290 419 1579 504">
     <span class='ocr_line' id='line_1_2' title="bbox 290 419 1579 504; baseline 0.016 -36"><span class='ocrx_word' id='word_1_2' title='bbox 290 419 571 488; x_wconf 82' lang='grc' dir='ltr'>κριμένως</span> <span class='ocrx_word' id='word_1_3' title='bbox 622 421 799 490; x_wconf 76' lang='grc' dir='ltr'>ἣτινὶ</span> <span class='ocrx_word' id='word_1_4' title='bbox 844 426 1011 497; x_wconf 85' lang='grc' dir='ltr'>κακίᾳ</span> <span class='ocrx_word' id='word_1_5' title='bbox 1067 429 1377 499; x_wconf 84' lang='grc' dir='ltr'>ἐπιμίκτως</span> <span class='ocrx_word' id='word_1_6' title='bbox 1425 436 1579 504; x_wconf 80' lang='grc' dir='ltr'>μετιό</span> 
     </span>
    </p>
   </div>
   <div class='ocr_carea' id='block_1_3' title="bbox 293 510 1871 601">
    <p class='ocr_par' dir='ltr' id='par_1_3' title="bbox 293 510 1871 601">
     <span class='ocr_line' id='line_1_3' title="bbox 293 510 1871 601; baseline 0.017 -41"><span class='ocrx_word' id='word_1_7' title='bbox 293 510 596 579; x_wconf 82' lang='grc' dir='ltr'>μοναδικὴν</span> <span class='ocrx_word' id='word_1_8' title='bbox 646 514 923 573; x_wconf 76' lang='grc' dir='ltr'><strong>πολιτείαν</strong></span> <span class='ocrx_word' id='word_1_9' title='bbox 949 522 981 591; x_wconf 81' lang='grc' dir='ltr'><strong>ἡ</strong></span> <span class='ocrx_word' id='word_1_10' title='bbox 1013 523 1144 589; x_wconf 83' lang='grc' dir='ltr'>ἁγία</span> <span class='ocrx_word' id='word_1_11' title='bbox 1176 525 1393 590; x_wconf 74' lang='grc' dir='ltr'>σύνοδος</span> <span class='ocrx_word' id='word_1_12' title='bbox 1423 529 1623 601; x_wconf 78' lang='grc' dir='ltr'>ἔκρινε.</span> <span class='ocrx_word' id='word_1_13' title='bbox 1657 532 1793 593; x_wconf 81' lang='grc' dir='ltr'>Τοὺς</span> <span class='ocrx_word' id='word_1_14' title='bbox 1814 535 1871 587; x_wconf 84' lang='grc' dir='ltr'><strong>δέ</strong></span> 
     </span>
    </p>
   </div>
   <div class='ocr_carea' id='block_1_4' title="bbox 290 604 1868 696">
    <p class='ocr_par' dir='ltr' id='par_1_4' title="bbox 290 604 1868 696">
     <span class='ocr_line' id='line_1_4' title="bbox 290 604 1868 696; baseline 0.017 -42"><span class='ocrx_word' id='word_1_15' title='bbox 290 604 371 673; x_wconf 82' lang='grc' dir='ltr'><strong>τῷ</strong></span> <span class='ocrx_word' id='word_1_16' title='bbox 395 607 667 677; x_wconf 84' lang='grc' dir='ltr'>μοναδικῷ</span> <span class='ocrx_word' id='word_1_17' title='bbox 703 612 943 679; x_wconf 86' lang='grc' dir='ltr'>σχήματι</span> <span class='ocrx_word' id='word_1_18' title='bbox 1004 619 1383 687; x_wconf 77' lang='grc' dir='ltr'><strong>κεχρημένους</strong></span> <span class='ocrx_word' id='word_1_19' title='bbox 1410 620 1486 683; x_wconf 85' lang='grc' dir='ltr'>ὡς</span> <span class='ocrx_word' id='word_1_20' title='bbox 1537 624 1595 676; x_wconf 91' lang='grc' dir='ltr'><strong>ἐν</strong></span> <span class='ocrx_word' id='word_1_21' title='bbox 1624 626 1868 696; x_wconf 85' lang='grc' dir='ltr'>προσχή-</span> 
     </span>
    </p>
   </div>
   <div class='ocr_carea' id='block_1_5' title="bbox 293 699 1868 784">
    <p class='ocr_par' dir='ltr' id='par_1_5' title="bbox 293 699 1868 784">
     <span class='ocr_line' id='line_1_5' title="bbox 293 699 1868 784; baseline 0.015 -38"><span class='ocrx_word' id='word_1_22' title='bbox 293 713 459 762; x_wconf 89' lang='grc' dir='ltr'>ματι,</span> <span class='ocrx_word' id='word_1_23' title='bbox 490 699 612 751; x_wconf 74' lang='grc' dir='ltr'>ἀντὶ</span> <span class='ocrx_word' id='word_1_24' title='bbox 646 699 740 752; x_wconf 90' lang='grc' dir='ltr'><strong>τοῦ</strong></span> <span class='ocrx_word' id='word_1_25' title='bbox 771 700 840 753; x_wconf 85' lang='grc' dir='ltr'>δι’</span> <span class='ocrx_word' id='word_1_26' title='bbox 874 704 1136 773; x_wconf 82' lang='grc' dir='ltr'>ἐπίδειξιν</span> <span class='ocrx_word' id='word_1_27' title='bbox 1162 709 1322 777; x_wconf 85' lang='grc' dir='ltr'>μόνον</span> <span class='ocrx_word' id='word_1_28' title='bbox 1350 713 1429 775; x_wconf 76' lang='grc' dir='ltr'>εἰς</span> <span class='ocrx_word' id='word_1_29' title='bbox 1454 713 1669 784; x_wconf 83' lang='grc' dir='ltr'>δέλεαρ,</span> <span class='ocrx_word' id='word_1_30' title='bbox 1728 716 1868 770; x_wconf 83' lang='grc' dir='ltr'>ὥστε</span> 
     </span>
    </p>
   </div>
   <div class='ocr_carea' id='block_1_6' title="bbox 283 786 1884 879">
    <p class='ocr_par' dir='ltr' id='par_1_6' title="bbox 283 786 1884 879">
     <span class='ocr_line' id='line_1_6' title="bbox 283 786 1884 879; baseline 0.017 -41"><span class='ocrx_word' id='word_1_31' title='bbox 283 786 363 838; x_wconf 78' lang='grc' dir='ltr'>δι’</span> <span class='ocrx_word' id='word_1_32' title='bbox 392 790 560 843; x_wconf 80' lang='grc' dir='ltr'>αὐτοῦ</span> <span class='ocrx_word' id='word_1_33' title='bbox 598 792 723 855; x_wconf 77' lang='grc' dir='ltr'>τοὺς</span> <span class='ocrx_word' id='word_1_34' title='bbox 751 794 1071 863; x_wconf 82' lang='grc' dir='ltr'><strong>ἀνθρώπους</strong></span> <span class='ocrx_word' id='word_1_35' title='bbox 1112 798 1353 874; x_wconf 78' lang='grc' dir='ltr'>ἀπατᾷν,</span> <span class='ocrx_word' id='word_1_36' title='bbox 1406 804 1495 858; x_wconf 80' lang='grc' dir='ltr'>ἵνα</span> <span class='ocrx_word' id='word_1_37' title='bbox 1519 807 1680 869; x_wconf 83' lang='grc' dir='ltr'>ὼς,τδ</span> <span class='ocrx_word' id='word_1_38' title='bbox 1711 810 1884 879; x_wconf 45' lang='grc' dir='ltr'>ἅγιον,</span> 
     </span>
    </p>
   </div>
   <div class='ocr_carea' id='block_1_7' title="bbox 289 880 1870 965">
    <p class='ocr_par' dir='ltr' id='par_1_7' title="bbox 289 880 1870 965">
     <span class='ocr_line' id='line_1_7' title="bbox 289 880 1870 965; baseline 0.017 -35"><span class='ocrx_word' id='word_1_39' title='bbox 289 880 485 948; x_wconf 75' lang='grc' dir='ltr'>σχῆμα</span> <span class='ocrx_word' id='word_1_40' title='bbox 516 883 878 953; x_wconf 78' lang='grc' dir='ltr'><strong>ἠμφιεσμένοι</strong></span> <span class='ocrx_word' id='word_1_41' title='bbox 907 889 1198 958; x_wconf 82' lang='grc' dir='ltr'>τιμῶνται,</span> <span class='ocrx_word' id='word_1_42' title='bbox 1228 897 1327 957; x_wconf 85' lang='grc' dir='ltr'>τὰς</span> <span class='ocrx_word' id='word_1_43' title='bbox 1347 896 1645 965; x_wconf 76' lang='grc' dir='ltr'>ἐκκλησίας</span> <span class='ocrx_word' id='word_1_44' title='bbox 1680 902 1870 956; x_wconf 83' lang='grc' dir='ltr'>ὑπεισ-</span> 
     </span>
    </p>
   </div>
   <div class='ocr_carea' id='block_1_8' title="bbox 282 975 1867 1067">
    <p class='ocr_par' dir='ltr' id='par_1_8' title="bbox 282 975 1867 1067">
     <span class='ocr_line' id='line_1_8' title="bbox 282 975 1867 1067; baseline 0.016 -44"><span class='ocrx_word' id='word_1_45' title='bbox 282 975 551 1040; x_wconf 81' lang='grc' dir='ltr'>δόοντας,</span> <span class='ocrx_word' id='word_1_46' title='bbox 606 978 700 1030; x_wconf 76' lang='grc' dir='ltr'><strong>καὶ</strong></span> <span class='ocrx_word' id='word_1_47' title='bbox 747 980 1017 1035; x_wconf 83' lang='grc' dir='ltr'><strong>διδάσκειν</strong></span> <span class='ocrx_word' id='word_1_48' title='bbox 1062 985 1194 1045; x_wconf 78' lang='grc' dir='ltr'>ῖσως</span> <span class='ocrx_word' id='word_1_49' title='bbox 1241 991 1674 1061; x_wconf 77' lang='grc' dir='ltr'><strong>ἐπιχειροῦντας,</strong></span> <span class='ocrx_word' id='word_1_50' title='bbox 1727 997 1760 1067; x_wconf 77' lang='grc' dir='ltr'>ἦ</span> <span class='ocrx_word' id='word_1_51' title='bbox 1814 1015 1867 1051; x_wconf 91' lang='grc' dir='ltr'><strong>τι</strong></span> 
     </span>
    </p>
   </div>
   <div class='ocr_carea' id='block_1_9' title="bbox 282 1064 1867 1157">
    <p class='ocr_par' dir='ltr' id='par_1_9' title="bbox 282 1064 1867 1157">
     <span class='ocr_line' id='line_1_9' title="bbox 282 1064 1867 1157; baseline 0.018 -43"><span class='ocrx_word' id='word_1_52' title='bbox 282 1064 479 1157; x_wconf 70' lang='grc' dir='ltr'>ἕτερον</span> <span class='ocrx_word' id='word_1_53' title='bbox 551 1068 1008 1137; x_wconf 77' lang='grc' dir='ltr'>ἐκκλησιαστικὸν</span> <span class='ocrx_word' id='word_1_54' title='bbox 1057 1077 1323 1148; x_wconf 84' lang='grc' dir='ltr'>ἐνεργεῖν.</span> <span class='ocrx_word' id='word_1_55' title='bbox 1397 1084 1488 1137; x_wconf 81' lang='grc' dir='ltr'>καὶ</span> <span class='ocrx_word' id='word_1_56' title='bbox 1525 1086 1605 1146; x_wconf 84' lang='grc' dir='ltr'><strong>είς</strong></span> <span class='ocrx_word' id='word_1_57' title='bbox 1654 1087 1723 1140; x_wconf 83' lang='grc' dir='ltr'>τὰ</span> <span class='ocrx_word' id='word_1_58' title='bbox 1750 1064 1867 1157; x_wconf 19' lang='grc' dir='ltr'><strong>Ἵτῆς</strong></span> 
     </span>
    </p>
   </div>
   <div class='ocr_carea' id='block_1_10' title="bbox 286 1142 1866 1241">
    <p class='ocr_par' dir='ltr' id='par_1_10' title="bbox 286 1142 1866 1241">
     <span class='ocr_line' id='line_1_10' title="bbox 286 1142 1866 1241; baseline 0.017 -34"><span class='ocrx_word' id='word_1_59' title='bbox 286 1142 504 1220; x_wconf 69' lang='grc' dir='ltr'>πόλεως</span> <span class='ocrx_word' id='word_1_60' title='bbox 525 1162 829 1232; x_wconf 85' lang='grc' dir='ltr'>πράγματα</span> <span class='ocrx_word' id='word_1_61' title='bbox 845 1166 1073 1231; x_wconf 80' lang='grc' dir='ltr'>ἑαυτοὺς</span> <span class='ocrx_word' id='word_1_62' title='bbox 1111 1142 1617 1241; x_wconf 74' lang='grc' dir='ltr'>είσωθοῦντας,’καὶ</span> <span class='ocrx_word' id='word_1_63' title='bbox 1641 1142 1866 1233; x_wconf 71' lang='grc' dir='ltr'>διοικείν</span> 
     </span>
    </p>
   </div>
   <div class='ocr_carea' id='block_1_11' title="bbox 289 1250 1866 1340">
    <p class='ocr_par' dir='ltr' id='par_1_11' title="bbox 289 1250 1866 1340">
     <span class='ocr_line' id='line_1_11' title="bbox 289 1250 1866 1340; baseline 0.016 -39"><span class='ocrx_word' id='word_1_64' title='bbox 289 1250 466 1304; x_wconf 81' lang='grc' dir='ltr'>ταῦτα</span> <span class='ocrx_word' id='word_1_65' title='bbox 492 1252 764 1321; x_wconf 83' lang='grc' dir='ltr'><strong>θέλοντας,</strong></span> <span class='ocrx_word' id='word_1_66' title='bbox 784 1259 878 1310; x_wconf 81' lang='grc' dir='ltr'>καὶ</span> <span class='ocrx_word' id='word_1_67' title='bbox 895 1258 1040 1314; x_wconf 72' lang='grc' dir='ltr'>οὕτω</span> <span class='ocrx_word' id='word_1_68' title='bbox 1059 1265 1434 1333; x_wconf 84' lang='grc' dir='ltr'>ταράσσοντας</span> <span class='ocrx_word' id='word_1_69' title='bbox 1454 1269 1553 1333; x_wconf 85' lang='grc' dir='ltr'>τὰς</span> <span class='ocrx_word' id='word_1_70' title='bbox 1573 1271 1866 1340; x_wconf 77' lang='grc' dir='ltr'>ἐκκλησίας</span> 
     </span>
    </p>
   </div>
   <div class='ocr_carea' id='block_1_12' title="bbox 287 1343 1865 1430">
    <p class='ocr_par' dir='ltr' id='par_1_12' title="bbox 287 1343 1865 1430">
     <span class='ocr_line' id='line_1_12' title="bbox 287 1343 1865 1430; baseline 0.015 -37"><span class='ocrx_word' id='word_1_71' title='bbox 287 1360 343 1393; x_wconf 82' lang='grc' dir='ltr'><strong>τε</strong></span> <span class='ocrx_word' id='word_1_72' title='bbox 384 1343 484 1396; x_wconf 79' lang='grc' dir='ltr'>καὶ</span> <span class='ocrx_word' id='word_1_73' title='bbox 508 1346 603 1410; x_wconf 72' lang='grc' dir='ltr'><strong>τὰς</strong></span> <span class='ocrx_word' id='word_1_74' title='bbox 638 1348 937 1413; x_wconf 82' lang='grc' dir='ltr'>πολιτείας,</span> <span class='ocrx_word' id='word_1_75' title='bbox 971 1353 1071 1405; x_wconf 81' lang='grc' dir='ltr'><strong>οὐκ</strong></span> <span class='ocrx_word' id='word_1_76' title='bbox 1109 1354 1323 1425; x_wconf 84' lang='grc' dir='ltr'>ἀληθῶς</span> <span class='ocrx_word' id='word_1_77' title='bbox 1358 1361 1623 1430; x_wconf 82' lang='grc' dir='ltr'>μοναχοὺς</span> <span class='ocrx_word' id='word_1_78' title='bbox 1648 1363 1865 1428; x_wconf 80' lang='grc' dir='ltr'>ἡγεῖται</span> 
     </span>
    </p>
   </div>
   <div class='ocr_carea' id='block_1_13' title="bbox 290 1438 1862 1527">
    <p class='ocr_par' dir='ltr' id='par_1_13' title="bbox 290 1438 1862 1527">
     <span class='ocr_line' id='line_1_13' title="bbox 290 1438 1862 1527; baseline 0.016 -42"><span class='ocrx_word' id='word_1_79' title='bbox 290 1439 321 1501; x_wconf 75' lang='grc' dir='ltr'><strong>ἡ</strong></span> <span class='ocrx_word' id='word_1_80' title='bbox 354 1438 595 1498; x_wconf 75' lang='grc' dir='ltr'>σύνοδος.</span> <span class='ocrx_word' id='word_1_81' title='bbox 624 1440 891 1505; x_wconf 80' lang='grc' dir='ltr'>Καθάπαξ</span> <span class='ocrx_word' id='word_1_82' title='bbox 936 1443 992 1496; x_wconf 84' lang='grc' dir='ltr'>δὲ</span> <span class='ocrx_word' id='word_1_83' title='bbox 1042 1449 1207 1501; x_wconf 73' lang='grc' dir='ltr'>παντὶ</span> <span class='ocrx_word' id='word_1_84' title='bbox 1236 1450 1585 1519; x_wconf 84' lang='grc' dir='ltr'>ἀπηγόρευσε</span> <span class='ocrx_word' id='word_1_85' title='bbox 1614 1456 1862 1527; x_wconf 84' lang='grc' dir='ltr'>μηδαμοῦ</span> 
     </span>
    </p>
   </div>
   <div class='ocr_carea' id='block_1_14' title="bbox 286 1529 1861 1615">
    <p class='ocr_par' dir='ltr' id='par_1_14' title="bbox 286 1529 1861 1615">
     <span class='ocr_line' id='line_1_14' title="bbox 286 1529 1861 1615; baseline 0.015 -36"><span class='ocrx_word' id='word_1_86' title='bbox 286 1529 595 1598; x_wconf 62' lang='grc' dir='ltr'>οἰκοδομεῖν</span> <span class='ocrx_word' id='word_1_87' title='bbox 636 1537 995 1603; x_wconf 79' lang='grc' dir='ltr'>μοναστήριον</span> <span class='ocrx_word' id='word_1_88' title='bbox 1028 1537 1059 1608; x_wconf 79' lang='grc' dir='ltr'>ἢ</span> <span class='ocrx_word' id='word_1_89' title='bbox 1099 1540 1412 1611; x_wconf 85' lang='grc' dir='ltr'>εὐκτὴριον,</span> <span class='ocrx_word' id='word_1_90' title='bbox 1463 1544 1538 1615; x_wconf 83' lang='grc' dir='ltr'>μὴ</span> <span class='ocrx_word' id='word_1_91' title='bbox 1596 1547 1654 1600; x_wconf 82' lang='grc' dir='ltr'><strong>ἐν</strong></span> <span class='ocrx_word' id='word_1_92' title='bbox 1686 1549 1861 1612; x_wconf 83' lang='grc' dir='ltr'>πόλει,</span> 
     </span>
    </p>
   </div>
   <div class='ocr_carea' id='block_1_15' title="bbox 286 1621 1863 1711">
    <p class='ocr_par' dir='ltr' id='par_1_15' title="bbox 286 1621 1863 1711">
     <span class='ocr_line' id='line_1_15' title="bbox 286 1621 1863 1711; baseline 0.015 -40"><span class='ocrx_word' id='word_1_93' title='bbox 286 1621 365 1687; x_wconf 77' lang='grc' dir='ltr'>μὴ</span> <span class='ocrx_word' id='word_1_94' title='bbox 402 1622 456 1673; x_wconf 86' lang='grc' dir='ltr'><strong>ἐν</strong></span> <span class='ocrx_word' id='word_1_95' title='bbox 489 1621 668 1693; x_wconf 82' lang='grc' dir='ltr'>κώμη,</span> <span class='ocrx_word' id='word_1_96' title='bbox 703 1626 775 1693; x_wconf 81' lang='grc' dir='ltr'>μὴ</span> <span class='ocrx_word' id='word_1_97' title='bbox 802 1628 860 1678; x_wconf 85' lang='grc' dir='ltr'><strong>ἐν</strong></span> <span class='ocrx_word' id='word_1_98' title='bbox 890 1629 1137 1697; x_wconf 75' lang='grc' dir='ltr'>ἐρήμοις,</span> <span class='ocrx_word' id='word_1_99' title='bbox 1161 1633 1251 1685; x_wconf 77' lang='grc' dir='ltr'><strong>καὶ</strong></span> <span class='ocrx_word' id='word_1_100' title='bbox 1277 1634 1429 1704; x_wconf 81' lang='grc' dir='ltr'>ὄρεσι</span> <span class='ocrx_word' id='word_1_101' title='bbox 1461 1639 1615 1705; x_wconf 87' lang='grc' dir='ltr'><strong>παρά</strong></span> <span class='ocrx_word' id='word_1_102' title='bbox 1636 1640 1863 1711; x_wconf 78' lang='grc' dir='ltr'>γνώμην</span> 
     </span>
    </p>
   </div>
   <div class='ocr_carea' id='block_1_16' title="bbox 282 1713 1863 1804">
    <p class='ocr_par' dir='ltr' id='par_1_16' title="bbox 282 1713 1863 1804">
     <span class='ocr_line' id='line_1_16' title="bbox 282 1713 1863 1804; baseline 0.016 -42"><span class='ocrx_word' id='word_1_103' title='bbox 282 1713 382 1765; x_wconf 83' lang='grc' dir='ltr'><strong>τοῦ</strong></span> <span class='ocrx_word' id='word_1_104' title='bbox 409 1715 549 1766; x_wconf 79' lang='grc' dir='ltr'>κατὰ</span> <span class='ocrx_word' id='word_1_105' title='bbox 609 1717 791 1786; x_wconf 80' lang='grc' dir='ltr'>χώραν</span> <span class='ocrx_word' id='word_1_106' title='bbox 850 1720 1172 1784; x_wconf 83' lang='grc' dir='ltr'>ἐπισκόπου,</span> <span class='ocrx_word' id='word_1_107' title='bbox 1210 1728 1452 1792; x_wconf 78' lang='grc' dir='ltr'>καὶτοὺς</span> <span class='ocrx_word' id='word_1_108' title='bbox 1489 1734 1753 1801; x_wconf 77' lang='grc' dir='ltr'>μοναχοῦς</span> <span class='ocrx_word' id='word_1_109' title='bbox 1785 1735 1863 1804; x_wconf 81' lang='grc' dir='ltr'>τῷ</span> 
     </span>
    </p>
   </div>
   <div class='ocr_carea' id='block_1_17' title="bbox 283 1804 1937 1893">
    <p class='ocr_par' dir='ltr' id='par_1_17' title="bbox 283 1804 1937 1893">
     <span class='ocr_line' id='line_1_17' title="bbox 283 1804 1937 1893; baseline 0.016 -39"><span class='ocrx_word' id='word_1_110' title='bbox 283 1807 531 1875; x_wconf 61' lang='grc' dir='ltr'>ἑκάστης</span> <span class='ocrx_word' id='word_1_111' title='bbox 572 1810 781 1872; x_wconf 87' lang='grc' dir='ltr'>πόλεως</span> <span class='ocrx_word' id='word_1_112' title='bbox 835 1814 1118 1881; x_wconf 73' lang='grc' dir='ltr'>ἐπισκόπῳ</span> <span class='ocrx_word' id='word_1_113' title='bbox 1174 1818 1541 1891; x_wconf 78' lang='grc' dir='ltr'>ὑποτετάχθαι</span> <span class='ocrx_word' id='word_1_114' title='bbox 1585 1826 1862 1893; x_wconf 83' lang='grc' dir='ltr'>ἐκέλευσε,</span> <span class='ocrx_word' id='word_1_115' title='bbox 1897 1804 1937 1858; x_wconf 76' lang='grc' dir='ltr'><strong>Β</strong></span> 
     </span>
    </p>
   </div>
   <div class='ocr_carea' id='block_1_18' title="bbox 280 1897 1865 1987">
    <p class='ocr_par' dir='ltr' id='par_1_18' title="bbox 280 1897 1865 1987">
     <span class='ocr_line' id='line_1_18' title="bbox 280 1897 1865 1987; baseline 0.016 -40"><span class='ocrx_word' id='word_1_116' title='bbox 280 1897 384 1948; x_wconf 70' lang='grc' dir='ltr'><strong>καί</strong></span> <span class='ocrx_word' id='word_1_117' title='bbox 415 1900 708 1967; x_wconf 74' lang='grc' dir='ltr'>ἡσυχάζειν</span> <span class='ocrx_word' id='word_1_118' title='bbox 739 1904 797 1954; x_wconf 88' lang='grc' dir='ltr'><strong>ἐν</strong></span> <span class='ocrx_word' id='word_1_119' title='bbox 825 1900 907 1966; x_wconf 73' lang='grc' dir='ltr'>οἷς</span> <span class='ocrx_word' id='word_1_120' title='bbox 941 1906 1281 1972; x_wconf 80' lang='grc' dir='ltr'>ἀπετάξαντο</span> <span class='ocrx_word' id='word_1_121' title='bbox 1307 1913 1517 1975; x_wconf 86' lang='grc' dir='ltr'>τόποις,</span> <span class='ocrx_word' id='word_1_122' title='bbox 1555 1916 1865 1987; x_wconf 78' lang='grc' dir='ltr'>ἐργαζομέ-</span> 
     </span>
    </p>
   </div>
   <div class='ocr_carea' id='block_1_19' title="bbox 246 1993 1868 2078">
    <p class='ocr_par' dir='ltr' id='par_1_19' title="bbox 246 1993 1868 2078">
     <span class='ocr_line' id='line_1_19' title="bbox 246 1993 1868 2078; baseline 0.017 -41"><span class='ocrx_word' id='word_1_123' title='bbox 246 2000 257 2011; x_wconf 86' lang='grc'><em>’</em></span> <span class='ocrx_word' id='word_1_124' title='bbox 280 2009 419 2051; x_wconf 51' lang='grc' dir='ltr'>πέους</span> <span class='ocrx_word' id='word_1_125' title='bbox 446 1993 547 2054; x_wconf 76' lang='grc' dir='ltr'>τὰς</span> <span class='ocrx_word' id='word_1_126' title='bbox 581 1994 802 2064; x_wconf 76' lang='grc' dir='ltr'>ἀρετὰς,</span> <span class='ocrx_word' id='word_1_127' title='bbox 841 1999 934 2049; x_wconf 75' lang='grc' dir='ltr'><strong>καὶ</strong></span> <span class='ocrx_word' id='word_1_128' title='bbox 966 2001 1306 2068; x_wconf 84' lang='grc' dir='ltr'>ἀμεθέκτους</span> <span class='ocrx_word' id='word_1_129' title='bbox 1335 2004 1494 2067; x_wconf 78' lang='grc' dir='ltr'>ὄντας</span> <span class='ocrx_word' id='word_1_130' title='bbox 1524 2010 1868 2078; x_wconf 75' lang='grc' dir='ltr'>πραγμάτων</span> 
     </span>
    </p>
   </div>
   <div class='ocr_carea' id='block_1_20' title="bbox 279 2085 1866 2172">
    <p class='ocr_par' dir='ltr' id='par_1_20' title="bbox 279 2085 1866 2172">
     <span class='ocr_line' id='line_1_20' title="bbox 279 2085 1866 2172; baseline 0.014 -39"><span class='ocrx_word' id='word_1_131' title='bbox 279 2085 760 2153; x_wconf 79' lang='grc' dir='ltr'>ἑκκλησιαστικων</span> <span class='ocrx_word' id='word_1_132' title='bbox 780 2090 913 2160; x_wconf 84' lang='grc' dir='ltr'>ὁμοῦ</span> <span class='ocrx_word' id='word_1_133' title='bbox 932 2093 1027 2145; x_wconf 83' lang='grc' dir='ltr'><strong>καὶ</strong></span> <span class='ocrx_word' id='word_1_134' title='bbox 1062 2094 1379 2158; x_wconf 83' lang='grc' dir='ltr'>πολιτικῶν.</span> <span class='ocrx_word' id='word_1_135' title='bbox 1414 2100 1548 2167; x_wconf 84' lang='grc' dir='ltr'>μηδὲ</span> <span class='ocrx_word' id='word_1_136' title='bbox 1591 2103 1866 2172; x_wconf 78' lang='grc' dir='ltr'>καταλιμ-</span> 
     </span>
    </p>
   </div>
   <div class='ocr_carea' id='block_1_21' title="bbox 283 2177 1872 2259">
    <p class='ocr_par' dir='ltr' id='par_1_21' title="bbox 283 2177 1872 2259">
     <span class='ocr_line' id='line_1_21' title="bbox 283 2177 1872 2259; baseline 0.014 -33"><span class='ocrx_word' id='word_1_137' title='bbox 283 2177 489 2229; x_wconf 73' lang='grc' dir='ltr'>πάνειν</span> <span class='ocrx_word' id='word_1_138' title='bbox 520 2178 587 2231; x_wconf 88' lang='grc' dir='ltr'><strong>τά</strong></span> <span class='ocrx_word' id='word_1_139' title='bbox 608 2181 714 2234; x_wconf 77' lang='grc' dir='ltr'>ἴδια</span> <span class='ocrx_word' id='word_1_140' title='bbox 752 2186 1115 2255; x_wconf 85' lang='grc' dir='ltr'>μοναστήρια,</span> <span class='ocrx_word' id='word_1_141' title='bbox 1146 2190 1238 2240; x_wconf 69' lang='grc' dir='ltr'><strong>καὶ</strong></span> <span class='ocrx_word' id='word_1_142' title='bbox 1273 2190 1574 2259; x_wconf 79' lang='grc' dir='ltr'>διοικήσεσι</span> <span class='ocrx_word' id='word_1_143' title='bbox 1593 2199 1872 2248; x_wconf 81' lang='grc' dir='ltr'>κοινωνεῖν</span> 
     </span>
    </p>
   </div>
   <div class='ocr_carea' id='block_1_22' title="bbox 280 2270 1869 2351">
    <p class='ocr_par' dir='ltr' id='par_1_22' title="bbox 280 2270 1869 2351">
     <span class='ocr_line' id='line_1_22' title="bbox 280 2270 1869 2351; baseline 0.011 -28"><span class='ocrx_word' id='word_1_144' title='bbox 280 2270 661 2337; x_wconf 75' lang='grc' dir='ltr'>πραγμάτων,</span> <span class='ocrx_word' id='word_1_145' title='bbox 718 2275 767 2327; x_wconf 87' lang='grc' dir='ltr'><strong>εί</strong></span> <span class='ocrx_word' id='word_1_146' title='bbox 816 2278 888 2346; x_wconf 89' lang='grc' dir='ltr'>μή</span> <span class='ocrx_word' id='word_1_147' title='bbox 948 2296 1051 2331; x_wconf 91' lang='grc' dir='ltr'><strong>που</strong></span> <span class='ocrx_word' id='word_1_148' title='bbox 1081 2281 1108 2332; x_wconf 83' lang='grc' dir='ltr'>ὁ</span> <span class='ocrx_word' id='word_1_149' title='bbox 1138 2282 1237 2350; x_wconf 78' lang='grc' dir='ltr'>τῆς</span> <span class='ocrx_word' id='word_1_150' title='bbox 1302 2284 1513 2347; x_wconf 81' lang='grc' dir='ltr'>πόλεως</span> <span class='ocrx_word' id='word_1_151' title='bbox 1565 2287 1869 2351; x_wconf 75' lang='grc' dir='ltr'>ἐπίσκοπος</span> 
     </span>
    </p>
   </div>
   <div class='ocr_carea' id='block_1_23' title="bbox 283 2361 1868 2447">
    <p class='ocr_par' dir='ltr' id='par_1_23' title="bbox 283 2361 1868 2447">
     <span class='ocr_line' id='line_1_23' title="bbox 283 2361 1868 2447; baseline 0.014 -37"><span class='ocrx_word' id='word_1_152' title='bbox 283 2361 585 2430; x_wconf 72' lang='grc' dir='ltr'>ἐπιτρέψει</span> <span class='ocrx_word' id='word_1_153' title='bbox 646 2365 759 2417; x_wconf 71' lang='grc' dir='ltr'>τισὶ</span> <span class='ocrx_word' id='word_1_154' title='bbox 823 2370 1169 2436; x_wconf 85' lang='grc' dir='ltr'>πραγμάτων</span> <span class='ocrx_word' id='word_1_155' title='bbox 1199 2374 1513 2442; x_wconf 69' lang='grc' dir='ltr'>οἰκονομίαν</span> <span class='ocrx_word' id='word_1_156' title='bbox 1551 2377 1636 2429; x_wconf 82' lang='grc' dir='ltr'>διὰ</span> <span class='ocrx_word' id='word_1_157' title='bbox 1680 2379 1868 2447; x_wconf 86' lang='grc' dir='ltr'>χρείαν</span> 
     </span>
    </p>
   </div>
   <div class='ocr_carea' id='block_1_24' title="bbox 277 2453 1867 2543">
    <p class='ocr_par' dir='ltr' id='par_1_24' title="bbox 277 2453 1867 2543">
     <span class='ocr_line' id='line_1_24' title="bbox 277 2453 1867 2543; baseline 0.013 -38"><span class='ocrx_word' id='word_1_158' title='bbox 277 2453 618 2522; x_wconf 70' lang='grc' dir='ltr'>ἀναγκαίαν,</span> <span class='ocrx_word' id='word_1_159' title='bbox 670 2459 861 2527; x_wconf 86' lang='grc' dir='ltr'>κρίνας</span> <span class='ocrx_word' id='word_1_160' title='bbox 906 2463 1036 2523; x_wconf 80' lang='grc' dir='ltr'>ἴσως</span> <span class='ocrx_word' id='word_1_161' title='bbox 1084 2465 1283 2529; x_wconf 80' lang='grc' dir='ltr'>αὐτοὺς</span> <span class='ocrx_word' id='word_1_162' title='bbox 1344 2468 1686 2537; x_wconf 75' lang='grc' dir='ltr'>ἐπιτηδείους</span> <span class='ocrx_word' id='word_1_163' title='bbox 1731 2475 1867 2543; x_wconf 84' lang='grc' dir='ltr'>πρὸς</span> 
     </span>
    </p>
   </div>
   <div class='ocr_carea' id='block_1_25' title="bbox 278 2545 1867 2632">
    <p class='ocr_par' dir='ltr' id='par_1_25' title="bbox 278 2545 1867 2632">
     <span class='ocr_line' id='line_1_25' title="bbox 278 2545 1867 2632; baseline 0.011 -35"><span class='ocrx_word' id='word_1_164' title='bbox 278 2545 547 2615; x_wconf 71' lang='grc' dir='ltr'><strong>⁸τοιαύτην</strong></span> <span class='ocrx_word' id='word_1_165' title='bbox 590 2548 895 2617; x_wconf 84' lang='grc' dir='ltr'>διοίκησιν,</span> <span class='ocrx_word' id='word_1_166' title='bbox 959 2553 1053 2605; x_wconf 76' lang='grc' dir='ltr'><strong>καὶ</strong></span> <span class='ocrx_word' id='word_1_167' title='bbox 1103 2555 1324 2623; x_wconf 83' lang='grc' dir='ltr'>ἀπορῶν</span> <span class='ocrx_word' id='word_1_168' title='bbox 1369 2558 1574 2627; x_wconf 83' lang='grc' dir='ltr'>ἐτέρων</span> <span class='ocrx_word' id='word_1_169' title='bbox 1628 2562 1760 2632; x_wconf 76' lang='grc' dir='ltr'>πρὸς</span> <span class='ocrx_word' id='word_1_170' title='bbox 1804 2563 1867 2616; x_wconf 86' lang='grc' dir='ltr'><strong>τὸ</strong></span> 
     </span>
    </p>
   </div>
   <div class='ocr_carea' id='block_1_26' title="bbox 281 2640 1867 2725">
    <p class='ocr_par' dir='ltr' id='par_1_26' title="bbox 281 2640 1867 2725">
     <span class='ocr_line' id='line_1_26' title="bbox 281 2640 1867 2725; baseline 0.014 -38"><span class='ocrx_word' id='word_1_171' title='bbox 281 2640 526 2705; x_wconf 79' lang='grc' dir='ltr'>πρᾶγμα</span> <span class='ocrx_word' id='word_1_172' title='bbox 554 2640 811 2695; x_wconf 85' lang='grc' dir='ltr'>τοιοῦ·ον.</span> <span class='ocrx_word' id='word_1_173' title='bbox 838 2642 1024 2697; x_wconf 84' lang='grc' dir='ltr'>Ταῦτα</span> <span class='ocrx_word' id='word_1_174' title='bbox 1074 2645 1222 2715; x_wconf 77' lang='grc' dir='ltr'>καὶὴ</span> <span class='ocrx_word' id='word_1_175' title='bbox 1252 2648 1468 2713; x_wconf 80' lang='grc' dir='ltr'>σύνοδος</span> <span class='ocrx_word' id='word_1_176' title='bbox 1497 2652 1525 2720; x_wconf 75' lang='grc' dir='ltr'><strong>η</strong></span> <span class='ocrx_word' id='word_1_177' title='bbox 1559 2652 1615 2703; x_wconf 84' lang='grc' dir='ltr'><strong>ἐν</strong></span> <span class='ocrx_word' id='word_1_178' title='bbox 1646 2654 1717 2721; x_wconf 74' lang='grc' dir='ltr'><strong>τῷ</strong></span> <span class='ocrx_word' id='word_1_179' title='bbox 1752 2656 1867 2725; x_wconf 81' lang='grc' dir='ltr'><strong>ναῷ</strong></span> 
     </span>
    </p>
   </div>
   <div class='ocr_carea' id='block_1_27' title="bbox 278 2730 1864 2817">
    <p class='ocr_par' dir='ltr' id='par_1_27' title="bbox 278 2730 1864 2817">
     <span class='ocr_line' id='line_1_27' title="bbox 278 2730 1864 2817; baseline 0.012 -36"><span class='ocrx_word' id='word_1_180' title='bbox 278 2730 395 2782; x_wconf 75' lang='grc' dir='ltr'><strong>τῶν</strong></span> <span class='ocrx_word' id='word_1_181' title='bbox 433 2730 986 2796; x_wconf 76' lang='grc' dir='ltr'>ἈγίωνἈποστόλων</span> <span class='ocrx_word' id='word_1_182' title='bbox 1019 2740 1454 2809; x_wconf 83' lang='grc' dir='ltr'>συγκροτηθεῖσα</span> <span class='ocrx_word' id='word_1_183' title='bbox 1485 2745 1541 2795; x_wconf 86' lang='grc' dir='ltr'><strong>ἐν</strong></span> <span class='ocrx_word' id='word_1_184' title='bbox 1563 2745 1637 2814; x_wconf 82' lang='grc' dir='ltr'>τῷ</span> <span class='ocrx_word' id='word_1_185' title='bbox 1663 2748 1864 2817; x_wconf 85' lang='grc' dir='ltr'>πρώτῳ</span> 
     </span>
    </p>
   </div>
   <div class='ocr_carea' id='block_1_28' title="bbox 281 2824 1867 2908">
    <p class='ocr_par' dir='ltr' id='par_1_28' title="bbox 281 2824 1867 2908">
     <span class='ocr_line' id='line_1_28' title="bbox 281 2824 1867 2908; baseline 0.011 -33"><span class='ocrx_word' id='word_1_186' title='bbox 281 2824 478 2875; x_wconf 77' lang='grc' dir='ltr'>κανόνι</span> <span class='ocrx_word' id='word_1_187' title='bbox 529 2824 923 2887; x_wconf 81' lang='grc' dir='ltr'>διακελεύεται,</span> <span class='ocrx_word' id='word_1_188' title='bbox 984 2831 1081 2882; x_wconf 77' lang='grc' dir='ltr'><strong>καὶ</strong></span> <span class='ocrx_word' id='word_1_189' title='bbox 1113 2832 1140 2881; x_wconf 84' lang='grc' dir='ltr'>ὁ</span> <span class='ocrx_word' id='word_1_190' title='bbox 1168 2831 1236 2896; x_wconf 78' lang='grc' dir='ltr'><strong>ιζ’</strong></span> <span class='ocrx_word' id='word_1_191' title='bbox 1274 2834 1452 2887; x_wconf 85' lang='grc' dir='ltr'>κανὼν</span> <span class='ocrx_word' id='word_1_192' title='bbox 1502 2840 1600 2905; x_wconf 86' lang='grc' dir='ltr'>τῆς</span> <span class='ocrx_word' id='word_1_193' title='bbox 1634 2840 1867 2908; x_wconf 74' lang='grc' dir='ltr'>ἑϐδόμης</span> 
     </span>
    </p>
   </div>
   <div class='ocr_carea' id='block_1_29' title="bbox 283 2914 1864 3000">
    <p class='ocr_par' dir='ltr' id='par_1_29' title="bbox 283 2914 1864 3000">
     <span class='ocr_line' id='line_1_29' title="bbox 283 2914 1864 3000; baseline 0.011 -35"><span class='ocrx_word' id='word_1_194' title='bbox 283 2914 534 2966; x_wconf 73' lang='grc' dir='ltr'>συνόδου.</span> <span class='ocrx_word' id='word_1_195' title='bbox 601 2915 760 2984; x_wconf 77' lang='grc' dir='ltr'>Ἑξῆς</span> <span class='ocrx_word' id='word_1_196' title='bbox 821 2918 877 2969; x_wconf 81' lang='grc' dir='ltr'>δὲ</span> <span class='ocrx_word' id='word_1_197' title='bbox 935 2920 961 2970; x_wconf 82' lang='grc' dir='ltr'><strong>ὁ</strong></span> <span class='ocrx_word' id='word_1_198' title='bbox 1020 2922 1201 2972; x_wconf 78' lang='grc' dir='ltr'>κανὼν</span> <span class='ocrx_word' id='word_1_199' title='bbox 1258 2918 1412 2987; x_wconf 73' lang='grc' dir='ltr'>οὗτος</span> <span class='ocrx_word' id='word_1_200' title='bbox 1462 2927 1739 2995; x_wconf 75' lang='grc' dir='ltr'>οἰκονομεῖ</span> <span class='ocrx_word' id='word_1_201' title='bbox 1791 2931 1864 3000; x_wconf 83' lang='grc' dir='ltr'>μὴ</span> 
     </span>
    </p>
   </div>
   <div class='ocr_carea' id='block_1_30' title="bbox 283 3008 1863 3087">
    <p class='ocr_par' dir='ltr' id='par_1_30' title="bbox 283 3008 1863 3087">
     <span class='ocr_line' id='line_1_30' title="bbox 283 3008 1863 3087; baseline 0.01 -28"><span class='ocrx_word' id='word_1_202' title='bbox 283 3009 687 3075; x_wconf 76' lang='grc' dir='ltr'>προσδέχεσθαι</span> <span class='ocrx_word' id='word_1_203' title='bbox 739 3008 958 3071; x_wconf 78' lang='grc' dir='ltr'>δούλους</span> <span class='ocrx_word' id='word_1_204' title='bbox 997 3015 1054 3064; x_wconf 88' lang='grc' dir='ltr'><strong>ἐν</strong></span> <span class='ocrx_word' id='word_1_205' title='bbox 1110 3018 1461 3086; x_wconf 84' lang='grc' dir='ltr'>μοναστηρίῳ</span> <span class='ocrx_word' id='word_1_206' title='bbox 1510 3022 1742 3087; x_wconf 79' lang='grc' dir='ltr'>μονάσαι</span> <span class='ocrx_word' id='word_1_207' title='bbox 1776 3022 1863 3074; x_wconf 80' lang='grc' dir='ltr'><strong>θέ-</strong></span> 
     </span>
    </p>
   </div>
   <div class='ocr_carea' id='block_1_31' title="bbox 1370 328 2423 404">
    <p class='ocr_par' dir='ltr' id='par_1_31' title="bbox 1370 328 2423 404">
     <span class='ocr_line' id='line_1_31' title="bbox 1370 328 2423 404; baseline 0.016 -17"><span class='ocrx_word' id='word_1_208' title='bbox 1370 328 1454 388; x_wconf 83' lang='lat' dir='ltr'><strong>IN</strong></span> <span class='ocrx_word' id='word_1_209' title='bbox 1490 330 1651 394; x_wconf 84' lang='lat' dir='ltr'><strong>CAN.</strong></span> <span class='ocrx_word' id='word_1_210' title='bbox 1698 331 1773 392; x_wconf 79' lang='lat' dir='ltr'><strong>IV</strong></span> <span class='ocrx_word' id='word_1_211' title='bbox 1809 334 2017 398; x_wconf 80' lang='lat' dir='ltr'><strong>CONC.</strong></span> <span class='ocrx_word' id='word_1_212' title='bbox 2061 341 2423 404; x_wconf 83' lang='lat' dir='ltr'><strong>CHALCED.</strong></span> 
     </span>
    </p>
   </div>
   <div class='ocr_carea' id='block_1_32' title="bbox 3448 354 3567 417">
    <p class='ocr_par' dir='ltr' id='par_1_32' title="bbox 3448 354 3567 417">
     <span class='ocr_line' id='line_1_32' title="bbox 3448 354 3567 417; baseline 0.034 -8"><span class='ocrx_word' id='word_1_213' title='bbox 3448 354 3567 417; x_wconf 63' lang='grc' dir='ltr'><strong>4θὲ.</strong></span> 
     </span>
    </p>
   </div>
   <div class='ocr_carea' id='block_1_33' title="bbox 1586 440 3557 529">
    <p class='ocr_par' dir='ltr' id='par_1_33' title="bbox 1586 440 3557 529">
     <span class='ocr_line' id='line_1_33' title="bbox 1586 440 3557 529; baseline 0.013 -29"><span class='ocrx_word' id='word_1_214' title='bbox 1586 455 1712 501; x_wconf 84' lang='grc' dir='ltr'>ντας</span> <span class='ocrx_word' id='word_1_215' title='bbox 1766 440 1865 508; x_wconf 72' lang='grc' dir='ltr'>’τὴν</span> <span class='ocrx_word' id='word_1_216' title='bbox 1897 447 1936 499; x_wconf 82' lang='grc' dir='ltr'><strong>Α</strong></span> <span class='ocrx_word' id='word_1_217' title='bbox 1970 454 2333 509; x_wconf 89' lang='lat' dir='ltr'><strong>monasticum</strong></span> <span class='ocrx_word' id='word_1_218' title='bbox 2387 459 2507 512; x_wconf 84' lang='lat' dir='ltr'><strong>vin</strong></span> <span class='ocrx_word' id='word_1_219' title='bbox 2552 475 2718 528; x_wconf 80' lang='lat' dir='ltr'><strong>genus</strong></span> <span class='ocrx_word' id='word_1_220' title='bbox 2770 463 3014 529; x_wconf 76' lang='lat' dir='ltr'><strong>elegere,</strong></span> <span class='ocrx_word' id='word_1_221' title='bbox 3070 464 3136 519; x_wconf 88' lang='lat' dir='ltr'><strong>iis</strong></span> <span class='ocrx_word' id='word_1_222' title='bbox 3174 463 3433 519; x_wconf 84' lang='lat' dir='ltr'><strong>honorem</strong></span> <span class='ocrx_word' id='word_1_223' title='bbox 3480 487 3557 524; x_wconf 60' lang='lat' dir='ltr'><strong>et</strong></span> 
     </span>
    </p>
   </div>
   <div class='ocr_carea' id='block_1_34' title="bbox 1981 544 3549 625">
    <p class='ocr_par' dir='ltr' id='par_1_34' title="bbox 1981 544 3549 625">
     <span class='ocr_line' id='line_1_34' title="bbox 1981 544 3549 625; baseline 0.013 -34"><span class='ocrx_word' id='word_1_224' title='bbox 1981 544 2172 595; x_wconf 81' lang='lat' dir='ltr'><strong>merito</strong></span> <span class='ocrx_word' id='word_1_225' title='bbox 2208 546 2390 601; x_wconf 79' lang='lat' dir='ltr'><strong>deberi</strong></span> <span class='ocrx_word' id='word_1_226' title='bbox 2441 558 2628 602; x_wconf 82' lang='lat' dir='ltr'><strong>sancta</strong></span> <span class='ocrx_word' id='word_1_227' title='bbox 2673 552 2908 617; x_wconf 84' lang='lat' dir='ltr'><strong>synodus</strong></span> <span class='ocrx_word' id='word_1_228' title='bbox 2942 555 3295 609; x_wconf 80' lang='lat' dir='ltr'><strong>existimavit.</strong></span> <span class='ocrx_word' id='word_1_229' title='bbox 3331 557 3398 610; x_wconf 81' lang='lat' dir='ltr'><strong>At</strong></span> <span class='ocrx_word' id='word_1_230' title='bbox 3429 559 3549 625; x_wconf 75' lang='lat' dir='ltr'><strong>qui~</strong></span> 
     </span>
    </p>
   </div>
   <div class='ocr_carea' id='block_1_35' title="bbox 1978 641 3549 713">
    <p class='ocr_par' dir='ltr' id='par_1_35' title="bbox 1978 641 3549 713">
     <span class='ocr_line' id='line_1_35' title="bbox 1978 641 3549 713; baseline 0.011 -24"><span class='ocrx_word' id='word_1_231' title='bbox 1978 653 2190 706; x_wconf 84' lang='lat' dir='ltr'><strong>cunque</strong></span> <span class='ocrx_word' id='word_1_232' title='bbox 2235 641 2441 703; x_wconf 85' lang='lat' dir='ltr'><strong>habitu,</strong></span> <span class='ocrx_word' id='word_1_233' title='bbox 2492 643 2542 696; x_wconf 92' lang='lat' dir='ltr'><strong>in</strong></span> <span class='ocrx_word' id='word_1_234' title='bbox 2578 656 2917 712; x_wconf 60' lang='lat' dir='ltr'><strong>pratextum,</strong></span> <span class='ocrx_word' id='word_1_235' title='bbox 2972 648 3025 702; x_wconf 90' lang='lat' dir='ltr'><strong>id</strong></span> <span class='ocrx_word' id='word_1_236' title='bbox 3067 660 3169 713; x_wconf 76' lang='lat' dir='ltr'><strong>est,</strong></span> <span class='ocrx_word' id='word_1_237' title='bbox 3206 650 3258 703; x_wconf 92' lang='lat' dir='ltr'><strong>in</strong></span> <span class='ocrx_word' id='word_1_238' title='bbox 3303 660 3549 706; x_wconf 81' lang='lat' dir='ltr'><strong>ostenta-</strong></span> 
     </span>
    </p>
   </div>
   <div class='ocr_carea' id='block_1_36' title="bbox 1979 730 3569 804">
    <p class='ocr_par' dir='ltr' id='par_1_36' title="bbox 1979 730 3569 804">
     <span class='ocr_line' id='line_1_36' title="bbox 1979 730 3569 804; baseline 0.01 -22"><span class='ocrx_word' id='word_1_239' title='bbox 1979 730 2176 783; x_wconf 84' lang='lat' dir='ltr'><strong>tionem</strong></span> <span class='ocrx_word' id='word_1_240' title='bbox 2231 733 2402 787; x_wconf 89' lang='lat' dir='ltr'><strong>solum</strong></span> <span class='ocrx_word' id='word_1_241' title='bbox 2457 736 2522 788; x_wconf 88' lang='lat' dir='ltr'><strong>ad</strong></span> <span class='ocrx_word' id='word_1_242' title='bbox 2570 736 2942 804; x_wconf 74' lang='lat' dir='ltr'><strong>decipiendum</strong></span> <span class='ocrx_word' id='word_1_243' title='bbox 2998 750 3252 803; x_wconf 88' lang='lat' dir='ltr'><strong>utuntur.</strong></span> <span class='ocrx_word' id='word_1_244' title='bbox 3297 752 3355 797; x_wconf 92' lang='lat' dir='ltr'><strong>ut</strong></span> <span class='ocrx_word' id='word_1_245' title='bbox 3406 744 3569 799; x_wconf 74' lang='lat' dir='ltr'><strong>illius~</strong></span> 
     </span>
    </p>
   </div>
   <div class='ocr_carea' id='block_1_37' title="bbox 1976 822 3545 898">
    <p class='ocr_par' dir='ltr' id='par_1_37' title="bbox 1976 822 3545 898">
     <span class='ocr_line' id='line_1_37' title="bbox 1976 822 3545 898; baseline 0.01 -25"><span class='ocrx_word' id='word_1_246' title='bbox 1976 822 2199 876; x_wconf 87' lang='lat' dir='ltr'><strong>ohtenttt</strong></span> <span class='ocrx_word' id='word_1_247' title='bbox 2228 823 2440 881; x_wconf 81' lang='lat' dir='ltr'><strong>facilius</strong></span> <span class='ocrx_word' id='word_1_248' title='bbox 2463 828 2707 882; x_wconf 85' lang='lat' dir='ltr'><strong>homines</strong></span> <span class='ocrx_word' id='word_1_249' title='bbox 2738 830 2788 882; x_wconf 94' lang='lat' dir='ltr'><strong>in</strong></span> <span class='ocrx_word' id='word_1_250' title='bbox 2824 828 3067 884; x_wconf 84' lang='lat' dir='ltr'><strong>fraudem</strong></span> <span class='ocrx_word' id='word_1_251' title='bbox 3101 832 3362 898; x_wconf 81' lang='lat' dir='ltr'><strong>alliciant,</strong></span> <span class='ocrx_word' id='word_1_252' title='bbox 3392 852 3457 888; x_wconf 85' lang='lat' dir='ltr'><strong>ac.</strong></span> <span class='ocrx_word' id='word_1_253' title='bbox 3492 838 3545 890; x_wconf 92' lang='lat' dir='ltr'><strong>in</strong></span> 
     </span>
    </p>
   </div>
   <div class='ocr_carea' id='block_1_38' title="bbox 1976 917 3571 993">
    <p class='ocr_par' dir='ltr' id='par_1_38' title="bbox 1976 917 3571 993">
     <span class='ocr_line' id='line_1_38' title="bbox 1976 917 3571 993; baseline 0.013 -30"><span class='ocrx_word' id='word_1_254' title='bbox 1976 922 2160 966; x_wconf 84' lang='lat' dir='ltr'><strong>sancta</strong></span> <span class='ocrx_word' id='word_1_255' title='bbox 2208 927 2357 969; x_wconf 88' lang='lat' dir='ltr'><strong>veste</strong></span> <span class='ocrx_word' id='word_1_256' title='bbox 2408 917 2506 983; x_wconf 84' lang='lat' dir='ltr'><strong>ipsi</strong></span> <span class='ocrx_word' id='word_1_257' title='bbox 2553 919 2651 971; x_wconf 89' lang='lat' dir='ltr'><strong>sibi</strong></span> <span class='ocrx_word' id='word_1_258' title='bbox 2703 919 2961 974; x_wconf 89' lang='lat' dir='ltr'><strong>honorem</strong></span> <span class='ocrx_word' id='word_1_259' title='bbox 3012 936 3366 993; x_wconf 77' lang='lat' dir='ltr'><strong>aucupentur,</strong></span> <span class='ocrx_word' id='word_1_260' title='bbox 3424 944 3571 982; x_wconf 63' lang='lat' dir='ltr'><strong>cum~</strong></span> 
     </span>
    </p>
   </div>
   <div class='ocr_carea' id='block_1_39' title="bbox 1977 1001 3573 1074">
    <p class='ocr_par' dir='ltr' id='par_1_39' title="bbox 1977 1001 3573 1074">
     <span class='ocr_line' id='line_1_39' title="bbox 1977 1001 3573 1074; baseline 0.011 -19"><span class='ocrx_word' id='word_1_261' title='bbox 1977 1001 2176 1057; x_wconf 86' lang='lat' dir='ltr'><strong>interea</strong></span> <span class='ocrx_word' id='word_1_262' title='bbox 2222 1018 2275 1057; x_wconf 91' lang='lat' dir='ltr'><strong>et</strong></span> <span class='ocrx_word' id='word_1_263' title='bbox 2330 1009 2588 1062; x_wconf 79' lang='lat' dir='ltr'><strong>ecclesias</strong></span> <span class='ocrx_word' id='word_1_264' title='bbox 2619 1009 2839 1074; x_wconf 88' lang='lat' dir='ltr'><strong>obeant,</strong></span> <span class='ocrx_word' id='word_1_265' title='bbox 2870 1020 2923 1065; x_wconf 92' lang='lat' dir='ltr'><strong>et</strong></span> <span class='ocrx_word' id='word_1_266' title='bbox 2969 1013 3019 1065; x_wconf 93' lang='lat' dir='ltr'><strong>in</strong></span> <span class='ocrx_word' id='word_1_267' title='bbox 3059 1015 3123 1069; x_wconf 84' lang='lat' dir='ltr'><strong>iis</strong></span> <span class='ocrx_word' id='word_1_268' title='bbox 3154 1016 3252 1070; x_wconf 88' lang='lat' dir='ltr'><strong>sibi</strong></span> <span class='ocrx_word' id='word_1_269' title='bbox 3296 1016 3435 1073; x_wconf 81' lang='lat' dir='ltr'><strong>forte</strong></span> <span class='ocrx_word' id='word_1_270' title='bbox 3465 1020 3573 1072; x_wconf 62' lang='lat' dir='ltr'><strong>vel</strong></span> 
     </span>
    </p>
   </div>
   <div class='ocr_carea' id='block_1_40' title="bbox 1974 1092 3547 1165">
    <p class='ocr_par' dir='ltr' id='par_1_40' title="bbox 1974 1092 3547 1165">
     <span class='ocr_line' id='line_1_40' title="bbox 1974 1092 3547 1165; baseline 0.011 -19"><span class='ocrx_word' id='word_1_271' title='bbox 1974 1097 2201 1150; x_wconf 80' lang='lat' dir='ltr'><strong>docendi</strong></span> <span class='ocrx_word' id='word_1_272' title='bbox 2236 1114 2450 1163; x_wconf 88' lang='lat' dir='ltr'><strong>munus,</strong></span> <span class='ocrx_word' id='word_1_273' title='bbox 2483 1101 2565 1154; x_wconf 78' lang='lat' dir='ltr'><strong>vel</strong></span> <span class='ocrx_word' id='word_1_274' title='bbox 2595 1102 2754 1156; x_wconf 87' lang='lat' dir='ltr'><strong>aliam</strong></span> <span class='ocrx_word' id='word_1_275' title='bbox 2786 1092 3169 1161; x_wconf 67' lang='lat' dir='ltr'><strong>ecclesiasticae</strong></span> <span class='ocrx_word' id='word_1_276' title='bbox 3202 1111 3547 1165; x_wconf 81' lang='lat' dir='ltr'><strong>auctoritatis</strong></span> 
     </span>
    </p>
   </div>
   <div class='ocr_carea' id='block_1_41' title="bbox 1974 1194 3547 1269">
    <p class='ocr_par' dir='ltr' id='par_1_41' title="bbox 1974 1194 3547 1269">
     <span class='ocr_line' id='line_1_41' title="bbox 1974 1194 3547 1269; baseline 0.009 -31"><span class='ocrx_word' id='word_1_277' title='bbox 1974 1198 2181 1256; x_wconf 82' lang='lat' dir='ltr'><strong>partem</strong></span> <span class='ocrx_word' id='word_1_278' title='bbox 2213 1204 2493 1259; x_wconf 89' lang='lat' dir='ltr'><strong>usurpent,</strong></span> <span class='ocrx_word' id='word_1_279' title='bbox 2529 1194 2796 1263; x_wconf 89' lang='lat' dir='ltr'><strong>iidemque</strong></span> <span class='ocrx_word' id='word_1_280' title='bbox 2824 1210 2883 1251; x_wconf 88' lang='lat' dir='ltr'><strong>se</strong></span> <span class='ocrx_word' id='word_1_281' title='bbox 2922 1198 3145 1253; x_wconf 83' lang='lat' dir='ltr'><strong>urbanis</strong></span> <span class='ocrx_word' id='word_1_282' title='bbox 3180 1202 3412 1269; x_wconf 87' lang='lat' dir='ltr'><strong>negotiis</strong></span> <span class='ocrx_word' id='word_1_283' title='bbox 3447 1202 3547 1254; x_wconf 89' lang='lat' dir='ltr'><strong>im-</strong></span> 
     </span>
    </p>
   </div>
   <div class='ocr_carea' id='block_1_42' title="bbox 1976 1280 3575 1357">
    <p class='ocr_par' dir='ltr' id='par_1_42' title="bbox 1976 1280 3575 1357">
     <span class='ocr_line' id='line_1_42' title="bbox 1976 1280 3575 1357; baseline 0.009 -26"><span class='ocrx_word' id='word_1_284' title='bbox 1976 1280 2272 1348; x_wconf 85' lang='lat' dir='ltr'><strong>misceant,</strong></span> <span class='ocrx_word' id='word_1_285' title='bbox 2316 1298 2486 1353; x_wconf 85' lang='lat' dir='ltr'><strong>eaque</strong></span> <span class='ocrx_word' id='word_1_286' title='bbox 2534 1286 2911 1341; x_wconf 88' lang='lat' dir='ltr'><strong>administrare</strong></span> <span class='ocrx_word' id='word_1_287' title='bbox 2957 1291 3145 1354; x_wconf 85' lang='lat' dir='ltr'><strong>velint,</strong></span> <span class='ocrx_word' id='word_1_288' title='bbox 3194 1292 3575 1357; x_wconf 30' lang='lat' dir='ltr'><strong>ecclesiamue‘</strong></span> 
     </span>
    </p>
   </div>
   <div class='ocr_carea' id='block_1_43' title="bbox 1972 1374 3558 1449">
    <p class='ocr_par' dir='ltr' id='par_1_43' title="bbox 1972 1374 3558 1449">
     <span class='ocr_line' id='line_1_43' title="bbox 1972 1374 3558 1449; baseline 0.006 -22"><span class='ocrx_word' id='word_1_289' title='bbox 1972 1374 2128 1427; x_wconf 90' lang='lat' dir='ltr'><strong>simul</strong></span> <span class='ocrx_word' id='word_1_290' title='bbox 2173 1391 2235 1430; x_wconf 91' lang='lat' dir='ltr'><strong>ac</strong></span> <span class='ocrx_word' id='word_1_291' title='bbox 2282 1376 2517 1430; x_wconf 87' lang='lat' dir='ltr'><strong>civitatis</strong></span> <span class='ocrx_word' id='word_1_292' title='bbox 2565 1386 2762 1433; x_wconf 77' lang='lat' dir='ltr'><strong>statum</strong></span> <span class='ocrx_word' id='word_1_293' title='bbox 2820 1380 3047 1449; x_wconf 90' lang='lat' dir='ltr'><strong>proinde</strong></span> <span class='ocrx_word' id='word_1_294' title='bbox 3094 1384 3431 1449; x_wconf 81' lang='lat' dir='ltr'><strong>perturbent,</strong></span> <span class='ocrx_word' id='word_1_295' title='bbox 3479 1384 3558 1437; x_wconf 75' lang='lat' dir='ltr'><strong>iis</strong></span> 
     </span>
    </p>
   </div>
   <div class='ocr_carea' id='block_1_44' title="bbox 1971 1470 3543 1547">
    <p class='ocr_par' dir='ltr' id='par_1_44' title="bbox 1971 1470 3543 1547">
     <span class='ocr_line' id='line_1_44' title="bbox 1971 1470 3543 1547; baseline 0.007 -27"><span class='ocrx_word' id='word_1_296' title='bbox 1971 1483 2100 1521; x_wconf 89' lang='lat' dir='ltr'><strong>vero</strong></span> <span class='ocrx_word' id='word_1_297' title='bbox 2123 1470 2373 1524; x_wconf 83' lang='lat' dir='ltr'><strong>monachi</strong></span> <span class='ocrx_word' id='word_1_298' title='bbox 2404 1486 2598 1525; x_wconf 88' lang='lat' dir='ltr'><strong>nomen</strong></span> <span class='ocrx_word' id='word_1_299' title='bbox 2631 1474 2921 1528; x_wconf 88' lang='lat' dir='ltr'><strong>convenire</strong></span> <span class='ocrx_word' id='word_1_300' title='bbox 2947 1477 3180 1547; x_wconf 73' lang='lat' dir='ltr'><strong>synodus</strong></span> <span class='ocrx_word' id='word_1_301' title='bbox 3207 1477 3345 1531; x_wconf 86' lang='lat' dir='ltr'><strong>haud</strong></span> <span class='ocrx_word' id='word_1_302' title='bbox 3371 1487 3543 1545; x_wconf 89' lang='lat' dir='ltr'><strong>putat.</strong></span> 
     </span>
    </p>
   </div>
   <div class='ocr_carea' id='block_1_45' title="bbox 1971 1552 3548 1635">
    <p class='ocr_par' dir='ltr' id='par_1_45' title="bbox 1971 1552 3548 1635">
     <span class='ocr_line' id='line_1_45' title="bbox 1971 1552 3548 1635; baseline 0.004 -21"><span class='ocrx_word' id='word_1_303' title='bbox 1971 1559 2011 1614; x_wconf 80' lang='grc' dir='ltr'><strong>Δ</strong></span> <span class='ocrx_word' id='word_1_304' title='bbox 2047 1562 2326 1617; x_wconf 81' lang='lat' dir='ltr'><strong>monachis</strong></span> <span class='ocrx_word' id='word_1_305' title='bbox 2354 1578 2481 1618; x_wconf 89' lang='lat' dir='ltr'><strong>vero</strong></span> <span class='ocrx_word' id='word_1_306' title='bbox 2510 1565 2922 1635; x_wconf 88' lang='lat' dir='ltr'><strong>quibuscunque</strong></span> <span class='ocrx_word' id='word_1_307' title='bbox 2950 1570 3336 1622; x_wconf 84' lang='lat' dir='ltr'><strong>monasterium</strong></span> <span class='ocrx_word' id='word_1_308' title='bbox 3366 1552 3548 1622; x_wconf 34' lang='lat' dir='ltr'><strong>oralio-</strong></span> 
     </span>
    </p>
   </div>
   <div class='ocr_carea' id='block_1_46' title="bbox 1973 1652 3568 1735">
    <p class='ocr_par' dir='ltr' id='par_1_46' title="bbox 1973 1652 3568 1735">
     <span class='ocr_line' id='line_1_46' title="bbox 1973 1652 3568 1735; baseline 0.008 -33"><span class='ocrx_word' id='word_1_309' title='bbox 1973 1652 2199 1715; x_wconf 87' lang='lat' dir='ltr'><strong>riumve,</strong></span> <span class='ocrx_word' id='word_1_310' title='bbox 2232 1654 2347 1707; x_wconf 84' lang='lat' dir='ltr'><strong>sive</strong></span> <span class='ocrx_word' id='word_1_311' title='bbox 2381 1653 2432 1707; x_wconf 91' lang='lat' dir='ltr'><strong>in</strong></span> <span class='ocrx_word' id='word_1_312' title='bbox 2478 1656 2628 1721; x_wconf 89' lang='lat' dir='ltr'><strong>urbe,</strong></span> <span class='ocrx_word' id='word_1_313' title='bbox 2665 1658 2782 1711; x_wconf 85' lang='lat' dir='ltr'><strong>sive</strong></span> <span class='ocrx_word' id='word_1_314' title='bbox 2826 1658 2878 1711; x_wconf 90' lang='lat' dir='ltr'><strong>in</strong></span> <span class='ocrx_word' id='word_1_315' title='bbox 2910 1659 3127 1727; x_wconf 87' lang='lat' dir='ltr'><strong>oppido,</strong></span> <span class='ocrx_word' id='word_1_316' title='bbox 3155 1661 3268 1713; x_wconf 84' lang='lat' dir='ltr'><strong>sive</strong></span> <span class='ocrx_word' id='word_1_317' title='bbox 3312 1661 3364 1713; x_wconf 91' lang='lat' dir='ltr'><strong>in</strong></span> <span class='ocrx_word' id='word_1_318' title='bbox 3412 1661 3568 1735; x_wconf 70' lang='lat' dir='ltr'><strong>locis.</strong></span> 
     </span>
    </p>
   </div>
   <div class='ocr_carea' id='block_1_47' title="bbox 1971 1741 3577 1817">
    <p class='ocr_par' dir='ltr' id='par_1_47' title="bbox 1971 1741 3577 1817">
     <span class='ocr_line' id='line_1_47' title="bbox 1971 1741 3577 1817; baseline 0.009 -26"><span class='ocrx_word' id='word_1_319' title='bbox 1971 1741 2216 1803; x_wconf 75' lang='lat' dir='ltr'><strong>desertis,</strong></span> <span class='ocrx_word' id='word_1_320' title='bbox 2249 1752 2339 1794; x_wconf 89' lang='lat' dir='ltr'><strong>aut</strong></span> <span class='ocrx_word' id='word_1_321' title='bbox 2375 1746 2677 1811; x_wconf 88' lang='lat' dir='ltr'><strong>montibus,</strong></span> <span class='ocrx_word' id='word_1_322' title='bbox 2724 1757 2818 1800; x_wconf 89' lang='lat' dir='ltr'><strong>aut</strong></span> <span class='ocrx_word' id='word_1_323' title='bbox 2852 1748 3031 1803; x_wconf 82' lang='lat' dir='ltr'><strong>ubivis</strong></span> <span class='ocrx_word' id='word_1_324' title='bbox 3076 1751 3325 1817; x_wconf 86' lang='lat' dir='ltr'><strong>denique,</strong></span> <span class='ocrx_word' id='word_1_325' title='bbox 3376 1752 3577 1805; x_wconf 71' lang='lat' dir='ltr'><strong>invitos</strong></span> 
     </span>
    </p>
   </div>
   <div class='ocr_carea' id='block_1_48' title="bbox 1972 1834 3569 1909">
    <p class='ocr_par' dir='ltr' id='par_1_48' title="bbox 1972 1834 3569 1909">
     <span class='ocr_line' id='line_1_48' title="bbox 1972 1834 3569 1909; baseline 0.007 -27"><span class='ocrx_word' id='word_1_326' title='bbox 1972 1834 2231 1902; x_wconf 74' lang='lat' dir='ltr'><strong>citjnsque</strong></span> <span class='ocrx_word' id='word_1_327' title='bbox 2289 1836 2524 1904; x_wconf 82' lang='lat' dir='ltr'><strong>regionis</strong></span> <span class='ocrx_word' id='word_1_328' title='bbox 2581 1838 2876 1906; x_wconf 88' lang='lat' dir='ltr'><strong>episcopo,</strong></span> <span class='ocrx_word' id='word_1_329' title='bbox 2942 1842 3267 1895; x_wconf 67' lang='lat' dir='ltr'><strong>exaulilicari</strong></span> <span class='ocrx_word' id='word_1_330' title='bbox 3326 1858 3569 1909; x_wconf 36' lang='lat' dir='ltr'><strong>prorsus.</strong></span> 
     </span>
    </p>
   </div>
   <div class='ocr_carea' id='block_1_49' title="bbox 1969 1928 3544 2000">
    <p class='ocr_par' dir='ltr' id='par_1_49' title="bbox 1969 1928 3544 2000">
     <span class='ocr_line' id='line_1_49' title="bbox 1969 1928 3544 2000; baseline 0.007 -24"><span class='ocrx_word' id='word_1_331' title='bbox 1969 1936 2137 1989; x_wconf 85' lang='lat' dir='ltr'><strong>vetat,</strong></span> <span class='ocrx_word' id='word_1_332' title='bbox 2193 1928 2528 1998; x_wconf 85' lang='lat' dir='ltr'><strong>eosdemque</strong></span> <span class='ocrx_word' id='word_1_333' title='bbox 2585 1930 2936 2000; x_wconf 74' lang='lat' dir='ltr'><strong>Singularium</strong></span> <span class='ocrx_word' id='word_1_334' title='bbox 2994 1931 3206 1985; x_wconf 89' lang='lat' dir='ltr'><strong>urbium</strong></span> <span class='ocrx_word' id='word_1_335' title='bbox 3275 1932 3544 2000; x_wconf 78' lang='lat' dir='ltr'><strong>episcOpis</strong></span> 
     </span>
    </p>
   </div>
   <div class='ocr_carea' id='block_1_50' title="bbox 1968 2014 3540 2088">
    <p class='ocr_par' dir='ltr' id='par_1_50' title="bbox 1968 2014 3540 2088">
     <span class='ocr_line' id='line_1_50' title="bbox 1968 2014 3540 2088; baseline 0.008 -20"><span class='ocrx_word' id='word_1_336' title='bbox 1968 2014 2242 2082; x_wconf 86' lang='lat' dir='ltr'><strong>subjectos</strong></span> <span class='ocrx_word' id='word_1_337' title='bbox 2274 2033 2415 2081; x_wconf 90' lang='lat' dir='ltr'><strong>esse,</strong></span> <span class='ocrx_word' id='word_1_338' title='bbox 2451 2028 2502 2072; x_wconf 89' lang='lat' dir='ltr'><strong>et</strong></span> <span class='ocrx_word' id='word_1_339' title='bbox 2537 2022 2586 2072; x_wconf 91' lang='lat' dir='ltr'><strong>in</strong></span> <span class='ocrx_word' id='word_1_340' title='bbox 2621 2020 2686 2074; x_wconf 89' lang='lat' dir='ltr'><strong>iis</strong></span> <span class='ocrx_word' id='word_1_341' title='bbox 2716 2022 2910 2088; x_wconf 81' lang='lat' dir='ltr'><strong>quibus</strong></span> <span class='ocrx_word' id='word_1_342' title='bbox 2940 2022 3191 2076; x_wconf 87' lang='lat' dir='ltr'><strong>destinati</strong></span> <span class='ocrx_word' id='word_1_343' title='bbox 3226 2033 3355 2077; x_wconf 90' lang='lat' dir='ltr'><strong>sunt</strong></span> <span class='ocrx_word' id='word_1_344' title='bbox 3389 2023 3540 2080; x_wconf 86' lang='lat' dir='ltr'><strong>locis.</strong></span> 
     </span>
    </p>
   </div>
   <div class='ocr_carea' id='block_1_51' title="bbox 1972 2108 3545 2182">
    <p class='ocr_par' dir='ltr' id='par_1_51' title="bbox 1972 2108 3545 2182">
     <span class='ocr_line' id='line_1_51' title="bbox 1972 2108 3545 2182; baseline 0.003 -23"><span class='ocrx_word' id='word_1_345' title='bbox 1972 2108 2190 2161; x_wconf 88' lang='lat' dir='ltr'><strong>silentio</strong></span> <span class='ocrx_word' id='word_1_346' title='bbox 2223 2109 2389 2163; x_wconf 86' lang='lat' dir='ltr'><strong>vitam</strong></span> <span class='ocrx_word' id='word_1_347' title='bbox 2420 2124 2599 2179; x_wconf 85' lang='lat' dir='ltr'><strong>agere,</strong></span> <span class='ocrx_word' id='word_1_348' title='bbox 2635 2112 3003 2182; x_wconf 85' lang='lat' dir='ltr'><strong>virtutumque</strong></span> <span class='ocrx_word' id='word_1_349' title='bbox 3041 2114 3420 2168; x_wconf 79' lang='lat' dir='ltr'><strong>exercitationi</strong></span> <span class='ocrx_word' id='word_1_350' title='bbox 3451 2130 3545 2165; x_wconf 76' lang='lat' dir='ltr'><strong>Va-</strong></span> 
     </span>
    </p>
   </div>
   <div class='ocr_carea' id='block_1_52' title="bbox 1971 2202 3545 2282">
    <p class='ocr_par' dir='ltr' id='par_1_52' title="bbox 1971 2202 3545 2282">
     <span class='ocr_line' id='line_1_52' title="bbox 1971 2202 3545 2282; baseline 0.005 -33"><span class='ocrx_word' id='word_1_351' title='bbox 1971 2211 2117 2260; x_wconf 88' lang='lat' dir='ltr'><strong>care,</strong></span> <span class='ocrx_word' id='word_1_352' title='bbox 2145 2206 2401 2252; x_wconf 78' lang='lat' dir='ltr'><strong>caeterum</strong></span> <span class='ocrx_word' id='word_1_353' title='bbox 2444 2216 2617 2268; x_wconf 89' lang='lat' dir='ltr'><strong>neque</strong></span> <span class='ocrx_word' id='word_1_354' title='bbox 2665 2202 3161 2260; x_wconf 77' lang='lat' dir='ltr'><strong>ecclesiasticorum</strong></span> <span class='ocrx_word' id='word_1_355' title='bbox 3204 2208 3379 2282; x_wconf 74' lang='lat' dir='ltr'><strong>neque</strong></span> <span class='ocrx_word' id='word_1_356' title='bbox 3412 2205 3545 2258; x_wconf 86' lang='lat' dir='ltr'><strong>civi-</strong></span> 
     </span>
    </p>
   </div>
   <div class='ocr_carea' id='block_1_53' title="bbox 1971 2288 3561 2366">
    <p class='ocr_par' dir='ltr' id='par_1_53' title="bbox 1971 2288 3561 2366">
     <span class='ocr_line' id='line_1_53' title="bbox 1971 2288 3561 2366; baseline 0.006 -27"><span class='ocrx_word' id='word_1_357' title='bbox 1971 2288 2099 2343; x_wconf 87' lang='lat' dir='ltr'><strong>lium</strong></span> <span class='ocrx_word' id='word_1_358' title='bbox 2150 2293 2487 2360; x_wconf 77' lang='lat' dir='ltr'><strong>negotiorum</strong></span> <span class='ocrx_word' id='word_1_359' title='bbox 2547 2303 2751 2361; x_wconf 85' lang='lat' dir='ltr'><strong>partem</strong></span> <span class='ocrx_word' id='word_1_360' title='bbox 2811 2295 2972 2348; x_wconf 89' lang='lat' dir='ltr'><strong>ullam</strong></span> <span class='ocrx_word' id='word_1_361' title='bbox 3029 2298 3296 2366; x_wconf 71' lang='lat' dir='ltr'><strong>attingere</strong></span> <span class='ocrx_word' id='word_1_362' title='bbox 3340 2296 3490 2365; x_wconf 83' lang='lat' dir='ltr'><strong>jubet</strong></span> <span class='ocrx_word' id='word_1_363' title='bbox 3525 2314 3561 2351; x_wconf 87' lang='lat'><strong>:.</strong></span> 
     </span>
    </p>
   </div>
   <div class='ocr_carea' id='block_1_54' title="bbox 1970 2386 3545 2453">
    <p class='ocr_par' dir='ltr' id='par_1_54' title="bbox 1970 2386 3545 2453">
     <span class='ocr_line' id='line_1_54' title="bbox 1970 2386 3545 2453; baseline 0.006 -20"><span class='ocrx_word' id='word_1_364' title='bbox 1970 2395 2145 2449; x_wconf 72' lang='lat' dir='ltr'><strong>nejue</strong></span> <span class='ocrx_word' id='word_1_365' title='bbox 2172 2398 2322 2447; x_wconf 90' lang='lat' dir='ltr'><strong>vero,</strong></span> <span class='ocrx_word' id='word_1_366' title='bbox 2346 2393 2404 2436; x_wconf 92' lang='lat' dir='ltr'><strong>ut</strong></span> <span class='ocrx_word' id='word_1_367' title='bbox 2440 2386 2601 2438; x_wconf 88' lang='lat' dir='ltr'><strong>rebus</strong></span> <span class='ocrx_word' id='word_1_368' title='bbox 2628 2387 2879 2453; x_wconf 79' lang='lat' dir='ltr'><strong>gerendis</strong></span> <span class='ocrx_word' id='word_1_369' title='bbox 2908 2402 3104 2441; x_wconf 88' lang='lat' dir='ltr'><strong>vacare</strong></span> <span class='ocrx_word' id='word_1_370' title='bbox 3141 2386 3323 2450; x_wconf 83' lang='lat' dir='ltr'><strong>liceat,</strong></span> <span class='ocrx_word' id='word_1_371' title='bbox 3355 2402 3545 2442; x_wconf 87' lang='lat' dir='ltr'><strong>mona-</strong></span> 
     </span>
    </p>
   </div>
   <div class='ocr_carea' id='block_1_55' title="bbox 1968 2472 3542 2543">
    <p class='ocr_par' dir='ltr' id='par_1_55' title="bbox 1968 2472 3542 2543">
     <span class='ocr_line' id='line_1_55' title="bbox 1968 2472 3542 2543; baseline 0.007 -21"><span class='ocrx_word' id='word_1_372' title='bbox 1968 2472 2118 2523; x_wconf 81' lang='lat' dir='ltr'><strong>SIerii</strong></span> <span class='ocrx_word' id='word_1_373' title='bbox 2151 2473 2232 2524; x_wconf 91' lang='lat' dir='ltr'><strong>sui</strong></span> <span class='ocrx_word' id='word_1_374' title='bbox 2268 2474 2555 2528; x_wconf 88' lang='lat' dir='ltr'><strong>stationem</strong></span> <span class='ocrx_word' id='word_1_375' title='bbox 2593 2476 2937 2543; x_wconf 74' lang='lat' dir='ltr'><strong>relinquant,</strong></span> <span class='ocrx_word' id='word_1_376' title='bbox 2988 2479 3088 2531; x_wconf 91' lang='lat' dir='ltr'><strong>nisi</strong></span> <span class='ocrx_word' id='word_1_377' title='bbox 3132 2494 3189 2532; x_wconf 90' lang='lat' dir='ltr'><strong>re</strong></span> <span class='ocrx_word' id='word_1_378' title='bbox 3236 2482 3542 2535; x_wconf 86' lang='lat' dir='ltr'><strong>necessaria</strong></span> 
     </span>
    </p>
   </div>
   <div class='ocr_carea' id='block_1_56' title="bbox 1967 2566 3554 2637">
    <p class='ocr_par' dir='ltr' id='par_1_56' title="bbox 1967 2566 3554 2637">
     <span class='ocr_line' id='line_1_56' title="bbox 1967 2566 3554 2637; baseline 0.006 -21"><span class='ocrx_word' id='word_1_379' title='bbox 1967 2573 2184 2618; x_wconf 89' lang='lat' dir='ltr'><strong>coactus</strong></span> <span class='ocrx_word' id='word_1_380' title='bbox 2224 2566 2533 2636; x_wconf 83' lang='lat' dir='ltr'><strong>episcopus,</strong></span> <span class='ocrx_word' id='word_1_381' title='bbox 2583 2568 2922 2637; x_wconf 88' lang='lat' dir='ltr'><strong>aliorumque</strong></span> <span class='ocrx_word' id='word_1_382' title='bbox 2966 2570 3243 2625; x_wconf 88' lang='lat' dir='ltr'><strong>hominum</strong></span> <span class='ocrx_word' id='word_1_383' title='bbox 3289 2571 3554 2626; x_wconf 71' lang='lat' dir='ltr'><strong>facultate</strong></span> 
     </span>
    </p>
   </div>
   <div class='ocr_carea' id='block_1_57' title="bbox 1967 2658 3543 2732">
    <p class='ocr_par' dir='ltr' id='par_1_57' title="bbox 1967 2658 3543 2732">
     <span class='ocr_line' id='line_1_57' title="bbox 1967 2658 3543 2732; baseline 0.006 -23"><span class='ocrx_word' id='word_1_384' title='bbox 1967 2658 2277 2719; x_wconf 86' lang='lat' dir='ltr'><strong>destitutus,</strong></span> <span class='ocrx_word' id='word_1_385' title='bbox 2332 2660 2723 2713; x_wconf 77' lang='lat' dir='ltr'><strong>monachorum</strong></span> <span class='ocrx_word' id='word_1_386' title='bbox 2780 2662 2977 2728; x_wconf 88' lang='lat' dir='ltr'><strong>alicui,</strong></span> <span class='ocrx_word' id='word_1_387' title='bbox 3034 2664 3274 2732; x_wconf 71' lang='lat' dir='ltr'><strong>probatae</strong></span> <span class='ocrx_word' id='word_1_388' title='bbox 3336 2666 3436 2720; x_wconf 84' lang='lat' dir='ltr'><strong>sibi</strong></span> <span class='ocrx_word' id='word_1_389' title='bbox 3490 2665 3543 2719; x_wconf 90' lang='lat' dir='ltr'><strong>in</strong></span> 
     </span>
    </p>
   </div>
   <div class='ocr_carea' id='block_1_58' title="bbox 1965 2749 3544 2819">
    <p class='ocr_par' dir='ltr' id='par_1_58' title="bbox 1965 2749 3544 2819">
     <span class='ocr_line' id='line_1_58' title="bbox 1965 2749 3544 2819; baseline 0.005 -17"><span class='ocrx_word' id='word_1_390' title='bbox 1965 2765 2030 2802; x_wconf 93' lang='lat' dir='ltr'><strong>eo</strong></span> <span class='ocrx_word' id='word_1_391' title='bbox 2057 2764 2251 2811; x_wconf 73' lang='lat' dir='ltr'><strong>genere</strong></span> <span class='ocrx_word' id='word_1_392' title='bbox 2278 2749 2576 2810; x_wconf 74' lang='lat' dir='ltr'><strong>industrirr,</strong></span> <span class='ocrx_word' id='word_1_393' title='bbox 2603 2752 2796 2819; x_wconf 82' lang='lat' dir='ltr'><strong>negotii</strong></span> <span class='ocrx_word' id='word_1_394' title='bbox 2828 2755 3260 2818; x_wconf 79' lang='lat' dir='ltr'><strong>proruratiouem</strong></span> <span class='ocrx_word' id='word_1_395' title='bbox 3292 2755 3544 2809; x_wconf 76' lang='lat' dir='ltr'><strong>commit-</strong></span> 
     </span>
    </p>
   </div>
   <div class='ocr_carea' id='block_1_59' title="bbox 1969 2841 3544 2915">
    <p class='ocr_par' dir='ltr' id='par_1_59' title="bbox 1969 2841 3544 2915">
     <span class='ocr_line' id='line_1_59' title="bbox 1969 2841 3544 2915; baseline 0.007 -25"><span class='ocrx_word' id='word_1_396' title='bbox 1969 2841 2181 2893; x_wconf 85' lang='lat' dir='ltr'><strong>tendam</strong></span> <span class='ocrx_word' id='word_1_397' title='bbox 2224 2856 2345 2895; x_wconf 89' lang='lat' dir='ltr'><strong>esse</strong></span> <span class='ocrx_word' id='word_1_398' title='bbox 2378 2843 2790 2898; x_wconf 80' lang='lat' dir='ltr'><strong>existimaverit.</strong></span> <span class='ocrx_word' id='word_1_399' title='bbox 2831 2843 3053 2908; x_wconf 86' lang='lat' dir='ltr'><strong>Eadem,</strong></span> <span class='ocrx_word' id='word_1_400' title='bbox 3097 2847 3147 2898; x_wconf 89' lang='lat' dir='ltr'><strong>in</strong></span> <span class='ocrx_word' id='word_1_401' title='bbox 3185 2846 3379 2914; x_wconf 82' lang='lat' dir='ltr'><strong>templo</strong></span> <span class='ocrx_word' id='word_1_402' title='bbox 3410 2862 3544 2915; x_wconf 88' lang='lat' dir='ltr'><strong>quo—</strong></span> 
     </span>
    </p>
   </div>
   <div class='ocr_carea' id='block_1_60' title="bbox 1968 2935 3549 3008">
    <p class='ocr_par' dir='ltr' id='par_1_60' title="bbox 1968 2935 3549 3008">
     <span class='ocr_line' id='line_1_60' title="bbox 1968 2935 3549 3008; baseline 0.009 -28"><span class='ocrx_word' id='word_1_403' title='bbox 1968 2945 2071 2999; x_wconf 87' lang='lat' dir='ltr'><strong>que</strong></span> <span class='ocrx_word' id='word_1_404' title='bbox 2088 2942 2408 2987; x_wconf 86' lang='lat' dir='ltr'><strong>sanctorum</strong></span> <span class='ocrx_word' id='word_1_405' title='bbox 2462 2936 2833 3002; x_wconf 85' lang='lat' dir='ltr'><strong>apostolorum</strong></span> <span class='ocrx_word' id='word_1_406' title='bbox 2864 2935 3043 2991; x_wconf 82' lang='lat' dir='ltr'><strong>habita</strong></span> <span class='ocrx_word' id='word_1_407' title='bbox 3074 2938 3313 3008; x_wconf 88' lang='lat' dir='ltr'><strong>synodus</strong></span> <span class='ocrx_word' id='word_1_408' title='bbox 3338 2953 3549 2994; x_wconf 82' lang='lat' dir='ltr'><strong>canone</strong></span> 
     </span>
    </p>
   </div>
   <div class='ocr_carea' id='block_1_61' title="bbox 1963 3025 3559 3099">
    <p class='ocr_par' dir='ltr' id='par_1_61' title="bbox 1963 3025 3559 3099">
     <span class='ocr_line' id='line_1_61' title="bbox 1963 3025 3559 3099; baseline 0.004 -25"><span class='ocrx_word' id='word_1_409' title='bbox 1963 3025 2163 3091; x_wconf 88' lang='lat' dir='ltr'><strong>primo,</strong></span> <span class='ocrx_word' id='word_1_410' title='bbox 2211 3033 2266 3076; x_wconf 82' lang='lat' dir='ltr'><strong>et</strong></span> <span class='ocrx_word' id='word_1_411' title='bbox 2305 3025 2509 3077; x_wconf 88' lang='lat' dir='ltr'><strong>decimo</strong></span> <span class='ocrx_word' id='word_1_412' title='bbox 2560 3027 2787 3094; x_wconf 87' lang='lat' dir='ltr'><strong>septimo</strong></span> <span class='ocrx_word' id='word_1_413' title='bbox 2836 3042 3046 3082; x_wconf 87' lang='lat' dir='ltr'><strong>canone</strong></span> <span class='ocrx_word' id='word_1_414' title='bbox 3090 3031 3332 3099; x_wconf 88' lang='lat' dir='ltr'><strong>synodus</strong></span> <span class='ocrx_word' id='word_1_415' title='bbox 3381 3040 3559 3097; x_wconf 62' lang='lat' dir='ltr'><strong>sexta,</strong></span> 
     </span>
    </p>
   </div>
   <div class='ocr_carea' id='block_1_62' title="bbox 280 3101 1869 3196">
    <p class='ocr_par' dir='ltr' id='par_1_62' title="bbox 280 3101 1863 3183">
     <span class='ocr_line' id='line_1_62' title="bbox 280 3101 1863 3183; baseline 0.009 -29"><span class='ocrx_word' id='word_1_416' title='bbox 280 3103 501 3161; x_wconf 75' lang='grc' dir='ltr'>λἰντας.</span> <span class='ocrx_word' id='word_1_417' title='bbox 530 3106 577 3151; x_wconf 88' lang='grc' dir='ltr'>εἰ</span> <span class='ocrx_word' id='word_1_418' title='bbox 604 3103 677 3169; x_wconf 84' lang='grc' dir='ltr'>μὴ</span> <span class='ocrx_word' id='word_1_419' title='bbox 708 3101 899 3173; x_wconf 81' lang='grc' dir='ltr'>γνώμῃ</span> <span class='ocrx_word' id='word_1_420' title='bbox 931 3105 1038 3156; x_wconf 83' lang='grc' dir='ltr'>τῶν</span> <span class='ocrx_word' id='word_1_421' title='bbox 1070 3106 1364 3169; x_wconf 81' lang='grc' dir='ltr'>δεσποτῶν,</span> <span class='ocrx_word' id='word_1_422' title='bbox 1397 3111 1481 3162; x_wconf 79' lang='grc' dir='ltr'><strong>ἵνα</strong></span> <span class='ocrx_word' id='word_1_423' title='bbox 1513 3113 1586 3181; x_wconf 85' lang='grc' dir='ltr'>μὴ</span> <span class='ocrx_word' id='word_1_424' title='bbox 1612 3113 1671 3166; x_wconf 84' lang='grc' dir='ltr'>τὸ</span> <span class='ocrx_word' id='word_1_425' title='bbox 1695 3115 1863 3183; x_wconf 74' lang='grc' dir='ltr'>ὄνομα</span> 
     </span>
    </p>
   </div>
   <div class='ocr_carea' id='block_1_63' title="bbox 1971 3101 3542 3196">
    <p class='ocr_par' dir='ltr' id='par_1_63' title="bbox 1971 3116 3542 3183">
     <span class='ocr_line' id='line_1_63' title="bbox 1971 3116 3542 3183; baseline 0.001 -12"><span class='ocrx_word' id='word_1_426' title='bbox 1971 3117 2232 3171; x_wconf 87' lang='lat' dir='ltr'><strong>decernit.</strong></span> <span class='ocrx_word' id='word_1_427' title='bbox 2264 3116 2396 3173; x_wconf 89' lang='lat' dir='ltr'><strong>lliuc</strong></span> <span class='ocrx_word' id='word_1_428' title='bbox 2424 3117 2490 3171; x_wconf 91' lang='lat' dir='ltr'><strong>de</strong></span> <span class='ocrx_word' id='word_1_429' title='bbox 2520 3119 2691 3170; x_wconf 83' lang='lat' dir='ltr'><strong>servis</strong></span> <span class='ocrx_word' id='word_1_430' title='bbox 2731 3118 2796 3170; x_wconf 89' lang='lat' dir='ltr'><strong>ad</strong></span> <span class='ocrx_word' id='word_1_431' title='bbox 2828 3120 3182 3173; x_wconf 87' lang='lat' dir='ltr'><strong>monasticam</strong></span> <span class='ocrx_word' id='word_1_432' title='bbox 3219 3120 3406 3183; x_wconf 88' lang='lat' dir='ltr'><strong>vitam,</strong></span> <span class='ocrx_word' id='word_1_433' title='bbox 3439 3121 3542 3175; x_wconf 81' lang='lat' dir='ltr'><strong>nisi</strong></span> 
     </span>
    </p>
   </div>
   <div class='ocr_carea' id='block_1_64' title="bbox 280 3194 1143 3265">
    <p class='ocr_par' dir='ltr' id='par_1_64' title="bbox 280 3194 1143 3265">
     <span class='ocr_line' id='line_1_64' title="bbox 280 3194 1143 3265; baseline 0.005 -17"><span class='ocrx_word' id='word_1_434' title='bbox 280 3195 379 3248; x_wconf 80' lang='grc' dir='ltr'><strong>τοῦ</strong></span> <span class='ocrx_word' id='word_1_435' title='bbox 431 3195 475 3245; x_wconf 87' lang='grc' dir='ltr'>Χ</span> <span class='ocrx_word' id='word_1_436' title='bbox 489 3194 675 3262; x_wconf 83' lang='grc' dir='ltr'>ριστοῦ</span> <span class='ocrx_word' id='word_1_437' title='bbox 733 3195 1143 3265; x_wconf 76' lang='grc' dir='ltr'>βλασφημῆται.</span> 
     </span>
    </p>
   </div>
   <div class='ocr_carea' id='block_1_65' title="bbox 285 3287 1867 3366">
    <p class='ocr_par' dir='ltr' id='par_1_65' title="bbox 285 3287 1867 3366">
     <span class='ocr_line' id='line_1_65' title="bbox 285 3287 1867 3366; baseline 0.009 -28"><span class='ocrx_word' id='word_1_438' title='bbox 285 3287 548 3340; x_wconf 71' lang='grc' dir='ltr'>δεσπότου</span> <span class='ocrx_word' id='word_1_439' title='bbox 582 3287 767 3351; x_wconf 83' lang='grc' dir='ltr'>δοῦλός</span> <span class='ocrx_word' id='word_1_440' title='bbox 786 3306 928 3350; x_wconf 88' lang='grc' dir='ltr'>τινος</span> <span class='ocrx_word' id='word_1_441' title='bbox 966 3294 1133 3361; x_wconf 84' lang='grc' dir='ltr'>καρῇ,</span> <span class='ocrx_word' id='word_1_442' title='bbox 1165 3292 1302 3362; x_wconf 85' lang='grc' dir='ltr'>βαρὺ</span> <span class='ocrx_word' id='word_1_443' title='bbox 1346 3295 1513 3348; x_wconf 79' lang='grc' dir='ltr'>τοῦτο</span> <span class='ocrx_word' id='word_1_444' title='bbox 1542 3298 1810 3366; x_wconf 79' lang='grc' dir='ltr'>ἡγήσεται</span> <span class='ocrx_word' id='word_1_445' title='bbox 1839 3301 1867 3353; x_wconf 87' lang='grc' dir='ltr'><strong>ό</strong></span> 
     </span>
    </p>
   </div>
   <div class='ocr_carea' id='block_1_66' title="bbox 287 3380 1871 3461">
    <p class='ocr_par' dir='ltr' id='par_1_66' title="bbox 287 3380 1871 3461">
     <span class='ocr_line' id='line_1_66' title="bbox 287 3380 1871 3461; baseline 0.01 -30"><span class='ocrx_word' id='word_1_446' title='bbox 287 3381 476 3447; x_wconf 77' lang='grc' dir='ltr'>κύριος</span> <span class='ocrx_word' id='word_1_447' title='bbox 502 3380 701 3441; x_wconf 78' lang='grc' dir='ltr'>αὐτοῦ,</span> <span class='ocrx_word' id='word_1_448' title='bbox 729 3383 823 3434; x_wconf 74' lang='grc' dir='ltr'><strong>καὶ</strong></span> <span class='ocrx_word' id='word_1_449' title='bbox 849 3382 1232 3452; x_wconf 78' lang='grc' dir='ltr'>βλασφημήσει</span> <span class='ocrx_word' id='word_1_450' title='bbox 1272 3390 1408 3441; x_wconf 83' lang='grc' dir='ltr'><strong>κατά</strong></span> <span class='ocrx_word' id='word_1_451' title='bbox 1436 3389 1527 3441; x_wconf 87' lang='grc' dir='ltr'><strong>τοῦ</strong></span> <span class='ocrx_word' id='word_1_452' title='bbox 1559 3390 1715 3456; x_wconf 87' lang='grc' dir='ltr'>ἁγίου</span> <span class='ocrx_word' id='word_1_453' title='bbox 1742 3394 1871 3461; x_wconf 69' lang='grc' dir='ltr'>σχήο</span> 
     </span>
    </p>
   </div>
   <div class='ocr_carea' id='block_1_67' title="bbox 286 3474 1886 3557">
    <p class='ocr_par' dir='ltr' id='par_1_67' title="bbox 286 3474 1886 3557">
     <span class='ocr_line' id='line_1_67' title="bbox 286 3474 1886 3557; baseline 0.009 -31"><span class='ocrx_word' id='word_1_454' title='bbox 286 3492 455 3542; x_wconf 68' lang='grc' dir='ltr'>ματος</span> <span class='ocrx_word' id='word_1_455' title='bbox 485 3476 581 3526; x_wconf 80' lang='grc' dir='ltr'>καὶ</span> <span class='ocrx_word' id='word_1_456' title='bbox 617 3474 727 3525; x_wconf 81' lang='grc' dir='ltr'><strong>τῶν</strong></span> <span class='ocrx_word' id='word_1_457' title='bbox 757 3477 1024 3543; x_wconf 82' lang='grc' dir='ltr'>μοναχῶν·</span> <span class='ocrx_word' id='word_1_458' title='bbox 1052 3480 1083 3545; x_wconf 84' lang='grc' dir='ltr'>ἡ</span> <span class='ocrx_word' id='word_1_459' title='bbox 1114 3478 1170 3530; x_wconf 78' lang='grc' dir='ltr'>δὲ</span> <span class='ocrx_word' id='word_1_460' title='bbox 1202 3481 1326 3532; x_wconf 79' lang='grc' dir='ltr'>κατ’</span> <span class='ocrx_word' id='word_1_461' title='bbox 1351 3482 1518 3534; x_wconf 80' lang='grc' dir='ltr'>αὐτοῦ</span> <span class='ocrx_word' id='word_1_462' title='bbox 1547 3483 1886 3557; x_wconf 36' lang='grc' dir='ltr'>βλασφημία..</span> 
     </span>
    </p>
   </div>
   <div class='ocr_carea' id='block_1_68' title="bbox 283 3563 1868 3645">
    <p class='ocr_par' dir='ltr' id='par_1_68' title="bbox 283 3563 1868 3645">
     <span class='ocr_line' id='line_1_68' title="bbox 283 3563 1868 3645; baseline 0.009 -30"><span class='ocrx_word' id='word_1_463' title='bbox 283 3566 378 3617; x_wconf 60' lang='grc' dir='ltr'><strong>καὶ</strong></span> <span class='ocrx_word' id='word_1_464' title='bbox 404 3564 488 3624; x_wconf 82' lang='grc' dir='ltr'>εἰς</span> <span class='ocrx_word' id='word_1_465' title='bbox 513 3563 578 3614; x_wconf 80' lang='grc' dir='ltr'>τὸ</span> <span class='ocrx_word' id='word_1_466' title='bbox 631 3564 786 3616; x_wconf 81' lang='grc' dir='ltr'><strong>Θείον</strong></span> <span class='ocrx_word' id='word_1_467' title='bbox 817 3566 949 3619; x_wconf 77' lang='grc' dir='ltr'>αὐτὸ</span> <span class='ocrx_word' id='word_1_468' title='bbox 984 3567 1324 3637; x_wconf 70' lang='grc' dir='ltr'>διαϐήσεται.</span> <span class='ocrx_word' id='word_1_469' title='bbox 1386 3573 1868 3645; x_wconf 78' lang='grc' dir='ltr'>Βλασφημηθήσε·</span> 
     </span>
    </p>
   </div>
   <div class='ocr_carea' id='block_1_69' title="bbox 280 3656 1867 3732">
    <p class='ocr_par' dir='ltr' id='par_1_69' title="bbox 280 3656 1867 3732">
     <span class='ocr_line' id='line_1_69' title="bbox 280 3656 1867 3732; baseline 0.008 -22"><span class='ocrx_word' id='word_1_470' title='bbox 280 3675 373 3710; x_wconf 80' lang='grc' dir='ltr'><strong>ται</strong></span> <span class='ocrx_word' id='word_1_471' title='bbox 405 3656 461 3710; x_wconf 84' lang='grc' dir='ltr'>δὲ</span> <span class='ocrx_word' id='word_1_472' title='bbox 489 3656 550 3709; x_wconf 87' lang='grc' dir='ltr'><strong>τὸ</strong></span> <span class='ocrx_word' id='word_1_473' title='bbox 575 3656 751 3725; x_wconf 84' lang='grc' dir='ltr'>ὄνομα</span> <span class='ocrx_word' id='word_1_474' title='bbox 795 3658 889 3710; x_wconf 89' lang='grc' dir='ltr'><strong>τοῦ</strong></span> <span class='ocrx_word' id='word_1_475' title='bbox 946 3660 1080 3714; x_wconf 84' lang='grc' dir='ltr'>Θεοῦ</span> <span class='ocrx_word' id='word_1_476' title='bbox 1128 3662 1279 3729; x_wconf 88' lang='grc' dir='ltr'>παρὰ</span> <span class='ocrx_word' id='word_1_477' title='bbox 1335 3664 1446 3717; x_wconf 82' lang='grc' dir='ltr'><strong>τῶν</strong></span> <span class='ocrx_word' id='word_1_478' title='bbox 1476 3668 1739 3732; x_wconf 84' lang='grc' dir='ltr'>ἀπίστων,</span> <span class='ocrx_word' id='word_1_479' title='bbox 1774 3672 1867 3723; x_wconf 80' lang='grc' dir='ltr'>καὶ</span> 
     </span>
    </p>
   </div>
   <div class='ocr_carea' id='block_1_70' title="bbox 282 3749 1863 3828">
    <p class='ocr_par' dir='ltr' id='par_1_70' title="bbox 282 3749 1863 3828">
     <span class='ocr_line' id='line_1_70' title="bbox 282 3749 1863 3828; baseline 0.011 -30"><span class='ocrx_word' id='word_1_480' title='bbox 282 3750 376 3799; x_wconf 76' lang='grc' dir='ltr'>ὅτε</span> <span class='ocrx_word' id='word_1_481' title='bbox 396 3749 523 3809; x_wconf 73' lang='grc' dir='ltr'>τοὺς</span> <span class='ocrx_word' id='word_1_482' title='bbox 560 3751 826 3817; x_wconf 79' lang='grc' dir='ltr'>μοναχοὺς</span> <span class='ocrx_word' id='word_1_483' title='bbox 859 3751 1055 3819; x_wconf 80' lang='grc' dir='ltr'>ὁρῶσιν</span> <span class='ocrx_word' id='word_1_484' title='bbox 1074 3754 1131 3803; x_wconf 86' lang='grc' dir='ltr'><strong>ἐν</strong></span> <span class='ocrx_word' id='word_1_485' title='bbox 1159 3755 1346 3807; x_wconf 79' lang='grc' dir='ltr'>πόλεσι</span> <span class='ocrx_word' id='word_1_486' title='bbox 1379 3775 1444 3808; x_wconf 88' lang='grc' dir='ltr'><strong>πε</strong></span> <span class='ocrx_word' id='word_1_487' title='bbox 1457 3762 1863 3828; x_wconf 85' lang='grc' dir='ltr'>ριερχομένους,</span> 
     </span>
    </p>
   </div>
   <div class='ocr_carea' id='block_1_71' title="bbox 286 3837 1866 3913">
    <p class='ocr_par' dir='ltr' id='par_1_71' title="bbox 286 3837 1866 3913">
     <span class='ocr_line' id='line_1_71' title="bbox 286 3837 1866 3913; baseline 0.012 -26"><span class='ocrx_word' id='word_1_488' title='bbox 286 3841 392 3888; x_wconf 78' lang='grc' dir='ltr'>καὶ</span> <span class='ocrx_word' id='word_1_489' title='bbox 422 3837 670 3891; x_wconf 75' lang='grc' dir='ltr'>πολιτικὰ</span> <span class='ocrx_word' id='word_1_490' title='bbox 694 3840 1035 3909; x_wconf 79' lang='grc' dir='ltr'>χειρίζοντας</span> <span class='ocrx_word' id='word_1_491' title='bbox 1061 3843 1382 3912; x_wconf 86' lang='grc' dir='ltr'>πράγματα.</span> <span class='ocrx_word' id='word_1_492' title='bbox 1431 3847 1734 3913; x_wconf 79' lang='grc' dir='ltr'>’Υποτάξας</span> <span class='ocrx_word' id='word_1_493' title='bbox 1759 3850 1815 3903; x_wconf 81' lang='grc' dir='ltr'><strong>δέ</strong></span> <span class='ocrx_word' id='word_1_494' title='bbox 1837 3855 1866 3906; x_wconf 87' lang='grc' dir='ltr'>ὁ</span> 
     </span>
    </p>
   </div>
   <div class='ocr_carea' id='block_1_72' title="bbox 292 3927 1863 4011">
    <p class='ocr_par' dir='ltr' id='par_1_72' title="bbox 292 3927 1863 4011">
     <span class='ocr_line' id='line_1_72' title="bbox 292 3927 1863 4011; baseline 0.01 -30"><span class='ocrx_word' id='word_1_495' title='bbox 292 3927 484 3981; x_wconf 67' lang='grc' dir='ltr'>κανὼν</span> <span class='ocrx_word' id='word_1_496' title='bbox 527 3932 631 3992; x_wconf 75' lang='grc' dir='ltr'>τοῖς</span> <span class='ocrx_word' id='word_1_497' title='bbox 680 3933 822 3985; x_wconf 75' lang='grc' dir='ltr'>κατὰ</span> <span class='ocrx_word' id='word_1_498' title='bbox 855 3933 1023 3985; x_wconf 87' lang='grc' dir='ltr'>τόπον</span> <span class='ocrx_word' id='word_1_499' title='bbox 1057 3936 1380 3998; x_wconf 75' lang='grc' dir='ltr'>ἐπισκόποις</span> <span class='ocrx_word' id='word_1_500' title='bbox 1405 3940 1533 4001; x_wconf 80' lang='grc' dir='ltr'>τοὺς</span> <span class='ocrx_word' id='word_1_501' title='bbox 1575 3944 1863 4011; x_wconf 83' lang='grc' dir='ltr'>μοναχοὺς,</span> 
     </span>
    </p>
   </div>
   <div class='ocr_carea' id='block_1_73' title="bbox 300 4021 1866 4097">
    <p class='ocr_par' dir='ltr' id='par_1_73' title="bbox 300 4021 1866 4097">
     <span class='ocr_line' id='line_1_73' title="bbox 300 4021 1866 4097; baseline 0.01 -25"><span class='ocrx_word' id='word_1_502' title='bbox 300 4021 405 4072; x_wconf 68' lang='grc' dir='ltr'>καὶ</span> <span class='ocrx_word' id='word_1_503' title='bbox 437 4023 509 4071; x_wconf 80' lang='grc' dir='ltr'>τὰ</span> <span class='ocrx_word' id='word_1_504' title='bbox 555 4026 892 4095; x_wconf 73' lang='grc' dir='ltr'>μοναστήρια,</span> <span class='ocrx_word' id='word_1_505' title='bbox 942 4026 1163 4094; x_wconf 87' lang='grc' dir='ltr'>ἐπάγει.</span> <span class='ocrx_word' id='word_1_506' title='bbox 1208 4029 1312 4081; x_wconf 86' lang='grc' dir='ltr'>Τὺν</span> <span class='ocrx_word' id='word_1_507' title='bbox 1339 4031 1522 4097; x_wconf 79' lang='grc' dir='ltr'>μέντοι</span> <span class='ocrx_word' id='word_1_508' title='bbox 1571 4034 1866 4088; x_wconf 79' lang='grc' dir='ltr'>ἐπίσκοπον</span> 
     </span>
    </p>
   </div>
   <div class='ocr_carea' id='block_1_74' title="bbox 308 4106 1868 4193">
    <p class='ocr_par' dir='ltr' id='par_1_74' title="bbox 308 4106 1868 4193">
     <span class='ocr_line' id='line_1_74' title="bbox 308 4106 1868 4193; baseline 0.013 -31"><span class='ocrx_word' id='word_1_509' title='bbox 308 4114 411 4179; x_wconf 78' lang='grc' dir='ltr'>τῆς</span> <span class='ocrx_word' id='word_1_510' title='bbox 437 4114 634 4179; x_wconf 84' lang='grc' dir='ltr'>πόλεως</span> <span class='ocrx_word' id='word_1_511' title='bbox 683 4106 806 4189; x_wconf 65' lang='grc' dir='ltr'><strong>χρὴ⁴</strong></span> <span class='ocrx_word' id='word_1_512' title='bbox 846 4120 946 4187; x_wconf 79' lang='grc' dir='ltr'><strong>τὴν</strong></span> <span class='ocrx_word' id='word_1_513' title='bbox 993 4121 1222 4175; x_wconf 79' lang='grc' dir='ltr'>δέουσαν</span> <span class='ocrx_word' id='word_1_514' title='bbox 1267 4125 1527 4193; x_wconf 81' lang='grc' dir='ltr'>πρόνοιαν</span> <span class='ocrx_word' id='word_1_515' title='bbox 1588 4128 1868 4183; x_wconf 85' lang='grc' dir='ltr'>ποιεῖσθαι</span> 
     </span>
    </p>
   </div>
   <div class='ocr_carea' id='block_1_75' title="bbox 310 4206 1869 4289">
    <p class='ocr_par' dir='ltr' id='par_1_75' title="bbox 310 4206 1869 4289">
     <span class='ocr_line' id='line_1_75' title="bbox 310 4206 1869 4289; baseline 0.009 -32"><span class='ocrx_word' id='word_1_516' title='bbox 310 4206 418 4257; x_wconf 84' lang='grc' dir='ltr'>τῶν</span> <span class='ocrx_word' id='word_1_517' title='bbox 444 4213 810 4279; x_wconf 79' lang='grc' dir='ltr'>μοναστηρίων</span> <span class='ocrx_word' id='word_1_518' title='bbox 835 4228 851 4244; x_wconf 78' lang='grc' dir='ltr'><strong>ο</strong></span> <span class='ocrx_word' id='word_1_519' title='bbox 884 4212 978 4264; x_wconf 76' lang='grc' dir='ltr'>δύο</span> <span class='ocrx_word' id='word_1_520' title='bbox 1035 4216 1564 4285; x_wconf 87' lang='grc' dir='ltr'>πραγματευόμενος</span> <span class='ocrx_word' id='word_1_521' title='bbox 1605 4220 1663 4270; x_wconf 90' lang='grc' dir='ltr'><strong>ἐν</strong></span> <span class='ocrx_word' id='word_1_522' title='bbox 1684 4217 1869 4289; x_wconf 83' lang='grc' dir='ltr'>ταυτῷ</span> 
     </span>
    </p>
   </div>
   <div class='ocr_carea' id='block_1_76' title="bbox 303 4300 1871 4382">
    <p class='ocr_par' dir='ltr' id='par_1_76' title="bbox 303 4300 1871 4382">
     <span class='ocr_line' id='line_1_76' title="bbox 303 4300 1871 4382; baseline 0.01 -33"><span class='ocrx_word' id='word_1_523' title='bbox 303 4300 362 4349; x_wconf 84' lang='grc' dir='ltr'><strong>τό</strong></span> <span class='ocrx_word' id='word_1_524' title='bbox 404 4316 459 4351; x_wconf 85' lang='grc' dir='ltr'><strong>τε</strong></span> <span class='ocrx_word' id='word_1_525' title='bbox 486 4303 559 4368; x_wconf 81' lang='grc' dir='ltr'><strong>μὴ</strong></span> <span class='ocrx_word' id='word_1_526' title='bbox 582 4303 885 4372; x_wconf 81' lang='grc' dir='ltr'>πράγματα</span> <span class='ocrx_word' id='word_1_527' title='bbox 915 4304 1061 4374; x_wconf 81' lang='grc' dir='ltr'>ἐχειν</span> <span class='ocrx_word' id='word_1_528' title='bbox 1086 4305 1213 4369; x_wconf 79' lang='grc' dir='ltr'>τοὺς</span> <span class='ocrx_word' id='word_1_529' title='bbox 1258 4310 1525 4376; x_wconf 82' lang='grc' dir='ltr'>μοναχοὺς</span> <span class='ocrx_word' id='word_1_530' title='bbox 1549 4309 1684 4379; x_wconf 82' lang='grc' dir='ltr'><strong>μηδέ</strong></span> <span class='ocrx_word' id='word_1_531' title='bbox 1710 4310 1871 4382; x_wconf 66' lang='grc' dir='ltr'>ὀχλήδ</span> 
     </span>
    </p>
   </div>
   <div class='ocr_carea' id='block_1_77' title="bbox 298 4391 1870 4467">
    <p class='ocr_par' dir='ltr' id='par_1_77' title="bbox 298 4391 1870 4467">
     <span class='ocr_line' id='line_1_77' title="bbox 298 4391 1870 4467; baseline 0.008 -27"><span class='ocrx_word' id='word_1_532' title='bbox 298 4407 411 4451; x_wconf 73' lang='lat' dir='ltr'><strong>cst;</strong></span> <span class='ocrx_word' id='word_1_533' title='bbox 440 4392 538 4453; x_wconf 73' lang='grc' dir='ltr'>τὰς</span> <span class='ocrx_word' id='word_1_534' title='bbox 584 4392 655 4446; x_wconf 88' lang='grc' dir='ltr'>δι’</span> <span class='ocrx_word' id='word_1_535' title='bbox 701 4393 864 4454; x_wconf 77' lang='grc' dir='ltr'>αὐτὰ,</span> <span class='ocrx_word' id='word_1_536' title='bbox 903 4393 1017 4447; x_wconf 84' lang='grc' dir='ltr'>ἀλλ’</span> <span class='ocrx_word' id='word_1_537' title='bbox 1073 4391 1215 4449; x_wconf 79' lang='grc' dir='ltr'>εἶναι</span> <span class='ocrx_word' id='word_1_538' title='bbox 1253 4399 1721 4467; x_wconf 81' lang='grc' dir='ltr'>ἀπερισπάστους,</span> <span class='ocrx_word' id='word_1_539' title='bbox 1775 4401 1870 4454; x_wconf 80' lang='grc' dir='ltr'>καὶ</span> 
     </span>
    </p>
   </div>
   <div class='ocr_carea' id='block_1_78' title="bbox 1222 3200 1902 3271">
    <p class='ocr_par' dir='ltr' id='par_1_78' title="bbox 1222 3200 1902 3271">
     <span class='ocr_line' id='line_1_78' title="bbox 1222 3200 1902 3271; baseline 0.013 -20"><span class='ocrx_word' id='word_1_540' title='bbox 1222 3200 1283 3252; x_wconf 82' lang='grc' dir='ltr'><strong>Εἰ</strong></span> <span class='ocrx_word' id='word_1_541' title='bbox 1332 3203 1439 3271; x_wconf 81' lang='grc' dir='ltr'>γὰρ</span> <span class='ocrx_word' id='word_1_542' title='bbox 1497 3203 1723 3267; x_wconf 84' lang='grc' dir='ltr'>ἄκοντος</span> <span class='ocrx_word' id='word_1_543' title='bbox 1771 3208 1902 3259; x_wconf 84' lang='grc' dir='ltr'><strong>τοῦ</strong></span> 
     </span>
    </p>
   </div>
   <div class='ocr_carea' id='block_1_79' title="bbox 1972 3204 3545 3276">
    <p class='ocr_par' dir='ltr' id='par_1_79' title="bbox 1972 3204 3545 3276">
     <span class='ocr_line' id='line_1_79' title="bbox 1972 3204 3545 3276; baseline 0.007 -24"><span class='ocrx_word' id='word_1_544' title='bbox 1972 3204 2307 3257; x_wconf 91' lang='lat' dir='ltr'><strong>dominorum</strong></span> <span class='ocrx_word' id='word_1_545' title='bbox 2347 3207 2649 3272; x_wconf 79' lang='lat' dir='ltr'><strong>voluntate,</strong></span> <span class='ocrx_word' id='word_1_546' title='bbox 2690 3223 2795 3261; x_wconf 87' lang='lat' dir='ltr'><strong>non</strong></span> <span class='ocrx_word' id='word_1_547' title='bbox 2832 3210 3206 3276; x_wconf 85' lang='lat' dir='ltr'><strong>admittendis,</strong></span> <span class='ocrx_word' id='word_1_548' title='bbox 3246 3227 3313 3264; x_wconf 88' lang='lat' dir='ltr'><strong>ne</strong></span> <span class='ocrx_word' id='word_1_549' title='bbox 3338 3210 3545 3265; x_wconf 83' lang='lat' dir='ltr'><strong>Christi</strong></span> 
     </span>
    </p>
   </div>
   <div class='ocr_carea' id='block_1_80' title="bbox 1972 3296 3559 3367">
    <p class='ocr_par' dir='ltr' id='par_1_80' title="bbox 1972 3296 3559 3367">
     <span class='ocr_line' id='line_1_80' title="bbox 1972 3296 3559 3367; baseline 0.003 -19"><span class='ocrx_word' id='word_1_550' title='bbox 1972 3312 2164 3348; x_wconf 80' lang='lat' dir='ltr'><strong>nomen</strong></span> <span class='ocrx_word' id='word_1_551' title='bbox 2199 3296 2408 3352; x_wconf 82' lang='lat' dir='ltr'><strong>scilicet</strong></span> <span class='ocrx_word' id='word_1_552' title='bbox 2438 3298 2862 3367; x_wconf 86' lang='lat' dir='ltr'><strong>blasphemetur,</strong></span> <span class='ocrx_word' id='word_1_553' title='bbox 2901 3300 3002 3354; x_wconf 90' lang='lat' dir='ltr'><strong>hoc</strong></span> <span class='ocrx_word' id='word_1_554' title='bbox 3040 3316 3247 3355; x_wconf 88' lang='lat' dir='ltr'><strong>canone</strong></span> <span class='ocrx_word' id='word_1_555' title='bbox 3278 3300 3559 3363; x_wconf 44' lang='lat' dir='ltr'><strong>constituo,</strong></span> 
     </span>
    </p>
   </div>
   <div class='ocr_carea' id='block_1_81' title="bbox 1972 3386 3549 3461">
    <p class='ocr_par' dir='ltr' id='par_1_81' title="bbox 1972 3386 3549 3461">
     <span class='ocr_line' id='line_1_81' title="bbox 1972 3386 3549 3461; baseline 0.004 -22"><span class='ocrx_word' id='word_1_556' title='bbox 1972 3396 2104 3440; x_wconf 87' lang='lat' dir='ltr'><strong>ttun.</strong></span> <span class='ocrx_word' id='word_1_557' title='bbox 2136 3386 2303 3455; x_wconf 85' lang='lat' dir='ltr'><strong>Cujus</strong></span> <span class='ocrx_word' id='word_1_558' title='bbox 2332 3390 2530 3443; x_wconf 85' lang='lat' dir='ltr'><strong>etenim</strong></span> <span class='ocrx_word' id='word_1_559' title='bbox 2568 3406 2757 3444; x_wconf 89' lang='lat' dir='ltr'><strong>servus</strong></span> <span class='ocrx_word' id='word_1_560' title='bbox 2794 3391 2963 3461; x_wconf 76' lang='lat' dir='ltr'><strong>invito</strong></span> <span class='ocrx_word' id='word_1_561' title='bbox 2993 3393 3108 3459; x_wconf 85' lang='lat' dir='ltr'><strong>ipso</strong></span> <span class='ocrx_word' id='word_1_562' title='bbox 3144 3392 3399 3447; x_wconf 86' lang='lat' dir='ltr'><strong>detonsus</strong></span> <span class='ocrx_word' id='word_1_563' title='bbox 3430 3391 3549 3446; x_wconf 82' lang='lat' dir='ltr'><strong>fue-</strong></span> 
     </span>
    </p>
   </div>
   <div class='ocr_carea' id='block_1_82' title="bbox 1971 3480 3546 3550">
    <p class='ocr_par' dir='ltr' id='par_1_82' title="bbox 1971 3480 3546 3550">
     <span class='ocr_line' id='line_1_82' title="bbox 1971 3480 3546 3550; baseline 0.005 -20"><span class='ocrx_word' id='word_1_564' title='bbox 1971 3480 2060 3541; x_wconf 89' lang='lat' dir='ltr'><strong>rit,</strong></span> <span class='ocrx_word' id='word_1_565' title='bbox 2108 3494 2217 3531; x_wconf 85' lang='lat' dir='ltr'><strong>rem</strong></span> <span class='ocrx_word' id='word_1_566' title='bbox 2270 3490 2434 3533; x_wconf 81' lang='lat' dir='ltr'><strong>totam</strong></span> <span class='ocrx_word' id='word_1_567' title='bbox 2470 3481 2724 3535; x_wconf 89' lang='lat' dir='ltr'><strong>nimirum</strong></span> <span class='ocrx_word' id='word_1_568' title='bbox 2771 3483 2957 3550; x_wconf 83' lang='lat' dir='ltr'><strong>iniquo</strong></span> <span class='ocrx_word' id='word_1_569' title='bbox 2991 3482 3175 3537; x_wconf 87' lang='lat' dir='ltr'><strong>animo</strong></span> <span class='ocrx_word' id='word_1_570' title='bbox 3222 3482 3377 3545; x_wconf 82' lang='lat' dir='ltr'><strong>feret,</strong></span> <span class='ocrx_word' id='word_1_571' title='bbox 3418 3498 3546 3538; x_wconf 85' lang='lat' dir='ltr'><strong>san-</strong></span> 
     </span>
    </p>
   </div>
   <div class='ocr_carea' id='block_1_83' title="bbox 1968 3556 3547 3641">
    <p class='ocr_par' dir='ltr' id='par_1_83' title="bbox 1968 3556 3547 3641">
     <span class='ocr_line' id='line_1_83' title="bbox 1968 3556 3547 3641; baseline 0.003 -16"><span class='ocrx_word' id='word_1_572' title='bbox 1968 3582 2222 3639; x_wconf 84' lang='lat' dir='ltr'><strong>ctuutqne</strong></span> <span class='ocrx_word' id='word_1_573' title='bbox 2263 3573 2504 3625; x_wconf 86' lang='lat' dir='ltr'><strong>habitum</strong></span> <span class='ocrx_word' id='word_1_574' title='bbox 2555 3575 2957 3636; x_wconf 79' lang='lat' dir='ltr'><strong>exsecrabitur,</strong></span> <span class='ocrx_word' id='word_1_575' title='bbox 3026 3556 3303 3641; x_wconf 72' lang='lat' dir='ltr'><strong>totumque</strong></span> <span class='ocrx_word' id='word_1_576' title='bbox 3360 3589 3547 3630; x_wconf 52' lang='lat' dir='ltr'><strong>[nonal—</strong></span> 
     </span>
    </p>
   </div>
   <div class='ocr_carea' id='block_1_84' title="bbox 1968 3665 3553 3735">
    <p class='ocr_par' dir='ltr' id='par_1_84' title="bbox 1968 3665 3553 3735">
     <span class='ocr_line' id='line_1_84' title="bbox 1968 3665 3553 3735; baseline 0.001 -17"><span class='ocrx_word' id='word_1_577' title='bbox 1968 3665 2192 3719; x_wconf 87' lang='lat' dir='ltr'><strong>chormn</strong></span> <span class='ocrx_word' id='word_1_578' title='bbox 2221 3681 2394 3735; x_wconf 83' lang='lat' dir='ltr'><strong>genus</strong></span> <span class='ocrx_word' id='word_1_579' title='bbox 2425 3666 2680 3720; x_wconf 86' lang='lat' dir='ltr'><strong>convitiis</strong></span> <span class='ocrx_word' id='word_1_580' title='bbox 2708 3666 3045 3735; x_wconf 89' lang='lat' dir='ltr'><strong>proscindet,</strong></span> <span class='ocrx_word' id='word_1_581' title='bbox 3068 3666 3299 3719; x_wconf 89' lang='lat' dir='ltr'><strong>convitia</strong></span> <span class='ocrx_word' id='word_1_582' title='bbox 3327 3680 3455 3720; x_wconf 92' lang='lat' dir='ltr'><strong>vero</strong></span> <span class='ocrx_word' id='word_1_583' title='bbox 3484 3667 3553 3720; x_wconf 47' lang='lat' dir='ltr'><strong>in.</strong></span> 
     </span>
    </p>
   </div>
   <div class='ocr_carea' id='block_1_85' title="bbox 1965 3744 3540 3827">
    <p class='ocr_par' dir='ltr' id='par_1_85' title="bbox 1965 3744 3540 3827">
     <span class='ocr_line' id='line_1_85' title="bbox 1965 3744 3540 3827; baseline 0.001 -16"><span class='ocrx_word' id='word_1_584' title='bbox 1965 3757 2204 3812; x_wconf 87' lang='lat' dir='ltr'><strong>habitum</strong></span> <span class='ocrx_word' id='word_1_585' title='bbox 2238 3774 2357 3811; x_wconf 91' lang='lat' dir='ltr'><strong>eum</strong></span> <span class='ocrx_word' id='word_1_586' title='bbox 2392 3758 2631 3824; x_wconf 86' lang='lat' dir='ltr'><strong>conjecta</strong></span> <span class='ocrx_word' id='word_1_587' title='bbox 2662 3758 2725 3811; x_wconf 89' lang='lat' dir='ltr'><strong>ad</strong></span> <span class='ocrx_word' id='word_1_588' title='bbox 2754 3759 2931 3827; x_wconf 88' lang='lat' dir='ltr'><strong>ipsum</strong></span> <span class='ocrx_word' id='word_1_589' title='bbox 2964 3744 3127 3812; x_wconf 88' lang='lat' dir='ltr'><strong>etiam</strong></span> <span class='ocrx_word' id='word_1_590' title='bbox 3156 3757 3320 3811; x_wconf 90' lang='lat' dir='ltr'><strong>Deum</strong></span> <span class='ocrx_word' id='word_1_591' title='bbox 3358 3769 3540 3812; x_wconf 86' lang='lat' dir='ltr'><strong>trans-</strong></span> 
     </span>
    </p>
   </div>
   <div class='ocr_carea' id='block_1_86' title="bbox 1967 3850 3547 3919">
    <p class='ocr_par' dir='ltr' id='par_1_86' title="bbox 1967 3850 3547 3919">
     <span class='ocr_line' id='line_1_86' title="bbox 1967 3850 3547 3919; baseline -0.002 -15"><span class='ocrx_word' id='word_1_592' title='bbox 1967 3851 2140 3904; x_wconf 90' lang='lat' dir='ltr'><strong>ibunt.</strong></span> <span class='ocrx_word' id='word_1_593' title='bbox 2174 3850 2423 3903; x_wconf 88' lang='lat' dir='ltr'><strong>Divinum</strong></span> <span class='ocrx_word' id='word_1_594' title='bbox 2464 3866 2678 3919; x_wconf 83' lang='lat' dir='ltr'><strong>quoque</strong></span> <span class='ocrx_word' id='word_1_595' title='bbox 2714 3865 2937 3913; x_wconf 88' lang='lat' dir='ltr'><strong>nomen,</strong></span> <span class='ocrx_word' id='word_1_596' title='bbox 2970 3851 3059 3919; x_wconf 92' lang='lat' dir='ltr'><strong>qui</strong></span> <span class='ocrx_word' id='word_1_597' title='bbox 3100 3851 3403 3905; x_wconf 84' lang='lat' dir='ltr'><strong>monachos</strong></span> <span class='ocrx_word' id='word_1_598' title='bbox 3432 3860 3547 3905; x_wconf 78' lang='lat' dir='ltr'><strong>tota</strong></span> 
     </span>
    </p>
   </div>
   <div class='ocr_carea' id='block_1_87' title="bbox 1966 3941 3551 4011">
    <p class='ocr_par' dir='ltr' id='par_1_87' title="bbox 1966 3941 3551 4011">
     <span class='ocr_line' id='line_1_87' title="bbox 1966 3941 3551 4011; baseline 0.001 -16"><span class='ocrx_word' id='word_1_599' title='bbox 1966 3943 2102 3996; x_wconf 90' lang='lat' dir='ltr'><strong>urbe</strong></span> <span class='ocrx_word' id='word_1_600' title='bbox 2130 3942 2445 4006; x_wconf 82' lang='lat' dir='ltr'><strong>volitantes,</strong></span> <span class='ocrx_word' id='word_1_601' title='bbox 2467 3942 2804 4011; x_wconf 64' lang='lat' dir='ltr'><strong>publicaeque</strong></span> <span class='ocrx_word' id='word_1_602' title='bbox 2822 3941 3280 3996; x_wconf 85' lang='lat' dir='ltr'><strong>administrationi</strong></span> <span class='ocrx_word' id='word_1_603' title='bbox 3309 3942 3551 3998; x_wconf 87' lang='lat' dir='ltr'><strong>intentos</strong></span> 
     </span>
    </p>
   </div>
   <div class='ocr_carea' id='block_1_88' title="bbox 1966 4032 3545 4105">
    <p class='ocr_par' dir='ltr' id='par_1_88' title="bbox 1966 4032 3545 4105">
     <span class='ocr_line' id='line_1_88' title="bbox 1966 4032 3545 4105; baseline 0.001 -21"><span class='ocrx_word' id='word_1_604' title='bbox 1966 4033 2240 4105; x_wconf 81' lang='lat' dir='ltr'><strong>viderint,</strong></span> <span class='ocrx_word' id='word_1_605' title='bbox 2291 4049 2321 4085; x_wconf 89' lang='lat' dir='ltr'><strong>a</strong></span> <span class='ocrx_word' id='word_1_606' title='bbox 2376 4033 2479 4085; x_wconf 84' lang='lat' dir='ltr'><strong>ﬁde</strong></span> <span class='ocrx_word' id='word_1_607' title='bbox 2537 4033 2696 4085; x_wconf 86' lang='lat' dir='ltr'><strong>alieni</strong></span> <span class='ocrx_word' id='word_1_608' title='bbox 2777 4032 3026 4087; x_wconf 87' lang='lat' dir='ltr'><strong>homines</strong></span> <span class='ocrx_word' id='word_1_609' title='bbox 3074 4032 3545 4103; x_wconf 84' lang='lat' dir='ltr'><strong>blasphemabunt.</strong></span> 
     </span>
    </p>
   </div>
   <div class='ocr_carea' id='block_1_89' title="bbox 1969 4110 3549 4193">
    <p class='ocr_par' dir='ltr' id='par_1_89' title="bbox 1969 4110 3549 4193">
     <span class='ocr_line' id='line_1_89' title="bbox 1969 4110 3549 4193; baseline -0.002 -16"><span class='ocrx_word' id='word_1_610' title='bbox 1969 4110 2236 4191; x_wconf 76' lang='lat' dir='ltr'><strong>Quoniam</strong></span> <span class='ocrx_word' id='word_1_611' title='bbox 2290 4139 2446 4189; x_wconf 86' lang='lat' dir='ltr'><strong>vero,</strong></span> <span class='ocrx_word' id='word_1_612' title='bbox 2487 4123 2751 4193; x_wconf 86' lang='lat' dir='ltr'><strong>cujusque</strong></span> <span class='ocrx_word' id='word_1_613' title='bbox 2799 4124 3049 4192; x_wconf 78' lang='lat' dir='ltr'><strong>regionis</strong></span> <span class='ocrx_word' id='word_1_614' title='bbox 3087 4123 3384 4193; x_wconf 89' lang='lat' dir='ltr'><strong>episcopis,</strong></span> <span class='ocrx_word' id='word_1_615' title='bbox 3431 4122 3549 4190; x_wconf 83' lang='lat' dir='ltr'><strong>ejus</strong></span> 
     </span>
    </p>
   </div>
   <div class='ocr_carea' id='block_1_90' title="bbox 1969 4210 3549 4281">
    <p class='ocr_par' dir='ltr' id='par_1_90' title="bbox 1969 4210 3549 4281">
     <span class='ocr_line' id='line_1_90' title="bbox 1969 4210 3549 4281; baseline -0.003 -11"><span class='ocrx_word' id='word_1_616' title='bbox 1969 4215 2073 4270; x_wconf 90' lang='lat' dir='ltr'><strong>loci</strong></span> <span class='ocrx_word' id='word_1_617' title='bbox 2132 4213 2425 4267; x_wconf 87' lang='lat' dir='ltr'><strong>monachos</strong></span> <span class='ocrx_word' id='word_1_618' title='bbox 2480 4222 2533 4268; x_wconf 91' lang='lat' dir='ltr'><strong>et</strong></span> <span class='ocrx_word' id='word_1_619' title='bbox 2588 4213 2918 4267; x_wconf 89' lang='lat' dir='ltr'><strong>monasteria</strong></span> <span class='ocrx_word' id='word_1_620' title='bbox 2973 4211 3169 4281; x_wconf 84' lang='lat' dir='ltr'><strong>subjici</strong></span> <span class='ocrx_word' id='word_1_621' title='bbox 3226 4226 3396 4265; x_wconf 90' lang='lat' dir='ltr'><strong>canon</strong></span> <span class='ocrx_word' id='word_1_622' title='bbox 3458 4210 3549 4265; x_wconf 90' lang='lat' dir='ltr'><strong>hic</strong></span> 
     </span>
    </p>
   </div>
   <div class='ocr_carea' id='block_1_91' title="bbox 1972 4303 3550 4375">
    <p class='ocr_par' dir='ltr' id='par_1_91' title="bbox 1972 4303 3550 4375">
     <span class='ocr_line' id='line_1_91' title="bbox 1972 4303 3550 4375; baseline 0 -18"><span class='ocrx_word' id='word_1_623' title='bbox 1972 4306 2178 4374; x_wconf 52' lang='lat' dir='ltr'><strong>voluit“;</strong></span> <span class='ocrx_word' id='word_1_624' title='bbox 2201 4306 2486 4375; x_wconf 86' lang='lat' dir='ltr'><strong>episcopus</strong></span> <span class='ocrx_word' id='word_1_625' title='bbox 2516 4303 2776 4371; x_wconf 86' lang='lat' dir='ltr'><strong>civitatis,</strong></span> <span class='ocrx_word' id='word_1_626' title='bbox 2804 4303 3264 4374; x_wconf 44' lang='lat' dir='ltr'><strong>inquit,,vicissim</strong></span> <span class='ocrx_word' id='word_1_627' title='bbox 3292 4312 3550 4372; x_wconf 82' lang='lat' dir='ltr'><strong>opportu-</strong></span> 
     </span>
    </p>
   </div>
   <div class='ocr_carea' id='block_1_92' title="bbox 1926 4396 3549 4467">
    <p class='ocr_par' dir='ltr' id='par_1_92' title="bbox 1926 4396 3549 4467">
     <span class='ocr_line' id='line_1_92' title="bbox 1926 4396 3549 4467; baseline -0.005 -10"><span class='ocrx_word' id='word_1_628' title='bbox 1926 4454 1935 4457; x_wconf 82' lang='lat'><strong>-</strong></span> <span class='ocrx_word' id='word_1_629' title='bbox 1975 4416 2096 4452; x_wconf 89' lang='lat' dir='ltr'><strong>nam</strong></span> <span class='ocrx_word' id='word_1_630' title='bbox 2145 4399 2489 4453; x_wconf 88' lang='lat' dir='ltr'><strong>monasteriis</strong></span> <span class='ocrx_word' id='word_1_631' title='bbox 2525 4413 2712 4452; x_wconf 88' lang='lat' dir='ltr'><strong>curam</strong></span> <span class='ocrx_word' id='word_1_632' title='bbox 2758 4399 3033 4467; x_wconf 88' lang='lat' dir='ltr'><strong>impendat</strong></span> <span class='ocrx_word' id='word_1_633' title='bbox 3064 4407 3298 4467; x_wconf 83' lang='lat' dir='ltr'><strong>oportet.</strong></span> <span class='ocrx_word' id='word_1_634' title='bbox 3338 4397 3415 4450; x_wconf 68' lang='lat' dir='ltr'><strong>Ac</strong></span> <span class='ocrx_word' id='word_1_635' title='bbox 3444 4396 3549 4450; x_wconf 87' lang='lat' dir='ltr'><strong>duo</strong></span> 
     </span>
    </p>
   </div>
   <div class='ocr_carea' id='block_1_93' title="bbox 294 4469 1869 4564">
    <p class='ocr_par' dir='ltr' id='par_1_93' title="bbox 294 4484 1866 4564">
     <span class='ocr_line' id='line_1_93' title="bbox 294 4484 1866 4564; baseline 0.008 -30"><span class='ocrx_word' id='word_1_636' title='bbox 294 4484 611 4551; x_wconf 65' lang='grc' dir='ltr'>ἡσυχάζειν,</span> <span class='ocrx_word' id='word_1_637' title='bbox 669 4487 766 4539; x_wconf 79' lang='grc' dir='ltr'>καὶ</span> <span class='ocrx_word' id='word_1_638' title='bbox 800 4488 979 4555; x_wconf 90' lang='grc' dir='ltr'>μόνων</span> <span class='ocrx_word' id='word_1_639' title='bbox 1031 4488 1341 4556; x_wconf 76' lang='grc' dir='ltr'>φροντίζειν</span> <span class='ocrx_word' id='word_1_640' title='bbox 1383 4491 1492 4544; x_wconf 87' lang='grc' dir='ltr'><strong>τῶν</strong></span> <span class='ocrx_word' id='word_1_641' title='bbox 1521 4494 1600 4555; x_wconf 84' lang='grc' dir='ltr'><strong>είς</strong></span> <span class='ocrx_word' id='word_1_642' title='bbox 1629 4493 1866 4564; x_wconf 82' lang='grc' dir='ltr'>ψυχικὴν</span> 
     </span>
    </p>
   </div>
   <div class='ocr_carea' id='block_1_94' title="bbox 1971 4469 3552 4564">
    <p class='ocr_par' dir='ltr' id='par_1_94' title="bbox 1972 4488 3552 4560">
     <span class='ocr_line' id='line_1_94' title="bbox 1972 4488 3552 4560; baseline -0.001 -17"><span class='ocrx_word' id='word_1_643' title='bbox 1972 4491 2190 4560; x_wconf 86' lang='lat' dir='ltr'><strong>quidem</strong></span> <span class='ocrx_word' id='word_1_644' title='bbox 2241 4490 2356 4545; x_wconf 63' lang='lat' dir='ltr'><strong>haec</strong></span> <span class='ocrx_word' id='word_1_645' title='bbox 2398 4490 2561 4545; x_wconf 83' lang='lat' dir='ltr'><strong>simul</strong></span> <span class='ocrx_word' id='word_1_646' title='bbox 2603 4490 2855 4554; x_wconf 82' lang='lat' dir='ltr'><strong>curabit,</strong></span> <span class='ocrx_word' id='word_1_647' title='bbox 2901 4490 3158 4555; x_wconf 87' lang='lat' dir='ltr'><strong>alterum,</strong></span> <span class='ocrx_word' id='word_1_648' title='bbox 3201 4498 3261 4544; x_wconf 93' lang='lat' dir='ltr'><strong>ut</strong></span> <span class='ocrx_word' id='word_1_649' title='bbox 3310 4488 3552 4557; x_wconf 85' lang='lat' dir='ltr'><strong>operosis</strong></span> 
     </span>
    </p>
   </div>
   <div class='ocr_carea' id='block_1_95' title="bbox 292 4578 1867 4647">
    <p class='ocr_par' dir='ltr' id='par_1_95' title="bbox 292 4578 1867 4647">
     <span class='ocr_line' id='line_1_95' title="bbox 292 4578 1867 4647; baseline 0.005 -19"><span class='ocrx_word' id='word_1_650' title='bbox 292 4578 681 4631; x_wconf 77' lang='grc' dir='ltr'>συντεινόντων</span> <span class='ocrx_word' id='word_1_651' title='bbox 724 4578 1014 4647; x_wconf 81' lang='grc' dir='ltr'>ὠφέλειαν,</span> <span class='ocrx_word' id='word_1_652' title='bbox 1061 4583 1154 4634; x_wconf 80' lang='grc' dir='ltr'><strong>καὶ</strong></span> <span class='ocrx_word' id='word_1_653' title='bbox 1186 4582 1246 4633; x_wconf 83' lang='grc' dir='ltr'><strong>τὸ</strong></span> <span class='ocrx_word' id='word_1_654' title='bbox 1281 4583 1375 4635; x_wconf 81' lang='grc' dir='ltr'><strong>τὸν</strong></span> <span class='ocrx_word' id='word_1_655' title='bbox 1395 4583 1696 4638; x_wconf 74' lang='grc' dir='ltr'>ἐπίσκοπον</span> <span class='ocrx_word' id='word_1_656' title='bbox 1743 4587 1867 4639; x_wconf 89' lang='grc' dir='ltr'>κάν-</span> 
     </span>
    </p>
   </div>
   <div class='ocr_carea' id='block_1_96' title="bbox 282 4671 1868 4745">
    <p class='ocr_par' dir='ltr' id='par_1_96' title="bbox 282 4671 1868 4745">
     <span class='ocr_line' id='line_1_96' title="bbox 282 4671 1868 4745; baseline 0.006 -24"><span class='ocrx_word' id='word_1_657' title='bbox 282 4671 476 4723; x_wconf 85' lang='grc' dir='ltr'>τεῦθεν</span> <span class='ocrx_word' id='word_1_658' title='bbox 524 4672 718 4741; x_wconf 76' lang='grc' dir='ltr'>κέρδος</span> <span class='ocrx_word' id='word_1_659' title='bbox 768 4672 1001 4741; x_wconf 73' lang='grc' dir='ltr'>ψυχικὸν</span> <span class='ocrx_word' id='word_1_660' title='bbox 1058 4677 1368 4744; x_wconf 85' lang='grc' dir='ltr'>περιποιεῖν</span> <span class='ocrx_word' id='word_1_661' title='bbox 1418 4676 1618 4745; x_wconf 77' lang='grc' dir='ltr'>ἐαυτῷ,</span> <span class='ocrx_word' id='word_1_662' title='bbox 1664 4679 1757 4731; x_wconf 79' lang='grc' dir='ltr'><strong>καὶ</strong></span> <span class='ocrx_word' id='word_1_663' title='bbox 1788 4680 1868 4743; x_wconf 73' lang='grc' dir='ltr'><strong>είς</strong></span> 
     </span>
    </p>
   </div>
   <div class='ocr_carea' id='block_1_97' title="bbox 290 4759 1865 4839">
    <p class='ocr_par' dir='ltr' id='par_1_97' title="bbox 290 4759 1865 4839">
     <span class='ocr_line' id='line_1_97' title="bbox 290 4759 1865 4839; baseline 0.004 -24"><span class='ocrx_word' id='word_1_664' title='bbox 290 4765 443 4827; x_wconf 64' lang='grc' dir='ltr'>δόξαν</span> <span class='ocrx_word' id='word_1_665' title='bbox 466 4759 608 4817; x_wconf 76' lang='grc' dir='ltr'>εἶναι</span> <span class='ocrx_word' id='word_1_666' title='bbox 642 4765 800 4818; x_wconf 82' lang='grc' dir='ltr'>Θεοῦ.</span> <span class='ocrx_word' id='word_1_667' title='bbox 832 4766 1152 4835; x_wconf 65' lang='grc' dir='ltr'>Λαμψάτω,</span> <span class='ocrx_word' id='word_1_668' title='bbox 1177 4767 1309 4834; x_wconf 72' lang='grc' dir='ltr'>γὰρ,</span> <span class='ocrx_word' id='word_1_669' title='bbox 1370 4769 1535 4835; x_wconf 76' lang='grc' dir='ltr'>φησὶν</span> <span class='ocrx_word' id='word_1_670' title='bbox 1581 4769 1609 4818; x_wconf 88' lang='grc' dir='ltr'>ὁ</span> <span class='ocrx_word' id='word_1_671' title='bbox 1637 4770 1865 4839; x_wconf 85' lang='grc' dir='ltr'>Κύριος,</span> 
     </span>
    </p>
   </div>
   <div class='ocr_carea' id='block_1_98' title="bbox 287 4852 1871 4927">
    <p class='ocr_par' dir='ltr' id='par_1_98' title="bbox 287 4852 1871 4927">
     <span class='ocr_line' id='line_1_98' title="bbox 287 4852 1871 4927; baseline 0.004 -20"><span class='ocrx_word' id='word_1_672' title='bbox 287 4858 351 4907; x_wconf 75' lang='grc' dir='ltr'>τὸ</span> <span class='ocrx_word' id='word_1_673' title='bbox 401 4855 535 4924; x_wconf 78' lang='grc' dir='ltr'><strong>φῶς</strong></span> <span class='ocrx_word' id='word_1_674' title='bbox 582 4855 752 4925; x_wconf 79' lang='grc' dir='ltr'><strong>ὑμῶν</strong></span> <span class='ocrx_word' id='word_1_675' title='bbox 793 4858 1139 4926; x_wconf 74' lang='grc' dir='ltr'>ἔμπροσθεν</span> <span class='ocrx_word' id='word_1_676' title='bbox 1159 4858 1276 4921; x_wconf 74' lang='grc' dir='ltr'><strong>τῶν</strong></span> <span class='ocrx_word' id='word_1_677' title='bbox 1308 4852 1654 4926; x_wconf 76' lang='grc' dir='ltr'>ἀνθρώπων,</span> <span class='ocrx_word' id='word_1_678' title='bbox 1711 4860 1871 4927; x_wconf 76' lang='grc' dir='ltr'>ὅπως</span> 
     </span>
    </p>
   </div>
   <div class='ocr_carea' id='block_1_99' title="bbox 286 4948 1871 5018">
    <p class='ocr_par' dir='ltr' id='par_1_99' title="bbox 286 4948 1871 5018">
     <span class='ocr_line' id='line_1_99' title="bbox 286 4948 1871 5018; baseline 0.005 -21"><span class='ocrx_word' id='word_1_679' title='bbox 286 4948 463 5001; x_wconf 72' lang='grc' dir='ltr'>ἴδωσι</span> <span class='ocrx_word' id='word_1_680' title='bbox 505 4948 583 5001; x_wconf 83' lang='grc' dir='ltr'>τὰ</span> <span class='ocrx_word' id='word_1_681' title='bbox 648 4948 807 5002; x_wconf 72' lang='grc' dir='ltr'>καλὰ</span> <span class='ocrx_word' id='word_1_682' title='bbox 862 4950 1006 5018; x_wconf 69' lang='grc' dir='ltr'>ἔργα</span> <span class='ocrx_word' id='word_1_683' title='bbox 1052 4949 1241 5018; x_wconf 83' lang='grc' dir='ltr'>ὑμῶν,</span> <span class='ocrx_word' id='word_1_684' title='bbox 1272 4950 1389 5003; x_wconf 55' lang='grc' dir='ltr'>λκαὶ</span> <span class='ocrx_word' id='word_1_685' title='bbox 1432 4950 1738 5015; x_wconf 82' lang='grc' dir='ltr'>δοξάσωσι</span> <span class='ocrx_word' id='word_1_686' title='bbox 1763 4952 1871 5005; x_wconf 80' lang='grc' dir='ltr'><strong>τὸν</strong></span> 
     </span>
    </p>
   </div>
   <div class='ocr_carea' id='block_1_100' title="bbox 282 5040 1871 5109">
    <p class='ocr_par' dir='ltr' id='par_1_100' title="bbox 282 5040 1871 5109">
     <span class='ocr_line' id='line_1_100' title="bbox 282 5040 1871 5109; baseline 0.002 -16"><span class='ocrx_word' id='word_1_687' title='bbox 282 5040 526 5106; x_wconf 80' lang='grc' dir='ltr'>Πατέρα</span> <span class='ocrx_word' id='word_1_688' title='bbox 568 5040 737 5109; x_wconf 80' lang='grc' dir='ltr'><strong>ὑμῶν</strong></span> <span class='ocrx_word' id='word_1_689' title='bbox 767 5041 875 5094; x_wconf 82' lang='grc' dir='ltr'><strong>τὸν</strong></span> <span class='ocrx_word' id='word_1_690' title='bbox 911 5042 982 5094; x_wconf 82' lang='grc' dir='ltr'>ἐν</span> <span class='ocrx_word' id='word_1_691' title='bbox 1008 5044 1134 5106; x_wconf 80' lang='grc' dir='ltr'>τοῖς</span> <span class='ocrx_word' id='word_1_692' title='bbox 1166 5042 1467 5109; x_wconf 81' lang='grc' dir='ltr'>οὐρανοῖς.</span> <span class='ocrx_word' id='word_1_693' title='bbox 1514 5043 1667 5094; x_wconf 81' lang='grc' dir='ltr'>Ἐπεὶ</span> <span class='ocrx_word' id='word_1_694' title='bbox 1710 5042 1768 5095; x_wconf 84' lang='grc' dir='ltr'>δὲ</span> <span class='ocrx_word' id='word_1_695' title='bbox 1801 5042 1871 5096; x_wconf 89' lang='grc' dir='ltr'><strong>τά</strong></span> 
     </span>
    </p>
   </div>
   <div class='ocr_carea' id='block_1_101' title="bbox 283 5133 1871 5203">
    <p class='ocr_par' dir='ltr' id='par_1_101' title="bbox 283 5133 1871 5203">
     <span class='ocr_line' id='line_1_101' title="bbox 283 5133 1871 5203; baseline 0.001 -18"><span class='ocrx_word' id='word_1_696' title='bbox 283 5134 394 5185; x_wconf 61' lang='grc' dir='ltr'>τῦν</span> <span class='ocrx_word' id='word_1_697' title='bbox 431 5133 745 5202; x_wconf 84' lang='grc' dir='ltr'>ἐκκλησιῶν</span> <span class='ocrx_word' id='word_1_698' title='bbox 775 5134 880 5202; x_wconf 75' lang='grc' dir='ltr'>χρὴ</span> <span class='ocrx_word' id='word_1_699' title='bbox 892 5151 1036 5201; x_wconf 87' lang='grc' dir='ltr'>ματα</span> <span class='ocrx_word' id='word_1_700' title='bbox 1059 5135 1312 5203; x_wconf 87' lang='grc' dir='ltr'>πτωχικά</span> <span class='ocrx_word' id='word_1_701' title='bbox 1344 5134 1732 5202; x_wconf 66' lang='grc' dir='ltr'>ὀνομάζον-ταις</span> <span class='ocrx_word' id='word_1_702' title='bbox 1776 5137 1871 5187; x_wconf 83' lang='grc' dir='ltr'>καὶ</span> 
     </span>
    </p>
   </div>
   <div class='ocr_carea' id='block_1_102' title="bbox 287 5223 1871 5295">
    <p class='ocr_par' dir='ltr' id='par_1_102' title="bbox 287 5223 1871 5295">
     <span class='ocr_line' id='line_1_102' title="bbox 287 5223 1871 5295; baseline 0.003 -20"><span class='ocrx_word' id='word_1_703' title='bbox 287 5229 366 5287; x_wconf 82' lang='grc' dir='ltr'>εἰς</span> <span class='ocrx_word' id='word_1_704' title='bbox 394 5225 599 5287; x_wconf 78' lang='grc' dir='ltr'>ἐνδεεῖς</span> <span class='ocrx_word' id='word_1_705' title='bbox 629 5223 938 5293; x_wconf 85' lang='grc' dir='ltr'>ἐτάχθησαν</span> <span class='ocrx_word' id='word_1_706' title='bbox 999 5225 1415 5291; x_wconf 82' lang='grc' dir='ltr'>ἀναλίσκεσθαι,</span> <span class='ocrx_word' id='word_1_707' title='bbox 1467 5227 1564 5279; x_wconf 74' lang='grc' dir='ltr'><strong>καὶ</strong></span> <span class='ocrx_word' id='word_1_708' title='bbox 1621 5225 1700 5295; x_wconf 82' lang='grc' dir='ltr'><strong>τῷ</strong></span> <span class='ocrx_word' id='word_1_709' title='bbox 1749 5228 1871 5279; x_wconf 82' lang='grc' dir='ltr'>ἐπι-</span> 
     </span>
    </p>
   </div>
   <div class='ocr_carea' id='block_1_103' title="bbox 290 5317 1869 5388">
    <p class='ocr_par' dir='ltr' id='par_1_103' title="bbox 290 5317 1869 5388">
     <span class='ocr_line' id='line_1_103' title="bbox 290 5317 1869 5388; baseline 0.003 -20"><span class='ocrx_word' id='word_1_710' title='bbox 290 5319 481 5387; x_wconf 80' lang='grc' dir='ltr'>σκόπῳ</span> <span class='ocrx_word' id='word_1_711' title='bbox 513 5319 594 5380; x_wconf 80' lang='grc' dir='ltr'>εὶς</span> <span class='ocrx_word' id='word_1_712' title='bbox 632 5317 823 5369; x_wconf 60' lang='grc' dir='ltr'>ἑαυτὸν</span> <span class='ocrx_word' id='word_1_713' title='bbox 852 5319 914 5370; x_wconf 87' lang='grc' dir='ltr'><strong>ἐκ</strong></span> <span class='ocrx_word' id='word_1_714' title='bbox 943 5318 1147 5370; x_wconf 80' lang='grc' dir='ltr'>τούτων</span> <span class='ocrx_word' id='word_1_715' title='bbox 1201 5317 1344 5388; x_wconf 82' lang='grc' dir='ltr'>πλὴν</span> <span class='ocrx_word' id='word_1_716' title='bbox 1394 5317 1505 5369; x_wconf 87' lang='grc' dir='ltr'>τῶν</span> <span class='ocrx_word' id='word_1_717' title='bbox 1549 5318 1869 5384; x_wconf 88' lang='grc' dir='ltr'>ἀναγκαίων</span> 
     </span>
    </p>
   </div>
   <div class='ocr_carea' id='block_1_104' title="bbox 289 5408 1870 5480">
    <p class='ocr_par' dir='ltr' id='par_1_104' title="bbox 289 5408 1870 5480">
     <span class='ocr_line' id='line_1_104' title="bbox 289 5408 1870 5480; baseline 0.002 -19"><span class='ocrx_word' id='word_1_718' title='bbox 289 5411 454 5475; x_wconf 53' lang='grc' dir='ltr'>πάνυ,</span> <span class='ocrx_word' id='word_1_719' title='bbox 482 5411 575 5461; x_wconf 83' lang='grc' dir='ltr'>ὅτε</span> <span class='ocrx_word' id='word_1_720' title='bbox 635 5408 714 5478; x_wconf 81' lang='grc' dir='ltr'>μὴ</span> <span class='ocrx_word' id='word_1_721' title='bbox 744 5409 859 5480; x_wconf 86' lang='grc' dir='ltr'>ἐχοι</span> <span class='ocrx_word' id='word_1_722' title='bbox 903 5410 1134 5471; x_wconf 81' lang='grc' dir='ltr'>οἴκοθεν,</span> <span class='ocrx_word' id='word_1_723' title='bbox 1182 5410 1333 5463; x_wconf 80' lang='grc' dir='ltr'>οὐδὲν</span> <span class='ocrx_word' id='word_1_724' title='bbox 1370 5410 1615 5480; x_wconf 78' lang='grc' dir='ltr'>δαπανᾷν</span> <span class='ocrx_word' id='word_1_725' title='bbox 1637 5412 1870 5479; x_wconf 85' lang='grc' dir='ltr'>ἐφεῖται,</span> 
     </span>
    </p>
   </div>
   <div class='ocr_carea' id='block_1_105' title="bbox 287 5503 1874 5573">
    <p class='ocr_par' dir='ltr' id='par_1_105' title="bbox 287 5503 1874 5573">
     <span class='ocr_line' id='line_1_105' title="bbox 287 5503 1874 5573; baseline -0.001 -14"><span class='ocrx_word' id='word_1_726' title='bbox 287 5505 359 5559; x_wconf 73' lang='grc' dir='ltr'>ὡς</span> <span class='ocrx_word' id='word_1_727' title='bbox 390 5506 419 5555; x_wconf 82' lang='grc' dir='ltr'>ὁ</span> <span class='ocrx_word' id='word_1_728' title='bbox 457 5510 549 5573; x_wconf 85' lang='grc' dir='ltr'>μα’</span> <span class='ocrx_word' id='word_1_729' title='bbox 609 5514 793 5558; x_wconf 83' lang='grc' dir='ltr'>κανων</span> <span class='ocrx_word' id='word_1_730' title='bbox 835 5507 945 5557; x_wconf 86' lang='grc' dir='ltr'><strong>τῶν</strong></span> <span class='ocrx_word' id='word_1_731' title='bbox 1008 5504 1180 5572; x_wconf 83' lang='grc' dir='ltr'>ἁγίων</span> <span class='ocrx_word' id='word_1_732' title='bbox 1226 5503 1541 5557; x_wconf 83' lang='grc' dir='ltr'>ἀποστόλων</span> <span class='ocrx_word' id='word_1_733' title='bbox 1569 5506 1703 5573; x_wconf 76' lang='grc' dir='ltr'>φησὶ</span> <span class='ocrx_word' id='word_1_734' title='bbox 1724 5507 1817 5558; x_wconf 82' lang='grc' dir='ltr'>καὶ</span> <span class='ocrx_word' id='word_1_735' title='bbox 1844 5506 1874 5558; x_wconf 86' lang='grc' dir='ltr'><strong>ὀ</strong></span> 
     </span>
    </p>
   </div>
   <div class='ocr_carea' id='block_1_106' title="bbox 289 5596 1872 5670">
    <p class='ocr_par' dir='ltr' id='par_1_106' title="bbox 289 5596 1872 5670">
     <span class='ocr_line' id='line_1_106' title="bbox 289 5596 1872 5670; baseline 0 -20"><span class='ocrx_word' id='word_1_736' title='bbox 289 5598 367 5650; x_wconf 82' lang='grc' dir='ltr'>κε’</span> <span class='ocrx_word' id='word_1_737' title='bbox 396 5599 501 5669; x_wconf 84' lang='grc' dir='ltr'>τῆς</span> <span class='ocrx_word' id='word_1_738' title='bbox 557 5599 617 5651; x_wconf 90' lang='grc' dir='ltr'><strong>ἐν</strong></span> <span class='ocrx_word' id='word_1_739' title='bbox 658 5596 962 5669; x_wconf 79' lang='grc' dir='ltr'>Ἀντιοχείᾳ</span> <span class='ocrx_word' id='word_1_740' title='bbox 1012 5598 1255 5653; x_wconf 82' lang='grc' dir='ltr'>συνόδου.</span> <span class='ocrx_word' id='word_1_741' title='bbox 1304 5596 1421 5651; x_wconf 69' lang='grc' dir='ltr'>Καὶ</span> <span class='ocrx_word' id='word_1_742' title='bbox 1459 5598 1573 5661; x_wconf 82' lang='grc' dir='ltr'>τοῖς</span> <span class='ocrx_word' id='word_1_743' title='bbox 1619 5599 1872 5670; x_wconf 76' lang='grc' dir='ltr'>μοναχοῖς</span> 
     </span>
    </p>
   </div>
   <div class='ocr_carea' id='block_1_107' title="bbox 361 5776 837 5837">
    <p class='ocr_par' dir='ltr' id='par_1_107' title="bbox 361 5776 837 5837">
     <span class='ocr_line' id='line_1_107' title="bbox 361 5776 837 5837; baseline -0.004 -7"><span class='ocrx_word' id='word_1_744' title='bbox 361 5778 407 5810; x_wconf 73' lang='grc'><strong>⁸⁸</strong></span> <span class='ocrx_word' id='word_1_745' title='bbox 432 5777 631 5831; x_wconf 66' lang='lat' dir='ltr'><strong>Mulli).</strong></span> <span class='ocrx_word' id='word_1_746' title='bbox 662 5790 718 5837; x_wconf 80' lang='grc' dir='ltr'><strong>ν,</strong></span> <span class='ocrx_word' id='word_1_747' title='bbox 752 5776 837 5830; x_wconf 75' lang='grc'><strong>16.</strong></span> 
     </span>
    </p>
   </div>
   <div class='ocr_carea' id='block_1_108' title="bbox 1969 4568 3552 4652">
    <p class='ocr_par' dir='ltr' id='par_1_108' title="bbox 1969 4568 3552 4652">
     <span class='ocr_line' id='line_1_108' title="bbox 1969 4568 3552 4652; baseline -0.003 -16"><span class='ocrx_word' id='word_1_748' title='bbox 1969 4584 2307 4652; x_wconf 79' lang='lat' dir='ltr'><strong>negotiorum</strong></span> <span class='ocrx_word' id='word_1_749' title='bbox 2336 4583 2483 4637; x_wconf 88' lang='lat' dir='ltr'><strong>curis</strong></span> <span class='ocrx_word' id='word_1_750' title='bbox 2510 4597 2573 4636; x_wconf 91' lang='lat' dir='ltr'><strong>ac</strong></span> <span class='ocrx_word' id='word_1_751' title='bbox 2602 4581 2865 4635; x_wconf 80' lang='lat' dir='ltr'><strong>molestiis</strong></span> <span class='ocrx_word' id='word_1_752' title='bbox 2899 4580 3090 4644; x_wconf 84' lang='lat' dir='ltr'><strong>soluti,</strong></span> <span class='ocrx_word' id='word_1_753' title='bbox 3120 4568 3464 4650; x_wconf 83' lang='lat' dir='ltr'><strong>tranquillam</strong></span> <span class='ocrx_word' id='word_1_754' title='bbox 3497 4590 3552 4632; x_wconf 85' lang='lat' dir='ltr'><strong>et</strong></span> 
     </span>
    </p>
   </div>
   <div class='ocr_carea' id='block_1_109' title="bbox 1968 4670 3549 4743">
    <p class='ocr_par' dir='ltr' id='par_1_109' title="bbox 1968 4670 3549 4743">
     <span class='ocr_line' id='line_1_109' title="bbox 1968 4670 3549 4743; baseline -0.001 -19"><span class='ocrx_word' id='word_1_755' title='bbox 1968 4676 2203 4743; x_wconf 84' lang='lat' dir='ltr'><strong>quietam</strong></span> <span class='ocrx_word' id='word_1_756' title='bbox 2240 4676 2429 4735; x_wconf 73' lang='lat' dir='ltr'><strong>vitam.</strong></span> <span class='ocrx_word' id='word_1_757' title='bbox 2462 4689 2525 4729; x_wconf 89' lang='lat' dir='ltr'><strong>ea</strong></span> <span class='ocrx_word' id='word_1_758' title='bbox 2557 4675 2751 4735; x_wconf 88' lang='lat' dir='ltr'><strong>solum,</strong></span> <span class='ocrx_word' id='word_1_759' title='bbox 2776 4673 2916 4728; x_wconf 88' lang='lat' dir='ltr'><strong>unde</strong></span> <span class='ocrx_word' id='word_1_760' title='bbox 2950 4672 3157 4737; x_wconf 77' lang='lat' dir='ltr'><strong>fructus</strong></span> <span class='ocrx_word' id='word_1_761' title='bbox 3188 4673 3371 4727; x_wconf 79' lang='lat' dir='ltr'><strong>animo</strong></span> <span class='ocrx_word' id='word_1_762' title='bbox 3404 4670 3549 4725; x_wconf 79' lang='lat' dir='ltr'><strong>exsi-</strong></span> 
     </span>
    </p>
   </div>
   <div class='ocr_carea' id='block_1_110' title="bbox 1969 4763 3553 4833">
    <p class='ocr_par' dir='ltr' id='par_1_110' title="bbox 1969 4763 3553 4833">
     <span class='ocr_line' id='line_1_110' title="bbox 1969 4763 3553 4833; baseline -0.003 -15"><span class='ocrx_word' id='word_1_763' title='bbox 1969 4776 2096 4830; x_wconf 92' lang='lat' dir='ltr'><strong>stat,</strong></span> <span class='ocrx_word' id='word_1_764' title='bbox 2160 4766 2525 4830; x_wconf 86' lang='lat' dir='ltr'><strong>meditantes,</strong></span> <span class='ocrx_word' id='word_1_765' title='bbox 2583 4764 2834 4819; x_wconf 87' lang='lat' dir='ltr'><strong>monachi</strong></span> <span class='ocrx_word' id='word_1_766' title='bbox 2887 4774 3049 4833; x_wconf 83' lang='lat' dir='ltr'><strong>agant</strong></span> <span class='ocrx_word' id='word_1_767' title='bbox 3105 4781 3121 4818; x_wconf 86' lang='lat'><strong>:</strong></span> <span class='ocrx_word' id='word_1_768' title='bbox 3176 4763 3435 4825; x_wconf 88' lang='lat' dir='ltr'><strong>alterum,</strong></span> <span class='ocrx_word' id='word_1_769' title='bbox 3494 4773 3553 4815; x_wconf 87' lang='lat' dir='ltr'><strong>ut</strong></span> 
     </span>
    </p>
   </div>
   <div class='ocr_carea' id='block_1_111' title="bbox 1969 4855 3552 4926">
    <p class='ocr_par' dir='ltr' id='par_1_111' title="bbox 1969 4855 3552 4926">
     <span class='ocr_line' id='line_1_111' title="bbox 1969 4855 3552 4926; baseline -0.002 -16"><span class='ocrx_word' id='word_1_770' title='bbox 1969 4860 2159 4912; x_wconf 84' lang='lat' dir='ltr'><strong>eadem</strong></span> <span class='ocrx_word' id='word_1_771' title='bbox 2180 4872 2365 4925; x_wconf 84' lang='lat' dir='ltr'><strong>-opera</strong></span> <span class='ocrx_word' id='word_1_772' title='bbox 2409 4857 2788 4926; x_wconf 82' lang='lat' dir='ltr'><strong>spiritualibus</strong></span> <span class='ocrx_word' id='word_1_773' title='bbox 2820 4857 3210 4920; x_wconf 85' lang='lat' dir='ltr'><strong>incrementis,</strong></span> <span class='ocrx_word' id='word_1_774' title='bbox 3244 4855 3552 4923; x_wconf 72' lang='lat' dir='ltr'><strong>divinaeque</strong></span> 
     </span>
    </p>
   </div>
   <div class='ocr_carea' id='block_1_112' title="bbox 1976 4944 3552 5018">
    <p class='ocr_par' dir='ltr' id='par_1_112' title="bbox 1976 4944 3552 5018">
     <span class='ocr_line' id='line_1_112' title="bbox 1976 4944 3552 5018; baseline -0.003 -16"><span class='ocrx_word' id='word_1_775' title='bbox 1976 4951 2163 5017; x_wconf 72' lang='lat' dir='ltr'><strong>gloriae</strong></span> <span class='ocrx_word' id='word_1_776' title='bbox 2207 4949 2612 5013; x_wconf 90' lang='lat' dir='ltr'><strong>emolumentis,</strong></span> <span class='ocrx_word' id='word_1_777' title='bbox 2648 4949 2766 5017; x_wconf 91' lang='lat' dir='ltr'><strong>ipse</strong></span> <span class='ocrx_word' id='word_1_778' title='bbox 2801 4963 3020 5018; x_wconf 89' lang='lat' dir='ltr'><strong>quoque</strong></span> <span class='ocrx_word' id='word_1_779' title='bbox 3062 4947 3346 5017; x_wconf 88' lang='lat' dir='ltr'><strong>episcopus</strong></span> <span class='ocrx_word' id='word_1_780' title='bbox 3386 4944 3552 5011; x_wconf 81' lang='lat' dir='ltr'><strong>proli-</strong></span> 
     </span>
    </p>
   </div>
   <div class='ocr_carea' id='block_1_113' title="bbox 1977 5036 3553 5109">
    <p class='ocr_par' dir='ltr' id='par_1_113' title="bbox 1977 5036 3553 5109">
     <span class='ocr_line' id='line_1_113' title="bbox 1977 5036 3553 5109; baseline -0.005 -14"><span class='ocrx_word' id='word_1_781' title='bbox 1977 5043 2103 5095; x_wconf 86' lang='lat' dir='ltr'><strong>ciat.</strong></span> <span class='ocrx_word' id='word_1_782' title='bbox 2134 5040 2332 5094; x_wconf 81' lang='lat' dir='ltr'><strong>Luceat</strong></span> <span class='ocrx_word' id='word_1_783' title='bbox 2362 5040 2530 5105; x_wconf 89' lang='lat' dir='ltr'><strong>enim,</strong></span> <span class='ocrx_word' id='word_1_784' title='bbox 2562 5040 2737 5109; x_wconf 85' lang='lat' dir='ltr'><strong>inquit</strong></span> <span class='ocrx_word' id='word_1_785' title='bbox 2759 5038 3039 5103; x_wconf 87' lang='lat' dir='ltr'><strong>Dominus,</strong></span> <span class='ocrx_word' id='word_1_786' title='bbox 3064 5036 3158 5090; x_wconf 69' lang='lat' dir='ltr'><strong>lux</strong></span> <span class='ocrx_word' id='word_1_787' title='bbox 3181 5044 3351 5090; x_wconf 72' lang='lat' dir='ltr'><strong>vestra</strong></span> <span class='ocrx_word' id='word_1_788' title='bbox 3375 5051 3553 5088; x_wconf 81' lang='lat' dir='ltr'><strong>coram</strong></span> 
     </span>
    </p>
   </div>
   <div class='ocr_carea' id='block_1_114' title="bbox 1978 5127 3555 5200">
    <p class='ocr_par' dir='ltr' id='par_1_114' title="bbox 1978 5127 3555 5200">
     <span class='ocr_line' id='line_1_114' title="bbox 1978 5127 3555 5200; baseline -0.006 -13"><span class='ocrx_word' id='word_1_789' title='bbox 1978 5134 2293 5193; x_wconf 81' lang='lat' dir='ltr'><strong>hominibus,</strong></span> <span class='ocrx_word' id='word_1_790' title='bbox 2331 5143 2388 5185; x_wconf 82' lang='lat' dir='ltr'><strong>ut</strong></span> <span class='ocrx_word' id='word_1_791' title='bbox 2421 5135 2628 5185; x_wconf 85' lang='lat' dir='ltr'><strong>videant</strong></span> <span class='ocrx_word' id='word_1_792' title='bbox 2669 5148 2827 5200; x_wconf 86' lang='lat' dir='ltr'><strong>opera</strong></span> <span class='ocrx_word' id='word_1_793' title='bbox 2859 5141 3031 5184; x_wconf 80' lang='lat' dir='ltr'><strong>vestra</strong></span> <span class='ocrx_word' id='word_1_794' title='bbox 3068 5131 3222 5187; x_wconf 84' lang='lat' dir='ltr'><strong>bona.</strong></span> <span class='ocrx_word' id='word_1_795' title='bbox 3258 5139 3307 5181; x_wconf 70' lang='lat' dir='ltr'><strong>et</strong></span> <span class='ocrx_word' id='word_1_796' title='bbox 3353 5127 3555 5197; x_wconf 71' lang='lat' dir='ltr'><strong>gloriﬁ-</strong></span> 
     </span>
    </p>
   </div>
   <div class='ocr_carea' id='block_1_115' title="bbox 1979 5219 3551 5291">
    <p class='ocr_par' dir='ltr' id='par_1_115' title="bbox 1979 5219 3551 5291">
     <span class='ocr_line' id='line_1_115' title="bbox 1979 5219 3551 5291; baseline -0.008 -10"><span class='ocrx_word' id='word_1_797' title='bbox 1979 5238 2090 5281; x_wconf 84' lang='lat' dir='ltr'><strong>cent</strong></span> <span class='ocrx_word' id='word_1_798' title='bbox 2115 5226 2326 5279; x_wconf 85' lang='lat' dir='ltr'><strong>Patrem</strong></span> <span class='ocrx_word' id='word_1_799' title='bbox 2371 5236 2591 5279; x_wconf 80' lang='lat' dir='ltr'><strong>vestrum</strong></span> <span class='ocrx_word' id='word_1_800' title='bbox 2623 5227 2711 5291; x_wconf 84' lang='lat' dir='ltr'><strong>qui</strong></span> <span class='ocrx_word' id='word_1_801' title='bbox 2768 5225 2821 5276; x_wconf 83' lang='lat' dir='ltr'><strong>in</strong></span> <span class='ocrx_word' id='word_1_802' title='bbox 2876 5223 3016 5276; x_wconf 76' lang='lat' dir='ltr'><strong>caelis</strong></span> <span class='ocrx_word' id='word_1_803' title='bbox 3074 5230 3151 5275; x_wconf 80' lang='lat' dir='ltr'><strong>est</strong></span> <span class='ocrx_word' id='word_1_804' title='bbox 3174 5221 3227 5253; x_wconf 77' lang='lat'><strong>&quot;</strong></span> <span class='ocrx_word' id='word_1_805' title='bbox 3285 5219 3551 5285; x_wconf 84' lang='lat' dir='ltr'><strong>Quoniam</strong></span> 
     </span>
    </p>
   </div>
   <div class='ocr_carea' id='block_1_116' title="bbox 1983 5305 3556 5381">
    <p class='ocr_par' dir='ltr' id='par_1_116' title="bbox 1983 5305 3556 5381">
     <span class='ocr_line' id='line_1_116' title="bbox 1983 5305 3556 5381; baseline -0.008 -12"><span class='ocrx_word' id='word_1_806' title='bbox 1983 5336 2109 5370; x_wconf 79' lang='lat' dir='ltr'><strong>vero</strong></span> <span class='ocrx_word' id='word_1_807' title='bbox 2152 5316 2499 5370; x_wconf 67' lang='lat' dir='ltr'><strong>ccidesiarum</strong></span> <span class='ocrx_word' id='word_1_808' title='bbox 2549 5315 2708 5379; x_wconf 85' lang='lat' dir='ltr'><strong>bona,</strong></span> <span class='ocrx_word' id='word_1_809' title='bbox 2794 5314 2928 5367; x_wconf 86' lang='lat' dir='ltr'><strong>bona</strong></span> <span class='ocrx_word' id='word_1_810' title='bbox 3009 5324 3304 5381; x_wconf 83' lang='lat' dir='ltr'><strong>pauperum</strong></span> <span class='ocrx_word' id='word_1_811' title='bbox 3369 5305 3556 5375; x_wconf 63' lang='lat' dir='ltr'><strong>appel-</strong></span> 
     </span>
    </p>
   </div>
   <div class='ocr_carea' id='block_1_117' title="bbox 1984 5404 3549 5480">
    <p class='ocr_par' dir='ltr' id='par_1_117' title="bbox 1984 5404 3549 5480">
     <span class='ocr_line' id='line_1_117' title="bbox 1984 5404 3549 5480; baseline -0.008 -13"><span class='ocrx_word' id='word_1_812' title='bbox 1984 5416 2184 5476; x_wconf 89' lang='lat' dir='ltr'><strong>lantur,</strong></span> <span class='ocrx_word' id='word_1_813' title='bbox 2277 5427 2683 5480; x_wconf 80' lang='lat' dir='ltr'><strong>cgenoruntque</strong></span> <span class='ocrx_word' id='word_1_814' title='bbox 2770 5410 3111 5463; x_wconf 56' lang='lat' dir='ltr'><strong>sublevanda</strong></span> <span class='ocrx_word' id='word_1_815' title='bbox 3189 5405 3383 5473; x_wconf 73' lang='lat' dir='ltr'><strong>inopia:</strong></span> <span class='ocrx_word' id='word_1_816' title='bbox 3453 5404 3549 5455; x_wconf 83' lang='lat' dir='ltr'><strong>de—</strong></span> 
     </span>
    </p>
   </div>
   <div class='ocr_carea' id='block_1_118' title="bbox 1984 5494 3570 5572">
    <p class='ocr_par' dir='ltr' id='par_1_118' title="bbox 1984 5494 3570 5572">
     <span class='ocr_line' id='line_1_118' title="bbox 1984 5494 3570 5572; baseline -0.009 -11"><span class='ocrx_word' id='word_1_817' title='bbox 1984 5506 2181 5561; x_wconf 84' lang='lat' dir='ltr'><strong>stinata</strong></span> <span class='ocrx_word' id='word_1_818' title='bbox 2220 5513 2388 5570; x_wconf 87' lang='lat' dir='ltr'><strong>sunt;</strong></span> <span class='ocrx_word' id='word_1_819' title='bbox 2422 5518 2492 5558; x_wconf 90' lang='lat' dir='ltr'><strong>ne</strong></span> <span class='ocrx_word' id='word_1_820' title='bbox 2536 5503 2790 5572; x_wconf 85' lang='lat' dir='ltr'><strong>episcopo</strong></span> <span class='ocrx_word' id='word_1_821' title='bbox 2835 5501 3078 5571; x_wconf 86' lang='lat' dir='ltr'><strong>quidem,</strong></span> <span class='ocrx_word' id='word_1_822' title='bbox 3114 5497 3220 5554; x_wconf 84' lang='lat' dir='ltr'><strong>nisi</strong></span> <span class='ocrx_word' id='word_1_823' title='bbox 3263 5496 3348 5552; x_wconf 88' lang='lat' dir='ltr'><strong>cui</strong></span> <span class='ocrx_word' id='word_1_824' title='bbox 3390 5494 3570 5550; x_wconf 75' lang='lat' dir='ltr'><strong>nulla:-</strong></span> 
     </span>
    </p>
   </div>
   <div class='ocr_carea' id='block_1_119' title="bbox 1984 5586 3555 5668">
    <p class='ocr_par' dir='ltr' id='par_1_119' title="bbox 1984 5586 3555 5668">
     <span class='ocr_line' id='line_1_119' title="bbox 1984 5586 3555 5668; baseline -0.008 -14"><span class='ocrx_word' id='word_1_825' title='bbox 1984 5597 2293 5654; x_wconf 68' lang='lat' dir='ltr'><strong>domestica:</strong></span> <span class='ocrx_word' id='word_1_826' title='bbox 2321 5596 2482 5668; x_wconf 31' lang='lat'><strong>11,8</strong></span> <span class='ocrx_word' id='word_1_827' title='bbox 2510 5595 2789 5651; x_wconf 70' lang='lat' dir='ltr'><strong>facultates</strong></span> <span class='ocrx_word' id='word_1_828' title='bbox 2808 5600 3118 5663; x_wconf 82' lang='lat' dir='ltr'><strong>suppetant,</strong></span> <span class='ocrx_word' id='word_1_829' title='bbox 3144 5600 3306 5660; x_wconf 84' lang='lat' dir='ltr'><strong>atque</strong></span> <span class='ocrx_word' id='word_1_830' title='bbox 3332 5586 3403 5644; x_wconf 21' lang='lat' dir='ltr'><strong>in.</strong></span> <span class='ocrx_word' id='word_1_831' title='bbox 3422 5602 3555 5643; x_wconf 75' lang='lat' dir='ltr'><strong>usus</strong></span> 
     </span>
    </p>
   </div>
  </div>
