4078 6382
400 288 506 340 ιιιι

1462 296 1545 355 ΙΝ
1582 298 1744 359 CAN.
1784 300 1896 361 VII
1929 300 2137 365 CONC.
2184 306 2548 370 CHALCED.

3516 313 3623 375 ll‘)

476 397 586 449 οὐκ
614 396 930 460 ἀπολύτως
956 401 1418 469 χειροτονήσεις.
1461 406 1530 459 El
1558 407 1625 460 ce
1647 410 1734 478 μὴ
1762 450 1778 477 ,
1812 412 1967 480 ἀχει-

2145 420 2251 472 lute
2275 419 2563 474 ordinabis.
2603 418 2846 488 Alioquin
2874 435 2958 487 qui
2988 420 3175 472 ibidem
3205 419 3501 483 ordinatur,
3532 442 3624 483 pro

468 493 792 559 ροτόνητος
826 491 861 544 d
895 488 1081 559 δῆθεν
1105 498 1655 567 χειροτονούμενος.

475 585 581 635 Τὸν
612 582 875 651 μέλλοντα
908 585 1160 651 γενέσθαι
1195 589 1567 660 πρεσϐύτερον
1595 593 1626 662 ἢ
1652 593 1897 648 διάκονον
1931 595 1966 665 ἢ

402 680 541 744 illi»;
591 685 648 734 ἐν
692 681 1135 753 ἐκκλησιαστικῷ
1184 685 1425 752 τάγματι
1472 689 1965 757 συγκαταλεγῆναι,

408 774 481 841 μὴ
514 773 687 836 ἄλλως
722 773 1133 843 παραδεχθῆναι
1168 776 1246 837 είς
1282 776 1639 847 χειροτονίαν,
1670 782 1719 831 εί
1776 781 1850 850 μὴ
1908 783 1969 832 ἐν

401 868 668 938 ἐκκλησίᾳ
694 870 902 931 πόλεως
930 870 963 940 ἢ
998 869 1189 940 κώμης
1216 872 1249 940 ἦ
1288 872 1633 940 μοναστηρίῳ
1656 872 1967 941 εὑρίσκοιτο

402 960 669 1026 πρότερον
694 958 799 1010 ὑπὸ
832 959 1038 1028 βαθμόν
1064 978 1183 1014 τινα
1211 962 1320 1031 (99)
1352 961 1520 1014 τελῶν
1577 964 1967 1033 ἐκκλησιαστι-

399 1047 520 1109 κὸν,
559 1048 657 1100 καὶ
682 1048 948 1101 δουλεύων
978 1052 1033 1102 ἐν
1064 1051 1225 1121 αὐτῇ.
1262 1051 1323 1102 Εἰ
1352 1051 1409 1104 δὲ
1438 1053 1839 1120 ἀπολελυμένος
1883 1072 1969 1118 τις

395 1134 897 1206 ὣν,.πρεσ6ύτερος
931 1139 962 1209 ἢ
996 1142 1238 1202 διάκονος
1267 1144 1641 1215 χειροτονηθῇ,
1680 1145 1752 1215 μὴ
1803 1145 1877 1199 ὢν
1906 1148 1966 1199 ὲν

394 1228 671 1299 ἐκκλησίᾳ
720 1230 826 1282 ὑπό
857 1247 978 1283 τινα
1030 1230 1257 1300 βαθμὸν,
1302 1235 1404 1286 οὐκ
1450 1234 1867 1307 ὠφεληθήσεται
1903 1241 1969 1292 ὲκ

394 1320 616 1384 τούτου,
644 1321 756 1373 ἀλλ’
787 1324 989 1391 ἄκυρος
1024 1323 1175 1375 ἔσται
1204 1327 1234 1391 ἡ
1271 1327 1357 1377 ἐπ’
1388 1328 1534 1397 αὐτῷ
1564 1330 1893 1400 χειροθεσία.

1002 1420 1238 1472 ΚΑΝΩΝ
1293 1420 1364 1473 Z'.

403 1507 555 1572 Τοὺς
606 1508 768 1575 ἅπαξ
809 1512 880 1564 ἐν
925 1510 1128 1578 κλήρῳ
1179 1515 1582 1582 τεταγμένους
1636 1516 1732 1570 καί
1787 1534 1976 1585 μονα·

469 1601 623 1666 στὰς
654 1602 728 1667 (l)
777 1603 1081 1672 ὡρίσαμεν
1120 1604 1273 1673 μήτε
1318 1607 1417 1659 ἐπὶ
1456 1610 1776 1675 στρατείαν
1817 1611 1971 1680 μήτε

469 1691 567 1743 ἐπὶ
610 1692 789 1755 ἀξίαν
825 1695 1129 1762 κοσμικὴν
1175 1697 1473 1765 ἔρχεσθαι.
1519 1701 1585 1751 Ἠ
1617 1701 1791 1753 τοῦτο
1836 1704 1970 1754 τολ-

467 1786 728 1853 μῶντας,
746 1789 841 1840 καὶ
861 1789 943 1855 μὴ
964 1794 1505 1859 μεταμελομένους,
1529 1782 1684 1847 ὥστε
1707 1793 1973 1860 ἐπιστρέ-

476 1882 587 1944 “gf-at
628 1879 727 1931 ἐπὶ
772 1881 947 1934 τοῦτο
990 1882 1023 1934 ὃ
1066 1881 1353 1947 διὰβεὸν
1383 1886 1674 1952 πρότερον
1713 1887 1969 1952 εἵλοντο,

474 1971 588 2023 ἀνα
596 1971 1021 2037 θεματίζεσθαι.

472 2063 673 2149 ΒΑΛΣἶ
703 2065 794 2133 Μὴ
827 2066 1158 2135 ὲναντιωθῇς
1186 2065 1265 2136 τῷ
1290 2067 1380 2133 πγ¹
1410 2069 1595 2120 κανόνι
1643 2069 1750 2122 τῶν
1799 2070 1975 2139 ἀγίων

400 2153 739 2213 ἀποστόλων,
793 2154 1001 2222 λέγοντι
1052 2157 1211 2225 μόνον
1256 2158 1639 2227 καθαιρεῖσθαι
1668 2160 1795 2223 τοὺς
1846 2179 1973 2231 σχο-

397 2243 664 2307 λάζοντας
695 2247 954 2318 στρατεία
1001 2248 1411 2317 πρεσϐυτέρους
1442 2249 1474 2318 ἢ
1503 2250 1783 2315 διακόνους
1802 2269 1816 2283 ’
1854 2252 1977 2306 ἀλλ’

402 2336 527 2388 εἰπὲ
564 2337 645 2389 ὅτι
676 2338 792 2390 ἐκεῖ
824 2337 924 2407 μὲν
976 2340 1113 2407 μετά
1155 2342 1429 2409 ἱερατικοῦ
1481 2336 1769 2412 σχήματος
1804 2361 1995 2415 στρα-.

402 2418 687 2489 τιιιιτικαῖς
728 2433 1069 2502 ὲνησχολείτο
1116 2433 1385 2497 δουλείαις
1415 2438 1443 2488 ὁ
1497 2428 1827 2506 ἱερωμένοςο
1882 2439 1970 2490 ὲν-

402 2521 580 2574 ταῦθα
614 2523 668 2574 δὲ
697 2523 794 2591 τὴν
840 2522 994 2593 ἱερὰν
1028 2523 1222 2592 στολὴν
1257 2525 1491 2578 ἀπέθετο
1536 2526 1629 2579 καὶ
1673 2528 1970 2597 ἐστρατεύ-

403 2630 537 2665 σατο
579 2613 845 2684 ἐπιθυμίᾳ
872 2615 1142 2683 κοσμικῆς
1176 2615 1355 2681 ἀξίας.
1407 2617 1517 2670 Καὶ
1549 2616 1638 2670 διὰ
1668 2617 1826 2671 τοῦτο
1855 2621 1971 2673 ἐκεῖ

404 2709 508 2776 μὲν
543 2710 570 2760 ὁ
603 2707 674 2776 μὴ
730 2708 867 2777 μετά
898 2709 1277 2780 παραγγελίαν
1308 2709 1652 2779 ἐπιστρέφων
1688 2712 1970 2782 καθαιρεῖ-

400 2814 517 2860 ται,
550 2797 781 2852 ἐνταῦθα
826 2799 883 2852 δὲ
913 2802 940 2852 ὁ
976 2802 1051 2867 μὴ
1109 2798 1968 2873 μεταμελόμενος’ἀναθεματίζε-

398 2908 514 2945 ται.
553 2892 661 2956 Τὴν
695 2891 804 2958 γὰρ
832 2892 1149 2958 καθαίρεσιν
1200 2894 1359 2956 αὐτὸς
1408 2894 1587 2962 ἑαυτῷ
1644 2896 1965 2964 ἐψηφίσατο,

399 2987 499 3037 καὶ
530 2983 637 3052 πρὸ
669 2983 961 3055 καταδίκης
1008 2985 1415 3054 ἀπογυμνώσας
1458 2987 1651 3041 ἑαυτὸν
1679 2987 1779 3055 τῆς
1815 2988 1968 3057 ἱερᾶς

2139 528 2239 567 non
2274 515 2517 567 ordinato
2542 512 2783 567 habetur.

2140 607 2239 670 Qui
2266 607 2561 677 presbyteri
2586 616 2679 660 aut
2704 605 2917 660 diaconi
2942 614 3035 659 aut
3057 605 3220 659 alium
3246 619 3625 673 quemcunque

2067 692 2311 746 ordinem
2352 692 2777 748 ecclesiasticum
2822 702 2910 746 est
2947 704 3327 762 suscepturus.
3363 707 3431 746 ne
3472 694 3627 745 aliter

2070 787 2135 838 ad
2179 786 2570 840 ordinationem
2622 787 2957 849 admittatur,
2997 786 3096 839 nisi
3151 787 3201 840 in
3240 786 3479 841 civitatis
3531 796 3625 839 aut

2070 878 2184 944 pagi
2211 877 2440 945 alicujus
2463 878 2690 931 ecclesia
2717 888 2809 931 aut
2829 879 3152 932 monasterio
3174 879 3226 930 in
3254 878 3434 946 aliquo
3456 878 3622 943 gradu

2070 968 2436 1023 ecclesiastico
2466 970 2660 1040 egisse,
2693 980 2746 1022 et
2778 972 2829 1022 in
2862 984 2923 1021 ea
2962 970 3273 1023 inserviisse
3301 970 3449 1036 prius
3478 969 3627 1022 inve-

2073 1062 2271 1114 nialnr.
2318 1062 2372 1113 Si
2421 1072 2596 1115 autem
2630 1061 2719 1130 qui
2768 1061 3046 1116 absolutus
3081 1068 3185 1123 est,
3230 1060 3507 1129 presbyter
3538 1070 3627 1110 aut

2070 1153 2325 1207 diaconus
2354 1154 2665 1215 ordinetur,
2697 1168 2819 1206 cum
2861 1168 2963 1204 non
3009 1153 3080 1204 sit
3126 1152 3223 1204 sub
3248 1150 3428 1218 aliquo
3460 1148 3623 1214 gradu

2071 1241 2123 1294 in
2166 1241 2421 1302 ecclesia,
2460 1240 2590 1294 nihil
2636 1256 2700 1293 ex
2744 1256 2808 1294 eo
2852 1239 3117 1291 romumdi
3151 1240 3346 1306 capiet,
3381 1237 3474 1291 sed
3511 1251 3630 1288 ma-

2072 1347 2231 1384 nuum
2269 1332 2319 1383 iu
2350 1348 2468 1383 eum
2496 1331 2767 1400 imposilio
2801 1330 2950 1382 irrita
2982 1330 3113 1382 erit.

2665 1423 2894 1475 (ᾺΝΟΝ
2936 1422 3046 1474 VII.

2070 1512 2176 1568 Eos
2196 1516 2289 1585 qui
2313 1532 2365 1567 in
2394 1522 2533 1568 clero
2552 1514 2709 1567 semel
2730 1514 2962 1567 ordinati
2992 1521 3134 1571 sunt.
3162 1524 3208 1565 et
3237 1513 3418 1565 itidem
3448 1526 3633 1563 mona-

2139 1607 2284 1669 chos,
2333 1608 2610 1659 statuimus
2648 1623 2739 1659 nec
2785 1606 2854 1658 ad
2895 1604 3180 1658 militarem
3225 1605 3627 1669 expeditionem.

2143 1717 2234 1755 nec
2255 1690 2323 1752 ad
2346 1700 2648 1753 stecularem
2680 1699 2986 1765 dignitatem
3005 1715 3155 1761 posse
3184 1701 3370 1753 venire.
3404 1698 3505 1762 Qui
3531 1714 3633 1750 au-

2145 1804 2242 1847 tem
2270 1795 2366 1846 hoc
2396 1792 2609 1856 audent,
2643 1801 2692 1843 et
2730 1808 2830 1843 non
2866 1790 3164 1858 paenitentia
3196 1790 3340 1841 ducti
3370 1791 3438 1841 ad
3468 1790 3520 1841 id
3552 1805 3633 1841 rc-

2109 1870 2449 1945 ‘vertuntur.
2503 1885 2641 1953 quod
2683 1894 2896 1953 propter
2942 1884 3106 1937 Deum
3158 1886 3304 1949 prius
3347 1884 3645 1951 elegerant,

2141 1975 2606 2030 anathematizari.

2140 2064 2339 2119 BALS.
2392 2064 2467 2118 Ne
2515 2064 2843 2118 contrarium
2900 2080 3023 2118 esse
3065 2065 3340 2116 existimes
3369 2076 3630 2116 ranonent

2071 2167 2379 2211 sanctorum
2413 2154 2782 2223 apostolorum
2807 2192 2821 2216 ,
2864 2155 3056 2206 (-anoni
3100 2154 3168 2207 8'5
3200 2152 3397 2205 dicenti
3438 2152 3630 2218 deponi

2071 2247 2243 2302 solum
2264 2246 2628 2317 presbyteros,
2654 2247 2734 2299 vel
2759 2247 3035 2306 diaconos,
3059 2245 3148 2312 qui
3176 2245 3376 2297 militia:
3400 2255 3588 2295 vacant
3615 2261 3627 2295 :

2071 2341 2166 2395 sed
2198 2339 2305 2401 dic,
2354 2336 2496 2407 quod
2528 2337 2636 2391 illic
2671 2337 2884 2402 quidem
2918 2350 3038 2387 cum
3075 2335 3391 2389 sacerdotali
3431 2335 3628 2387 amictu

2074 2431 2398 2486 militaribus
2425 2430 2742 2484 ministeriis
2765 2431 2995 2483 vacabat
3015 2430 3271 2484 sacerdos
3298 2444 3311 2480 :
3344 2428 3430 2481 hic
3455 2439 3630 2481 autem

2071 2541 2284 2581 sacrum
2319 2524 2570 2580 vestitum
2610 2535 2854 2584 exuerat,
2900 2531 2955 2576 et
3002 2522 3327 2575 militaverat
3360 2518 3636 2574 saecularis

2071 2618 2353 2689 dignitatis
2385 2615 2675 2671 desiderio.
2708 2614 2772 2667 Et
2803 2623 3085 2683 propterea
3117 2613 3223 2668 illic
3259 2611 3497 2681 quidem,
3532 2609 3633 2663 nisi

2070 2720 2193 2780 post
2236 2708 2700 2765 denuntiationem
2747 2720 2999 2759 reversus
3044 2702 3229 2769 fuerit,
3279 2702 3565 2771 deponitur
3617 2718 3635 2757 :

2070 2804 2160 2859 bic
2201 2813 2378 2857 autem
2404 2801 2487 2861 is,~'
2518 2814 2675 2868 quem
2707 2812 2815 2851 non
2848 2798 3093 2866 poenitet,
3121 2794 3632 2850 anathematizatur.

2070 2894 2187 2963 Ipse
2229 2892 2372 2946 enim
2420 2888 2772 2958 depositionis
2806 2886 3126 2942 sententiam
3176 2887 3227 2940 in
3267 2901 3325 2940 se
3370 2885 3511 2948 tulit,
3544 2885 3633 2953 qui

2070 3003 2129 3044 se
2161 3002 2314 3042 sacra
2346 2994 2495 3040 veste
2516 2984 2676 3039 etiam
2709 2991 2834 3035 ante
2857 2966 3357 3034 condemnationem
3387 2980 3558 3043 exuit,
3580 2988 3637 3033 ct

398 3075 618 3144 στολῆς,
653 3075 746 3127 καὶ
774 3074 960 3138 λαῖκδς
993 3076 1250 3143 γεγονώς.
1302 3077 1453 3131 Ἐπεὶ
1477 3078 1533 3131 δὲ
1564 3077 1965 3148 ἑρμηνεύοντες

2070 3080 2240 3135 laicus
2272 3078 2447 3133 factus
2487 3089 2589 3133 est.
2630 3073 2894 3141 Quoniam
2938 3083 3117 3127 autem
3146 3071 3499 3141 apostolicum
3536 3087 3635 3126 ca-

392 3167 491 3218 τὺν
519 3173 613 3234 πγ⁰
644 3167 997 3220 ἀποστολικὸν
1029 3168 1250 3231 κανόνα,
1278 3169 1505 3238 εἴπομεν
1534 3171 1607 3242 μὴ
1633 3172 1965 3227 ἀπεντεῦθεν

394 3260 785 3329 καθαιρεῖσθαι
832 3260 924 3312 τὸν
952 3260 1293 3330 δημοσιακάς
1344 3263 1590 3325 δουλείας
1619 3265 1963 3333 ἐνεργοῦντα,

388 3349 533 3403 ἀλλὰ
584 3350 720 3417 μετά
774 3350 1171 3421 παραγγελίαν,
1208 3352 1474 3422 ἐρωτήσει
1522 3370 1627 3416 τις,
1676 3355 2002 3424 γενήσεται.

387 3441 556 3495 τοῦτο
583 3442 678 3494 καὶ
707 3443 786 3505 εἰς
813 3445 903 3495 τὸν
936 3444 1273 3511 ἀποθέμενον
1301 3445 1400 3515 τὴν
1448 3446 1599 3515 ἱερὰν
1646 3447 1839 3517 στολὴν
1873 3449 1967 3500 καὶ

392 3537 879 3604 στοιιτευσάμενον
905 3536 939 3608 ἦ
978 3536 1071 3590 καὶ
1098 3537 1204 3608 πρὸ
1229 3538 1608 3609 παραγγελίας
1635 3539 1969 3594 ἀπεντεῦθεν

2072 3188 2268 3230 nonem
2295 3171 2364 3226 85
2409 3173 2847 3241 interpretantes,
2879 3184 2945 3223 ex
2974 3180 3039 3222 eo
3072 3165 3190 3233 ipso
3229 3167 3480 3219 duximus
3509 3180 3632 3221 eum

2074 3285 2184 3325 non
2213 3268 2406 3338 deponi
2441 3267 2530 3335 qui
2561 3265 2771 3335 publica
2813 3262 3115 3319 ministeria
3150 3262 3353 3324 obibat,
3390 3259 3483 3314 sed
3515 3268 3639 3328 post

2073 3360 2533 3420 denuntiationem
2553 3378 2567 3416 :
2585 3359 2999 3429 inter-rogaverit
3039 3359 3327 3428 quispiam,
3354 3360 3513 3413 tletne
3537 3359 3639 3413 hoc

2072 3455 2233 3508 etiam
2256 3453 2310 3507 in
2330 3466 2451 3506 eum
2477 3451 2566 3519 qui
2597 3466 2809 3506 sacrum
2832 3450 3089 3505 amictum
3107 3448 3260 3503 exilit
3278 3457 3331 3503 et
3352 3448 3635 3504 militavit:

2076 3558 2143 3596 an
2171 3543 2334 3597 etiam
2379 3551 2506 3596 ante
2540 3540 2997 3595 denuntiationem
3042 3548 3127 3594 est
3166 3553 3233 3595 ex
3260 3553 3325 3594 eo
3363 3539 3483 3609 ipso
3507 3552 3641 3594 ana-

1647 3700 1834 3763 Guill.
1873 3700 2196 3778 Beveregii
2236 3707 2424 3761 notae.

474 3841 582 3909 (09)
627 3840 984 3914 Ebploxozco
1030 3841 1323 3914 πρότερον
1366 3842 1487 3897 ὑπὸ
1531 3843 1775 3914 ,ϐαθμον
1798 3860 1955 3898 τινα.

412 3915 685 3981 Αιοιμιειιιιε
715 3912 802 3963 hic
833 3926 860 3962 a
891 3925 1020 3965 vero
1049 3911 1275 3965 canonis
1302 3911 1460 3981 hujus
1490 3911 1665 3968 sensu'
1684 3925 1798 3968 toto
1821 3917 1959 3969 caelo

416 3992 580 4034 errat.
608 3980 797 4034 Vocem
825 3982 969 4033 enim
1001 3980 1490 4050 ἀπολελυμένωςίιι
1511 4000 1738 4045 canone,
1760 3984 1962 4038 ἀπολύ-

418 4070 523 4113 τως
555 4054 600 4103 in
631 4053 865 4117 epitome
892 4052 964 4104 ita
1001 4051 1410 4115 interpretatur,
1442 4069 1504 4107 ac
1536 4056 1581 4108 si
1625 4054 1709 4108 hic
1740 4065 1958 4108 cautum

416 4133 571 4180 esset.
602 4138 663 4172 ne
693 4122 816 4191 quis
846 4121 898 4173 in
932 4121 1255 4190 presbyteri,
1291 4122 1530 4189 diaconi,
1557 4134 1650 4177 aut
1681 4124 1787 4176 alio
1821 4140 1956 4191 quo-

413 4198 489 4245 vis
545 4194 733 4245 ordine
772 4191 1153 4245 ecclesiastico
1206 4191 1506 4258 ordinetur,
1548 4194 1648 4248 nisi
1702 4195 1754 4247 in
1789 4198 1957 4262 gradu

407 4265 584 4331 aliquo
639 4262 1013 4334 ecclesiastico
1050 4262 1199 4334 prius
1226 4262 1389 4334 fuerit
1415 4280 1430 4327 ;
1460 4278 1524 4334 ac
1569 4264 1614 4319 si
1649 4279 1806 4318 nemo
1837 4280 1959 4334 pre-

405 4337 608 4403 sbyter,
636 4342 731 4403 aut
780 4332 1041 4403 diaconus
1070 4332 1187 4403 liat,
1218 4332 1320 4385 nisi
1344 4335 1435 4403 qui
1473 4333 1642 4388 lector
1666 4332 1852 4401 prius,
1867 4344 1961 4388 aut

2070 3843 2286 3915 μένους,
2312 3845 2406 3896 καὶ
2433 3844 2665 3899 ἄκοντας
2696 3844 2841 3915 πρὸς
2865 3844 2927 3915 τὸ
2949 3842 3221 3915 πρότερον
3249 3842 3635 3915 ἀποκγαθίσταο

2070 3912 2195 3969 σθαι
2223 3921 2321 3984 σχῇ
2334 3932 2408 3982 μα
2436 3914 2772 3968 κελεύουσιν.
2815 3913 2890 3968 De
2906 3913 3002 3968 hoc
3029 3922 3080 3968 et
3103 3912 3320 3968 Novella
3348 3914 3452 3984 123
3470 3912 3639 3971 Justi-

2069 3986 2234 4038 niani.
2274 3983 2413 4037 Dicit
2443 3987 2601 4040 enim.
2647 4000 2792 4038 nemo
2823 3985 3134 4038 clericatum
3158 4000 3313 4037 suum
3340 3983 3636 4053 relinquens

2068 4056 2341 4108 saecularis
2393 4054 2507 4121 ﬁat.
2563 4053 2706 4107 Nam
2741 4064 2789 4107 et
2835 4053 3093 4121 dignitate
3145 4054 3421 4114 militiave,
3475 4071 3635 4122 quam

2068 4125 2286 4191 adeptus
2311 4134 2408 4183 est.
2446 4128 2730 4185 nudabitur
2761 4143 2773 4177 :
2802 4134 2850 4175 et
2901 4124 3170 4190 municipii
3201 4124 3285 4175 sui
3322 4124 3483 4176 curiae
3523 4135 3636 4177 tra-

2069 4197 2242 4248 detur.
2278 4193 2411 4247 Item
2450 4196 2651 4247 novella
2681 4194 2712 4246 7
2746 4204 2801 4248 et
2842 4194 2893 4246 8.
2937 4192 3149 4247 Domini
3176 4192 3387 4254 Leonis.
3414 4194 3633 4247 clericos

2069 4275 2222 4333 atque
2274 4267 2579 4330 monachos,
2639 4264 2729 4334 qui
2796 4263 3031 4334 habiturn
3093 4273 3385 4327 mutarunt,
3418 4274 3464 4315 et
3511 4264 3636 4316 laici

2074 4331 2207 4403 [acti
2260 4344 2405 4398 sunt,
2453 4331 2863 4403 etiam'invitos
2910 4331 3116 4403 habitui
3177 4334 3400 4401 pristino
3429 4335 3634 4386 restitui

400 4399 598 4458 cantor
639 4401 823 4472 fuerit.
877 4402 1015 4456 Cum
1066 4399 1254 4456 Patres
1285 4399 1418 4456 nihil
1449 4404 1597 4459 aliud
1621 4399 1723 4459 hoc
1752 4417 1964 4459 canone
1994 4399 2399 4472 nprwcipiunt.
2452 4401 2625 4460 Verba
2684 4402 2975 4458 Iustiniani
3028 4399 3259 4458 Novella:
3310 4403 3397 4457 hic
3443 4404 3621 4457 citatze

400 4471 810 4535 constituerint,
843 4487 1003 4540 quam
1056 4473 1327 4525 neminem
1358 4474 1478 4528 sine
1506 4484 1658 4529 certo
1690 4473 1849 4529 titulo
1876 4490 1966 4530 or—

396 4546 704 4598 dinandum
727 4556 868 4607 esse,
907 4542 1009 4598 nisi
1035 4551 1243 4613 certum
1270 4543 1529 4598 nimirum
1568 4545 1740 4600 locum
1776 4545 1967 4599 eodem

401 4628 652 4678 tempore
705 4613 1037 4683 assignatum
1084 4612 1295 4679 habeat,
1326 4629 1436 4683 quo
1491 4616 1816 4670 muneribus
1870 4614 1972 4670 sibi

396 4682 738 4739 concreditis
773 4682 1046 4747 fungatur.
1084 4693 1142 4733 ut
1166 4691 1289 4736 ante
1315 4695 1594 4739 ostensum
1618 4694 1724 4739 est.

472 4756 551 4820 ll)
605 4754 761 4824 Τοὺς
798 4751 959 4817 ἅπαξ
991 4751 1294 4824 ἐν’-κλήρῳ
1341 4754 1739 4824 τεταγμένους
1779 4754 1818 4823 ἢ
1863 4772 1972 4824 μο-

395 4825 658 4887 ναστάς.
725 4821 1111 4887 Harmenopuli
1153 4822 1405 4889 Epitome
1454 4821 1609 4886 huius
1639 4821 1973 4879 canonis'sie

399 4913 461 4951 se
503 4895 684 4971 habet,
715 4892 1115 4971 buinpm‘esigii
1147 4894 1403 4971 μονάσας,
1436 4896 1484 4947 εί
1504 4896 1904 4971 ἐπιστρατείαν
1935 4895 1968 4965 ἢ

400 4967 689 5033 κοσμικὴν
721 4963 881 5027 ἀξίαν
913 4962 1077 5034 ἔλθοι,
1107 4962 1202 5014 xiii.
1235 4963 1310 5034 μὴ
1346 4962 1725 5034 μεταμέλοιτο.
1776 4962 1971 5017 ἁναθεὲ

405 5035 747 5106 ματιςέσθω.
804 5033 904 5098 Qui
942 5033 1161 5106 clericus
1190 5043 1280 5085 aut
1304 5033 1611 5088 monachus
1665 5036 1839 5104 factus
1865 5045 1964 5097 est,

403 5104 451 5162 si
489 5108 558 5157 ad
589 5105 835 5157 militiam
858 5114 949 5155 aut
977 5104 1292 5172 dignitatem
1321 5106 1644 5157 mundanam
1670 5106 1965 5169 accesserit,

406 5194 498 5230 nec
533 5176 890 5243 paruitentiam
918 5175 1102 5241 egerit,
1141 5172 1468 5227 anathemati
1496 5175 1795 5241 subjicitur.
1835 5175 1971 5229 Har-

406 5266 551 5298 ιιιρη.
585 5246 744 5312 epist.
784 5260 904 5297 can.
938 5254 1075 5297 sect.
1115 5243 1169 5305 5,
1208 5244 1290 5297 tit.
1328 5245 1382 5314 2.
1409 5244 1463 5297 In
1494 5261 1654 5311 quam
1686 5245 1965 5314 Epitomen

404 5316 736 5369 St-ltolinsles
756 5314 869 5368 haec
896 5324 1063 5377 notat,
1096 5314 1231 5385 Περὶ
1260 5312 1450 5385 τουτου
1485 5319 1577 5367 καὶ
1604 5312 1742 5385 ρκγί
1779 5314 1968 5383 Νεαρά

403 5387 501 5438 τοῦ
520 5385 919 5438 Ἰουστινιανοῦ.
937 5402 1010 5453 φη
1020 5389 1071 5435 σί
1086 5382 1426 5454 γάρ·Μηδεὶς
1438 5386 1528 5436 τὸν
1544 5382 1745 5438 οἰκεῖον
1765 5382 1967 5454 κλῆρον

403 5459 531 5511 ἐῶν,
555 5455 790 5523 γινέσθω
810 5454 1072 5522 κοσμικός
1099 5471 1113 5485 υ
1134 5456 1256 5505 ἐπεὶ
1279 5453 1371 5506 καὶ
1392 5454 1495 5523 τῆς
1524 5453 1967 5524 προσγενομένης

406 5527 558 5615 αὐτῷ
589 5526 743 5607 ἀξίας
775 5527 806 5594 ἢ
846 5525 1166 5615 στρατείαςὲ
1187 5524 1759 5615 ᾲῗογυμνωθῄσεταιῤ
1778 5527 1965 5615 κὶαὶὶτῇ

408 5598 576 5664 βουλῆ
614 5598 710 5664 τῆς
758 5595 987 5665 οἰκείας
1030 5595 1421 5661 ἀποδοθήσεται
1458 5596 1685 5657 πόλεως.
1717 5597 1826 5649 Καὶ
1856 5598 1887 5665 ἡ
1921 5595 1950 5657 ζ

402 5674 503 5721 καί
532 5669 565 5737 ἡ
596 5665 647 5735 η’
692 5666 882 5735 Νεαρά
907 5663 1000 5716 τοῦ
1031 5666 1222 5737 κυρίου
1243 5665 1491 5730 Λέοντος,
1512 5668 1639 5728 τοὺς
1665 5663 1962 5737 κληρικοὺς

413 5736 689 5809 μοναχοὺς
748 5736 1359 5807 μετασχηματισθέντας
1414 5742 1506 5790 καὶ
1547 5736 1769 5800 λαῐκοὺς
1806 5754 1960 5805 γενο-

2078 4486 2207 4530 sunt
2234 4477 2367 4536 hzec,
2418 4474 2479 4529 Si
2508 4475 2792 4528 monachus
2830 4474 3099 4544 reliquerit
3147 4475 3557 4544 monasterium,
3585 4482 3636 4526 et

2074 4546 2144 4597 ad
2169 4546 2475 4600 saecularem
2515 4546 2675 4599 vitam
2705 4543 3025 4614 migraverit,
3055 4544 3194 4598 hunc
3242 4544 3435 4597 militia
3464 4554 3513 4596 et
3541 4543 3637 4596 ho-

2075 4631 2221 4680 nore,
2255 4618 2300 4669 si
2342 4631 2495 4683 quem
2529 4615 2702 4677 habet,
2737 4617 2886 4683 prius
2946 4614 3255 4683 spoliatum;
3290 4615 3354 4665 ab
3390 4614 3634 4682 episcopo

2073 4684 2308 4753 locorum
2335 4697 2381 4737 et
2412 4686 2694 4751 provincia:
2738 4685 2919 4753 judice
2958 4686 3014 4737 in
3062 4685 3441 4737 monasterium
3472 4683 3631 4737 mitti.

2071 4752 2270 4809 Justiti.
2308 4757 2494 4811 Novel.
2530 4755 2653 4819 125,
2680 4752 2800 4823 cap.
2836 4754 2925 4813 42,
2946 4764 2999 4809 et
3036 4755 3254 4808 Basilic.
3283 4756 3317 4807 Ι.
3357 4769 3429 4812 ιν,
3461 4754 3542 4806 tit.
3577 4754 3630 4813 i,

2072 4840 2194 4894 cap.
2228 4827 2335 4880 ll.’
2357 4825 2466 4878 Leo
2504 4825 2555 4878 in
2590 4824 2817 4893 septima
2856 4824 3026 4889 ipsius
3058 4823 3274 4878 Novella
3331 4823 3543 4884 statuit,
3572 4833 3631 4875 ut

2070 4901 2365 4964 quicunque
2414 4895 2724 4948 clericorum
2752 4895 2991 4946 habitum
3044 4908 3251 4947 mutare
3288 4895 3631 4959 profanorum

2072 4966 2251 5018 habitu
2299 4965 2531 5031 improbe
2579 4966 2889 5023 instituerit,
2919 4964 2985 5023 is.
3024 4967 3431 5033 quotiescunque
3483 4974 3631 5016 actus

2071 5035 2238 5104 fuertt
2294 5036 2345 5086 in
2377 5036 2673 5087 istiusmodi
2704 5034 3018 5096 vecordiam,
3054 5036 3340 5088 secundum
3386 5033 3631 5086 ecclesia-

2069 5106 2257 5158 sticum
2298 5105 2585 5164 decretum,
2619 5105 2950 5171 quantumvis
3004 5105 3193 5159 invitus
3237 5104 3293 5158 in
3324 5104 3629 5159 clericorum

2070 5176 2307 5227 habitum
2368 5175 2697 5227 restituatur.
2749 5174 2914 5228 Leon.
2981 5175 3162 5228 Novel.
3232 5174 3282 5229 7.
3332 5174 3384 5227 lu
3438 5184 3626 5224 octava

2030 5255 2247 5298 autem
2296 5245 2427 5299 dii-it
2458 5285 2471 5307 ,
2535 5242 2885 5313 Nequaquam
2922 5261 3038 5296 vero
3093 5245 3144 5296 id
3193 5250 3341 5298 nobis
3393 5260 3504 5297 esse
3544 5241 3627 5310 fas

2067 5316 2291 5379 videtur,
2323 5331 2483 5384 neque
2509 5317 2599 5383 qui
2621 5317 2676 5366 in
2699 5316 2888 5367 divinte
2915 5315 3120 5368 utilitate
3138 5316 3361 5383 legiones
3392 5323 3627 5379 receptus

2065 5389 2158 5450 sit,
2188 5385 2325 5438 hunc
2381 5383 2436 5437 in
2478 5386 2759 5438 mundanis
2799 5385 2998 5438 militiis
3044 5384 3211 5451 placet
3243 5384 3523 5437 collocari.
3559 5383 3628 5433 At

2064 5467 2250 5509 contra
2300 5455 2439 5525 quod
2481 5454 2838 5509 ecclesiastico
2891 5455 3066 5507 ordini
3123 5455 3391 5507 observari
3445 5453 3630 5525 debere

2064 5527 2230 5579 visum
2288 5523 2387 5588 est,
2443 5537 2501 5579 ut
2549 5525 2597 5577 si
2657 5528 2773 5595 quis
2831 5527 3022 5591 «opius
3070 5526 3230 5575 vitam
3276 5523 3626 5595 monasticam

2044 5606 2378 5659 aspernatus
2403 5605 2642 5661 vagetur,
2669 5593 2797 5649 huic
2823 5596 3103 5664 profanant
3133 5595 3380 5664 habitum
3406 5593 3631 5664 recipere

2065 5682 2168 5789 ἴση
2209 5669 2549 5790 cogcedtgur,
2575 5666 2629 5718 id
2663 5682 2757 5734 per
2809 5662 2971 5735 legent
3017 5664 3182 5717 etiam
3227 5680 3318 5717 nos
3356 5662 3629 5733 jubemus.

2109 5753 2232 5790 cuu.
2308 5752 2394 5790 ον.
2461 5777 2474 5790 .

2109 5753 2232 5792 σοι».
2260 5752 2394 5793 [πον.
2421 5752 2474 5790 δ.
