4078 6380
476 266 577 328 411

1730 280 2010 340 ΤΙΙΕΟΙ).
2052 279 2139 337 ΒΑ
2151 281 2454 348 LSAMON

3599 303 3716 366 ιιει

475 381 896 432 tltetnatizatus?
932 381 1068 434 Puto
1102 385 1268 451 igitur
1309 388 1454 456 quod
1507 389 1594 444 hic
1641 406 1860 459 quoque
1923 407 2015 460 pos

2117 394 2746 470 .ἀναθεματισοήσεται;
2781 408 2976 477 Οἶομαι
3003 405 3096 464 οὖν
3133 413 3221 466 ὃτι
3254 413 3354 465 tot?
3379 407 3535 477 οὗτος
3569 423 3705 486 μετὰ

473 473 936 528 denuntiationem
980 478 1545 547 :tnathematizahitur,
1585 485 1745 556 120
1779 486 1881 540 nisi
1909 503 2042 542 con-

475 575 738 620 vertatur.
792 565 861 620 Ut
914 578 1091 623 autem
1145 571 1249 626 hoc
1299 573 1476 628 dicam
1532 577 1663 631 tnihi
1711 580 2041 646 persuadent

473 663 636 716 verba
671 664 893 720 canonis
919 665 1169 734 dicentis,
1201 670 1646 728 anathematizari
1685 690 1782 730 eos
1812 677 1904 746 qui
1938 677 2041 732 hoc

383 813 391 822 _
474 753 670 808 malum
715 756 946 820 audent,
976 769 1030 814 et
1073 776 1178 815 non
1218 763 1531 829 paenitentia
1567 767 1856 833 ducuntur,
1886 778 1940 821 ut
1969 771 2038 823 ad

474 845 576 900 hoc
613 859 1022 928 convertantur,
1053 854 1196 921 quod
1231 865 1453 926 propter
1485 858 1650 913 Deum
1677 860 1825 927 prius
1861 861 2040 933 elege-

472 949 616 994 rant.
676 925 851 1009 Atque
896 943 1059 997 etiam
1112 946 1180 1000 83
1228 925 1401 1002 canon
1461 925 1794 1018 apostolicus
1832 955 1904 1008 ita
1949 925 2038 1010 est

471 1033 772 1100 expositus,
809 1049 873 1088 ex
923 1052 986 1089 eo
1016 1041 1156 1105 quod
1203 1038 1352 1096 dicat
1386 1058 1641 1114 expresse
1666 1061 1791 1101 eum
1837 1049 2035 1118 depani

473 1125 562 1185 qui
611 1135 766 1178 vacat
818 1128 1042 1193 militiae,
1092 1140 1149 1183 et
1184 1131 1298 1186 vult
1332 1141 1624 1202 utrumque
1667 1139 1933 1202 obtinere,
1983 1126 2036 1196 et

470 1214 772 1270 Romanum
825 1220 1220 1290 magistratum.
1268 1235 1324 1280 et
1367 1230 1760 1285 sacerdotalem
1809 1235 2035 1287 admini-

471 1308 1037 1367 strationem.Prwter
1080 1315 1191 1369 inec
1239 1326 1417 1370 autem
1471 1321 1612 1376 scias
1649 1324 1792 1391 quod
1840 1324 1870 1376 7
1915 1335 1970 1380 et
1999 1324 2034 1379 8

470 1398 687 1454 Novella
737 1404 1080 1472 imperatoris
1118 1409 1321 1464 domini
1353 1411 1551 1469 Leonis
1582 1412 1890 1483 Philosophi
1923 1427 2034 1472 sta-

469 1501 627 1546 tnunt
655 1495 883 1550 clericos
916 1507 971 1551 et
1000 1503 1314 1568 monachos,
1351 1506 1440 1572 qui
1493 1507 1743 1562 vestitum
1789 1519 2034 1565 mutave-

466 1595 614 1650 runt,
654 1597 707 1641 et
739 1587 858 1643 laici
899 1589 1026 1645 lacti
1071 1604 1214 1658 sunt,
1248 1596 1411 1649 etiam
1457 1597 1658 1655 invitos
1692 1601 1756 1654 ad
1793 1603 2029 1676 priorem

466 1678 705 1731 hahitmn
742 1683 958 1738 reverti.
999 1685 1268 1751 Quoniam
1303 1701 1480 1743 autem
1517 1707 1638 1745 cum
1682 1693 1782 1748 hoc
1816 1710 2030 1765 quoque

465 1773 773 1825 necessario
803 1775 1348 1844 anathematizantur,
1389 1796 1456 1836 ne
1485 1781 1567 1836 sic
1598 1784 1814 1852 quidem
1844 1785 2026 1842 clerici

461 1861 544 1915 vel
585 1866 832 1919 monachi
867 1871 1260 1936 repntahnntur
1291 1891 1305 1928 :
1346 1874 1440 1928 sed
1487 1883 1600 1930 toto
1634 1877 1757 1931 vitae
1787 1887 2029 1946 tempore

461 1952 514 2006 in
564 1945 890 2012 monasterio
937 1960 1298 2017 includentur.
1345 1964 1487 2020 Puto
1518 1978 1723 2032 autem,
1755 1945 2026 2039 quodqui

459 2046 538 2100 sic
576 2057 779 2102 mutato
821 2052 1018 2105 amictu
1053 2055 1375 2120 militarnnt,
1423 2067 1482 2112 ut
1510 2061 1625 2113 vult
1664 2076 1900 2130 praesens
1927 2077 2026 2118 ca-

467 2151 597 2202 non,
631 2140 959 2208 punientur;
991 2145 1094 2211 qui'
1117 2153 1296 2200 autem
1329 2163 1438 2202 non
1461 2149 1781 2217 militarunt,
1814 2153 2028 2210 mitiore

459 2227 641 2296 aliquo
677 2232 942 2299 supplicio
972 2234 1292 2290 afﬁcientur.
1337 2237 1445 2294 Sed
1477 2250 1654 2297 tamen
1689 2243 1820 2298 nihil
1865 2245 1900 2298 ii
1941 2261 2028 2300 sa-

457 2321 730 2375 cci-dotale
759 2329 1110 2386 exercehunt.
1143 2329 1283 2399 Lege
1312 2331 1381 2386 62
1423 2349 1681 2390 canonem
1710 2347 2022 2395 sanctorum

458 2413 856 2480 apostolorum,
891 2427 946 2471 et
975 2419 1094 2489 ejus
1124 2420 1650 2492 interpretationem.

529 2583 781 2644 ZONAR.
815 2608 871 2646 tn
899 2608 995 2650 eos
1019 2596 1110 2666 qui
1147 2607 1358 2655 retento
1383 2601 1566 2660 clerici
1595 2607 1782 2661 habitu
1813 2611 2023 2668 militia)

454 2692 668 2746 vacant,
709 2685 1068 2757 profanosque
1103 2693 1454 2760 magistratus
1481 2699 1690 2754 ambire
1729 2717 1836 2756 non
1869 2705 2024 2760 dubi-

2141 484 2480 558 ἐπιφὼνησιν
2523 493 3107 570 ἁναθεματισθήσεται,
3151 507 3198 557 εἰ
3250 505 3326 575 μὴ
3357 484 3698 576 ἐπιστρέψει.

2141 577 2310 631 Τοῦτο
2333 579 2392 633 et
2417 582 2594 651 λέγειν
2619 587 2868 642 πείθουσί
2901 608 2969 660 με
2992 594 3062 646 τὰ
3088 594 3310 664 ῥήματα
3335 594 3428 648 τοῦ
3453 597 3698 658 κανόνος,

2137 671 2207 724 τὰ
2259 670 2486 739 λέγοντα
2542 677 3034 748 ἀναθεματίζεσθαι
3086 686 3215 747 τοὺς
3267 685 3580 755 τολμῶντας
3632 689 3693 740 τὸ

2137 761 2377 817 τοιοῦτον
2402 767 2592 827 κακὸν,
2634 772 2731 824 καὶ
2784 771 2858 844 μὴ
2906 776 3400 845 μεταμελομένους,
3449 775 3526 841 ὡς
3581 781 3704 832 ἑπι-

2140 857 2367 926 στρέψαι
2419 860 2724 926 ἐπὶτοῦτο,
2775 863 2803 916 ὃ
2852 865 2941 918 διὰ
2973 867 3106 920 Θεὸν
3154 867 3421 940 πρότερον
3475 870 3704 924 εἵλοντο.

2137 947 2246 1000 Καὶ
2277 949 2306 1001 ό
2354 949 2538 1020 ῥηθεὶς
2566 951 2623 1005 δὲ
2653 961 2742 1022 πγ¹
2771 956 3124 1022 ἀποστολικὸς
3155 961 3336 1014 κανὼν
3371 960 3544 1026 οὕτως
3599 963 3701 1034 ήρ-

2138 1037 2382 1108 μηνεύθη
2415 1041 2479 1094 ὲκ
2507 1041 2600 1094 τοῦ
2632 1041 2810 1110 λέγειν
2869 1047 2929 1100 ἐν
2984 1048 3144 1116 μέρει
3180 1049 3563 1121 καθαιρεῖσθαι
3610 1053 3704 1105 τὸν

2137 1128 2470 1198 σχολάζοντα
2530 1135 2812 1206 στρατείᾳ,
2875 1138 2971 1192 καὶ
3029 1140 3353 1210 βουλόμενον
3411 1144 3702 1214 ἀμφότερα

2135 1219 2406 1291 κατέχειν,
2451 1222 2764 1298 Ῥωμαϊκὴν
2792 1228 2966 1299 ἀρχὴν
3023 1230 3118 1283 καὶ
3164 1232 3445 1303 ἱερατικὴν
3495 1235 3696 1304 διοίκη-

2136 1327 2239 1364 σιν.
2285 1313 2406 1366 Ἐπὶ
2430 1315 2640 1377 τούτοις
2666 1318 2900 1383 γίνωσκε
2930 1320 3013 1372 ὅτι
3046 1321 3079 1389 ὴ
3116 1318 3160 1384 ζ’
3193 1322 3290 1374 καὶ
3317 1320 3368 1391 η’
3387 1323 3579 1393 Νεαρὰ
3604 1327 3697 1378 τοῦ

2135 1397 2400 1468 βασιλέως
2428 1403 2595 1472 κυροῦ
2626 1405 2854 1469 Λέοντος
2884 1407 2976 1462 τοῦ
3026 1410 3322 1482 Φιλοσόφου
3375 1413 3698 1484 διορίζονται

2130 1492 2257 1555 τοὺς
2305 1497 2602 1564 κληρωτοὺς
2647 1497 2742 1551 καὶ
2794 1501 2920 1563 τοὺς
2971 1505 3242 1573 μοναχοὺς
3290 1521 3701 1576 μετασχηματι-

2133 1583 2381 1652 σθέντας,
2413 1588 2508 1641 καὶ
2532 1587 2756 1654 λαῖκοὺς
2785 1593 3136 1660 γενομένους,
3167 1597 3262 1650 καὶ
3295 1597 3528 1659 ἄκοντας
3562 1600 3700 1668 πρὸς

2131 1676 2192 1729 τὸ
2237 1679 2500 1750 πρότερον
2545 1682 2735 1752 σχῆμα
2778 1685 3275 1744 ἀποκαθίστασθαι.
3319 1690 3469 1742 Ἐπεὶ
3512 1690 3568 1744 δὲ
3600 1693 3702 1742 σὺν

2127 1769 2304 1840 τούτῳ
2349 1773 2443 1825 καὶ
2488 1774 2985 1846 ἀναθεματίζονται
3030 1777 3091 1846 ἐξ
3141 1781 3408 1854 ἀνάγκης,
3453 1785 3572 1837 οὐδὲ
3621 1787 3700 1848 ὡς

2129 1863 2384 1932 κληρικοὶ
2433 1865 2464 1936 ἢ
2514 1870 2737 1939 μοναχοὶ
2783 1869 3222 1942 λογισθήσονται,
3254 1874 3391 1928 ἀλλὰ
3440 1876 3528 1929 διὰ
3577 1878 3698 1948 βίου

2126 1956 2598 2029 ὲγκλεισθήσονται
2675 1963 2756 2025 είς
2821 1965 3178 2036 μοναστήρια.
3241 1967 3435 2037 Οῐομαι
3497 1967 3554 2020 δὲ
3613 1971 3699 2022 ὅτι

2125 2047 2175 2100 0i
2223 2046 2366 2100 οὕτω
2419 2052 3018 2121 μετασχηματισθέντες
3069 2057 3528 2128 στρατευσάμενοι
3594 2062 3695 2131 μὲν

2125 2139 2269 2194 κατὰ
2295 2142 2383 2194 τὸν
2413 2144 2660 2212 παρόντα
2688 2145 2889 2198 κανόνα
2914 2147 3368 2219 κολασθήσονται,
3401 2153 3476 2222 μη
3534 2171 3696 2225 στρα-
3793 2197 3799 2201 .

2124 2233 2453 2302 τευσάμενοι
2481 2234 2560 2299 δὲ,
2597 2235 2777 2302 ἄλλως
2807 2256 2924 2302 πως
2975 2241 3343 2313 μετριώτερον
3378 2245 3695 2316 τιμωρηθή-

2127 2339 2333 2379 σονται.
2394 2325 2538 2391 Πλὴν
2572 2326 2847 2397 ἱερατικόν
2873 2347 2925 2384 τι
2955 2330 3076 2384 οὐδὲ
3105 2327 3250 2388 οὗτοι
3277 2335 3692 2406 ἐνεργήσουσιι.

2137 2412 2440 2480 Ἀνάγνωθι
2469 2417 2563 2470 καὶ
2592 2417 2683 2471 τὸν
2707 2418 2784 2489 ξβ¹
2809 2420 3009 2477 κανόνα
3040 2422 3149 2478 τῶν
3176 2425 3349 2494 ἁγίων
3375 2428 3687 2485 ἀποστόλων

2123 2505 2221 2560 καὶ
2253 2508 2351 2574 τὴν
2379 2507 2677 2577 ἑρμηνείαν
2703 2511 2899 2569 αὐτοῦ.

2196 2601 2441 2656 ΖΩΝΛΡ.
2488 2602 2547 2656 '0
2581 2603 2682 2673 μὲν
2733 2605 3088 2676 ὀγδοηκοστὸς
3121 2609 3303 2676 τρίτος
3347 2611 3532 2664 κανὼν
3580 2613 3692 2665 τῶν

2122 2693 2295 2760 ἁγίων
2327 2693 2645 2748 ἀποστόλων
2703 2697 2832 2768 περὶ
2885 2697 2993 2750 τῶν
3046 2701 3313 2770 μενόντων
3361 2704 3420 2754 ὲν
3471 2703 3550 2773 τῷ
3583 2704 3688 2756 τῶν

459 2780 595 2832 tant,
617 2771 968 2842 depositionis
991 2795 1170 2848 pmna,
1196 2789 1526 2855 octogesimo
1550 2793 1711 2846 tertio
1727 2797 2015 2862 apostolico

2121 2783 2400 2854 κληρικῶν
2436 2786 2701 2856 σχήματι,
2752 2789 3013 2860 στρατείᾳ
3064 2789 3123 2844 δὲ
3172 2771 3558 2862 σχολαζόντων,
3591 2795 3694 2850 καὶ

453 2876 660 2917 canone
707 2869 998 2924 constituta
1043 2870 1143 2943 fuit
1185 2891 1200 2928 :
1250 2892 1358 2944 quo
1404 2879 1520 2934 loco
1551 2883 1748 2950 etiam,
1781 2887 1914 2956 quid
1951 2889 2015 2942 sit

2119 2873 2292 2944 ἀρχὰς
2326 2874 2620 2944 μετιόντων
2646 2879 2936 2946 κοσμικὰς,
2961 2878 3329 2945 διατάττεται,
3356 2882 3450 2934 καὶ
3473 2883 3690 2938 κελεύει

454 2953 658 3010 militiae
691 2971 882 3014 vacare
911 2977 1007 3015 nos
1034 2965 1430 3030 explicavimus
1463 2989 1477 3024 :
1518 2972 1620 3027 hoc
1652 2991 1778 3031 vero
1811 2993 2015 3038 canone

2120 2964 2504 3034 καθαιρεῖσθαι
2537 2967 2754 3031 αὐτοὺς.
2785 2967 2914 3023 ἔνθα
2943 2970 3039 3022 καὶ
3067 2971 3120 3023 τί
3153 2971 3300 3025 ἐστιν
3325 2973 3440 3025 ἐκεῖ
3465 2975 3526 3026 τὸ
3559 2991 3686 3043 σχοο

451 3046 516 3099 ιΙο
562 3051 844 3105 monachis
877 3064 930 3107 et
969 3054 1204 3122 clericis,
1238 3062 1328 3128 qui
1373 3079 1529 3119 sacro
1572 3067 1757 3123 habitu
1792 3073 2014 3139 reiecto,

2118 3056 2303 3120 λάζειν
2358 3059 2670 3129 στρατείαις
2700 3062 3042 3132 ἡρμήνευται
3063 3079 3077 3093 ο
3105 3065 3132 3116 ό
3156 3062 3212 3116 δὲ
3267 3064 3457 3136 παρὼν
3506 3067 3686 3120 κανὼν

450 3147 542 3192 ant
562 3153 808 3196 ornatum
835 3145 1147 3214 militarem,
1177 3161 1427 3220 tanquam
1457 3158 1658 3215 militiae
1685 3164 2015 3230 professione

2121 3149 2250 3220 περὶ
2301 3151 2550 3221 μοναχῶν
2593 3154 2684 3207 καὶ
2741 3154 3017 3226 κληρικῶν
3044 3155 3374 3224 διαλέγεται.
3409 3162 3684 3213 ἀποδυσα-

447 3233 724 3297 οειιεοηόί,
756 3244 850 3289 aut
897 3238 1182 3306 profanum
1236 3244 1400 3298 alium
1425 3286 1438 3312 ,
1475 3251 1631 3316 quasi
1670 3256 2015 3323 magistratus

2120 3239 2298 3314 μένων
2324 3243 2386 3295 τὸ
2410 3242 2598 3313 σχῆμα
2626 3245 2685 3298 τὸ
2717 3245 2884 3314 ἱερὸν,
2919 3248 3010 3300 καὶ
3040 3247 3474 3321 ἀμφιασαμένων
3518 3269 3681 3322 στρα-

445 3320 501 3374 in
535 3323 803 3392 republica
837 3329 1112 3387 candidati
1155 3349 1458 3404 sumpsere,
1491 3320 1824 3401 decernitur.
1864 3347 2013 3415 Quos

443 3415 684 3482 quidem,
718 3420 826 3474 nisi
857 3431 1066 3478 mutato
1093 3429 1326 3484 consilio
1349 3433 1416 3486 ad
1443 3431 1638 3501 prioris
1665 3437 1792 3494 vita:
1817 3443 2010 3498 ratitmi

441 3509 850 3568 accommodato
885 3515 967 3570 usi
1000 3515 1199 3574 fuerint
1220 3559 1235 3583 ,
1274 3525 1618 3583 anathemate
1647 3532 1807 3599 plecti
1835 3535 2010 3603 jubet.

441 3599 544 3664 Qui
576 3617 807 3673 namque
835 3621 896 3661 se
916 3611 1058 3664 sacri
1086 3613 1294 3670 ordinis
1326 3617 1586 3685 dignitate
1619 3599 2013 3691 ipsimetvabdi-

439 3702 676 3756 cessent,
714 3695 800 3750 isti
848 3714 954 3753 non
987 3701 1306 3773 depositioni
1338 3718 1591 3780 tanquam
1643 3731 1813 3784 poenae
1842 3720 2011 3788 suhji-

439 3783 616 3838 ciendi
657 3786 881 3855 iudicati
915 3804 1048 3850 sunt
1087 3814 1104 3854 :
1135 3807 1188 3854 et
1230 3799 1433 3856 idcirco
1460 3783 1694 3874 graviori
1740 3783 2006 3880 supplicio

436 3873 583 3944 digni
623 3879 1021 3941 existimantur.

435 4047 660 4106 ARIST.
707 4053 812 4122 Qui
855 4057 1076 4114 clericus
1112 4061 1175 4128 ﬁt
1203 4073 1296 4118 aut
1340 4067 1647 4133 monachus,
1678 4069 1726 4123 ai
1755 4072 2002 4142 militiam

520 4152 614 4196 aut
638 4145 944 4214 dignitatem
971 4163 1286 4223 arroganter
1307 4152 1536 4225 a/rectet,
1572 4160 1907 4218 maledictus.

505 4227 560 4284 Si
594 4233 683 4301 qui
713 4238 961 4298 monachi
1004 4241 1088 4296 vel
1117 4244 1209 4312 qni
1241 4246 1410 4301 semel
1448 4249 1501 4303 in
1533 4249 1682 4304 clero
1713 4265 1841 4307 sunt
1869 4270 2000 4310 con-

2115 3333 2372 3387 τιωτικὸν
2422 3335 2626 3407 ἔνδυμα
2678 3337 2753 3401 ὡς
2783 3342 3335 3411 στρατευσαμένωνῆ
3383 3342 3682 3406 πολιτικὸν,

2113 3421 2189 3484 ὡς
2217 3423 2528 3495 ἀξιώματος
2554 3428 3013 3499 ὲπιθυμησάντων
3041 3433 3332 3502 κοσμικοῦ,
3363 3433 3477 3498 οὓς,
3504 3437 3552 3487 εί
3601 3440 3675 3504 μὴ

2113 3515 2546 3588 μεταμεληθεῖεν
2573 3518 2671 3573 καὶ
2699 3520 3081 3592 ἐπιστρέψοιεν
3112 3525 3188 3587 είς
3220 3525 3313 3577 τὸν
3343 3525 3472 3594 βίον,
3506 3526 3673 3595 ὅνπερ

2113 3606 2445 3674 προείλοντο,
2480 3611 2574 3662 καὶ
2628 3612 2814 3682 σχῆμα
2843 3613 2922 3684 τῷ
2952 3615 3051 3685 βίῳ
3095 3616 3424 3687 κατάλληλον
3469 3618 3670 3672 ἀναλά-

2111 3696 2281 3758 σοιεν,
2313 3697 2468 3762 αὖθις
2517 3700 3016 3772 ἀναθεματίζεσθαι
3067 3707 3287 3777 ὥρισεν.
3340 3709 3502 3761 Αὐτοὶ
3560 3713 3669 3778 γὰρ

2108 3785 2333 3850 ἑαυτοὺς
2377 3789 2480 3860 τῆς
2528 3791 2681 3856 ἀξίας
2723 3796 2822 3865 τῆς
2855 3795 3006 3864 ἱερᾶς
3036 3798 3447 3867 γυμνώσαντες,
3486 3801 3673 3854 οὐκετι

2105 3879 2426 3950 καθαιρέσει
2486 3884 2795 3956 ὑπαχθῆναι
2846 3886 2922 3952 ὡς
2957 3887 3175 3948 κολάσει
3215 3893 3513 3966 ἐκρίθησαν
3537 3910 3552 3926 ο
3593 3894 3674 3947 διὸ

2105 3973 2199 4025 καὶ
2231 3975 2478 4041 μείζονος
2512 3977 2788 4042 κολάσεως
2814 3980 3184 4048 ἐνομίσθησαν
3210 3985 3373 4048 ἄξιοι.
3452 4061 3454 4064 ν

2102 4063 2319 4119 ΔΡΙΣΤ.
2362 4067 2425 4121 '0
2469 4075 2795 4138 κληρωθεὶς
2828 4072 2866 4142 ἢ
2909 4074 3211 4143 μονάσας,
3259 4081 3312 4131 εὶ
3349 4079 3451 4132 ἐπὶ
3492 4097 3673 4150 στρα-

2241 4162 2408 4215 τείαν
2434 4161 2472 4231 ἣ
2503 4163 2682 4226 ἀξίαν
2706 4165 3164 4234 ἀπαυθαδιάσοι,
3195 4169 3513 4238 ἐπάρατος.

2182 4253 2308 4307 Ἐὰν
2335 4255 2387 4306 oi
2423 4255 2691 4324 μονασταὶ
2721 4256 2754 4326 ἢ
2785 4259 2836 4310 οἱ
2863 4255 3012 4322 ἅπαξ
3043 4261 3103 4314 ιν
3134 4258 3320 4332 κλήρῳ
3347 4263 3661 4333 ταχθέντες,

433 4321 608 4378 stituti
646 4325 809 4382 vitam
841 4329 1138 4389 solitariam
1166 4336 1527 4410 clericamqne
1558 4341 1900 4413 deserentes,
1939 4357 1998 4403 et-

2117 4321 2494 4409 ιαταλιπόντες
2517 4347 2608 4400 τὸν
2641 4321 2852 4421 μονῆρη
2910 4350 3085 4424 βίονῆ
3117 4321 3302 4408 cavi;
3330 4321 3537 4428 κληρῳ,
3573 4321 3668 4410 και

435 4413 672 4468 habitum
722 4416 1092 4488 immutantes.
1140 4428 1209 4480 ad
1261 4429 1508 4485 militiam
1560 4411 1894 4505 transierint,
1940 4450 1998 4495 et

2117 4437 2161 4490 :b
2210 4437 2397 4509 σχῆμα
2429 4411 2923 4510 μεταλλαξάμενοι,
2945 4443 3040 4496 ὲπὶ
3070 4411 3388 4517 ’στρατείαν
3418 4411 3664 4518 μεταπέ-

441 4505 752 4583 δξροιιΙειτθιιι
795 4511 1032 4568 adierint
1058 4515 1398 4584 dignitatem,
1421 4533 1476 4576 et
1508 4523 1634 4578 farti
1661 4541 1754 4581 eos
1783 4545 1886 4583 non
1920 4531 1993 4585 ita

432 4593 709 4663 pteniteat,
738 4610 794 4653 ut
833 4603 898 4656 ad
939 4605 1180 4662 habitum
1223 4610 1372 4664 illum
1405 4627 1794 4673 convertantur
1828 4639 1987 4691 quem

431 4689 582 4752 prius
629 4691 924 4764 elegerant,
971 4703 1517 4766 anathematizentur.
1561 4711 1813 4768 Concinit
1855 4733 1984 4787 ergo

323 4773 327 4786 '
429 4785 684 4847 pt'msettti
732 4791 922 4845 canoni
968 4797 1128 4850 etiam
1176 4810 1368 4855 octava
1417 4803 1753 4872 imperatoris
1790 4810 1992 4886 domini

429 4872 622 4930 Leonis
654 4875 961 4952 Philosophi
984 4883 1224 4954 Novella,
1243 4907 1349 4946 non
1377 4898 1690 4963 permittens
1711 4874 1990 4958 monachis

428 4968 549 5023 laici
604 4970 839 5029 habitum
883 4994 1180 5037 resumere.
1228 4983 1423 5042 Verum
1468 4992 1782 5046 constitutio
1817 4994 1876 5048 ll
1933 4998 1984 5050 in

427 5064 767 5129 Sexagesima
814 5071 1050 5125 secundo
1095 5076 1276 5143 capite
1324 5078 1408 5132 tit.
1467 5081 1623 5148 primi
1678 5083 1773 5136 lib.
1807 5087 1982 5152 quarti

2101 4547 2269 4583 σωσιν
2311 4530 2342 4598 ἦ
2391 4531 2665 4603 κοσμικὴν
2696 4534 2852 4599 ἀξίαν
2885 4537 3210 4606 μετέλθωσι,
3251 4543 3344 4593 καὶ
3394 4543 3453 4594 οὐ
3492 4562 3663 4612 μετα-

2102 4621 2433 4691 μεληθῶσιν,
2465 4623 2609 4702 ὥστε
2659 4625 2988 4697 ἐπιστρέψαι
3017 4629 3109 4681 ἐπὶ
3140 4631 3203 4683 τὸ
3244 4634 3427 4702 σχῆμα
3479 4635 3666 4704 τοῦτο,

2099 4713 2128 4767 ὂ
2163 4715 2248 4766 διὰ
2281 4714 2412 4769 Θεὸν
2457 4699 2720 4788 πρότερον
2771 4719 2998 4785 εἵλοντο,
3047 4699 3660 4795 ἀναθεμέιιζέσθωσανξ

2096 4806 2319 4878 Συνᾴδει
2351 4808 2481 4876 γοῦν
2512 4809 2586 4879 τῷ
2618 4811 2848 4878 παρόντι
2877 4813 3060 4867 κανόνι
3093 4817 3187 4868 καὶ
3217 4817 3248 4886 ὴ
3281 4817 3440 4888 ὀγδόη
3468 4819 3662 4890 Νεαρὰ

2095 4897 2191 4948 τοῦ
2243 4900 2508 4968 βασιλέως
2555 4902 2724 4971 κυροῦ
2773 4905 3002 4992 Aegro;
3055 4906 3154 4960 τοῦ
3203 4908 3522 4978 Φιλοσόφου,
3583 4912 3660 4981 μὴ

2097 4993 2453 5065 συγχωροῦσα
2482 4997 2591 5058 τοῖς
2629 4999 2922 5065 μονασταϊς
2953 4998 3140 5052 λαῖκοῠ
3175 5001 3361 5070 σχῆμα
3405 5002 3652 5071 ἀναλαμ-

2097 5090 2302 5142 ϐάνειν.
2334 5087 2448 5141 Κᾶν
2484 5087 2516 5157 ἡ
2549 5087 2812 5159 ἑνδεκάτη
2841 5088 3087 5154 διάταξις
3107 5089 3185 5162 (2)
3220 5092 3252 5162 ἡ
3279 5093 3337 5143 ἐν
3362 5092 3439 5162 τῷ
3462 5091 3654 5164 ἐξηκο-

1646 5201 1833 5262 Guill.
1873 5187 2192 5285 Beveregii
2235 5217 2399 5268 noue

502 5287 731 5366 (2)_Kdr
757 5291 795 5358 ἡ
830 5293 1120 5365 ἑνδεκάτη
1169 5299 1458 5364 διάταξις.
1491 5299 1674 5366 Neque
1727 5306 1839 5360 hac
1862 5323 1994 5361 con-

437 5359 901 5437 stituti.o,_‘neqne
929 5359 1116 5437 ipsum'
1144 5379 1304 5437 caput
1334 5359 1697 5424 a'b'Arist'eno
1736 5359 1827 5428 hic
1853 5359 1990 5431 cita-

439 5429 656 5508 Itltll,ni_ll
685 5429 930 5508 Basilicis
953 5429 1238 5508 impressis
1265 5449 1438 5492 exstat
1461 5455 1475 5502 ;
1516 5441 1569 5494 in
1599 5442 1800 5508 quibus
1825 5429 1988 5500 etiam

440 5499 550 5549 sola
573 5499 643 5576 ει
687 5503 864 5568 capita
900 5499 1076 5571 primo
1105 5507 1262 5561 titulo
1302 5499 1480 5576 quarti
1515 5499 1636 5565 libri
1668 5511 1755 5568 hic
1789 5499 1991 5569 laudati

437 5569 806 5639 ascribuutur,
857 5569 979 5626 cum
1015 5569 1684 5635 Aristenus'untiecimam
1721 5589 1990 5639 constitu-

437 5637 638 5689 tiOnetu
689 5642 881 5717 capitis
911 5643 978 5695 62
1026 5645 1176 5717 citet.
1208 5649 1285 5717 Ac
1314 5651 1538 5715 proinde
1579 5667 1647 5705 ex
1684 5655 1803 5717 hoc,
1831 5637 1992 5708 ίυιὶει

446 5719 512 5760 ex
551 5711 824 5768 sexcentis
855 5712 966 5767 fere
996 5714 1118 5768 aliis
1147 5711 1325 5778 huius
1357 5721 1535 5788 operis
1592 5720 1745 5781 locis,
1776 5711 1990 5778 abunde

2089 5319 2335 5373 constat,
2367 5309 2591 5362 Basilica
2624 5309 2787 5391 hodie
2833 5309 3093 5391 impressa
3137 5313 3324 5391 mutila
3353 5314 3652 5391 admodum

2095 5391 2147 5434 et
2175 5381 2490 5447 imperfecta
2524 5395 2666 5433 esse.
2699 5381 2852 5446 Quod
2882 5395 3066 5436 autem
3097 5383 3164 5438 ad
3199 5383 3372 5438 locum
3399 5383 3487 5436 hic
3510 5395 3650 5436 etta-

2097 5460 2206 5520 tum
2243 5458 2474 5516 spectat.
2505 5451 2608 5520 hoc
2633 5465 2755 5504 esse
2791 5451 3043 5520 suspicor
3065 5451 3358 5507 Iustiniani
3385 5463 3647 5506 statntmn

2096 5521 2146 5572 in
2179 5518 2407 5572 Basilica
2463 5519 2738 5578 tralatum.
2777 5519 2838 5575 Si
2869 5518 3328 5601 v'erourelinqnens
3383 5532 3650 5601 monaste-

2095 5591 2229 5642 rium
2262 5592 2330 5640 ad
2376 5594 2658 5665 quamdam
2713 5593 3346 5665 veniatmilitiam,‘aut
3368 5594 3436 5645 ad
3483 5595 3649 5645 aliam
3716 5664 3719 5665 ν

2093 5661 2212 5712 vita:
2245 5661 2492 5728 ﬁguram.
2527 5658 2821 5712 substantia
2861 5662 2975 5729 ejus
3004 5666 3162 5716 etiam
3189 5663 3264 5715 sic
3292 5667 3341 5715 in
3377 5675 3645 5720 mamme-

2096 5733 2174 5782 θ·ιο
2201 5729 2508 5799 (secundum
2531 5732 2667 5783 anod
2701 5749 2728 5780 n
2764 5734 2909 5785 nobis
2952 5734 3095 5786 υνὶιη
3118 5735 3318 5786 dictum
3341 5737 3438 5802 est)
3471 5750 3641 5786 retun-
