  <div class='ocr_page' id='page_1' title='image "/cluster/home/n/w/nwhite01/storage/ocr_20150623/137:no.1/coo.31924054870427/214.png"; bbox 0 0 4078 6390; ppageno 0'>
   <div class='ocr_carea' id='block_1_1' title="bbox 364 341 471 402">
    <p class='ocr_par' dir='ltr' id='par_1_1' title="bbox 364 341 471 402">
     <span class='ocr_line' id='line_1_1' title="bbox 364 341 471 402; baseline 0.019 -3"><span class='ocrx_word' id='word_1_1' title='bbox 364 341 471 402; x_wconf 72' lang='grc'><strong><em>413</em></strong></span> 
     </span>
    </p>
   </div>
   <div class='ocr_carea' id='block_1_2' title="bbox 1416 339 2554 409">
    <p class='ocr_par' dir='ltr' id='par_1_2' title="bbox 1416 339 2554 409">
     <span class='ocr_line' id='line_1_2' title="bbox 1416 339 2554 409; baseline 0.008 -10"><span class='ocrx_word' id='word_1_2' title='bbox 1416 340 1497 399; x_wconf 86' lang='grc' dir='ltr'><strong><em>ΙΝ</em></strong></span> <span class='ocrx_word' id='word_1_3' title='bbox 1538 339 1704 399; x_wconf 79' lang='lat' dir='ltr'><strong><em>CAN.</em></strong></span> <span class='ocrx_word' id='word_1_4' title='bbox 1746 340 1893 402; x_wconf 77' lang='grc' dir='ltr'><strong><em>νηί</em></strong></span> <span class='ocrx_word' id='word_1_5' title='bbox 1946 340 2153 403; x_wconf 84' lang='lat' dir='ltr'><strong><em>CONC.</em></strong></span> <span class='ocrx_word' id='word_1_6' title='bbox 2191 342 2554 409; x_wconf 78' lang='lat' dir='ltr'><strong><em>CHALCED.</em></strong></span> 
     </span>
    </p>
   </div>
   <div class='ocr_carea' id='block_1_3' title="bbox 3480 344 3585 409">
    <p class='ocr_par' dir='ltr' id='par_1_3' title="bbox 3480 344 3585 409">
     <span class='ocr_line' id='line_1_3' title="bbox 3480 344 3585 409; baseline -0.019 0"><span class='ocrx_word' id='word_1_7' title='bbox 3480 344 3585 409; x_wconf 74' lang='grc'><strong><em>414</em></strong></span> 
     </span>
    </p>
   </div>
   <div class='ocr_carea' id='block_1_4' title="bbox 367 448 1936 522">
    <p class='ocr_par' dir='ltr' id='par_1_4' title="bbox 367 448 1920 521">
     <span class='ocr_line' id='line_1_4' title="bbox 367 448 1920 521; baseline -0.001 -16"><span class='ocrx_word' id='word_1_8' title='bbox 367 453 478 521; x_wconf 82' lang='grc' dir='ltr'><em>στῷ</em></span> <span class='ocrx_word' id='word_1_9' title='bbox 533 448 772 520; x_wconf 81' lang='grc' dir='ltr'><strong><em>δευτέρῳ</em></strong></span> <span class='ocrx_word' id='word_1_10' title='bbox 822 450 1102 520; x_wconf 74' lang='grc' dir='ltr'>κεφαλαίῳ</span> <span class='ocrx_word' id='word_1_11' title='bbox 1153 448 1248 502; x_wconf 80' lang='grc' dir='ltr'><em>τοῦ</em></span> <span class='ocrx_word' id='word_1_12' title='bbox 1310 449 1528 519; x_wconf 80' lang='grc' dir='ltr'><strong><em>πρώτου</em></strong></span> <span class='ocrx_word' id='word_1_13' title='bbox 1577 450 1762 503; x_wconf 79' lang='grc' dir='ltr'><em>τίτλον</em></span> <span class='ocrx_word' id='word_1_14' title='bbox 1826 451 1920 504; x_wconf 81' lang='grc' dir='ltr'><em>τοῦ</em></span> 
     </span>
    </p>
   </div>
   <div class='ocr_carea' id='block_1_5' title="bbox 2036 448 3585 522">
    <p class='ocr_par' dir='ltr' id='par_1_5' title="bbox 2036 450 3585 522">
     <span class='ocr_line' id='line_1_5' title="bbox 2036 450 3585 522; baseline 0.005 -19"><span class='ocrx_word' id='word_1_15' title='bbox 2036 450 2245 507; x_wconf 87' lang='lat' dir='ltr'><strong><em>Basilic.</em></strong></span> <span class='ocrx_word' id='word_1_16' title='bbox 2280 456 2471 521; x_wconf 82' lang='lat' dir='ltr'><strong><em>posita,</em></strong></span> <span class='ocrx_word' id='word_1_17' title='bbox 2508 463 2562 509; x_wconf 89' lang='lat' dir='ltr'><strong><em>et</em></strong></span> <span class='ocrx_word' id='word_1_18' title='bbox 2603 454 2854 522; x_wconf 71' lang='lat' dir='ltr'><strong><em>praesenti</em></strong></span> <span class='ocrx_word' id='word_1_19' title='bbox 2900 456 3092 511; x_wconf 89' lang='lat' dir='ltr'><strong><em>cauoni</em></strong></span> <span class='ocrx_word' id='word_1_20' title='bbox 3141 466 3197 512; x_wconf 89' lang='lat' dir='ltr'><strong><em>et</em></strong></span> <span class='ocrx_word' id='word_1_21' title='bbox 3239 457 3324 511; x_wconf 88' lang='lat' dir='ltr'><strong><em>isti</em></strong></span> <span class='ocrx_word' id='word_1_22' title='bbox 3354 454 3585 511; x_wconf 71' lang='lat' dir='ltr'><strong><em>Novella:</em></strong></span> 
     </span>
    </p>
   </div>
   <div class='ocr_carea' id='block_1_6' title="bbox 361 542 1927 614">
    <p class='ocr_par' dir='ltr' id='par_1_6' title="bbox 361 542 1927 614">
     <span class='ocr_line' id='line_1_6' title="bbox 361 542 1927 614; baseline -0.001 -17"><span class='ocrx_word' id='word_1_23' title='bbox 361 544 620 612; x_wconf 72' lang='grc' dir='ltr'><strong>τετάρτου</strong></span> <span class='ocrx_word' id='word_1_24' title='bbox 684 543 892 614; x_wconf 76' lang='grc' dir='ltr'><em>βιϐλίου</em></span> <span class='ocrx_word' id='word_1_25' title='bbox 958 543 1066 595; x_wconf 91' lang='grc' dir='ltr'><strong><em>τῶν</em></strong></span> <span class='ocrx_word' id='word_1_26' title='bbox 1124 542 1434 595; x_wconf 84' lang='grc' dir='ltr'><em>Βασιλικῶν</em></span> <span class='ocrx_word' id='word_1_27' title='bbox 1490 542 1717 612; x_wconf 80' lang='grc' dir='ltr'><strong><em>κειμένη</em></strong></span> <span class='ocrx_word' id='word_1_28' title='bbox 1748 582 1766 610; x_wconf 85' lang='grc'><strong><em>,</em></strong></span> <span class='ocrx_word' id='word_1_29' title='bbox 1832 544 1927 596; x_wconf 71' lang='grc' dir='ltr'><em>καὶ</em></span> 
     </span>
    </p>
   </div>
   <div class='ocr_carea' id='block_1_7' title="bbox 359 632 1931 707">
    <p class='ocr_par' dir='ltr' id='par_1_7' title="bbox 359 632 1931 707">
     <span class='ocr_line' id='line_1_7' title="bbox 359 632 1931 707; baseline -0.001 -18"><span class='ocrx_word' id='word_1_30' title='bbox 359 638 443 705; x_wconf 86' lang='grc' dir='ltr'><em>τῷ</em></span> <span class='ocrx_word' id='word_1_31' title='bbox 497 635 724 707; x_wconf 80' lang='grc' dir='ltr'><strong><em>παρόντι</em></strong></span> <span class='ocrx_word' id='word_1_32' title='bbox 775 633 962 689; x_wconf 79' lang='grc' dir='ltr'><em>κανόνι</em></span> <span class='ocrx_word' id='word_1_33' title='bbox 1021 633 1119 688; x_wconf 78' lang='grc' dir='ltr'><em>καὶ</em></span> <span class='ocrx_word' id='word_1_34' title='bbox 1176 636 1244 707; x_wconf 79' lang='grc' dir='ltr'><em>τῇ</em></span> <span class='ocrx_word' id='word_1_35' title='bbox 1306 632 1496 705; x_wconf 79' lang='grc' dir='ltr'><em>Νεαρᾷ</em></span> <span class='ocrx_word' id='word_1_36' title='bbox 1548 632 1722 705; x_wconf 76' lang='grc' dir='ltr'><em>ταύτῃ</em></span> <span class='ocrx_word' id='word_1_37' title='bbox 1778 635 1931 688; x_wconf 84' lang='grc' dir='ltr'><em>ἐναν-</em></span> 
     </span>
    </p>
   </div>
   <div class='ocr_carea' id='block_1_8' title="bbox 362 722 957 783">
    <p class='ocr_par' dir='ltr' id='par_1_8' title="bbox 362 722 957 783">
     <span class='ocr_line' id='line_1_8' title="bbox 362 722 957 783; baseline 0.01 -3"><span class='ocrx_word' id='word_1_38' title='bbox 362 728 592 783; x_wconf 82' lang='grc' dir='ltr'><em>τιοῦται.</em></span> <span class='ocrx_word' id='word_1_39' title='bbox 952 722 957 727; x_wconf 60' lang='grc'><em>’</em></span> 
     </span>
    </p>
   </div>
   <div class='ocr_carea' id='block_1_9' title="bbox 959 817 1335 873">
    <p class='ocr_par' dir='ltr' id='par_1_9' title="bbox 959 817 1335 873">
     <span class='ocr_line' id='line_1_9' title="bbox 959 817 1335 873; baseline 0 0"><span class='ocrx_word' id='word_1_40' title='bbox 959 817 1198 873; x_wconf 80' lang='grc' dir='ltr'>ΚΔΝΩΝ</span> <span class='ocrx_word' id='word_1_41' title='bbox 1248 819 1335 873; x_wconf 79' lang='grc' dir='ltr'><strong><em>Η⁹.</em></strong></span> 
     </span>
    </p>
   </div>
   <div class='ocr_carea' id='block_1_10' title="bbox 363 906 1928 977">
    <p class='ocr_par' dir='ltr' id='par_1_10' title="bbox 363 906 1928 977">
     <span class='ocr_line' id='line_1_10' title="bbox 363 906 1928 977; baseline -0.001 -15"><span class='ocrx_word' id='word_1_42' title='bbox 363 912 430 963; x_wconf 79' lang='lat' dir='ltr'><strong><em>Oi</em></strong></span> <span class='ocrx_word' id='word_1_43' title='bbox 461 910 736 977; x_wconf 66' lang='grc' dir='ltr'><em>κληρικοὶ</em></span> <span class='ocrx_word' id='word_1_44' title='bbox 763 906 883 963; x_wconf 86' lang='grc' dir='ltr'><strong><em>τῶν</em></strong></span> <span class='ocrx_word' id='word_1_45' title='bbox 904 906 1209 976; x_wconf 80' lang='grc' dir='ltr'><em>πτωχείων</em></span> <span class='ocrx_word' id='word_1_46' title='bbox 1238 908 1339 961; x_wconf 76' lang='grc' dir='ltr'><strong><em>καί</em></strong></span> <span class='ocrx_word' id='word_1_47' title='bbox 1385 910 1808 976; x_wconf 80' lang='grc' dir='ltr'><em>μοναστηρίων</em></span> <span class='ocrx_word' id='word_1_48' title='bbox 1830 907 1928 961; x_wconf 78' lang='grc' dir='ltr'><strong><em>καί</em></strong></span> 
     </span>
    </p>
   </div>
   <div class='ocr_carea' id='block_1_11' title="bbox 429 997 1927 1069">
    <p class='ocr_par' dir='ltr' id='par_1_11' title="bbox 429 997 1927 1069">
     <span class='ocr_line' id='line_1_11' title="bbox 429 997 1927 1069; baseline -0.001 -16"><span class='ocrx_word' id='word_1_49' title='bbox 429 1002 771 1069; x_wconf 78' lang='grc' dir='ltr'><em>μαρτυρίων</em></span> <span class='ocrx_word' id='word_1_50' title='bbox 797 1001 918 1055; x_wconf 85' lang='grc' dir='ltr'><strong><em>ὑπὸ</em></strong></span> <span class='ocrx_word' id='word_1_51' title='bbox 963 1001 1078 1066; x_wconf 84' lang='grc' dir='ltr'><em>τὴν</em></span> <span class='ocrx_word' id='word_1_52' title='bbox 1114 999 1403 1064; x_wconf 78' lang='grc' dir='ltr'><strong><em>ἐξουσίαν</em></strong></span> <span class='ocrx_word' id='word_1_53' title='bbox 1438 997 1560 1051; x_wconf 88' lang='grc' dir='ltr'><strong><em>τῶν</em></strong></span> <span class='ocrx_word' id='word_1_54' title='bbox 1594 999 1665 1055; x_wconf 76' lang='grc' dir='ltr'><strong><em>ἐν</em></strong></span> <span class='ocrx_word' id='word_1_55' title='bbox 1700 998 1927 1068; x_wconf 73' lang='grc' dir='ltr'><em>ἑκάστῃ</em></span> 
     </span>
    </p>
   </div>
   <div class='ocr_carea' id='block_1_12' title="bbox 436 1086 1928 1156">
    <p class='ocr_par' dir='ltr' id='par_1_12' title="bbox 436 1086 1928 1156">
     <span class='ocr_line' id='line_1_12' title="bbox 436 1086 1928 1156; baseline -0.001 -15"><span class='ocrx_word' id='word_1_56' title='bbox 436 1091 611 1144; x_wconf 74' lang='grc' dir='ltr'><em>πόλει</em></span> <span class='ocrx_word' id='word_1_57' title='bbox 658 1090 1004 1143; x_wconf 72' lang='grc' dir='ltr'><em>ἐπισκόπων</em></span> <span class='ocrx_word' id='word_1_58' title='bbox 1030 1088 1178 1144; x_wconf 81' lang='grc' dir='ltr'><em>κατὰ</em></span> <span class='ocrx_word' id='word_1_59' title='bbox 1207 1088 1340 1156; x_wconf 80' lang='grc' dir='ltr'><em>τὴν·</em></span> <span class='ocrx_word' id='word_1_60' title='bbox 1360 1087 1481 1141; x_wconf 88' lang='grc' dir='ltr'><strong><em>τῶν</em></strong></span> <span class='ocrx_word' id='word_1_61' title='bbox 1513 1087 1698 1153; x_wconf 72' lang='grc' dir='ltr'><em>ἁγίων</em></span> <span class='ocrx_word' id='word_1_62' title='bbox 1744 1086 1928 1141; x_wconf 76' lang='grc' dir='ltr'><em>Πατέ-</em></span> 
     </span>
    </p>
   </div>
   <div class='ocr_carea' id='block_1_13' title="bbox 429 1180 1930 1251">
    <p class='ocr_par' dir='ltr' id='par_1_13' title="bbox 429 1180 1930 1251">
     <span class='ocr_line' id='line_1_13' title="bbox 429 1180 1930 1251; baseline -0.002 -14"><span class='ocrx_word' id='word_1_63' title='bbox 429 1202 557 1250; x_wconf 78' lang='grc' dir='ltr'><strong><em>ρων</em></strong></span> <span class='ocrx_word' id='word_1_64' title='bbox 604 1183 944 1251; x_wconf 79' lang='grc' dir='ltr'><strong><em>παράδοσιν</em></strong></span> <span class='ocrx_word' id='word_1_65' title='bbox 985 1182 1449 1251; x_wconf 78' lang='grc' dir='ltr'><em>διαμενέτωσαν,</em></span> <span class='ocrx_word' id='word_1_66' title='bbox 1504 1181 1605 1234; x_wconf 80' lang='grc' dir='ltr'><strong><em>καί</em></strong></span> <span class='ocrx_word' id='word_1_67' title='bbox 1648 1180 1733 1250; x_wconf 82' lang='grc' dir='ltr'><strong><em>μὴ</em></strong></span> <span class='ocrx_word' id='word_1_68' title='bbox 1778 1181 1930 1234; x_wconf 78' lang='grc' dir='ltr'><em>κατὰ</em></span> 
     </span>
    </p>
   </div>
   <div class='ocr_carea' id='block_1_14' title="bbox 435 1275 1925 1344">
    <p class='ocr_par' dir='ltr' id='par_1_14' title="bbox 435 1275 1925 1344">
     <span class='ocr_line' id='line_1_14' title="bbox 435 1275 1925 1344; baseline 0 -15"><span class='ocrx_word' id='word_1_69' title='bbox 435 1276 761 1330; x_wconf 79' lang='grc' dir='ltr'><em>αὐθάδειαν</em></span> <span class='ocrx_word' id='word_1_70' title='bbox 785 1275 1209 1344; x_wconf 73' lang='grc' dir='ltr'><em>ἁφηνιὰτωσαν</em></span> <span class='ocrx_word' id='word_1_71' title='bbox 1252 1281 1359 1333; x_wconf 80' lang='grc' dir='ltr'><em>τοῦ</em></span> <span class='ocrx_word' id='word_1_72' title='bbox 1383 1279 1538 1333; x_wconf 86' lang='grc' dir='ltr'><em>ιδίου</em></span> <span class='ocrx_word' id='word_1_73' title='bbox 1567 1279 1925 1331; x_wconf 79' lang='grc' dir='ltr'><strong><em>ἐπισκόπου.</em></strong></span> 
     </span>
    </p>
   </div>
   <div class='ocr_carea' id='block_1_15' title="bbox 440 1356 1930 1436">
    <p class='ocr_par' dir='ltr' id='par_1_15' title="bbox 440 1356 1930 1436">
     <span class='ocr_line' id='line_1_15' title="bbox 440 1356 1930 1436; baseline 0.001 -17"><span class='ocrx_word' id='word_1_74' title='bbox 440 1371 508 1420; x_wconf 82' lang='grc' dir='ltr'><strong><em>οι</em></strong></span> <span class='ocrx_word' id='word_1_75' title='bbox 559 1367 627 1419; x_wconf 86' lang='grc' dir='ltr'><em>δὲ</em></span> <span class='ocrx_word' id='word_1_76' title='bbox 676 1356 1017 1435; x_wconf 76' lang='grc' dir='ltr'><strong><em>τολμῶντες</em></strong></span> <span class='ocrx_word' id='word_1_77' title='bbox 1065 1369 1424 1436; x_wconf 80' lang='grc' dir='ltr'><strong><em>ἀνατρέπειν</em></strong></span> <span class='ocrx_word' id='word_1_78' title='bbox 1475 1370 1593 1429; x_wconf 76' lang='grc' dir='ltr'><em>τὴν</em></span> <span class='ocrx_word' id='word_1_79' title='bbox 1646 1371 1930 1430; x_wconf 75' lang='grc' dir='ltr'><strong><em>τοιαύτην</em></strong></span> 
     </span>
    </p>
   </div>
   <div class='ocr_carea' id='block_1_16' title="bbox 435 1460 1931 1533">
    <p class='ocr_par' dir='ltr' id='par_1_16' title="bbox 435 1460 1931 1533">
     <span class='ocr_line' id='line_1_16' title="bbox 435 1460 1931 1533; baseline 0.002 -20"><span class='ocrx_word' id='word_1_80' title='bbox 435 1461 823 1524; x_wconf 76' lang='grc' dir='ltr'><strong><em>διατύπωσιν,</em></strong></span> <span class='ocrx_word' id='word_1_81' title='bbox 876 1464 929 1517; x_wconf 84' lang='grc' dir='ltr'><strong><em>εί</em></strong></span> <span class='ocrx_word' id='word_1_82' title='bbox 971 1463 1087 1531; x_wconf 71' lang='grc' dir='ltr'><strong><em>μὲν</em></strong></span> <span class='ocrx_word' id='word_1_83' title='bbox 1133 1460 1257 1517; x_wconf 74' lang='grc' dir='ltr'><em>εἶεν</em></span> <span class='ocrx_word' id='word_1_84' title='bbox 1315 1463 1607 1533; x_wconf 77' lang='grc' dir='ltr'><em>κληρικοί,</em></span> <span class='ocrx_word' id='word_1_85' title='bbox 1640 1464 1765 1529; x_wconf 87' lang='grc' dir='ltr'><em>τοῖς</em></span> <span class='ocrx_word' id='word_1_86' title='bbox 1809 1461 1931 1516; x_wconf 87' lang='grc' dir='ltr'><strong><em>τῶν</em></strong></span> 
     </span>
    </p>
   </div>
   <div class='ocr_carea' id='block_1_17' title="bbox 408 1555 1931 1625">
    <p class='ocr_par' dir='ltr' id='par_1_17' title="bbox 408 1555 1931 1625">
     <span class='ocr_line' id='line_1_17' title="bbox 408 1555 1931 1625; baseline 0.001 -18"><span class='ocrx_word' id='word_1_87' title='bbox 408 1555 709 1608; x_wconf 74' lang='grc' dir='ltr'><em>-κανόνων</em></span> <span class='ocrx_word' id='word_1_88' title='bbox 756 1556 1221 1609; x_wconf 80' lang='grc' dir='ltr'><em>ὑποκείσθωσαν</em></span> <span class='ocrx_word' id='word_1_89' title='bbox 1253 1556 1568 1624; x_wconf 81' lang='grc' dir='ltr'><em>ἐπιτιμίοις</em></span> <span class='ocrx_word' id='word_1_90' title='bbox 1592 1571 1607 1586; x_wconf 77' lang='grc'><strong>⁸</strong></span> <span class='ocrx_word' id='word_1_91' title='bbox 1643 1559 1694 1610; x_wconf 81' lang='grc' dir='ltr'><strong><em>εί</em></strong></span> <span class='ocrx_word' id='word_1_92' title='bbox 1733 1555 1802 1609; x_wconf 73' lang='grc' dir='ltr'><em>δὲ</em></span> <span class='ocrx_word' id='word_1_93' title='bbox 1825 1572 1931 1625; x_wconf 82' lang='grc' dir='ltr'><strong><em>μο-</em></strong></span> 
     </span>
    </p>
   </div>
   <div class='ocr_carea' id='block_1_18' title="bbox 436 1647 1785 1716">
    <p class='ocr_par' dir='ltr' id='par_1_18' title="bbox 436 1647 1785 1716">
     <span class='ocr_line' id='line_1_18' title="bbox 436 1647 1785 1716; baseline 0.002 -17"><span class='ocrx_word' id='word_1_94' title='bbox 436 1647 714 1713; x_wconf 64' lang='grc' dir='ltr'><em>νάζοντες</em></span> <span class='ocrx_word' id='word_1_95' title='bbox 748 1648 787 1715; x_wconf 80' lang='grc' dir='ltr'><strong><em>ἣ</em></strong></span> <span class='ocrx_word' id='word_1_96' title='bbox 820 1649 1039 1707; x_wconf 64' lang='lat' dir='ltr'><strong><em>Jama}.</em></strong></span> <span class='ocrx_word' id='word_1_97' title='bbox 1072 1648 1350 1702; x_wconf 76' lang='grc' dir='ltr'><em>ἔστωσαν</em></span> <span class='ocrx_word' id='word_1_98' title='bbox 1376 1649 1785 1716; x_wconf 71' lang='grc' dir='ltr'><em>ἀκοινώνητα.</em></span> 
     </span>
    </p>
   </div>
   <div class='ocr_carea' id='block_1_19' title="bbox 438 1740 1931 1811">
    <p class='ocr_par' dir='ltr' id='par_1_19' title="bbox 438 1740 1931 1811">
     <span class='ocr_line' id='line_1_19' title="bbox 438 1740 1931 1811; baseline 0.002 -20"><span class='ocrx_word' id='word_1_99' title='bbox 438 1742 635 1794; x_wconf 76' lang='grc' dir='ltr'><strong><em>ΒΛΛΣ.</em></strong></span> <span class='ocrx_word' id='word_1_100' title='bbox 673 1741 761 1803; x_wconf 83' lang='grc' dir='ltr'><em>Ὦς</em></span> <span class='ocrx_word' id='word_1_101' title='bbox 787 1740 983 1806; x_wconf 72' lang='grc' dir='ltr'><em>ἔοικεν,</em></span> <span class='ocrx_word' id='word_1_102' title='bbox 1016 1741 1202 1810; x_wconf 77' lang='grc' dir='ltr'><em>ἔλεγόν</em></span> <span class='ocrx_word' id='word_1_103' title='bbox 1228 1742 1360 1796; x_wconf 86' lang='grc' dir='ltr'><strong><em>ποτέ</em></strong></span> <span class='ocrx_word' id='word_1_104' title='bbox 1382 1759 1526 1804; x_wconf 87' lang='grc' dir='ltr'><em>τινες</em></span> <span class='ocrx_word' id='word_1_105' title='bbox 1558 1742 1753 1811; x_wconf 85' lang='grc' dir='ltr'><em>μόνους</em></span> <span class='ocrx_word' id='word_1_106' title='bbox 1802 1741 1931 1802; x_wconf 79' lang='grc' dir='ltr'><em>τοὺς</em></span> 
     </span>
    </p>
   </div>
   <div class='ocr_carea' id='block_1_20' title="bbox 2032 545 2363 601">
    <p class='ocr_par' dir='ltr' id='par_1_20' title="bbox 2032 545 2363 601">
     <span class='ocr_line' id='line_1_20' title="bbox 2032 545 2363 601; baseline 0.012 -4"><span class='ocrx_word' id='word_1_107' title='bbox 2032 545 2363 601; x_wconf 77' lang='lat' dir='ltr'><strong><em>adversatur.</em></strong></span> 
     </span>
    </p>
   </div>
   <div class='ocr_carea' id='block_1_21' title="bbox 2619 817 3015 875">
    <p class='ocr_par' dir='ltr' id='par_1_21' title="bbox 2619 817 3015 875">
     <span class='ocr_line' id='line_1_21' title="bbox 2619 817 3015 875; baseline 0.005 -2"><span class='ocrx_word' id='word_1_108' title='bbox 2619 817 2847 875; x_wconf 81' lang='lat' dir='ltr'><strong>CANON</strong></span> <span class='ocrx_word' id='word_1_109' title='bbox 2878 817 3015 875; x_wconf 75' lang='grc' dir='ltr'><em>νιιι.</em></span> 
     </span>
    </p>
   </div>
   <div class='ocr_carea' id='block_1_22' title="bbox 2033 906 3591 983">
    <p class='ocr_par' dir='ltr' id='par_1_22' title="bbox 2033 906 3591 983">
     <span class='ocr_line' id='line_1_22' title="bbox 2033 906 3591 983; baseline 0.005 -23"><span class='ocrx_word' id='word_1_110' title='bbox 2033 906 2223 960; x_wconf 82' lang='lat' dir='ltr'><strong><em>Clerici</em></strong></span> <span class='ocrx_word' id='word_1_111' title='bbox 2237 908 2771 977; x_wconf 80' lang='lat' dir='ltr'><strong><em>ptocltotropltiorum,</em></strong></span> <span class='ocrx_word' id='word_1_112' title='bbox 2799 911 3258 975; x_wconf 85' lang='lat' dir='ltr'><strong><em>monasteriorum,</em></strong></span> <span class='ocrx_word' id='word_1_113' title='bbox 3285 923 3334 967; x_wconf 90' lang='lat' dir='ltr'><strong><em>et</em></strong></span> <span class='ocrx_word' id='word_1_114' title='bbox 3369 913 3591 983; x_wconf 82' lang='lat' dir='ltr'><strong><em>templo-</em></strong></span> 
     </span>
    </p>
   </div>
   <div class='ocr_carea' id='block_1_23' title="bbox 2102 1001 3590 1075">
    <p class='ocr_par' dir='ltr' id='par_1_23' title="bbox 2102 1001 3590 1075">
     <span class='ocr_line' id='line_1_23' title="bbox 2102 1001 3590 1075; baseline 0.004 -24"><span class='ocrx_word' id='word_1_115' title='bbox 2102 1014 2223 1052; x_wconf 79' lang='lat' dir='ltr'><strong><em>rum</em></strong></span> <span class='ocrx_word' id='word_1_116' title='bbox 2271 1009 2582 1067; x_wconf 80' lang='lat' dir='ltr'><strong><em>martyrum,</em></strong></span> <span class='ocrx_word' id='word_1_117' title='bbox 2631 1001 2726 1055; x_wconf 88' lang='lat' dir='ltr'><strong><em>sub</em></strong></span> <span class='ocrx_word' id='word_1_118' title='bbox 2780 1011 3034 1070; x_wconf 83' lang='lat' dir='ltr'><strong><em>potestate</em></strong></span> <span class='ocrx_word' id='word_1_119' title='bbox 3078 1005 3451 1072; x_wconf 83' lang='lat' dir='ltr'><strong><em>episcoporum,</em></strong></span> <span class='ocrx_word' id='word_1_120' title='bbox 3499 1004 3590 1075; x_wconf 86' lang='lat' dir='ltr'><strong><em>qui</em></strong></span> 
     </span>
    </p>
   </div>
   <div class='ocr_carea' id='block_1_24' title="bbox 2102 1092 3586 1163">
    <p class='ocr_par' dir='ltr' id='par_1_24' title="bbox 2102 1092 3586 1163">
     <span class='ocr_line' id='line_1_24' title="bbox 2102 1092 3586 1163; baseline 0.005 -20"><span class='ocrx_word' id='word_1_121' title='bbox 2102 1100 2227 1144; x_wconf 84' lang='lat' dir='ltr'><strong><em>sunt</em></strong></span> <span class='ocrx_word' id='word_1_122' title='bbox 2257 1092 2312 1144; x_wconf 89' lang='lat' dir='ltr'><strong><em>in</em></strong></span> <span class='ocrx_word' id='word_1_123' title='bbox 2345 1109 2653 1163; x_wconf 81' lang='lat' dir='ltr'><strong><em>unaquaque</em></strong></span> <span class='ocrx_word' id='word_1_124' title='bbox 2679 1095 2911 1159; x_wconf 75' lang='lat' dir='ltr'><strong><em>civitate,</em></strong></span> <span class='ocrx_word' id='word_1_125' title='bbox 2940 1112 3005 1150; x_wconf 74' lang='lat' dir='ltr'><strong><em>ex</em></strong></span> <span class='ocrx_word' id='word_1_126' title='bbox 3029 1108 3328 1150; x_wconf 83' lang='lat' dir='ltr'><strong><em>sanctorum</em></strong></span> <span class='ocrx_word' id='word_1_127' title='bbox 3368 1095 3586 1151; x_wconf 86' lang='lat' dir='ltr'><strong><em>Patrum</em></strong></span> 
     </span>
    </p>
   </div>
   <div class='ocr_carea' id='block_1_25' title="bbox 2106 1184 3591 1255">
    <p class='ocr_par' dir='ltr' id='par_1_25' title="bbox 2106 1184 3591 1255">
     <span class='ocr_line' id='line_1_25' title="bbox 2106 1184 3591 1255; baseline 0.003 -19"><span class='ocrx_word' id='word_1_128' title='bbox 2106 1184 2390 1238; x_wconf 84' lang='lat' dir='ltr'><strong><em>traditione</em></strong></span> <span class='ocrx_word' id='word_1_129' title='bbox 2417 1195 2777 1252; x_wconf 81' lang='lat' dir='ltr'><strong><em>permaneant,</em></strong></span> <span class='ocrx_word' id='word_1_130' title='bbox 2809 1197 2856 1239; x_wconf 87' lang='lat' dir='ltr'><strong><em>et</em></strong></span> <span class='ocrx_word' id='word_1_131' title='bbox 2886 1202 2987 1239; x_wconf 90' lang='lat' dir='ltr'><strong><em>non</em></strong></span> <span class='ocrx_word' id='word_1_132' title='bbox 3024 1203 3111 1253; x_wconf 85' lang='lat' dir='ltr'><strong><em>per</em></strong></span> <span class='ocrx_word' id='word_1_133' title='bbox 3141 1188 3495 1255; x_wconf 70' lang='lat' dir='ltr'><strong><em>arrogantiam</em></strong></span> <span class='ocrx_word' id='word_1_134' title='bbox 3534 1204 3591 1241; x_wconf 82' lang='lat' dir='ltr'><strong><em>se</em></strong></span> 
     </span>
    </p>
   </div>
   <div class='ocr_carea' id='block_1_26' title="bbox 2103 1279 3589 1347">
    <p class='ocr_par' dir='ltr' id='par_1_26' title="bbox 2103 1279 3589 1347">
     <span class='ocr_line' id='line_1_26' title="bbox 2103 1279 3589 1347; baseline 0.002 -17"><span class='ocrx_word' id='word_1_135' title='bbox 2103 1297 2134 1330; x_wconf 80' lang='grc' dir='ltr'><strong><em>α</em></strong></span> <span class='ocrx_word' id='word_1_136' title='bbox 2180 1282 2390 1347; x_wconf 83' lang='lat' dir='ltr'><strong><em>proprio</em></strong></span> <span class='ocrx_word' id='word_1_137' title='bbox 2432 1281 2669 1347; x_wconf 84' lang='lat' dir='ltr'><strong><em>episcopo</em></strong></span> <span class='ocrx_word' id='word_1_138' title='bbox 2735 1279 3049 1332; x_wconf 73' lang='lat' dir='ltr'><strong><em>subducant.</em></strong></span> <span class='ocrx_word' id='word_1_139' title='bbox 3100 1279 3204 1345; x_wconf 83' lang='lat' dir='ltr'><strong><em>Qui</em></strong></span> <span class='ocrx_word' id='word_1_140' title='bbox 3243 1280 3376 1347; x_wconf 81' lang='lat' dir='ltr'><strong><em>hunc</em></strong></span> <span class='ocrx_word' id='word_1_141' title='bbox 3410 1291 3589 1335; x_wconf 78' lang='lat' dir='ltr'><strong><em>autem</em></strong></span> 
     </span>
    </p>
   </div>
   <div class='ocr_carea' id='block_1_27' title="bbox 2107 1346 3589 1441">
    <p class='ocr_par' dir='ltr' id='par_1_27' title="bbox 2107 1346 3589 1441">
     <span class='ocr_line' id='line_1_27' title="bbox 2107 1346 3589 1441; baseline 0.001 -17"><span class='ocrx_word' id='word_1_142' title='bbox 2107 1373 2531 1426; x_wconf 69' lang='lat' dir='ltr'><strong><em>constitutionem</em></strong></span> <span class='ocrx_word' id='word_1_143' title='bbox 2564 1385 2786 1426; x_wconf 81' lang='lat' dir='ltr'><strong><em>euertere</em></strong></span> <span class='ocrx_word' id='word_1_144' title='bbox 2826 1373 2942 1425; x_wconf 84' lang='lat' dir='ltr'><strong><em>ausi</em></strong></span> <span class='ocrx_word' id='word_1_145' title='bbox 2972 1373 3167 1440; x_wconf 78' lang='lat' dir='ltr'><strong><em>fuerint</em></strong></span> <span class='ocrx_word' id='word_1_146' title='bbox 3204 1387 3223 1427; x_wconf 91' lang='lat'><strong><em>:</em></strong></span> <span class='ocrx_word' id='word_1_147' title='bbox 3257 1346 3304 1426; x_wconf 62' lang='lat' dir='ltr'><strong><em>si</em></strong></span> <span class='ocrx_word' id='word_1_148' title='bbox 3332 1375 3434 1425; x_wconf 84' lang='lat' dir='ltr'><strong><em>sint</em></strong></span> <span class='ocrx_word' id='word_1_149' title='bbox 3472 1374 3589 1441; x_wconf 88' lang='lat' dir='ltr'><strong><em>qui-</em></strong></span> 
     </span>
    </p>
   </div>
   <div class='ocr_carea' id='block_1_28' title="bbox 2102 1464 3592 1532">
    <p class='ocr_par' dir='ltr' id='par_1_28' title="bbox 2102 1464 3592 1532">
     <span class='ocr_line' id='line_1_28' title="bbox 2102 1464 3592 1532; baseline 0.001 -16"><span class='ocrx_word' id='word_1_150' title='bbox 2102 1464 2217 1517; x_wconf 81' lang='lat' dir='ltr'><strong><em>dem</em></strong></span> <span class='ocrx_word' id='word_1_151' title='bbox 2243 1464 2435 1528; x_wconf 77' lang='lat' dir='ltr'><strong><em>clerici,</em></strong></span> <span class='ocrx_word' id='word_1_152' title='bbox 2462 1480 2719 1518; x_wconf 80' lang='lat' dir='ltr'><strong><em>canonum</em></strong></span> <span class='ocrx_word' id='word_1_153' title='bbox 2748 1465 2912 1531; x_wconf 77' lang='lat' dir='ltr'><strong><em>plenis</em></strong></span> <span class='ocrx_word' id='word_1_154' title='bbox 2934 1464 3281 1532; x_wconf 81' lang='lat' dir='ltr'><strong><em>subjiciuntur</em></strong></span> <span class='ocrx_word' id='word_1_155' title='bbox 3307 1480 3328 1519; x_wconf 87' lang='lat'><strong><em>:</em></strong></span> <span class='ocrx_word' id='word_1_156' title='bbox 3359 1466 3592 1518; x_wconf 77' lang='lat' dir='ltr'><strong><em>siautem</em></strong></span> 
     </span>
    </p>
   </div>
   <div class='ocr_carea' id='block_1_29' title="bbox 2103 1552 3242 1617">
    <p class='ocr_par' dir='ltr' id='par_1_29' title="bbox 2103 1552 3242 1617">
     <span class='ocr_line' id='line_1_29' title="bbox 2103 1552 3242 1617; baseline 0.004 -14"><span class='ocrx_word' id='word_1_157' title='bbox 2103 1552 2347 1606; x_wconf 80' lang='lat' dir='ltr'><strong><em>monachi</em></strong></span> <span class='ocrx_word' id='word_1_158' title='bbox 2371 1553 2451 1607; x_wconf 85' lang='lat' dir='ltr'><strong><em>uel</em></strong></span> <span class='ocrx_word' id='word_1_159' title='bbox 2483 1552 2624 1617; x_wconf 82' lang='lat' dir='ltr'><strong><em>laici,</em></strong></span> <span class='ocrx_word' id='word_1_160' title='bbox 2655 1554 2759 1607; x_wconf 86' lang='lat' dir='ltr'><strong><em>sint</em></strong></span> <span class='ocrx_word' id='word_1_161' title='bbox 2789 1555 3242 1609; x_wconf 72' lang='lat' dir='ltr'><strong><em>excommunicati.</em></strong></span> 
     </span>
    </p>
   </div>
   <div class='ocr_carea' id='block_1_30' title="bbox 2106 1745 3588 1817">
    <p class='ocr_par' dir='ltr' id='par_1_30' title="bbox 2106 1745 3588 1817">
     <span class='ocr_line' id='line_1_30' title="bbox 2106 1745 3588 1817; baseline 0.002 -18"><span class='ocrx_word' id='word_1_162' title='bbox 2106 1745 2300 1801; x_wconf 69' lang='lat' dir='ltr'><strong><em>BALS.</em></strong></span> <span class='ocrx_word' id='word_1_163' title='bbox 2352 1745 2419 1801; x_wconf 87' lang='lat' dir='ltr'><strong><em>Ut</em></strong></span> <span class='ocrx_word' id='word_1_164' title='bbox 2474 1756 2559 1801; x_wconf 87' lang='lat' dir='ltr'><strong><em>est</em></strong></span> <span class='ocrx_word' id='word_1_165' title='bbox 2612 1747 2947 1814; x_wconf 79' lang='lat' dir='ltr'><strong><em>verisimile,</em></strong></span> <span class='ocrx_word' id='word_1_166' title='bbox 2998 1748 3250 1803; x_wconf 83' lang='lat' dir='ltr'><strong><em>dicebant</em></strong></span> <span class='ocrx_word' id='word_1_167' title='bbox 3299 1749 3588 1817; x_wconf 73' lang='lat' dir='ltr'><strong><em>aliquando</em></strong></span> 
     </span>
    </p>
   </div>
   <div class='ocr_carea' id='block_1_31' title="bbox 365 1807 1936 1908">
    <p class='ocr_par' dir='ltr' id='par_1_31' title="bbox 365 1807 1930 1905">
     <span class='ocr_line' id='line_1_31' title="bbox 365 1807 1930 1905; baseline 0.001 -20"><span class='ocrx_word' id='word_1_168' title='bbox 365 1831 665 1901; x_wconf 80' lang='grc' dir='ltr'><em>κληρικοὺς</em></span> <span class='ocrx_word' id='word_1_169' title='bbox 696 1832 793 1901; x_wconf 82' lang='grc' dir='ltr'><em>τῆς</em></span> <span class='ocrx_word' id='word_1_170' title='bbox 825 1807 1132 1903; x_wconf 76' lang='grc' dir='ltr'><em>ἐπισκοπῆς</em></span> <span class='ocrx_word' id='word_1_171' title='bbox 1160 1834 1192 1905; x_wconf 81' lang='grc' dir='ltr'>ἢ</span> <span class='ocrx_word' id='word_1_172' title='bbox 1222 1834 1319 1903; x_wconf 81' lang='grc' dir='ltr'><em>τῆς</em></span> <span class='ocrx_word' id='word_1_173' title='bbox 1380 1807 1765 1905; x_wconf 80' lang='grc' dir='ltr'><em>μητροπόλεως</em></span> <span class='ocrx_word' id='word_1_174' title='bbox 1797 1834 1930 1888; x_wconf 79' lang='grc' dir='ltr'><em>ὑπο-</em></span> 
     </span>
    </p>
   </div>
   <div class='ocr_carea' id='block_1_32' title="bbox 2036 1807 3579 1908">
    <p class='ocr_par' dir='ltr' id='par_1_32' title="bbox 2036 1838 3579 1908">
     <span class='ocr_line' id='line_1_32' title="bbox 2036 1838 3579 1908; baseline 0 -16"><span class='ocrx_word' id='word_1_175' title='bbox 2036 1839 2291 1899; x_wconf 87' lang='lat' dir='ltr'><strong><em>uouuulli,</em></strong></span> <span class='ocrx_word' id='word_1_176' title='bbox 2324 1838 2465 1892; x_wconf 88' lang='lat' dir='ltr'><strong><em>solos</em></strong></span> <span class='ocrx_word' id='word_1_177' title='bbox 2501 1838 2848 1908; x_wconf 81' lang='lat' dir='ltr'><strong><em>episcopatus</em></strong></span> <span class='ocrx_word' id='word_1_178' title='bbox 2884 1838 2973 1894; x_wconf 93' lang='lat' dir='ltr'><strong><em>vel</em></strong></span> <span class='ocrx_word' id='word_1_179' title='bbox 3005 1840 3318 1908; x_wconf 81' lang='lat' dir='ltr'><strong><em>metropolis</em></strong></span> <span class='ocrx_word' id='word_1_180' title='bbox 3349 1839 3579 1892; x_wconf 84' lang='lat' dir='ltr'><strong><em>clericos</em></strong></span> 
     </span>
    </p>
   </div>
   <div class='ocr_carea' id='block_1_33' title="bbox 366 1922 1929 1995">
    <p class='ocr_par' dir='ltr' id='par_1_33' title="bbox 366 1922 1929 1995">
     <span class='ocr_line' id='line_1_33' title="bbox 366 1922 1929 1995; baseline 0.003 -21"><span class='ocrx_word' id='word_1_181' title='bbox 366 1922 584 1975; x_wconf 82' lang='grc' dir='ltr'><em>κεῖσθαι</em></span> <span class='ocrx_word' id='word_1_182' title='bbox 609 1923 686 1993; x_wconf 83' lang='grc' dir='ltr'><em>τῷ</em></span> <span class='ocrx_word' id='word_1_183' title='bbox 713 1922 853 1977; x_wconf 86' lang='grc' dir='ltr'><strong><em>κατά</em></strong></span> <span class='ocrx_word' id='word_1_184' title='bbox 882 1924 1067 1994; x_wconf 83' lang='grc' dir='ltr'><em>χώραν</em></span> <span class='ocrx_word' id='word_1_185' title='bbox 1092 1925 1397 1995; x_wconf 79' lang='grc' dir='ltr'><em>ἐπισκόπῳ’</em></span> <span class='ocrx_word' id='word_1_186' title='bbox 1419 1926 1546 1988; x_wconf 84' lang='grc' dir='ltr'><em>τοὺς</em></span> <span class='ocrx_word' id='word_1_187' title='bbox 1574 1926 1631 1979; x_wconf 84' lang='grc' dir='ltr'><em>δὲ</em></span> <span class='ocrx_word' id='word_1_188' title='bbox 1662 1925 1929 1995; x_wconf 76' lang='grc' dir='ltr'><em>μοναχοὺς</em></span> 
     </span>
    </p>
   </div>
   <div class='ocr_carea' id='block_1_34' title="bbox 367 2006 1930 2085">
    <p class='ocr_par' dir='ltr' id='par_1_34' title="bbox 367 2006 1930 2085">
     <span class='ocr_line' id='line_1_34' title="bbox 367 2006 1930 2085; baseline 0.001 -20"><span class='ocrx_word' id='word_1_189' title='bbox 367 2010 402 2081; x_wconf 78' lang='grc' dir='ltr'><strong>ἢ</strong></span> <span class='ocrx_word' id='word_1_190' title='bbox 439 2012 535 2065; x_wconf 73' lang='grc' dir='ltr'><em>καὶ</em></span> <span class='ocrx_word' id='word_1_191' title='bbox 588 2012 715 2076; x_wconf 75' lang='grc' dir='ltr'><em>τοὺς</em></span> <span class='ocrx_word' id='word_1_192' title='bbox 754 2013 1050 2083; x_wconf 79' lang='grc' dir='ltr'><em>κληρικοὺς</em></span> <span class='ocrx_word' id='word_1_193' title='bbox 1074 2013 1177 2083; x_wconf 80' lang='grc' dir='ltr'><em>τῆς</em></span> <span class='ocrx_word' id='word_1_194' title='bbox 1205 2015 1263 2068; x_wconf 83' lang='grc' dir='ltr'><strong><em>ἐν</em></strong></span> <span class='ocrx_word' id='word_1_195' title='bbox 1295 2015 1411 2077; x_wconf 87' lang='grc' dir='ltr'><em>τοῖς</em></span> <span class='ocrx_word' id='word_1_196' title='bbox 1455 2006 1930 2085; x_wconf 78' lang='grc' dir='ltr'><em>ὀρφανοτροφείοιε</em></span> 
     </span>
    </p>
   </div>
   <div class='ocr_carea' id='block_1_35' title="bbox 366 2104 1930 2182">
    <p class='ocr_par' dir='ltr' id='par_1_35' title="bbox 366 2104 1930 2182">
     <span class='ocr_line' id='line_1_35' title="bbox 366 2104 1930 2182; baseline 0.001 -25"><span class='ocrx_word' id='word_1_197' title='bbox 366 2105 465 2157; x_wconf 76' lang='grc' dir='ltr'><em>καὶ</em></span> <span class='ocrx_word' id='word_1_198' title='bbox 494 2104 879 2182; x_wconf 82' lang='grc' dir='ltr'><em>γηροκομείοις</em></span> <span class='ocrx_word' id='word_1_199' title='bbox 928 2104 1091 2159; x_wconf 93' lang='grc' dir='ltr'><em>θείων</em></span> <span class='ocrx_word' id='word_1_200' title='bbox 1119 2107 1263 2159; x_wconf 92' lang='grc' dir='ltr'><em>ναῶν</em></span> <span class='ocrx_word' id='word_1_201' title='bbox 1297 2105 1330 2175; x_wconf 78' lang='grc' dir='ltr'>ἢ</span> <span class='ocrx_word' id='word_1_202' title='bbox 1360 2106 1457 2159; x_wconf 77' lang='grc' dir='ltr'><em>καὶ</em></span> <span class='ocrx_word' id='word_1_203' title='bbox 1484 2106 1595 2159; x_wconf 90' lang='grc' dir='ltr'><strong><em>τῶν</em></strong></span> <span class='ocrx_word' id='word_1_204' title='bbox 1624 2105 1930 2174; x_wconf 70' lang='grc' dir='ltr'><strong><em>ἐκκλησιῶν</em></strong></span> 
     </span>
    </p>
   </div>
   <div class='ocr_carea' id='block_1_36' title="bbox 278 2186 1932 2268">
    <p class='ocr_par' dir='ltr' id='par_1_36' title="bbox 278 2186 1932 2268">
     <span class='ocr_line' id='line_1_36' title="bbox 278 2186 1932 2268; baseline 0.004 -22"><span class='ocrx_word' id='word_1_205' title='bbox 278 2186 289 2195; x_wconf 82' lang='grc'><em>’</em></span> <span class='ocrx_word' id='word_1_206' title='bbox 366 2194 479 2246; x_wconf 86' lang='grc' dir='ltr'><strong><em>τῶν</em></strong></span> <span class='ocrx_word' id='word_1_207' title='bbox 514 2195 827 2264; x_wconf 86' lang='grc' dir='ltr'><em>μαρτυρίων</em></span> <span class='ocrx_word' id='word_1_208' title='bbox 876 2197 951 2267; x_wconf 82' lang='grc' dir='ltr'><strong>μὴ</strong></span> <span class='ocrx_word' id='word_1_209' title='bbox 986 2197 1311 2250; x_wconf 80' lang='grc' dir='ltr'><em>ὑποκεῖσθαι</em></span> <span class='ocrx_word' id='word_1_210' title='bbox 1361 2197 1443 2266; x_wconf 83' lang='grc' dir='ltr'><em>τῷ</em></span> <span class='ocrx_word' id='word_1_211' title='bbox 1492 2197 1795 2268; x_wconf 81' lang='grc' dir='ltr'><em>ἐπισκόπῳ,</em></span> <span class='ocrx_word' id='word_1_212' title='bbox 1829 2196 1932 2252; x_wconf 78' lang='grc' dir='ltr'><em>κᾶν</em></span> 
     </span>
    </p>
   </div>
   <div class='ocr_carea' id='block_1_37' title="bbox 368 2282 1933 2367">
    <p class='ocr_par' dir='ltr' id='par_1_37' title="bbox 368 2282 1933 2367">
     <span class='ocr_line' id='line_1_37' title="bbox 368 2282 1933 2367; baseline 0.004 -28"><span class='ocrx_word' id='word_1_213' title='bbox 368 2287 479 2339; x_wconf 81' lang='grc' dir='ltr'><strong><em>ὑπὸ</em></strong></span> <span class='ocrx_word' id='word_1_214' title='bbox 521 2288 621 2358; x_wconf 83' lang='grc' dir='ltr'><em>τὴν</em></span> <span class='ocrx_word' id='word_1_215' title='bbox 654 2288 867 2357; x_wconf 81' lang='grc' dir='ltr'><em>ἐνορίαν</em></span> <span class='ocrx_word' id='word_1_216' title='bbox 897 2288 1089 2342; x_wconf 80' lang='grc' dir='ltr'><em>τούτου</em></span> <span class='ocrx_word' id='word_1_217' title='bbox 1139 2282 1293 2351; x_wconf 81' lang='grc' dir='ltr'><em>ὦσιν,</em></span> <span class='ocrx_word' id='word_1_218' title='bbox 1324 2290 1459 2367; x_wconf 76' lang='grc' dir='ltr'><strong><em>ἀλλά</em></strong></span> <span class='ocrx_word' id='word_1_219' title='bbox 1489 2290 1584 2343; x_wconf 72' lang='grc' dir='ltr'><em>καὶ</em></span> <span class='ocrx_word' id='word_1_220' title='bbox 1621 2293 1735 2353; x_wconf 88' lang='grc' dir='ltr'><em>τοῖς</em></span> <span class='ocrx_word' id='word_1_221' title='bbox 1761 2290 1933 2359; x_wconf 81' lang='grc' dir='ltr'><em>δομή-</em></span> 
     </span>
    </p>
   </div>
   <div class='ocr_carea' id='block_1_38' title="bbox 367 2380 1932 2452">
    <p class='ocr_par' dir='ltr' id='par_1_38' title="bbox 367 2380 1932 2452">
     <span class='ocr_line' id='line_1_38' title="bbox 367 2380 1932 2452; baseline 0.002 -21"><span class='ocrx_word' id='word_1_222' title='bbox 367 2396 527 2448; x_wconf 86' lang='grc' dir='ltr'><em>τορσι</em></span> <span class='ocrx_word' id='word_1_223' title='bbox 558 2380 664 2436; x_wconf 86' lang='grc' dir='ltr'><strong><em>τῶν</em></strong></span> <span class='ocrx_word' id='word_1_224' title='bbox 696 2381 1070 2452; x_wconf 83' lang='grc' dir='ltr'><em>μοναστηρίων</em></span> <span class='ocrx_word' id='word_1_225' title='bbox 1097 2381 1194 2435; x_wconf 78' lang='grc' dir='ltr'><em>καὶ</em></span> <span class='ocrx_word' id='word_1_226' title='bbox 1237 2381 1347 2435; x_wconf 88' lang='grc' dir='ltr'><strong><em>τῶν</em></strong></span> <span class='ocrx_word' id='word_1_227' title='bbox 1380 2382 1605 2437; x_wconf 81' lang='grc' dir='ltr'><em>λοιπῶν.</em></span> <span class='ocrx_word' id='word_1_228' title='bbox 1646 2381 1752 2435; x_wconf 82' lang='grc' dir='ltr'><strong><em>Τὸν</em></strong></span> <span class='ocrx_word' id='word_1_229' title='bbox 1801 2381 1932 2449; x_wconf 80' lang='grc' dir='ltr'><em>γοῦν</em></span> 
     </span>
    </p>
   </div>
   <div class='ocr_carea' id='block_1_39' title="bbox 367 2473 1934 2546">
    <p class='ocr_par' dir='ltr' id='par_1_39' title="bbox 367 2473 1934 2546">
     <span class='ocr_line' id='line_1_39' title="bbox 367 2473 1934 2546; baseline 0.002 -21"><span class='ocrx_word' id='word_1_230' title='bbox 367 2473 613 2526; x_wconf 72' lang='grc' dir='ltr'><em>τοιοῦτον</em></span> <span class='ocrx_word' id='word_1_231' title='bbox 642 2473 997 2527; x_wconf 88' lang='grc' dir='ltr'><em>ἀκανόνιστον</em></span> <span class='ocrx_word' id='word_1_232' title='bbox 1028 2473 1209 2527; x_wconf 81' lang='grc' dir='ltr'><em>αὐτῶν</em></span> <span class='ocrx_word' id='word_1_233' title='bbox 1232 2473 1389 2541; x_wconf 84' lang='grc' dir='ltr'><em>λόγον</em></span> <span class='ocrx_word' id='word_1_234' title='bbox 1422 2474 1472 2527; x_wconf 76' lang='grc' dir='ltr'><em>οἱ</em></span> <span class='ocrx_word' id='word_1_235' title='bbox 1503 2474 1636 2528; x_wconf 91' lang='grc' dir='ltr'><em>θεῖοι</em></span> <span class='ocrx_word' id='word_1_236' title='bbox 1688 2475 1934 2546; x_wconf 85' lang='grc' dir='ltr'><em>Πατέρες</em></span> 
     </span>
    </p>
   </div>
   <div class='ocr_carea' id='block_1_40' title="bbox 368 2561 1934 2634">
    <p class='ocr_par' dir='ltr' id='par_1_40' title="bbox 368 2561 1934 2634">
     <span class='ocr_line' id='line_1_40' title="bbox 368 2561 1934 2634; baseline 0.003 -20"><span class='ocrx_word' id='word_1_237' title='bbox 368 2561 892 2631; x_wconf 76' lang='grc' dir='ltr'><strong><em>ἀποσκευαζόμενοι,</em></strong></span> <span class='ocrx_word' id='word_1_238' title='bbox 940 2562 1148 2634; x_wconf 82' lang='grc' dir='ltr'><em>ὥρισαν</em></span> <span class='ocrx_word' id='word_1_239' title='bbox 1203 2564 1413 2627; x_wconf 82' lang='grc' dir='ltr'><em>πάντας</em></span> <span class='ocrx_word' id='word_1_240' title='bbox 1438 2565 1667 2628; x_wconf 82' lang='grc' dir='ltr'><em>τούτους</em></span> <span class='ocrx_word' id='word_1_241' title='bbox 1699 2566 1803 2619; x_wconf 83' lang='grc' dir='ltr'><strong><em>ὑπὸ</em></strong></span> <span class='ocrx_word' id='word_1_242' title='bbox 1834 2565 1934 2634; x_wconf 78' lang='grc' dir='ltr'><em>τὴν</em></span> 
     </span>
    </p>
   </div>
   <div class='ocr_carea' id='block_1_41' title="bbox 368 2651 1935 2726">
    <p class='ocr_par' dir='ltr' id='par_1_41' title="bbox 368 2651 1935 2726">
     <span class='ocr_line' id='line_1_41' title="bbox 368 2651 1935 2726; baseline 0.004 -21"><span class='ocrx_word' id='word_1_243' title='bbox 368 2654 623 2719; x_wconf 78' lang='grc' dir='ltr'><em>ἐξουσίαν</em></span> <span class='ocrx_word' id='word_1_244' title='bbox 654 2651 793 2706; x_wconf 81' lang='grc' dir='ltr'><em>εἶναι</em></span> <span class='ocrx_word' id='word_1_245' title='bbox 820 2652 917 2706; x_wconf 83' lang='grc' dir='ltr'><em>τοῦ</em></span> <span class='ocrx_word' id='word_1_246' title='bbox 950 2653 1090 2707; x_wconf 87' lang='grc' dir='ltr'><em>κατὰ</em></span> <span class='ocrx_word' id='word_1_247' title='bbox 1115 2652 1301 2724; x_wconf 78' lang='grc' dir='ltr'><em>χώραν</em></span> <span class='ocrx_word' id='word_1_248' title='bbox 1328 2655 1630 2710; x_wconf 75' lang='grc' dir='ltr'><em>ἐπισκόπου</em></span> <span class='ocrx_word' id='word_1_249' title='bbox 1658 2656 1803 2711; x_wconf 87' lang='grc' dir='ltr'><strong><em>κατά</em></strong></span> <span class='ocrx_word' id='word_1_250' title='bbox 1835 2655 1935 2726; x_wconf 79' lang='grc' dir='ltr'><em>τὴν</em></span> 
     </span>
    </p>
   </div>
   <div class='ocr_carea' id='block_1_42' title="bbox 368 2743 1936 2816">
    <p class='ocr_par' dir='ltr' id='par_1_42' title="bbox 368 2743 1936 2816">
     <span class='ocr_line' id='line_1_42' title="bbox 368 2743 1936 2816; baseline 0.003 -19"><span class='ocrx_word' id='word_1_251' title='bbox 368 2746 501 2815; x_wconf 69' lang='grc' dir='ltr'><em>περὶ</em></span> <span class='ocrx_word' id='word_1_252' title='bbox 528 2745 717 2798; x_wconf 82' lang='grc' dir='ltr'><em>τούτου</em></span> <span class='ocrx_word' id='word_1_253' title='bbox 772 2743 882 2798; x_wconf 84' lang='grc' dir='ltr'><strong><em>τῶν</em></strong></span> <span class='ocrx_word' id='word_1_254' title='bbox 927 2744 1099 2814; x_wconf 75' lang='grc' dir='ltr'><em>ἁγίων</em></span> <span class='ocrx_word' id='word_1_255' title='bbox 1130 2746 1389 2816; x_wconf 82' lang='grc' dir='ltr'><em>Πατέρων</em></span> <span class='ocrx_word' id='word_1_256' title='bbox 1417 2748 1716 2816; x_wconf 85' lang='grc' dir='ltr'><em>παράδοσιν</em></span> <span class='ocrx_word' id='word_1_257' title='bbox 1743 2763 1758 2777; x_wconf 89' lang='grc'><strong>·</strong></span> <span class='ocrx_word' id='word_1_258' title='bbox 1807 2748 1936 2811; x_wconf 75' lang='grc' dir='ltr'><em>τοὺς</em></span> 
     </span>
    </p>
   </div>
   <div class='ocr_carea' id='block_1_43' title="bbox 367 2830 1933 2907">
    <p class='ocr_par' dir='ltr' id='par_1_43' title="bbox 367 2830 1933 2907">
     <span class='ocr_line' id='line_1_43' title="bbox 367 2830 1933 2907; baseline 0.004 -24"><span class='ocrx_word' id='word_1_259' title='bbox 367 2831 429 2883; x_wconf 77' lang='grc' dir='ltr'><em>δὲ</em></span> <span class='ocrx_word' id='word_1_260' title='bbox 466 2830 781 2899; x_wconf 77' lang='grc' dir='ltr'><em>τολμῶντας</em></span> <span class='ocrx_word' id='word_1_261' title='bbox 811 2831 1143 2903; x_wconf 79' lang='grc' dir='ltr'><em>ἀνατρέπειν</em></span> <span class='ocrx_word' id='word_1_262' title='bbox 1165 2832 1343 2899; x_wconf 79' lang='grc' dir='ltr'><em>τοῦτο,</em></span> <span class='ocrx_word' id='word_1_263' title='bbox 1373 2835 1540 2904; x_wconf 80' lang='grc' dir='ltr'><em>ἤγουν</em></span> <span class='ocrx_word' id='word_1_264' title='bbox 1573 2834 1827 2899; x_wconf 78' lang='grc' dir='ltr'><em>θέλοντας</em></span> <span class='ocrx_word' id='word_1_265' title='bbox 1859 2837 1933 2907; x_wconf 79' lang='grc' dir='ltr'><strong><em>μὴ</em></strong></span> 
     </span>
    </p>
   </div>
   <div class='ocr_carea' id='block_1_44' title="bbox 371 2923 1939 2999">
    <p class='ocr_par' dir='ltr' id='par_1_44' title="bbox 371 2923 1939 2999">
     <span class='ocr_line' id='line_1_44' title="bbox 371 2923 1939 2999; baseline 0.003 -23"><span class='ocrx_word' id='word_1_266' title='bbox 371 2923 696 2976; x_wconf 76' lang='grc' dir='ltr'><em>ὑποκεῖσθαι</em></span> <span class='ocrx_word' id='word_1_267' title='bbox 746 2924 942 2987; x_wconf 80' lang='grc' dir='ltr'><em>αὐτοὺς</em></span> <span class='ocrx_word' id='word_1_268' title='bbox 984 2924 1074 2994; x_wconf 82' lang='grc' dir='ltr'><strong><em>τῷ·</em></strong></span> <span class='ocrx_word' id='word_1_269' title='bbox 1116 2926 1439 2997; x_wconf 78' lang='grc' dir='ltr'><em>ἐπισκόπῳ’</em></span> <span class='ocrx_word' id='word_1_270' title='bbox 1484 2928 1782 2997; x_wconf 79' lang='grc' dir='ltr'><em>κληρικοὺς</em></span> <span class='ocrx_word' id='word_1_271' title='bbox 1837 2930 1939 2999; x_wconf 75' lang='grc' dir='ltr'><strong><em>μὲν</em></strong></span> 
     </span>
    </p>
   </div>
   <div class='ocr_carea' id='block_1_45' title="bbox 368 3012 1938 3083">
    <p class='ocr_par' dir='ltr' id='par_1_45' title="bbox 368 3012 1938 3083">
     <span class='ocr_line' id='line_1_45' title="bbox 368 3012 1938 3083; baseline 0.005 -20"><span class='ocrx_word' id='word_1_272' title='bbox 368 3012 552 3076; x_wconf 80' lang='grc' dir='ltr'><em>δντας,</em></span> <span class='ocrx_word' id='word_1_273' title='bbox 599 3012 962 3081; x_wconf 71' lang='grc' dir='ltr'><em>ἐπιτιμᾶσθαι</em></span> <span class='ocrx_word' id='word_1_274' title='bbox 999 3013 1154 3083; x_wconf 80' lang='grc' dir='ltr'><em>παρὰ</em></span> <span class='ocrx_word' id='word_1_275' title='bbox 1198 3013 1290 3067; x_wconf 82' lang='grc' dir='ltr'><em>τοῦ</em></span> <span class='ocrx_word' id='word_1_276' title='bbox 1335 3016 1637 3069; x_wconf 74' lang='grc' dir='ltr'><em>ἐπισκόπου</em></span> <span class='ocrx_word' id='word_1_277' title='bbox 1685 3018 1827 3071; x_wconf 87' lang='grc' dir='ltr'><strong><em>κατά</em></strong></span> <span class='ocrx_word' id='word_1_278' title='bbox 1877 3019 1938 3071; x_wconf 83' lang='grc' dir='ltr'><strong><em>τδ</em></strong></span> 
     </span>
    </p>
   </div>
   <div class='ocr_carea' id='block_1_46' title="bbox 2029 1929 3588 1998">
    <p class='ocr_par' dir='ltr' id='par_1_46' title="bbox 2029 1929 3588 1998">
     <span class='ocr_line' id='line_1_46' title="bbox 2029 1929 3588 1998; baseline 0.001 -15"><span class='ocrx_word' id='word_1_279' title='bbox 2029 1929 2263 1997; x_wconf 91' lang='lat' dir='ltr'><strong><em>regionis</em></strong></span> <span class='ocrx_word' id='word_1_280' title='bbox 2311 1929 2561 1998; x_wconf 88' lang='lat' dir='ltr'><strong><em>episcopo</em></strong></span> <span class='ocrx_word' id='word_1_281' title='bbox 2612 1930 2801 1998; x_wconf 87' lang='lat' dir='ltr'><strong><em>subjici</em></strong></span> <span class='ocrx_word' id='word_1_282' title='bbox 2854 1934 2870 1986; x_wconf 84' lang='lat'><strong>:</strong></span> <span class='ocrx_word' id='word_1_283' title='bbox 2926 1932 3222 1986; x_wconf 82' lang='lat' dir='ltr'><strong><em>monachos</em></strong></span> <span class='ocrx_word' id='word_1_284' title='bbox 3266 1940 3441 1985; x_wconf 83' lang='lat' dir='ltr'><strong><em>autem</em></strong></span> <span class='ocrx_word' id='word_1_285' title='bbox 3502 1933 3588 1985; x_wconf 71' lang='lat' dir='ltr'><strong><em>vel</em></strong></span> 
     </span>
    </p>
   </div>
   <div class='ocr_carea' id='block_1_47' title="bbox 2029 2022 3589 2093">
    <p class='ocr_par' dir='ltr' id='par_1_47' title="bbox 2029 2022 3589 2093">
     <span class='ocr_line' id='line_1_47' title="bbox 2029 2022 3589 2093; baseline -0.001 -17"><span class='ocrx_word' id='word_1_286' title='bbox 2029 2024 2191 2076; x_wconf 87' lang='lat' dir='ltr'><strong><em>etiam</em></strong></span> <span class='ocrx_word' id='word_1_287' title='bbox 2223 2022 2447 2076; x_wconf 88' lang='lat' dir='ltr'><strong><em>clericos</em></strong></span> <span class='ocrx_word' id='word_1_288' title='bbox 2478 2022 2782 2077; x_wconf 89' lang='lat' dir='ltr'><strong><em>divinorum</em></strong></span> <span class='ocrx_word' id='word_1_289' title='bbox 2824 2022 3147 2093; x_wconf 86' lang='lat' dir='ltr'><strong><em>templorum</em></strong></span> <span class='ocrx_word' id='word_1_290' title='bbox 3171 2063 3186 2087; x_wconf 90' lang='lat'><strong><em>,</em></strong></span> <span class='ocrx_word' id='word_1_291' title='bbox 3221 2039 3338 2091; x_wconf 71' lang='lat' dir='ltr'><strong><em>qua:</em></strong></span> <span class='ocrx_word' id='word_1_292' title='bbox 3373 2033 3496 2077; x_wconf 91' lang='lat' dir='ltr'><strong><em>sunt</em></strong></span> <span class='ocrx_word' id='word_1_293' title='bbox 3536 2025 3589 2075; x_wconf 87' lang='lat' dir='ltr'><strong><em>in</em></strong></span> 
     </span>
    </p>
   </div>
   <div class='ocr_carea' id='block_1_48' title="bbox 2032 2111 3589 2182">
    <p class='ocr_par' dir='ltr' id='par_1_48' title="bbox 2032 2111 3589 2182">
     <span class='ocr_line' id='line_1_48' title="bbox 2032 2111 3589 2182; baseline -0.001 -16"><span class='ocrx_word' id='word_1_294' title='bbox 2032 2111 2507 2182; x_wconf 87' lang='lat' dir='ltr'><strong><em>orphanotrophiis</em></strong></span> <span class='ocrx_word' id='word_1_295' title='bbox 2534 2111 2618 2167; x_wconf 93' lang='lat' dir='ltr'><strong><em>vel</em></strong></span> <span class='ocrx_word' id='word_1_296' title='bbox 2650 2113 2813 2167; x_wconf 87' lang='lat' dir='ltr'><strong><em>etiam</em></strong></span> <span class='ocrx_word' id='word_1_297' title='bbox 2840 2113 3188 2182; x_wconf 85' lang='lat' dir='ltr'><strong><em>gerocomiis.</em></strong></span> <span class='ocrx_word' id='word_1_298' title='bbox 3216 2115 3297 2166; x_wconf 88' lang='lat' dir='ltr'><strong><em>vel</em></strong></span> <span class='ocrx_word' id='word_1_299' title='bbox 3331 2115 3490 2166; x_wconf 81' lang='lat' dir='ltr'><strong><em>etiam</em></strong></span> <span class='ocrx_word' id='word_1_300' title='bbox 3534 2113 3589 2165; x_wconf 90' lang='lat' dir='ltr'><strong><em>in</em></strong></span> 
     </span>
    </p>
   </div>
   <div class='ocr_carea' id='block_1_49' title="bbox 2030 2202 3589 2275">
    <p class='ocr_par' dir='ltr' id='par_1_49' title="bbox 2030 2202 3589 2275">
     <span class='ocr_line' id='line_1_49' title="bbox 2030 2202 3589 2275; baseline 0 -18"><span class='ocrx_word' id='word_1_301' title='bbox 2030 2202 2410 2273; x_wconf 76' lang='lat' dir='ltr'><strong><em>martyriorum</em></strong></span> <span class='ocrx_word' id='word_1_302' title='bbox 2435 2204 2700 2269; x_wconf 89' lang='lat' dir='ltr'><strong><em>ecclesiis,</em></strong></span> <span class='ocrx_word' id='word_1_303' title='bbox 2726 2204 2980 2275; x_wconf 90' lang='lat' dir='ltr'><strong><em>episcopo</em></strong></span> <span class='ocrx_word' id='word_1_304' title='bbox 3011 2221 3113 2258; x_wconf 92' lang='lat' dir='ltr'><strong><em>non</em></strong></span> <span class='ocrx_word' id='word_1_305' title='bbox 3142 2206 3354 2273; x_wconf 80' lang='lat' dir='ltr'><strong><em>subjici,</em></strong></span> <span class='ocrx_word' id='word_1_306' title='bbox 3380 2204 3589 2258; x_wconf 84' lang='lat' dir='ltr'><strong><em>etiamsi</em></strong></span> 
     </span>
    </p>
   </div>
   <div class='ocr_carea' id='block_1_50' title="bbox 2032 2289 3595 2364">
    <p class='ocr_par' dir='ltr' id='par_1_50' title="bbox 2032 2289 3595 2364">
     <span class='ocr_line' id='line_1_50' title="bbox 2032 2289 3595 2364; baseline 0.001 -19"><span class='ocrx_word' id='word_1_307' title='bbox 2032 2289 2143 2346; x_wconf 87' lang='lat' dir='ltr'><strong><em>sint</em></strong></span> <span class='ocrx_word' id='word_1_308' title='bbox 2172 2292 2225 2345; x_wconf 91' lang='lat' dir='ltr'><strong><em>iu</em></strong></span> <span class='ocrx_word' id='word_1_309' title='bbox 2259 2291 2373 2360; x_wconf 85' lang='lat' dir='ltr'><strong><em>ejus</em></strong></span> <span class='ocrx_word' id='word_1_310' title='bbox 2400 2291 2643 2360; x_wconf 69' lang='lat' dir='ltr'><strong><em>dioecesi,</em></strong></span> <span class='ocrx_word' id='word_1_311' title='bbox 2676 2293 2771 2348; x_wconf 90' lang='lat' dir='ltr'><strong><em>sed</em></strong></span> <span class='ocrx_word' id='word_1_312' title='bbox 2804 2293 2882 2348; x_wconf 83' lang='lat' dir='ltr'><strong><em>eis</em></strong></span> <span class='ocrx_word' id='word_1_313' title='bbox 2910 2294 2999 2364; x_wconf 88' lang='lat' dir='ltr'><strong><em>qui</em></strong></span> <span class='ocrx_word' id='word_1_314' title='bbox 3029 2295 3355 2349; x_wconf 84' lang='lat' dir='ltr'><strong><em>monasteria</em></strong></span> <span class='ocrx_word' id='word_1_315' title='bbox 3386 2305 3439 2348; x_wconf 90' lang='lat' dir='ltr'><strong><em>et</em></strong></span> <span class='ocrx_word' id='word_1_316' title='bbox 3469 2294 3595 2347; x_wconf 85' lang='lat' dir='ltr'><strong><em>reli-</em></strong></span> 
     </span>
    </p>
   </div>
   <div class='ocr_carea' id='block_1_51' title="bbox 2031 2383 3585 2453">
    <p class='ocr_par' dir='ltr' id='par_1_51' title="bbox 2031 2383 3585 2453">
     <span class='ocr_line' id='line_1_51' title="bbox 2031 2383 3585 2453; baseline 0.001 -17"><span class='ocrx_word' id='word_1_317' title='bbox 2031 2398 2135 2452; x_wconf 87' lang='lat' dir='ltr'><strong><em>qua</em></strong></span> <span class='ocrx_word' id='word_1_318' title='bbox 2168 2383 2519 2438; x_wconf 71' lang='lat' dir='ltr'><strong><em>aediﬁcarunt.</em></strong></span> <span class='ocrx_word' id='word_1_319' title='bbox 2546 2383 2695 2438; x_wconf 82' lang='lat' dir='ltr'><strong><em>Hanc</em></strong></span> <span class='ocrx_word' id='word_1_320' title='bbox 2719 2398 2850 2453; x_wconf 82' lang='lat' dir='ltr'><strong><em>ergo</em></strong></span> <span class='ocrx_word' id='word_1_321' title='bbox 2874 2385 3172 2439; x_wconf 88' lang='lat' dir='ltr'><strong><em>canonibus</em></strong></span> <span class='ocrx_word' id='word_1_322' title='bbox 3206 2395 3585 2453; x_wconf 78' lang='lat' dir='ltr'><strong><em>repugnantem</em></strong></span> 
     </span>
    </p>
   </div>
   <div class='ocr_carea' id='block_1_52' title="bbox 2032 2471 3595 2543">
    <p class='ocr_par' dir='ltr' id='par_1_52' title="bbox 2032 2471 3595 2543">
     <span class='ocr_line' id='line_1_52' title="bbox 2032 2471 3595 2543; baseline -0.003 -15"><span class='ocrx_word' id='word_1_323' title='bbox 2032 2488 2217 2528; x_wconf 89' lang='lat' dir='ltr'><strong><em>eorum</em></strong></span> <span class='ocrx_word' id='word_1_324' title='bbox 2262 2474 2559 2527; x_wconf 87' lang='lat' dir='ltr'><strong><em>orationem</em></strong></span> <span class='ocrx_word' id='word_1_325' title='bbox 2594 2473 2770 2527; x_wconf 89' lang='lat' dir='ltr'><strong><em>divini</em></strong></span> <span class='ocrx_word' id='word_1_326' title='bbox 2804 2471 2992 2528; x_wconf 83' lang='lat' dir='ltr'><strong><em>Patres</em></strong></span> <span class='ocrx_word' id='word_1_327' title='bbox 3026 2473 3351 2543; x_wconf 85' lang='lat' dir='ltr'><strong><em>rejicientes,</em></strong></span> <span class='ocrx_word' id='word_1_328' title='bbox 3392 2482 3595 2525; x_wconf 86' lang='lat' dir='ltr'><strong><em>statue-</em></strong></span> 
     </span>
    </p>
   </div>
   <div class='ocr_carea' id='block_1_53' title="bbox 2033 2562 3594 2633">
    <p class='ocr_par' dir='ltr' id='par_1_53' title="bbox 2033 2562 3594 2633">
     <span class='ocr_line' id='line_1_53' title="bbox 2033 2562 3594 2633; baseline -0.002 -14"><span class='ocrx_word' id='word_1_329' title='bbox 2033 2574 2165 2619; x_wconf 88' lang='lat' dir='ltr'><strong><em>runt</em></strong></span> <span class='ocrx_word' id='word_1_330' title='bbox 2196 2578 2290 2619; x_wconf 88' lang='lat' dir='ltr'><strong><em>eos</em></strong></span> <span class='ocrx_word' id='word_1_331' title='bbox 2317 2579 2506 2618; x_wconf 87' lang='lat' dir='ltr'><strong><em>omnes</em></strong></span> <span class='ocrx_word' id='word_1_332' title='bbox 2534 2578 2654 2619; x_wconf 90' lang='lat' dir='ltr'><strong><em>esse</em></strong></span> <span class='ocrx_word' id='word_1_333' title='bbox 2684 2564 2737 2618; x_wconf 92' lang='lat' dir='ltr'><strong><em>in</em></strong></span> <span class='ocrx_word' id='word_1_334' title='bbox 2764 2572 3032 2633; x_wconf 85' lang='lat' dir='ltr'><strong><em>potestate</em></strong></span> <span class='ocrx_word' id='word_1_335' title='bbox 3062 2564 3299 2631; x_wconf 80' lang='lat' dir='ltr'><strong><em>episcopi</em></strong></span> <span class='ocrx_word' id='word_1_336' title='bbox 3335 2562 3594 2633; x_wconf 78' lang='lat' dir='ltr'><strong><em>regionis,</em></strong></span> 
     </span>
    </p>
   </div>
   <div class='ocr_carea' id='block_1_54' title="bbox 2034 2650 3594 2708">
    <p class='ocr_par' dir='ltr' id='par_1_54' title="bbox 2034 2650 3594 2708">
     <span class='ocr_line' id='line_1_54' title="bbox 2034 2650 3594 2708; baseline -0.001 0"><span class='ocrx_word' id='word_1_337' title='bbox 2034 2653 2331 2708; x_wconf 86' lang='lat' dir='ltr'><strong><em>secundum</em></strong></span> <span class='ocrx_word' id='word_1_338' title='bbox 2367 2661 2679 2707; x_wconf 86' lang='lat' dir='ltr'><strong><em>sanctorum</em></strong></span> <span class='ocrx_word' id='word_1_339' title='bbox 2730 2650 2953 2706; x_wconf 85' lang='lat' dir='ltr'><strong><em>Patrum</em></strong></span> <span class='ocrx_word' id='word_1_340' title='bbox 2998 2652 3065 2706; x_wconf 90' lang='lat' dir='ltr'><strong><em>de</em></strong></span> <span class='ocrx_word' id='word_1_341' title='bbox 3097 2667 3161 2706; x_wconf 91' lang='lat' dir='ltr'><strong><em>eo</em></strong></span> <span class='ocrx_word' id='word_1_342' title='bbox 3197 2650 3539 2706; x_wconf 75' lang='lat' dir='ltr'><strong><em>traditionem</em></strong></span> <span class='ocrx_word' id='word_1_343' title='bbox 3579 2670 3594 2707; x_wconf 90' lang='lat'><strong>:</strong></span> 
     </span>
    </p>
   </div>
   <div class='ocr_carea' id='block_1_55' title="bbox 2038 2743 3599 2813">
    <p class='ocr_par' dir='ltr' id='par_1_55' title="bbox 2038 2743 3599 2813">
     <span class='ocr_line' id='line_1_55' title="bbox 2038 2743 3599 2813; baseline -0.001 -14"><span class='ocrx_word' id='word_1_344' title='bbox 2038 2744 2333 2813; x_wconf 60' lang='lat' dir='ltr'><strong><em>larens</em></strong></span> <span class='ocrx_word' id='word_1_345' title='bbox 2354 2754 2533 2800; x_wconf 86' lang='lat' dir='ltr'><strong><em>autem</em></strong></span> <span class='ocrx_word' id='word_1_346' title='bbox 2562 2743 2653 2813; x_wconf 91' lang='lat' dir='ltr'><strong><em>qui</em></strong></span> <span class='ocrx_word' id='word_1_347' title='bbox 2686 2744 2787 2800; x_wconf 90' lang='lat' dir='ltr'><strong><em>hoc</em></strong></span> <span class='ocrx_word' id='word_1_348' title='bbox 2824 2754 3070 2799; x_wconf 86' lang='lat' dir='ltr'><strong><em>evertere</em></strong></span> <span class='ocrx_word' id='word_1_349' title='bbox 3101 2746 3356 2809; x_wconf 84' lang='lat' dir='ltr'><strong><em>audeant,</em></strong></span> <span class='ocrx_word' id='word_1_350' title='bbox 3385 2745 3469 2798; x_wconf 87' lang='lat' dir='ltr'><strong><em>vel</em></strong></span> <span class='ocrx_word' id='word_1_351' title='bbox 3500 2760 3599 2799; x_wconf 80' lang='lat' dir='ltr'><strong><em>no-</em></strong></span> 
     </span>
    </p>
   </div>
   <div class='ocr_carea' id='block_1_56' title="bbox 2035 2827 3600 2904">
    <p class='ocr_par' dir='ltr' id='par_1_56' title="bbox 2035 2827 3600 2904">
     <span class='ocr_line' id='line_1_56' title="bbox 2035 2827 3600 2904; baseline 0.001 -16"><span class='ocrx_word' id='word_1_352' title='bbox 2035 2827 2137 2888; x_wconf 85' lang='lat' dir='ltr'><strong><em>lint</em></strong></span> <span class='ocrx_word' id='word_1_353' title='bbox 2192 2833 2443 2903; x_wconf 86' lang='lat' dir='ltr'><strong><em>episeopo</em></strong></span> <span class='ocrx_word' id='word_1_354' title='bbox 2488 2834 2720 2902; x_wconf 71' lang='lat' dir='ltr'><strong><em>subjici;</em></strong></span> <span class='ocrx_word' id='word_1_355' title='bbox 2769 2835 2817 2891; x_wconf 89' lang='lat' dir='ltr'><strong><em>si</em></strong></span> <span class='ocrx_word' id='word_1_356' title='bbox 2865 2836 2972 2891; x_wconf 90' lang='lat' dir='ltr'><strong><em>sint</em></strong></span> <span class='ocrx_word' id='word_1_357' title='bbox 3021 2835 3237 2904; x_wconf 82' lang='lat' dir='ltr'><strong><em>quidem</em></strong></span> <span class='ocrx_word' id='word_1_358' title='bbox 3283 2836 3485 2897; x_wconf 84' lang='lat' dir='ltr'><strong><em>clerici,</em></strong></span> <span class='ocrx_word' id='word_1_359' title='bbox 3531 2837 3600 2889; x_wconf 87' lang='lat' dir='ltr'><strong><em>ab</em></strong></span> 
     </span>
    </p>
   </div>
   <div class='ocr_carea' id='block_1_57' title="bbox 2036 2922 3597 2993">
    <p class='ocr_par' dir='ltr' id='par_1_57' title="bbox 2036 2922 3597 2993">
     <span class='ocr_line' id='line_1_57' title="bbox 2036 2922 3597 2993; baseline -0.001 -15"><span class='ocrx_word' id='word_1_360' title='bbox 2036 2924 2288 2991; x_wconf 85' lang='lat' dir='ltr'><strong><em>episcopo</em></strong></span> <span class='ocrx_word' id='word_1_361' title='bbox 2333 2924 2537 2991; x_wconf 90' lang='lat' dir='ltr'><strong><em>puniri,</em></strong></span> <span class='ocrx_word' id='word_1_362' title='bbox 2580 2931 2742 2993; x_wconf 86' lang='lat' dir='ltr'><strong><em>prout</em></strong></span> <span class='ocrx_word' id='word_1_363' title='bbox 2782 2924 2833 2980; x_wconf 89' lang='lat' dir='ltr'><strong><em>ei</em></strong></span> <span class='ocrx_word' id='word_1_364' title='bbox 2878 2922 3050 2979; x_wconf 74' lang='lat' dir='ltr'><strong><em>visum</em></strong></span> <span class='ocrx_word' id='word_1_365' title='bbox 3083 2923 3247 2979; x_wconf 77' lang='lat' dir='ltr'><strong><em>fuerit</em></strong></span> <span class='ocrx_word' id='word_1_366' title='bbox 3283 2944 3298 2977; x_wconf 86' lang='lat'><strong>:</strong></span> <span class='ocrx_word' id='word_1_367' title='bbox 3338 2924 3382 2979; x_wconf 84' lang='lat' dir='ltr'><strong><em>s&#39;i</em></strong></span> <span class='ocrx_word' id='word_1_368' title='bbox 3419 2934 3597 2980; x_wconf 89' lang='lat' dir='ltr'><strong><em>autem</em></strong></span> 
     </span>
    </p>
   </div>
   <div class='ocr_carea' id='block_1_58' title="bbox 2039 3014 3595 3080">
    <p class='ocr_par' dir='ltr' id='par_1_58' title="bbox 2039 3014 3595 3080">
     <span class='ocr_line' id='line_1_58' title="bbox 2039 3014 3595 3080; baseline -0.001 -12"><span class='ocrx_word' id='word_1_369' title='bbox 2039 3015 2286 3069; x_wconf 83' lang='lat' dir='ltr'><strong><em>monachi</em></strong></span> <span class='ocrx_word' id='word_1_370' title='bbox 2333 3016 2414 3068; x_wconf 86' lang='lat' dir='ltr'><strong><em>vel</em></strong></span> <span class='ocrx_word' id='word_1_371' title='bbox 2461 3014 2584 3069; x_wconf 88' lang='lat' dir='ltr'><strong><em>laici</em></strong></span> <span class='ocrx_word' id='word_1_372' title='bbox 2633 3017 2763 3080; x_wconf 89' lang='lat' dir='ltr'><strong><em>sint,</em></strong></span> <span class='ocrx_word' id='word_1_373' title='bbox 2796 3016 3293 3071; x_wconf 77' lang='lat' dir='ltr'><strong><em>excommunicatos</em></strong></span> <span class='ocrx_word' id='word_1_374' title='bbox 3336 3030 3458 3069; x_wconf 88' lang='lat' dir='ltr'><strong><em>esse</em></strong></span> <span class='ocrx_word' id='word_1_375' title='bbox 3500 3030 3595 3068; x_wconf 86' lang='lat' dir='ltr'><strong><em>seu</em></strong></span> 
     </span>
    </p>
   </div>
   <div class='ocr_carea' id='block_1_59' title="bbox 366 3100 1936 3193">
    <p class='ocr_par' dir='ltr' id='par_1_59' title="bbox 366 3101 1933 3193">
     <span class='ocr_line' id='line_1_59' title="bbox 366 3101 1933 3193; baseline 0.004 -38"><span class='ocrx_word' id='word_1_376' title='bbox 366 3101 564 3155; x_wconf 85' lang='grc' dir='ltr'><em>δοκοῦν</em></span> <span class='ocrx_word' id='word_1_377' title='bbox 613 3102 785 3172; x_wconf 81' lang='grc' dir='ltr'><em>αὐτῷ,</em></span> <span class='ocrx_word' id='word_1_378' title='bbox 836 3102 1167 3193; x_wconf 71' lang='grc' dir='ltr'><em>μονάζοντας</em></span> <span class='ocrx_word' id='word_1_379' title='bbox 1192 3104 1307 3176; x_wconf 78' lang='grc' dir='ltr'><em>δέῆ</em></span> <span class='ocrx_word' id='word_1_380' title='bbox 1341 3106 1585 3169; x_wconf 77' lang='grc' dir='ltr'><em>λαῖκοὺς,</em></span> <span class='ocrx_word' id='word_1_381' title='bbox 1632 3110 1933 3178; x_wconf 84' lang='grc' dir='ltr'><em>ἀκοινωνή-</em></span> 
     </span>
    </p>
   </div>
   <div class='ocr_carea' id='block_1_60' title="bbox 2036 3100 3598 3193">
    <p class='ocr_par' dir='ltr' id='par_1_60' title="bbox 2040 3100 3598 3177">
     <span class='ocr_line' id='line_1_60' title="bbox 2040 3100 3598 3177; baseline 0 -17"><span class='ocrx_word' id='word_1_382' title='bbox 2040 3117 2373 3177; x_wconf 79' lang='lat' dir='ltr'><strong><em>segregatos.</em></strong></span> <span class='ocrx_word' id='word_1_383' title='bbox 2398 3105 2656 3161; x_wconf 83' lang='lat' dir='ltr'><strong><em>Ptocheia</em></strong></span> <span class='ocrx_word' id='word_1_384' title='bbox 2686 3122 2814 3162; x_wconf 90' lang='lat' dir='ltr'><strong><em>vero</em></strong></span> <span class='ocrx_word' id='word_1_385' title='bbox 2838 3108 3090 3161; x_wconf 90' lang='lat' dir='ltr'><strong><em>dicuntur</em></strong></span> <span class='ocrx_word' id='word_1_386' title='bbox 3115 3100 3292 3161; x_wconf 88' lang='lat' dir='ltr'><strong><em>omnia</em></strong></span> <span class='ocrx_word' id='word_1_387' title='bbox 3325 3122 3444 3175; x_wconf 67' lang='lat' dir='ltr'><strong><em>quae</em></strong></span> <span class='ocrx_word' id='word_1_388' title='bbox 3472 3116 3598 3160; x_wconf 85' lang='lat' dir='ltr'><strong><em>sunt</em></strong></span> 
     </span>
    </p>
   </div>
   <div class='ocr_carea' id='block_1_61' title="bbox 364 3183 1935 3268">
    <p class='ocr_par' dir='ltr' id='par_1_61' title="bbox 364 3183 1935 3268">
     <span class='ocr_line' id='line_1_61' title="bbox 364 3183 1935 3268; baseline 0.001 -18"><span class='ocrx_word' id='word_1_389' title='bbox 364 3214 499 3259; x_wconf 90' lang='grc' dir='ltr'><em>τους</em></span> <span class='ocrx_word' id='word_1_390' title='bbox 527 3192 688 3261; x_wconf 80' lang='grc' dir='ltr'><em>εἶναι,</em></span> <span class='ocrx_word' id='word_1_391' title='bbox 717 3198 889 3268; x_wconf 72' lang='grc' dir='ltr'><em>ἦγουν</em></span> <span class='ocrx_word' id='word_1_392' title='bbox 916 3183 1354 3266; x_wconf 68' lang='grc' dir='ltr'><em>ἀφώρισμένους.</em></span> <span class='ocrx_word' id='word_1_393' title='bbox 1387 3199 1635 3268; x_wconf 84' lang='grc' dir='ltr'><em>Πτωχεῖα</em></span> <span class='ocrx_word' id='word_1_394' title='bbox 1664 3198 1720 3252; x_wconf 81' lang='grc' dir='ltr'><em>δὲ</em></span> <span class='ocrx_word' id='word_1_395' title='bbox 1748 3199 1935 3267; x_wconf 83' lang='grc' dir='ltr'><em>λέγον-</em></span> 
     </span>
    </p>
   </div>
   <div class='ocr_carea' id='block_1_62' title="bbox 363 3278 1931 3359">
    <p class='ocr_par' dir='ltr' id='par_1_62' title="bbox 363 3278 1931 3359">
     <span class='ocr_line' id='line_1_62' title="bbox 363 3278 1931 3359; baseline 0.002 -18"><span class='ocrx_word' id='word_1_396' title='bbox 363 3304 463 3341; x_wconf 88' lang='grc' dir='ltr'><strong><em>ται</em></strong></span> <span class='ocrx_word' id='word_1_397' title='bbox 511 3288 689 3341; x_wconf 86' lang='grc' dir='ltr'><em>πάντα</em></span> <span class='ocrx_word' id='word_1_398' title='bbox 735 3287 804 3340; x_wconf 84' lang='grc' dir='ltr'><strong><em>τά</em></strong></span> <span class='ocrx_word' id='word_1_399' title='bbox 856 3278 1224 3357; x_wconf 58' lang='grc' dir='ltr'><em>εἶς’πτωχῶν</em></span> <span class='ocrx_word' id='word_1_400' title='bbox 1254 3289 1511 3359; x_wconf 89' lang='grc' dir='ltr'><em>πρόνοιαν</em></span> <span class='ocrx_word' id='word_1_401' title='bbox 1545 3290 1931 3359; x_wconf 83' lang='grc' dir='ltr'><em>ἀφορισθέντα.</em></span> 
     </span>
    </p>
   </div>
   <div class='ocr_carea' id='block_1_63' title="bbox 369 3377 1934 3452">
    <p class='ocr_par' dir='ltr' id='par_1_63' title="bbox 369 3377 1934 3452">
     <span class='ocr_line' id='line_1_63' title="bbox 369 3377 1934 3452; baseline 0 -19"><span class='ocrx_word' id='word_1_402' title='bbox 369 3381 437 3433; x_wconf 80' lang='grc' dir='ltr'>Οἱ</span> <span class='ocrx_word' id='word_1_403' title='bbox 480 3377 613 3447; x_wconf 80' lang='grc' dir='ltr'><em>γοῦν</em></span> <span class='ocrx_word' id='word_1_404' title='bbox 646 3379 887 3449; x_wconf 82' lang='grc' dir='ltr'><em>σήμερον</em></span> <span class='ocrx_word' id='word_1_405' title='bbox 930 3379 1181 3447; x_wconf 81' lang='grc' dir='ltr'><em>λέγοντες</em></span> <span class='ocrx_word' id='word_1_406' title='bbox 1241 3380 1525 3450; x_wconf 72' lang='grc' dir='ltr'><em>μοναχοὶῆ</em></span> <span class='ocrx_word' id='word_1_407' title='bbox 1556 3381 1809 3452; x_wconf 69' lang='grc' dir='ltr'><em>κληρικοὶ</em></span> <span class='ocrx_word' id='word_1_408' title='bbox 1859 3381 1934 3452; x_wconf 80' lang='grc' dir='ltr'>μὴ</span> 
     </span>
    </p>
   </div>
   <div class='ocr_carea' id='block_1_64' title="bbox 368 3470 1931 3544">
    <p class='ocr_par' dir='ltr' id='par_1_64' title="bbox 368 3470 1931 3544">
     <span class='ocr_line' id='line_1_64' title="bbox 368 3470 1931 3544; baseline 0.001 -20"><span class='ocrx_word' id='word_1_409' title='bbox 368 3471 697 3525; x_wconf 79' lang='grc' dir='ltr'><em>ὑποκεῖσθαι</em></span> <span class='ocrx_word' id='word_1_410' title='bbox 729 3471 808 3541; x_wconf 85' lang='grc' dir='ltr'><em>τῷ</em></span> <span class='ocrx_word' id='word_1_411' title='bbox 839 3473 1153 3543; x_wconf 85' lang='grc' dir='ltr'><em>πατριάρχῃ</em></span> <span class='ocrx_word' id='word_1_412' title='bbox 1184 3470 1215 3540; x_wconf 84' lang='grc' dir='ltr'>ἢ</span> <span class='ocrx_word' id='word_1_413' title='bbox 1246 3472 1325 3541; x_wconf 86' lang='grc' dir='ltr'><em>τῷ</em></span> <span class='ocrx_word' id='word_1_414' title='bbox 1351 3474 1601 3544; x_wconf 75' lang='grc' dir='ltr'><strong><em>ἐγχωρίῳ</em></strong></span> <span class='ocrx_word' id='word_1_415' title='bbox 1629 3474 1931 3544; x_wconf 81' lang='grc' dir='ltr'><em>ἐπισκόπῳ,</em></span> 
     </span>
    </p>
   </div>
   <div class='ocr_carea' id='block_1_65' title="bbox 365 3562 1937 3636">
    <p class='ocr_par' dir='ltr' id='par_1_65' title="bbox 365 3562 1937 3636">
     <span class='ocr_line' id='line_1_65' title="bbox 365 3562 1937 3636; baseline 0.004 -23"><span class='ocrx_word' id='word_1_416' title='bbox 365 3564 445 3626; x_wconf 81' lang='grc' dir='ltr'><em>ὡς</em></span> <span class='ocrx_word' id='word_1_417' title='bbox 490 3562 601 3615; x_wconf 81' lang='grc' dir='ltr'><em>ἀπὸ</em></span> <span class='ocrx_word' id='word_1_418' title='bbox 651 3562 945 3633; x_wconf 79' lang='grc' dir='ltr'><em>ἐλευθέρας</em></span> <span class='ocrx_word' id='word_1_419' title='bbox 998 3564 1167 3634; x_wconf 80' lang='grc' dir='ltr'><em>μονῆς</em></span> <span class='ocrx_word' id='word_1_420' title='bbox 1210 3564 1243 3633; x_wconf 80' lang='grc' dir='ltr'>ἢ</span> <span class='ocrx_word' id='word_1_421' title='bbox 1277 3565 1569 3635; x_wconf 80' lang='grc' dir='ltr'><em>ἐκκλησίας</em></span> <span class='ocrx_word' id='word_1_422' title='bbox 1598 3565 1770 3630; x_wconf 80' lang='grc' dir='ltr'><em>ὄντες,</em></span> <span class='ocrx_word' id='word_1_423' title='bbox 1802 3583 1937 3636; x_wconf 81' lang='grc' dir='ltr'><em>προ-</em></span> 
     </span>
    </p>
   </div>
   <div class='ocr_carea' id='block_1_66' title="bbox 367 3653 1934 3725">
    <p class='ocr_par' dir='ltr' id='par_1_66' title="bbox 367 3653 1934 3725">
     <span class='ocr_line' id='line_1_66' title="bbox 367 3653 1934 3725; baseline 0.004 -20"><span class='ocrx_word' id='word_1_424' title='bbox 367 3653 691 3723; x_wconf 69' lang='grc' dir='ltr'><em>ϐαλλόμενοι</em></span> <span class='ocrx_word' id='word_1_425' title='bbox 720 3653 879 3722; x_wconf 82' lang='grc' dir='ltr'><em>δῆθεν</em></span> <span class='ocrx_word' id='word_1_426' title='bbox 906 3654 1001 3707; x_wconf 73' lang='grc' dir='ltr'><em>καὶ</em></span> <span class='ocrx_word' id='word_1_427' title='bbox 1044 3656 1391 3725; x_wconf 88' lang='grc' dir='ltr'><em>κτητορικῶν</em></span> <span class='ocrx_word' id='word_1_428' title='bbox 1432 3656 1678 3708; x_wconf 88' lang='grc' dir='ltr'><em>τυπικῶν</em></span> <span class='ocrx_word' id='word_1_429' title='bbox 1709 3656 1934 3725; x_wconf 84' lang='grc' dir='ltr'><em>διατάγ-</em></span> 
     </span>
    </p>
   </div>
   <div class='ocr_carea' id='block_1_67' title="bbox 372 3743 1933 3815">
    <p class='ocr_par' dir='ltr' id='par_1_67' title="bbox 372 3743 1933 3815">
     <span class='ocr_line' id='line_1_67' title="bbox 372 3743 1933 3815; baseline 0.003 -21"><span class='ocrx_word' id='word_1_430' title='bbox 372 3762 541 3810; x_wconf 82' lang='grc' dir='ltr'><em>ματα,</em></span> <span class='ocrx_word' id='word_1_431' title='bbox 570 3744 624 3796; x_wconf 89' lang='grc' dir='ltr'><strong><em>τί</em></strong></span> <span class='ocrx_word' id='word_1_432' title='bbox 650 3744 783 3812; x_wconf 73' lang='grc' dir='ltr'><em>πρὸς</em></span> <span class='ocrx_word' id='word_1_433' title='bbox 809 3743 980 3798; x_wconf 76' lang='grc' dir='ltr'><em>ταῦτα</em></span> <span class='ocrx_word' id='word_1_434' title='bbox 1003 3745 1432 3815; x_wconf 80' lang='grc' dir='ltr'><em>ἀπολογήσονται</em></span> <span class='ocrx_word' id='word_1_435' title='bbox 1455 3762 1472 3812; x_wconf 87' lang='grc'>;</span> <span class='ocrx_word' id='word_1_436' title='bbox 1514 3746 1739 3808; x_wconf 82' lang='grc' dir='ltr'><em>Πάντως</em></span> <span class='ocrx_word' id='word_1_437' title='bbox 1761 3747 1933 3804; x_wconf 73' lang='grc' dir='ltr'><em>οὐδέν.</em></span> 
     </span>
    </p>
   </div>
   <div class='ocr_carea' id='block_1_68' title="bbox 374 3822 1935 3904">
    <p class='ocr_par' dir='ltr' id='par_1_68' title="bbox 374 3822 1935 3904">
     <span class='ocr_line' id='line_1_68' title="bbox 374 3822 1935 3904; baseline 0.001 -19"><span class='ocrx_word' id='word_1_438' title='bbox 374 3835 495 3886; x_wconf 73' lang='grc' dir='ltr'><em>Κᾶν</em></span> <span class='ocrx_word' id='word_1_439' title='bbox 526 3822 633 3903; x_wconf 72' lang='grc' dir='ltr'><strong><em>γάρ</em></strong></span> <span class='ocrx_word' id='word_1_440' title='bbox 664 3833 918 3904; x_wconf 84' lang='grc' dir='ltr'><em>δομήτωρ</em></span> <span class='ocrx_word' id='word_1_441' title='bbox 950 3851 1035 3897; x_wconf 88' lang='grc' dir='ltr'><strong><em>τις</em></strong></span> <span class='ocrx_word' id='word_1_442' title='bbox 1068 3834 1428 3904; x_wconf 70' lang='grc' dir='ltr'><em>μοναστηρίου</em></span> <span class='ocrx_word' id='word_1_443' title='bbox 1459 3835 1493 3903; x_wconf 73' lang='grc' dir='ltr'>ἢ</span> <span class='ocrx_word' id='word_1_444' title='bbox 1523 3834 1817 3904; x_wconf 81' lang='grc' dir='ltr'><em>ἐκκλησίας</em></span> <span class='ocrx_word' id='word_1_445' title='bbox 1877 3836 1935 3887; x_wconf 85' lang='grc' dir='ltr'><strong><em>ἐν</em></strong></span> 
     </span>
    </p>
   </div>
   <div class='ocr_carea' id='block_1_69' title="bbox 384 3899 1934 3995">
    <p class='ocr_par' dir='ltr' id='par_1_69' title="bbox 384 3899 1934 3995">
     <span class='ocr_line' id='line_1_69' title="bbox 384 3899 1934 3995; baseline 0.002 -21"><span class='ocrx_word' id='word_1_446' title='bbox 384 3925 588 3991; x_wconf 80' lang='grc' dir='ltr'><em>τυπικῷ</em></span> <span class='ocrx_word' id='word_1_447' title='bbox 617 3925 651 3995; x_wconf 77' lang='grc' dir='ltr'>ἢ</span> <span class='ocrx_word' id='word_1_448' title='bbox 707 3924 947 3991; x_wconf 75' lang='grc' dir='ltr'><em>διατάξει</em></span> <span class='ocrx_word' id='word_1_449' title='bbox 978 3923 1143 3977; x_wconf 79' lang='grc' dir='ltr'><em>αὑτοῦ</em></span> <span class='ocrx_word' id='word_1_450' title='bbox 1174 3899 1482 3994; x_wconf 66' lang='grc' dir='ltr'><em>διδρίσηται</em></span> <span class='ocrx_word' id='word_1_451' title='bbox 1517 3923 1590 3993; x_wconf 78' lang='grc' dir='ltr'><strong>μὴ</strong></span> <span class='ocrx_word' id='word_1_452' title='bbox 1618 3924 1934 3977; x_wconf 82' lang='grc' dir='ltr'><em>ὑποκεῖσθαι</em></span> 
     </span>
    </p>
   </div>
   <div class='ocr_carea' id='block_1_70' title="bbox 2038 3194 3598 3265">
    <p class='ocr_par' dir='ltr' id='par_1_70' title="bbox 2038 3194 3598 3265">
     <span class='ocr_line' id='line_1_70' title="bbox 2038 3194 3598 3265; baseline -0.003 -13"><span class='ocrx_word' id='word_1_453' title='bbox 2038 3196 2335 3264; x_wconf 76' lang='lat' dir='ltr'><strong><em>designata,</em></strong></span> <span class='ocrx_word' id='word_1_454' title='bbox 2360 3205 2419 3249; x_wconf 89' lang='lat' dir='ltr'><strong><em>ut</em></strong></span> <span class='ocrx_word' id='word_1_455' title='bbox 2449 3194 2712 3250; x_wconf 85' lang='lat' dir='ltr'><strong><em>mendicis</em></strong></span> <span class='ocrx_word' id='word_1_456' title='bbox 2742 3196 3111 3265; x_wconf 71' lang='lat' dir='ltr'><strong><em>providentur.</em></strong></span> <span class='ocrx_word' id='word_1_457' title='bbox 3136 3195 3328 3251; x_wconf 86' lang='lat' dir='ltr'><strong><em>Clerici</em></strong></span> <span class='ocrx_word' id='word_1_458' title='bbox 3355 3211 3483 3264; x_wconf 81' lang='lat' dir='ltr'><strong><em>ergo</em></strong></span> <span class='ocrx_word' id='word_1_459' title='bbox 3515 3194 3598 3248; x_wconf 84' lang='lat' dir='ltr'><strong><em>vel</em></strong></span> 
     </span>
    </p>
   </div>
   <div class='ocr_carea' id='block_1_71' title="bbox 2041 3286 3597 3356">
    <p class='ocr_par' dir='ltr' id='par_1_71' title="bbox 2041 3286 3597 3356">
     <span class='ocr_line' id='line_1_71' title="bbox 2041 3286 3597 3356; baseline -0.001 -16"><span class='ocrx_word' id='word_1_460' title='bbox 2041 3286 2312 3347; x_wconf 83' lang='lat' dir='ltr'><strong><em>monachi.</em></strong></span> <span class='ocrx_word' id='word_1_461' title='bbox 2346 3287 2435 3355; x_wconf 82' lang='lat' dir='ltr'><strong><em>qui</em></strong></span> <span class='ocrx_word' id='word_1_462' title='bbox 2468 3286 2656 3341; x_wconf 87' lang='lat' dir='ltr'><strong><em>dicuttt</em></strong></span> <span class='ocrx_word' id='word_1_463' title='bbox 2684 3287 2843 3343; x_wconf 80' lang='lat' dir='ltr'><strong><em>hodie</em></strong></span> <span class='ocrx_word' id='word_1_464' title='bbox 2872 3301 2932 3341; x_wconf 86' lang='lat' dir='ltr'><strong><em>se</em></strong></span> <span class='ocrx_word' id='word_1_465' title='bbox 2953 3286 3274 3355; x_wconf 68' lang='lat' dir='ltr'><strong><em>patriarcha</em></strong></span> <span class='ocrx_word' id='word_1_466' title='bbox 3306 3288 3387 3341; x_wconf 90' lang='lat' dir='ltr'><strong><em>vel</em></strong></span> <span class='ocrx_word' id='word_1_467' title='bbox 3420 3286 3597 3356; x_wconf 80' lang='lat' dir='ltr'><strong><em>regio-</em></strong></span> 
     </span>
    </p>
   </div>
   <div class='ocr_carea' id='block_1_72' title="bbox 2038 3377 3606 3448">
    <p class='ocr_par' dir='ltr' id='par_1_72' title="bbox 2038 3377 3606 3448">
     <span class='ocr_line' id='line_1_72' title="bbox 2038 3377 3606 3448; baseline -0.002 -15"><span class='ocrx_word' id='word_1_468' title='bbox 2038 3380 2126 3433; x_wconf 85' lang='lat' dir='ltr'><strong><em>nis</em></strong></span> <span class='ocrx_word' id='word_1_469' title='bbox 2146 3379 2399 3448; x_wconf 84' lang='lat' dir='ltr'><strong><em>episcopo</em></strong></span> <span class='ocrx_word' id='word_1_470' title='bbox 2422 3394 2525 3431; x_wconf 91' lang='lat' dir='ltr'><strong><em>non</em></strong></span> <span class='ocrx_word' id='word_1_471' title='bbox 2546 3392 2667 3432; x_wconf 87' lang='lat' dir='ltr'><strong><em>esse</em></strong></span> <span class='ocrx_word' id='word_1_472' title='bbox 2690 3378 2985 3447; x_wconf 86' lang='lat' dir='ltr'><strong><em>subjectos,</em></strong></span> <span class='ocrx_word' id='word_1_473' title='bbox 3011 3388 3263 3448; x_wconf 87' lang='lat' dir='ltr'><strong><em>tanquam</em></strong></span> <span class='ocrx_word' id='word_1_474' title='bbox 3287 3378 3396 3433; x_wconf 90' lang='lat' dir='ltr'><strong><em>sint</em></strong></span> <span class='ocrx_word' id='word_1_475' title='bbox 3422 3377 3606 3431; x_wconf 78' lang='lat' dir='ltr'><strong><em>liberte</em></strong></span> 
     </span>
    </p>
   </div>
   <div class='ocr_carea' id='block_1_73' title="bbox 2039 3468 3603 3540">
    <p class='ocr_par' dir='ltr' id='par_1_73' title="bbox 2039 3468 3603 3540">
     <span class='ocr_line' id='line_1_73' title="bbox 2039 3468 3603 3540; baseline -0.003 -16"><span class='ocrx_word' id='word_1_476' title='bbox 2039 3472 2339 3525; x_wconf 83' lang='lat' dir='ltr'><strong><em>mansionis</em></strong></span> <span class='ocrx_word' id='word_1_477' title='bbox 2383 3469 2466 3524; x_wconf 88' lang='lat' dir='ltr'><strong><em>vel</em></strong></span> <span class='ocrx_word' id='word_1_478' title='bbox 2508 3470 2769 3532; x_wconf 67' lang='lat' dir='ltr'><strong><em>ecclesiae,</em></strong></span> <span class='ocrx_word' id='word_1_479' title='bbox 2817 3469 3156 3540; x_wconf 83' lang='lat' dir='ltr'><strong><em>proferentes</em></strong></span> <span class='ocrx_word' id='word_1_480' title='bbox 3210 3469 3394 3537; x_wconf 85' lang='lat' dir='ltr'><strong><em>utique</em></strong></span> <span class='ocrx_word' id='word_1_481' title='bbox 3439 3468 3603 3521; x_wconf 83' lang='lat' dir='ltr'><strong><em>etiam</em></strong></span> 
     </span>
    </p>
   </div>
   <div class='ocr_carea' id='block_1_74' title="bbox 2040 3559 3601 3620">
    <p class='ocr_par' dir='ltr' id='par_1_74' title="bbox 2040 3559 3601 3620">
     <span class='ocr_line' id='line_1_74' title="bbox 2040 3559 3601 3620; baseline -0.002 -6"><span class='ocrx_word' id='word_1_482' title='bbox 2040 3577 2071 3614; x_wconf 87' lang='lat' dir='ltr'><strong><em>a</em></strong></span> <span class='ocrx_word' id='word_1_483' title='bbox 2112 3561 2496 3615; x_wconf 78' lang='lat' dir='ltr'><strong><em>fundatoribus</em></strong></span> <span class='ocrx_word' id='word_1_484' title='bbox 2532 3560 2797 3615; x_wconf 75' lang='lat' dir='ltr'><strong><em>factorum</em></strong></span> <span class='ocrx_word' id='word_1_485' title='bbox 2843 3570 3166 3614; x_wconf 85' lang='lat' dir='ltr'><strong><em>statuturqu</em></strong></span> <span class='ocrx_word' id='word_1_486' title='bbox 3208 3559 3601 3620; x_wconf 83' lang='lat' dir='ltr'><strong><em>ordinationes,</em></strong></span> 
     </span>
    </p>
   </div>
   <div class='ocr_carea' id='block_1_75' title="bbox 2039 3644 3603 3721">
    <p class='ocr_par' dir='ltr' id='par_1_75' title="bbox 2039 3644 3603 3721">
     <span class='ocr_line' id='line_1_75' title="bbox 2039 3644 3603 3721; baseline 0 -18"><span class='ocrx_word' id='word_1_487' title='bbox 2039 3644 2168 3721; x_wconf 81' lang='lat' dir='ltr'><strong><em>quid</em></strong></span> <span class='ocrx_word' id='word_1_488' title='bbox 2191 3653 2257 3706; x_wconf 89' lang='lat' dir='ltr'><strong><em>ad</em></strong></span> <span class='ocrx_word' id='word_1_489' title='bbox 2294 3651 2407 3705; x_wconf 61' lang='lat' dir='ltr'><strong><em>haec</em></strong></span> <span class='ocrx_word' id='word_1_490' title='bbox 2437 3650 2892 3721; x_wconf 69' lang='lat' dir='ltr'><strong><em>respondebunt!</em></strong></span> <span class='ocrx_word' id='word_1_491' title='bbox 2925 3649 3161 3706; x_wconf 89' lang='lat' dir='ltr'><strong><em>Omnino</em></strong></span> <span class='ocrx_word' id='word_1_492' title='bbox 3194 3649 3350 3705; x_wconf 85' lang='lat' dir='ltr'><strong><em>nihil.</em></strong></span> <span class='ocrx_word' id='word_1_493' title='bbox 3382 3649 3603 3703; x_wconf 84' lang='lat' dir='ltr'><strong><em>Etiamsi</em></strong></span> 
     </span>
    </p>
   </div>
   <div class='ocr_carea' id='block_1_76' title="bbox 2039 3741 3607 3813">
    <p class='ocr_par' dir='ltr' id='par_1_76' title="bbox 2039 3741 3607 3813">
     <span class='ocr_line' id='line_1_76' title="bbox 2039 3741 3607 3813; baseline -0.001 -16"><span class='ocrx_word' id='word_1_494' title='bbox 2039 3745 2182 3798; x_wconf 91' lang='lat' dir='ltr'><strong><em>enim</em></strong></span> <span class='ocrx_word' id='word_1_495' title='bbox 2210 3744 2331 3813; x_wconf 80' lang='lat' dir='ltr'><strong><em>quis</em></strong></span> <span class='ocrx_word' id='word_1_496' title='bbox 2365 3743 2615 3797; x_wconf 81' lang='lat' dir='ltr'><strong><em>fundator</em></strong></span> <span class='ocrx_word' id='word_1_497' title='bbox 2642 3742 2956 3799; x_wconf 84' lang='lat' dir='ltr'><strong><em>monasterii</em></strong></span> <span class='ocrx_word' id='word_1_498' title='bbox 2998 3743 3080 3798; x_wconf 86' lang='lat' dir='ltr'><strong><em>vel</em></strong></span> <span class='ocrx_word' id='word_1_499' title='bbox 3105 3743 3368 3807; x_wconf 74' lang='lat' dir='ltr'><strong><em>ecclesiae,</em></strong></span> <span class='ocrx_word' id='word_1_500' title='bbox 3398 3741 3453 3796; x_wconf 91' lang='lat' dir='ltr'><strong><em>in</em></strong></span> <span class='ocrx_word' id='word_1_501' title='bbox 3483 3750 3607 3796; x_wconf 78' lang='lat' dir='ltr'><strong><em>sta-</em></strong></span> 
     </span>
    </p>
   </div>
   <div class='ocr_carea' id='block_1_77' title="bbox 2041 3830 3600 3901">
    <p class='ocr_par' dir='ltr' id='par_1_77' title="bbox 2041 3830 3600 3901">
     <span class='ocr_line' id='line_1_77' title="bbox 2041 3830 3600 3901; baseline -0.004 -11"><span class='ocrx_word' id='word_1_502' title='bbox 2041 3836 2171 3891; x_wconf 88' lang='lat' dir='ltr'><strong><em>tutis</em></strong></span> <span class='ocrx_word' id='word_1_503' title='bbox 2191 3836 2321 3900; x_wconf 89' lang='lat' dir='ltr'><strong><em>suis,</em></strong></span> <span class='ocrx_word' id='word_1_504' title='bbox 2347 3834 2427 3890; x_wconf 79' lang='lat' dir='ltr'><strong><em>vel</em></strong></span> <span class='ocrx_word' id='word_1_505' title='bbox 2446 3835 2784 3890; x_wconf 81' lang='lat' dir='ltr'><strong><em>ordinatione</em></strong></span> <span class='ocrx_word' id='word_1_506' title='bbox 2807 3849 2900 3888; x_wconf 87' lang='lat' dir='ltr'><strong><em>sua</em></strong></span> <span class='ocrx_word' id='word_1_507' title='bbox 2926 3832 3251 3897; x_wconf 67' lang='lat' dir='ltr'><strong><em>decreverit,</em></strong></span> <span class='ocrx_word' id='word_1_508' title='bbox 3278 3847 3383 3886; x_wconf 89' lang='lat' dir='ltr'><strong><em>non</em></strong></span> <span class='ocrx_word' id='word_1_509' title='bbox 3406 3830 3600 3901; x_wconf 83' lang='lat' dir='ltr'><strong><em>subjici</em></strong></span> 
     </span>
    </p>
   </div>
   <div class='ocr_carea' id='block_1_78' title="bbox 2040 3925 3599 3996">
    <p class='ocr_par' dir='ltr' id='par_1_78' title="bbox 2040 3925 3599 3996">
     <span class='ocr_line' id='line_1_78' title="bbox 2040 3925 3599 3996; baseline -0.002 -13"><span class='ocrx_word' id='word_1_510' title='bbox 2040 3942 2224 3983; x_wconf 87' lang='lat' dir='ltr'><strong><em>eorum</em></strong></span> <span class='ocrx_word' id='word_1_511' title='bbox 2252 3927 2543 3981; x_wconf 81' lang='lat' dir='ltr'><strong><em>monachos</em></strong></span> <span class='ocrx_word' id='word_1_512' title='bbox 2565 3926 2647 3981; x_wconf 88' lang='lat' dir='ltr'><strong><em>vel</em></strong></span> <span class='ocrx_word' id='word_1_513' title='bbox 2672 3926 2904 3981; x_wconf 88' lang='lat' dir='ltr'><strong><em>clericos</em></strong></span> <span class='ocrx_word' id='word_1_514' title='bbox 2930 3925 3165 3996; x_wconf 84' lang='lat' dir='ltr'><strong><em>regionis</em></strong></span> <span class='ocrx_word' id='word_1_515' title='bbox 3185 3926 3461 3994; x_wconf 88' lang='lat' dir='ltr'><strong><em>episcopo,</em></strong></span> <span class='ocrx_word' id='word_1_516' title='bbox 3493 3938 3599 3980; x_wconf 91' lang='lat' dir='ltr'><strong><em>nou</em></strong></span> 
     </span>
    </p>
   </div>
   <div class='ocr_carea' id='block_1_79' title="bbox 390 4014 1936 4087">
    <p class='ocr_par' dir='ltr' id='par_1_79' title="bbox 390 4014 1936 4087">
     <span class='ocr_line' id='line_1_79' title="bbox 390 4014 1936 4087; baseline 0.002 -23"><span class='ocrx_word' id='word_1_517' title='bbox 390 4014 518 4075; x_wconf 66' lang='grc' dir='ltr'><em>τοὺς</em></span> <span class='ocrx_word' id='word_1_518' title='bbox 568 4016 888 4087; x_wconf 79' lang='grc' dir='ltr'><em>μοναχοὺςῆ</em></span> <span class='ocrx_word' id='word_1_519' title='bbox 932 4016 1056 4079; x_wconf 80' lang='grc' dir='ltr'><em>τοὺς</em></span> <span class='ocrx_word' id='word_1_520' title='bbox 1089 4016 1387 4086; x_wconf 75' lang='grc' dir='ltr'><em>κληρικοὺς</em></span> <span class='ocrx_word' id='word_1_521' title='bbox 1430 4014 1637 4069; x_wconf 84' lang='grc' dir='ltr'><em>τούτων</em></span> <span class='ocrx_word' id='word_1_522' title='bbox 1683 4014 1761 4085; x_wconf 82' lang='grc' dir='ltr'><em>τῷ</em></span> <span class='ocrx_word' id='word_1_523' title='bbox 1795 4017 1936 4068; x_wconf 86' lang='grc' dir='ltr'><strong><em>κατά</em></strong></span> 
     </span>
    </p>
   </div>
   <div class='ocr_carea' id='block_1_80' title="bbox 393 4104 1936 4178">
    <p class='ocr_par' dir='ltr' id='par_1_80' title="bbox 393 4104 1936 4178">
     <span class='ocr_line' id='line_1_80' title="bbox 393 4104 1936 4178; baseline 0.002 -23"><span class='ocrx_word' id='word_1_524' title='bbox 393 4104 567 4176; x_wconf 77' lang='grc' dir='ltr'><em>χώραν</em></span> <span class='ocrx_word' id='word_1_525' title='bbox 612 4108 920 4178; x_wconf 83' lang='grc' dir='ltr'><em>ὲπισκόπῳ,</em></span> <span class='ocrx_word' id='word_1_526' title='bbox 974 4108 1074 4160; x_wconf 81' lang='grc' dir='ltr'><em>οὐκ</em></span> <span class='ocrx_word' id='word_1_527' title='bbox 1130 4108 1640 4177; x_wconf 86' lang='grc' dir='ltr'><em>είσακουσθήσεται,</em></span> <span class='ocrx_word' id='word_1_528' title='bbox 1699 4106 1773 4169; x_wconf 84' lang='grc' dir='ltr'><em>ὡς</em></span> <span class='ocrx_word' id='word_1_529' title='bbox 1823 4108 1936 4170; x_wconf 87' lang='grc' dir='ltr'><em>τοῖς</em></span> 
     </span>
    </p>
   </div>
   <div class='ocr_carea' id='block_1_81' title="bbox 2040 4017 3607 4087">
    <p class='ocr_par' dir='ltr' id='par_1_81' title="bbox 2040 4017 3607 4087">
     <span class='ocr_line' id='line_1_81' title="bbox 2040 4017 3607 4087; baseline -0.003 -14"><span class='ocrx_word' id='word_1_530' title='bbox 2040 4017 2307 4083; x_wconf 86' lang='lat' dir='ltr'><strong><em>audietur,</em></strong></span> <span class='ocrx_word' id='word_1_531' title='bbox 2334 4026 2393 4071; x_wconf 92' lang='lat' dir='ltr'><strong><em>ut</em></strong></span> <span class='ocrx_word' id='word_1_532' title='bbox 2419 4019 2511 4087; x_wconf 92' lang='lat' dir='ltr'><strong><em>qui</em></strong></span> <span class='ocrx_word' id='word_1_533' title='bbox 2538 4018 2737 4072; x_wconf 87' lang='lat' dir='ltr'><strong><em>divinis</em></strong></span> <span class='ocrx_word' id='word_1_534' title='bbox 2761 4019 3038 4087; x_wconf 82' lang='lat' dir='ltr'><strong><em>sacrisque</em></strong></span> <span class='ocrx_word' id='word_1_535' title='bbox 3065 4018 3365 4071; x_wconf 87' lang='lat' dir='ltr'><strong><em>cauonibus</em></strong></span> <span class='ocrx_word' id='word_1_536' title='bbox 3388 4026 3607 4071; x_wconf 81' lang='lat' dir='ltr'><strong><em>contra-</em></strong></span> 
     </span>
    </p>
   </div>
   <div class='ocr_carea' id='block_1_82' title="bbox 2042 4108 3603 4179">
    <p class='ocr_par' dir='ltr' id='par_1_82' title="bbox 2042 4108 3603 4179">
     <span class='ocr_line' id='line_1_82' title="bbox 2042 4108 3603 4179; baseline -0.001 -15"><span class='ocrx_word' id='word_1_537' title='bbox 2042 4110 2121 4164; x_wconf 88' lang='lat' dir='ltr'><strong><em>ria</em></strong></span> <span class='ocrx_word' id='word_1_538' title='bbox 2151 4109 2423 4173; x_wconf 82' lang='lat' dir='ltr'><strong><em>statuerit,</em></strong></span> <span class='ocrx_word' id='word_1_539' title='bbox 2462 4122 2518 4164; x_wconf 90' lang='lat' dir='ltr'><strong><em>et</em></strong></span> <span class='ocrx_word' id='word_1_540' title='bbox 2545 4125 2666 4179; x_wconf 69' lang='lat' dir='ltr'><strong><em>qua:</em></strong></span> <span class='ocrx_word' id='word_1_541' title='bbox 2708 4118 2856 4165; x_wconf 84' lang='lat' dir='ltr'><strong><em>stare</em></strong></span> <span class='ocrx_word' id='word_1_542' title='bbox 2885 4122 2993 4163; x_wconf 87' lang='lat' dir='ltr'><strong><em>non</em></strong></span> <span class='ocrx_word' id='word_1_543' title='bbox 3025 4120 3271 4178; x_wconf 84' lang='lat' dir='ltr'><strong><em>possunt,</em></strong></span> <span class='ocrx_word' id='word_1_544' title='bbox 3302 4108 3603 4177; x_wconf 81' lang='lat' dir='ltr'><strong><em>scripserit.</em></strong></span> 
     </span>
    </p>
   </div>
   <div class='ocr_carea' id='block_1_83' title="bbox 389 4195 1936 4271">
    <p class='ocr_par' dir='ltr' id='par_1_83' title="bbox 389 4195 1935 4267">
     <span class='ocr_line' id='line_1_83' title="bbox 389 4195 1935 4267; baseline 0 -19"><span class='ocrx_word' id='word_1_545' title='bbox 389 4195 545 4259; x_wconf 82' lang='grc' dir='ltr'><em>θείοις</em></span> <span class='ocrx_word' id='word_1_546' title='bbox 577 4199 670 4251; x_wconf 74' lang='grc' dir='ltr'><em>καὶ</em></span> <span class='ocrx_word' id='word_1_547' title='bbox 725 4198 889 4267; x_wconf 81' lang='grc' dir='ltr'><em>ἱεροῖς</em></span> <span class='ocrx_word' id='word_1_548' title='bbox 912 4197 1133 4250; x_wconf 87' lang='grc' dir='ltr'><em>κανόσιν</em></span> <span class='ocrx_word' id='word_1_549' title='bbox 1159 4197 1491 4259; x_wconf 81' lang='grc' dir='ltr'><em>ὑπεναντίως</em></span> <span class='ocrx_word' id='word_1_550' title='bbox 1523 4196 1935 4266; x_wconf 80' lang='grc' dir='ltr'><em>διαταξάμενος,</em></span> 
     </span>
    </p>
   </div>
   <div class='ocr_carea' id='block_1_84' title="bbox 2036 4195 3605 4271">
    <p class='ocr_par' dir='ltr' id='par_1_84' title="bbox 2041 4200 3605 4271">
     <span class='ocr_line' id='line_1_84' title="bbox 2041 4200 3605 4271; baseline 0 -16"><span class='ocrx_word' id='word_1_551' title='bbox 2041 4200 2118 4258; x_wconf 89' lang='lat' dir='ltr'><strong><em>De</em></strong></span> <span class='ocrx_word' id='word_1_552' title='bbox 2148 4201 2214 4257; x_wconf 89' lang='lat' dir='ltr'><strong><em>iis</em></strong></span> <span class='ocrx_word' id='word_1_553' title='bbox 2239 4211 2419 4257; x_wconf 85' lang='lat' dir='ltr'><strong><em>autem</em></strong></span> <span class='ocrx_word' id='word_1_554' title='bbox 2454 4216 2575 4271; x_wconf 73' lang='lat' dir='ltr'><strong><em>qua:</em></strong></span> <span class='ocrx_word' id='word_1_555' title='bbox 2611 4201 2681 4256; x_wconf 83' lang='lat' dir='ltr'><strong><em>ab</em></strong></span> <span class='ocrx_word' id='word_1_556' title='bbox 2712 4202 2877 4271; x_wconf 90' lang='lat' dir='ltr'><strong><em>impp.</em></strong></span> <span class='ocrx_word' id='word_1_557' title='bbox 2904 4202 3249 4265; x_wconf 85' lang='lat' dir='ltr'><strong><em>ordinantur,</em></strong></span> <span class='ocrx_word' id='word_1_558' title='bbox 3283 4210 3503 4270; x_wconf 84' lang='lat' dir='ltr'><strong><em>propter</em></strong></span> <span class='ocrx_word' id='word_1_559' title='bbox 3541 4215 3605 4255; x_wconf 84' lang='lat' dir='ltr'><strong><em>ea</em></strong></span> 
     </span>
    </p>
   </div>
   <div class='ocr_carea' id='block_1_85' title="bbox 381 4288 1936 4363">
    <p class='ocr_par' dir='ltr' id='par_1_85' title="bbox 381 4288 1936 4360">
     <span class='ocr_line' id='line_1_85' title="bbox 381 4288 1936 4360; baseline 0.001 -20"><span class='ocrx_word' id='word_1_560' title='bbox 381 4289 473 4340; x_wconf 84' lang='grc' dir='ltr'><em>καὶ</em></span> <span class='ocrx_word' id='word_1_561' title='bbox 504 4291 854 4342; x_wconf 79' lang='grc' dir='ltr'><em>ἀνυπόστατα</em></span> <span class='ocrx_word' id='word_1_562' title='bbox 883 4290 1121 4360; x_wconf 75' lang='grc' dir='ltr'><em>γράψας.</em></span> <span class='ocrx_word' id='word_1_563' title='bbox 1145 4290 1286 4359; x_wconf 80' lang='grc' dir='ltr'><em>-Περὶ</em></span> <span class='ocrx_word' id='word_1_564' title='bbox 1330 4289 1388 4342; x_wconf 82' lang='grc' dir='ltr'><em>δὲ</em></span> <span class='ocrx_word' id='word_1_565' title='bbox 1435 4288 1545 4342; x_wconf 87' lang='grc' dir='ltr'><strong><em>τῶν</em></strong></span> <span class='ocrx_word' id='word_1_566' title='bbox 1584 4290 1936 4359; x_wconf 74' lang='grc' dir='ltr'><em>διαταττομέ-</em></span> 
     </span>
    </p>
   </div>
   <div class='ocr_carea' id='block_1_86' title="bbox 2036 4288 3606 4363">
    <p class='ocr_par' dir='ltr' id='par_1_86' title="bbox 2043 4291 3606 4363">
     <span class='ocr_line' id='line_1_86' title="bbox 2043 4291 3606 4363; baseline -0.001 -15"><span class='ocrx_word' id='word_1_567' title='bbox 2043 4308 2162 4363; x_wconf 70' lang='lat' dir='ltr'><strong><em>qua:</em></strong></span> <span class='ocrx_word' id='word_1_568' title='bbox 2187 4308 2216 4346; x_wconf 89' lang='lat' dir='ltr'><strong><em>a</em></strong></span> <span class='ocrx_word' id='word_1_569' title='bbox 2240 4308 2299 4348; x_wconf 92' lang='lat' dir='ltr'><strong><em>se</em></strong></span> <span class='ocrx_word' id='word_1_570' title='bbox 2317 4302 2672 4349; x_wconf 78' lang='lat' dir='ltr'><strong><em>exstruuntur</em></strong></span> <span class='ocrx_word' id='word_1_571' title='bbox 2693 4293 3022 4349; x_wconf 88' lang='lat' dir='ltr'><strong><em>monasteria</em></strong></span> <span class='ocrx_word' id='word_1_572' title='bbox 3044 4302 3098 4348; x_wconf 92' lang='lat' dir='ltr'><strong><em>et</em></strong></span> <span class='ocrx_word' id='word_1_573' title='bbox 3118 4291 3401 4359; x_wconf 88' lang='lat' dir='ltr'><strong><em>ecclesias,</em></strong></span> <span class='ocrx_word' id='word_1_574' title='bbox 3424 4307 3606 4363; x_wconf 69' lang='lat' dir='ltr'><strong><em>quasre</em></strong></span> 
     </span>
    </p>
   </div>
   <div class='ocr_carea' id='block_1_87' title="bbox 376 4381 1936 4456">
    <p class='ocr_par' dir='ltr' id='par_1_87' title="bbox 376 4381 1936 4452">
     <span class='ocr_line' id='line_1_87' title="bbox 376 4381 1936 4452; baseline -0.001 -16"><span class='ocrx_word' id='word_1_575' title='bbox 376 4397 482 4436; x_wconf 85' lang='grc' dir='ltr'><strong><em>νων</em></strong></span> <span class='ocrx_word' id='word_1_576' title='bbox 529 4382 687 4452; x_wconf 79' lang='grc' dir='ltr'><strong><em>παρά</em></strong></span> <span class='ocrx_word' id='word_1_577' title='bbox 732 4382 842 4435; x_wconf 82' lang='grc' dir='ltr'><strong><em>τῶν</em></strong></span> <span class='ocrx_word' id='word_1_578' title='bbox 890 4381 1153 4452; x_wconf 84' lang='grc' dir='ltr'><em>βασιλέων</em></span> <span class='ocrx_word' id='word_1_579' title='bbox 1197 4381 1355 4452; x_wconf 82' lang='grc' dir='ltr'><em>χάριν</em></span> <span class='ocrx_word' id='word_1_580' title='bbox 1389 4381 1498 4434; x_wconf 90' lang='grc' dir='ltr'><strong><em>τῶν</em></strong></span> <span class='ocrx_word' id='word_1_581' title='bbox 1536 4381 1688 4452; x_wconf 82' lang='grc' dir='ltr'><em>παρὰ</em></span> <span class='ocrx_word' id='word_1_582' title='bbox 1732 4381 1936 4435; x_wconf 86' lang='grc' dir='ltr'><em>τούτων</em></span> 
     </span>
    </p>
   </div>
   <div class='ocr_carea' id='block_1_88' title="bbox 2036 4381 2987 4456">
    <p class='ocr_par' dir='ltr' id='par_1_88' title="bbox 2046 4384 2987 4456">
     <span class='ocr_line' id='line_1_88' title="bbox 2046 4384 2987 4456; baseline -0.001 -15"><span class='ocrx_word' id='word_1_583' title='bbox 2046 4386 2329 4455; x_wconf 79' lang='lat' dir='ltr'><strong><em>praesentis</em></strong></span> <span class='ocrx_word' id='word_1_584' title='bbox 2358 4385 2549 4456; x_wconf 82' lang='lat' dir='ltr'><strong><em>synodi</em></strong></span> <span class='ocrx_word' id='word_1_585' title='bbox 2590 4400 2716 4441; x_wconf 87' lang='lat' dir='ltr'><strong><em>can.</em></strong></span> <span class='ocrx_word' id='word_1_586' title='bbox 2750 4385 2786 4440; x_wconf 86' lang='lat'><strong>6</strong></span> <span class='ocrx_word' id='word_1_587' title='bbox 2813 4394 2867 4440; x_wconf 89' lang='lat' dir='ltr'><strong><em>et</em></strong></span> <span class='ocrx_word' id='word_1_588' title='bbox 2895 4384 2987 4441; x_wconf 80' lang='lat' dir='ltr'><strong><em>l7.</em></strong></span> 
     </span>
    </p>
   </div>
   <div class='ocr_carea' id='block_1_89' title="bbox 372 4473 2013 4545">
    <p class='ocr_par' dir='ltr' id='par_1_89' title="bbox 372 4473 2013 4545">
     <span class='ocr_line' id='line_1_89' title="bbox 372 4473 2013 4545; baseline 0.001 -18"><span class='ocrx_word' id='word_1_589' title='bbox 372 4474 710 4544; x_wconf 76' lang='grc' dir='ltr'><em>κτιζομένων</em></span> <span class='ocrx_word' id='word_1_590' title='bbox 756 4476 1136 4545; x_wconf 85' lang='grc' dir='ltr'><em>μοναστηρίων</em></span> <span class='ocrx_word' id='word_1_591' title='bbox 1166 4474 1261 4528; x_wconf 81' lang='grc' dir='ltr'><em>καὶ</em></span> <span class='ocrx_word' id='word_1_592' title='bbox 1299 4474 1605 4545; x_wconf 82' lang='grc' dir='ltr'><em>ἐκκλησιῶν</em></span> <span class='ocrx_word' id='word_1_593' title='bbox 1637 4474 1792 4545; x_wconf 81' lang='grc' dir='ltr'><em>ζήτει</em></span> <span class='ocrx_word' id='word_1_594' title='bbox 1834 4473 1938 4543; x_wconf 82' lang='grc' dir='ltr'><em>τῆς</em></span> <span class='ocrx_word' id='word_1_595' title='bbox 1967 4490 2013 4544; x_wconf 76' lang='grc' dir='ltr'>υ</span> 
     </span>
    </p>
   </div>
   <div class='ocr_carea' id='block_1_90' title="bbox 377 4564 1597 4637">
    <p class='ocr_par' dir='ltr' id='par_1_90' title="bbox 377 4564 1597 4637">
     <span class='ocr_line' id='line_1_90' title="bbox 377 4564 1597 4637; baseline 0.002 -18"><span class='ocrx_word' id='word_1_596' title='bbox 377 4569 669 4637; x_wconf 78' lang='grc' dir='ltr'><em>παρούσης</em></span> <span class='ocrx_word' id='word_1_597' title='bbox 696 4568 913 4621; x_wconf 87' lang='grc' dir='ltr'><em>συνόδου</em></span> <span class='ocrx_word' id='word_1_598' title='bbox 944 4566 999 4633; x_wconf 81' lang='grc' dir='ltr'><em>ς’</em></span> <span class='ocrx_word' id='word_1_599' title='bbox 1025 4569 1119 4621; x_wconf 80' lang='grc' dir='ltr'><em>καὶ</em></span> <span class='ocrx_word' id='word_1_600' title='bbox 1143 4564 1209 4631; x_wconf 71' lang='grc' dir='ltr'><strong><em>ιζ’</em></strong></span> <span class='ocrx_word' id='word_1_601' title='bbox 1232 4568 1451 4622; x_wconf 87' lang='grc' dir='ltr'><em>κανόνα.</em></span> <span class='ocrx_word' id='word_1_602' title='bbox 1594 4574 1597 4577; x_wconf 85' lang='grc'><em>’</em></span> 
     </span>
    </p>
   </div>
   <div class='ocr_carea' id='block_1_91' title="bbox 443 4646 1936 4727">
    <p class='ocr_par' dir='ltr' id='par_1_91' title="bbox 443 4657 1936 4727">
     <span class='ocr_line' id='line_1_91' title="bbox 443 4657 1936 4727; baseline 0 -15"><span class='ocrx_word' id='word_1_603' title='bbox 443 4661 694 4712; x_wconf 77' lang='grc' dir='ltr'><strong><em>ΖΩΝᾹΡ.</em></strong></span> <span class='ocrx_word' id='word_1_604' title='bbox 728 4660 943 4724; x_wconf 79' lang='grc' dir='ltr'><em>Πάντας</em></span> <span class='ocrx_word' id='word_1_605' title='bbox 966 4664 1092 4723; x_wconf 78' lang='grc' dir='ltr'><em>τοὺς</em></span> <span class='ocrx_word' id='word_1_606' title='bbox 1122 4661 1180 4713; x_wconf 83' lang='grc' dir='ltr'><strong><em>ἐν</em></strong></span> <span class='ocrx_word' id='word_1_607' title='bbox 1210 4662 1330 4723; x_wconf 90' lang='grc' dir='ltr'><em>ταῖς</em></span> <span class='ocrx_word' id='word_1_608' title='bbox 1364 4657 1685 4727; x_wconf 79' lang='grc' dir='ltr'><em>ἐκκλησίαις</em></span> <span class='ocrx_word' id='word_1_609' title='bbox 1708 4658 1804 4713; x_wconf 75' lang='grc' dir='ltr'><em>καὶ</em></span> <span class='ocrx_word' id='word_1_610' title='bbox 1837 4658 1936 4712; x_wconf 86' lang='grc' dir='ltr'><em>πό-</em></span> 
     </span>
    </p>
   </div>
   <div class='ocr_carea' id='block_1_92' title="bbox 2036 4646 3610 4727">
    <p class='ocr_par' dir='ltr' id='par_1_92' title="bbox 2116 4646 3610 4721">
     <span class='ocr_line' id='line_1_92' title="bbox 2116 4646 3610 4721; baseline -0.001 -16"><span class='ocrx_word' id='word_1_611' title='bbox 2116 4649 2366 4707; x_wconf 83' lang='lat' dir='ltr'><strong><em>ZONAR.</em></strong></span> <span class='ocrx_word' id='word_1_612' title='bbox 2408 4650 2729 4721; x_wconf 81' lang='lat' dir='ltr'><strong><em>Quicunque</em></strong></span> <span class='ocrx_word' id='word_1_613' title='bbox 2756 4650 3018 4706; x_wconf 85' lang='lat' dir='ltr'><strong><em>ecclesias</em></strong></span> <span class='ocrx_word' id='word_1_614' title='bbox 3043 4648 3127 4706; x_wconf 90' lang='lat' dir='ltr'><strong><em>vel</em></strong></span> <span class='ocrx_word' id='word_1_615' title='bbox 3161 4647 3342 4715; x_wconf 88' lang='lat' dir='ltr'><strong><em>urbes,</em></strong></span> <span class='ocrx_word' id='word_1_616' title='bbox 3371 4646 3455 4703; x_wconf 86' lang='lat' dir='ltr'><strong><em>vel</em></strong></span> <span class='ocrx_word' id='word_1_617' title='bbox 3485 4648 3610 4703; x_wconf 83' lang='lat' dir='ltr'><strong><em>atti-</em></strong></span> 
     </span>
    </p>
   </div>
   <div class='ocr_carea' id='block_1_93' title="bbox 366 4738 1936 4822">
    <p class='ocr_par' dir='ltr' id='par_1_93' title="bbox 366 4749 1936 4822">
     <span class='ocr_line' id='line_1_93' title="bbox 366 4749 1936 4822; baseline -0.003 -17"><span class='ocrx_word' id='word_1_618' title='bbox 366 4753 491 4805; x_wconf 84' lang='grc' dir='ltr'><em>λεσι</em></span> <span class='ocrx_word' id='word_1_619' title='bbox 538 4752 837 4822; x_wconf 82' lang='grc' dir='ltr'><em>κληρικοὺς</em></span> <span class='ocrx_word' id='word_1_620' title='bbox 886 4752 978 4805; x_wconf 74' lang='grc' dir='ltr'><em>καὶ</em></span> <span class='ocrx_word' id='word_1_621' title='bbox 1024 4753 1142 4814; x_wconf 90' lang='grc' dir='ltr'><em>ταῖς</em></span> <span class='ocrx_word' id='word_1_622' title='bbox 1172 4750 1379 4804; x_wconf 88' lang='grc' dir='ltr'><em>τούτων</em></span> <span class='ocrx_word' id='word_1_623' title='bbox 1406 4751 1643 4822; x_wconf 83' lang='grc' dir='ltr'><em>ἐνορίαις</em></span> <span class='ocrx_word' id='word_1_624' title='bbox 1674 4749 1936 4820; x_wconf 80' lang='grc' dir='ltr'><em>μοναχοὺς</em></span> 
     </span>
    </p>
   </div>
   <div class='ocr_carea' id='block_1_94' title="bbox 2036 4738 3607 4822">
    <p class='ocr_par' dir='ltr' id='par_1_94' title="bbox 2046 4738 3607 4812">
     <span class='ocr_line' id='line_1_94' title="bbox 2046 4738 3607 4812; baseline -0.003 -16"><span class='ocrx_word' id='word_1_625' title='bbox 2046 4747 2235 4798; x_wconf 85' lang='lat' dir='ltr'><strong><em>uetttes</em></strong></span> <span class='ocrx_word' id='word_1_626' title='bbox 2266 4743 2385 4797; x_wconf 87' lang='lat' dir='ltr'><strong><em>urbi</em></strong></span> <span class='ocrx_word' id='word_1_627' title='bbox 2436 4742 2681 4812; x_wconf 80' lang='lat' dir='ltr'><strong><em>regiones</em></strong></span> <span class='ocrx_word' id='word_1_628' title='bbox 2718 4741 2922 4806; x_wconf 85' lang='lat' dir='ltr'><strong><em>clerici,</em></strong></span> <span class='ocrx_word' id='word_1_629' title='bbox 2970 4750 3064 4796; x_wconf 84' lang='lat' dir='ltr'><strong><em>aut</em></strong></span> <span class='ocrx_word' id='word_1_630' title='bbox 3111 4739 3363 4796; x_wconf 87' lang='lat' dir='ltr'><strong><em>monachi</em></strong></span> <span class='ocrx_word' id='word_1_631' title='bbox 3397 4738 3607 4805; x_wconf 91' lang='lat' dir='ltr'><strong><em>colunt,</em></strong></span> 
     </span>
    </p>
   </div>
   <div class='ocr_carea' id='block_1_95' title="bbox 366 4832 1936 4910">
    <p class='ocr_par' dir='ltr' id='par_1_95' title="bbox 366 4839 1936 4907">
     <span class='ocr_line' id='line_1_95' title="bbox 366 4839 1936 4907; baseline -0.003 -10"><span class='ocrx_word' id='word_1_632' title='bbox 366 4847 421 4898; x_wconf 80' lang='grc' dir='ltr'><em>οἱ</em></span> <span class='ocrx_word' id='word_1_633' title='bbox 453 4844 591 4897; x_wconf 86' lang='grc' dir='ltr'><em>θεῖοι</em></span> <span class='ocrx_word' id='word_1_634' title='bbox 621 4843 843 4907; x_wconf 90' lang='grc' dir='ltr'><em>κανόνες</em></span> <span class='ocrx_word' id='word_1_635' title='bbox 868 4846 979 4905; x_wconf 89' lang='grc' dir='ltr'><em>τοῖς</em></span> <span class='ocrx_word' id='word_1_636' title='bbox 1007 4842 1329 4906; x_wconf 79' lang='grc' dir='ltr'><em>ἐπισκόποις</em></span> <span class='ocrx_word' id='word_1_637' title='bbox 1354 4841 1605 4894; x_wconf 82' lang='grc' dir='ltr'><em>ὑπείκειν</em></span> <span class='ocrx_word' id='word_1_638' title='bbox 1633 4839 1936 4893; x_wconf 82' lang='grc' dir='ltr'><em>κελεύουσι.</em></span> 
     </span>
    </p>
   </div>
   <div class='ocr_carea' id='block_1_96' title="bbox 2036 4832 3611 4910">
    <p class='ocr_par' dir='ltr' id='par_1_96' title="bbox 2045 4832 3611 4910">
     <span class='ocr_line' id='line_1_96' title="bbox 2045 4832 3611 4910; baseline -0.003 -20"><span class='ocrx_word' id='word_1_639' title='bbox 2045 4836 2426 4910; x_wconf 84' lang='lat' dir='ltr'><strong><em>episcoporum</em></strong></span> <span class='ocrx_word' id='word_1_640' title='bbox 2456 4835 2765 4890; x_wconf 87' lang='lat' dir='ltr'><strong><em>auctoritati</em></strong></span> <span class='ocrx_word' id='word_1_641' title='bbox 2807 4834 3037 4905; x_wconf 85' lang='lat' dir='ltr'><strong><em>subjecti</em></strong></span> <span class='ocrx_word' id='word_1_642' title='bbox 3071 4848 3194 4890; x_wconf 83' lang='lat' dir='ltr'><strong><em>esse</em></strong></span> <span class='ocrx_word' id='word_1_643' title='bbox 3224 4836 3438 4889; x_wconf 87' lang='lat' dir='ltr'><strong><em>decreto</em></strong></span> <span class='ocrx_word' id='word_1_644' title='bbox 3471 4832 3611 4887; x_wconf 87' lang='lat' dir='ltr'><strong><em>divi-</em></strong></span> 
     </span>
    </p>
   </div>
   <div class='ocr_carea' id='block_1_97' title="bbox 369 4928 1936 5000">
    <p class='ocr_par' dir='ltr' id='par_1_97' title="bbox 369 4929 1936 5000">
     <span class='ocr_line' id='line_1_97' title="bbox 369 4929 1936 5000; baseline -0.004 -13"><span class='ocrx_word' id='word_1_645' title='bbox 369 4933 467 4987; x_wconf 82' lang='grc' dir='ltr'><em>Διδ</em></span> <span class='ocrx_word' id='word_1_646' title='bbox 495 4935 586 4986; x_wconf 70' lang='grc' dir='ltr'><em>καὶ</em></span> <span class='ocrx_word' id='word_1_647' title='bbox 615 4935 643 4986; x_wconf 83' lang='grc' dir='ltr'><strong>ὁ</strong></span> <span class='ocrx_word' id='word_1_648' title='bbox 676 4932 868 5000; x_wconf 86' lang='grc' dir='ltr'><em>παρὼν</em></span> <span class='ocrx_word' id='word_1_649' title='bbox 897 4930 1076 4985; x_wconf 88' lang='grc' dir='ltr'><em>κανὼν</em></span> <span class='ocrx_word' id='word_1_650' title='bbox 1104 4932 1230 4995; x_wconf 69' lang='grc' dir='ltr'><em>τοὺς</em></span> <span class='ocrx_word' id='word_1_651' title='bbox 1267 4933 1377 4985; x_wconf 89' lang='grc' dir='ltr'><strong><em>τῶν</em></strong></span> <span class='ocrx_word' id='word_1_652' title='bbox 1420 4930 1711 5000; x_wconf 88' lang='grc' dir='ltr'><em>πτωχείων</em></span> <span class='ocrx_word' id='word_1_653' title='bbox 1754 4929 1936 4999; x_wconf 86' lang='grc' dir='ltr'><em>κληρι-</em></span> 
     </span>
    </p>
   </div>
   <div class='ocr_carea' id='block_1_98' title="bbox 2036 4928 3612 5000">
    <p class='ocr_par' dir='ltr' id='par_1_98' title="bbox 2047 4928 3612 4997">
     <span class='ocr_line' id='line_1_98' title="bbox 2047 4928 3612 4997; baseline 0.001 -16"><span class='ocrx_word' id='word_1_654' title='bbox 2047 4941 2240 4981; x_wconf 89' lang='lat' dir='ltr'><strong><em>norum</em></strong></span> <span class='ocrx_word' id='word_1_655' title='bbox 2288 4943 2560 4984; x_wconf 89' lang='lat' dir='ltr'><strong><em>canonum</em></strong></span> <span class='ocrx_word' id='word_1_656' title='bbox 2599 4943 2788 4985; x_wconf 88' lang='lat' dir='ltr'><strong><em>omnes</em></strong></span> <span class='ocrx_word' id='word_1_657' title='bbox 2816 4929 3095 4997; x_wconf 76' lang='lat' dir='ltr'><strong><em>iubentur.</em></strong></span> <span class='ocrx_word' id='word_1_658' title='bbox 3131 4928 3395 4996; x_wconf 87' lang='lat' dir='ltr'><strong><em>Quocirca</em></strong></span> <span class='ocrx_word' id='word_1_659' title='bbox 3424 4937 3480 4983; x_wconf 88' lang='lat' dir='ltr'><strong><em>et</em></strong></span> <span class='ocrx_word' id='word_1_660' title='bbox 3522 4928 3612 4983; x_wconf 83' lang='lat' dir='ltr'><strong><em>hic</em></strong></span> 
     </span>
    </p>
   </div>
   <div class='ocr_carea' id='block_1_99' title="bbox 370 5019 1936 5098">
    <p class='ocr_par' dir='ltr' id='par_1_99' title="bbox 370 5021 1936 5098">
     <span class='ocr_line' id='line_1_99' title="bbox 370 5021 1936 5098; baseline -0.005 -18"><span class='ocrx_word' id='word_1_661' title='bbox 370 5029 504 5088; x_wconf 77' lang='grc' dir='ltr'><em>κοὺς</em></span> <span class='ocrx_word' id='word_1_662' title='bbox 530 5026 610 5095; x_wconf 85' lang='grc' dir='ltr'><em>τῷ</em></span> <span class='ocrx_word' id='word_1_663' title='bbox 636 5026 920 5098; x_wconf 85' lang='grc' dir='ltr'><em>ἐπισκόπῳ</em></span> <span class='ocrx_word' id='word_1_664' title='bbox 942 5025 1196 5091; x_wconf 81' lang='grc' dir='ltr'><em>ὑπέταξε.</em></span> <span class='ocrx_word' id='word_1_665' title='bbox 1227 5026 1476 5095; x_wconf 84' lang='grc' dir='ltr'><em>Πτωχεῖα</em></span> <span class='ocrx_word' id='word_1_666' title='bbox 1504 5023 1562 5077; x_wconf 83' lang='grc' dir='ltr'><strong><em>δέ</em></strong></span> <span class='ocrx_word' id='word_1_667' title='bbox 1609 5023 1718 5076; x_wconf 84' lang='grc' dir='ltr'><em>εἱσι</em></span> <span class='ocrx_word' id='word_1_668' title='bbox 1769 5021 1839 5075; x_wconf 82' lang='grc' dir='ltr'><em>τὰ</em></span> <span class='ocrx_word' id='word_1_669' title='bbox 1864 5021 1936 5082; x_wconf 82' lang='grc' dir='ltr'><strong><em>είς</em></strong></span> 
     </span>
    </p>
   </div>
   <div class='ocr_carea' id='block_1_100' title="bbox 2036 5019 3612 5098">
    <p class='ocr_par' dir='ltr' id='par_1_100' title="bbox 2042 5019 3612 5091">
     <span class='ocr_line' id='line_1_100' title="bbox 2042 5019 3612 5091; baseline 0.001 -21"><span class='ocrx_word' id='word_1_670' title='bbox 2042 5031 2218 5071; x_wconf 86' lang='lat' dir='ltr'><strong><em>canon</em></strong></span> <span class='ocrx_word' id='word_1_671' title='bbox 2248 5019 2615 5086; x_wconf 87' lang='lat' dir='ltr'><strong><em>ptocheiorum</em></strong></span> <span class='ocrx_word' id='word_1_672' title='bbox 2643 5022 2874 5076; x_wconf 87' lang='lat' dir='ltr'><strong><em>clericos</em></strong></span> <span class='ocrx_word' id='word_1_673' title='bbox 2906 5022 3163 5091; x_wconf 87' lang='lat' dir='ltr'><strong><em>episcopo</em></strong></span> <span class='ocrx_word' id='word_1_674' title='bbox 3189 5019 3430 5089; x_wconf 74' lang='lat' dir='ltr'><strong><em>subiicit.</em></strong></span> <span class='ocrx_word' id='word_1_675' title='bbox 3472 5020 3612 5075; x_wconf 88' lang='lat' dir='ltr'><strong><em>Sunt</em></strong></span> 
     </span>
    </p>
   </div>
   <div class='ocr_carea' id='block_1_101' title="bbox 373 5110 1936 5189">
    <p class='ocr_par' dir='ltr' id='par_1_101' title="bbox 373 5111 1936 5189">
     <span class='ocr_line' id='line_1_101' title="bbox 373 5111 1936 5189; baseline -0.006 -17"><span class='ocrx_word' id='word_1_676' title='bbox 373 5120 609 5189; x_wconf 86' lang='grc' dir='ltr'><em>πτωχῶν</em></span> <span class='ocrx_word' id='word_1_677' title='bbox 656 5119 1016 5189; x_wconf 83' lang='grc' dir='ltr'><em>ἀφωρισμένα</em></span> <span class='ocrx_word' id='word_1_678' title='bbox 1066 5117 1343 5185; x_wconf 88' lang='grc' dir='ltr'><em>πρόνοιαν,</em></span> <span class='ocrx_word' id='word_1_679' title='bbox 1404 5115 1500 5168; x_wconf 69' lang='grc' dir='ltr'><em>καὶ</em></span> <span class='ocrx_word' id='word_1_680' title='bbox 1552 5113 1845 5182; x_wconf 83' lang='grc' dir='ltr'><em>διοίκησιν,</em></span> <span class='ocrx_word' id='word_1_681' title='bbox 1877 5111 1936 5163; x_wconf 64' lang='grc' dir='ltr'><em>τὰ</em></span> 
     </span>
    </p>
   </div>
   <div class='ocr_carea' id='block_1_102' title="bbox 2036 5110 3614 5189">
    <p class='ocr_par' dir='ltr' id='par_1_102' title="bbox 2044 5110 3614 5185">
     <span class='ocr_line' id='line_1_102' title="bbox 2044 5110 3614 5185; baseline 0.003 -24"><span class='ocrx_word' id='word_1_682' title='bbox 2044 5124 2174 5164; x_wconf 82' lang='lat' dir='ltr'><strong><em>vero</em></strong></span> <span class='ocrx_word' id='word_1_683' title='bbox 2217 5110 2465 5179; x_wconf 86' lang='lat' dir='ltr'><strong><em>ptocheia</em></strong></span> <span class='ocrx_word' id='word_1_684' title='bbox 2500 5112 2696 5169; x_wconf 88' lang='lat' dir='ltr'><strong><em>domus</em></strong></span> <span class='ocrx_word' id='word_1_685' title='bbox 2732 5129 2853 5183; x_wconf 69' lang='lat' dir='ltr'><strong><em>quae</em></strong></span> <span class='ocrx_word' id='word_1_686' title='bbox 2888 5113 3214 5185; x_wconf 85' lang='lat' dir='ltr'><strong><em>pauperibus</em></strong></span> <span class='ocrx_word' id='word_1_687' title='bbox 3243 5110 3614 5181; x_wconf 83' lang='lat' dir='ltr'><strong><em>sustentandis</em></strong></span> 
     </span>
    </p>
   </div>
   <div class='ocr_carea' id='block_1_103' title="bbox 366 5201 1936 5280">
    <p class='ocr_par' dir='ltr' id='par_1_103' title="bbox 366 5201 1936 5280">
     <span class='ocr_line' id='line_1_103' title="bbox 366 5201 1936 5280; baseline -0.007 -15"><span class='ocrx_word' id='word_1_688' title='bbox 366 5214 721 5280; x_wconf 74' lang='grc' dir='ltr'><em>γηροκομεῖα</em></span> <span class='ocrx_word' id='word_1_689' title='bbox 748 5210 1010 5280; x_wconf 83' lang='grc' dir='ltr'><em>δηλονότι,</em></span> <span class='ocrx_word' id='word_1_690' title='bbox 1028 5209 1483 5277; x_wconf 80' lang='grc' dir='ltr'><em>όρφανοτροφεῖα,</em></span> <span class='ocrx_word' id='word_1_691' title='bbox 1502 5206 1596 5259; x_wconf 71' lang='grc' dir='ltr'><em>καὶ</em></span> <span class='ocrx_word' id='word_1_692' title='bbox 1622 5205 1692 5258; x_wconf 81' lang='grc' dir='ltr'><em>τὰ</em></span> <span class='ocrx_word' id='word_1_693' title='bbox 1717 5201 1936 5257; x_wconf 82' lang='grc' dir='ltr'><em>τοιαῦτα</em></span> 
     </span>
    </p>
   </div>
   <div class='ocr_carea' id='block_1_104' title="bbox 2036 5201 3610 5280">
    <p class='ocr_par' dir='ltr' id='par_1_104' title="bbox 2050 5201 3610 5272">
     <span class='ocr_line' id='line_1_104' title="bbox 2050 5201 3610 5272; baseline 0.004 -20"><span class='ocrx_word' id='word_1_694' title='bbox 2050 5201 2373 5257; x_wconf 86' lang='lat' dir='ltr'><strong><em>curandisve</em></strong></span> <span class='ocrx_word' id='word_1_695' title='bbox 2402 5203 2681 5261; x_wconf 60' lang='lat' dir='ltr'><strong><em>destinata</em></strong></span> <span class='ocrx_word' id='word_1_696' title='bbox 2718 5214 2868 5261; x_wconf 86' lang='lat' dir='ltr'><strong><em>sunt.</em></strong></span> <span class='ocrx_word' id='word_1_697' title='bbox 2911 5205 3097 5272; x_wconf 87' lang='lat' dir='ltr'><strong><em>quales</em></strong></span> <span class='ocrx_word' id='word_1_698' title='bbox 3131 5220 3208 5261; x_wconf 62' lang='lat' dir='ltr'><strong><em>ea:</em></strong></span> <span class='ocrx_word' id='word_1_699' title='bbox 3242 5205 3525 5270; x_wconf 87' lang='lat' dir='ltr'><strong><em>videlicet,</em></strong></span> <span class='ocrx_word' id='word_1_700' title='bbox 3555 5203 3610 5259; x_wconf 91' lang='lat' dir='ltr'><strong><em>in</em></strong></span> 
     </span>
    </p>
   </div>
   <div class='ocr_carea' id='block_1_105' title="bbox 1613 5334 2370 5414">
    <p class='ocr_par' dir='ltr' id='par_1_105' title="bbox 1613 5334 2370 5414">
     <span class='ocr_line' id='line_1_105' title="bbox 1613 5334 2370 5414; baseline -0.008 -11"><span class='ocrx_word' id='word_1_701' title='bbox 1613 5341 1801 5403; x_wconf 90' lang='lat' dir='ltr'><strong><em>Guill.</em></strong></span> <span class='ocrx_word' id='word_1_702' title='bbox 1829 5334 2153 5414; x_wconf 81' lang='lat' dir='ltr'><strong><em>Beveregii</em></strong></span> <span class='ocrx_word' id='word_1_703' title='bbox 2186 5345 2370 5399; x_wconf 80' lang='lat' dir='ltr'><strong><em>notae.</em></strong></span> 
     </span>
    </p>
   </div>
   <div class='ocr_carea' id='block_1_106' title="bbox 2035 5464 3611 5533">
    <p class='ocr_par' dir='ltr' id='par_1_106' title="bbox 2035 5464 3611 5533">
     <span class='ocr_line' id='line_1_106' title="bbox 2035 5464 3611 5533; baseline -0.001 -13"><span class='ocrx_word' id='word_1_704' title='bbox 2035 5466 2297 5520; x_wconf 86' lang='lat' dir='ltr'><strong><em>deserens</em></strong></span> <span class='ocrx_word' id='word_1_705' title='bbox 2354 5468 2498 5521; x_wconf 83' lang='lat' dir='ltr'><strong><em>inter</em></strong></span> <span class='ocrx_word' id='word_1_706' title='bbox 2550 5466 2815 5523; x_wconf 77' lang='lat' dir='ltr'><strong><em>oiﬁcisles</em></strong></span> <span class='ocrx_word' id='word_1_707' title='bbox 2868 5468 3158 5532; x_wconf 81' lang='lat' dir='ltr'><strong><em>statuitur,</em></strong></span> <span class='ocrx_word' id='word_1_708' title='bbox 3189 5475 3299 5522; x_wconf 82' lang='lat' dir='ltr'><strong><em>tam</em></strong></span> <span class='ocrx_word' id='word_1_709' title='bbox 3349 5464 3611 5533; x_wconf 66' lang='lat' dir='ltr'><strong><em>praesenti</em></strong></span> 
     </span>
    </p>
   </div>
   <div class='ocr_carea' id='block_1_107' title="bbox 2036 5536 3608 5605">
    <p class='ocr_par' dir='ltr' id='par_1_107' title="bbox 2036 5536 3608 5605">
     <span class='ocr_line' id='line_1_107' title="bbox 2036 5536 3608 5605; baseline -0.001 -15"><span class='ocrx_word' id='word_1_710' title='bbox 2036 5536 2256 5597; x_wconf 79' lang='lat' dir='ltr'><strong><em>cauoui,</em></strong></span> <span class='ocrx_word' id='word_1_711' title='bbox 2302 5552 2461 5605; x_wconf 86' lang='lat' dir='ltr'><strong><em>quam</em></strong></span> <span class='ocrx_word' id='word_1_712' title='bbox 2494 5538 2693 5595; x_wconf 87' lang='lat' dir='ltr'><strong><em>Leonis</em></strong></span> <span class='ocrx_word' id='word_1_713' title='bbox 2725 5537 2983 5601; x_wconf 69' lang='lat' dir='ltr'><strong><em>Novellm,</em></strong></span> <span class='ocrx_word' id='word_1_714' title='bbox 3012 5536 3286 5592; x_wconf 85' lang='lat' dir='ltr'><strong><em>contraria</em></strong></span> <span class='ocrx_word' id='word_1_715' title='bbox 3326 5545 3429 5605; x_wconf 88' lang='lat' dir='ltr'><strong><em>est,</em></strong></span> <span class='ocrx_word' id='word_1_716' title='bbox 3463 5536 3608 5602; x_wconf 85' lang='lat' dir='ltr'><strong><em>quod</em></strong></span> 
     </span>
    </p>
   </div>
   <div class='ocr_carea' id='block_1_108' title="bbox 2037 5604 3605 5687">
    <p class='ocr_par' dir='ltr' id='par_1_108' title="bbox 2037 5604 3605 5687">
     <span class='ocr_line' id='line_1_108' title="bbox 2037 5604 3605 5687; baseline -0.001 -26"><span class='ocrx_word' id='word_1_717' title='bbox 2037 5604 2330 5687; x_wconf 71' lang='lat' dir='ltr'><strong><em>Aristonus</em></strong></span> <span class='ocrx_word' id='word_1_718' title='bbox 2383 5610 2449 5662; x_wconf 93' lang='lat' dir='ltr'><strong><em>de</em></strong></span> <span class='ocrx_word' id='word_1_719' title='bbox 2495 5611 2892 5663; x_wconf 86' lang='lat' dir='ltr'><strong><em>constitutione</em></strong></span> <span class='ocrx_word' id='word_1_720' title='bbox 2922 5623 2952 5662; x_wconf 88' lang='lat' dir='ltr'><strong><em>a</em></strong></span> <span class='ocrx_word' id='word_1_721' title='bbox 2982 5622 3040 5661; x_wconf 86' lang='lat' dir='ltr'><strong><em>se</em></strong></span> <span class='ocrx_word' id='word_1_722' title='bbox 3068 5621 3132 5662; x_wconf 85' lang='lat' dir='ltr'><strong><em>ex</em></strong></span> <span class='ocrx_word' id='word_1_723' title='bbox 3160 5604 3408 5660; x_wconf 83' lang='lat' dir='ltr'><strong><em>Basilicis</em></strong></span> <span class='ocrx_word' id='word_1_724' title='bbox 3438 5607 3605 5661; x_wconf 82' lang='lat' dir='ltr'><strong><em>citata</em></strong></span> 
     </span>
    </p>
   </div>
   <div class='ocr_carea' id='block_1_109' title="bbox 2037 5685 2575 5731">
    <p class='ocr_par' dir='ltr' id='par_1_109' title="bbox 2037 5685 2575 5731">
     <span class='ocr_line' id='line_1_109' title="bbox 2037 5685 2575 5731; baseline -0.004 -1"><span class='ocrx_word' id='word_1_725' title='bbox 2037 5685 2259 5731; x_wconf 81' lang='lat' dir='ltr'><strong><em>asserit.</em></strong></span> <span class='ocrx_word' id='word_1_726' title='bbox 2571 5690 2575 5697; x_wconf 85' lang='grc'><strong>“</strong></span> 
     </span>
    </p>
   </div>
   <div class='ocr_carea' id='block_1_110' title="bbox 380 5467 1935 5541">
    <p class='ocr_par' dir='ltr' id='par_1_110' title="bbox 380 5467 1935 5541">
     <span class='ocr_line' id='line_1_110' title="bbox 380 5467 1935 5541; baseline -0.005 -16"><span class='ocrx_word' id='word_1_727' title='bbox 380 5483 556 5535; x_wconf 81' lang='lat' dir='ltr'><strong><em>nente,</em></strong></span> <span class='ocrx_word' id='word_1_728' title='bbox 575 5476 681 5541; x_wconf 82' lang='lat' dir='ltr'><strong><em>ipse</em></strong></span> <span class='ocrx_word' id='word_1_729' title='bbox 713 5475 850 5528; x_wconf 88' lang='lat' dir='ltr'><strong><em>inter</em></strong></span> <span class='ocrx_word' id='word_1_730' title='bbox 876 5472 1133 5541; x_wconf 77' lang='lat' dir='ltr'><strong><em>ofﬁciales</em></strong></span> <span class='ocrx_word' id='word_1_731' title='bbox 1161 5472 1445 5526; x_wconf 80' lang='lat' dir='ltr'><strong><em>clarissimi</em></strong></span> <span class='ocrx_word' id='word_1_732' title='bbox 1479 5469 1763 5541; x_wconf 65' lang='lat' dir='ltr'><strong><em>provincia</em></strong></span> <span class='ocrx_word' id='word_1_733' title='bbox 1782 5467 1935 5534; x_wconf 83' lang='lat' dir='ltr'><strong><em>judi—</em></strong></span> 
     </span>
    </p>
   </div>
   <div class='ocr_carea' id='block_1_111' title="bbox 377 5540 1934 5606">
    <p class='ocr_par' dir='ltr' id='par_1_111' title="bbox 377 5540 1934 5606">
     <span class='ocr_line' id='line_1_111' title="bbox 377 5540 1934 5606; baseline -0.006 -9"><span class='ocrx_word' id='word_1_734' title='bbox 377 5544 453 5597; x_wconf 85' lang='lat' dir='ltr'><strong><em>cis</em></strong></span> <span class='ocrx_word' id='word_1_735' title='bbox 491 5540 771 5600; x_wconf 72' lang='lat' dir='ltr'><strong><em>statuetur.</em></strong></span> <span class='ocrx_word' id='word_1_736' title='bbox 815 5552 865 5597; x_wconf 89' lang='lat' dir='ltr'><strong><em>et</em></strong></span> <span class='ocrx_word' id='word_1_737' title='bbox 888 5540 1023 5597; x_wconf 84' lang='lat' dir='ltr'><strong><em>hunc</em></strong></span> <span class='ocrx_word' id='word_1_738' title='bbox 1056 5542 1262 5597; x_wconf 78' lang='lat' dir='ltr'><strong><em>habebit</em></strong></span> <span class='ocrx_word' id='word_1_739' title='bbox 1312 5542 1619 5594; x_wconf 82' lang='lat' dir='ltr'><strong><em>mutationis</em></strong></span> <span class='ocrx_word' id='word_1_740' title='bbox 1677 5540 1934 5606; x_wconf 78' lang='lat' dir='ltr'><strong><em>fructum,</em></strong></span> 
     </span>
    </p>
   </div>
   <div class='ocr_carea' id='block_1_112' title="bbox 383 5610 1937 5682">
    <p class='ocr_par' dir='ltr' id='par_1_112' title="bbox 383 5610 1937 5682">
     <span class='ocr_line' id='line_1_112' title="bbox 383 5610 1937 5682; baseline -0.004 -18"><span class='ocrx_word' id='word_1_741' title='bbox 383 5624 439 5664; x_wconf 89' lang='lat' dir='ltr'><strong><em>ut</em></strong></span> <span class='ocrx_word' id='word_1_742' title='bbox 466 5616 553 5682; x_wconf 85' lang='lat' dir='ltr'><strong><em>qui</em></strong></span> <span class='ocrx_word' id='word_1_743' title='bbox 581 5630 787 5666; x_wconf 76' lang='lat' dir='ltr'><strong><em>sacrum</em></strong></span> <span class='ocrx_word' id='word_1_744' title='bbox 821 5615 1172 5682; x_wconf 76' lang='lat' dir='ltr'><strong><em>ministerium</em></strong></span> <span class='ocrx_word' id='word_1_745' title='bbox 1215 5612 1473 5682; x_wconf 77' lang='lat' dir='ltr'><strong><em>despexit,</em></strong></span> <span class='ocrx_word' id='word_1_746' title='bbox 1510 5610 1791 5682; x_wconf 75' lang='lat' dir='ltr'><strong><em>tribunalis</em></strong></span> <span class='ocrx_word' id='word_1_747' title='bbox 1827 5618 1937 5682; x_wconf 43' lang='lat' dir='ltr'><strong><em>tet?</em></strong></span> 
     </span>
    </p>
   </div>
   <div class='ocr_carea' id='block_1_113' title="bbox 378 5677 1934 5747">
    <p class='ocr_par' dir='ltr' id='par_1_113' title="bbox 378 5677 1934 5747">
     <span class='ocr_line' id='line_1_113' title="bbox 378 5677 1934 5747; baseline -0.001 -14"><span class='ocrx_word' id='word_1_748' title='bbox 378 5677 490 5735; x_wconf 69' lang='lat' dir='ltr'><strong><em>veni</em></strong></span> <span class='ocrx_word' id='word_1_749' title='bbox 522 5683 749 5736; x_wconf 76' lang='lat' dir='ltr'><strong><em>observet</em></strong></span> <span class='ocrx_word' id='word_1_750' title='bbox 782 5685 1069 5736; x_wconf 82' lang='lat' dir='ltr'><strong><em>servitium.</em></strong></span> <span class='ocrx_word' id='word_1_751' title='bbox 1112 5680 1402 5736; x_wconf 83' lang='lat' dir='ltr'><strong><em>Justinian.</em></strong></span> <span class='ocrx_word' id='word_1_752' title='bbox 1436 5679 1623 5733; x_wconf 77' lang='lat' dir='ltr'><strong><em>Novel.</em></strong></span> <span class='ocrx_word' id='word_1_753' title='bbox 1649 5679 1707 5747; x_wconf 72' lang='grc' dir='ltr'><strong><em>5ο</em></strong></span> <span class='ocrx_word' id='word_1_754' title='bbox 1736 5693 1854 5744; x_wconf 79' lang='lat' dir='ltr'><strong><em>cap.</em></strong></span> <span class='ocrx_word' id='word_1_755' title='bbox 1881 5677 1934 5729; x_wconf 86' lang='lat'><strong><em>6.</em></strong></span> 
     </span>
    </p>
   </div>
   <div class='ocr_carea' id='block_1_114' title="bbox 380 5749 1938 5822">
    <p class='ocr_par' dir='ltr' id='par_1_114' title="bbox 380 5749 1938 5822">
     <span class='ocr_line' id='line_1_114' title="bbox 380 5749 1938 5822; baseline -0.003 -18"><span class='ocrx_word' id='word_1_756' title='bbox 380 5752 505 5807; x_wconf 68' lang='grc' dir='ltr'><em>ιιωυ</em></span> <span class='ocrx_word' id='word_1_757' title='bbox 529 5755 671 5808; x_wconf 82' lang='lat' dir='ltr'><strong><em>enim</em></strong></span> <span class='ocrx_word' id='word_1_758' title='bbox 700 5755 1037 5818; x_wconf 86' lang='lat' dir='ltr'><strong><em>constitutio,</em></strong></span> <span class='ocrx_word' id='word_1_759' title='bbox 1065 5768 1173 5822; x_wconf 80' lang='lat' dir='ltr'><strong><em>qua</em></strong></span> <span class='ocrx_word' id='word_1_760' title='bbox 1216 5753 1521 5807; x_wconf 81' lang='lat' dir='ltr'><strong><em>monachus</em></strong></span> <span class='ocrx_word' id='word_1_761' title='bbox 1554 5749 1938 5803; x_wconf 79' lang='lat' dir='ltr'><strong><em>monasterium</em></strong></span> 
     </span>
    </p>
   </div>
   <div class='ocr_carea' id='block_1_115' title="bbox 2702 5866 2729 5894">
    <p class='ocr_par' dir='ltr' id='par_1_115' title="bbox 2702 5866 2729 5894">
     <span class='ocr_line' id='line_1_115' title="bbox 2702 5866 2729 5894; baseline 0 0"><span class='ocrx_word' id='word_1_762' title='bbox 2702 5866 2729 5894; x_wconf 74' lang='grc' dir='ltr'><strong><em>ο</em></strong></span> 
     </span>
    </p>
   </div>
  </div>
