4078 6388
1494 329 1577 389 ΙΝ·
1613 329 1775 388 CAN.
1820 328 1902 391 IX
1941 328 2161 389 δοκοί
2193 328 2551 388 CHALCED.
3513 332 3615 392 4ῒὸ

2129 452 2252 493 lano
2285 444 2558 509 cpiscopus
2593 443 2669 496 rel
2702 442 2922 498 clericus
2960 443 3368 497 controversiam
3404 445 3612 499 lmbeot.

2126 532 2358 585 dioecesi:
2384 537 2665 587 exaratum
2690 536 2869 597 adeat,
2895 537 2969 589 rel
2998 537 3284 601 imperiali:
3312 538 3453 589 urbis
3482 536 3619 591 Con-

382 324 505 391 417

462 442 620 496 ἴδιον
662 442 701 511 ἣ
741 442 838 495 καί
880 444 1029 508 προς
1069 439 1275 510 ἕτερον
1302 441 1663 505 ἐπίσκοπον,
1694 444 1852 507 παρὰ
1886 439 1957 506 τῇ
1988 446 2031 499 Λ

460 536 701 600 συνόδῳ
733 535 841 603 τῆς
891 536 1180 602 ἐπαρχίας
1219 533 1562 595 δικαζέσθω.
1593 536 1658 587 Εἰ
1706 532 1774 585 δὲ
1806 533 1955 599 πρὸς

461 630 568 682 τὸν
618 628 728 696 τῆς
778 626 968 693 αὐτῆς
1019 628 1310 695 ἐπαρχίας
1341 626 1785 694 μητροπολίτην
1824 626 1954 678 ἐπί-

458 737 690 787 σκοπος
731 721 767 788 ἢ
805 721 1090 787 κληρικὸς
1116 721 1539 788 ἀμερισῦητοίη,
1577 722 1951 788 καταλαμϐα-

461 817 611 869 νέτω
643 814 682 882 ἢ
733 814 991 881 ἔξαρχον
1040 813 1150 879 τῆς
1193 812 1563 878 διοικήσεως,
1604 812 1641 879 ἢ
1690 815 1798 865 τὸν
1840 813 1952 881 τῆς

449 908 912 974 ,βασιλευούσης
970 904 1663 969 Κωνστανῖτινουπόλεως
1715 906 1949 972 θρόνον,

454 1002 554 1054 καί
593 1001 686 1052 ἐπ’
713 997 874 1062 αὐτῷ
906 997 1250 1057 citima-3000).

460 1090 660 1144 ΒΑΛΣ.
704 1089 1154 1158 Ὀροθετὴσαντες
1198 1089 1248 1141 οἰ
1282 1087 1427 1154 ἆγιοι
1462 1087 1703 1155 Πατέρες
1737 1086 1949 1148 πάντας

378 1187 512 1246 τοὺς
545 1182 837 1249 κληρικοὺς
866 1181 1188 1232 ὑποκεῖσθαι
1217 1180 1294 1249 τῷ
1324 1180 1465 1234 κατὰ
1506 1180 1692 1250 χώραν
1721 1180 1948 1232 ἐπισκό-

381 1292 472 1344 πῳ
527 1271 627 1342 (τῷ
682 1273 904 1339 ὀνόματι
936 1270 992 1323 δὲ
1024 1271 1133 1324 τὼν
1165 1272 1440 1341 κληρικών
1490 1275 1582 1323 καὶ
1627 1272 1674 1323 οἰ
1727 1272 1948 1339 μοναχοὶ

382 1363 776 1435 περιέχονται).
826 1362 1089 1430 ἐπάγουσι
1137 1363 1224 1416 διὰ
1268 1363 1362 1415 τοῦ
1402 1364 1667 1431 παρόντος
1724 1364 1947 1425 κανόνος

383 1458 463 1527 μὴ
497 1456 641 1527 ἔχειν
674 1455 760 1507 ἐπ’
794 1455 978 1516 ἀδείας
1008 1454 1267 1523 κληρικὸν
1303 1453 1454 1522 παρὰ
1480 1453 1738 1522 πολιτικῷ
1795 1454 1947 1506 δικα-

356 1548 594 1617 ⁸στηρίῳ
620 1547 836 1613 ἐνάγειν
865 1545 1008 1597 κατὰ
1036 1544 1320 1613 κληρικοῦ,
1353 1544 1490 1598 ἀλλὰ
1526 1543 1673 1614 παρὰ
1701 1544 1778 1614 τῷ
1828 1544 1944 1612 ἰδίῳ

378 1639 669 1708 ἐπισκόπῳ
701 1655 713 1667 ·
747 1638 777 1707 ἢ
811 1639 951 1690 κατὰ
976 1638 1201 1706 γνώμην
1231 1637 1323 1688 τοῦ
1358 1635 1677 1699 ἐπισκόπου,
1704 1637 1835 1705 παρ’
1860 1630 1942 1698 οἷς

382 1733 451 1787 ἂν
502 1733 571 1786 τὰ
625 1732 761 1802 μέρη
810 1730 1132 1801 θελήσωσιν,
1188 1729 1493 1797 ὀφείλουσιν
1524 1725 1664 1781 εἰναι
1725 1728 1941 1789 πάντως

378 1825 732 1894 προσφόροις,
766 1823 934 1893 ἤγουν
969 1822 1467 1892 ἐκκλησιαστικοίς.
1500 1820 1659 1881 Εἰκὸς
1685 1819 1793 1889 γάρ
1823 1822 1938 1872 ἐστι

378 1914 460 1984 μὴ
492 1914 668 1966 θέλειν
692 1916 781 1965 τὸν
821 1914 1121 1966 ἐπίσκοπον
1165 1910 1541 1981 ἀκροάσασθαι
1592 1911 1690 1979 τῆς
1738 1909 1940 1963 ὑποθέ-

377 2024 516 2069 σεως
546 2007 634 2060 διά
661 2024 782 2059 τινα
812 2006 1033 2072 εὔλογον
1062 2006 1261 2058 αἰτίαν.
1314 2005 1416 2057 Τὸν
1464 2005 1520 2056 δὲ
1556 2003 1709 2072 παρὰ
1762 2001 1937 2054 ταῦτα

375 2100 686 2169 ποιήσαντα
714 2100 1020 2159 κανονικοίς
1041 2098 1334 2165 ἐπιτιμίοις
1364 2096 1655 2149 ὑποϐάλλει
1677 2098 1706 2145 ὁ
1731 2093 1932 2147 κανών.

354 2192 489 2267 ⁵Καὶ
519 2190 687 2243 ταῦτα
719 2192 818 2261 μὲν
849 2191 977 2243 ὅταν
1009 2189 1102 2242 δύο
1129 2189 1380 2259 κληρικοὶ
1411 2189 1542 2256 μιᾶς
1571 2186 1781 2255 ἐνορίας
1815 2184 1933 2238 κατ’

370 2285 620 2356 ἀλλήλων
652 2286 974 2353 δικαστήρια
1024 2283 1241 2353 ἔχωσιν.
1292 2281 1353 2335 Εἰ
1403 2281 1459 2334 δὲ
1508 2280 1770 2351 κληρικδς
1821 2278 1934 2348 ἔχει

370 2377 597 2445 ἀγωγὴν
637 2376 778 2428 κατὰ
825 2376 919 2427 τοῦ
971 2376 1099 2427 ἰδίου
1138 2374 1442 2427 ἐπισκόπου
1492 2374 1526 2443 ἢ
1575 2371 1695 2425 καθ’
1743 2373 1929 2439 ἐτέρου

371 2465 696 2524 ἐπισκόπου.
731 2468 797 2515 ei
822 2464 921 2533 τῆς
949 2464 1255 2526 ὑποθέσεως
1283 2464 1736 2531 ἐξετασθήσονται
1781 2461 1932 2530 παρᾶ

370 2555 452 2626 τῷ
499 2556 794 2626 προσφόρῳ
833 2557 1208 2629 μητροπολίτῃ
1264 2556 1363 2626 τῆς
1415 2555 1700 2624 ἐπαρχίας.
1762 2553 1822 2606 Εἰ
1876 2554 1932 2606 δὲ

369 2648 513 2700 κατὰ
549 2649 944 2717 μητροπολίτου
976 2648 1089 2717 ἔχει
1120 2647 1343 2721 ἀγωγὴν
1374 2648 1667 2709 ἐπίσκοπος
1715 2647 1748 2717 ὴ
1802 2646 1933 2716 κλη-

370 2740 526 2809 ρικὸς
583 2739 1001 2810 μητροπολίτου,
1048 2739 1340 2810 διορίζεται
1388 2740 1416 2791 ὁ
1473 2738 1652 2792 κανὼν
1686 2738 1931 2801 δικάζειν

369 2831 472 2900 τὴν
515 2830 773 2882 ὑπόθεσιν
819 2831 850 2903 ἢ
887 2831 977 2883 τὸν
1034 2831 1263 2899 ἔξαρχον
1295 2831 1393 2898 τῆς
1427 2829 1743 2898 διοικήσεως
1775 2830 1806 2899 ἢ
1839 2830 1931 2880 τὸν

370 2922 723 2990 πατριάρχην
777 2920 1424 2981 Κωνοταντινουπόλεως.
1472 2922 1788 2991 Ὀφείλομεν
1838 2921 1930 2972 οὑν

367 3015 553 3082 λέγειν
579 3013 674 3077 ὡς,
702 3011 758 3064 εἰ
784 3029 868 3076 τις
898 3012 1161 3082 κληρικδς
1196 3013 1379 3082 μέλλει
1406 3013 1682 3080 γυμνάσαι
1734 3012 1931 3064 ὑπόθε-

2124 625 2490 693 stantinopolis
2517 625 2783 693 thronum,
2816 639 2863 680 et
2896 628 3034 695 apud
3059 644 3173 680 eum
3202 628 3387 697 litiget.

2123 1088 2317 1143 BALS.
2392 1088 2681 1158 Postquam
2750 1089 3084 1144 deﬁniissent
3146 1093 3317 1145 sancti
3380 1093 3604 1159 Patres,

2047 1199 2238 1238 omnes
2272 1183 2503 1237 cleric0s
2552 1184 2787 1251 regionis
2832 1198 3087 1251 episcopo
3127 1186 3319 1252 subjici
3356 1187 3607 1254 (clerico-

2048 1287 2164 1325 rum
2222 1282 2398 1324 autem
2459 1274 2855 1325 uouiineetiam
2908 1273 3153 1325 monachi
3207 1275 3603 1343 continentur),

2049 1379 2142 1432 per
2170 1374 2483 1431 praesentem
2514 1379 2772 1418 canoneui
2808 1364 3045 1418 inferunt
3070 1381 3172 1417 non
3212 1367 3372 1420 licere
3407 1368 3607 1419 clerico

2044 1455 2184 1523 apud
2226 1455 2486 1522 judicium
2532 1456 2691 1510 civile
2734 1442 3004 1510 adversus:
3034 1460 3288 1512 clericum
3340 1459 3603 1513 actionem

2042 1547 2341 1612 intendere,
2372 1554 2464 1601 sed
2497 1549 2633 1617 apud
2664 1550 2935 1617 proprium
2968 1551 3280 1618 episcopum
3319 1569 3333 1604 :
3380 1552 3459 1605 vel
3490 1552 3606 1618 ejus

2042 1637 2337 1703 voluntate,
2356 1640 2493 1707 apud
2516 1655 2609 1692 eos
2631 1655 2765 1707 quos
2790 1652 2968 1705 partes
2993 1631 3277 1698 voluerint.
3303 1642 3393 1711 qui
3423 1652 3600 1695 tamen

2042 1729 2239 1783 debent
2266 1743 2385 1782 esse
2423 1729 2619 1793 idonei,
2664 1730 2713 1781 id
2750 1739 2851 1791 est,
2893 1729 3271 1782 ecclesiastici.
3325 1731 3417 1783 Est.
3456 1731 3599 1783 enim

1971 1794 2014 1851 Β
2042 1820 2355 1883 verisimile,
2391 1821 2626 1872 futurum
2672 1829 2729 1872 ut
2772 1820 2905 1887 nolit
2952 1824 3274 1887 quandoque
3319 1822 3603 1888 cpisc0pus

2038 1928 2254 1967 causam
2285 1912 2472 1964 audire
2514 1914 2657 1976 justa
2706 1911 2881 1979 aliqua
2912 1910 2979 1964 de
3022 1924 3206 1964 causa.
3251 1908 3380 1963 Eum
3417 1921 3598 1964 autem

2037 2006 2127 2077 qui
2167 2013 2362 2073 praeter
2390 2005 2503 2057 hanc
2526 2001 2767 2063 facturus
2788 2013 2892 2063 est,
2922 2018 3093 2055 canon
3122 2004 3399 2056 canonicis
3428 2005 3603 2071 poenis

2036 2097 2275 2165 subjicit.
2302 2096 2365 2149 Et
2391 2097 2505 2149 haec
2530 2096 2745 2162 quidem
2774 2096 2842 2147 ita
2868 2113 2927 2148 se
2948 2095 3169 2151 habent.
3199 2098 3414 2160 quando
3440 2098 3603 2149 unius

2034 2190 2270 2258 regionis
2297 2189 2403 2242 duo
2430 2189 2609 2241 clerici
2641 2188 2782 2240 inter
2812 2202 2869 2239 se
2899 2188 3121 2241 invii-em
3158 2189 3352 2241 habent
3381 2201 3599 2242 contro-

2033 2282 2285 2336 versiam.
2320 2280 2374 2333 Si
2403 2290 2589 2335 autem
2609 2278 2839 2333 clericus
2867 2279 3024 2331 habet
3052 2280 3320 2332 actionem
3345 2268 3601 2332 advvisns

2033 2375 2305 2444 proprium
2333 2374 2668 2440 episcopum,
2687 2370 2767 2424 vel
2789 2370 3047 2422 adversus
3072 2354 3239 2421 alium
3263 2373 3598 2437 episcOpnm,

2032 2463 2429 2521 exatniuahitnr
2455 2478 2612 2516 c:insa
2640 2463 2778 2528 apud
2802 2462 3049 2513 idoneum
3084 2462 3369 2525 provincia:
3397 2476 3597 2513 metro-

2032 2560 2348 2628 politamuu.
2401 2557 2454 2607 Si
2502 2565 2678 2606 autem
2722 2554 3006 2621 episcOpus
3059 2552 3140 2603 vel
3198 2553 3598 2617 metropolitani

2030 2653 2260 2706 clericus
2301 2650 2461 2702 habet
2497 2648 2765 2700 actionem
2808 2646 3068 2699 adversus
3100 2644 3596 2711 metrttpolitamnn,

2032 2743 2273 2798 decernit
2299 2756 2472 2793 canon
2509 2753 2561 2790 ιιι
2597 2739 2663 2791 de
2694 2753 2857 2791 causa
2891 2744 3187 2802 COgnoscat
3236 2737 3315 2788 vel
3347 2738 3597 2790 dioecesis

2030 2836 2317 2893 exarchus.
2349 2834 2431 2885 vc!
2468 2831 2771 2899 patriarcha
2798 2829 3448 2898 Constantinopolitanns.
3483 2829 3587 2882 Dc-

2032 2925 2218 2977 bemus
2248 2941 2375 2991 ergo
2415 2925 2615 2987 dicere,
2658 2924 2798 2990 quod
2832 2923 2875 2975 si
2915 2924 3036 2990 quis
3070 2922 3305 2975 clericus
3336 2922 3594 2973 adversus

2032 3018 2285 3071 clericum
2337 3017 2415 3069 vel
2449 3018 2758 3083 episcopum
2806 3015 2889 3068 vel
2934 3015 3398 3082 metrOpolitanum
3438 3028 3597 3079 agere

371 3123 459 3159 σιν
513 3107 662 3159 κατὰ
710 3105 972 3177 κληρικοῦ
1006 3106 1038 3176 ἢ
1075 3106 1373 3159 ἐπισκόπου
1425 3107 1456 3176 ἢ
1511 3105 1927 3176 μητροπολίτου,

2040 3112 2193 3172 velit,
2238 3112 2406 3161 fotum
2449 3109 2521 3160 rei
2560 3109 2849 3162 secundum
2899 3106 3039 3173 leges
3080 3116 3348 3172 sequatur.
3401 3106 3595 3159 Clerici

366 3198 447 3267 τῷ
478 3199 630 3269 φόρῳ
657 3198 749 3251 τοῦ
800 3198 1127 3267 ἐναγομένου
1156 3202 1294 3251 κατά
1322 3199 1519 3268 νόμους
1548 3198 1928 3251 ἀκολουθείτω.

364 3291 432 3342 Οἰ
466 3289 568 3356 μὲν
597 3289 705 3357 γὰρ
735 3287 985 3359 κληρικοὶ
1015 3288 1110 3341 καὶ
1141 3289 1368 3357 μοναχοί
1401 3288 1548 3357 παρὰ
1575 3286 1652 3357 τῷ
1681 3289 1930 3358 ἐγχωρίῳ

366 3382 657 3451 ἐπισκὼῑῳ
719 3382 1167 3452 ἐλκυσθήσονται,
1219 3383 1247 3433 ὁ
1304 3380 1600 3443 ἐπίσκοπος
1652 3380 1799 3450 παρὰ
1854 3379 1933 3450 τῷ

367 3475 766 3545 μητροπολίτῃ.
787 3475 880 3527 καὶ
907 3476 935 3525 ὁ
964 3473 1361 3544 μητροπολίτης
1384 3474 1534 3541 παρὰ
1561 3472 1638 3542 τῷ
1666 3476 1933 3542 πατριάρ-

360 3585 439 3641 χῃ
466 3583 483 3599 ο
515 3570 609 3620 καὶ
640 3569 740 3619 οὑκ
765 3567 914 3620 ἔσται
942 3566 1095 3620 ἄδεια
1124 3566 1284 3637 τυχὸν
1312 3567 1560 3635 κληρικῷ
1585 3566 1682 3633 τῆς
1711 3570 1932 3618 ἐπισκο-

368 3663 478 3732 πῆς
511 3658 605 3711 τοῦ
650 3655 857 3726 ’Δθὺρα
894 3658 1037 3727 παρὰ
1070 3655 1149 3725 τῷ
1195 3656 1567 3725 μητροπολίτῃ
1607 3653 1932 3724 Ἡρακλείας

368 3750 658 3816 ἐναγαγεῖν
692 3747 831 3799 κατὰ
864 3744 1233 3815 συγκληρικοῦ
1267 3745 1453 3807 αὑτοῦ,
1504 3745 1644 3807 ἀλλ’,
1676 3745 1750 3807 ὡς
1796 3746 1931 3797 ἄνω-

372 3843 469 3893 θεν
513 3841 750 3910 εἴρηται,
802 3839 1025 3907 ποιῆσαι
1084 3837 1585 3904 ἀναγκασθήσεται.
1634 3837 1931 3905 Ἐρωτὴσει

378 3934 442 3986 δέ
470 3949 576 3996 τις,
618 3933 711 3985 ἐὰν
764 3929 1023 3998 κληρικὸς
1055 3929 1116 3981 οὑ
1150 3929 1350 3999 θελήσῃ
1380 3929 1531 3997 παρὰ
1554 3928 1629 3997 τῷ
1667 3928 1779 3997 ἰδίῳ
1807 3932 1931 3979 ἐπι-

390 4023 574 4092 οκόπῳ
618 4020 935 4077 δικάσασθαι
989 4020 1129 4090 μετὰ
1180 4018 1548 4089 συγκληρικοῦ
1577 4018 1766 4083 αὑτοῦ,
1797 4020 1933 4074 ἀλλὰ

391 4115 535 4179 παρὰ
566 4112 636 4182 τῷ
670 4112 1040 4183 μητροπολίτῃ
1090 4112 1280 4183 ἐνάγῃ.
1336 4112 1649 4164 ἐκπεσεῖται
1701 4112 1802 4180 τῆς
1850 4112 1933 4163 οἰ-

383 4211 531 4268 κείας
571 4208 871 4275 ἐναγωγῆς,
923 4206 1061 4274 ὅπερ
1110 4204 1304 4273 ἔμελλε
1357 4203 1577 4267 παθεῖν,
1638 4203 1793 4272 εἰπερ
1852 4204 1932 4266 εἰς

379 4300 635 4368 γοομικὸν
654 4298 1005 4367 δικαστήριον
1045 4296 1264 4348 εἵλκυσε
1301 4296 1530 4360 τοῦτονς
1564 4296 1775 4360 Λύσις.
1818 4298 1932 4349 Οὐκ

371 4393 577 4463 ἐκπέσῃ
626 4391 726 4460 μὲν
754 4389 853 4457 τῆς
885 4389 1090 4451 οἰκείας
1144 4387 1471 4451 ὑποθέσεως,
1510 4387 1585 4449 ὼς
1621 4388 1694 4457 μὴ
1730 4389 1930 4454 ἐναγα-

2031 3205 2174 3261 enim
2209 3213 2262 3255 et
2305 3201 2551 3255 monachi
2584 3199 2722 3265 apud
2760 3200 2995 3265 regionis
3039 3200 3348 3266 episcopum
3381 3201 3597 3251 trahen-

2033 3309 2139 3361 tur,
2165 3296 2447 3364 episcopos
2473 3292 2610 3358 apud
2638 3292 3132 3356 metrOpolitanum,
3155 3291 3594 3356 metropolitanum

2032 3388 2169 3456 apud
2215 3385 2571 3453 patriarcham
2621 3399 2633 3435 :
2686 3390 2739 3433 et
2791 3398 2894 3434 non
2949 3381 3155 3442 licebit,
3212 3381 3357 3433 verbi
3398 3382 3592 3448 gratia,

2031 3480 2226 3533 clerico
2271 3478 2611 3545 episcopatus
2645 3474 2862 3544 Athyrae
2902 3472 3041 3541 apud
3084 3472 3359 3528 Heraclea:
3401 3486 3601 3527 metro.

2032 3571 2326 3640 politanum
2375 3572 2634 3621 adversus
2690 3565 3052 3621 conclericum
3114 3582 3267 3621 suum
3324 3568 3591 3620 actionem

2034 3664 2333 3722 intendere,
2371 3662 2493 3721 sed,
2542 3669 2598 3712 nt
2629 3660 2877 3726 superius
2906 3659 3107 3710 dietmn
3150 3666 3254 3717 est.
3291 3656 3467 3711 facere
3501 3673 3596 3709 co-

2014 3756 2207 3821 aetur.
2243 3753 2596 3820 lntcrrogahit
2630 3758 2805 3803 autem
2836 3750 3126 3817 quispiam,
3157 3751 3201 3801 si
3237 3750 3466 3802 clericus
3500 3766 3595 3800 uo-

2036 3847 2193 3899 luerit
2248 3844 2385 3911 apud
2442 3844 2711 3911 preprium
2767 3843 3073 3907 episc0puin
3128 3856 3246 3892 cum
3296 3840 3594 3909 synclerico

2033 3936 2264 4001 litigare.
2311 3934 2403 3986 sed
2441 3934 2577 3987 anud
2620 3931 3086 3998 meImpolitanunt
3119 3932 3387 3983 actionem
3420 3932 3596 3983 inten-

2032 4029 2192 4087 derit,
2225 4039 2348 4074 num
2383 4037 2542 4075 causa
2576 4023 2730 4074 cadet
2759 4029 2807 4073 el
2844 4020 3113 4087 propriam
3144 4019 3406 4071 actionem
3436 4021 3595 4071 amit-

2036 4126 2148 4170 tet:
2180 4116 2320 4183 quod
2347 4114 2559 4178 quidem
2597 4113 2831 4165 futurum
2863 4124 2967 4173 est,
3000 4113 3043 4164 si
3068 4113 3190 4164 eum
3228 4114 3290 4162 ad
3323 4112 3589 4177 judicium

2028 4206 2288 4260 saeculari:
2351 4206 2627 4258 traxerit?
2684 4204 2909 4258 Salutio.
2979 4204 3151 4257 Causa
3212 4202 3426 4265 quidem
3487 4219 3591 4256 non

2034 4298 2209 4355 cadet.
2244 4309 2297 4349 ut
2329 4298 2419 4365 qui
2465 4313 2567 4348 non
2608 4296 2673 4349 ad
2708 4296 2864 4349 civile
2905 4296 3167 4362 judicium
3200 4299 3461 4349 actionem
3506 4298 3589 4349 itt-

2037 4388 2318 4442 tcutaverit
2354 4405 2368 4438 :
2401 4389 2493 4439 sed
2541 4386 2831 4438 secundum
2875 4396 3191 4454 praesentem
3239 4401 3497 4438 canonetn
3536 4386 3588 4439 in

366 4487 477 4553 γὼν
508 4487 588 4547 εἰς
621 4482 902 4534 πολιτικὸν
943 4479 1292 4549 δικαστήριον
1320 4496 1333 4508 ’
1388 4478 1844 4549 ἐπιτιμηθήσεται
1875 4478 1931 4532 δὲ

2035 4496 2153 4530 eum
2188 4480 2662 4532 animadvertetur.
2702 4477 2814 4531 Nec
2847 4478 2942 4530 tibi
2976 4478 3305 4531 contrarium
3341 4494 3461 4532 esse
3489 4494 3591 4545 pu-

363 4579 507 4631 κατὰ
535 4577 632 4630 τὸν
658 4573 905 4645 παρόντα
933 4573 1153 4625 κανόνα.
1187 4570 1276 4640 Μὴ
1312 4571 1606 4639 ἐναντιωθῇ
1638 4572 1693 4623 δέ
1743 4588 1824 4623 σοι
1870 4571 1931 4623 τὸ

363 4678 417 4735 ς’
449 4688 580 4737 κεφ.
612 4667 707 4720 τοῦ
737 4663 784 4719 α’
816 4664 994 4718 τίτλου
1026 4663 1121 4716 τοῦ
1146 4661 1191 4730 γ’
1225 4662 1432 4729 βιϐλίου
1460 4663 1569 4715 τῶν
1600 4663 1927 4725 Βασιλικών,

358 4762 524 4830 ὶὶγον
550 4776 564 4789 ·
600 4758 836 4812 Δυνατδν
888 4757 980 4808 καὶ
1032 4756 1185 4823 παρὰ
1229 4753 1308 4823 τῷ
1364 4754 1679 4823 πατριάρχῃ
1715 4754 1929 4821 πρῶτον

357 4850 741 4912 αἰτιάσασθαι,
775 4846 868 4899 καὶ
894 4846 1065 4897 αἰτεῖν
1096 4845 1182 4895 διὰ
1229 4842 1569 4914 γραμμάτων
1613 4843 1798 4901 αὑτοῦ,
1844 4842 1929 4892 δο-

359 4942 523 5011 θῆναί
554 4957 677 4994 τινα
707 4934 965 5006 δικαστὴν
995 4938 1101 4987 τῶν
1157 4936 1296 4987 κατὰ
1354 4934 1517 4986 τόπον
1567 4934 1882 4986 ἐπισκόπων
1908 4949 1923 4965 ο

359 5027 427 5087 οὗ
459 5029 891 5100 παραιτηθείσης
939 5028 1037 5096 τῆς
1084 5027 1283 5096 ψήφου,
1330 5013 1492 5109 πάλιν
1520 5025 1547 5075 ὀ
1582 5022 1929 5094 πατριάρχης

358 5122 594 5186 δικάζει.
667 5120 829 5171 Ἀλλὰ
892 5117 1213 5184 ἀνάγνωσον
1270 5114 1388 5182 μετ’
1454 5113 1780 5172 ἐπιστασίας
1836 5112 1929 5164 τὸν

364 5217 615 5284 παρόντα
643 5212 865 5273 κανόνα,
897 5209 985 5261 τὸν
1019 5205 1079 5259 ιε’
1110 5206 1208 5275 τῆς
1237 5206 1295 5257 ἐν
1324 5204 1650 5274 Καρθαγένῃ
1685 5203 1926 5265 συνόδου,

362 5311 458 5362 τὸν
508 5310 562 5369 ς’
590 5304 692 5373 τῆς
744 5299 789 5372 β’
819 5299 1038 5353 συνόδου
1095 5301 1187 5350 καὶ
1218 5297 1278 5349 τὸ
1307 5302 1355 5348 α’
1388 5313 1513 5364 κεφ.
1541 5295 1635 5348 τοῦ
1671 5293 1715 5345 θ’
1744 5294 1926 5346 τίτλου

360 5397 458 5450 τοῦ
488 5397 757 5467 παρόντος
782 5392 1184 5461 συντάγματος,
1218 5389 1310 5442 καὶ
1336 5388 1403 5441 τὰ
1432 5391 1490 5440 ἐν
1525 5386 1697 5455 αὑτῷ,
1731 5386 1928 5438 λύοντα

358 5494 421 5543 τὸ
472 5484 875 5557 ἐναντιοφανις.
910 5484 983 5537 Τὸ
1027 5483 1084 5535 δὲ
1133 5482 1425 5551 εἰρημένον
1455 5478 1708 5541 ἐνταῦθα,
1758 5478 1927 5547 ἢγουν

362 5581 557 5653 γνώμῃ
608 5578 703 5633 τοῦ
758 5577 1081 5637 ἐπισκόπου,
1133 5575 1263 5645 παρ’
1299 5567 1378 5636 οἷς
1431 5572 1496 5626 ἂν
1544 5572 1612 5624 τὰ
1638 5572 1925 5640 ἀμφότερα

366 5676 509 5744 μέρη
544 5674 841 5744 βούλωνται
893 5671 961 5721 τὶ
1010 5670 1108 5738 τῆς
1157 5667 1307 5734 δίκης
1361 5663 1799 5734 συγκροτείσθαι,
1848 5663 1925 5733 μὴ

362 5771 521 5843 εἴπῃς
570 5768 702 5837 περὶ
751 5762 972 5834 αἱρετοῦ
1016 5761 1269 5815 δικαστοῦ
1325 5755 1782 5828 ἐκλαμϐάνεσθαι,
1844 5756 1919 5827 μὴ

2034 4583 2173 4625 tetur
2201 4572 2232 4623 6
2268 4587 2383 4638 cap.
2421 4572 2575 4638 primi
2614 4571 2697 4623 tit.
2735 4570 2767 4623 5
2796 4570 2888 4622 Iih.
2924 4568 3138 4623 Basilio.
3166 4571 3352 4624 dicens
3390 4586 3402 4622 :
3437 4569 3588 4636 Apud

2032 4665 2394 4732 patriam-ham
2446 4678 2661 4731 quoque
2714 4664 2944 4730 primum
2997 4661 3263 4713 actionem
3323 4660 3585 4727 quispiam

2030 4760 2309 4812 intendere
2340 4768 2531 4819 potest,
2565 4767 2616 4808 ct
2642 4770 2823 4824 petere
2851 4772 2946 4823 per
2970 4755 3177 4808 litteras
3201 4754 3317 4819 ejus
3340 4755 3445 4808 sibi
3474 4756 3585 4807 dari

2027 4850 2257 4917 judicent
2296 4850 2529 4917 aliquem
2580 4849 2681 4900 loci
2724 4849 3120 4912 episcoporum,
3158 4845 3309 4911 cujus
3343 4857 3585 4898 recusato

2029 4940 2288 4993 sententia
2311 4938 2616 5008 patriarcha
2648 4953 2833 4989 rursus
2856 4937 3134 5001 judicahit.
3177 4938 3279 4989 Sed
3306 4941 3418 5004 lege
3450 4952 3590 5003 prte—

2029 5038 2234 5085 scutem
2262 5044 2523 5082 canonem
2552 5028 2863 5095 diligenter,
2902 5026 2966 5079 15
3000 5043 3122 5080 can.
3158 5028 3345 5082 Carth.
3377 5043 3494 5097 syit.
3531 5027 3583 5083 6.

2028 5116 2065 5168 2
2092 5131 2212 5185 syu.
2241 5128 2294 5168 et
2334 5116 2356 5167 i
2394 5132 2510 5182 cap.
2544 5114 2574 5166 9
2635 5115 2715 5168 tit.
2744 5117 3026 5181 praesentis
3057 5114 3257 5181 operis,
3294 5127 3345 5167 et
3374 5131 3492 5182 qua:
3532 5115 3583 5166 iu

2027 5226 2092 5263 eo
2135 5218 2260 5277 sunt
2290 5225 2303 5260 :
2335 5223 2451 5274 qua:
2489 5205 2705 5271 quidem
2750 5218 3096 5272 apparentem
3141 5206 3580 5259 contrarietatem

2027 5297 2346 5350 dissolvunt.
2372 5294 2520 5359 Quod
2544 5301 2722 5346 autem
2754 5293 2843 5346 hic
2874 5293 3075 5346 dictum
3102 5304 3202 5356 est,
3231 5291 3323 5346 Vel
3348 5291 3583 5360 episcopi

2030 5386 2320 5448 voluntate,
2366 5387 2506 5453 apud
2556 5398 2649 5438 eos
2688 5399 2821 5452 quos
2870 5393 3099 5453 utraque
3152 5399 3278 5451 pars
3329 5381 3581 5435 Vtiluel‘ii.

2023 5481 2281 5549 judicium
2307 5482 2555 5549 agitetur,
2581 5492 2648 5532 ne
2670 5480 2817 5533 dicas
2840 5480 3005 5547 accipi
3026 5478 3092 5531 de
3113 5477 3294 5545 judice
3316 5473 3582 5540 eligendo.

2028 5574 2120 5643 qui
2159 5570 2589 5640 jurisdictionem
2637 5586 2740 5623 non
2775 5573 2963 5636 habet;
3011 5584 3131 5622 eum
3164 5567 3305 5619 cnim
3349 5562 3580 5634 partium

2029 5665 2277 5721 voluntas
2312 5664 2553 5734 judicem
2602 5662 2729 5718 facit
2770 5673 2823 5717 et
2872 5676 3043 5732 pinnae
3097 5658 3393 5728 Stipnlatio,
3438 5657 3582 5724 quod

2025 5757 2239 5830 quidem
2287 5771 2351 5814 ex
2387 5756 2635 5826 praesenti
2684 5769 2888 5810 canone
2929 5768 3031 5808 non
3069 5760 3287 5820 apparet
3322 5766 3335 5803 :
3379 5748 3471 5803 sed
3523 5747 3589 5799 de
