4078 6424
453 356 557 419 419

1700 346 1803 404 ΤΗ
1820 344 1981 404 EOD.
2005 344 2409 405 BALSAMON

3580 340 3686 402 420

454 470 658 541 judice,
684 464 772 535 qui
801 463 963 518 habet
979 460 1399 517 ecclesiasticam
1430 457 1886 528 jurtsdictiuuem,
1921 457 2013 508 scd

2143 459 2335 525 ζχοντος
2381 452 2746 507 δικαιοδοσίαν
2772 469 2785 482 ·
2819 454 3003 507 τοῦτον
3050 465 3160 525 γαρ
3196 453 3415 525 θέλησις
3441 456 3550 509 ι’τῶν
3588 476 3677 527 με·

460 579 564 617 non
604 571 692 616 est
724 556 965 627 partibus
998 555 1246 609 idoneus.
1281 552 1663 619 Quamobrem,
1697 555 1786 618 qui
1824 556 2020 616 praeter

461 654 664 724 proprii
713 650 946 720 episcopi
999 648 1333 702 voluntatem
1380 644 1519 713 apud
1555 658 1662 697 non
1708 653 2021 709 competens

454 747 713 814 judicium
752 744 964 812 litigare
991 742 1231 810 elegerit,
1266 739 1472 792 etiamsi
1508 737 1580 791 sit
1612 734 2010 789 ecclesiasticus

464 838 755 890 secundum
789 830 1104 902 praesentem
1136 844 1393 882 cauonem
1425 827 1696 896 punietur.
1733 822 2024 878 l’rovincire

459 936 641 981 autem
677 928 945 978 exarcbus
974 932 1080 983 est,
1125 928 1183 972 ut
1218 919 1347 973 mihi
1392 918 1607 987 quidem
1640 916 1872 975 videtur,
1917 928 2023 967 non

460 1017 889 1085 uniuscujusque
929 1014 1218 1083 provincia:
1265 1011 1728 1080 metropolitnnus,
1773 1006 1866 1060 sed
1912 1022 2025 1059 mc-

464 1107 818 1176 tropolitanus
864 1104 1027 1158 totius
1078 1103 1348 1157 ditecesis.
1402 1098 1657 1154 lbmcesis
1696 1107 1871 1149 autem
1919 1104 2024 1156 est.

461 1218 581 1272 qua:
624 1199 822 1255 multas
860 1198 959 1251 sub
998 1210 1059 1249 se
1094 1196 1255 1249 habet
1304 1194 1629 1261 provincias.
1682 1187 1795 1243 Huc
1850 1196 2026 1240 autem

467 1288 625 1358 123
656 1292 1014 1342 exarcborum
1039 1281 1374 1353 privilegium
1403 1295 1508 1334 non
1531 1289 1615 1332 est
1635 1277 1796 1331 hodie
1822 1276 1873 1328 iu
1906 1289 2027 1330 usu.

463 1378 581 1434 Etsi
612 1379 756 1432 enim
785 1377 1037 1430 dicuntur
1057 1372 1279 1440 exarcbi
1310 1368 1531 1440 quidam
1562 1384 1629 1423 ex
1662 1365 2029 1435 metropolita-

466 1472 569 1533 nis,
608 1469 705 1523 sed
749 1476 929 1522 tamen
974 1465 1109 1519 alios
1159 1462 1622 1533 metropolitanos,
1667 1459 1757 1527 qui
1804 1465 1933 1511 sunt
1974 1456 2027 1509 in

465 1561 810 1624 ditecesibus,
846 1574 950 1612 non
988 1558 1187 1611 habent
1218 1555 1440 1610 omnino
1473 1553 1575 1608 sibi
1607 1549 1902 1619 subjectos.
1934 1547 2031 1602 Est

467 1669 598 1722 ergo
620 1652 910 1707 verisimile
940 1651 1073 1705 alios
1112 1659 1237 1704 tunc
1277 1648 1537 1719 temporis
1563 1645 1732 1701 fuisse
1761 1643 2029 1697 exarcbos

465 1748 785 1806 dimcesum.
820 1747 902 1800 vel
942 1760 1065 1800 esse
1095 1744 1311 1814 quidem
1348 1741 1525 1795 adlmc
1568 1739 1735 1807 ipsos,
1780 1736 1871 1790 sed
1908 1749 2028 1806 quae

2126 550 2235 618 ρῶν
2293 551 2442 601 ποιεῖ
2494 548 2756 618 δικαστήν
2812 550 2905 600 καὶ
2954 547 3297 617 ἐπερώτησις
3353 553 3680 618 προστίμου,

2121 640 2259 710 ὅπερ
2301 642 2409 694 ἀπὸ
2454 641 2549 693 τοῦ
2602 642 2869 711 παρόντος
2911 641 3133 703 κανόνος
3176 640 3275 694 οὑκ
3305 641 3661 709 ἀναφαίνεται

2120 732 2257 785 ἀλλὰ
2287 734 2417 800 περὶ
2449 732 2705 785 δικαστοῦ
2745 733 2960 801 ἔχοντος
2988 732 3355 786 δικαιοδοσίαν
3386 736 3689 803 ἐκκλησια-

2125 823 2337 893 στικὴν,
2372 824 2727 895 ἀπροσφόρου
2760 824 2817 877 δὲ
2846 823 2997 887 ὄντος
3030 827 3143 887 τοῖς
3182 825 3428 894 μέρεσιν.
3470 827 3630 879 Ὥστε
3662 829 3691 880 6

2122 918 2246 987 δίχα
2274 916 2502 986 γνώμης
2529 917 2623 970 τοῦ
2653 918 2918 987 ἐγχωρίου
2950 918 3258 970 ἐπισκόπου
3309 918 3691 987 καταδεξάμε-

2126 1026 2215 1071 νος
2261 1009 2520 1078 κληρικδν
2552 1009 2683 1080 παρ’
2709 1009 3045 1079 ἁπροσφόρῳ
3073 1010 3412 1080 δικαστηρίῳ
3463 1010 3694 1064 δικάσα-

2127 1101 2286 1162 σθαι,
2338 1101 2438 1152 κᾶν
2499 1101 2951 1171 ὲκκλησιαστικός
3003 1103 3159 1165 ἐστι,
3230 1104 3691 1172 ἐπιτιμηθήσεται

2126 1194 2266 1244 κατὰ
2300 1193 2392 1244 τὸν
2421 1192 2665 1260 παρόντα
2710 1193 2931 1248 κανόνα.
2977 1194 3037 1246 '0
3090 1194 3281 1262 μέντοι
3326 1194 3556 1265 ἔξαρχος
3593 1195 3696 1263 τῆς

2126 1282 2442 1352 διοικήσεως
2496 1285 2667 1348 ὲστιν,
2716 1283 2793 1347 ὡς
2827 1287 2953 1354 ἐμοὶ
3008 1285 3178 1349 δοκεῖ,
3228 1285 3326 1355 οὑχ
3379 1289 3406 1339 6
3456 1287 3695 1356 ἑκάστης

2127 1371 2397 1441 ἐπαρχίας
2432 1373 2863 1443 μητροπολίτης,
2891 1374 3011 1429 ἀλλ’
3038 1378 3066 1429 6
3098 1378 3196 1446 τῆς
3220 1377 3347 1443 ὅλης
3373 1377 3695 1446 διοικήσεως

2132 1463 2558 1534 μητροπολίτης.
2594 1467 2869 1536 Διοίκησις
2914 1469 2971 1521 δέ
3020 1471 3175 1523 ἐστιν
3201 1473 3234 1540 ή
3268 1472 3467 1534 πολλὰς
3523 1471 3697 1541 ἐπαρ-

2129 1554 2252 1622 χίας
2297 1554 2493 1625 ἔχουσα
2539 1558 2597 1608 ὲν
2647 1558 2843 1630 ἑαυτῇ.
2887 1559 3060 1614 Τοῦτο
3103 1560 3162 1614 δὲ
3196 1562 3256 1614 τὸ
3310 1562 3420 1615 τῶν
3451 1561 3697 1632 ἐξάρχων

2132 1646 2426 1715 προνόμιον
2458 1649 2700 1719 σήμερον
2732 1654 2832 1704 οὑκ
2861 1654 3097 1723 ἐνεργεῖ.
3136 1655 3255 1708 Κᾶν
3285 1656 3389 1723 γὰρ
3440 1655 3695 1723 λέγονται

2133 1737 2351 1808 ἑξαρχοί
2379 1756 2523 1804 τινες
2557 1742 2667 1795 τῶν
2701 1745 3137 1815 μητροπολιτῶν,
3169 1746 3305 1799 ἀλλὰ
3330 1747 3455 1809 τοὺς
3484 1748 3543 1797 ὲν
3572 1747 3695 1807 ταῖς

463 1840 543 1893 eis
573 1840 696 1893 data
717 1846 845 1892 sunt
875 1853 903 1891 a
931 1835 1231 1893 canonibus
1259 1831 1533 1905 privilegia
1564 1830 1887 1884 exolevisse.

2143 1830 2462 1900 διοικήσεσιν
2489 1836 2650 1897 ὄντας
2677 1805 2898 1905 ἑτέρους
2930 1805 3332 1907 μητροπολίτας
3356 1805 3456 1890 οὑκ
3478 1805 3699 1906 ἔχουσιν

465 1934 601 1993 ὅλως
630 1931 1028 1998 ὑποκειμένους
1067 1931 1270 1991 αὑτοῖς.
1305 1926 1522 1979 Ἔοικεν
1546 1922 1640 1975 οὑν
1670 1921 1888 1990 ἑτέρους
1914 1916 2067 1982 τινὰς
2103 1915 2243 1974 εἶναι
2272 1925 2412 1979 κατὰ
2439 1925 2567 1988 τοὺς
2595 1925 2717 1978 τότε
2752 1929 2978 1995 καιροὺς
3036 1928 3295 1999 ἐξάρχους
3341 1930 3449 1982 τῶν
3495 1928 3702 1997 διοική-

467 2040 628 2087 σεων,
670 2025 703 2096 ἢ
751 2025 975 2087 τούτους
1007 2022 1105 2093 μὲν
1139 2017 1298 2086 εἶναι,
1352 2017 1706 2089 ἀπρακτῆσαι
1734 2012 1792 2066 δὲ
1822 2011 1893 2064 τὰ
1918 2011 2022 2063 ὑπὸ
2056 2010 2166 2063 τῶν
2195 2014 2436 2069 κανόνων
2463 2018 2687 2071 δοθέντα
2717 2021 2929 2082 τούτοις
2956 2022 3250 2092 προνόμια.

537 2116 786 2174 ZONAR.
826 2118 1072 2188 Negotia,
1094 2116 1215 2169 lites
1238 2112 1490 2167 nimirum
1514 2117 1570 2162 et
1591 2106 2011 2165 controversias,

2201 2108 2449 2164 ΖΩΝΔΡ.
2479 2110 2620 2173 Τοὺς
2639 2111 2933 2182 κληρικοὺς
2954 2114 3251 2182 πράγματα
3277 2112 3412 2183 πρὸς
3432 2112 3703 2184 ἀλλήλους

471 2210 516 2263 si
557 2225 677 2279 qua:
708 2211 848 2263 inter
877 2208 1108 2264 clericos
1139 2214 1341 2261 exorta:
1383 2203 1512 2269 sint,
1545 2215 1732 2255 coram
1777 2199 2033 2266 episcopo

2143 2197 2540 2268 ἔχοντας,δίκας
2568 2203 2809 2273 δηλονότι
2834 2203 2929 2257 καὶ
2951 2204 3252 2269 ὑποθέσεις,
3278 2204 3523 2275 βούλεται
3547 2208 3575 2259 6
3598 2224 3703 2259 κα-

475 2305 692 2375 pr0prio
736 2304 927 2373 agitari
979 2317 1150 2356 canon
1204 2299 1481 2362 decernit;
1521 2311 1625 2348 non
1674 2306 1852 2346 autem
1894 2288 2032 2358 apud

2143 2292 2233 2343 uiro
2260 2293 2411 2362 παρά
2436 2293 2652 2364 τῷίδίῳ
2674 2297 2955 2366 ὲπισκόπῳ
2973 2297 3171 2359 ταύτας
3186 2298 3603 2366 γυμνάζειν,καὶ
3626 2299 3707 2370 μὴ

470 2398 759 2453 saeculares
801 2396 1033 2463 judices,
1077 2393 1333 2463 quoniam
1370 2392 1419 2444 id
1469 2389 1522 2442 in
1573 2386 1741 2456 ipsius
1794 2380 2029 2449 episcopi

2143 2384 2345 2438 ἱιπιέναι
2368 2388 2457 2438 ἐπὶ
2480 2386 2718 2455 κοσμικὰ
2737 2389 3083 2459 δικαστήρια·
3116 2389 3272 2443 τοῦτο
3299 2390 3407 2461 γὰρ
3438 2392 3517 2452 είς
3542 2409 3669 2462 περι
3687 2424 3707 2436 ο

472 2500 834 2560 contemptum
880 2500 933 2542 et
982 2485 1366 2540 contumeliam
1419 2481 1599 2543 cedit;
1670 2484 1764 2530 aut
1816 2474 2029 2528 interim

2143 2476 2393 2553 ῳρόνησιν
2436 2482 2527 2529 καὶ
2551 2478 2708 2550 ὓϐριν
2731 2479 2825 2533 τοῦ
2853 2481 3153 2534 ἐπισκόπου
3174 2481 3378 2551 ὲστίν⁸ῆ
3413 2484 3547 2545 τέως
3564 2486 3710 2550 γνῶ-

474 2582 757 2635 voluntate
805 2579 1082 2649 epiScopi,
1116 2578 1228 2630 sive
1271 2576 1387 2643 ipso
1420 2571 1811 2633 consentiente,
1851 2579 2032 2619 coram

2143 2586 2213 2640 μῃ
2232 2571 2327 2622 τοῦ
2354 2572 2670 2637 ἐπισκόπου,
2694 2574 2812 2640 ἤτοι
2843 2573 3007 2627 αὑτοῦ
3039 2575 3421 2644 ἐπιτρέποντος
3450 2576 3579 2647 παρ’
3623 2572 3709 2640 οἷς

473 2672 668 2739 quibus
701 2670 969 2725 communi
1001 2668 1225 2722 consilio
1243 2677 1471 2733 utraque
1502 2678 1623 2730 pars
1660 2659 1885 2725 elegerit
1909 2672 2036 2709 cnu-

2143 2664 2204 2713 τὰ
2217 2662 2465 2717 ἀντίθετα
2481 2664 2623 2736 μέρη
2640 2665 3265 2736 ἀρέσκονται,ζητεῖσθαι
3281 2669 3375 2730 τὰς
3402 2669 3711 2731 ὑποθέσεις.

474 2776 567 2814 sas
595 2761 841 2827 transigi.
873 2759 1084 2827 Quique
1115 2756 1561 2811 constitutionem
1595 2753 1734 2806 banc
1761 2746 2033 2810 Violnt‘inl,

477 2852 753 2905 canonicis
805 2851 871 2903 ab
905 2850 1175 2919 episcopis
1223 2849 1338 2903 suis
1383 2848 1558 2915 poenis
1613 2847 1825 2900 multari
1859 2844 2034 2914 jubet.

476 2947 651 3014 Atque
705 2946 818 2999 brec
865 2946 1102 3015 quidem,
1154 2958 1275 2997 cum
1326 2942 1466 2996 inter
1498 2956 1556 2996 se
1596 2941 1800 3008 judicio
1849 2935 2038 2992 clerici

475 3039 882 3109 conﬂictantur.
940 3038 1090 3103 Quod
1134 3035 1180 3092 si
1217 3036 1302 3091 vel
1346 3051 1443 3089 suo
1476 3034 1557 3089 vel
1606 3034 1759 3087 alteri
1805 3032 2036 3100 cuipiam

477 3134 731 3204 episcopo
765 3131 945 3187 clerici
985 3132 1252 3185 actionem
1290 3129 1595 3193 intendant,
1647 3127 1788 3180 illius
1822 3126 2040 3194 provin-

2137 2758 2276 2821 Τοὺς
2309 2758 2366 2810 δὲ
2396 2756 2470 2829 μὴ
2488 2757 2857 2828 φυλάσσοντας
2878 2759 2976 2829 τὴν
3030 2759 3121 2812 τοῦ
3176 2761 3395 2823 κανόνος
3450 2761 3713 2829 διαταγὴν

2140 2850 2493 2919 ἐπιτιμᾶσθαι
2522 2851 2819 2915 κανονικῶς
2846 2854 2992 2922 παρᾶ
3020 2852 3127 2904 τῶν
3158 2854 3469 2905 ἐπισκόπων
3496 2854 3703 2907 αὑτῶν.

2142 2941 2327 2994 Ταῦτα
2357 2943 2567 3011 μὲν,ὃτε
2586 2945 2718 3014 προς
2740 2943 2997 3014 ἀλλήλους
3022 2944 3330 3006 δικάζονται
3353 2945 3402 2996 οἱ
3427 2944 3706 3013 κληρικοί’

2142 3035 2194 3087 εί
2222 3033 2277 3086 δὲ
2307 3037 2560 3105 κληρικοὶ
2578 3037 2654 3106 τῷ
2682 3036 2795 3106 ἰδίῳ
2826 3036 3109 3106 ὲπισκόπῳ
3141 3035 3173 3105 ἧ
3199 3035 3371 3107 ἑτέρῳ
3428 3037 3523 3089 καὶ
3552 3036 3712 3106 δίκην

2144 3128 2390 3182 ίνιστῶσι
2419 3128 2745 3194 κατάὑτοῦ,
2772 3130 2898 3192 τοὺς
2926 3129 3025 3198 τῆς
3054 3127 3320 3198 ἔπαρχίας
3344 3128 3557 3208 ἐκείνης
3589 3132 3714 3181 επι-

476 3229 575 3280 υἰω
600 3228 882 3293 episcopos
911 3225 961 3277 in
995 3223 1099 3276 isto
1124 3236 1249 3275 casu
1270 3219 1480 3286 judices
1510 3233 1683 3272 canon
1718 3217 2033 3287 constituit;

2146 3218 2384 3283 σκόπους
2426 3221 2638 3285 καθίζει
2686 3221 2993 3284 δικαστὰςό
3033 3218 3234 3274 κανών.
3306 3220 3588 3285 Συνιόντες
3619 3222 3719 3273 καὶ⁵

477 3319 569 3388 qui
626 3313 937 3384 congregati
991 3314 1346 3384 quaestionem
1397 3310 1617 3364 audient
1662 3318 1717 3362 et
1766 3309 2041 3363 delinieut.

481 3411 578 3463 Sin
630 3418 811 3461 autem
859 3421 978 3459 cum
1026 3404 1319 3473 provinciae
1375 3402 1790 3470 metr0politnno
1845 3400 2043 3469 aliquid

482 3499 680 3553 habeat
713 3500 997 3568 episcopus
1041 3508 1135 3550 aut
1175 3496 1404 3550 clericus
1448 3494 1647 3563 negotii
1679 3495 1793 3546 sive
1829 3506 2045 3547 contro-

483 3587 673 3641 versia:
711 3597 765 3641 et
808 3586 1061 3649 actionis,
1093 3586 1157 3638 ad
1198 3585 1503 3640 dimceseos
1532 3584 1584 3636 iu
1628 3598 1731 3651 qua
1779 3583 2048 3651 litigantes

494 3681 742 3733 habitant
779 3679 1097 3744 exarchum,
1138 3678 1219 3732 vel
1266 3676 1870 3745 ConstantinOpolitunae
1905 3676 2049 3731 urbis

487 3772 974 3843 archiepfscopum,
1024 3771 1309 3827 arbitrium
1366 3772 1530 3824 totius
1574 3785 1754 3823 causa:
1802 3762 2055 3823 deferent;

485 3865 634 3918 dum.
696 3864 1065 3917 Exarcborum
1123 3877 1286 3933 porro
1345 3862 1777 3917 dimcesanorum
1835 3861 2051 3915 nomine

486 3957 725 4011 nonnulli
780 3958 1133 4027 patriarchas,
1181 3957 1272 4012 alii
1333 3956 1777 4026 metropolitanos
1825 3954 2050 4023 intelligi

483 4051 693 4103 volunt.
730 4049 835 4105 Sed
876 4053 942 4104 de
986 4050 1071 4105 his
1121 4049 1298 4105 fusius
1330 4049 1539 4104 dccnno
1584 4049 1813 4118 septimo
1846 4060 2053 4101 canone

486 4158 722 4212 agemus.

487 4233 714 4289 AllIST.
756 4234 946 4289 Clerici
974 4234 1263 4303 litigantes,
1298 4232 1343 4286 si
1373 4231 1557 4286 relicto
1582 4232 1822 4300 episcopo
1850 4230 1917 4280 ad
1951 4243 2054 4281 ste-

558 4326 761 4376 cularia
780 4312 783 4321 ﬁ
790 4325 1001 4394 judicia
1030 4341 1085 4377 se
1114 4321 1411 4388 conferant,
1459 4323 1709 4375 canonice
1741 4320 2050 4388 puniantur.

562 4417 629 4470 Et
653 4420 873 4471 clericus
903 4435 1020 4470 cum
1046 4418 1283 4486 episcopo
1310 4417 1647 4477 contendens,
1679 4416 1938 4483 synodum
1965 4428 2057 4465 ex-

559 4520 767 4578 spectet,
800 4518 850 4562 et
883 4510 1155 4578 episcopus
1206 4523 1322 4560 cum
1341 4505 1779 4576 metropolitano,
1815 4507 1883 4558 ad
1913 4502 2049 4558 Con-

560 4601 1080 4670 stantinopolitanum
1108 4607 1367 4670 provocet.

565 4786 674 4838 Non
707 4789 920 4854 oportet
952 4780 1234 4846 clericum,
1267 4779 1357 4849 qui
1391 4788 1577 4834 contra
1609 4778 1769 4832 alium
1798 4780 2052 4835 clericum
2129 4767 2135 4773 ’

491 4878 689 4946 aliquid
718 4876 900 4940 habet,
935 4890 965 4929 a
989 4873 1261 4942 iudicibus
1290 4872 1639 4927 saecularibus
1670 4872 1922 4941 judicari,
1960 4873 2053 4928 sed

489 4986 521 5025 a
554 4968 770 5040 proprio
799 4968 1076 5038 episcopo.
1123 4965 1180 5020 Si
1224 4965 1499 5035 proprium
1532 4974 1713 5019 autem
1744 4965 2056 5035 relinquens

488 5064 800 5131 episcopum
828 5059 1105 5115 saecularia
1127 5058 1329 5127 judicia
1358 5057 1607 5121 adiverit,
1632 5056 1913 5110 canonicis
1938 5069 2056 5124 poe-

491 5157 573 5209 nis
601 5153 937 5221 subjiciatur.
966 5151 1229 5206 Similiter
1249 5161 1426 5205 autem
1448 5158 1504 5203 et
1526 5159 1715 5203 contra
1741 5149 2053 5218 episcopum

487 5246 531 5297 si
563 5242 689 5313 quid
712 5242 959 5297 habuerit
990 5241 1243 5305 clericus,
1270 5256 1298 5293 a
1333 5237 1649 5308 provinciali
1683 5236 1889 5307 synodo
1911 5237 2057 5306 judi-

493 5336 604 5389 cari
636 5336 817 5390 debet.
856 5335 961 5389 Sed
997 5344 1050 5387 et
1082 5333 1366 5402 episcopus
1399 5338 1493 5382 aut
1521 5328 1756 5383 clericus
1789 5332 1832 5384 si
1868 5340 2054 5383 contra

495 5428 963 5496 metropolitanum
997 5441 1213 5479 causam
1245 5426 1480 5492 aliquam
1503 5423 1779 5485 habuerit,
1806 5422 1888 5476 vel
1918 5421 2055 5490 apud

493 5523 792 5575 dimcescos
823 5519 1143 5579 exarcbum,
1176 5518 1287 5570 sive
1315 5515 1678 5583 patriarcbam
1713 5517 1796 5570 cui
1830 5516 2058 5570 subsunt

496 5614 892 5679 provinciarum
932 5611 1142 5663 illarum
1184 5608 1580 5676 metropolitani
1628 5610 1845 5676 litigare
1878 5610 2056 5671 debet,

501 5705 579 5755 vel
609 5706 744 5773 apud
777 5702 1142 5771 patriarcbam
1181 5699 1866 5769 Constantinopolitaumu.
1900 5699 2055 5764 Quod

495 5796 703 5862 quidem
747 5795 1085 5866 privilegium
1118 5792 1317 5849 nemini
1360 5795 1586 5848 aliorum
1619 5794 2054 5863 pdriarcbaruut

2147 3312 2510 3379 ἀκροάσονται
2542 3312 2650 3365 τῶν
2676 3314 3009 3377 ὑποθέσεων,
3045 3314 3142 3367 καὶ
3188 3314 3541 3385 ψηφίσονται.
3570 3316 3627 3367 Ei
3656 3315 3714 3367 δὲ

2148 3405 2285 3476 πρὸς
2311 3404 2404 3457 τὸν
2440 3404 2845 3475 μητροπολίτην
2870 3406 2972 3475 τῆς
2998 3407 3268 3477 ἐπαρχίας
3316 3408 3430 3477 ἔχει
3458 3410 3711 3477 πρᾶγμα,

2149 3497 2316 3569 ἡγουν
2369 3497 2699 3568 ἀμφιϐολίαν
2754 3499 2921 3563 τινὰ,
2974 3500 3068 3553 καὶ
3120 3500 3276 3567 δίκην
3338 3501 3630 3556 ἐπίσκοπος
3673 3499 3707 3569 ἢ

2151 3592 2435 3662 κληρικῆς,
2462 3592 2553 3643 τὸν
2582 3591 2679 3662 τῆς
2708 3592 3029 3663 διοικήσεως
3059 3593 3298 3664 ἐκείνης,
3325 3598 3456 3663 παρ’
3544 3594 3636 3644 καὶ
3658 3593 3710 3645 oi

2152 3682 2621 3753 ἁμφισὸητοῦντές
2667 3684 2826 3749 εἰσιν,
2875 3684 3105 3754 ἔξαρχον
3166 3685 3410 3751 βούλεται
3453 3686 3482 3735 6
3529 3684 3709 3737 κανὼν

2149 3777 2432 3845 διαιτητὴν
2457 3775 2561 3846 τῆς
2591 3775 2901 3839 ὑποθέσεως
2942 3776 3208 3844 γίνεσθαι,
3240 3780 3271 3846 ἢ
3302 3779 3391 3830 τὸν
3419 3779 3516 3846 τῆς
3563 3780 3715 3830 Κων.

2152 3869 2650 3932 σταντινουπόλεως
2704 3869 3153 3939 ἀρχιεπίσκοπον.
3202 3869 3495 3942 Ἐξάρχους
3520 3871 3576 3924 δὲ
3606 3873 3715 3923 τῶν

2149 3955 2470 4026 διοικήσεων
2519 3960 2646 4022 τοὺς
2683 3961 3028 4030 πατριάρχας
3080 3959 3411 4031 εἶναίφασιν
3433 3977 3449 3993 ο
3474 3961 3622 4017 ἄλλοι
3659 3963 3720 4015 δὲ

2149 4051 2275 4111 τοὺς
2302 4052 2731 4121 μητροπολίτας.
2778 4052 3123 4124 Πλατύτερον
3148 4053 3204 4108 δὲ
3234 4057 3303 4108 τὰ
3334 4056 3465 4125 περὶ
3519 4055 3714 4109 τούτου
3762 4081 3771 4089 ·

2153 4142 2212 4193 ὲν
2237 4143 2313 4211 τῷ
2338 4141 2405 4207 ιζ’
2431 4146 2615 4197 κανόνι
2642 4145 2882 4215 εἴρηται.

2152 4232 2375 4285 ΑΡΙΣΤ.
2428 4234 2711 4301 Κληρικοὶ
2760 4233 3231 4304 διαδικαζόμενοι
3302 4237 3395 4300 εἰ,
3464 4236 3724 4304 ἀφέντες

2222 4324 2330 4375 τόν
2351 4323 2711 4384 ἐπίσκοπον,
2750 4326 3065 4392 κοσμικοῒς
3090 4325 3409 4395 κριτηρίοις
3463 4328 3726 4395 προσέλ-

2225 4417 2391 4479 θωσι,
2430 4415 2759 4482 κανονικῶς
2791 4416 3275 4472 εὐθυνέσθωσαν.
3308 4416 3415 4471 Καὶ
3438 4417 3725 4484 κληρικὸς

2224 4508 2560 4561 ἐπισκόπου
2623 4507 3049 4576 διαφερόμενος
3101 4507 3326 4578 μενέτω
3366 4509 3481 4572 τὴν
3530 4510 3722 4561 σύνο-

2222 4595 2364 4649 δονο
2423 4596 2520 4650 καὶ
2574 4600 3017 4666 μητροπολίτου
3044 4598 3380 4663 ἐπίσκοπος
3406 4601 3513 4650 τόν
3558 4602 3727 4651 Κων-

2222 4691 2783 4756 σταντινουπόλεως
2812 4690 3134 4756 ἑξαιτείτω.
3268 4672 3271 4675 Ἴ

2226 4784 2303 4837 Οὐ
2327 4784 2407 4837 δεῖ
2435 4785 2715 4853 κληρικὸν.
2748 4785 2940 4855 ἔχοντα
2985 4787 3122 4837 κατὰ
3177 4783 3465 4855 κληρικοῦ,
3510 4785 3733 4847 δικάζε-

2156 4877 2281 4931 σθαι
2303 4880 2453 4949 παρὰ
2480 4880 2765 4947 κοσμικοῖς
2789 4879 3089 4940 δικασταῖς,
3122 4878 3260 4931 ἀλλὰ
3288 4878 3436 4950 παρὰ
3464 4876 3557 4930 τοῦ
3583 4877 3726 4930 ἰδίου

2156 4970 2480 5023 ἐπισκόπου.
2504 4971 2566 5023 Εἰ
2595 4970 2673 5031 δὲ,
2708 4970 2800 5021 τὸν
2825 4971 3023 5022 οἰκεῖον
3038 4965 3193 5031 οὗτος
3218 4970 3373 5035 ἀφεὶς
3394 4969 3723 5033 ἐπίσκοπον,

2159 5064 2442 5130 κοσμικαῖς
2494 5061 2779 5130 προσέλθοι
2811 5060 3208 5131 δικαστηρίοις,
3243 5059 3544 5122 κανονικῶς
3598 5063 3721 5113 ὲπι-

2155 5152 2541 5221 τιμηθήσεται·
2578 5150 2768 5223 ὥσπερ
2800 5152 2862 5221 δὴ
2896 5153 2993 5205 καὶ¹
3029 5152 3169 5203 κατὰ
3202 5152 3502 5204 ἐπισκόπου
3533 5153 3667 5222 ἔχων
3693 5153 3721 5203 ὁ

2159 5244 2442 5312 κληρικδς,
2506 5245 2653 5310 παρὰ
2685 5246 2750 5315 τῇ
2815 5244 3017 5312 συνόδῳ
3046 5244 3146 5314 τῆς
3199 5245 3471 5315 ἐπαρχίας
3524 5245 3725 5311 ὀφείλει

2158 5333 2507 5398 δικάζεσθαιο
2558 5334 2692 5388 ἀλλὰ
2752 5335 2843 5387 καὶ
2893 5334 3189 5397 ἐπίσκοπος
3238 5336 3269 5407 ἢ
3330 5335 3619 5406 κληρικὸς,
3677 5337 3727 5387 εἱ

2159 5431 2302 5479 κατὰ
2356 5428 2751 5497 μητροπολίτου
2781 5428 2893 5496 ἔχει
2923 5428 3045 5481 τινὰ
3075 5428 3355 5493 ὑπόθεσιν,
3400 5430 3433 5499 ἢ
3472 5428 3624 5501 παρὰ
3646 5428 3728 5498 τῷ

2162 5518 2374 5587 ἐξάρχω
2403 5520 2501 5589 τῆς
2546 5518 2865 5588 διοικήσεως
2922 5519 3041 5587 ήτοι
3065 5520 3142 5589 τῷ
3178 5521 3514 5594 πατριάρχῃ,
3541 5523 3632 5587 ὑφ’
3662 5521 3724 5573 ὃν

2161 5609 2404 5663 τελοῦσιν
2455 5612 2503 5661 oi
2535 5609 2642 5661 τῶν
2692 5610 2970 5679 ἐπαρχιῶν
3014 5613 3237 5665 ἐκείνων
3285 5614 3680 5683 μητροπολῑται
3709 5654 3724 5673 ,

2162 5702 2517 5765 δικάζεσθαι·
2548 5702 2579 5773 ἦ
2615 5704 2767 5772 παρὰ
2815 5704 2893 5772 τῷ
2916 5707 3231 5776 πατριάρχῃ
3286 5708 3730 5758 Κιυνσταντινου-

2166 5796 2369 5858 πόλεως
2391 5811 2406 5827 '
2440 5796 2574 5864 ὅπερ
2641 5800 2912 5866 προνόςῐον
2943 5798 3117 5849 οὐδενὶ
3148 5798 3260 5849 ’τῶν
3310 5799 3484 5849 ἄλλων
3536 5788 3718 5865 πατρξέ
