4078 6390
515 384 622 453 ξ27

1771 387 2044 450 ΤΗΕΟΙ).
2091 390 2492 453 BALSAMON

3652 394 3762 462 428

519 504 699 558 minus
750 502 942 556 bonam
1007 498 1240 569 aliquam
1286 498 1744 554 existimationem
1803 517 1906 556 non
1961 512 2083 555 sunt

2191 523 2356 574 φασιν
2393 505 2734 589 οὐκάγαθὴν
2771 507 3168 577 ἀφορισθέντας
3201 509 3234 579 ἢ
3268 509 3545 571 ὑπόπτους
3594 511 3761 577 ὂντας

519 588 1157 665 εθιτθςειῖγεΙέυςρεοιί
1196 590 1286 660 (de
1332 590 1399 644 iis
1447 591 1616 655 enim,
1664 592 1755 660 qui
1798 606 2082 647 commen—

519 684 745 741 datoriis
781 684 979 738 litteris
1004 697 1138 753 opus
1180 682 1399 747 habent,
1437 683 1523 736 hic
1573 698 1678 737 non
1715 685 1937 755 agitur),
1990 699 2089 752 per

519 779 665 836 solas
692 773 944 847 paciﬁcas
972 775 1271 842 scripturas
1300 772 1350 825 in
1383 774 1466 825 via
1500 774 1768 827 instruere
1804 774 2085 831 debemus.

518 869 643 926 Haec
674 876 855 922 autem
887 869 953 920 de
988 865 1336 934 pauperibus,
1375 875 1432 919 et
1464 866 1527 919 iis
1552 866 1643 935 qui
1694 865 1898 920 auxilio
1949 867 2089 922 iudi-

517 970 668 1031 gent,
702 956 932 1019 deﬁniit,
967 970 1073 1010 non
1105 955 1247 1025 quod
1280 955 1492 1023 reliqui,
1540 956 1631 1024 qui
1689 955 1919 1011 subsunt
1969 959 2087 1026 cpi-

483 1065 708 1121 tscopo.
742 1065 850 1104 non
883 1050 985 1103 hoc
1016 1048 1249 1102 debeant
1288 1047 1486 1101 viatico
1530 1047 1725 1102 instrui
1757 1066 1773 1104 :
1817 1049 1910 1103 sed
1941 1049 2085 1118 quod

483 1127 581 1197 θυι
641 1140 957 1209 plurimum,
1013 1137 1106 1202 qui
1168 1142 1294 1190 sunt
1347 1152 1648 1206 pauperes,
1714 1138 2089 1194 ecclesiastico

490 1216 729 1289 auxilio
766 1231 1026 1300 indigent.
1061 1229 1229 1304 Recte
1256 1238 1439 1283 autem
1469 1222 1709 1283 additum
1740 1239 1844 1295 est,
1879 1241 1937 1285 ut
1964 1243 2085 1285 cum

519 1322 929 1378 examinatione
982 1321 1201 1374 dentur.
1250 1317 1310 1373 Si
1359 1319 1503 1373 enim
1558 1329 1642 1374 est
1678 1320 1921 1398 iniquum
1970 1322 2089 1391 ejus

520 1416 613 1486 qui
656 1415 860 1484 indiget
884 1413 1239 1482 postulatum,
1264 1411 1480 1466 etiamsi
1528 1422 1613 1466 est
1643 1427 1867 1482 pauper,
1904 1413 1951 1466 ei
1985 1428 2087 1468 non

517 1508 738 1562 dabitur
765 1504 1013 1575 epistola.
1056 1502 1249 1568 Quane
1284 1502 1374 1568 12,
1406 1504 1493 1567 15,
1527 1503 1593 1557 16
1622 1515 1676 1560 et
1706 1506 1775 1559 55
1824 1521 2087 1561 cauonem

520 1597 837 1669 apostolor.,
878 1595 943 1649 l7
975 1611 1094 1666 syu.
1141 1596 1194 1649 in
1230 1592 1415 1649 Trullo
1473 1608 1523 1650 et
1569 1597 1628 1649 ll
1666 1598 1916 1652 Antioch.
1964 1612 2087 1668 syn.

522 1692 853 1759 deponentes
879 1686 1218 1756 episcopum,
1254 1686 1346 1754 qui
1380 1685 1497 1739 sine
1545 1687 1767 1753 paciﬁca
1817 1698 2089 1757 metropo-

519 1783 673 1837 litani
706 1781 936 1852 epistola
967 1781 1033 1834 ad
1062 1781 1445 1850 imperatorem
1473 1783 1705 1835 abierat.
1726 1781 1879 1847 Quod
1906 1793 2085 1837 autem

2188 599 2341 669 (περὶ
2375 598 2484 669 γὰρ
2512 598 2619 652 τῶν
2647 599 2916 669 δεομένων
2945 600 3287 654 συστατικῶν
3317 603 3416 655 οὐκ
3449 603 3568 657 ἔστι
3598 604 3761 672 λόγος

2190 691 2467 761 ἐνταῦθα),
2501 692 2591 746 διὰ
2634 695 2809 759 μόνων
2857 693 3149 764 εἰρηνικῶν
3182 695 3410 764 γραφῶν
3468 697 3763 765 ὀφείλομεν

2189 779 2520 847 ἐφοδιάζειν.
2586 781 2778 851 Ὥρισε
2832 781 2889 835 δὲ
2937 783 3109 836 ταῦτα
3162 784 3288 855 περὶ
3341 787 3595 855 πενήτων
3662 789 3765 841 καὶ

2188 872 2459 943 δεομένων
2494 873 2838 944 ἐπικουρίας,
2877 875 2975 944 οὐχ
3013 875 3089 936 ὡς
3128 878 3237 930 τῶν
3277 877 3483 931 λοιπῶν
3513 879 3621 933 τῶν
3657 881 3766 934 ὑπὸ

2188 964 2280 1015 τὸν
2312 963 2611 1017 ἐπίσκοπον
2645 965 2718 1034 μὴ
2746 966 3071 1032 ὀφειλόντων
3108 967 3283 1031 οὕτως
3322 970 3709 1037 ὲφοδιάζεσἸαι
3746 987 3762 1000 ·

2189 1055 2307 1109 ἀλλ’
2339 1057 2423 1109 ὃτι
2455 1056 2551 1109 έπί
2576 1056 2738 1111 πλέον
2779 1059 2828 1109 οἱ
2882 1060 3275 1128 πενητεύοντες
3314 1060 3415 1129 τῆς
3458 1063 3766 1130 ἐκκλησια-

2193 1152 2383 1220 στικῆς
2442 1152 2759 1223 ἐπικουρίας
2810 1154 3045 1209 δέονται.
3080 1156 3279 1219 Καλῶς
3323 1156 3382 1209 δὲ
3448 1158 3762 1227 προσετέθη

2189 1241 2366 1296 ταῦτα
2420 1243 2663 1296 δίδοσθαι
2718 1245 2856 1313 μετά
2913 1245 3261 1315 δοκιμασίας.
3316 1247 3376 1299 Εἰ
3415 1247 3527 1317 γὰρ
3574 1248 3768 1301 ἄδικόν

2191 1336 2306 1388 ἐστι
2338 1335 2400 1388 τὸ
2426 1335 2521 1389 τοῦ
2551 1337 2807 1406 δεομένου
2855 1337 3099 1407 ζήτημα.
3138 1337 3243 1391 κᾶν
3290 1338 3462 1407 πένης
3495 1340 3668 1403 ἐστὶν,
3697 1340 3765 1392 οὗ

2189 1427 2478 1497 δοθήσεται
2508 1427 2657 1497 αὐτῷ
2685 1430 2963 1499 ἐπιστολή.
2989 1431 3153 1501 Ζήτει
3192 1431 3282 1483 τὸν
3318 1428 3409 1500 ιβ’,
3442 1430 3523 1496 ιε’,
3558 1430 3633 1495 ις’
3667 1433 3768 1485 καί⁵

2192 1516 2273 1587 λγ’
2342 1518 2700 1573 ἀποστολικδν
2775 1521 3013 1586 κανὸνα,
3103 1525 3194 1574 τὸν
3262 1522 3328 1586 ιζ’
3397 1523 3498 1591 τῆς
3565 1524 3624 1575 έν
3685 1523 3771 1594 τῷ

2192 1612 2451 1685 Τρούλλῳ
2502 1614 2745 1679 συνόδου,
2788 1615 2882 1667 καὶ
2924 1615 3016 1667 τὸν
3065 1613 3133 1667 ια’
3183 1616 3281 1683 τῆς
3333 1617 3391 1667 ἐν
3437 1616 3767 1685 Ἀντιοχείᾳ,

2193 1703 2563 1773 καθαιροῦντα
2622 1704 2715 1757 τὸν
2779 1705 3081 1757 ἐπίσκοπον
3137 1706 3229 1758 τὸν
3280 1707 3409 1759 ἄνευ
3467 1706 3771 1775 ἐπιστολῆς

2194 1796 2474 1866 εἰρηνικῆς
2507 1795 2602 1849 τοῦ
2629 1797 3033 1867 μητροπολίτου
3058 1798 3363 1849 ἀπελθόντα
3397 1798 3478 1860 είς
3509 1797 3764 1865 βασιλέα.

520 1890 741 1929 necesse
768 1874 967 1928 habent
987 1886 1178 1927 omnes
1203 1873 1463 1940 episcopi,
1494 1872 1580 1937 iis,
1604 1874 1800 1942 quibus
1827 1884 2087 1942 praesunt,

2193 1882 2315 1934 Ὅτι
2359 1883 2417 1936 δὲ
2460 1884 2863 1949 ἀναγκάζονται
2902 1887 2950 1937 οἰ
2998 1886 3291 1939 ἐπίσκοποι
3346 1889 3481 1940 πᾶσι
3515 1890 3627 1950 τοῖς
3671 1886 3769 1941 ὑπ’

519 1966 714 2022 litteris
740 1966 854 2021 suis
882 1978 1037 2035 opem
1074 1965 1237 2029 ferre,
1274 1966 1318 2020 si
1377 1980 1471 2033 per
1524 1979 1585 2019 se
1623 1976 1923 2033 pmsentes
1968 1980 2090 2021 esse

519 2068 807 2129 nequeant,
838 2072 902 2112 ex
936 2056 969 2109 7
1018 2067 1073 2111 et
1115 2055 1147 2110 8
1196 2055 1534 2111 Sardicensis
1585 2071 1705 2125 syn.
1759 2056 2086 2119 ostenditur.

518 2151 654 2207 Nota
680 2166 830 2220 ergo,
858 2151 997 2219 quod
1020 2150 1111 2218 qui
1146 2150 1330 2201 volunt
1366 2148 1417 2202 iu
1445 2148 1566 2225 aliis
1597 2147 1906 2217 regionibus
1934 2163 2089 2203 sacra

517 2243 817 2306 celebrare,
851 2242 1050 2296 debent
1084 2257 1188 2295 non
1223 2239 1395 2294 solum
1456 2239 1927 2295 commendatitias
1972 2240 2086 2310 epi-

516 2334 684 2387 stolas
715 2333 931 2394 aﬁ‘erre,
966 2331 1057 2385 sed
1088 2330 1253 2385 etiam
1284 2329 1563 2399 paciﬁcas.

587 2509 841 2565 ZONAR.
871 2507 1117 2562 Pacitica:
1150 2506 1391 2576 epistola:
1419 2516 1564 2570 sunt,
1588 2522 1707 2576 qure
1738 2507 1846 2560 alio
1873 2506 2089 2560 nomine

516 2602 840 2656 ditnissoria:
892 2600 1181 2665 dicuntur;
1232 2597 1386 2664 cujus
1413 2598 1629 2665 generis
1664 2612 1741 2651 eae
1784 2606 1931 2662 sunt,
1970 2612 2089 2664 qua:

516 2693 786 2764 cpiscOpis
815 2708 844 2743 a
876 2689 1328 2757 tnetropolitanis,
1361 2688 1556 2756 quibus
1596 2687 1821 2756 subjecti
1856 2698 2002 2753 sunt,
2035 2697 2089 2741 et

522 2786 954 2854 tnctropolitanis
985 2801 1010 2834 ιι
1049 2781 1393 2851 patriarchis,
1428 2799 1454 2832 a
1488 2780 1685 2848 quibus
1707 2780 2083 2850 designantur,

517 2879 635 2931 dart
682 2879 876 2940 solent,
928 2892 1046 2927 cum
1104 2876 1170 2928 ad
1218 2874 1601 2941 imperatorem
1661 2873 1967 2928 necessaria
2019 2874 2087 2929 de

516 2984 680 3022 causa
712 2970 1036 3033 mittuntur;
1068 2977 1121 3019 et
1159 2965 1347 3034 quales
1378 2976 1503 3019 sunt
1542 2965 1668 3030 illae,
1699 2980 1820 3033 quae
1869 2965 2085 3020 clericis

514 3074 730 3128 quoque
776 3060 843 3112 ab
890 3058 1161 3127 episcopis
1195 3058 1332 3121 suis,
1369 3058 1493 3110 siin
1529 3057 1689 3111 aliam
1745 3060 1933 3113 urbem
1984 3059 2085 3112 mi-

512 3167 671 3222 grare
715 3151 1065 3219 ccclesichue
1111 3164 1230 3217 qua:
1266 3151 1337 3204 ibi
1369 3160 1451 3203 est
1489 3150 1633 3204 clero
1663 3151 1863 3205 ascribi
1894 3150 2082 3217 velint,

520 3241 840 3304 traduntur;
877 3250 935 3293 ut
965 3239 1031 3292 17
1060 3253 1186 3293 can.
1214 3241 1404 3310 synodi
1441 3241 1490 3292 in
1524 3240 1711 3296 Trullo
1762 3241 1943 3309 palatii
1981 3244 2080 3294 Ita-

517 3333 644 3384 bitze
671 3332 997 3384 continetur.
1034 3328 1175 3383 Sunt
1224 3328 1495 3381 nonnulla:
1537 3340 1793 3395 praeterea
1841 3329 2083 3399 ejusdem

521 3420 747 3473 rationis
782 3420 919 3473 alia.
970 3416 1220 3472 Paciﬁcas
1247 3432 1429 3488 porro,
1463 3420 1614 3486 quasi
1665 3434 1849 3487 pacem
1907 3421 2090 3474 conci-

520 3514 733 3577 liantes,
768 3509 1048 3580 appellata:
1085 3519 1232 3564 sunt.
1264 3510 1319 3562 Si
1366 3512 1486 3578 quis
1532 3512 1677 3564 enim
1733 3511 1965 3567 clericus
2013 3523 2082 3566 “ex

520 3601 622 3657 hac
653 3601 709 3656 itt
737 3596 899 3655 aliam
940 3603 1126 3657 urbem
1167 3602 1369 3669 absque
1438 3603 1674 3670 episcopi
1716 3602 1798 3656 sui
1833 3601 2090 3658 facultate

523 3696 923 3766 proﬁciscatur,
961 3703 1073 3748 tum
1104 3694 1341 3747 clericus
1374 3693 1508 3762 ipse,
1543 3704 1656 3747 tum
1702 3696 1791 3763 qui
1823 3710 1946 3751 eum
1996 3698 2089 3750 ad-

523 3790 687 3843 mittit
745 3796 973 3855 uterque
1034 3787 1214 3840 multa:
1266 3797 1351 3841 est
1402 3788 1693 3842 obnoxius.
1769 3790 1844 3842 Ac
1889 3789 2088 3844 clerico

521 3882 740 3952 quidem
800 3892 959 3934 sacro
1031 3879 1337 3935 ministerio
1398 3881 1782 3943 interdicitur.
1836 3882 2090 3953 cpiscttpo

522 3982 722 4035 autem,
758 3972 848 4040 qui
891 3987 1011 4025 eum
1051 3971 1290 4037 admisit,
1320 3987 1385 4026 ex
1414 3972 1482 4025 15
1509 3981 1564 4026 et
1612 3972 1677 4026 16
1711 3976 1941 4043 apostol.
1998 3990 2091 4030 ca.-

525 4077 687 4127 ttoue,
714 4063 1105 4133 segregationis
1150 4078 1305 4129 pwua
1370 4064 1660 4133 irrogatur.
1694 4065 1794 4130 Qui
1822 4081 1949 4120 vero
1978 4068 2092 4136 cpi-

526 4156 698 4224 scopi,
757 4157 963 4223 absque
999 4155 1402 4223 metropolitani
1441 4155 1531 4215 sui
1573 4158 2090 4227 provincialtuutque

438 4282 441 4283 ν
523 4253 900 4318 episcoporum
959 4248 1195 4310 litteris,
1254 4249 1319 4301 ad
1379 4248 1761 4317 imperatorem
1832 4252 2088 4317 abierint,

528 4356 633 4393 non
660 4339 1040 4393 communione
1067 4348 1295 4401 tantum,
1324 4340 1419 4391 sed
1473 4348 1527 4391 et
1576 4343 1863 4394 sacerdotii
1912 4345 2090 4412 digni-

530 4444 683 4497 tate,
732 4446 798 4483 cx
857 4431 1205 4483 Antiochena:
1258 4431 1448 4499 synod.
1504 4445 1627 4486 catt.
1678 4433 1734 4495 ll
1788 4435 2089 4501 privamur.

527 4522 995 4585 Cotttmeudatitim
1023 4535 1151 4573 vero
1182 4522 1422 4588 epistola:
1458 4522 1715 4575 dicuntur
1750 4540 1867 4592 qua:
1907 4544 2094 4597 segren

528 4615 671 4684 gatis
699 4620 854 4666 antea
885 4610 1101 4665 clericis
1125 4623 1219 4665 aut
1269 4612 1444 4673 laicis,
1496 4624 1588 4665 aut
1625 4615 1847 4669 omnino
1903 4619 2095 4688 iguotts

535 4705 844 4760 hominibus
877 4703 932 4757 iu
962 4702 1121 4755 aliam
1160 4705 1345 4757 urbem
1400 4705 1757 4774 migrantibus
1817 4709 1876 4762 l9.
1915 4725 1978 4764 ac
2026 4712 2096 4767 ‘53

532 4798 759 4853 canonis
803 4795 1081 4866 apostolici
1143 4797 1363 4850 decreto
1417 4800 1551 4852 tradi
1612 4814 1962 4866 consuevere,
2018 4807 2096 4856 vi-

535 4904 755 4959 rosque,
786 4898 900 4942 uta
931 4889 1106 4956 pceuis
1138 4888 1346 4942 solutos
1391 4900 1484 4943 aut
1522 4890 1729 4956 ﬁdeles,
1771 4894 1913 4948 illius
1961 4896 2094 4950 civi-

2195 1972 2391 2036 αὐτοὺς
2438 1974 2655 2044 βοηθεῖν
2708 1975 2794 2027 διὰ
2838 1979 3205 2045 γραμμάτων,
3241 1980 3397 2049 εἴπερ
3451 1979 3518 2032 δι’
3552 1981 3768 2033 ἑαυτῶν

2193 2062 2252 2116 οὐ
2283 2062 2538 2116 δύνανται
2567 2065 2985 2134 παρουσιάζειν,
3008 2067 3264 2134 δηλοῦται
3301 2070 3408 2121 ἀπὸ
3442 2071 3537 2123 τοῦ
3580 2073 3623 2135 ζ’
3662 2074 3757 2125 καὶ

2192 2153 2238 2227 η’
2275 2157 2495 2221 κανόνος
2544 2158 2641 2227 τῆς
2694 2161 2750 2211 ἐν
2780 2159 3014 2229 Σαρδικῇ
3061 2161 3305 2216 συνόδου.
3332 2163 3760 2232 Σημείωσαιοῦν

2190 2250 2272 2301 ὅτι
2330 2251 2379 2305 οἰ
2430 2250 2675 2313 θέλοντες
2725 2252 3032 2321 ἱερουργεῖν
3065 2256 3145 2315 εἰς
3180 2254 3468 2325 ἀλλοτρίας
3514 2258 3759 2328 ὲνορίας,

2189 2339 2465 2406 ὀφείλουσι
2495 2339 2569 2409 μὴ
2604 2340 2764 2409 μόνον
2797 2343 3127 2404 συστατικὰς
3169 2344 3461 2411 ἐπιστολὰς
3492 2349 3767 2418 προκομί-

2191 2430 2323 2494 ζειν,
2358 2432 2495 2485 ἀλλά
2524 2432 2619 2485 καὶ
2651 2435 2956 2503 εἰρηνικάς.

2260 2522 2505 2577 ΖΩΝΑΡ.
2544 2526 2834 2594 Εἰρηνικαί
2881 2529 2978 2596 μὲν
3018 2531 3298 2581 ἐπιστολαί
3332 2547 3471 2583 εισιν
3514 2534 3569 2585 αἰ
3610 2534 3741 2602 λεγό

2194 2631 2358 2683 μεναι
2394 2616 2720 2669 ἀπολυτικαὶ
2765 2617 2865 2685 (9),
2909 2615 3017 2672 οἷαί
3067 2624 3205 2672 εἰσιν
3244 2624 3299 2674 αί
3338 2622 3609 2693 διδόμεναι
3650 2632 3768 2690 τοῖς

2188 2703 2509 2767 ἐπισκόποις
2532 2706 2683 2776 παρὰ
2715 2707 2823 2757 τῶν
2854 2708 3389 2777 μητροπολιτῶν,οἷς
3422 2715 3761 2781 ὑπόκεινται,

2188 2796 2284 2847 καὶ
2346 2796 2458 2858 τοῖς
2527 2795 2956 2868 μητροπολίταις
3012 2802 3165 2870 παρά
3223 2804 3332 2855 τῶν
3388 2810 3763 2877 πατριαρχῶν,

2188 2885 2262 2954 ὑφ
2308 2878 2384 2939 ὧν
2439 2888 2899 2958 προχειρίζονται,
2953 2892 3042 2943 ὅτε
3073 2893 3162 2945 διά
3193 2911 3317 2948 τινα
3350 2897 3541 2966 χρείαν
3590 2901 3767 2969 ἀναγ-

2187 2978 2348 3032 καίαν
2389 2978 2582 3033 ἀπίασι
2629 2982 2767 3051 πρὸς
2803 2982 3046 3051 βασιλέα,
3082 2985 3174 3037 καί
3202 2980 3312 3038 οἷαί
3342 2990 3484 3041 εἰσιν
3512 2992 3570 3043 αἱ
3605 3009 3763 3061 παρ-

2186 3070 2441 3139 εχόμεναι
2479 3070 2759 3141 κληρικοῖς
2801 3075 2952 3143 παρά
2987 3076 3097 3128 τῶν
3171 3079 3393 3133 οἰκείων
3418 3083 3764 3150 ἐπισκόπων,

2188 3159 2432 3215 θέλουσιν
2479 3164 2560 3225 είς
2615 3164 2809 3234 ἑτέραν
2867 3166 3025 3219 πόλιν
3069 3168 3350 3236 ἀπελθεῖν,
3382 3173 3477 3224 καὶ
3529 3175 3764 3229 καταλε-

2190 3252 2354 3321 γῆναι
2380 3256 2447 3325 τῇ
2490 3256 2608 3307 ἐκεῖ
2638 3256 2905 3328 ἐκκλησίᾳ
2935 3260 3193 3313 acati-16v
3218 3261 3285 3324 ιζ’
3325 3266 3530 3318 κανόνα
3556 3270 3657 3336 τῆς
3700 3271 3762 3321 ὲν

2188 3343 2266 3414 τῷ
2292 3345 2549 3416 Τρούλλῳ
2594 3347 2687 3399 τοῦ
2734 3348 3000 3401 παλατίου
3053 3353 3271 3407 συνόδου
3320 3359 3619 3425 συστάσης-,ς
3654 3359 3768 3412 Καὶ

2189 3438 2348 3493 ἄλλαι
2380 3439 2438 3492 δὲ
2474 3439 2722 3493 τοιαῦταί
2755 3442 2917 3497 εἰσιν.
2957 3444 3254 3513 Εἰρηνικαί
3286 3448 3343 3500 δὲ
3381 3450 3651 3516 λέγονται,
3683 3453 3765 3516 ὡς

2190 3532 2416 3601 εἰρήνην
2444 3530 2833 3602 βραῦεύουσαι.
2865 3535 2927 3587 Εἰ
2975 3536 3083 3604 γάρ
3115 3553 3198 3598 τις
3235 3538 3293 3600 ἐξ
3319 3539 3508 3607 ἑτέρας
3550 3543 3763 3605 πόλεως

2192 3627 2271 3687 εἰς
2301 3625 2491 3695 ἑτέραν
2521 3625 2731 3695 ἀπέλθῃ
2762 3628 3023 3697 κληρικὸς
3060 3629 3189 3681 ἄνευ
3240 3630 3460 3700 γνώμης
3497 3632 3591 3684 τοῦ
3637 3636 3765 3687 επι-

2194 3718 2398 3770 σκόπου
2446 3717 2634 3780 αὐτοῦ,
2671 3718 2776 3771 ὑπὸ
2814 3719 3089 3788 ἐπιτίμιόν
3136 3721 3253 3774 ἐστι
3306 3724 3551 3785 κάκεῖνος
3598 3726 3692 3776 καὶ
3733 3730 3766 3779 ὁ

2192 3809 2483 3876 δεξάμενος
2514 3808 2695 3862 αὐτόν.
2733 3809 2792 3862 Ὀ
2823 3810 2925 3879 μὲν
2950 3811 3059 3881 γὰρ
3089 3811 3349 3882 κληρικδς
3384 3816 3616 3868 παύεται
3656 3817 3765 3885 τῆς

2193 3898 2571 3966 λειτουργίαςι
2609 3900 2637 3951 ὁ
2691 3899 2749 3952 δὲ
2800 3901 3108 3966 ἐπίσκοπος
3161 3905 3188 3955 ὁ
3236 3905 3427 3957 τοῦτον
3472 3908 3773 3976 δεξάμενος

2193 3992 2515 4060 ἀφορίζεται
2542 3994 2683 4043 κατὰ
2708 3993 2800 4045 τὸν
2836 4000 2893 4045 ιε’
2927 4000 3129 4051 κανόνα
3153 3998 3247 4050 καὶ
3278 4004 3353 4062 ις’
3381 4002 3769 4059 ἀποστολικὸν.

2194 4085 2258 4139 Οἱ
2284 4085 2340 4138 δὲ
2364 4084 2500 4154 πρὸς
2535 4083 2759 4153 βασιλέα
2795 4086 3047 4148 ἀπιόντες
3082 4088 3371 4141 ἐπίσκοποι
3409 4090 3537 4143 ἄνευ
3575 4087 3790 4161 γραμέ

2199 4176 2384 4242 μάτων
2425 4175 2520 4226 τοῦ
2568 4174 2966 4243 μητροπολίτου
3000 4178 3095 4229 καὶ
3149 4177 3256 4229 τῶν
3305 4180 3363 4231 ἐν
3411 4183 3477 4251 τῇ
3525 4183 3775 4255 ἐπαρχίᾳ

2196 4266 2508 4319 ἐπισκόπων
2557 4267 2911 4319 ἐκπίπτουσιν
2967 4269 3028 4320 οὐ
3096 4272 3261 4338 μόνον
3315 4272 3417 4341 τῆς
3453 4277 3771 4339 κοινωνίας,

2197 4358 2334 4411 ἀλλὰ
2385 4358 2482 4411 καὶ
2525 4350 2818 4430 τῆςλάξίας
2874 4359 2974 4429 τῆς
3018 4363 3295 4432 ἱερατικῆς
3350 4370 3495 4418 κατὰ
3563 4368 3655 4419 τὸν
3701 4367 3773 4419 ια’

2201 4450 2403 4503 κανόνα
2449 4450 2548 4520 τῆς
2602 4451 2660 4502 ὲν
2706 4452 3005 4522 Ἀντιοχείᾳ
3047 4456 3288 4511 συνόδου.
3343 4457 3677 4511 Συστατικαὶ
3708 4460 3770 4512 δὲ

2130 4583 2173 4638 D
2198 4542 2479 4595 ἐπιστολαὶ
2527 4541 2773 4609 λέγονται
2817 4546 2875 4595 at
2922 4545 3363 4616 ἐγχειριζόμεναι
3403 4551 3693 4618 κληρικοίς
3729 4551 3762 4620 ἢ

2204 4628 2414 4691 λαῖκοίς
2461 4629 2864 4699 ἀφωρισμένοις
2914 4633 2947 4703 ἢ
2987 4634 3289 4702 ἀγνώστοις
3332 4644 3684 4693 παντάπασιν
3711 4643 3769 4694 ὲν

2193 4717 2365 4787 ’ἑτέρᾳ
2389 4718 2541 4771 πόλει
2569 4720 2815 4785 ἀπιοῦσι,
2853 4725 2947 4774 καί
2975 4740 3305 4779 συνιστωσαι
3330 4728 3407 4798 τῷ
3429 4731 3485 4781 έν
3512 4733 3578 4801 τῇ
3615 4734 3774 4787 πόλει

2200 4808 2389 4879 ἐκείνῃ
2428 4810 2714 4882 ἐπισκόπῳ
2770 4813 2897 4876 τοὺς
2946 4817 3178 4885 ἄνδρας,
3226 4818 3302 4880 ὡς
3350 4820 3611 4886 λυθέντας
3658 4827 3775 4878 τῶν

2202 4902 2496 4973 ἐπιτιμίων
2536 4903 2568 4973 ἦ
2610 4909 2835 4969 πιστοὺς
2874 4906 3035 4970 ὄντας
3093 4910 3235 4962 κατά
3274 4911 3366 4964 τὸν
3432 4912 3499 4984 ιβ’
3538 4918 3775 4970 ἀποστο-

1755 5058 1945 5120 Guill.
1999 5062 2224 5127 Beverc
2238 5068 2329 5143 git
2366 5076 2552 5130 notae.

605 5180 683 5251 (9)
723 5177 1101 5234 Ἀπολυτικαί
1133 5178 1368 5248 γραφαὶ,
1402 5184 1459 5234 αἱ
1489 5179 1589 5233 καί
1614 5183 1931 5250 εὶρηνικαί.
1976 5185 2096 5241 Bal-

534 5268 724 5309 satnott
756 5252 1093 5304 ditnissorias
1125 5266 1246 5302 cum
1293 5251 1532 5318 paciﬁcis
1585 5253 1778 5306 litteris
1832 5257 1918 5308 inc
1961 5273 2095 5311 cou-

536 5320 831 5394 luttdit.‘Et
853 5320 942 5394 sic
965 5321 1032 5373 ab
1064 5319 1184 5394 aliis
1211 5334 1353 5394 stupe
1384 5323 1810 5394 conl'utnluutur.
1864 5325 1927 5378 Et
1974 5332 2093 5394 qui-

535 5398 679 5454 dem.
706 5391 751 5445 si
790 5389 1027 5459 paciﬁca:
1053 5390 1263 5443 clericis
1299 5392 1437 5443 data;
1463 5392 1854 5459 intelligantur,
1888 5389 2089 5451 eadem

533 5461 924 5536 propemodum
956 5458 1195 5536 fuerunt,
1252 5474 1372 5527 qua:
1418 5458 1771 5526 dimissui-tte,
1819 5474 1873 5518 et
1902 5468 2090 5521 «idem

538 5530 758 5587 itomttte
792 5532 984 5583 merito
1006 5530 1344 5595 appellentur
1373 5548 1385 5584 :
1418 5546 1613 5598 quippe
1635 5536 1832 5599 quibus
1859 5540 2092 5591 ostensis

536 5605 768 5656 clericus
792 5599 1019 5669 quilibet
1048 5615 1099 5650 tu
1135 5600 1321 5651 alienze
1352 5614 1599 5667 parun-ne
1633 5608 1840 5657 cterqu
1876 5608 2088 5667 admitti

539 5684 757 5738 potest:
802 5682 866 5723 de
895 5672 1091 5744 gittbtts
1123 5673 1319 5744 t'tdeSts
1354 5674 1734 5725 auuotatiunes
1784 5676 1837 5726 in
1882 5677 2091 5744 synodo

476 5736 483 5744 ’
537 5736 707 5792 ‘l‘rull.
734 5755 854 5793 catt.
887 5740 975 5792 17.
1036 5738 1280 5790 l’acttica:
1329 5753 1504 5791 autem
1538 5744 1755 5809 proprie
1789 5745 1865 5798 sic
1909 5736 2085 5810 dictat,

537 5822 763 5879 qucque
800 5812 902 5862 huc
958 5824 1163 5862 canone
1200 5810 1593 5878 intelliguntur.
1628 5821 1783 5881 longe
1810 5818 1928 5869 alia:
1965 5816 2085 5870 fuc-

2203 5204 2365 5258 ruut;
2424 5203 2609 5259 utpote
2674 5208 2794 5264 qua!
2850 5209 2955 5247 non
3005 5194 3239 5260 ειετίοιε,
3294 5209 3352 5252 ιιι
3412 5198 3463 5252 in
3517 5200 3760 5263 clerum,

2198 5264 2293 5317 sed
2324 5268 2672 5333 pauperibus,
2707 5278 2765 5317 ut
2796 5267 2848 5318 iu
2882 5266 3169 5331 hospitium
3209 5267 3335 5319 alibi
3373 5272 3761 5336 reciperentur,

2198 5338 2335 5387 datae
2364 5346 2508 5389 sunt.
2550 5337 2698 5389 Adeo
2744 5348 2803 5388 ιιι
2850 5335 3123 5387 distinctio
3163 5349 3192 5387 a
3225 5342 3379 5391 nobis
3406 5335 3534 5394 ante
3574 5342 3767 5394 obser-

2198 5412 2318 5457 Vata
2355 5408 2496 5460 inter
2528 5408 2781 5473 pacilicas
2808 5405 3019 5457 clericis
3055 5404 3279 5458 ctlaicis
3302 5425 3591 5463 concessas
3623 5416 3767 5465 hunc

2198 5474 2395 5548 locum
2445 5476 2687 5548 egregie?
2721 5479 2973 5543 expliCat.
3043 5475 3265 5529 Etsatn~i
3316 5496 3458 5533 enim
3527 5482 3771 5548 paciﬁca:

2198 5544 2351 5618 laicis
2386 5544 2625 5609 indulta},
2660 5547 2987 5618 tlittttssoria:
3028 5548 3247 5613 proprie
3296 5565 3402 5602 nuu
3460 5544 3765 5618 dicuntur;

2194 5617 2260 5667 de
2291 5616 2357 5669 iis
2382 5627 2585 5678 tamen,
2624 5632 2744 5684 quae
2808 5617 3024 5668 clericis
3088 5618 3229 5667 datu:
3268 5631 3413 5683 sunt,
3473 5630 3621 5674 recte
3682 5616 3775 5676 hic

2192 5684 2473 5807 βξιίἓιιιηοη
2500 5688 2598 5752 ait,
2629 5686 2957 5739 απολυτικαὶ
2996 5690 3229 5757 γραφαὶ,
3260 5693 3312 5742 αἰ
3343 5692 3436 5744 κιί
3492 5691 3774 5761 εἰρηνικαὶ

2193 5772 2285 5807 Λεγ
2326 5773 2505 5807 μεναι.

2193 5772 2505 5824 Αεγομεναι.
