4078 6396
370 354 477 420 429

1522 351 1603 410 ΙΝ
1634 352 1796 413 CAN.
1840 352 1927 414 XI
1973 350 2182 415 CONC.
2219 350 2583 414 CHALCED.

3508 360 3615 425 430

370 466 522 521 λικδν
547 461 749 518 κανόνα
766 461 857 516 καὶ
882 462 972 514 τὸν
994 460 1077 528 λγ⁹
1100 475 1115 490 ο
1151 459 1183 531 ἢ
1210 460 1340 513 ὅταν
1366 459 1668 529 κατηγορία
1698 460 1841 513 κατά
1869 476 1932 512 τι·

2057 464 2183 514 tatis
2213 460 2969 529 episeopocommendantes.
3000 462 3285 533 Accipiunt
3335 466 3369 521 ii
3403 482 3616 538 quoque

368 573 460 618 νος
501 557 750 626 γένηται,
788 554 882 611 καὶ
913 556 1058 625 φανῇ
1108 552 1285 613 ἀθῶος
1324 553 1352 605 ό
1383 552 1805 623 κατηγορηθεὶς,
1846 551 1941 604 καὶ

366 648 498 719 δοθῇ
544 647 695 718 αὐτῷ
750 645 1009 716 ἐπιστολὴ
1044 644 1353 699 συνιστῶσα
1403 645 1567 699 αὐτὸν
1602 644 1681 716 τῷ
1707 645 1846 714 πρὸς
1878 644 1940 698 ὃν

366 740 685 809 ἀπεστάλη,
754 741 850 793 καὶ
913 738 1243 793 διδάσκουσα
1304 738 1723 806 συκοφαντικῶς
1777 736 1939 790 αὑτὸν

367 831 836 901 κατηγορηθῆναι.
897 829 1085 893 Οὕτως
1148 829 1390 900 ἐχουσῶν
1457 828 1570 882 τῶν
1630 828 1936 883 ἐπιστολῶν
2006 894 2011 895 ν

366 924 598 986 τούτων,
627 924 793 994 φησὶν
835 924 864 976 ό
900 922 1085 976 κανὼν
1131 924 1246 985 τοῖς
1297 921 1494 992 πένησι
1539 921 1635 974 καὶ
1663 920 1939 990 δεομένοις

367 1014 643 1084 βοηθείας,
672 1013 769 1068 καὶ
808 1014 898 1069 διὰ
930 1013 1089 1067 τοῦτο
1117 1014 1573 1085 προσερχομένοις
1601 1014 1667 1083 τῇ
1710 1011 1939 1081 Ἐκκλη-

367 1106 482 1178 σία,
510 1106 795 1178 είρηνικάς
835 1106 948 1160 δεῖν
992 1106 1229 1159 δίδοσθαι
1267 1105 1559 1168 ἐπιστολὰς
1594 1105 1660 1158 ἐκ
1702 1104 1806 1173 τῆς
1846 1104 1937 1157 ἐκ-

363 1196 619 1267 κλησίας,
655 1198 751 1252 καὶ
809 1198 886 1270 μὴ
936 1197 1294 1262 συστατικὰς.
1334 1196 1511 1263 Χρέος
1556 1195 1665 1267 γὰρ
1714 1192 1862 1266 εἶχον
1887 1196 1936 1248 οί

361 1290 644 1360 ἀρχιερεῖς
673 1289 1177 1360 ἀντιλαμϐάνεσθαι
1230 1289 1341 1343 τῶν
1379 1288 1838 1359 προσφευγόντων
1865 1290 1934 1361 τῇ

376 1381 677 1452 Ἐκκλησία
698 1381 981 1451 πενήτων,
1009 1379 1318 1452 ἢόρφανῶν
1347 1381 1442 1434 καὶ
1475 1380 1661 1455 χηρῶν
1693 1380 1828 1448 (10),
1857 1379 1935 1444 ὡς

359 1472 989 1542 καταδυναστευομένων
1038 1472 1191 1536 ῖσως,
1224 1471 1258 1542 ἢ
1301 1472 1709 1542 ἀδικουμένων,
1737 1472 1769 1544 ἢ
1802 1473 1937 1526 ἀπο-

362 1563 742 1633 στερουμένων
767 1563 876 1617 τῶν
905 1562 1222 1634 ἀνηκόντων
1264 1563 1450 1626 αὐτοῖς
1473 1576 1488 1592 ⁸
1525 1563 1620 1616 καὶ
1656 1563 1932 1628 τοσοῦτον,

357 1651 508 1705 ὥστε
539 1652 874 1723 κωλυόμενοι
897 1654 947 1706 οἱ
971 1652 1262 1706 ἐπίσκοποι
1285 1654 1510 1707 ἀπιέναι
1547 1653 1683 1723 πρὸς
1710 1653 1934 1723 βασιλέα

358 1744 451 1798 διὰ
480 1730 931 1816 δεήσειςοίκείας
954 1746 1049 1798 καὶ
1078 1745 1338 1816 ἐνοχλεῖν,
1359 1745 1752 1816 ἐπιτρέπονται
1774 1744 1932 1799 τοῦτ’)

2048 552 2538 615 commendatitias,
2569 551 2659 620 qui
2693 554 2867 607 vocati
2897 556 2948 608 in
2976 556 3245 623 judicium
3292 574 3350 615 se
3385 576 3416 614 a
3457 562 3612 631 culpa

2054 641 2325 697 immunes
2348 641 2706 705 ostenderint,
2732 644 2931 713 quibus
2969 657 3024 701 et
3068 649 3116 702 ei
3148 651 3215 703 ad
3251 665 3410 719 quem
3463 653 3613 707 missi

2045 740 2172 795 sunt
2205 734 2367 807 126
2389 738 2643 807 episcopo
2671 738 3139 803 commendentur,
3181 750 3238 794 et
3286 740 3420 797 falsa
3468 744 3615 799 dela-

2048 822 2193 879 tione
2210 812 2459 894 ipsorum
2481 826 2843 882 innocentiam
2868 837 3129 884 lentatum
3155 829 3325 887 fuisse
3356 843 3489 889 testa
3501 845 3611 891 tum

2046 917 2161 977 fiat.
2190 917 2327 974 Cum
2357 918 2471 974 lucc
2503 920 2665 989 igitur
2709 931 2855 977 esset
2900 923 3036 979 ratio
3083 924 3457 993 epistularum,
3518 931 3611 1000 qui

2044 1006 2223 1085 inopia
2248 1009 2439 1077 pressi,
2470 1010 2552 1067 vel
2576 1012 2759 1067 auxilii
2780 1026 2997 1082 quoquo
3015 1019 3174 1068 modo
3201 1015 3523 1088 indigentes,
3546 1022 3614 1074 ab

2046 1096 2291 1156 Ecclesia
2343 1100 2447 1156 sibi
2492 1116 2647 1170 opem
2678 1113 3054 1173 exposcerent.
3088 1104 3340 1175 paciﬁcas
3391 1108 3458 1166 iis
3512 1112 3613 1165 ho-

2048 1189 2312 1255 minibus,
2331 1207 2437 1246 non
2461 1202 2638 1246 autem
2663 1197 2981 1255 commenda
2991 1194 3137 1250 titias
3162 1196 3371 1254 litteras
3387 1202 3610 1256 concedi

2044 1292 2222 1335 canon
2253 1291 2507 1350 oportere
2541 1285 2804 1340 decernit.
2845 1285 2971 1347 Fuit
3012 1302 3248 1357 namque
3292 1291 3613 1362 episcopalis

2045 1369 2206 1427 oflicii
2230 1388 2559 1449 pauperum,
2592 1377 3029 1449 pupillorumque
3061 1394 3128 1433 ae
3170 1381 3473 1449 viduarum,
3520 1385 3613 1438 ad-

2045 1475 2236 1519 versus
2263 1467 2632 1539 potentiorum
2685 1467 2911 1547 injurias
2967 1480 3023 1526 et
3071 1470 3215 1528 illata
3267 1474 3611 1535 detrimenta,

2043 1568 2335 1633 rerumque
2365 1558 2431 1610 ad
2460 1558 2579 1613 illos
2603 1561 2991 1629 pertinentium
3023 1563 3330 1621 ablationes
3366 1566 3611 1621 ecclesia:
3668 1550 3669 1553 η

2041 1663 2195 1716 opem
2228 1649 2656 1720 implorantium,
2696 1651 3069 1709 defensionem
3101 1656 3417 1724 suscipere:
3473 1658 3608 1712 adeo

2043 1750 2101 1795 ιιι
2130 1756 2254 1796 cum
2313 1742 2395 1816 sui
2451 1743 2652 1812 negotii
2700 1758 2863 1801 causa
2907 1744 3291 1813 imperatorem
3347 1749 3499 1803 adire
3544 1765 3608 1803 ac

358 1837 543 1887 ποιεῖν
591 1834 682 1888 διὰ
734 1835 864 1896 τοὺς
910 1836 977 1905 τῇ
1032 1835 1334 1904 Ἐκκλησία
1394 1835 1932 1906 προσφεύγοντας,ἣ

2044 1829 2390 1898 interpellare
2434 1832 2674 1902 episc0pi
2726 1843 3062 1899 vetarentur,
3109 1844 3169 1891 ut
3219 1835 3323 1891 hoc
3366 1836 3609 1895 facerent

359 1925 608 1980 στέλλειν
651 1925 933 1988 διακόνους
969 1925 1135 1990 ἰδίους
1176 1928 1256 1990 είς
1300 1928 1627 1997 ἐπικουρίαν
1659 1926 1769 1983 τῶν
1818 1929 1934 1983 δεο-

361 2019 567 2089 μένων,
602 2020 698 2072 καὶ
745 2021 827 2083 είς
876 2019 1228 2090 καταλλαγὴν
1277 2015 1385 2074 τῶν
1446 2021 1539 2073 διὰ
1588 2021 1935 2092 πταίσματος

356 2111 875 2166 καταδικασθέντων
924 2112 1259 2182 κολασθῆναι
1298 2113 1332 2181 ἢ
1383 2113 1828 2183 περιορισθῆναι,
1858 2116 1932 2177 ὡς

356 2207 388 2259 ὁ
414 2202 459 2269 ζ’
489 2205 584 2256 καὶ
612 2205 641 2257 ό
675 2203 725 2274 η’
773 2205 953 2257 κανὼν
984 2205 1083 2273 τῆς
1114 2206 1171 2255 ὲν
1194 2204 1430 2275 Σαρδικῇ
1464 2204 1682 2258 συνόδου
1709 2205 1935 2275 διαλαμ-

356 2295 540 2351 ϐάνει.
564 2295 696 2358 Τοῖς
726 2295 860 2363 γοῦν
890 2295 1014 2348 καθ’
1053 2294 1355 2365 οἱονδήτινα
1379 2294 1583 2365 τρόπον
1608 2297 1932 2367 ἐπικουρίας

354 2388 639 2458 δεομένοις
724 2388 1055 2456 ἐνεχείριζον
1140 2387 1434 2449 ἐπιστολὰς
1515 2388 1565 2440 oi
1638 2388 1930 2442 ἐπίσκοποι

354 2481 661 2551 βοηθούσας
686 2480 890 2542 αὐτοῖς,
916 2479 1001 2548 ἐφ’
1040 2474 1123 2540 οἷς
1169 2478 1398 2541 ἐδέοντο,
1426 2478 1680 2532 κάκεῖναι
1716 2481 1928 2549 εἰρηνι-

356 2573 458 2623 καὶ
514 2569 828 2633 ἐκαλοῦντο,
878 2569 952 2632 ὡς
999 2572 1225 2640 εἰρήνην
1274 2570 1661 2638 βραϐεύουσαι,
1698 2573 1810 2633 τοῖς
1862 2571 1930 2623 δι’

355 2663 534 2733 ὀργὴν
572 2664 850 2732 ἀρχόντων
902 2662 935 2732 ἢ
978 2663 1416 2715 δυναστευόντων
1464 2662 1651 2715 ἄδικον
1701 2664 1929 2735 γνώμην

355 2759 658 2827 πάσχουσι.
719 2757 987 2826 Παρέχειν
1046 2756 1102 2807 δὲ
1163 2755 1366 2817 ταύτας
1436 2756 1621 2818 αὐτοῖς
1674 2755 1702 2807 ὁ
1750 2754 1931 2821 κανὼν

352 2850 710 2904 διατάττεται
742 2848 881 2918 μετά
931 2848 1279 2917 δοκιμασίας.
1314 2848 1389 2901 Οὐ
1439 2850 1549 2918 γὰρ
1607 2848 1796 2910 ἁπλῶς
1837 2834 1930 2903 καὶ

353 2945 740 3014 ἀδοκιμάστως
773 2944 939 2995 παντὶ
978 2941 1405 3013 προσερχομένῳ
1429 2943 1512 3009 δεῖ
1534 2943 1772 3013 βοηθεῖν,
1794 2943 1929 2996 ἀλλὰ

350 3036 436 3106 τῷ
486 3035 848 3104 ἀδικουμένῳ.
883 3035 943 3087 El
989 3038 1098 3106 γάρ
1141 3051 1224 3096 τις
1285 3033 1486 3087 ἀδικῶν
1543 3034 1820 3107 προσέλθῃ
1859 3038 1926 3105 τῇ

2040 1922 2253 1975 illorum
2286 1924 2486 1994 gratia,
2521 1927 2613 1996 qui
2649 1926 2718 1980 ad
2761 1927 3060 1984 Ecclesiam
3095 1927 3485 1996 confugissent,
3517 1942 3608 1985 aut

2037 2012 2299 2069 diaconos
2325 2030 2456 2072 suos
2483 2019 2550 2071 ad
2586 2019 2939 2089 indigentium
2967 2020 3251 2082 auxilium,
3299 2030 3355 2075 et
3395 2036 3606 2084 eorum,

2036 2106 2126 2175 qui
2156 2106 2226 2160 ob
2258 2108 2514 2162 delictum
2544 2109 2760 2179 aliquod
2794 2111 2971 2177 pinnis
3005 2110 3089 2166 vel
3122 2112 3317 2176 exsilio
3359 2114 3603 2173 darnnati

2036 2198 2275 2267 fuerunt,
2305 2199 2698 2265 liberationem,
2728 2203 3003 2258 mitterent
3034 2204 3066 2256 7
3095 2216 3150 2260 et
3194 2206 3228 2261 8
3262 2204 3603 2263 Sardiceusis

2035 2293 2228 2360 synodi
2259 2306 2384 2348 can.
2419 2294 2526 2348 illis
2554 2296 2978 2351 concedebatur.
3011 2294 3108 2351 His
3152 2298 3317 2367 igitur
3367 2300 3606 2355 homini-

2038 2384 2160 2448 bus,
2194 2384 2285 2454 qui
2320 2399 2381 2440 se
2412 2386 2722 2457 omnimodo
2770 2388 2888 2454 opis
2940 2387 3153 2457 indiges
3204 2388 3605 2455 profiterentur,

2038 2476 2321 2544 suppetiis.
2354 2492 2491 2547 quas
2520 2488 2861 2550 optaverant,
2918 2479 3176 2546 ferendis,
3224 2484 3292 2536 ab
3337 2485 3607 2554 episcopis

2036 2566 2235 2621 litterae
2290 2570 2641 2624 tradebantur
2694 2584 2879 2638 ea‘que
2950 2572 3195 2640 pacifica:
3248 2572 3601 2635 dicebantur.

2035 2676 2218 2739 pacein
2247 2661 2453 2717 scilicet
2487 2661 2617 2724 illis,
2650 2664 2849 2731 quibus
2881 2673 2973 2720 aut
3008 2664 3313 2734 principum
3342 2677 3437 2720 aut
3485 2670 3603 2736 pri-

2034 2764 2238 2827 motum
2305 2754 2586 2808 iracundia
2658 2769 2874 2819 causam
2955 2756 3171 2825 iniustae
3243 2759 3605 2816 damnationis

2034 2843 2336 2903 attulisset.
2406 2844 2714 2900 aﬂ‘erentes.
2771 2846 3005 2910 Litteras
3071 2864 3232 2917 porro
3297 2852 3601 2918 ejusmodi.

2033 2950 2234 2997 canon,
2287 2936 2388 2989 nisi
2422 2936 2700 3011 explorata
2756 2939 3137 3007 postulationis
3183 2945 3442 3010 aequitate
3485 2945 3604 2998 cui-

2033 3042 2194 3096 quam
2222 3031 2440 3087 concedi
2472 3040 2638 3085 vetat.
2673 3030 2782 3087 Nec
2814 3033 2957 3095 enim
2982 3036 3286 3093 inconsulte
3315 3054 3378 3093 ac
3402 3050 3603 3095 temere

367 3124 672 3196 Ἐκκλησία
723 3125 756 3197 ἢ
810 3125 1167 3198 κακουργῶν,
1216 3125 1278 3178 οὐ
1332 3124 1438 3195 χρὴ
1492 3127 1606 3188 τοῖς
1662 3126 1927 3188 τοιούτοις

2036 3132 2241 3179 omnes,
2300 3120 2397 3173 sed
2447 3135 2589 3190 quos
2651 3121 2848 3189 injuste
2898 3127 3073 3185 vexati
3128 3141 3469 3197 compertum
3508 3134 3599 3197 sit,

351 3219 693 3286 ἐπικουρεῖν.
723 3217 821 3286 Μὴ
868 3216 1136 3285 ἐλεήσῃς
1178 3219 1308 3287 γὰρ,
1363 3217 1516 3287 φησὶ,
1569 3217 1809 3286 πτωχὸν
1856 3218 1925 3270 ἐν

349 3312 574 3379 κρίσει.
615 3310 767 3362 Ἐπεὶ
795 3310 905 3380 γὰρ
936 3312 969 3380 ἠ
1003 3310 1162 3362 πενία
1192 3310 1327 3381 πρὸς
1351 3306 1533 3363 οἶκτόν
1565 3310 1713 3375 ἐστιν
1750 3311 1922 3377 εὐκα-

2029 3211 2231 3264 attxilio
2253 3211 2501 3285 juyandi.
2531 3213 2586 3267 Si
2616 3218 2735 3281 quis
2768 3218 2965 3270 etenim
2996 3218 3192 3284 injuria
3224 3220 3472 3278 afticiens
3503 3236 3597 3281 aut

2029 3304 2228 3356 malum
2296 3313 2617 3375 perpetratis
2676 3308 2743 3363 ad
2797 3305 3093 3363 Ecclesium
3151 3310 3491 3380 confugerit,
3548 3317 3601 3368 ei

346 3405 611 3474 τάφορος,
646 3401 983 3468 ’Δδικοῦντα,
1019 3404 1183 3475 φησὶν
1224 3405 1258 3473 ἡ
1306 3403 1519 3473 Γραφὴ,
1572 3402 1648 3471 μὴ
1695 3402 1925 3475 ἐλεήσῃς

2036 3397 2282 3471 suppetiae
2311 3414 2415 3451 non
2444 3410 2571 3451 sunt
2611 3397 2864 3454 ferendae.
2906 3398 2987 3457 Ne
3029 3402 3350 3467 miserearis,
3405 3405 3597 3474 inquit,

344 3500 406 3551 ἐν
439 3497 645 3567 κρίσει,
679 3495 784 3549 κᾶν
814 3496 1028 3564 πτωχός
1065 3500 1205 3549 ἐστι.
1242 3495 1305 3548 Ei
1339 3494 1471 3564 γοῦν
1516 3495 1810 3567 χρεωστῶν
1839 3513 1923 3557 τις

347 3590 609 3661 προσρυῇ
664 3589 731 3658 τῇ
786 3587 1106 3661 Ἐκκλησία,
1158 3587 1235 3658 μὴ
1290 3584 1491 3651 ἀδίκως
1538 3588 1637 3658 μὲν
1692 3589 1927 3657 ἀπαιτη·

346 3682 510 3752 θῆναί
564 3696 621 3733 τι
661 3679 825 3733 αὐτὸν
871 3679 953 3733 δεῖ
1001 3670 1090 3732 διᾶ
1153 3680 1435 3751 φροντίδος
1491 3679 1768 3733 ποιεῖσθαι
1829 3682 1922 3734 τὸν

344 3777 654 3830 ἐπίσκοπον
677 3787 692 3802 ’
738 3771 766 3824 ὃ
792 3771 849 3823 δὲ
878 3770 1106 3835 δικαίως
1142 3774 1427 3840 χρεωστεῖ,
1457 3769 1751 3837 ἀποδώσει,
1782 3772 1919 3841 πρὸς

344 3864 512 3919 τοῦτο
534 3862 627 3916 τοῦ
654 3862 956 3915 ἐπισκόπου
984 3862 1061 3930 μὴ
1095 3858 1413 3922 κωλύοντος.
1447 3860 1683 3930 Ὁμοίως
1705 3861 1798 3913 καὶ
1829 3863 1926 3913 ἐπὶ

354 3955 471 4009 τῶν
500 3953 719 4010 λοιπῶν.

361 4238 575 4293 ΔΡΙΣΤ.
618 4243 679 4294 Ol
704 4238 980 4309 δεόμενοι
1027 4238 1376 4307 ἐπικουρίας
1403 4238 1659 4306 πένητες
1684 4239 1924 4292 ἐπιστο-

422 4330 556 4398 λαῖς
581 4332 932 4399 εἰρηνικαῖς,
957 4330 1119 4385 ἀλλὰ
1160 4330 1245 4399 μὴ
1277 4329 1676 4393 σιιστατικιιῐς
1715 4329 1918 4383 ὁδευέ-

416 4437 655 4476 τωσαν’
685 4424 745 4476 al
782 4422 891 4491 γὰρ
922 4420 1282 4475 συστατικαί
1316 4419 1436 4484 τοῖς
1491 4420 1561 4473 ἐν
1610 4421 1916 4489 ὑπολήψει

407 4514 623 4582 μόνοις
660 4511 1046 4581 παρέχονται.

411 4624 685 4698 Εἰρηνικὴ
706 4625 963 4696 ἐπιστολή
983 4626 1131 4677 ἐστιν
1151 4627 1182 4695 ἡ
1201 4624 1327 4678 ἄνευ
1350 4625 1649 4680 σκανδάλου
1674 4628 1817 4691 τινρς
1839 4628 1917 4700 τῷ

337 4718 793 4791 ἐπικομιζομένῳ
814 4719 1260 4789 ἐγχειριζομένη·
1280 4721 1577 4787 συστατικὴ
1599 4718 1700 4788 δέἠ
1722 4720 1782 4772 τὸ
1797 4720 1920 4772 ἀνε-

338 4812 614 4883 πίληπτον
638 4811 730 4865 τοῦ
748 4812 867 4882 βίου
887 4812 981 4864 καὶ
1001 4812 1096 4881 τῆς
1133 4812 1426 4881 θρησκείας
1444 4809 1522 4879 τῷ
1539 4812 1917 4882 ἐπιφερομένῳ

336 4904 873 4975 προσμαρτυροὼα.
910 4905 972 4957 Οί
1013 4902 1142 4972 γοῦν
1170 4903 1423 4975 δεόμενοι
1452 4902 1706 4972 βοηθείας
1737 4906 1907 4974 πένη-

2029 3492 2277 3557 pauperis
2309 3490 2363 3541 in
2387 3489 2593 3557 judicio
2613 3490 2677 3545 ".
2715 3487 2847 3545 Nam
2894 3492 3039 3559 quia
3066 3506 3354 3564 paupertas
3402 3499 3601 3553 animis

2027 3585 2094 3647 ad
2116 3585 2556 3651 misericordiam
2590 3585 2895 3641 aliicieudis
2924 3587 3114 3642 idonea
3149 3600 3255 3655 est,
3286 3605 3458 3647 sacrae
3482 3592 3600 3648 Lit-

2031 3686 2159 3730 terae
2185 3675 2392 3743 injurii,
2427 3675 2553 3731 licet
2586 3680 2860 3745 pauperis,
2892 3679 2944 3730 in
2981 3678 3187 3748 judicio
3217 3682 3457 3741 misereri
3489 3700 3596 3739 noa

2029 3766 2238 3821 sinunt.
2274 3766 2329 3820 Si
2363 3766 2484 3836 quis
2514 3766 2680 3837 igitur
2708 3767 2978 3823 obaeratus
3021 3771 3087 3823 ad
3126 3770 3421 3827 Ecclesiam
3467 3790 3596 3828 con-

2028 3859 2246 3927 fugerit,
2283 3874 2352 3913 nc
2390 3860 2517 3928 qttid
2554 3856 2785 3929 amplius
2814 3861 3062 3929 exigatur
3091 3864 3160 3918 ab
3208 3878 3274 3917 eo
3305 3880 3464 3934 quam
3507 3868 3597 3933 jus

2029 3951 2287 4020 postulat,
2315 3952 2528 4007 curabit
2555 3951 2878 4021 episcopus;
2915 3969 3036 4022 quae
3064 3966 3243 4009 autem
3275 3956 3396 4023 jure
3418 3960 3594 4020 debet.

2028 4042 2285 4109 episcopo
2333 4057 2674 4112 nequaquam
2725 4044 3121 4113 interpellante,
3177 4049 3466 4117 persolvet.
3508 4051 3599 4104 Si-

2028 4134 2229 4188 militer
2260 4144 2313 4189 et
2341 4134 2394 4188 in
2422 4135 2665 4203 reliquis.

2026 4247 2255 4303 ARIST.
2283 4248 2550 4317 Pauperes
2596 4251 2800 4304 auxilia
2851 4254 3165 4321 indigentes,
3212 4255 3449 4320 epistolis
3496 4273 3596 4324 pa-

2098 4340 2304 4408 ciﬁcis,
2363 4342 2453 4394 sed
2524 4358 2626 4395 non
2690 4346 3156 4424 eamt‘neudatitiis,
3193 4349 3292 4400 iter
3350 4347 3591 4408 faciant:

2094 4447 2219 4483 nam
2279 4434 2714 4487 commendatilta:
2769 4438 3022 4504 suspectis
3074 4448 3281 4490 tantum
3354 4444 3591 4505 personis

1951 4516 1994 4570 υ
2092 4521 2421 4576 exhibentur.

2098 4635 2339 4705 Epistola
2382 4639 2606 4707 pacifica
2639 4649 2722 4692 est
2758 4656 2877 4709 quae
2909 4641 3025 4694 sine
3056 4642 3163 4694 ullo
3205 4643 3457 4696 seandalo
3503 4646 3595 4698 ad-

2024 4725 2238 4779 velteuti
2285 4727 2555 4789 traditur;
2621 4728 3061 4781 catutueutlatitia
3120 4739 3297 4784 autem
3350 4749 3467 4800 qua:
3523 4751 3591 4787 tn-

2026 4814 2301 4885 culpatum
2355 4817 2463 4869 vita
2498 4826 2552 4870 et
2603 4818 2863 4884 religione
2914 4819 3227 4875 afferentem
3281 4832 3589 4885 attestatur.

2023 4904 2123 4971 Qui
2154 4921 2417 4973 pauperes
2449 4906 2630 4973 itaque
2662 4892 2879 4961 auxilio
2915 4910 3174 4980 indigent,
3226 4929 3346 4967 cum
3396 4914 3591 4969 litteris

335 5012 433 5057 τες
509 4995 652 5065 μετά
711 4994 1005 5067 εἰρηνικῶν
1058 4996 1360 5049 ἐπιστολῶν
1430 4995 1540 5047 τῶν
1595 4996 1913 5053 ἐπισκόπων

2036 4996 2386 5065 rpiscoporum
2438 4997 2675 5065 pacificis
2728 4999 2828 5053 iter
2882 4998 3061 5055 facere
3117 5005 3338 5066 debent,
3386 5013 3443 5057 ut
3494 5008 3585 5074 qui

335 5087 548 5142 ὁδεύειν
575 5086 907 5157 ὀφείλουσιν,
941 5086 1009 5140 ἶν’
1037 5087 1296 5143 ἐλεῶνται
1325 5086 1430 5140 ὑπ’)
1455 5086 1563 5138 τῶν
1591 5087 1911 5156 δυναμένων

2036 5102 2168 5157 ιρειιι
2198 5088 2265 5141 iis
2293 5085 2435 5140 ferre
2460 5098 2705 5156 possunt,
2740 5091 3109 5145 misericordia
3142 5094 3191 5145 iu
3222 5111 3319 5148 eos
3346 5111 3585 5152 ροηηηυ-

338 5177 567 5250 βοηθεῖν
621 5178 829 5244 αὐτοῖς.
862 5176 1211 5246 Συστατικῶν
1264 5175 1325 5229 δὲ
1379 5178 1685 5229 ἐπιστολῶν
1718 5177 1911 5247 χρείαν

2036 5188 2268 5234 reantur.
2323 5178 2576 5247 Epistolis
2632 5190 2809 5236 autem
2859 5185 3318 5239 commendatitiis
3365 5187 3431 5243 iis
3480 5205 3584 5245 non

445 5361 495 5396 ⁸⁸
534 5358 713 5433 Exod.
751 5375 909 5429 xxiii,
936 5360 992 5417 6.

1566 5473 1755 5534 Guill.
1795 5470 2119 5550 Beveregii
2155 5484 2346 5534 noue.

409 5607 528 5698 (l0),
567 5606 677 5698 ιςαι
709 5607 931 5690 χηρῶν.
964 5606 1087 5698 ιιίεε
1118 5608 1515 5698 νει-ιιιιηιιειιιιιξ¹
1555 5609 1633 5698 τιό.
1671 5605 1903 5698 ἀνηκόν-

2036 5604 2722 5698 ιεειιτηιημῼὼςὲείρήνηνι
2751 5609 3118 5698 βραδειξουσαι
3169 5613 3285 5696 τοῖς
3310 5611 3379 5665 δι’
3410 5613 3582 5698 ὀργὴν

336 5675 446 5731 των
470 5675 797 5754 αὖτοῖςίὶιι
843 5694 944 5732 ms.
1000 5675 1899 5754 Amerbacbiano__desiderantu_r;

2036 5678 2285 5747 ιρχὸντιον
2334 5677 2368 5745 ἦ
2431 5675 2872 5734 ὀνικὸς-ἐνόντων
2934 5683 3141 5741 ἄδικον
3178 5682 3408 5754 γνώμην

338 5751 796 5820 quemadmodum
844 5759 900 5803 et
938 5763 1022 5814 ea,
1082 5763 1224 5817 quur,
1257 5746 1527 5802 nonnullis
1570 5745 1899 5815 ittterjcctis,
2015 5745 2225 5816 σχουτι.
