4078 6432
418 361 430 374 ’
457 350 598 444 ἶισι

461 1072 473 1098 ι

462 1116 478 1149 1

457 1162 479 1212 ς

465 1232 476 1276 ἶ

468 1293 475 1322 ἶ

1748 370 2027 434 THEOD.
2061 374 2464 436 BALSAMON

3627 370 3735 436 432

495 508 633 565 opus
662 497 743 545 est
773 505 790 543 :
828 489 907 542 Ine
935 485 1080 540 enim
1108 482 1433 553 presbyteris
1457 490 1510 538 et
1538 482 1781 538 diaconis
1834 492 1890 537 et
1929 481 2056 536 reli-
2085 540 2088 549 η

2182 485 2260 538 »ὐκ
2287 485 2505 556 ἔχουσιν
2530 501 2543 516 ο
2576 478 2733 538 αὗται
2755 484 2862 554 γὰρ
2884 483 3298 556 πρεσϐυτέροις,
3325 483 3422 538 καὶ
3445 483 3737 548 διακόνοις,

494 587 619 653 quis
642 581 854 637 clericis
882 576 1231 636 exhibentur.

1085 688 1316 746 CANON
1355 687 1470 743 Xll.

501 781 747 842 Pervenit
779 786 997 847 σάλιοι,
1036 782 1176 851 quod
1226 781 1469 850 quidam.
1530 796 1646 833 cum
1697 789 1888 846 prtrter
1929 779 2064 833 ritus

566 873 942 931 ecclesiasticos
974 873 1040 923 ad
1072 879 1374 937 potentatus
1397 871 1760 931 accessissent,
1785 884 1879 936 per
1938 884 2066 936 pra-

569 968 826 1038 gmaticus
857 979 1016 1018 unam
1045 963 1370 1031 provinciam
1413 962 1469 1014 in
1499 964 1632 1014 duas
1661 960 1942 1014 diviserunt
1966 975 1985 1013 :
2011 969 2068 1014 ut
2112 979 2117 984 ·

571 1076 636 1113 τα
661 1074 724 1112 eo
741 1063 844 1109 duo
873 1063 1041 1108 essent
1074 1053 1463 1121 metropolitani
1495 1052 1548 1105 in
1578 1052 1759 1106 eadem
1775 1051 2065 1118 provincia.

572 1149 766 1205 Statuit
803 1163 926 1217 ergo
951 1158 1133 1200 sancta
1165 1147 1420 1213 synodus,
1445 1160 1505 1197 ne
1533 1145 1804 1213 episcopus
1829 1144 2070 1211 deinceps
2101 1149 2105 1152 ’

573 1243 681 1296 tale
715 1243 840 1312 quid
877 1240 1067 1292 audeat
1094 1253 1113 1290 :
1145 1238 1394 1304 quoniam
1418 1237 1586 1305 is,qui
1614 1238 1710 1290 hoc
1741 1237 2068 1306 aggreditur,

575 1351 606 1386 a
632 1349 728 1386 suo
756 1331 924 1403 gradu
966 1329 1182 1383 excidit.
1233 1327 1565 1397 Quwcunqne
1613 1341 1788 1381 autem
1833 1329 2070 1382 civitates

571 1441 663 1491 per
719 1425 924 1476 litteras
981 1421 1109 1487 imp.
1174 1419 1487 1486 metropolis
1536 1420 1741 1472 nomine
1801 1420 2072 1474 honorata:

569 1527 712 1580 sunt,
747 1516 859 1567 solo
909 1515 1102 1565 honore
1139 1511 1410 1579 fruantur,
1446 1521 1494 1563 et
1523 1512 1614 1580 qui
1647 1512 1762 1578 ejus
1799 1512 2072 1566 ecclesiam

575 1608 914 1661 administrat
940 1606 1233 1674 episcOpus,
1277 1603 1497 1656 servatis
1531 1603 1740 1656 scilicet
1793 1619 1925 1658 vera:
1965 1620 2073 1657 me-

576 1699 764 1764 tropoli
805 1699 916 1754 suis
951 1695 1186 1764 juribus.

2166 579 2263 631 καὶ
2291 580 2402 641 τοῖς
2428 577 2634 642 λοιποῖς
2662 581 2775 640 τοῖς
2809 579 2867 629 ἐν
2896 577 3083 648 κλήρῳ
3107 577 3461 648 παρέχονται..

2755 688 2992 742 ΚΑΝΩΝ
3045 686 3145 742 lB'.

2171 775 2389 838 Ἦλθεν
2415 783 2502 848 είς
2530 779 2684 851 ἡμᾶς
2718 780 2796 847 ὣς
2827 799 3008 848 τινες,
3033 781 3192 850 παρὰ
3225 781 3366 848 τοὺς
3398 783 3736 850 ἐκκλησια-

2242 872 2488 939 στικοὺς
2521 873 2778 941 θεσμοὺς
2806 871 3293 940 προσδραμόντες
3325 871 3740 938 δυναστείαις,

2243 962 2338 1018 διὰ
2367 963 2788 1032 πραγματικῶν
2822 962 2937 1032 τὴν
2965 964 3108 1027 μίαν
3156 963 3454 1032 ἐπαρχίαν
3489 966 3575 1029 είς
3629 965 3746 1018 δύο

2243 1055 2605 1124 κατέτεμονο
2659 1054 2740 1121 ὡς
2782 1055 2852 1108 ἐκ
2901 1055 3115 1108 τούτου
3151 1053 3259 1108 δύο
3301 1057 3750 1124 μητροπολίτας

2244 1143 2395 1200 εἶναι
2429 1149 2498 1199 ἐν
2547 1143 2621 1213 τῇ
2672 1145 2824 1214 αὐτῇ
2863 1145 3140 1215 ἐπαρχίᾳ.
3176 1147 3424 1215 Ὧρισεν
3465 1149 3673 1205 τοίνυν
3707 1151 3749 1218 ἡ

2246 1237 2386 1306 ἁγία
2411 1237 2671 1303 σύνοδος
2699 1237 2806 1291 τοῦ
2836 1237 3053 1291 λοιποῦ
3103 1238 3295 1306 μηδὲν
3327 1239 3558 1293 τοιοῦτο
3612 1246 3754 1294 10.1-

2242 1327 2470 1399 μιῖσθαι
2520 1331 2679 1398 παρὰ
2724 1330 3100 1384 ἰτπισκόπουο
3156 1331 3286 1386 ἐπεὶ
3346 1334 3453 1386 τὸν
3513 1335 3756 1387 τοιοῦτο

2248 1419 2666 1487 ἐπιχειροῦντα
2740 1422 3054 1475 ἐκπίπτειν
3123 1421 3229 1476 τοῦ
3265 1423 3419 1477 ίδιόυ
3483 1423 3756 1494 βαθμοῦ.

2253 1513 2427 1565 Ὅσαι
2460 1513 2527 1565 δὲ
2564 1512 2679 1582 ἤδη
2709 1515 2917 1581 πόλεις
2955 1514 3055 1568 διὰ
3100 1497 3458 1584 γραμμάτων
3495 1519 3752 1581 ,ϐασιλιε-

2252 1604 2375 1658 κῶν
2409 1603 2487 1669 τῷ
2508 1603 2619 1670 τῆς
2633 1608 3057 1674 μητροπόλεως
3083 1607 3458 1674 ἐτιμήθησαν
3488 1609 3762 1676 ὀνόματι,

2243 1701 2436 1765 μόνης
2481 1697 2958 1751 ἀπολαυέτωσαν
3010 1699 3120 1764 τῆς
3166 1699 3364 1769 τιμῆς,
3414 1701 3512 1754 καὶ
3555 1705 3588 1754 ό
3634 1701 3763 1768 τὴν

569 1793 906 1859 ἐκκλησίαν
961 1786 1152 1855 αὐτῆς
1223 1783 1464 1841 διοικῶν
1520 1788 1879 1854 ἐπίσκοπος,
1943 1786 2290 1856 σωζομένων
2343 1791 2634 1858 δηλονότι
2701 1791 2774 1860 τῇ
2827 1793 2956 1846 κατ’
3039 1793 3335 1862 ἀλήθειαν
3382 1797 3769 1865 μητροπόλει

571 1884 689 1940 τῶν
721 1887 954 1939 οἰκείων
982 1884 1246 1937 δικαίων.
1337 1892 1343 1898 ·

573 1978 766 2034 BALS.
787 1975 1085 2046 lmperialia
1115 1976 1284 2046 jussa,
1309 1977 1623 2046 pragmatici
1662 1979 1769 2047 typi
1793 1975 2070 2034 dicuntur.

2259 1976 2454 2029 ΒΛΛΣ.
2493 1975 2575 2029 Τὰ
2616 1973 2878 2044 βασιλικὰ
2929 1975 3334 2045 προστάγματα
3380 1992 3741 2047 πραγματικο

504 2073 644 2128 Dicit
678 2086 808 2142 ergo
840 2085 1036 2133 canon,
1067 2068 1209 2138 quod
1237 2071 1496 2135 quoniam
1525 2070 1766 2124 nonnulli
1807 2073 2070 2142 episcopi,

503 2174 725 2235 promer
761 2161 1057 2232 imperandi
1085 2160 1463 2228 cupiditatem.
1510 2161 1642 2231 itnp.
1676 2162 1921 2231 jussioue
1949 2179 2079 2218 con-

506 2258 816 2317 tenderunt,
844 2265 902 2307 ut
927 2251 1462 2320 metropolitanorum
1485 2251 1697 2308 honore
1718 2253 2077 2321 allicerentur,

503 2356 560 2401 et
591 2361 656 2400 ex
685 2358 752 2399 eo
781 2343 1115 2414 provinciam
1153 2358 1313 2397 unam
1346 2343 1398 2397 in
1444 2345 1579 2398 duos
1631 2345 2079 2415 tiietropolitauos

506 2437 824 2498 diviserunt,
865 2434 1059 2502 deponi
1097 2433 1323 2494 debent,
1374 2449 1477 2487 non
1523 2437 1700 2489 solum
1747 2435 1792 2488 is
1834 2436 1925 2504 qui
1971 2439 2080 2491 tale

507 2530 820 2581 mandatum
862 2523 1141 2594 imperiale
1172 2524 1553 2593 acquisiverit,
1609 2529 1702 2580 sed
1744 2538 1798 2582 et
1840 2529 1930 2595 qui
1975 2529 2081 2584 tale

507 2617 632 2687 quid
662 2615 877 2686 aggredi
901 2630 1064 2668 ausus
1087 2614 1265 2669 fuerit.
1298 2615 1454 2685 127
1481 2614 1582 2670 Eas
1601 2626 1775 2670 autem
1807 2619 2090 2685 ecclesias,

509 2723 628 2776 quae
659 2717 783 2759 ante
809 2714 1122 2773 praesentem
1166 2719 1426 2758 canonem
1467 2719 1532 2758 ex
1574 2704 1865 2773 episcopali
1915 2704 2091 2776 digni-

511 2813 620 2856 tate
651 2801 1027 2870 metropolium
1057 2800 1263 2854 honore
1293 2798 1664 2867 imperialibus
1685 2796 1857 2868 jussis
1880 2796 2088 2851 affectae

509 2904 660 2958 sunt,
696 2895 870 2948 solum
906 2894 1164 2946 honorem
1211 2891 1412 2946 [rabere
1439 2893 1666 2952 statuit.
1721 2902 1903 2958 utpote
1942 2890 2087 2958 quod

2185 2068 2343 2122 τύποι
2376 2069 2625 2134 λέγονται
2651 2083 2665 2095 '
2693 2069 2828 2137 φησὶ
2865 2067 2996 2136 γοῦν
3038 2071 3065 2122 6
3087 2068 3268 2122 κανὼν
3310 2069 3405 2134 ὡς,
3435 2069 3560 2121 ἐπεί
3611 2086 3757 2134 τινες

2184 2162 2474 2215 ἐπίσκοποι
2500 2157 2587 2214 διὰ
2619 2159 2912 2231 φιλαρχίαν
2952 2160 3295 2214 ἐσπούδασαν
3328 2161 3471 2215 κατὰ
3513 2161 3752 2232 πρόστα-

2188 2253 2270 2317 ξιν
2298 2250 2584 2322 βασιλικὴν
2639 2253 2718 2313 είς
2773 2252 3184 2321 μητροπολίτας
3236 2251 3561 2323 τιμηθῆναι,
3624 2256 3758 2308 κᾶν·

2186 2343 2375 2396 τεῦξεν
2409 2345 2506 2412 τὴν
2541 2344 2670 2412 μίαν
2706 2342 2978 2412 ἐπαρχίαν
3000 2342 3194 2395 διεῖλον
3217 2343 3298 2406 εἰς
3342 2345 3767 2412 μητροπολίτας

2187 2435 2306 2502 δύο,
2337 2435 2616 2504 ὀφείλουσι
2669 2435 3059 2505 καθαιρεῖσθαι
3116 2438 3192 2506 μὴ
3232 2436 3391 2504 μόνος
3447 2439 3476 2490 6
3526 2437 3767 2504 πορισά-

2192 2545 2352 2598 μενος
2374 2527 2473 2598 τὴν
2504 2527 2765 2596 τοιαύτην
2801 2525 3125 2597 πρόσταξιν,
3162 2527 3302 2580 ἀλλὰ
3354 2529 3448 2581 καὶ
3476 2531 3504 2582 6
3552 2528 3768 2600 τολμή-

2189 2636 2298 2672 σων
2329 2619 2570 2673 τοιοῦτόν
2615 2637 2675 2672 τι
2716 2619 3091 2689 ἐπιχειρῆσαι.
3130 2618 3239 2682 Τὰς
3291 2620 3472 2689 μέντοι
3525 2620 3631 2690 πρὸ
3667 2621 3770 2673 τοῦ

2187 2713 2453 2783 παρόντος
2494 2710 2716 2774 κανόνος
2761 2711 3085 2780 τιμηθείσας
3137 2710 3432 2781 ἐκκλησίας
3475 2712 3581 2763 ἀπ’)
3643 2714 3773 2763 ἐπι-

2187 2806 2407 2858 σκοπῶν
2439 2807 2516 2867 εἰς
2560 2803 2920 2874 μητροπόλεις
2952 2803 3094 2855 κατὰ
3133 2801 3430 2871 πρόσταξιν
3457 2802 3752 2874 βασιλικὴν

2185 2899 2483 2969 διορίζεται
2539 2896 2684 2966 ἔχειν
2733 2894 2901 2964 μόνην
2951 2896 3048 2960 τὴν
3095 2893 3284 2962 τιμὴν,
3316 2893 3390 2956 ὡς
3417 2898 3524 2947 τῶν
3555 2894 3764 2948 λοιπῶν

511 2987 716 3054 reliqua
737 2984 883 3054 jura,
913 2998 1032 3052 qua:
1058 2982 1166 3036 illis
1198 2986 1416 3047 adsunt,
1458 2998 1598 3037 vera:
1627 2981 1908 3051 metropoli
1941 2983 2079 3036 citra

2183 2990 2408 3044 δικαίων
2432 2987 2538 3042 τῶν
2569 2987 2882 3056 προσόντων
2912 2985 2996 3037 ἐπ’
3023 2984 3212 3048 αὑταῖς
3237 2987 3304 3055 τῇ
3335 2987 3473 3037 κατὰ
3501 2986 3766 3055 ἀλήθειαν

510 3079 672 3134 ullam
701 3077 1099 3130 iunovationem
1135 3089 1354 3128 manere
1393 3076 1650 3129 debeant.
1713 3073 1838 3128 llaec
1878 3089 2000 3129 cum
2055 3089 2083 3128 a

509 3183 718 3224 canone
749 3175 1084 3231 statuantur,
1127 3166 1329 3219 dixerit
1366 3165 1636 3234 quispiam
1659 3204 1673 3226 ,
1720 3164 1784 3218 Et
1814 3166 2088 3232 quomodo

510 3257 761 3328 permulti
791 3257 1148 3324 imperatores
1176 3255 1478 3323 permultos
1511 3249 1852 3324 episcOpatus
1884 3266 2086 3309 metro-

513 3348 715 3418 poliqu
750 3350 953 3401 honore
979 3347 1310 3401 allecerunt?
1342 3344 1461 3400 Jam
1489 3349 1632 3401 enim
1661 3345 2086 3417 Lacedtemonite

517 3437 834 3506 metropolis
893 3447 1012 3490 erat
1065 3436 1411 3506 episcopatus
1473 3446 1716 3491 veterum
1780 3435 2086 3502 Patrarum,

513 3526 712 3582 nauita
743 3525 1043 3590 Heracleae,
1081 3527 1300 3595 Abydus
1327 3525 1530 3595 Cyzici.
1582 3525 1647 3578 Et
1679 3527 1765 3579 alii
1795 3527 1956 3580 etiam
1981 3527 2093 3593 epi-

516 3629 770 3688 scopatus
818 3617 1066 3670 honorati
1114 3625 1259 3670 sunt.
1305 3616 1431 3669 Mihi
1477 3631 1605 3685 ergo
1654 3615 1863 3670 videtur
1909 3629 1975 3669 ex
2023 3614 2092 3669 38

517 3726 644 3762 can.
676 3723 797 3780 syn.
830 3711 885 3764 in
913 3709 1119 3771 Trullo,
1149 3717 1204 3762 et
1237 3707 1300 3760 17
1334 3723 1457 3761 can.
1491 3709 1768 3777 praesentis
1789 3722 1909 3777 syu.
1943 3709 2094 3775 ejus-

521 3803 662 3856 modi
713 3804 828 3856 lieri
873 3803 942 3854 ab
993 3800 1410 3869 imperatoribus
1455 3801 1752 3852 divisiones
1795 3801 2091 3854 secundum

513 3901 842 3964 potestatem
896 3894 1006 3948 illis
1053 3907 1286 3963 superne
1341 3892 1539 3944 datam.
1614 3889 1906 3959 Propterea
1948 3891 2091 3944 enim

517 3983 681 4038 etiam
703 3983 936 4038 exolevit
960 3983 996 4038 3
1045 3981 1469 4052 caputprimutn
1497 3982 1579 4035 tit.
1606 3981 1640 4033 5
1688 3980 1784 4034 lib.
1808 3978 2088 4035 Basilicor.

521 4077 668 4145 quod
695 4075 1018 4152 collocatum
1049 4083 1133 4129 est
1163 4075 1215 4128 in
1259 4073 1330 4127 20
1346 4088 1465 4144 cap.
1510 4072 1668 4142 primi
1701 4073 1782 4126 tit.
1813 4074 2094 4142 praesentis

523 4168 724 4236 operis.
777 4166 1032 4233 Quaenam
1063 4177 1242 4220 autem
1267 4165 1391 4234 jura
1429 4178 1550 4218 esse
1579 4165 1773 4217 debent
1801 4165 1944 4233 apud
1983 4167 2097 4232 pri-

525 4273 694 4322 mum,
723 4257 932 4311 scilicet
967 4255 1462 4325 metropolitanum,
1515 4253 1566 4306 in
1595 4252 1847 4318 ecclesia,
1879 4269 1998 4322 quae
2029 4270 2092 4308 ex

2191 3081 2521 3152 μητροπόλει
2537 3079 2860 3148 ὀφειλόντων
2883 3078 3064 3148 μένειν
3085 3078 3562 3147 ἁκαινοτομήτων.
3579 3077 3769 3132 Ταῦτα

2188 3173 2280 3225 τοῦ
2311 3172 2530 3234 κανόνος
2569 3171 2945 3242 διοριζομένου
2985 3168 3116 3240 εἴπῃ
3143 3185 3247 3231 τις,
3277 3169 3386 3220 Καὶ
3423 3169 3541 3233 πῶς
3578 3169 3766 3235 διάφο-

2194 3283 2277 3336 ροι
2305 3263 2543 3334 βασιλεῖς
2589 3264 2878 3332 διαφόρους
2931 3260 3234 3322 summa;
3275 3260 3356 3324 είς
3399 3259 3766 3331 μητροπόλεις

2191 3356 2488 3427 ὲτίμησανς
2519 3356 2722 3408 Αὐτίκα
2767 3356 2874 3424 γαρ
2905 3354 2939 3423 ὴ
2973 3351 3302 3422 μητρόπολις
3336 3352 3772 3422 Λακεδαιμονίας

2191 3445 2466 3516 ἐπισκοπὴ
2494 3442 2569 3517 ἦν
2589 3445 2699 3499 τῶν
2747 3445 2994 3498 παλαιῶν
3044 3443 3297 3513 Πατρῶν,
3327 3443 3393 3495 τὰ
3425 3443 3637 3495 Μαδιτα
3667 3446 3769 3510 τῆς

2210 3527 2621 3610 Ἠρακλείας,ἡ
2656 3536 2882 3600 ’Ἄϐυδος
2923 3536 3020 3604 τῆς
3069 3535 3329 3597 Κυζίκου.
3364 3535 3470 3585 Καὶ
3513 3531 3669 3585 ἄλλαι
3707 3532 3768 3586 ἃ

2191 3630 2490 3683 ὲπισκοπαὶ
2513 3628 2873 3697 ἐτιμήθησαν.
2913 3626 3130 3680 Ἔοικεν
3168 3621 3260 3679 οὖν
3287 3625 3392 3679 ἀπὸ
3423 3622 3515 3676 τοῦ
3545 3621 3625 3692 λη’
3660 3643 3762 3676 κα-

2193 3722 2341 3784 νόνος
2371 3721 2468 3789 τῆς
2502 3722 2558 3772 ὲν
2610 3718 2685 3789 τῷ
2728 3718 2985 3789 Τρούλλῳ
3023 3717 3271 3784 συνόδου,
3299 3718 3388 3770 καὶ
3432 3716 3527 3768 τοῦ
3561 3715 3624 3781 ιζ’
3663 3733 3766 3772 κα-

2184 3798 2342 3873 νόνος
2390 3812 2492 3876 τῆς
2542 3809 2822 3880 παρούσης
2855 3809 3098 3875 συνόδου,
3131 3809 3258 3872 τοὺς
3292 3807 3566 3872 τοιούτους
3616 3810 3735 3876 γίνε

2197 3901 2320 3954 σθαι
2387 3903 2650 3972 ὁρισμοὺς
2721 3904 2869 3972 παρὰ
2935 3902 3044 3955 τῶν
3101 3900 3406 3971 βασιλέων,
3466 3903 3610 3954 κατὰ
3670 3902 3778 3973 τὴν

2194 3993 2442 4046 δοθεῖσαν
2469 3993 2654 4057 αὐτοῖς
2686 3995 2892 4047 ἄνωθεν
2917 3993 3187 4058 ἐξουσίαν.
3215 3997 3316 4069 Δια
3353 3997 3462 4065 γὰρ
3492 3995 3650 4048 τοῦτο
3679 3996 3783 4049 καὶ⁵

2195 4087 2519 4154 ὴπράκτησε
2571 4085 2630 4136 τὸ
2671 4091 2718 4154 γ’
2752 4102 2876 4152 κεφ.
2911 4086 3006 4138 τοῦ
3048 4086 3265 4156 πρώτου
3313 4087 3500 4139 τίτλου
3580 4087 3673 4141 τοῦ
3722 4086 3779 4156 γ’

2201 4175 2406 4246 βιϐλίου
2453 4177 2563 4231 τῶν
2593 4177 2933 4230 Βασιλικῶνο
2963 4179 3102 4247 ὅπερ
3135 4177 3487 4248 κατεστρώθη
3521 4180 3600 4242 εἰς
3631 4180 3688 4232 τό
3720 4187 3776 4232 κ’

2199 4284 2322 4334 κεφ.
2357 4268 2448 4321 τοῦ
2496 4285 2545 4321 α’
2582 4269 2761 4322 τίτλου
2815 4269 2908 4321 τοῦ
2949 4271 3212 4337 παρόντος
3263 4272 3661 4339 συντάγματος.
3693 4273 3782 4326 Τὰ

523 4352 840 4421 episcopatu
892 4354 945 4405 in
1004 4350 1321 4418 metropolis
1376 4350 1696 4418 dignitatem
1751 4359 1935 4404 evecta
1994 4359 2088 4412 est,

2205 4359 2389 4426 μέντοι
2438 4357 2722 4427 ὀφείλοντα
2782 4356 2920 4412 εἶναι
2971 4360 3156 4414 δίκαια
3218 4363 3368 4432 παρὰ
3423 4363 3500 4432 τῷ
3549 4355 3776 4433 πρώτῳ,

525 4442 742 4509 quidam
787 4442 998 4493 discere
1040 4440 1460 4502 desiderarunt;
1497 4448 1552 4492 et
1589 4437 1693 4491 illis
1732 4437 1930 4491 dictum
1971 4437 2090 4502 fuit,

518 4534 666 4601 quod
698 4540 1057 4600 praeterquam
1090 4530 1232 4596 quod
1272 4529 1611 4596 episc0patus
1645 4528 1956 4596 metropolis
1998 4543 2091 4580 vo-

524 4633 708 4688 catur,
764 4624 817 4675 in
864 4621 983 4677 aliis
1031 4622 1283 4674 omnibus
1329 4621 1565 4688 antiqua:
1611 4621 1894 4689 metropoli
1936 4623 2093 4674 debet

524 4715 733 4782 subjici.
790 4713 916 4779 Ejus
954 4711 1097 4765 enim
1128 4711 1414 4780 episcopus
1448 4719 1512 4763 ab
1561 4713 1785 4778 antiquo
1818 4723 2092 4781 metropo-

523 4807 690 4860 litano
717 4804 1076 4867 ordinabitur,
1107 4815 1161 4856 et
1193 4805 1260 4857 ab
1289 4803 1406 4872 ipso
1431 4803 1786 4871 judicabitur,
1815 4815 1870 4856 et
1893 4805 1942 4857 ei
1967 4820 2085 4858 om-

520 4901 653 4953 nino
679 4896 1018 4964 subjicietur.
1062 4894 1215 4976 Lege
1248 4898 1409 4950 etiam
1458 4895 1493 4947 2
1547 4910 1806 4949 canouem
1835 4898 1869 4948 2
1896 4898 2089 4966 synodi

520 5001 578 5043 et
611 4991 642 5044 6
668 4999 722 5044 et
749 4989 779 5040 7
807 5003 927 5042 can.
958 4988 1143 5058 prima:
1167 5002 1290 5056 syu.
1356 4988 1477 5041 llaec
1505 4999 1681 5042 autem
1715 5004 1809 5057 per
1839 4990 2092 5056 imperia-

526 5082 629 5135 lem
664 5080 961 5152 jussioncm
1006 5080 1163 5133 aliter
1212 5083 1700 5140 trausl'ormantur,
1753 5090 1809 5132 ut
1849 5081 2096 5148 superius

524 5173 729 5226 dictum
769 5181 871 5226 est.
922 5170 1060 5240 Lege
1084 5181 1137 5223 et
1170 5185 1292 5240 syu.
1328 5172 1379 5224 in
1413 5169 1596 5222 Trullo
1620 5185 1742 5222 can.
1771 5158 1872 5233 58,
1894 5182 1949 5223 et
1979 5185 2098 5237 spe-

524 5263 737 5317 cialiter
780 5263 911 5332 imp.
957 5263 1417 5329 constitutionem,
1451 5277 1570 5330 qua:
1619 5262 1813 5330 partim
1852 5263 1906 5316 iu
1952 5263 2096 5317 illius

524 5357 866 5425 expositione
893 5356 994 5411 sita
1025 5365 1129 5410 est.

2199 4449 2368 4519 ἤγουν
2394 4451 2788 4522 μητροπολίτῃ,
2825 4453 2965 4507 κατὰ
3009 4453 3107 4522 τῆς
3152 4454 3446 4524 ἐκκλησίας
3476 4455 3573 4523 τῆς
3604 4472 3777 4526 τιμη-

2200 4538 2390 4609 θείσης
2432 4543 2539 4592 ἀπὸ
2567 4542 2874 4612 ἐπισκοπῆς
2907 4544 2986 4606 είς
3018 4545 3354 4613 μητρόπολιν
3385 4545 3665 4614 ἐζήτησάν
3695 4563 3776 4598 τι-

2199 4647 2288 4692 νες
2337 4632 2528 4700 μαθεῖν
2570 4633 2731 4686 ὁποῖά
2771 4637 2878 4685 εἰσι
2903 4643 2922 4662 ⁸
2972 4637 3064 4686 καὶ
3097 4636 3336 4704 ἥκουσαν
3365 4635 3450 4688 ὃτι
3500 4636 3642 4707 πλὴν
3678 4638 3774 4690 τοῦ

2200 4721 2484 4774 καλεῖσθαι
2520 4724 2618 4793 τὴν
2649 4725 2952 4796 ἐπισκοπὴν
2990 4725 3325 4794 μητρόπολιν
3361 4731 3502 4781 κατὰ
3527 4732 3594 4780 τα
3635 4730 3778 4783 ἄλλα

2201 4815 2379 4866 πάντα
2448 4815 2766 4869 ὑποκεῖσθαι
2836 4819 2973 4890 αὖτῃ
3029 4823 3092 4890 τῇ
3150 4822 3364 4893 παλαιᾷ
3437 4823 3779 4892 μητροπόλει

2196 4901 2424 4971 ὀφείλει.
2455 4904 2513 4956 ὐ
2537 4908 2645 4976 γὰρ
2671 4905 2873 4978 ταύτης
2903 4909 3204 4970 ἐπίσκοπος
3235 4913 3389 4978 παρὰ
3416 4909 3508 4962 τοῦ
3539 4910 3776 4963 παλαιοῦ

2202 4994 2601 5063 μητροπολίτου
2674 5000 3223 5070 χειροτονηθήσεται,
3283 5003 3377 5054 καὶ
3437 5003 3572 5071 παρ’
3625 4999 3774 5067 αὐτῷ

2199 5085 2540 5154 κριθήσεται,
2565 5088 2660 5140 καὶ
2688 5089 2874 5154 ἁπλῶς
2899 5092 3049 5161 αύτῷ
3072 5093 3447 5147 ὑποκείσεται.
3473 5091 3770 5162 Ἀνάγνωθι

2198 5178 2292 5230 καὶ
2323 5178 2413 5229 τὸν
2455 5179 2500 5247 β’
2531 5182 2730 5234 κανόνα
2756 5183 2858 5253 τῆς
2889 5181 2933 5254 β’
2983 5184 3224 5248 συνόδου,
3260 5189 3356 5237 καὶ
3376 5186 3468 5238 τὸν
3495 5187 3537 5250 ζ’
3565 5190 3658 5238 καὶ
3706 5190 3762 5248 ς’

2204 5273 2404 5324 κανόνα
2434 5273 2532 5342 τῆς
2569 5274 2794 5347 πρώτης
2823 5276 3062 5330 συνόδου.
3097 5277 3139 5329 Τ
3144 5277 3284 5331 αὕτα
3312 5279 3371 5332 δὲ
3408 5278 3498 5332 διὰ
3535 5294 3774 5349 προστα-

2203 5361 2338 5426 eam;
2370 5365 2656 5436 βασιλικῆς
2683 5367 2859 5431 ἄλλως
2917 5371 3378 5439 μετα-τυποῦνται,
3406 5369 3589 5430 καθὼς
3633 5368 3782 5422 ἀνω-

526 5449 618 5503 θεν
641 5449 876 5520 εἴρηται.
913 5444 1216 5513 Ἀνάγνωθι
1242 5442 1458 5512 καὶτῆς
1499 5442 1556 5536 iv
1579 5440 1656 5516 τῷ
1685 5442 1939 5513 Τρούλλῳ
1973 5444 2088 5516 (1-1)
2134 5451 2352 5507 συνόδου
2407 5458 2608 5514 κανόνα
2643 5457 2725 5530 λη’
2752 5464 2844 5514 καὶ
2883 5462 2943 5514 τὸ
2984 5464 3044 5516 ἐν
3073 5462 3150 5536 τῷ
3217 5464 3413 5535 σκολίῳ
3441 5461 3609 5518 αὐτοῦ
3675 5480 3785 5526 κα..

524 5540 834 5613 ταστρωθὲν
859 5536 1140 5606 βασιλικὸν
1171 5536 1465 5604 σημείωμα
1496 5535 1555 5585 ἐν
1596 5535 1778 5602 μέρει.

1777 5625 1969 5688 Guill.
2011 5628 2332 5710 Bev:rcgii
2365 5644 2549 5700 notia.
2737 5661 2741 5666 ·
3449 5704 3456 5713 .

595 5729 712 5810 (li)
749 5729 1072 5810 ’ᾼνάγνωθι
1097 5729 1192 5784 καί
1227 5728 1338 5799 τῆς
1377 5728 1447 5780 ἐν
1491 5726 1571 5795 τῷ
1615 5727 1912 5795 Τρούλλῳ.
1969 5727 2088 5786 "me

2182 5747 2308 5803 sque
2353 5738 2421 5794 ad
2470 5738 2529 5792 ὲν
2581 5736 2742 5810 μέρει
2787 5739 3052 5799 inclusive
3129 5743 3184 5799 in
3243 5742 3430 5802 codice
3515 5743 3788 5805 Amerin-

530 5805 727 5856 cbiano
753 5804 1148 5856 desteerantur.
