4078 6402
357 374 463 440 433

359 578 458 633 τοῦ
485 579 636 649 ,ς-ψα’
678 579 834 642 ἔτους
875 578 1241 640 ἀπολυθέντος
1293 577 1670 648 προτκυνητοῦ
1729 593 1929 646 χρυσο-

357 672 584 725 ϐούλλου
611 671 708 724 τοῦ
740 670 1065 737 θεοστεφοῦς
1103 669 1398 741 κρατίστου
1446 670 1540 722 καὶ
1582 668 1739 737 ἁγίου
1768 672 1799 739 ἠ
1812 668 1927 738 μῶν

355 762 762 831 αὐτοκράτορος
805 762 997 832 κυρίου
1036 762 1309 814 Ἰσαακίου
1358 758 1453 813 τοῦ
1505 759 1791 826 Ἄγγελον,
1830 761 1928 811 καὶ

353 856 486 918 τοὺς
506 855 978 921 ἀνακαλουμένους
1004 852 1405 923 μητροπολίτας
1434 850 1533 913 τὰς
1562 850 1926 919 διαφερούσας

352 945 570 1002 τούτοις
625 945 952 1008 ὲπισκοπὰς,
1017 947 1112 999 καὶ
1163 947 1243 1007 εἰς
1296 942 1654 1014 μητροπόλεις
1701 943 1925 1013 ἢάρχι-

351 1037 666 1097 επισκοπὰς
720 1037 1063 1106 τιμηθείσας,
1116 1036 1577 1106 ἐπιστομίζοντος,
1623 1035 1721 1105 οὐχ
1765 1030 1928 1105 ἧττον

349 1127 411 1179 δὲ
461 1130 557 1181 καὶ
609 1128 734 1191 τοὺς
775 1129 1226 1200 ἐπιχειρήσοντας
1254 1131 1344 1182 ὅτε
1379 1129 1577 1199 δήποτε
1627 1129 1723 1197 τὴν
1776 1126 1931 1197 βασι-

346 1218 514 1287 λικὴν
538 1219 914 1288 ἀποστερῆσαι
938 1219 1221 1289 περιωπήν
1247 1220 1340 1272 τοῦ
1373 1221 1595 1288 ἀνάγειν
1621 1218 1928 1281 ὲπισκοπὰς

349 1312 432 1370 είς
468 1311 885 1381 μητροπίλειςῆ
913 1312 1349 1381 ἁρχιεπισκοπὲς
1375 1314 1518 1365 κατὰ
1551 1312 1649 1382 τὴν
1680 1311 1935 1363 δοθεῖσαν

348 1403 543 1464 αὐτοῖς
587 1403 792 1456 ἄνωθεν
837 1403 1107 1469 ἐξουσίαν,
1151 1405 1408 1475 ἠρωτήθη
1447 1404 1597 1474 παρά
1629 1418 1818 1456 τινων·
1862 1401 1928 1453 Τί

344 1496 472 1549 ἐστι
502 1497 563 1547 τὺ
595 1496 983 1565 περιεχόμενον
1016 1496 1091 1565 τῷ
1124 1497 1305 1549 κανόνι
1328 1499 1487 1567 χάριν
1516 1496 1611 1549 τοῦ
1643 1495 1790 1565 ἔχειν
1829 1496 1929 1557 τὰς

345 1588 681 1656 τιμηθείσας
726 1586 1087 1656 μητροπόλεις
1137 1589 1307 1658 μόνην
1340 1588 1441 1658 τὴν
1487 1586 1677 1657 τιμὴν,
1713 1587 1788 1649 ὡς
1820 1585 1930 1639 τῶν

344 1680 530 1735 ἄλλων
565 1681 789 1734 δικαίων
821 1681 1145 1752 σωζομένων
1174 1681 1239 1749 τῇ
1261 1677 1401 1732 κατὰ
1431 1678 1690 1749 ἀλήθειαν
1726 1694 1928 1747 μητρο-

346 1773 541 1835 πόλεις
573 1773 756 1841 Φαμὲν
807 1775 886 1826 ὅτι
933 1772 1025 1824 καὶ
1078 1772 1137 1824 τ’)
1191 1771 1320 1840 περὶ
1362 1770 1553 1823 τούτου
1618 1768 1953 1838 ἀμφίϐολον.

1406 354 1415 365 ’
1448 371 1531 432 IN
1571 370 1735 433 CAN.
1767 370 1884 430 x11
1926 370 2135 434 CONC.
2175 360 2538 439 annoso.

410 510 417 513 -
444 486 598 539 Ἐπεὶ
622 485 679 539 δὲ
709 484 851 540 κατᾶ
874 484 966 539 τὸν
999 484 1310 557 Ἀπρίλλιον
1336 484 1482 555 μῆνα
1510 485 1609 554 τῆς
1644 490 1712 536 ια’
1742 484 1932 541 ίνδικτ.
1962 524 2004 576 Α

3499 376 3622 440 ιόιίε

2072 488 2375 553 "Quoniam
2424 496 2602 543 autem
2651 504 2837 545 mense
2879 491 3069 560 Aprili,
3111 492 3169 545 ll
3221 490 3409 545 indict.
3457 507 3601 546 anno

2031 579 2165 632 670i
2218 581 2361 636 edita
2412 597 2624 637 summa
2670 598 2794 638 eum
2845 585 3200 640 veneratione
3255 585 3600 654 suscipienda

2027 670 2201 725 Aurea
2249 672 2393 727 bulla
2436 688 2465 727 a
2509 674 2617 728 Deo
2666 676 2955 739 coronati,
3003 675 3282 730 fortissimi
3327 686 3380 731 et
3427 677 3614 731 sancti.

2030 762 2221 829 imper.
2257 765 2446 827 nostri,
2479 765 2681 821 domini
2712 765 2896 819 lsaacii
2928 766 3135 832 Angeli,
3171 781 3291 834 quae
3313 774 3368 821 et
3399 778 3604 820 metro-

2030 855 2282 921 politanis
2320 857 2663 926 episcopatus
2705 859 2768 913 ad
2803 874 2861 913 se
2891 861 3259 927 pertinentes,
3312 870 3366 913 et
3397 870 3603 912 metro-

2030 948 2229 1013 poliuin
2263 948 2341 1000 vel
2378 951 2937 1020 archiepiscopatumn
2983 951 3190 1006 honore
3220 953 3444 1005 donatos
3469 987 3485 1014 ,
3532 950 3599 1003 ad

2031 1052 2089 1089 se
2130 1039 2533 1105 revocantibus,
2580 1051 2630 1093 et
2679 1041 2745 1094 iis
2785 1041 2965 1094 itidem
3000 1040 3090 1109 qui
3127 1041 3457 1110 imperialem
3496 1040 3601 1093 cir-

2032 1126 2491 1195 cumspectionem
2522 1129 2735 1196 privare
2765 1129 3123 1187 conabuntur.
3158 1144 3224 1183 ne
3259 1130 3604 1198 episcopatus

2032 1214 2083 1267 in
2131 1218 2453 1287 metropoles
2485 1226 2539 1272 et
2568 1220 3065 1290 arcliiepiscOpatus
3092 1222 3266 1290 erigat
3304 1223 3601 1276 secundum

2030 1306 2130 1360 sibi
2165 1309 2342 1362 datam
2377 1324 2407 1363 a
2429 1311 2639 1379 superis
2669 1321 3010 1381 potestatem,
3030 1327 3091 1365 os
3121 1312 3376 1375 occludit,
3404 1328 3434 1367 a
3467 1328 3606 1366 non-

2030 1398 2191 1453 nullis
2228 1403 2509 1469 qua-situm
2540 1413 2643 1467 est,
2672 1402 2808 1468 Quid
2845 1412 2927 1458 est
2949 1404 3091 1473 quod
3121 1418 3328 1458 canone
3359 1418 3606 1473 compre-

2032 1490 2301 1555 henditur,
2340 1503 2401 1546 ut
2439 1494 2642 1549 honore
2680 1494 2886 1549 all‘ectm
2926 1497 3255 1566 metropoles
3292 1496 3464 1551 solum
3509 1498 3607 1551 lio~

2032 1598 2215 1636 norem
2250 1586 2500 1649 habeant,
2532 1597 2718 1657 utpote
2757 1588 2875 1643 aliis
2899 1589 3115 1657 juribus
3145 1603 3284 1644 vera:
3321 1591 3603 1656 metropoli

2031 1676 2317 1729 servatis?
2358 1676 2596 1732 Dicimus
2642 1683 2709 1734 de
2756 1695 2820 1734 ea
2877 1696 2935 1735 re
2968 1680 3361 1735 dubitationem
3399 1680 3467 1734 ab
3506 1682 3607 1735 hac

2032 1766 2374 1835 imperatoris
2410 1770 2790 1825 constitutione
2828 1770 3073 1825 dissolvi.
3126 1770 3421 1836 Quaesitum
3456 1772 3600 1824 enim

344 1863 537 1917 λύεται
569 1866 677 1917 ἀπὸ
707 1864 798 1918 τοῦ
823 1864 988 1916 αὑτοῦ
1021 1862 1298 1934 βασιλικοῦ
1348 1861 1759 1932 σημειώματος,
1792 1862 1928 1915 Συν-

2031 1870 2138 1920 est,
2167 1867 2220 1911 et
2246 1870 2365 1928 post
2386 1860 2585 1914 multas
2607 1859 2796 1915 allatas
2825 1862 2893 1914 ad
2921 1860 3121 1927 justam
3144 1873 3263 1914 esse
3289 1875 3398 1914 rem
3424 1867 3605 1913 osten-

360 1956 608 2026 εζητήθη
665 1958 795 2027 γάρ,
853 1959 945 2010 καὶ
1014 1956 1152 2026 μετὰ
1204 1955 1403 2017 πολλὰς
1435 1954 1794 2022 δικαιολογίας
1848 1954 1927 2005 δι-

351 2049 673 2118 ελήφθησαν
718 2051 878 2117 χάριν
919 2048 1107 2101 τούτου
1141 2047 1310 2101 ταῦτα
1353 2047 1553 2117 ῥητῶς,
1589 2046 1684 2099 καὶ
1716 2047 1798 2098 ὅτι
1832 2046 1929 2115 μὲν

347 2141 628 2211 καθολικῷ
664 2141 807 2211 λόγῳ
839 2142 934 2194 καὶ
977 2139 1271 2208 διαγνώσει
1302 2137 1535 2205 γενικῶς
1566 2136 1929 2205 ἐκτιθεμένας

345 2236 451 2297 τὰς
501 2237 579 2296 είς
640 2231 1163 2304 ὑπερὸαθμιὼτερον
1210 2231 1399 2300 θρόνον
1445 2228 1927 2297 ἁναόιϐαζομένας

346 2326 653 2396 ἐκκλησίας
717 2324 1015 2397 προστάξει
1095 2323 1375 2394 βασιλικῇ,
1439 2322 1532 2374 καὶ
1600 2322 1699 2391 τῆς
1758 2320 1926 2389 τιμῆς

348 2418 636 2484 ἀξιοῦσθαι
664 2416 865 2488 χρεὼν,
893 2418 985 2471 καὶ
1023 2417 1121 2480 τὰς
1154 2415 1369 2485 ψήφους
1412 2416 1469 2467 ὲν
1500 2412 1654 2483 ἀδείᾳ
1696 2410 1929 2481 προϐαί-

348 2530 464 2565 νειν
498 2510 638 2564 κατὰ
667 2511 759 2563 τὸν
794 2513 850 2563 ἐν
884 2513 949 2581 τῇ
976 2508 1203 2578 Μεγάλῃ
1232 2505 1535 2575 Ἐκκλησία
1568 2503 1921 2574 παρηκολου-

348 2603 560 2672 θηκότα
596 2604 765 2655 τύπον
798 2602 1082 2656 κανονικὸν
1111 2601 1219 2654 τῶν
1261 2596 1675 2670 μητροπολιτῶν
1708 2597 1919 2648 συνιόν-

346 2713 481 2759 των,
511 2695 607 2749 καὶ
650 2694 1119 2764 άρχιεπισκόπους
1170 2693 1263 2744 καὶ
1314 2689 1719 2762 μητροπολίτας
1756 2687 1927 2757 ψηφι-

347 2790 618 2858 ζομένων,
658 2788 692 2858 ἦ
746 2805 804 2840 τε
853 2787 1103 2857 βασιλεία
1183 2802 1284 2855 μου
1339 2784 1693 2850 διαγινώσκει
1750 2784 1842 2834 καὶ
1891 2782 1922 2851 ὴ

350 2880 476 2934 θεία
502 2882 596 2932 καὶ
629 2879 748 2945 ἱερὰ
775 2879 989 2941 σύνοδος
1024 2877 1100 2947 τῷ
1125 2875 1452 2945 διατάγματι
1482 2874 1672 2943 ἕψεται
1714 2876 1887 2944 τούτῳ
1905 2888 1920 2903 ⁶

346 2973 423 3035 ὡς
485 2973 583 3041 τὴν
631 2970 1098 3038 ὲκκλησιαστικὴν
1167 2964 1711 3037 παραφυλαττομένῳ
1765 2964 1928 3033 ἀκρί-

346 3067 522 3129 δειαν,
558 3064 652 3116 καὶ
680 3064 779 3132 τῆς
809 3063 1101 3127 κανονικῆς
1136 3059 1434 3126 εὐθύτητος
1460 3058 1534 3126 μὴ
1580 3056 1922 3108 ἐκπίπτοντι.

358 3156 661 3223 Ἀναγνωθι
695 3155 789 3208 οὖν
837 3156 915 3215 εἰς
970 3152 1173 3213 πλάτος
1209 3150 1270 3201 τὸ
1320 3148 1561 3201 τοιοῦτον
1605 3146 1919 3217 σημείωμα,

341 3251 440 3303 καὶ
468 3249 589 3301 είπὲ
620 3247 756 3315 πρὸς
796 3246 923 3306 τοὺς
953 3243 1211 3310 λέγοντας
1255 3240 1347 3304 ὡς,
1381 3241 1428 3291 εἰ
1463 3240 1537 3307 μὴ
1573 3240 1629 3289 ἐν
1672 3237 1750 3305 τῷ
1787 3236 1921 3288 ἀνά-

344 3338 548 3409 γεσθαι
599 3336 698 3406 τὴν
741 3335 1049 3405 ἐπισκοπὴν
1102 3335 1181 3396 είς
1232 3330 1632 3402 μητρόπολιν
1669 3331 1923 3399 ἁρχιεπι-

345 3434 563 3502 σκοπὴν
590 3430 862 3501 προστεθῇ
905 3429 1057 3498 παρὰ
1096 3429 1195 3493 τῆς
1241 3424 1525 3495 βασιλικῆς
1573 3421 1819 3485 ἐξουσίας
1864 3420 1923 3473 τὸ

340 3531 445 3591 τὰς
494 3527 713 3595 ψήφους
756 3523 961 3575 τούτων
993 3519 1241 3589 γίνεσθαι
1283 3520 1423 3570 κατὰ
1469 3515 1785 3584 προτροπὴν
1817 3532 1921 3565 πα-

337 3617 695 3688 τριαρχικὴν.
730 3613 760 3665 ὁ
796 3615 918 3667 κατ’
956 3612 1218 3681 ἀλήθειαν
1271 3605 1679 3679 μητροπολίτης
1728 3605 1923 3674 πτοήσει

340 3714 443 3782 τὴν
475 3710 659 3780 ψῆφον
688 3708 869 3761 αὐτῶν
893 3723 909 3738 ·
941 3707 1099 3758 τοῦτο
1130 3706 1238 3773 γὰρ
1267 3702 1597 3772 φυλάττεται
1632 3701 1727 3751 καὶ
1758 3699 1923 3767 μέχρι

342 3805 442 3858 τοῦ
485 3802 580 3854 νῦν
620 3803 702 3862 είς
731 3799 823 3851 τὸν
867 3794 1248 3866 οίκουμενικὺν
1298 3792 1641 3863 πατριάρχην
1680 3807 1924 3860 χειροτο-

346 3896 610 3963 νούμενον
659 3892 813 3959 παρὰ
859 3888 952 3941 τοῦ
995 3886 1344 3956 Ἡρακλείας.
1376 3884 1463 3937 διὰ
1513 3883 1573 3935 τὸ
1629 3876 1772 3934 εἶναι
1825 3881 1923 3952 τὴν

353 3983 926 4039 Κωνσταντινούπολιν
962 3981 1079 4051 ἦτοι
1119 3977 1418 4041 Βυζάντιόν
1457 3991 1590 4027 ποτε
1622 3972 1716 4025 τοῦ
1757 3971 1927 4041 Ἥρα-

362 4077 550 4134 κλείας
587 4077 883 4144 ἐπισκοπὴν
909 4090 923 4104 ·
950 4074 1034 4126 ὅτι
1072 4071 1180 4125 ἀπὸ
1214 4070 1305 4123 τοῦ
1338 4067 1580 4120 τοιούτου
1610 4063 1925 4133 σημειώμα-

363 4189 454 4233 τις
486 4171 647 4224 πᾶσα-
673 4168 902 4236 τοιαύτη
946 4163 1289 4230 δικαιολογία
1326 4161 1718 4231 περιαιρεῖται,
1753 4157 1847 4209 καὶ
1895 4157 1924 4208 ὁ

360 4259 982 4320 Κωνσταντινουπόλεως
1028 4256 1132 4310 οὐκ
1179 4255 1238 4321 ἐξ
1303 4254 1553 4321 ἀνάγκης
1616 4247 1769 4318 παρὰ
1824 4246 1919 4301 τοῦ

364 4356 690 4425 Ἡρακλείας
717 4351 1126 4423 χειροτονεῖται.
1155 4347 1397 4417 Εὕρηται
1432 4345 1540 4413 γὰρ
1584 4341 1677 4395 καὶ
1717 4341 1925 4407 Στέφα-

346 4470 435 4515 νος
460 4454 488 4505 ό
520 4448 753 4516 ἀδελφδς
804 4446 897 4498 τοῦ
931 4443 1195 4513 βασιλέως
1236 4439 1406 4508 κυροῦ
1442 4438 1669 4498 Λέοντος
1701 4433 1794 4487 τοῦ
1829 4435 1923 4485 Σο-

1950 3212 1993 3269 C

2031 1952 2258 2006 dendam
2293 1952 2551 2015 rationes,
2584 1952 2699 2007 haec
2730 1953 2846 2022 ejus
2872 1954 2946 2007 rei
2972 1953 3143 2022 gratia
3176 1966 3432 2021 expresse
3460 1952 3603 2006 dicta

2032 2052 2178 2107 sunt,
2210 2053 2264 2097 et
2302 2045 2442 2113 quod
2472 2043 3035 2109 universali-ratione,
3065 2057 3121 2098 et
3162 2043 3483 2115 generaliter
3510 2058 3606 2098 ex-

2030 2137 2204 2202 posita
2254 2136 2643 2206 dispositione,
2699 2136 2959 2192 ecclesias
3015 2152 3135 2207 qua:
3192 2137 3438 2206 iussione
3500 2138 3602 2189 im-

2029 2238 2201 2296 perat.
2280 2228 2333 2282 in
2388 2228 2633 2284 altiorem
2693 2229 2943 2285 thronum
3028 2229 3345 2299 eriguntur,
3398 2229 3629 2283 bonore'

2030 2333 2243 2388 quoque
2271 2319 2460 2390 dignas
2492 2322 2707 2377 censeri
2733 2330 3001 2393 oporteat,
3032 2333 3087 2378 et
3113 2325 3406 2378 electiones
3434 2324 3600 2378 libere

2029 2412 2316 2481 procedere
2354 2428 2421 2468 ex
2466 2413 2639 2468 forma
2678 2416 2958 2476 canonica,
2986 2482 2987 2485 η
3014 2430 3134 2485 quae
3170 2414 3223 2468 in
3267 2413 3454 2481 Magna
3497 2416 3602 2469 Ερ-

2027 2504 2193 2560 clesia
2219 2514 2506 2560 consecuta
2534 2512 2636 2570 est,
2664 2508 3096 2575 metropolitanis
3115 2509 3592 2570 convenientibus,

2028 2606 2083 2653 et
2142 2598 2576 2669 archiepisc0pos
2641 2614 2707 2654 ac
2762 2600 3203 2669 metropolitanos
3249 2602 3597 2672 eligentibus,

2027 2692 2169 2760 quod
2198 2701 2251 2747 et
2279 2693 2409 2764 imp.
2445 2708 2559 2748 mea
2591 2693 2894 2749 sublimitas
2927 2696 3186 2759 decernit,
3219 2706 3274 2751 et
3301 2698 3440 2751 hanc
3474 2714 3604 2751 cuu-

2028 2785 2359 2840 stitutiouem
2387 2785 2563 2839 divina
2591 2795 2645 2840 et
2674 2797 2862 2842 sancta
2898 2802 3111 2856 quoque
3139 2798 3397 2857 sequetur
3436 2794 3605 2857 Syno-

2028 2878 2156 2944 dus;
2191 2887 2249 2932 ut
2273 2893 2393 2945 quae
2435 2878 2862 2934 ecclesiasticum
2909 2881 3069 2933 ritum
3101 2895 3363 2934 accurare
3401 2891 3601 2941 servet,

2027 2976 2082 3020 et
2112 2982 2140 3020 a
2174 2969 2435 3022 canonica
2483 2968 2807 3023 rectitudine
2846 2984 2950 3021 non
3003 2968 3238 3022 excidat.
3285 2968 3425 3038 Lege
3470 2985 3601 3037 ergo

2027 3055 2223 3111 diffuse
2250 3058 2387 3112 hanc
2419 3058 2881 3122 constitutionem,
2933 3067 2988 3112 et
3030 3060 3115 3113 die
3155 3059 3222 3115 iis
3272 3062 3361 3127 qui
3416 3060 3605 3113 dicunt

2027 3148 2190 3217 quod,
2230 3150 2334 3203 nisi
2378 3150 2503 3203 dum
2537 3149 2764 3220 erigitur
2795 3151 3136 3219 episcopatus
3178 3152 3229 3204 in
3258 3152 3598 3219 metropolim

2031 3243 2113 3296 vel
2165 3243 2707 3313 archiepiscOpatnm,
2767 3246 2834 3298 ab
2866 3245 3133 3314 imperial.
3185 3255 3448 3312 potestate
3499 3248 3595 3298 ael—

2025 3331 2227 3401 jectum
2278 3331 2456 3395 fuerit,
2510 3347 2699 3388 eorum
2750 3335 3047 3388 electiones
3076 3337 3422 3403 patriarrhali
3475 3352 3599 3391 sua-

2030 3424 2181 3479 sione
2205 3432 2260 3479 et
2309 3426 2630 3479 auctoritate
2662 3426 2858 3481 debere
2897 3427 3035 3488 ﬁeri.
3088 3443 3246 3482 verus
3285 3430 3601 3497 metrOpoli-

2031 3524 2187 3569 tanus
2209 3530 2396 3569 eorum
2421 3516 2739 3571 electionem
2769 3499 2950 3573 faciei.
2985 3517 3096 3573 Hoc
3129 3519 3273 3575 enim
3306 3523 3469 3575 etiam
3501 3522 3603 3574 hu-

2030 3618 2233 3672 cusque
2276 3616 2524 3660 servatur
2560 3608 2617 3659 in
2665 3608 2954 3662 universali
3004 3611 3335 3678 patriarcha,
3383 3613 3472 3681 qui
3534 3616 3603 3665 ab

2032 3693 2302 3751 Heracleae
2348 3698 2753 3767 archiepiscopo
2802 3699 3100 3765 ordinatur,
3144 3702 3398 3769 quoniam
3442 3703 3605 3759 fuerit

2030 3788 2314 3858 aliquando
2333 3787 2824 3858 Constantinopolis
2856 3790 2973 3845 sive
2998 3789 3309 3861 Byzantium
3330 3792 3598 3849 lleracleze

2029 3879 2284 3934 antistitis
2313 3879 2653 3948 episcopatus
2685 3900 2699 3937 :
2743 3880 2848 3945 dic,
2874 3882 3118 3950 inquam,
3143 3884 3287 3953 quod
3320 3887 3419 3939 hac
3463 3900 3593 3939 con-

2030 3970 2309 4024 stitutione
2340 3970 2517 4023 omnis
2544 3971 2684 4039 juris
2709 3972 2933 4026 omnino
2956 3972 3210 4043 allegatio
3241 3976 3463 4038 tollitur,
3499 3992 3602 4031 nec
3661 4028 3666 4033 .

2034 4061 2670 4129 Constantinopolitanus
2716 4065 3025 4118 necessario
3059 4065 3127 4119 ab
3170 4065 3438 4121 Heraclea:
3483 4069 3601 4137 epi-

2031 4167 2195 4221 sc0po
2224 4153 2525 4207 ordinatur.
2556 4154 2839 4208 Inventum
2867 4166 2950 4210 est
2994 4160 3136 4211 enim
3164 4160 3325 4212 etiam
3367 4160 3603 4231 Stepha-

2031 4244 2301 4313 numlimp.
2322 4244 2524 4299 domini
2548 4244 2741 4301 Leonis
2761 4244 3032 4315 Sapientis
3050 4248 3268 4303 fratrem
3288 4252 3593 4306 ordinatum

2034 4336 2198 4391 fuisse
2227 4336 2765 4403 Constantinopoleos
2796 4339 3160 4406 patriarcbam
3189 4341 3349 4411 128
3374 4357 3400 4393 a
3428 4343 3603 4397 Theon

2033 4430 2209 4496 phane
2246 4428 2656 4496 metropolitano
2703 4429 2981 4483 Czrsareae.
3040 4429 3103 4483 Et
3152 4436 3336 4497 paucis
3404 4435 3601 4488 abhinc

342 4543 446 4614 φοῦ
476 4540 826 4610 πατριάρχης
848 4533 1248 4606 χειροτονηθεὶς
1272 4526 1918 4587 Κωνσταντινουπόλεως,

2031 4520 2185 4573 annis
2213 4518 2473 4575 Leontius
2501 4536 2527 4571 a
2566 4520 2837 4573 Demetrio
2867 4522 3125 4576 Caesareae
3152 4525 3579 4593 metropolitano.

338 4610 496 4706 £195,
527 4633 839 4702 θεοφάνους
877 4624 1274 4699 μητροπολίτου
1315 4620 1673 4687 Καισαρείας,
1735 4619 1828 4670 καὶ
1891 4614 1996 4684 πρὸ
2033 4610 2232 4680 ὀλίγων
2283 4612 2494 4682 χρόνων
2550 4614 2578 4666 ό
2629 4612 2880 4674 Λεόντιος
2938 4614 3090 4682 παρα
3144 4616 3457 4684 Δημητρίου
3506 4618 3604 4669 τού

342 4730 716 4801 Καισαρείας.

415 4823 671 4880 ΖΩΝΛΡ.
728 4816 1044 4871 Ἐπίσκοποί
1088 4831 1254 4875 τινες,
1286 4811 1374 4865 διὰ
1415 4807 1786 4880 φιλοπρωτίαν
1831 4806 1924 4858 καὶ

343 4918 646 4991 φιλαρχίαν
678 4913 996 4985 προσιόντες
1039 4912 1149 4973 τοῖς
1213 4907 1493 4978 βασιλεῦσι
1547 4904 1635 4957 διὰ
1687 4920 1926 4974 προστα-

351 5013 593 5082 γμάτων
624 5006 918 5075 ἐγγράφων
938 5020 954 5035 ο
982 5002 1153 5055 ταῦτα
1185 5000 1290 5067 γάρ
1309 5003 1413 5051 εἰσι
1436 4997 1503 5050 τὰ
1527 4993 1888 5064 πραγματικά
1911 5010 1927 5023 '

339 5103 576 5178 ᾐτοῦντο
596 5099 694 5163 τὰς
719 5100 929 5159 οἰκείας
954 5091 1260 5153 ὲπισκοπάς
1291 5093 1359 5160 τῇ
1391 5088 1500 5141 τῶν
1534 5084 1927 5178 μητροπόλεων

338 5172 653 5262 τιμηθῆναι
709 5187 943 5255 κλήσειο
1001 5184 1075 5245 ὡς
1140 5180 1284 5233 οὕτω
1345 5178 1668 5247 συμϐαίνειν
1719 5177 1798 5236 εἰς
1836 5172 1930 5225 δύο

342 5261 625 5355 ιταρχίας
674 5282 775 5353 τὴν
826 5278 953 5349 μίαν
1008 5272 1350 5345 μερίζεσθαι,
1410 5261 1622 5323 καιὲν
1665 5270 1757 5338 τῇν
1790 5268 1927 5334 αὐτῇ

346 5375 597 5445 ἐπαρχία
632 5372 728 5426 δύο
779 5368 1181 5440 μητροπολίτας
1228 5359 1390 5429 εἶναι,
1420 5360 1516 5413 καὶ
1549 5358 1692 5411 οὕτω
1746 5357 1931 5425 διαφέ-

347 5466 540 5537 ρεσθαι
568 5464 819 5531 ἀλλήλοις
864 5461 989 5524 τοὺς
1018 5460 1115 5527 τῆς
1143 5454 1413 5525 ἐπαρχίας
1454 5450 1671 5519 ἐκείνης
1705 5448 1929 5502 ἐπισκό-

351 5575 513 5618 πους.
549 5556 727 5622 Ὅπερ
762 5549 893 5604 ποτὲ
953 5550 1047 5602 καὶ
1074 5550 1130 5600 ὲν
1154 5548 1219 5617 τῇ
1268 5539 1651 5598 Καππαδοκῶν
1692 5537 1933 5607 ἐπαρχίᾳ

356 5647 699 5719 συμϐέϐηκε,
728 5644 826 5713 τῆς
863 5640 1072 5703 πόλεως
1095 5641 1202 5692 τῶν
1228 5636 1453 5689 Τυάνων
1490 5633 1614 5693 νέας
1655 5630 1935 5700 μητροπό-

351 5741 492 5803 λεως
540 5734 966 5806 γενομένης,ὼ;
1027 5734 1055 5785 ὁ
1102 5729 1361 5795 Θεολόγος
1418 5725 1718 5796 ι’ρηγόριος
1741 5724 1798 5774 ἐν
1858 5721 1936 5791 τῷ

356 5830 634 5902 ἐπιταφίῳ
692 5826 789 5882 τοῦ
844 5823 1080 5895 μεγάλου
1129 5818 1411 5874 Βασιλείου
1458 5814 1933 5887 castillis-3151a

2104 4799 2355 4856 ZONAR.
2380 4798 2684 4865 Principem
2713 4798 2987 4866 dignitatis
3018 4798 3190 4851 locum
3215 4801 3450 4868 episcopi
3482 4818 3601 4869 qm-

2027 4894 2148 4948 dam
2185 4891 2464 4943 ambitiose
2487 4888 2822 4951 alfectantes,
2844 4889 3198 4957 imperatores
3228 4891 3398 4957 adire,
3433 4904 3596 4960 atque

2031 4994 2090 5038 ut
2130 4983 2308 5038 edicto
2340 4996 2459 5044 suo,
2496 4980 2639 5047 quod
2695 4979 2782 5034 hic
2840 4982 3160 5051 pragmatici
3224 4983 3332 5053 typi
3381 4987 3602 5039 nomine

2030 5077 2345 5131 intellexere
2387 5072 2596 5138 Patres,
2628 5073 2865 5142 ipsorum
2910 5074 3306 5142 episcopatibus
3338 5076 3597 5132 honorem

2033 5167 2392 5236 metropoleos
2432 5168 2768 5229 decerneret,
2800 5165 3052 5234 precibus
3082 5167 3152 5220 ab
3179 5181 3244 5220 eo
3273 5168 3605 5223 contendere

2032 5259 2175 5313 soliti
2202 5264 2350 5312 sunt.
2388 5253 2524 5310 llinc
2557 5254 2779 5318 factum,
2807 5263 2865 5308 ut
2895 5254 2948 5309 in
2981 5254 3118 5310 duas
3145 5258 3454 5324 provincias
3484 5274 3592 5311 una

2033 5350 2383 5425 divideretur,
2412 5347 2652 5415 duosque
2690 5344 2876 5400 eadem
2918 5347 3191 5416 provincia
3225 5348 3598 5417 metropolita—

2036 5455 2150 5501 nos,
2176 5447 2229 5492 et
2247 5438 2462 5507 quidem
2491 5435 2699 5490 crebris
2726 5436 2796 5489 ob
2819 5434 3048 5503 idipsum
3076 5437 3338 5501 dissidiis,
3372 5448 3598 5492 conten-

2032 5530 2372 5598 tionibusque
2401 5528 2691 5583 distractos
2719 5527 2966 5581 haberet.
2997 5527 3149 5593 Quod
3198 5536 3254 5582 et
3292 5529 3343 5580 in
3383 5528 3596 5597 Cappa-

2031 5626 2225 5677 docum
2258 5620 2535 5689 provincia
2574 5622 2868 5689 quondam,
2915 5619 3177 5688 Gregorio
3217 5619 3489 5689 Theologo
3540 5624 3593 5675 in
3684 5693 3689 5699 ι

2033 5715 2305 5784 epitapbio
2328 5714 2504 5783 magni
2534 5711 2712 5769 Basilii
2747 5711 3034 5776 referente,
3061 5727 3184 5765 cum
3209 5712 3423 5780 Tyanca
3453 5729 3589 5766 nova

2037 5805 2349 5876 metropolis
2374 5805 2665 5861 constituta
2690 5812 2853 5869 esset,
2882 5803 3082 5856 evenit.
3119 5802 3407 5873 Propterea
3441 5820 3601 5864 cauo.
