4078 6416
474 325 580 392 435

1727 324 1829 382 ΤΗ
1842 322 2003 382 EOD.
2053 320 2456 386 BALSAMON

3601 326 3709 393 436

471 460 596 501 nem
624 444 785 507 hunc,
819 457 923 512 quo
949 442 1014 496 de
1043 452 1176 495 nova
1206 438 1485 508 metropoli
1518 438 1842 492 instituenda
1880 436 2036 488 labo-

2147 441 2322 494 τοίνυν
2353 443 2447 495 τὸν
2480 444 2679 497 κανόνα
2710 443 2949 514 τοῦτονή
2980 444 3196 510 σύνοδος
3224 444 3399 509 ἔθετο,
3431 440 3711 500 κωλύοντα

475 550 598 591 rare
621 544 713 589 aut
739 548 898 603 agere
935 530 1172 609 episcopi
1204 530 1584 598 prohibentur,
1624 528 1872 599 synodus
1917 538 2040 591 pro.

473 626 771 698 mitigavit:
804 623 908 678 tale
941 636 1072 678 vero
1100 621 1302 691 aliquid
1339 618 1553 690 aggredi
1584 632 1766 681 ausos,
1811 616 1893 671 vel
1938 616 2042 670 hoc

471 719 588 789 ipso
642 717 833 786 deponi
875 715 1049 783 jubet.
1110 712 1221 767 Nec
1294 714 1436 767 enim
1498 722 1618 765 eum
1668 707 2042 764 tantummodo

472 809 668 878 puniri,
692 806 783 877 qui
824 808 1055 875 cogitata
1100 802 1410 873 perfecerit,
1459 802 1551 855 sed
1586 800 1754 869 ipsam
1802 812 2039 866 quoque,

471 900 718 967 quauwis
787 898 946 951 irrito
1009 905 1231 954 eventu.
1292 893 1603 961 perﬁciendi
1683 891 2038 954 voluntatem,

473 992 662 1044 iisdem
688 990 864 1057 plenis
896 989 1182 1043 obnoxiam
1215 1001 1338 1041 esse
1382 984 1643 1038 decernit.
1682 982 1875 1038 Verum
1927 981 2040 1035 Itarc

472 1084 687 1151 quidem
740 1081 1077 1148 promulgata
1141 1094 1348 1131 canone
1399 1077 1477 1130 sic
1526 1077 1608 1143 agi
1638 1074 1856 1144 placuit.
1913 1072 2043 1138 Qua:

473 1190 603 1228 vero
654 1174 836 1238 urbes,
869 1183 993 1224 ante
1042 1173 1180 1224 hanc
1209 1168 1672 1229 ctntstitulionetn,
1704 1162 2042 1233 imperatoris

474 1270 693 1320 decreto
736 1263 1128 1329 metropolitani
1172 1260 1311 1314 tituli
1368 1259 1627 1328 dignitate
1675 1265 1879 1308 ornata:
1926 1254 2037 1306 ine-

475 1369 599 1412 rant
628 1361 786 1425 (quas
815 1357 957 1409 enim
981 1354 1265 1408 obscurius
1301 1361 1460 1405 antea
1490 1349 1872 1421 pragmaticas,
1900 1363 2041 1401 ntmc

477 1449 856 1519 imperatorias
922 1447 1149 1510 litteras,
1206 1445 1340 1498 sive.
1383 1442 1722 1505 imperatoris
1768 1442 2039 1495 decretum

474 1540 683 1609 planius
700 1536 1044 1605 nttncnpatit)
1069 1537 1134 1589 ab
1158 1536 1243 1597 iis,
1264 1544 1447 1609 earum
1471 1548 1575 1602 que
1603 1532 1887 1602 episcopis,
1907 1546 2039 1585 cono

474 1649 684 1690 cesmm
722 1636 975 1687 honorent
1006 1632 1207 1699 patitur
1254 1630 1500 1696 retineri;
1551 1644 1618 1683 ne
1664 1645 1767 1698 qua
1812 1644 1939 1683 vero
1983 1643 2042 1680 re

478 1727 710 1795 antiqua:
737 1723 1159 1792 inetropolitante
1180 1723 1292 1776 sedi
1329 1722 1537 1776 molesti
1565 1722 1695 1784 sint,
1732 1720 1824 1776 sed
1852 1720 1900 1775 ei
1922 1733 2042 1786 quae

478 1830 682 1877 veram,
712 1828 775 1869 ac
798 1811 1454 1882 temporis'diuturnitate
1477 1812 1760 1865 ﬁrmatam
1796 1808 2032 1880 appella-

479 1910 673 1962 tionem
706 1906 1063 1976 metropoleos
1095 1905 1313 1971 retinet,
1351 1905 1421 1957 ita
1460 1919 1555 1957 sua
1578 1903 1700 1973 jura
1733 1912 2035 1968 serventur,

478 2009 536 2053 ut
600 2016 663 2052 ne
694 2014 757 2053 ex
809 2001 874 2053 iis
913 1998 1206 2068 quidquam
1232 2012 1405 2053 novus
1455 1996 1554 2051 sibi
1596 1997 2038 2065 metropolitanus

479 2102 719 2160 usurpet.
746 2092 851 2144 Sed
881 2090 1042 2159 hujus
1064 2091 1227 2144 etiam
1256 2089 1481 2143 canonis
1503 2090 1798 2143 auctoritas
1829 2089 2040 2143 obsole-

474 2185 575 2244 vit,
602 2194 699 2235 nec
733 2180 951 2235 defuere
975 2181 1179 2236 nostris
1216 2197 1436 2249 quoque
1477 2181 1814 2247 temporibus
1865 2181 2037 2246 impe-

477 2283 706 2326 ratores.
762 2280 992 2340 quorum
1052 2273 1246 2327 edictis
1313 2272 1646 2340 episcopales
1690 2272 1930 2325 ecclesia:
1972 2272 2037 2323 ad

478 2362 871 2431 metropolitani
893 2362 1091 2432 fastigii
1125 2363 1336 2417 culmen
1362 2372 1559 2418 evecta
1588 2372 1733 2417 sunt.

385 2506 391 2514 ,
480 2451 705 2507 ARIST.
732 2452 797 2507 In
818 2454 952 2507 duas
986 2454 1280 2522 provincias
1306 2471 1410 2508 una
1436 2455 1700 2520 provincia
1730 2470 1830 2506 non
1849 2454 2041 2507 scindi-

551 2551 638 2595 tur
663 2558 681 2596 :
708 2545 796 2612 qui
836 2556 1005 2597 autem
1025 2545 1262 2608 δοξάσει-ει,
1290 2546 1589 2611 episcopatu
1613 2545 1877 2611 dejicilur.
1907 2542 2039 2607 Qua:

550 2650 664 2687 vero
691 2636 1017 2700 imperatoris
1056 2637 1306 2704 rescripto
1326 2638 1501 2688 scis-ste
1522 2646 1643 2688 sunt
1688 2636 1925 2689 civitates
1949 2636 2041 2686 lto-

551 2742 675 2778 ποτε
711 2726 824 2779 solo
849 2726 1114 2793 fruamur,
1139 2736 1194 2778 ut
1215 2737 1262 2778 et
1283 2727 1554 2793 cpiscopus
1578 2727 1763 2779 ibidem
1783 2724 2038 2779 constitu-

549 2832 633 2872 tus
658 2836 676 2873 :
706 2822 753 2873 ei
785 2839 899 2873 vrro
926 2838 1039 2889 qua:
1064 2838 1177 2874 vere
1205 2829 1281 2873 est
1308 2821 1629 2890 metropolis,
1678 2824 1892 2889 prapria
1913 2821 2040 2890 jura

553 2919 941 2962 conserventur.

554 3000 847 3068 Episcopus
891 3001 982 3068 qui
1029 3009 1336 3067 potentatus
1379 3001 1511 3067 adit,
1566 3011 1622 3056 et
1678 3002 2040 3072 episcopatum

2146 533 2222 604 μὴ
2247 534 2495 602 γίνεσθαι
2524 535 2772 599 τοιαῦτα,
2807 537 2945 607 μηδὲ
2990 537 3175 607 ζητεῖν
3224 538 3353 601 τοὺς
3378 535 3712 599 ἐπισκόπους

2140 631 2268 692 νέας
2297 629 2660 698 ὀνομάζεσθαι
2696 630 3057 700 μητροπόλεις
3075 647 3089 662 ο
3118 629 3210 683 τὸν
3245 629 3302 682 δὲ
3323 627 3711 699 ἐπιχειροῦντα

2141 723 2368 794 τοιαύτῃ
2405 723 2604 793 πράξει
2672 722 3056 792 καθαιρεῖσθαι
3104 720 3201 774 καὶ
3248 720 3339 774 διὰ
3384 720 3551 790 μόνην
3605 719 3709 788 τὴν

2142 814 2504 884 ἐπιχείρησιν.
2534 812 2609 865 Οὐ
2651 811 2759 882 γὰρ
2799 813 2890 864 τὸν
2937 813 3016 873 εἰς
3075 810 3274 880 πρᾶξιν
3318 810 3593 878 ἀγαγόντα
3614 808 3715 878 τὴν

2145 905 2492 975 ἐπιχείρησιν
2518 903 2737 967 κολάζει
2769 903 2952 972 μόνον,
2987 904 3124 957 ἀλλά
3150 903 3242 974 καὶ
3269 901 3361 954 τὸν
3392 902 3555 969 μόνον
3586 900 3715 953 ἐπι-

2142 994 2451 1067 χειροῦντα,
2513 996 2617 1050 κᾶν
2650 996 2725 1066 μὴ
2751 995 2889 1066 τύχῃ
2951 994 3046 1047 τοῦ
3096 993 3312 1063 ἐφετοῦ.
3348 991 3514 1048 Ἀλλά
3538 995 3714 1045 ταῦτα

2148 1089 2244 1157 μὲν
2284 1088 2422 1158 μετά
2469 1087 2561 1141 τὸν
2611 1087 2813 1141 κανόνα
2854 1086 3023 1155 ὥρισε
3062 1084 3313 1153 γίνεσθαι
3340 1099 3355 1115 ⁸
3382 1083 3484 1141 τὰς
3513 1082 3573 1137 δὲ
3606 1082 3716 1149 πρὸ
3762 1072 3767 1078 ’

2145 1180 2239 1233 τοῦ
2266 1180 2489 1242 κανόνος
2517 1178 2837 1253 τιμηθείσας
2865 1178 3050 1241 πόλεις
3100 1177 3180 1239 είς
3237 1173 3605 1244 μητροπόλεις
3626 1171 3717 1226 διὰ

2144 1269 2488 1338 γραμμάτων
2521 1266 2818 1337 βασιλικῶν
2838 1286 2851 1299 ·
2900 1267 2959 1328 (δι
2988 1267 3097 1337 γὰρ
3127 1267 3238 1321 ἄνω
3281 1263 3539 1334 ὠνόμασε
3571 1279 3716 1332 πρα-

2143 1358 2412 1425 γματικὰ,
2464 1359 2698 1412 ἐνταῦθα
2751 1358 3049 1426 ἐσαφήνισε
3109 1358 3206 1410 καὶ
3266 1357 3571 1428 γράμματα
3610 1354 3757 1425 ἔφην

2147 1450 2463 1519 βασιλικά·)
2513 1450 2808 1503 ἀπολαύειν
2861 1450 3223 1521 παρεχώρησε
3275 1448 3444 1518 τιμῆς
3498 1447 3714 1517 μόνης.

2145 1545 2238 1596 καὶ
2266 1546 2390 1606 τοὺς
2422 1544 2480 1595 ἐν
2512 1543 2702 1605 αὐταῖς
2750 1542 3106 1604 ἐπισκόπους,
3170 1540 3247 1611 μὴ
3276 1539 3516 1611 ἐνοχλεῖν
3564 1539 3623 1594 δέ
3647 1541 3715 1609 τῇ

2145 1634 2355 1703 παλαιᾷ
2405 1632 2737 1703 μητροπόλει
2772 1671 2789 1694 ,
2844 1629 3115 1693 σώζεσθαι
3160 1629 3219 1682 δὲ
3277 1628 3466 1700 ἐκείνῃ
3519 1630 3587 1699 τῇ
3640 1627 3719 1690 ὼς

2145 1725 2360 1796 ἀληθῶς
2407 1723 2757 1794 μητροπόλει,
2792 1722 2867 1784 ὼς
2895 1720 2972 1790 τῷ
3000 1721 3178 1793 χρόνῳ
3232 1719 3466 1790 βεϐαίως
3516 1736 3721 1790 κτησα-

2148 1819 2286 1891 μένῃ
2326 1818 2425 1886 τὴν
2451 1816 2665 1884 κλῆσιν,
2694 1813 2763 1866 τά
2808 1815 2993 1867 δίκαια
3038 1813 3218 1865 πάντα
3255 1812 3328 1881 μή
3362 1827 3509 1873 τινος
3540 1827 3722 1881 παρα·

2145 1911 2430 1981 σπωμένου
2458 1910 2609 1979 πα.ρά
2667 1908 2760 1962 τοῦ
2814 1908 2935 1962 νέου
2963 1905 3388 1979 μητροπολίτου.
3422 1905 3532 1957 Καὶ
3564 1899 3722 1966 οὗτος

2143 2005 2199 2057 δὲ
2228 2006 2256 2056 ό
2279 2002 2458 2057 κανὼν
2491 2004 2552 2055 ού
2580 2002 2909 2069 φυλάττεται
2940 2018 2955 2033 σ
2987 2000 3133 2062 τινὲς
3167 1998 3275 2066 γὰρ
3298 1998 3590 2051 ἐπίσκοποι
3622 1997 3721 2049 καὶ

2144 2100 2231 2166 ἐφ’
2260 2098 2418 2167 ἡμῶν
2473 2099 2560 2152 διὰ
2598 2099 2895 2168 βασιλικῶν
2946 2095 3392 2167 προσταγμάτων
3446 2094 3525 2159 εἰς
3554 2092 3719 2165 τιμὴν

2144 2190 2459 2262 ἀνήχθησαν
2492 2193 2901 2261 μητροπόλεως.

2145 2454 2365 2508 ΔΡΙΣΤ.
2399 2453 2500 2518 Ιίίς
2542 2452 2834 2521 ἐπαρχίας
2863 2450 2972 2504 δύο
3011 2449 3266 2518 ἐπαρχία
3320 2448 3431 2518 μία
3464 2448 3535 2501 οὐ
3584 2444 3723 2515 τέμο

2216 2561 2383 2598 νεῖαι
2414 2560 2428 2575 ⁸
2460 2548 2491 2598 ὀ
2511 2542 2582 2596 δὲ
2624 2546 2816 2608 τεμὼν
2859 2543 3298 2606 ἀνδπίσκοπος.
3338 2542 3408 2594 Al
3436 2538 3503 2591 δὲ
3537 2535 3724 2607 γράμ-

2210 2653 2351 2706 ματι
2393 2634 2698 2700 ,ϐασιλικῷ
2751 2633 3086 2702 τιίιηθεῖσαι
3135 2633 3367 2695 πόλεις,
3397 2629 3510 2697 τῆς
3541 2625 3723 2696 τιμῆς

2156 2724 2159 2729 ’
2213 2731 2692 2785 ἀπολαυέτωσαν
2713 2729 2928 2795 μόνης,
2966 2726 3062 2779 καὶ
3093 2725 3300 2777 αὐτόθι
3335 2721 3674 2781 ἐπίσκοπος
3698 2732 3717 2750 ⁸

2216 2824 2289 2889 τῇ
2354 2821 2422 2875 δὲ
2449 2817 2696 2888 ἀληθῶς
2751 2819 3119 2897 μητρρπόλει
3171 2814 3245 2869 τὰ
3291 2812 3479 2869 οἰκεῖα
3541 2811 3725 2873 σωζέ-

2219 2922 2486 2970 σθωσαν.

2229 3007 2286 3059 Ὀ
2329 3002 2640 3076 προσελθὼν
2706 3002 3049 3063 δυναστείαις
3072 3000 3391 3062 ἐπίσκοπος,
3427 2998 3523 3052 καὶ
3552 3014 3728 3051 σπου-

479 3106 637 3148 auum
671 3094 983 3160 metropolis
1011 3096 1229 3148 nomine
1249 3093 1500 3148 honorari
1544 3094 1840 3158 contendit,
1891 3105 1949 3149 ut
1976 3110 2042 3149 ex

2147 3101 2316 3162 δὲσας
2347 3096 2648 3167 τιμηθῆναι
2674 3094 2770 3163 τὴν
2802 3092 3109 3161 ἐπισκοπὴν
3150 3090 3315 3145 αὑτοῦ
3350 3090 3427 3162 τῷ
3475 3089 3579 3160 τῆς
3608 3109 3722 3161 μη-

478 3201 544 3240 eo
581 3201 683 3239 una
728 3185 998 3253 provincia
1042 3187 1093 3238 in
1143 3187 1274 3240 duas
1320 3184 1669 3250 divideretur,
1729 3201 1829 3240 suo
1876 3185 2043 3255 gradu

478 3278 710 3331 «excidet.
736 3276 1051 3343 Quicunque
1084 3288 1261 3329 autem
1298 3276 1639 3345 episc0patus
1686 3278 1792 3330 non
1840 3278 2048 3345 episco-

478 3380 669 3436 porum
707 3368 885 3421 studio
917 3370 1007 3420 sed
1043 3367 1219 3434 potius
1241 3368 1309 3418 ob
1334 3381 1521 3421 eorum
1552 3369 1802 3422 virtutem
1835 3379 1891 3423 et
1910 3371 2045 3423 civi-

482 3467 649 3511 tatum
682 3457 994 3525 dignitatem
1025 3470 1120 3527 per
1162 3449 1370 3512 litteras
1405 3458 1709 3527 imperiales
1748 3470 1806 3513 ut
1844 3472 2045 3516 metro-

482 3551 632 3617 polcs
674 3550 924 3603 honorari
966 3549 1197 3604 assecuti
1246 3560 1393 3614 sunt,
1448 3549 1652 3604 honore
1703 3550 1795 3604 illo
1837 3561 1891 3604 et
1928 3553 2047 3607 solo

483 3642 744 3696 fruentur.
796 3642 852 3694 Ei
888 3652 1064 3695 autem
1110 3655 1229 3707 quae
1270 3656 1395 3709 vere
1439 3651 1524 3694 est
1569 3642 1904 3711 metropolis,
1957 3644 2045 3698 cui

481 3743 636 3788 antea
663 3731 939 3792 suberant.
971 3731 1185 3799 propria
1212 3731 1568 3785 servabuntur
1587 3732 1706 3801 jura
1753 3751 1767 3786 :
1803 3741 1856 3787 et
1884 3744 2043 3786 antea

481 3820 626 3877 enim
673 3830 729 3874 et
773 3829 963 3889 postea
1001 3820 1155 3875 istius
1175 3821 1457 3889 episcopus
1486 3836 1608 3876 eum
1642 3823 1731 3891 qui
1775 3823 1845 3877 ab
1881 3825 2048 3891 impc-

484 3925 662 3968 ratore
696 3926 880 3985 postea
925 3914 1222 3970 honoratus
1258 3913 1356 3968 fuit
1404 3916 1724 3982 constituet,
1776 3927 1830 3971 et
1858 3932 2048 3972 omnes

480 4008 769 4074 provinciae
796 4008 1137 4074 episcopatus
1187 4006 1335 4060 illum
1378 4016 1434 4061 et
1477 4006 1650 4061 solum
1684 4009 2048 4078 metropolita-

478 4114 607 4154 num
657 4098 949 4164 liabebunt,
999 4108 1055 4153 et
1105 4115 1209 4152 non
1252 4099 1415 4153 simul
1473 4100 1779 4154 dividentur
1829 4113 1885 4156 et
1947 4103 2048 4168 ipsi

478 4195 775 4246 secundum
839 4192 1128 4260 provincia:
1170 4192 1511 4253 divisionem,
1555 4202 1623 4255 et_
1646 4191 1690 4246 si
1732 4193 1858 4259 quid
1902 4193 2048 4248 aliud

475 4284 567 4353 jus
622 4284 922 4352 episcopale
970 4285 1021 4337 in
1079 4292 1190 4337 tota
1232 4282 1509 4352 provincia
1556 4282 1761 4347 habuit,
1825 4283 2046 4339 illassum

480 4374 579 4441 ipsi
609 4377 932 4429 servabitur.
964 4374 1028 4427 Et
1063 4374 1195 4442 nihil
1247 4374 1467 4428 omnino
1496 4375 1562 4428 de
1597 4374 1716 4443 ejus
1756 4374 2048 4444 privilegiis

481 4467 781 4522 auferetur.
811 4475 867 4520 et
901 4468 1165 4519 honorato
1201 4466 1436 4520 dabitur.

2146 3191 2449 3262 τροπόλεως
2472 3188 2716 3254 ὀνόματι.
2753 3185 2827 3248 ὡς
2854 3187 2916 3237 ἐκ
2937 3186 3125 3237 τούτου
3176 3184 3274 3254 τὴν
3301 3183 3431 3253 μίαν
3452 3184 3731 3255 ἐπαρχίαν

2150 3283 2474 3354 μερισθῆναι
2534 3281 2616 3342 είς
2662 3280 2776 3341 δύο,
2830 3280 2922 3332 τοῦ
2953 3278 3081 3331 ἰδίου
3133 3279 3449 3329 ἐκπεσεῖται
3482 3275 3720 3345 βαθμοῦ.

2148 3378 2313 3429 Ὅσαι
2343 3376 2400 3427 δέ
2456 3373 2561 3426 τῶν
2594 3370 2911 3424 ἐπισκοπῶν
2940 3371 3040 3422 οὐκ
3076 3369 3183 3422 ἀπὸ
3209 3368 3445 3437 σπουδῆς
3469 3368 3577 3420 τῶν
3598 3369 3722 3420 ἐπι-

2148 3467 2387 3529 σκόπων,
2440 3465 2578 3517 ἀλλά
2634 3463 2835 3531 μᾶλλον
2883 3462 2951 3515 δι’
3011 3460 3211 3531 ἀρετὴν
3274 3459 3495 3525 αὐτῶν,
3543 3459 3575 3529 ἢ
3628 3459 3719 3512 διὰ

2143 3562 2308 3628 τιμὴν
2330 3558 2438 3610 τῶν
2467 3557 2701 3620 πόλεων,
2736 3554 2980 3622 ἔφθασαν
3010 3552 3098 3606 διὰ
3123 3551 3420 3621 βασιλικῶν
3443 3548 3710 3620 γραμμά-

2144 3668 2254 3703 των
2274 3648 2570 3720 τιμηθῆναι
2617 3647 2693 3709 ὡς
2747 3644 3135 3715 μητροπόλεις,
3200 3642 3564 3696 ἀπολαύσουσι
3612 3640 3717 3711 τῆς

2145 3742 2336 3811 τιμῆς,
2356 3742 2451 3793 καὶ
2476 3739 2644 3808 μόνης
2669 3757 2681 3769 ·
2716 3740 2782 3808 τῇ
2815 3738 2871 3789 δὲ
2901 3735 3043 3788 κατὰ
3071 3734 3326 3805 ἀλήθειαν
3363 3731 3716 3803 μητροπόλει,

2147 3832 2237 3900 ὑφ’
2270 3832 2336 3902 ἢν
2371 3829 2587 3883 ἐτέλουν
2614 3829 2672 3883 τὸ
2711 3828 2999 3898 πρότερον,
3058 3826 3126 3878 τὰ
3156 3827 3331 3878 οἰκεῖα
3395 3821 3721 3893 παραφυλαο

2146 3923 2436 3993 χθήσονται
2458 3920 2664 3972 δίκαια.
2699 3916 2945 3971 Ἀνωθεν
2979 3916 3087 3985 γὰρ
3119 3916 3213 3969 καὶ
3240 3912 3398 3978 αὖθις
3439 3915 3468 3966 ὁ
3521 3911 3724 3981 ταύτης

2149 4014 2446 4072 ἐπίσκοπος
2478 4007 2572 4062 τοῦ
2599 4010 2740 4078 μετὰ
2769 4007 2942 4062 ταῦτα
2973 4005 3300 4076 τιμηθέντος
3322 4006 3428 4059 ὑπὸ
3457 4004 3727 4075 βασιλέως

2148 4103 2408 4156 καθίσει’
2469 4103 2561 4154 καὶ
2612 4101 2669 4152 αἱ
2731 4102 2829 4169 τῆς
2882 4100 3154 4168 ἐπαρχίας
3202 4099 3377 4151 πᾶσαι
3424 4096 3727 4150 ἐπισκθπαὶ

2146 4195 2357 4257 τοῦτον,
2407 4194 2504 4247 καὶ
2557 4192 2738 4262 μόνον,
2803 4192 3212 4263 μητροπολὶτην
3275 4191 3478 4257 ἕξουσι,
3516 4187 3613 4241 καὶ
3658 4187 3725 4241 ού

2153 4284 2695 4356 συμμερισθήσονται
2744 4284 2837 4335 καὶ
2892 4277 3061 4336 αὗται
3121 4282 3262 4334 κατὰ
3312 4280 3410 4348 τὴν
3467 4278 3570 4346 τῆς
3625 4278 3729 4329 ἐπ-

2150 4381 2345 4451 αρχίας
2398 4377 2663 4445 διαίρεσιν
2690 4391 2706 4407 ·
2741 4375 2836 4428 καὶ
2895 4374 2950 4427 εἴ
2995 4391 3050 4427 τι
3079 4374 3208 4427 ἄλλο
3267 4368 3625 4424 ἐπισκοπικόν
3650 4368 3729 4421 δίο

2081 4468 2124 4522 D
2152 4489 2310 4527 καιον
2338 4473 2395 4523 ἐν
2429 4470 2577 4539 πάσῃ
2627 4471 2694 4538 τῇ
2756 4466 2998 4539 ἐπαρχίᾳ
3046 4462 3211 4537 εἶχεν,
3266 4462 3525 4533 ἀκέραιον
3577 4460 3731 4529 αὑτῷ

481 4558 968 4628 συντηρηθήσεται.
1020 4559 1130 4612 Καὶ
1183 4557 1368 4621 ἁπλῶς
1401 4558 1552 4612 οὐδέν
1580 4576 1633 4612 τι
1687 4559 2117 4632 ἀφαιρεθήσεται
2170 4563 2280 4617 τῶν
2304 4560 2617 4633 προνομίων
2682 4558 2872 4619 αὐτοῦ,
2944 4558 3039 4612 καὶ
3100 4554 3178 4627 τῷ
3225 4554 3511 4626 τιμηθέντι
3572 4550 3734 4625 δοθή.

481 4667 654 4705 σεται.

966 4740 1127 4810 129
1157 4739 1381 4794 canon
1413 4740 1555 4795 xm.

480 4833 740 4889 Externa:
778 4833 993 4886 clericos
1024 4843 1072 4885 et
1102 4835 1303 4898 ignotos
1332 4832 1384 4884 in
1409 4824 1517 4884 aﬂa
1547 4832 1755 4888 civitate
1777 4834 1887 4888 sine
1929 4853 2051 4905 pro-

547 4928 652 4995 prii
689 4926 913 4994 epircopi
957 4923 1394 4978 commendatitiis
1434 4924 1628 4979 litteris
1658 4941 1920 4997 nusquam
1944 4928 2050 4982 ullo

552 5018 706 5070 modo
740 5017 1065 5072 ministrare.

555 5106 749 5162 BALS.
779 5105 963 5161 Sancti
998 5106 1185 5160 Patres
1214 5104 1377 5159 etiam
1427 5120 1616 5161 rursus
1639 5086 1923 5172 deﬁniunt,
1954 5124 2050 5163 eos

481 5204 571 5263 qui
624 5206 674 5256 in
703 5201 883 5268 aliqua
933 5198 1162 5254 ecclesia
1241 5198 1293 5250 in
1323 5197 1524 5252 clerum
1556 5207 1685 5252 sunt
1715 5200 2042 5268 cooptatiin

482 5298 583 5350 alia
643 5295 872 5351 ecclesia
907 5308 1012 5347 non
1043 5292 1373 5353 ministrare,
1428 5292 1547 5351 sine
1588 5292 2044 5346 commendatitiis

482 5392 615 5444 lauet
630 5389 675 5444 is
698 5386 897 5457 proprii
921 5386 1182 5455 episcopi.
1207 5383 1272 5437 Et
1295 5383 1534 5438 nonnulli
1554 5383 1773 5454 quidem
1796 5385 2055 5439 dixerunt

483 5480 955 5535 commendatitias
983 5479 1069 5532 llic
1117 5478 1323 5531 litteras
1364 5492 1460 5544 pro
1509 5476 1835 5531 dimissoriis
1880 5477 2054 5532 dictas

483 5586 605 5625 csse
635 5589 650 5623 :
677 5570 765 5624 alii
791 5580 970 5623 autem
999 5583 1260 5621 cntionem
1284 5566 1351 5621 de
1380 5566 1836 5622 connuendatitiis
1859 5568 2054 5623 litteris

488 5664 653 5731 inqui,
702 5678 822 5731 qua:
858 5665 1055 5715 dantur
1101 5660 1368 5714 accusatis
1413 5658 1746 5723 hominibus,
1794 5660 1884 5726 qui
1938 5671 2058 5727 past

488 5755 943 5811 eratninationcm
987 5755 1299 5808 innocentes
1348 5750 1550 5805 inventi
1594 5759 1738 5804 sunt.
1774 5748 1901 5806 Mihi
1932 5765 2057 5806 vero

2757 4733 2998 4788 ΚᾹΝΩΝ
3034 4730 3131 4786 ll".

2156 4833 2381 4898 Ξένους
2444 4828 2771 4897 κληρωτοὺς
2801 4828 2898 4881 καί
2930 4826 3279 4897 ἀγνὼστους
3315 4823 3384 4878 ἐν
3413 4821 3586 4891 ἑτέρᾳ
3626 4822 3735 4876 πόα

2224 4929 2320 4979 λει
2374 4923 2517 4992 δίχα
2566 4918 2951 4976 συστατικῶν
3005 4918 3364 4988 γραμμάτων
3427 4913 3534 4969 τοῦ
3577 4912 3733 4968 ίόἰου

2227 5016 2565 5070 ἐπισκόπου
2592 5012 2876 5081 μηδόλως
2902 4994 3184 5079 μηδαμοῦ
3212 5006 3604 5077 λειτουργεῖν.

2226 5109 2424 5163 ΒΑΑΣ.
2472 5106 2583 5159 Καὶ
2637 5105 2799 5159 πάλιν
2823 5106 2870 5158 οἱ
2904 5105 3053 5179 ἀγιοι
3116 5104 3358 5173 Πατέρες
3402 5098 3727 5171 διορίζονται

2156 5204 2284 5261 τοὺς
2312 5199 2694 5270 κληρωθέντας
2721 5199 2779 5251 ἓν
2831 5216 2940 5251 τινι
2992 5195 3265 5268 ἐκκλησίᾳ
3308 5195 3364 5247 ἐν
3392 5195 3554 5266 ἐτὲρᾳ
3579 5192 3732 5270 πόλει

2162 5291 2236 5361 μὴ
2272 5267 2611 5359 λειτουργεῖν
2679 5290 2810 5343 ἄνευ
2868 5267 3210 5341 συστατικῶν
3260 5286 3607 5357 γραμμάτων
3635 5267 3735 5340 τοῧ

2162 5384 2294 5447 ἰδίου
2334 5384 2665 5440 ἐπισκόπου.
2722 5382 2829 5435 Καί
2860 5398 3006 5444 τινες
3054 5381 3158 5451 μὲν
3190 5375 3343 5432 εἷπον
3399 5376 3736 5439 συστατικὰς

2160 5477 2377 5546 γραφὰς
2420 5473 2654 5528 ἐνταῦθα
2691 5475 2787 5534 τας
2822 5468 3157 5533 ἀπολυτικὰς
3189 5468 3465 5541 εἰρῆσθαιο
3495 5468 3647 5524 ἄλλοι
3675 5467 3737 5520 δὲ

2162 5563 2314 5618 εἷπον
2354 5566 2481 5632 περὶ
2510 5561 2849 5615 συστατικῶν
2884 5560 3116 5632 γραφῶν
3139 5560 3318 5628 λέγειν
3371 5559 3465 5612 τὸν
3493 5557 3727 5620 κανόνα,

2164 5655 2456 5723 διδομένων
2520 5651 2831 5723 ἀνθρώποις
2903 5648 3325 5723 κατηγορηθετσι
3356 5690 3371 5714 ,
3424 5648 3520 5702 καὶ
3599 5647 3741 5717 μετά

2166 5748 2412 5815 ἐξέτασιν
2470 5745 2806 5801 ἀθωωοεῖςιν
2845 5762 2857 5777 ·
2906 5746 3030 5816 ἐμοὶ
3077 5745 3133 5797 δέ
3187 5743 3333 5798 δοκεῖ
3380 5739 3471 5796 τὸν
3524 5740 3737 5797 κανόνα
