4078 6442
459 324 567 389 439

1646 396 1649 401 ,
1727 326 2005 389 TlIEOD.
2040 330 2445 391 BALSAMON

3605 321 3716 386 MO

442 437 729 504 accipere,
761 435 986 490 diversa!
1012 444 1189 488 tamen
1233 450 1260 486 a
1293 444 1437 488 recta
1493 435 1765 502 opinionis
1797 437 2028 490 mulieri-

2142 440 2348 505 ἔξεστιν
2406 439 2739 510 ἐτεροδόξοις
2800 438 3193 501 συνάπτεσθαι,
3238 436 3364 498 τοὺς
3388 435 3444 493 δὲ
3475 452 3717 503 προπαιρ

460 528 562 580 bus
578 528 658 579 eis
687 524 936 593 conjungi
963 539 1071 579 non
1089 525 1237 589 licet,
1255 534 1308 578 ct
1323 525 1483 592 utqui
1503 540 1567 579 ex
1589 525 1676 578 tali
1699 528 2041 581 matrimonio

461 616 657 671 liberos
688 616 1049 684 susceperint,
1083 632 1176 671 eos
1202 618 1266 669 ad
1294 616 1718 672 orthodoxorum
1746 618 2038 673 Ecc'esiam

458 708 730 761 adducant
764 725 778 759 :
815 709 937 762 utsi
982 710 1017 761 ii
1060 710 1276 776 quidem
1325 709 1485 779 130
1521 710 1588 764 ab
1626 711 1892 765 haereticis
1950 712 2042 762 ba-

459 798 641 863 ptizati
675 798 898 861 fuerint,
919 811 1110 854 sancto
1154 801 1325 855 solum
1353 802 1642 855 chrismate
1668 804 1990 872 inungantnr
2022 822 2035 854 :

455 891 539 942 sin
559 890 759 953 minus,
787 890 855 945 ab
881 891 1113 947 Ecclesia
1142 892 1504 961 baptizentur.
1539 893 1809 949 Similiter
1835 892 2033 947 deﬁni-

458 992 571 1034 tum
609 993 715 1040 est.
759 998 827 1035 ne
867 998 1055 1037 eorum
1085 983 1239 1037 liberi
1276 984 1546 1038 haereticis
1589 984 1672 1038 vel
1726 982 1928 1039 Judazis
1954 984 2035 1037 vel

455 1072 656 1127 Gra'cis
682 1074 1097 1143 conjungantur,
1130 1075 1229 1127 nisi
1262 1076 1447 1144 utique
1484 1077 1767 1143 prohibita:
1792 1092 2033 1144 persona:

458 1165 815 1229 polliceantur
837 1181 863 1217 a
896 1180 989 1219 sua
1020 1166 1209 1220 haeresi
1239 1167 1317 1219 vel
1343 1167 1729 1247 Superstitione
1757 1168 2030 1223 recedere.

457 1254 608 1309 Tunc
630 1256 772 1310 enim
797 1257 840 1311 si
874 1258 937 1309 ad
968 1258 1319 1311 orthodoxam
1347 1258 1502 1313 fidem
1528 1260 1875 1325 accesserint,
1901 1276 2031 1315 con-

456 1359 753 1413 sequentur
776 1363 987 1415 quoque
1012 1350 1232 1414 nuptiae.
1273 1349 1377 1403 Eos
1399 1361 1572 1403 autem
1598 1352 1687 1420 qui
1716 1352 1829 1405 haec
1858 1363 2031 1405 trans-

458 1437 796 1504 grcdiuntur,
830 1437 1109 1491 canonicis
1139 1439 1315 1505 omnis
1337 1438 1553 1504 subiicit
1584 1442 1843 1509 synodus.
1890 1440 2031 1510 Lege

457 1523 624 1581 Laod.
658 1540 778 1595 syn.
809 1540 931 1581 can.
982 1525 1049 1579 10
1076 1527 1212 1581 ειῦΙ
1253 1537 1307 1581 et
1337 1527 1525 1581 Carth.
1569 1529 1632 1581 21
1685 1540 1740 1583 et
1784 1531 2028 1586 invenies

457 1620 697 1687 separari
730 1619 1153 1682 matrimonium,
1189 1622 1332 1689 quod
1353 1636 1475 1675 cum
1502 1622 1759 1677 heretico
1805 1634 2027 1677 contra—

457 1711 602 1763 ctum
631 1718 732 1764 est.
770 1710 1028 1765 Existimo
1058 1722 1262 1775 autem,
1300 1713 1464 1765 etiam
1491 1727 1613 1765 cum
1659 1714 2021 1780 separatione.

2147 531 2540 600 δοποιήσαντας
2572 533 2636 584 ἐκ
2669 531 2910 585 τοιούτου
2935 532 3115 599 γάμου
3151 529 3422 597 παρᾶγειν
3443 527 3509 579 τὰ
3536 527 3719 579 οἰκεῖα.

2144 622 2311 675 τέκνα
2367 624 2520 688 παρᾶ
2559 626 2622 692 τῇ
2666 624 2774 676 τῶν
2828 620 3125 693 ὀρθοδόξων
3174 621 3505 691 Ἐκκλησία·
3564 614 3719 688 ἐφίἶ.»

2143 716 2190 766 εἰ
2235 714 2332 781 μὲν
2366 715 2608 783 ἔφθασαν
2644 716 2783 768 αὐτὰ
2814 716 3178 785 βαπτισθῆναι
3207 716 3358 787 παρὰ
3401 715 3716 782 αίρετικῶυ,

2144 806 2437 874 χρισθῆναι
2499 808 2660 872 μόνον
2688 807 2792 859 ὑπὸ
2851 808 3006 874 ἁγίου
3064 806 3236 874 μύρου
3273 822 3285 833 ’
3317 808 3365 857 εἰ
3402 806 3459 858 δὲ
3490 806 3583 873 μὴ.
3616 806 3716 875 βα-

2143 894 2432 963 πτισθῆναι
2481 894 2586 946 ὑπὸ
2634 896 2731 965 τῆς
2774 895 3119 962 Ἐκκλησίας.
3184 895 3459 959 Ὡσαύτως
3491 895 3703 966 ὡρίσθη
3784 914 3793 923 ·

2143 987 2218 1055 μὴ
2278 987 2649 1040 συνάπτεσθαι
2709 990 2777 1041 τὰ
2859 989 3063 1042 τούτων
3103 990 3274 1040 τέκνα
3324 988 3622 1058 αἱρετικοίς
3674 987 3709 1055 ἦ

2152 1079 2429 1143 Ἰουδαίοις
2486 1080 2518 1150 ἢ
2576 1082 2855 1152 Ἕλλησιν,
2904 1084 2951 1134 εἰ
3006 1084 3175 1151 μήπω
3224 1081 3296 1134 τὰ
3356 1081 3715 1148 κεκωλυμένα

2139 1171 2407 1239 πρόσωπα
2439 1173 2788 1225 κατάθωνται
2823 1173 3139 1239 ἀποστῆναιι
3176 1174 3276 1240 τῆς
3311 1172 3518 1233 οἰκείας
3563 1171 3712 1237 αἱρέ-

2138 1279 2274 1323 σεως
2297 1263 2329 1332 ἢ
2356 1263 2671 1332 θρησκείας.
2710 1263 3024 1333 Τηνικαῦτα
3067 1267 3197 1334 γὰρ,
3247 1265 3340 1316 ἐὰν
3372 1262 3712 1332 προσέλθωσι

2133 1357 2200 1423 τῇ
2232 1354 2500 1425 ὀρθοδόξῳ
2564 1357 2765 1423 πίστει,
2815 1357 3247 1424 ἐπακολουθήσει
3298 1355 3394 1407 καὶ⁸
3435 1357 3462 1407 ὁ
3512 1354 3707 1422 γάμος.

2134 1447 2275 1508 Τοὺς
2306 1447 2491 1515 μέντοι
2524 1449 2963 1515 παραϐαίνοντας
2989 1449 3161 1501 ταῦτα
3187 1450 3495 1509 κανονικοῐς
3530 1449 3704 1500 ἐπιτι-

2134 1540 2277 1604 μίοις
2299 1540 2698 1593 καθυποϐἁλλει
2727 1545 2758 1609 ή
2793 1542 2854 1594 σύ
2871 1541 3027 1598 λοδος.
3046 1539 3342 1606 Ἀνάγνωθι
3362 1539 3463 1607 τῆς
3489 1539 3545 1590 ἐν
3567 1541 3705 1591 Λαο-

2127 1628 2302 1698 δικείᾳ
2321 1631 2539 1683 συνόδου
2570 1620 2802 1693 κανόνας
2836 1632 2867 1684 ι’
2892 1633 2983 1685 καὶ
3014 1632 3094 1683 λα’
3131 1636 3221 1684 καὶ
3270 1631 3368 1697 τῆς
3399 1630 3454 1681 ὲν
3481 1629 3711 1698 Καρθα-

2128 1722 2259 1790 γὲνῃ
2294 1721 2494 1774 κανόνα
2524 1730 2668 1782 κα’,κ
2683 1723 2729 1774 1‘.
2754 1724 3003 1793 εὑρήσεις
3025 1723 3406 1789 διασπώμενον
3436 1723 3532 1774 τὶν
3571 1725 3711 1790 μετὰ

456 1817 551 1856 eos
577 1816 791 1871 quoque
825 1803 1002 1871 puniri
1046 1803 1336 1858 secundum
1390 1814 1705 1872 praisentem
1737 1820 2023 1860 canonem.

2132 1811 2421 1877 αἱρετικῶν
2450 1812 2722 1864 συστάντα
2744 1813 2943 1879 γάμον.
2995 1812 3197 1881 Οἵομαι
3227 1813 3283 1865 δὲ
3315 1814 3410 1865 σὺν
3444 1812 3519 1881 τῷ
3560 1814 3716 1864 διασ-

460 1895 551 1949 Sic
573 1894 718 1949 enim
751 1895 817 1949 ad
848 1895 1191 1950 concordiam
1220 1895 1560 1950 deducentur
1588 1910 1842 1951 canones.
1864 1895 2027 1950 Recte

457 1997 633 2039 autem
679 1984 834 2046 dixit,
885 1982 1000 2048 eos,
1047 1988 1136 2054 qui
1186 1994 1343 2040 antea
1392 2001 1457 2040 ex
1493 1986 1758 2039 haereticis
1793 1986 2027 2052 suscepti

455 2086 606 2140 sunt,
671 2075 871 2130 liberos
905 2078 970 2131 ad
1029 2077 1278 2131 Ecclesia:
1325 2078 1760 2132 communionem
1811 2077 2028 2132 adduci.

456 2166 575 2220 Scis
622 2166 765 2222 enim
814 2166 1097 2220 haereticos
1128 2167 1180 2219 in
1212 2166 1318 2220 duo
1362 2166 1524 2219 dividi
1556 2182 1571 2231 ;
1622 2176 1676 2219 et
1713 2167 1766 2219 in
1793 2180 1887 2220 eos
1914 2166 2027 2235 qui,

456 2257 597 2324 quod
631 2256 923 2313 secundum
988 2272 1087 2311 nos
1133 2267 1236 2319 est,
1293 2257 1630 2328 mysterium,
1682 2267 1735 2310 et
1784 2256 2019 2311 divinam

454 2349 966 2405 condescensionem
1014 2346 1335 2414 suscipiunt,
1384 2347 1436 2401 in
1484 2346 1803 2415 quibusdam
1848 2356 2027 2400 autem

456 2441 737 2507 falluntur,
798 2458 935 2511 quos
986 2442 1148 2495 etiam
1203 2442 1522 2495 accedentes
1568 2441 1864 2494 chrismate
1916 2440 2043 2493 sol0'

459 2533 767 2605 iniungimus
792 2556 802 2588 :
830 2543 885 2587 et
920 2533 971 2587 in
997 2548 1093 2586 eos
1123 2532 1212 2601 qui
1242 2520 1343 2587 hoc
1362 2533 1582 2585 omnino
1604 2547 1707 2583 non
1733 2530 2031 2599 suscipiunt

455 2633 511 2676 ct
558 2632 682 2676 sunt
735 2622 1001 2688 inﬁdeles,
1049 2622 1266 2677 Judaaus
1293 2623 1503 2675 scilicet
1554 2630 1607 2676 et
1636 2620 1858 2676 Griecos
1895 2636 2029 2689 quos

453 2714 618 2768 etiam
694 2714 1057 2782 baptizamus.
1131 2715 1543 2769 Conuuunionis
1604 2730 1767 2784 ergo.
1816 2715 2031 2768 nomine

458 2814 746 2872 utrumque
788 2806 1202 2868 det-lurarimus.
1249 2805 1411 2860 utvel
1436 2806 1730 2860 chrismate
1760 2814 2030 2874 angantur

457 2896 540 2949 vel
576 2898 937 2966 liaptizentur.
970 2897 1111 2967 Lege
1142 2897 1172 2948 7
1213 2912 1336 2951 can.
1361 2897 1397 2950 2
1436 2912 1555 2967 syn.
1589 2898 1819 2966 primum
1848 2912 1965 2965 cap.
1998 2897 2031 2950 4

453 2989 538 3042 lit.
572 2986 660 3041 28.
695 2988 789 3041 lib.
841 2986 1058 3059 Basilio.
1090 2997 1143 3041 et
1172 2988 1240 3041 72
1284 3002 1480 3043 Canou.
1513 2988 1703 3056 synodi
1739 2989 1789 3040 in
1820 2988 2025 3040 Trullo.

452 3079 519 3135 Et
550 3091 675 3136 nota
707 3081 1002 3136 secundum
1053 3093 1369 3147 praesentem
1420 3096 1682 3135 canonem
1710 3081 1878 3135 videri
1908 3097 2030 3149 par-

2132 1902 2334 1971 πασμῷ
2351 1904 2443 1956 καὶ
2456 1905 2809 1972 ἐπιτιμᾶσθαι
2832 1904 3055 1968 τούτους
3073 1904 3211 1957 κατὰ
3238 1905 3326 1957 τ⁵ιν
3345 1906 3589 1975 παρόντα
3616 1922 3713 1957 και

2131 1993 2280 2045 νόνα.
2302 1994 2456 2047 Οὕτω
2485 1994 2592 2065 γὰρ
2611 1997 2659 2047 οί
2678 1992 2909 2055 ’κανόνες
2933 1995 3485 2065 συμόιὸασθὴσονται.
3517 1996 3713 2059 Καλῶς

2130 2085 2185 2137 δὲ
2208 2081 2362 2138 εἶπεν
2384 2086 2622 2152 ὀφείλειν
2651 2086 2775 2147 τοὺς
2800 2088 2904 2156 πρὸ
2923 2087 3122 2139 τούτου
3156 2087 3446 2157 τεχθέντας
3474 2088 3534 2151 ἐξ
3563 2089 3711 2154 αἶρε·

2133 2174 2303 2227 τικῶν
2332 2176 2527 2239 παῖδας
2575 2177 2952 2246 προσάγεσθαι
2982 2181 3046 2248 τῇ
3079 2180 3333 2248 κοινωνία
3357 2181 3455 2248 τῆς
3474 2178 3709 2250 Ἐκκληο

2134 2266 2279 2329 σίας.
2310 2264 2474 2331 Οἶδας
2511 2268 2617 2337 γὰρ
2645 2270 2729 2321 ὅτι
2750 2272 2798 2322 οἱ
2830 2271 3098 2341 αἱρετικοὶ
3127 2272 3207 2333 είς
3230 2270 3324 2324 δύο
3352 2271 3715 2341 διαιροῦνται,

2133 2358 2213 2419 είς
2246 2376 2305 2410 τε
2333 2361 2460 2421 τοὺς
2486 2359 2812 2428 δεχομένους
2840 2362 2939 2429 μὲν
2962 2362 3024 2414 τὸ
3054 2361 3178 2413 καθ’
3204 2362 3352 2429 ἡμᾶς
3383 2363 3710 2431 μυστήριον,

2132 2450 2223 2498 καὶ
2270 2448 2370 2515 τὴν
2402 2449 2590 2519 θεῖκὴν
2654 2450 3089 2517 συγκατάὸασιν,
3125 2450 3182 2502 ἕν
3208 2468 3320 2503 τισι
3375 2450 3432 2503 δὲ
3483 2449 3720 2518 σφαλλοο

2135 2537 2356 2604 μένους,
2393 2537 2486 2600 οὓς
2515 2540 2609 2591 καὶ
2663 2542 2822 2609 μύρῳ
2876 2540 3024 2609 μόνῳ
3074 2542 3306 2610 χρίομεν
3336 2542 3720 2610 προσερχομὲ-

2132 2645 2277 2691 νους,
2317 2631 2411 2681 καὶ
2446 2632 2525 2692 είς
2575 2632 2701 2692 τοὺς
2749 2633 2927 2698 πάντη
2965 2632 3039 2701 μὴ
3071 2632 3396 2702 δεχομένους
3436 2633 3593 2685 τοῦτο
3618 2635 3719 2685 καὶ

2132 2720 2290 2781 ὄντας
2318 2722 2604 2787 ἀπίστους,
2679 2725 2965 2787 Ἰουδαίους
3024 2726 3267 2794 δηλονότι
3296 2727 3385 2778 καὶ
3414 2726 3717 2792 Ἕλληνας,

2134 2812 2225 2875 οὓς
2276 2815 2368 2867 καὶ
2431 2816 2788 2884 βαπτίζομεν.
2828 2818 2918 2887 Τῷ
2944 2818 3169 2888 ὀνόματι
3194 2817 3326 2887 γοῦν
3390 2821 3486 2887 τῆς
3525 2835 3719 2870 κοινω-

2134 2906 2252 2967 νίας
2326 2908 2679 2989 ὲδηλῲθησαν
2729 2913 2823 2963 καὶ
2883 2912 3226 2981 ἀμφότεροι,
3284 2910 3425 2963 ὥστε
3474 2909 3507 2978 ἢ
3555 2910 3718 2981 μύρῳ

2132 2999 2418 3068 χρησθῆναι
2471 3001 2503 3072 ἣ
2534 3004 2919 3070 βαπτισθῆναι.
2959 3004 3294 3071 Ἀνάγνωσον
3320 3004 3408 3056 τὸν
3443 3003 3487 3066 ζ’
3510 3004 3718 3057 κανόνα

2132 3091 2227 3157 τῆς
2259 3092 2300 3160 β’
2334 3094 2651 3158 συνόδου,τὸ
2676 3093 2723 3146 α’
2754 3113 2877 3163 κείρ.
2900 3096 2993 3149 τοῦ
3023 3094 3259 3148 δ’τίτλου
3281 3094 3372 3146 τοῦ
3402 3095 3488 3164 κη’
3508 3094 3715 3165 βιϐλίου

453 3184 559 3228 tem
604 3175 845 3230 ecclesiae
884 3191 1097 3247 cogere,
1153 3186 1209 3228 ut
1283 3173 1503 3230 Latinos
1556 3175 1883 3241 rejiciamus,
1933 3173 2023 3245 qui

2132 3175 2240 3228 τῶν
2274 3178 2598 3244 Βασιλικῶν,
2627 3182 2723 3234 καὶ
2754 3185 2846 3235 τὸν
2877 3183 2953 3251 οβ’
2983 3184 3180 3236 κανόνα
3199 3185 3296 3252 τῆς
3329 3187 3385 3236 ἐν
3412 3185 3491 3254 τῷ
3515 3184 3720 3251 Τρούλ-

453 3281 648 3321 uxores
684 3283 750 3320 ex
784 3269 1043 3321 libinanta
1086 3266 1263 3320 volunt
1301 3265 1567 3334 accipere.

2133 3264 2209 3333 λῳ
2236 3268 2477 3324 συνόδου.
2514 3272 2621 3322 Καὶ
2652 3273 2962 3341 σημείωσαι
3025 3274 3108 3325 ὅτι
3160 3274 3303 3326 κατᾶ
3335 3274 3427 3325 τὸν
3466 3277 3708 3341 παρῦντα

453 3361 675 3425 κανόνα,
703 3362 778 3423 ὡς
826 3361 1023 3424 ἔοικεν,
1074 3359 1376 3426 ἀναγκάζει
1433 3360 1493 3412 τὸ
1554 3360 1723 3429 μέρος
1764 3357 1865 3425 τῆς
1901 3354 2227 3421 Ἐκκλησίας
2301 3363 2424 3425 τοὺς
2493 3366 2756 3428 Λατίνους
2824 3364 3154 3434 ἐξόμνυσθαι
3220 3366 3473 3433 θέλοντας
3526 3370 3711 3438 γυναῖ·

453 3472 558 3518 κας
594 3454 781 3509 λαϐεῖν
811 3453 876 3505 ὲκ
920 3453 1018 3521 τῆς
1063 3453 1395 3519 Ῥωμανίας.

524 3550 780 3608 ZONAR.
814 3552 925 3607 lloc
947 3553 1084 3607 idem
1112 3561 1166 3606 et
1210 3550 1513 3604 Laodiceua
1568 3548 1806 3617 synodus
1852 3546 1917 3600 10
1970 3552 2024 3596 ct

453 3645 515 3699 3i
569 3656 623 3698 et
672 3643 1119 3715 Carthaginiensis
1166 3642 1232 3696 21
1300 3656 1509 3695 canone
1554 3654 1825 3694 sanxere:
1881 3647 1934 3691 et
1969 3637 2020 3689 in

454 3735 642 3791 Trullo
684 3734 864 3804 palatii
898 3734 1168 3789 celebrata
1196 3729 1531 3787 meumenica
1580 3726 1819 3797 synodus
1853 3725 2018 3793 pluri-

457 3828 559 3881 bus
592 3826 767 3880 adhuc
788 3824 972 3880 verbis
1002 3823 1307 3893 explicavit.
1342 3821 1448 3876 Sed
1491 3816 1937 3888 Carthaginensis
1958 3817 2022 3869 de

453 3917 582 3972 solis
601 3917 834 3983 clericis,
856 3914 1308 3987 quemadmodum
1327 3923 1380 3967 et
1402 3913 1489 3967 hic
1513 3925 1710 3974 canon,
1741 3906 1980 3979 loquitur
2008 3924 2021 3958 :

454 4010 761 4067 Lnodicena
786 4026 938 4075 vero,
961 4017 1018 4065 et
1040 4007 1318 4069 Trullana.
1345 4007 1773 4075 orthodoxorum
1806 4016 2028 4073 prorsus

452 4105 692 4159 omnium
750 4104 1092 4158 matrimonia
1144 4118 1265 4157 cum
1328 4099 1594 4155 haereticis
1667 4097 1908 4159 damnat,
1967 4108 2030 4146 ac

456 4194 681 4263 nuptiali
707 4197 955 4262 quamvis
986 4193 1192 4248 findere
1238 4200 1521 4246 contracto
1557 4189 1712 4243 irrita
1757 4186 2031 4241 nihilomi-

454 4302 557 4340 nus
602 4300 722 4341 esse
775 4286 1037 4341 decernit.
1088 4286 1206 4338 Non
1262 4284 1517 4338 omnibus
1562 4290 1739 4334 tamen
1774 4278 1928 4343 locis,
1966 4289 2028 4331 ut

456 4376 571 4442 ipsa
607 4376 763 4442 hujus
794 4378 1020 4431 canonis
1056 4375 1219 4431 verba
1270 4374 1402 4427 satis
1445 4372 1709 4435 iudicant,
1741 4368 2029 4423 lectoribus

2207 3547 2451 3599 ΖΩΝΑΡ.
2508 3545 2679 3599 Τοῦτο
2730 3546 2887 3616 καὶὴ
2953 3547 3009 3598 ἐν
3056 3546 3349 3618 Λαοδικείᾳ
3399 3546 3610 3605 σύνοδος
3647 3548 3703 3598 ὲν

2135 3634 2166 3687 ι’
2202 3639 2296 3689 καὶ
2352 3635 2432 3688 λα’
2476 3639 2663 3690 κανόνι
2720 3636 3115 3698 διετυπώσατο,
3177 3638 3273 3690 καὶ
3303 3640 3335 3706 ἠ
3374 3639 3431 3690 ὲν
3482 3637 3701 3706 Καρθαο

2133 3730 2262 3799 γένῃ
2294 3731 2350 3782 ἐν
2380 3727 2461 3781 κα’
2521 3728 2822 3794 διετάξατο,
2881 3730 2975 3781 καὶ
3022 3730 3054 3797 ἡ
3110 3730 3168 3781 ἐν
3197 3729 3275 3797 τῷ
3333 3726 3581 3798 Τρούλλῳ
3610 3727 3701 3779 τοῦ

2133 3820 2400 3873 παλατίου
2434 3823 2679 3874 συστᾶσα
2708 3821 3066 3890 οἱκουμενικὴ
3127 3820 3344 3882 σύνοδος
3372 3818 3709 3889 πλατύτερον

2132 3912 2443 3982 διωρίσατο.
2462 3912 2603 3964 Ἀλλ’
2638 3914 2672 3981 ἡ
2702 3912 2798 3980 μὲν
2820 3913 2877 3964 ὲν
2914 3911 3241 3982 Καρθαγὲνῃ
3264 3910 3480 3975 σύνοδος
3510 3910 3709 3981 ὁμοίιος

2131 4006 2209 4075 τῷ
2239 4006 2466 4077 παρόντι
2493 4005 2677 4059 κανόνι
2706 4007 2834 4073 περὶ
2875 4004 3051 4072 μόνων
3075 4003 3358 4072 κληρικῶν
3379 4004 3707 4068 διαλέγεται·

2132 4099 2164 4166 ἠ
2193 4096 2250 4149 δὲ
2275 4101 2332 4149 ὲν
2388 4096 2700 4167 Λαοδικείᾳ,
2758 4096 2852 4149 καὶ
2884 4098 2917 4165 ὴ
2956 4097 3013 4147 ἐν
3047 4094 3124 4163 τῷ
3166 4095 3428 4163 Τρούλλῳ
3454 4092 3713 4156 καθάπαξ

2124 4188 2295 4238 παντὶ
2333 4185 2599 4255 opacasset?
2655 4186 2995 4254 ἀπαγορεύει
3075 4185 3459 4239 συναλλάττειν
3530 4185 3713 4252 γάμον

2132 4280 2267 4346 πρῦς
2296 4280 2628 4346 αἱρετικοὺς,
2661 4279 2756 4330 καὶ
2810 4278 3147 4330 διασπᾶσθαι
3205 4278 3301 4330 τὸν
3335 4277 3577 4330 τοιοῦτον
3604 4277 3702 4343 γά-

2133 4386 2253 4434 μον,
2313 4368 2416 4420 κᾶν
2449 4371 2699 4435 γένηται.
2742 4367 3207 4437 παρακελεύεται.
3264 4365 3351 4429 Ὠς
3403 4366 3459 4418 δὲ
3494 4367 3559 4419 ἐκ
3612 4367 3745 4436 τῆς,

455 4465 583 4518 olim
638 4474 693 4519 et
747 4465 1412 4532 C:Il|lO|‘ib|lS,1)0$lqll3lﬂ
1467 4463 1521 4517 in
1580 4461 1727 4516 illum
1783 4461 2026 4515 ordinem

2140 4459 2464 4529 συγγραφῆς
2498 4458 2591 4510 τοῦ
2638 4459 2904 4527 παρόντος
2938 4456 3157 4520 κανόνος
3193 4458 3544 4527 δηλοῦται,ού
3572 4476 3712 4509 παν-

457 4559 692 4628 cooptati
752 4558 956 4623 forent,
1010 4571 1208 4611 uxores
1262 4558 1462 4611 ducere
1506 4554 1828 4623 permissum
1885 4552 2023 4611 fuit;

456 4651 704 4717 quamvis
736 4649 1031 4717 apostolico
1066 4663 1269 4702 canone
1295 4648 1366 4702 26
1392 4650 1507 4701 haec
1559 4646 1868 4700 continente
1897 4660 1912 4697 :
1952 4642 2022 4696 Ex

455 4740 705 4797 omnibus
735 4740 826 4809 qni
865 4742 917 4794 in
950 4739 1156 4793 clerum
1215 4739 1487 4802 leguntur,
1539 4737 1585 4793 si
1640 4738 1862 4793 ctelibes
1920 4737 2026 4791 sint

457 4833 797 4886 matrimonia
858 4832 996 4885 inire
1062 4831 1360 4885 lectoribus
1407 4829 1538 4883 solis
1602 4840 1657 4884 et
1708 4834 2027 4888 cantoribus

456 4925 639 4982 iiceat.
670 4922 915 4995 Clericos
972 4922 1137 4989 igitur
1184 4922 1542 4986 ortliodoxos,
1593 4923 1850 4993 conjugio
1904 4941 2024 4978 cum

457 5016 673 5071 feminis
699 5031 727 5069 a
755 5026 898 5070 recta
942 5014 1202 5084 religione
1225 5015 1417 5070 alienis
1437 5015 1488 5067 in
1522 5023 1797 5083 posterum
1830 5018 2025 5071 sociari

456 5109 677 5162 oninino
694 5108 931 5179 synodus
954 5117 1122 5162 vetat.
1144 5106 1244 5173 Qui
1266 5121 1393 5161 vero
1419 5106 1609 5160 sociati
1627 5116 1817 5172 antea;
1833 5107 2028 5161 liberos

459 5214 674 5268 quoque
719 5214 1031 5268 suscepere,
1076 5214 1168 5254 eos
1214 5199 1338 5253 licet
1369 5199 1438 5253 ab
1484 5199 1750 5253 haereticis
1776 5200 1885 5268 jam
1934 5200 2030 5255 ba-

460 5289 690 5359 ptizatos
721 5290 939 5355 ducere,
993 5300 1158 5358 atque
1207 5288 1463 5343 Ecclesizc
1512 5288 1790 5342 catholicae
1833 5290 2028 5344 sistere

454 5381 731 5450 jubentur.
756 5382 983 5435 Adducti
1018 5382 1187 5446 enim,
1211 5380 1295 5434 vel
1318 5391 1508 5435 sancto
1534 5380 1825 5435 chrismate
1852 5381 2024 5436 solum

460 5469 808 5541 inungeutur,
834 5470 876 5525 si
901 5472 968 5525 ab
990 5470 1256 5525 haereticis
1284 5480 1498 5539 recepto
1524 5469 1589 5521 ab
1616 5469 1853 5524 Ecclesia
1879 5487 2028 5525 more

461 5555 714 5626 baptizati
770 5559 915 5621 sint;
945 5563 1047 5618 vel,
1079 5557 1122 5611 si
1172 5556 1349 5610 alieno
1384 5556 1450 5608 ab
1478 5556 1844 5612 ecclesiastica
1896 5573 2028 5611 con-

467 5650 751 5703 suetudine
815 5651 1175 5718 damnatoque
1236 5648 1341 5701 ritu
1414 5648 1631 5710 initiati,
1700 5649 2029 5706 salutaribus

470 5738 626 5798 undis
674 5739 866 5797 iterum
912 5741 1136 5810 repetito
1166 5739 1430 5807 baptismo
1465 5740 1842 5807 expiabuntur.
1876 5740 2019 5795 Non—

2135 4550 2304 4620 τοιχοῦ
2357 4552 2480 4603 τότε
2537 4554 2650 4613 τοῖς
2704 4551 3084 4616 ἀναγνώσταις
3131 4553 3222 4602 καὶ
3267 4549 3502 4618 ψάλταις
3525 4549 3712 4615 ἐφεῖτο

2136 4645 2273 4713 μετὰ
2303 4644 2402 4710 τὴν
2460 4644 2805 4711 χειροθεσίαν
2856 4642 3154 4709 λαμϐάνειν
3206 4644 3491 4707 γυναῖκας,
3522 4642 3708 4693 καίτοι

2128 4736 2224 4787 τού
2248 4734 2340 4799 κς⁹
2369 4736 2593 4798 κανόνος
2641 4736 2750 4788 τῶν
2807 4734 2968 4803 ιερῶν
2995 4734 3316 4787 ἀποστόλων
3360 4734 3712 4803 περιέχοντος

2129 4827 2323 4881 ταῦτα.
2355 4827 2477 4879 Τῶν
2534 4830 2614 4889 εἰς
2670 4827 2870 4896 κλῆρον
2919 4824 3294 4895 προελθόντων
3338 4825 3572 4892 ἀγάμων
3616 4840 3712 4876 κε-

2131 4923 2359 4991 λεύομεν
2384 4920 2740 4991 βουλομένους
2770 4921 2966 4989 γαμεῖν
2984 4919 3337 4985 ἀναγνώστας
3372 4921 3469 4970 καὶ
3497 4916 3709 4985 ψάλτας

2132 5013 2315 5083 μόνον.
2361 5014 2473 5065 Καὶ
2522 5011 2603 5072 είς
2632 5010 2694 5062 τὸ
2721 5009 2846 5078 ἑξῆς
2872 5012 2970 5079 μὲν
3010 5009 3392 5078 ἀπηγόρευσεν
3424 5009 3457 5077 ἡ
3492 5006 3706 5069 σύνοδος

2082 5146 2088 5155 .
2129 5105 2269 5175 αὕτη
2290 5110 2428 5165 τοὺς
2460 5102 2773 5173 ὀρθοδόξους
2808 5100 3105 5171 κληρικοὺς
3134 5099 3467 5168 ὲτεροδὸξοις
3529 5116 3703 5152 συνοι-

2131 5202 2246 5252 κεῖν
2288 5198 2546 5265 γυναιξί·
2608 5197 2735 5258 τοὺς
2785 5196 2843 5247 δὲ
2878 5196 2979 5265 ἤδη
3041 5196 3449 5263 συνῳκηκότας,
3512 5194 3608 5246 καὶ
3645 5191 3703 5256 ἐξ

2130 5288 2352 5341 ἐκείνων
2385 5286 2884 5354 παιδοποιήσαντας
2916 5284 3138 5336 ἀπαιτεῖ
3162 5285 3289 5345 τοὺς
3313 5283 3551 5344 οἰκείους
3577 5285 3700 5337 παϊ-

2126 5381 2220 5443 δας
2248 5379 2549 5449 προσάγειν
2582 5380 2649 5447 τῇ
2683 5376 2941 5445 καθολικῇ
3002 5374 3320 5444 Ἐκκλησία,
3381 5376 3485 5427 κᾶν
3536 5373 3705 5441 ἑφθα-

2137 5488 2237 5523 σαν
2300 5471 2405 5522 ὑπὸ
2475 5469 2769 5534 αἱρετικῶν
2826 5466 3213 5536 βαπτισθῆναι.
3285 5466 3701 5533 Προσαχθέντες

2129 5559 2240 5627 γὰρ
2275 5559 2307 5629 ἦ
2342 5558 2417 5628 τῷ
2471 5560 2614 5625 ἁγίῳ
2666 5558 2926 5627 χρίσματι
2983 5554 3371 5627 χρισθήσονται
3429 5555 3610 5622 μόνον.
3647 5557 3698 5607 εί

2132 5650 2236 5701 ὑπὸ
2302 5648 2598 5716 αἱρετικών
2670 5647 3118 5715 ἐϐαπτίσθησαν,
3169 5640 3244 5698 ὧν
3297 5646 3356 5698 τὸ
3407 5645 3699 5713 βάπτισμα

2130 5743 2314 5795 δεκῖδν
2344 5745 2406 5812 τῇ
2450 5740 2739 5809 Ἐκκλησία
2797 5738 3092 5809 λογίζεται,
3126 5740 3155 5809 ἢ
3188 5739 3279 5792 καὶ
3346 5737 3552 5791 ἄνωθεν
3584 5737 3680 5807 βα-
