4078 6428
420 318 530 384 443

1676 317 1722 375 Τ
1735 316 1957 375 HEGD.
2006 315 2092 372 B.\
2107 315 2399 381 LSAMON

3557 312 3663 379 4M

422 441 618 497 Sponte
646 434 711 485 ad
736 430 1010 485 deteriora
1039 431 1145 486 labi
1181 432 1494 485 facillimutr.
1529 431 1622 495 sit,
1658 432 1860 482 idcirco
1888 428 1986 480 ml-

2094 428 2364 480 εὐόλισθον
2408 430 2507 499 ούχ
2534 431 2734 497 ἥττονα
2776 429 2888 482 τῶν
2927 430 3336 501 τεσσαράκοντα
3380 432 3516 483 ἑτῶν
3559 447 3663 499 γυ-

426 541 613 579 norem
648 526 1005 594 quadraginta
1036 527 1195 580 annis
1225 525 1588 578 diacouissam
1629 524 1776 593 eligi,
1830 521 1990 589 huius

422 617 647 671 canonis
674 619 951 671 sanctione
988 620 1210 671 vetitum
1239 630 1343 672 est.
1384 617 1529 669 Idem
1558 613 1830 667 Trnllante
1858 628 1990 679 quo-

430 724 534 768 que
568 711 914 763 atcmuenicae
942 711 1129 779 synodi
1162 711 1228 765 ll
1253 727 1315 762 ac
1365 710 1431 763 15
1479 723 1684 762 canone
1723 706 1991 761 constitu-

425 808 567 861 tum;
601 816 662 852 ac
685 801 771 863 iis,
795 801 885 868 qui
912 804 1173 869 prmiinita
1201 801 1426 869 singulis
1447 800 1725 852 ordinibus
1751 809 1990 865 tempora

422 892 829 955 anleverterint,
861 893 1125 959 depositio
1156 896 1409 961 irrogata.
1464 893 1569 945 Sed
1599 893 1736 945 hanc
1778 902 1991 957 quoque

421 984 914 1052 quadragenariam
950 986 1231 1039 mulierem
1270 1001 1373 1038 non
1414 986 1531 1038 sine
1568 984 1755 1036 stricta
1784 979 1992 1035 exami-

429 1078 673 1141 natione,
708 1076 1000 1144 diligenter
1026 1078 1304 1146 explorata
1343 1078 1492 1144 prius
1535 1092 1597 1130 ac
1632 1075 1857 1142 probata
1906 1072 1989 1126 vi-

427 1168 587 1221 vendi
653 1168 886 1232 ratione,
953 1169 1040 1222 hic.
1089 1184 1261 1222 canon
1324 1168 1578 1221 admittit.
1633 1168 1786 1233 Quod
1835 1168 1882 1220 si
1920 1167 1988 1233 iu

429 1258 610 1312 album
644 1258 1070 1311 diaconissarum
1103 1259 1296 1322 relata,
1348 1259 1576 1311 decursu
1623 1267 1809 1326 postea
1857 1265 1992 1309 tem-

424 1349 597 1416 poris,
655 1350 828 1403 sancti
885 1349 1117 1417 Spiritus
1171 1365 1394 1402 munere
1435 1350 1736 1419 repudiato,
1785 1347 1990 1417 nuptiis

426 1458 548 1495 sese
595 1442 975 1511 itnplicavcrit,
1010 1453 1300 1509 utrumque
1334 1453 1440 1494 tam
1492 1442 1794 1502 mulierem,
1829 1453 1989 1507 quam

424 1533 573 1588 illum
605 1549 728 1586 cum
764 1548 871 1600 quo
903 1542 1068 1600 nupta
1102 1533 1285 1595 fuerit,
1312 1533 1656 1585 anathemate
1684 1531 1991 1600 plectendos

422 1640 544 1679 esse
582 1625 843 1679 decernit.
877 1626 945 1676 At
979 1640 1109 1677 vero
1142 1639 1364 1692 magnus
1394 1623 1670 1692 apostolus
1700 1622 1895 1675 Paulus
1920 1622 1987 1674 ad

424 1716 768 1771 Timotheum
813 1718 1108 1771 scribens:
1170 1714 1369 1772 Vidua.
1416 1715 1626 1781 inquit,
1668 1731 1729 1766 ne
1768 1713 1991 1782 eligatur

421 1810 600 1863 minor
620 1810 898 1878 sexaginta
920 1808 1073 1861 annis
1099 1808 1165 1861 ".
1202 1806 1310 1861 Cur
1343 1808 1506 1873 igitur
1537 1807 1610 1860 sic
1658 1805 1821 1858 Paulo
1853 1820 1988 1871 pra:-

418 1902 657 1969 cipiente
708 1900 778 1954 40
813 1915 986 1954 annos
1030 1910 1212 1953 natam
1250 1900 1529 1952 mulierem
1575 1898 1751 1952 ordini
1805 1899 1988 1953 diaco-

424 1990 691 2044 uissarum
724 1988 923 2043 ascribi
976 1988 1139 2042 licere
1179 1989 1416 2058 synodus
1464 1988 1845 2043 constituerit?
1891 1987 1985 2041 Di-

418 2091 550 2134 cunt
587 2078 897 2147 Apostolum
926 2080 1141 2147 quidem
1182 2080 1248 2132 de
1286 2079 1481 2141 viduis,
1514 2082 1775 2148 synodum
1804 2089 1984 2134 autem

425 2171 494 2224 de
526 2172 823 2242 virginibus
851 2173 1127 2227 statuisse.
1163 2172 1294 2244 Nam
1327 2187 1444 2240 quin
1466 2172 1608 2226 sead
1637 2173 1989 2242 quadraginta

426 2281 599 2320 annos
638 2268 904 2333 integram
959 2268 1433 2333 iucorruptamqne
1486 2269 1842 2330 conservarit,
1888 2282 1992 2322 nec

422 2360 587 2411 ullam
642 2373 709 2412 ex
762 2359 901 2429 virili
949 2360 1276 2412 commercio
1326 2358 1613 2427 voluptatis
1660 2370 1865 2429 partem
1899 2359 1993 2416 de-

425 2451 760 2515 gusmverit,
816 2460 998 2518 postea
1049 2451 1366 2504 diaconatus
1427 2462 1642 2517 quoque
1698 2452 1904 2507 honore
1937 2462 1993 2506 et

429 2541 604 2607 gratia
637 2552 878 2607 auctam,
921 2541 1159 2594 animum
1206 2542 1272 2590 ad
1325 2539 1540 2604 ntqitias
1587 2540 1892 2603 intendere,
1936 2548 1994 2595 et

422 2635 543 2702 ejus
600 2633 724 2686 vitae
784 2620 1103 2700 cupiditate,
1145 2631 1299 2697 cujus
1355 2632 1562 2685 nullum
1616 2643 1775 2687 antea
1836 2644 1990 2686 usum

420 2726 632 2783 habuit,
672 2724 891 2777 acoendi
923 2738 1029 2776 non
1055 2723 1129 2777 ita
1161 2724 1318 2777 facile
1343 2733 1443 2776 est.
1475 2722 1546 2775 At
1572 2723 1754 2787 vidua,
1795 2723 1993 2791 quippe

429 2817 482 2870 in
518 2814 693 2869 cubile
736 2816 835 2868 viri
868 2814 992 2868 olim
1015 2817 1242 2870 deducta
1265 2815 1707 2881 voluptatumque
1728 2813 1993 2869 illecebris

430 2907 675 2971 delinita,
708 2907 813 2959 erit
840 2908 904 2958 ad
932 2906 1211 2960 libidinem
1249 2906 1560 2976 proclivior.
1605 2903 1842 2960 Proinde
1872 2920 1987 2960 ma—

430 3013 566 3066 gans
613 3014 828 3068 quoque
880 2998 1110 3052 Basilius
1150 3000 1358 3053 decimo
1416 3008 1611 3053 octavo
1644 3013 1745 3052 suo
1785 3010 1992 3054 canone

2016 1768 2063 1827 B

2093 522 2253 571 ναῖκα
2300 521 2723 589 χειροτονεῖσθαι
2786 522 3035 575 διάκονον
3081 522 3109 576 6
3166 519 3360 591 παρὼν
3410 521 3661 592 βούλεται

2092 611 2291 663 κανών.
2366 614 2472 664 Καὶ
2528 614 2558 665 6
2615 613 2679 665 ιδ’
2734 613 2790 665 δὲ
2842 614 2937 667 καὶ
2992 621 3052 666 ιε’
3103 614 3285 668 κανὼν
3335 614 3436 683 τῆς
3476 615 3534 667 ὲν
3576 614 3658 683 τῷ

2092 702 2345 772 Τρούλλῳ
2386 706 2773 774 οἱκουμενικῆς
2824 706 3045 761 συνόδου
3099 705 3301 774 ὁμοίως
3353 705 3512 774 φησι,
3564 706 3664 760 καὶ

2090 795 2215 854 τοὺς
2245 793 2393 862 παρὰ
2429 795 2555 857 τοὺς
2588 794 2906 866 δρισθέντας
2930 794 3015 864 ἐφ’
3045 796 3259 863 ἑκάστῳ
3288 794 3516 863 χρόνους
3545 808 3663 862 χει-

2093 886 2479 954 ροτονηθέντας
2525 885 2904 955 καθαιρεῖσθαι
2952 885 3186 939 κελεύει.
3238 886 3346 939 Καὶ
3382 884 3660 954 τεσσαρά-

2092 993 2255 1028 κοντα
2286 975 2343 1028 δὲ
2366 972 2527 1029 οὖσαν
2564 978 2823 1028 ἐνιαυτῶν
2874 977 2973 1046 τὴν
3018 977 3255 1045 γυναῖκα
3307 976 3446 1046 μετὰ
3500 977 3664 1045 ἀκρι-

2092 1068 2219 1130 ϐοῦς
2257 1069 2580 1137 δοκιμασίας
2632 1069 3059 1137 χειροτονεῖσθαι
3104 1068 3353 1137 βούλεται
3408 1070 3437 1121 6
3477 1066 3664 1121 κανὼν

2090 1152 2266 1225 οὗτος,
2293 1159 2388 1213 τοῦ
2438 1161 2552 1229 βίου
2592 1162 2700 1215 ’καὶ
2734 1160 2836 1229 τῆς
2878 1160 3157 1228 διαγωγῆς
3207 1159 3377 1229 αὐτῆς
3405 1160 3664 1229 ἀκριϐού-

2094 1252 2282 1320 μένης.
2308 1252 2370 1304 Ei
2397 1252 2455 1305 δὲ
2485 1250 2697 1316 δέξεται
2723 1252 2823 1322 τὴν
2856 1251 3212 1321 χειροτονίαν,
3245 1250 3342 1304 καὶ
3372 1250 3511 1321 μετά
3539 1266 3663 1303 τινα

2089 1343 2281 1413 χρόνον
2342 1345 2641 1413 ἀρνήσεται
2689 1344 2787 1413 τὴν
2837 1343 3000 1411 χάριν
3039 1343 3138 1395 τοῦ
3187 1341 3529 1411 Πνεύματοε,
3567 1340 3665 1396 καὶ

2090 1434 2259 1503 ἐπιδῷ
2311 1433 2505 1504 ἑαυτὴν
2559 1434 2751 1503 γάμῳ,
2810 1431 3343 1502 ἀναθεματίζεσθαι,
3399 1432 3661 1500 κάκείνην

2090 1527 2183 1579 καὶ⁸
2232 1526 2324 1578 τὸν
2373 1524 2547 1594 αὐτῆς
2574 1524 2823 1595 γαμέτην
2851 1522 3248 1576 διακελεύεται.
3295 1522 3354 1575 '0
3382 1521 3441 1574 δὲ
3492 1522 3664 1590 μέγας

2088 1621 2383 1680 ἀπόστολος
2419 1620 2627 1680 Παῦλος
2667 1618 2919 1689 Τιμοθέῳ
2966 1617 3321 1677 ἐπιστέλλων,
3366 1616 3535 1685 Χήρα
3574 1615 3662 1684 μὴ

2090 1712 2524 1778 καταλεγέσθω,
2543 1711 2726 1782 φησὶν,
2753 1710 3022 1764 ἐλάττων
3044 1710 3093 1773 ξ’
3119 1709 3293 1763 ἐτῶν.
3330 1708 3431 1761 Διά
3458 1710 3511 1761 τί
3543 1708 3662 1772 οὖν,

2088 1806 2230 1859 οὕτω
2278 1805 2673 1874 διαταξαμένου
2728 1803 2821 1857 τοῦ
2880 1803 3117 1865 Παύλου,
3150 1803 3183 1871 ἡ
3250 1800 3469 1865 σύνοδος
3514 1800 3659 1870 αὕτη

2090 1898 2493 1965 τεσσαράκοντα
2541 1897 2677 1949 ἐτῶν
2730 1892 2871 1951 εἶναι
2920 1896 3019 1963 τὴν
3066 1895 3551 1964 χειροτονουμένην
3581 1895 3664 1956 είς

2089 1990 2433 2043 διακόνισσαν
2461 1989 2862 2053 διετυπὼσατος
2890 1990 3056 2042 Φασὶν
3084 1983 3179 2042 οὗν
3206 1990 3286 2041 ὅτι
3308 1988 3337 2041 6
3367 1988 3461 2055 μὲν
3498 1987 3666 2059 Ἀπό-

2093 2082 2275 2147 στολος
2331 2084 2460 2151 περὶ
2511 2082 2698 2153 χηρῶν
2745 2081 3057 2151 διωρίσατο,
3093 2082 3126 2151 ή
3169 2081 3225 2133 δὲ
3275 2080 3494 2142 σύνοδος
3522 2078 3665 2147 αὕτη

2091 2177 2218 2244 περὶ
2258 2174 2558 2244 παρθένων.
2607 2176 2671 2227 Ἦ
2710 2174 2841 2242 γοῦν
2892 2173 3092 2243 ἑαυτὴν
3142 2173 3303 2242 μέχρι
3334 2172 3429 2225 τοῦ
3470 2189 3669 2226 τεσσα-

2093 2266 2358 2336 ρακοστοῦ
2390 2267 2585 2335 χρόνου
2630 2268 2688 2319 ὲν
2721 2267 2915 2337 ἁγνείᾳ
2947 2268 3261 2335 τηρήσασα,
3297 2267 3390 2318 καὶ
3423 2266 3662 2336 ἀπείρας

2093 2378 2215 2425 στος
2249 2360 2480 2429 μείνασα
2502 2363 2600 2430 τῆς
2627 2362 2690 2413 ὲκ
2715 2359 3013 2424 συναφείας
3042 2357 3294 2428 ἀνδρῴας
3320 2358 3543 2427 ἡδονῆς,
3571 2358 3667 2411 καὶ

2091 2454 2151 2507 τὸ
2180 2454 2281 2519 τῆς
2310 2451 2559 2505 διακόνου
2590 2452 2838 2521 χάρισμα
2863 2450 3130 2519 δεξαμένη
3156 2451 3216 2503 ού
3250 2452 3380 2520 ῥᾷον
3406 2451 3662 2505 πιστεύει

2090 2562 2182 2597 ται
2207 2543 2494 2599 ἀποκλῖναι
2533 2545 2613 2606 είς
2664 2543 2843 2611 τάμον
2887 2542 2982 2595 καὶ
3030 2542 3112 2604 είς
3158 2540 3458 2609 ἐπιθυμίαν
3484 2543 3662 2596 ἐλθεῖν

2095 2635 2315 2706 μίξεως,
2365 2629 2432 2706 ἧς
2474 2633 2629 2687 οῦπω
2688 2634 3018 2703 πεπείραται
3046 2652 3059 2666 ο
3108 2635 3142 2703 ή
3192 2633 3250 2687 δὲ
3292 2634 3460 2703 χήρα,
3506 2635 3669 2702 εὐνῆς

2091 2727 2337 2797 ἀνδρῴας
2378 2726 2876 2789 καταπολαύσασα,
2936 2727 3029 2778 καὶ
3077 2728 3396 2796 γευσαμένη
3447 2727 3546 2794 τῆς
3602 2727 3664 2791 ἐξ

2091 2816 2340 2887 ἁνδρῴας
2398 2817 2599 2887 μίξεως
2655 2816 2870 2886 ἡδονῆς,
2922 2816 3124 2886 μᾶλλον
3177 2818 3243 2872 ἂν
3291 2820 3378 2889 εῖη
3428 2818 3567 2888 πρὸς
3599 2819 3665 2872 τὸ

2092 2909 2267 2971 πάθος
2309 2909 2609 2979 ὲπικλινής.
2642 2908 2732 2960 Διὸ
2776 2911 2866 2960 καὶ
2899 2911 2927 2961 6
2978 2909 3152 2977 μέγας
3196 2909 3473 2970 Βασίλειος
3500 2910 3559 2962 ὲν
3588 2910 3668 2979 τῷ

2097 3001 2166 3071 ιη’
2193 3001 2304 3057 τῶν
2334 3001 2498 3056 αὐτοῦ
2529 2999 2772 3053 κανόνων
2797 3000 2895 3069 οὐχ
2925 3001 3124 3070 ὁμοίως
3185 3001 3456 3071 παρθένον
3509 3018 3667 3055 κανο-

421 3093 673 3158 quamvis
712 3093 765 3144 in
797 3092 988 3159 :Pqttnli
1028 3103 1276 3159 peccato,
1334 3094 1630 3158 graviorem
1661 3101 1844 3146 tamen
1890 3093 1991 3147 vir-

2098 3094 2253 3164 νικὴν
2272 3093 2613 3147 ἐκπεσοῦσαν
2644 3090 2885 3157 κολάζει,
2916 3094 3008 3144 καὶ
3040 3094 3218 3162 χήραν
3251 3095 3451 3161 ἐπίσης
3481 3095 3664 3164 ἁμαρ-

430 3181 537 3249 gini
566 3198 631 3235 ex
658 3184 940 3237 canonicis
981 3183 1136 3252 132
1167 3186 1538 3238 sanctionibus
1587 3184 1792 3249 electas,
1826 3196 1988 3250 quam

430 3272 619 3339 viduae,
650 3291 865 3343 pinnam
910 3275 1120 3344 inﬂigit.
1176 3278 1347 3345 Atque
1390 3278 1604 3329 viduam
1652 3277 1868 3345 quidem
1898 3289 1995 3330 an-

423 3366 583 3430 cillae,
639 3382 756 3433 quae
808 3368 1076 3421 fornicata
1137 3376 1243 3429 est,
1300 3376 1355 3423 et
1407 3368 1614 3421 scelere
1658 3368 1859 3422 domini
1911 3367 1991 3421 sui

424 3458 647 3510 dnnntm
687 3459 988 3524 impleverit
1014 3478 1025 3511 :
1054 3460 1310 3526 virginem
1339 3474 1469 3513 vero
1496 3475 1705 3528 sponsae
1726 3447 1994 3515 adulterio

428 3545 648 3612 polluta:
701 3557 997 3614 c0mparat'.
1056 3548 1262 3603 Idcirco
1313 3549 1577 3616 virginem
1624 3550 1991 3605 adulterorum

431 3634 605 3701 ptenis
634 3635 877 3703 subjici;
940 3639 1155 3692 viduam
1214 3648 1389 3693 autem
1448 3640 1619 3693 instar
1671 3642 1880 3695 ancilla:
1937 3641 1992 3696 in

430 3722 631 3792 ﬂagitio
663 3727 1011 3796 deprehensis
1066 3733 1243 3800 puniri
1298 3734 1468 3801 jubet.
1525 3732 1752 3787 Viduam
1806 3736 1991 3805 igitur,

432 3818 573 3883 quod
607 3819 816 3874 libidini
855 3823 1007 3891 longe
1034 3825 1325 3893 proclivior
1358 3826 1607 3893 sitquam
1630 3826 1806 3896 virgo,
1836 3837 1996 3881 aetate

434 3912 826 3976 provectiorem
887 3915 1011 3985 eligi
1070 3928 1365 3984 oportere,
1424 3931 1656 3985 magnus
1708 3918 1996 3984 Apostolus

426 4006 670 4059 censuit.
705 4004 843 4059 Hinc
868 4016 920 4059 et
957 4006 1389 4073 sapientissimus
1426 4008 1515 4063 ille
1562 4007 1809 4073 Basilius,
1842 4010 1997 4064 .vice-

424 4097 571 4150 simu
622 4103 819 4165 quarto
872 4112 1099 4160 canone,
1154 4098 1221 4153 de
1266 4100 1445 4163 vidua,
1479 4115 1597 4169 quae
1628 4080 1995 4155 innumerum

422 4190 711 4243 viduarum
756 4188 923 4243 relata
974 4200 1159 4258 postea
1209 4201 1467 4260 nupserat
1506 4192 1751 4261 loquens,
1806 4194 1988 4249 addit:

421 4280 582 4344 Quod
621 4278 666 4331 si
700 4278 981 4348 sexaginta
1008 4281 1164 4333 annis
1191 4280 1453 4334 minorem
1490 4266 1770 4336 viduarum
1820 4286 1994 4339 ordini

420 4370 870 4438 ascripserimus,
922 4380 1164 4429 nostrum
1224 4372 1336 4440 jam
1395 4373 1524 4426 iilud
1588 4374 1833 4440 crimen,
1886 4389 1993 4430 non

432 4461 757 4514 mulierculae
790 4460 972 4516 fuerit.

420 4551 661 4618 ,ABIST.
721 4551 1061 4619 Diaronissa,
1104 4555 1210 4609 nisi
1255 4556 1605 4627 quadraginta
1640 4575 1807 4614 annos
1841 4570 1991 4625 nata,

493 4659 612 4704 mon
671 4643 973 4698 ordinatur.
1032 4644 1098 4699 Ei
1143 4662 1260 4699 vero
1304 4662 1421 4715 qua:
1469 4664 1561 4716 per
1600 4652 1994 4705 matrimonium

492 4734 697 4789 .initum
752 4751 907 4793 sacro
980 4737 1186 4790 muneri
1251 4736 1474 4792 dedecus
1530 4739 1810 4804 attulerit,
1862 4758 1999 4797 ana-

500 4827 703 4882 thema.

509 4917 625 4975 Non
661 4928 875 4990 oportet
901 4919 1185 4975 mulierem
1229 4929 1359 4975 ante
1407 4936 1609 4977 annum
1649 4925 2000 4995 quadragesi-

434 5027 584 5067 mum
619 5012 857 5066 ordinari
889 5011 1277 5067 diaconissam.
1308 5011 1363 5067 Si
1394 5024 1575 5068 autem
1602 5028 1724 5069 cum
1767 5017 2001 5085 quadra-

2097 3187 2366 3257 τήσασαν,
2422 3183 2559 3238 ἀλλὰ
2608 3184 2709 3253 τὴν
2757 3185 2858 3251 μὲν
2929 3185 3106 3254 χήραν
3164 3184 3329 3256 δούλῃ
3374 3187 3671 3250 ἀπεικάζει

2099 3278 2495 3350 πορνευθείσῃ,
2549 3276 2643 3329 καὶ
2702 3277 2909 3344 μύσους
2959 3277 3052 3328 τὸν
3105 3272 3254 3329 οἷκον
3320 3278 3416 3330 τοῦ
3475 3281 3669 3350 κυρίου

2100 3371 2272 3441 αὐτῆς
2329 3370 2607 3442 πλησάσῃ,
2650 3372 2747 3439 τὴν
2769 3370 2825 3422 δὲ
2875 3368 3147 3437 παρθένον
3203 3370 3393 3442 νύμφῃ
3452 3389 3674 3441 μοιχευ.

2101 3463 2418 3535 θείσῃ.Καὶ
2456 3463 2666 3531 ταύτην
2737 3462 2837 3529 μὲν
2885 3461 2964 3529 τῷ
3021 3463 3116 3528 τῆς
3172 3464 3416 3531 μοιχείας
3472 3464 3668 3532 ὑπάγει

2102 3554 2498 3626 κρίματι-τὴν
2554 3555 2611 3608 δὲ
2670 3556 2846 3623 χήραν
2897 3555 2972 3616 ὡς
3024 3555 3218 3625 δούλην
3285 3557 3375 3609 ἐπὶ
3439 3558 3668 3628 πορνείᾳ

2103 3644 2336 3697 ἁλοῦσαν
2380 3643 2751 3707 καταδικάζει.
2820 3643 2912 3706 Ὠς
2944 3644 3037 3697 οῦν
3076 3646 3213 3715 πρὸς
3252 3646 3312 3697 τὸ
3371 3646 3539 3709 πάθος
3568 3644 3667 3713 τῆς

2090 3735 2303 3808 ’μίξεως
2341 3736 2720 3803 εὐκατάφορον
2766 3726 2974 3803 μᾶλλον
3025 3736 3125 3805 τὴν
3171 3740 3347 3806 χήραν
3379 3733 3540 3791 οὖσαν
3568 3739 3668 3809 τῆς

2101 3829 2376 3900 παρθένου
2406 3830 2463 3881 ὲν
2502 3829 2681 3897 χρόνῳ
2711 3827 2921 3880 πλείονι
2952 3827 3389 3881 κατατάττεσθαι
3423 3830 3451 3881 6
3492 3832 3670 3898 μέγας

2103 3920 2428 3982 ’Δπόστολος
2468 3917 2773 3982 διετάξατο.
2808 3918 2897 3970 Διὸ
2950 3919 3041 3971 καὶ
3075 3918 3101 3968 6
3137 3920 3304 3982 πολὺς
3337 3921 3434 3991 τὴν
3478 3923 3673 3990 σοφίαν

2102 4012 2384 4074 Βασίλειος
2411 4015 2469 4066 ὲν
2497 4011 2575 4082 τῷ
2622 4011 2806 4065 κανόνι
2851 4012 2980 4081 περὶ
3025 4012 3202 4081 χήρας
3234 4014 3372 4079 μετὰ
3401 4016 3462 4066 τὸ
3498 4030 3671 4068 κατα-

2102 4105 2334 4174 λεγῆναι
2365 4106 2444 4166 εἰς
2470 4104 2561 4157 τὸν
2598 4102 2965 4174 ἀριθμὸντῶν
3000 4103 3186 4172 χηρῶν
3226 4102 3384 4172 ἀνδρὶ
3410 4121 3674 4173 συνοικηο

2104 4198 2278 4266 σάσης
2316 4195 2704 4263 διαλεγόμενος
2732 4194 2928 4261 ἐπάγει
2952 4210 2967 4224 ’
3013 4194 3144 4246 Ἐὰν
3172 4194 3359 4263 μέντοι
3398 4194 3506 4265 πρὸ
3552 4195 3677 4262 ἐξή-

2102 4305 2269 4340 κοντα
2342 4285 2480 4338 ἐτῶν
2541 4284 2941 4353 ἀριθμήσωμεν
2995 4284 3199 4356 αὐτὴν,
3264 4284 3538 4356 ἡμέτερον
3609 4288 3675 4340 τὺ

2103 4378 2372 4447 ἔγκλημα,
2396 4376 2461 4430 οὐ
2484 4374 2578 4429 τοῦ
2611 4374 2857 4443 γυναίου.

2092 4554 2314 4611 ΔΡΙΣΤ.
2364 4553 2753 4617 Διακόνισσα,
2787 4554 2839 4606 ει
2904 4552 2991 4621 μὴ
3042 4554 3671 4621 τεσσαρακονταετὴς,

2165 4650 2240 4703 οὐ
2275 4648 2531 4718 γίνεται·
2562 4645 2639 4714 τῇ
2669 4644 2738 4699 δὲ
2779 4643 2879 4698 διὰ
2917 4644 3110 4716 γάμου
3144 4645 3258 4715 τὴν
3292 4647 3680 4716 λειτουργίαν

2170 4740 2556 4825 .‹ί’‹ἰ;ὐ6’,ι)ισάο’ῃ⁸
2570 4738 2863 4807 ἀνάθεμα.

2174 4920 2252 4974 Oti
2286 4919 2369 4971 δεῖ
2394 4919 2630 4985 γυναῖκα
2658 4915 2764 4986 πρὸ
2788 4911 3205 4983 τεσσαράκοντα
3239 4914 3454 4984 χρόνων
3485 4930 3675 4985 χειρο-

2100 5010 2370 5064 τονεῖσθαι
2394 5008 2659 5063 διάκονον.
2682 5008 2743 5059 Εἰ
2772 5005 2828 5059 δὲ
2852 5006 3063 5075 χρόνων
3099 5005 3515 5074 τεσσαράκοντα
3536 5005 3675 5059 οὖσα

435 5101 704 5170 gesimum
738 5100 914 5157 aetatis
949 5102 1188 5172 attigerit
1213 5118 1412 5157 annum
1444 5106 1743 5174 ordinetur,
1777 5111 1841 5176 iet
1876 5117 1991 5178 post

2101 5101 2478 5175 xstpotovqiiﬁ,
2511 5100 2604 5153 καὶ
2640 5098 2778 5168 μετὰ
2797 5094 2896 5167 τὴν
2940 5097 3272 5166 χειροτονίαν
3306 5098 3473 5168 γάμῳ
3500 5112 3673 5169 προσ.

432 5190 833 5249 ordinationem
868 5193 918 5247 iu
952 5195 1295 5249 matrimonio
1344 5207 1607 5265 versetur,
1650 5208 1709 5253 ut
1750 5198 1991 5270 injuriam

2104 5196 2378 5267 ομιλήσει,
2431 5194 2507 5256 ὡς
2532 5190 2867 5262 ἐξυϐρίσασα
2898 5190 2999 5260 τὴν
3026 5190 3123 5243 τοῦ
3156 5190 3296 5243 Θεοῦ
3318 5191 3502 5264 χάριν,
3542 5193 3675 5248 ἀνα·

439 5282 535 5343 Dei
564 5283 751 5353 gratiae
776 5280 1002 5349 faciens,
1036 5286 1545 5341 analhematizetur.

2106 5283 2502 5357 θεματιςέσθω.

1011 5375 1237 5431 CANON
1282 5377 1419 5432 XVI.

2694 5374 2936 5428 ΚΑΝΩΝ
2967 5375 3085 5442 ις’.

448 5461 737 5535 Virginem,
766 5484 884 5535 qua:
921 5485 976 5522 se
1006 5467 1231 5523 Domino
1283 5470 1388 5525 Deo
1433 5472 1715 5537 dedicavit,
1758 5472 1991 5529 similitet

2106 5468 2410 5539 Παρθένον
2454 5465 2783 5522 ἀναθεῖσαν
2825 5467 3052 5537 ἑαυτὴν
3088 5466 3169 5533 τῷ
3215 5469 3488 5535 Δεσπότῃ
3528 5465 3674 5532 Θεῷ,

516 5568 565 5611 et
630 5560 912 5614 monachos
973 5576 1074 5615 non
1135 5560 1291 5616 licere
1339 5564 1678 5618 matrimonio
1733 5564 1991 5635 conjungi.

2176 5561 2458 5628 ὡσαύτως
2479 5559 2574 5615 καί
2585 5558 3043 5631 μονάζονταςμὴ
3066 5560 3290 5627 ἐξεῖναι
3306 5559 3469 5632 γάμῳ
3488 5574 3680 5629 προσ-

520 5741 562 5774 ⁵³
611 5737 791 5793 ΙΤίω,
839 5754 887 5804 v,
920 5736 973 5792 9.
