4078 6448
442 322 542 388 455

1502 335 1586 395 ΙΝ
1627 335 1791 396 CAN.
1827 334 1957 395 XVI
1990 331 2201 398 CONC.
2245 336 2610 402 CHALCED.

3574 338 3684 412 446

505 437 761 505 ouatsi'r.
797 443 868 497 El
890 441 958 497 δέ
1006 461 1075 515 γε
1119 444 1423 513 εὑρεθεῖεν
1457 447 1635 502 τοῦτο
1674 448 2004 512 ποιοῦντες,

2190 446 2287 499 Sin
2322 459 2497 503 autem
2545 451 2641 504 hoc
2681 450 2865 512 fecisse
2913 452 3114 508 inuenti
3151 420 3387 521 fuerint,
3425 456 3534 510 sint
3592 472 3685 510 ea:-

512 530 798 587 ἔστωσαν
823 532 1242 601 ἀκοινώνητα.
1284 538 1598 608 Ὠρίσαμεν
1620 539 1688 593 δὲ
1713 541 1877 609 ἔχειν
1900 540 2015 606 τὴν

512 621 838 675 αὐθεντίαν
884 623 995 692 τῆς
1021 625 1116 680 ἐπ’
1147 629 1353 694 αὐτοῖς
1402 632 1856 700 φιλανθρωπίας
1904 633 2015 685 τὸν

516 713 666 765 κατά
691 716 879 768 τόπον
913 717 1279 775 ἐπίσκοπον.

517 802 825 858 ΒΑΛΣ.ηΤὸ
854 806 1084 863 παλαιὸν
1134 812 1393 878 γυναῖκές
1440 829 1588 869 τινες
1641 814 2015 883 προσήρχοντο

441 896 523 964 τῷ
573 896 691 968 Θεῷ
741 899 879 969 μετὰ
936 901 1128 956 λαῖκού
1180 906 1481 975 σχήματος,
1540 908 1637 960 καὶ
1698 907 2014 982 ὡμολόγουν

442 988 822 1056 παρθενεύειν.
861 994 1199 1064 Διορίζονται
1254 998 1433 1051 τοίνυν
1490 999 1539 1051 οἱ
1595 1000 1840 1069 Πατέρες
1885 999 2014 1060 τοὺς

441 1079 890 1153 ὁμολογήσαντας
933 1086 1111 1153 τοῦτο,
1144 1090 1248 1143 κᾶν
1296 1092 1489 1162 ἄνδρες
1521 1088 1631 1145 εἷεν
1664 1094 2011 1161 μονάζοντες,

441 1168 547 1222 κᾶν
594 1175 873 1238 γυναῖκες,
920 1177 994 1248 μὴ
1029 1181 1365 1245 ἀφίστασθαι
1410 1185 1518 1236 τῶν
1551 1184 2011 1253 ὡμολογημένων,

443 1264 534 1315 καὶ
564 1266 765 1335 γάμοις
799 1273 1174 1341 προσομιλεῖν.
1194 1275 1331 1338 Τοὺς
1358 1276 1415 1328 δὲ
1447 1277 1771 1346 παραϐάτας
1809 1279 2014 1332 τούτων

436 1355 831 1429 ὰκοινωνήτους
870 1362 990 1433 ἦτοι
1012 1366 1432 1435 ἁφωρισμένοος
1468 1364 1632 1422 εἶναι.
1668 1370 1783 1440 Τὴν
1826 1371 2013 1439 μέντοι

436 1447 689 1512 ἐξουσίαν
723 1454 817 1505 τοῦ
844 1456 1157 1525 ἀφορισςιοῦ
1187 1460 1306 1529 ἦτοι
1358 1460 1457 1528 τὴν
1506 1461 1801 1514 ὲπέκτασιν
1842 1461 1874 1531 ἢ
1912 1461 2015 1532 τὴν

443 1538 674 1607 μείωσιν
718 1544 795 1613 τῷ
842 1548 1096 1618 ἐγχωρίῳ
1151 1551 1440 1618 ὲπισκόπῳ
1494 1552 1733 1606 ἀνέθετο.
1764 1553 2015 1624 Σήμερον

438 1634 497 1688 δὲ
545 1637 681 1698 τέως
727 1642 782 1692 ἐν
826 1646 891 1711 τῇ
956 1645 1528 1701 Κωνσταντινουπόλει
1580 1647 1706 1702 οὔτε
1752 1650 2013 1718 παρθένοι

442 1728 583 1795 μετὰ
629 1730 819 1784 λαῑκοῦ
872 1737 1152 1804 σχήματος
1203 1738 1282 1807 τῷ
1311 1738 1432 1807 Θεῷ
1482 1740 1849 1803 ἀνατίθενται,
1884 1739 2009 1794 οὒτε

440 1824 727 1890 παρθενών
785 1828 922 1881 ἐστι.
957 1830 1131 1894 Μόνος
1183 1831 1240 1885 δὲ
1289 1833 1318 1885 ὁ
1380 1833 1535 1900 ἅγιος
1602 1834 2010 1905 μητροπολίτης

435 1913 644 1977 ικεῖνος
675 1916 866 1985 Θηϐῶν
895 1921 922 1971 ὁ
954 1921 1300 1993 Καλοκτὲνης
1326 1925 1548 1994 εποίησε
1576 1926 1898 1996 παρθενῶνα
1930 1928 2009 1990 είς

434 2004 643 2072 Θήϐας,
676 2012 771 2062 καὶ
806 2010 962 2075 ἔταξε
1012 2014 1321 2084 παρθένους
1366 2019 1424 2068 ὲν
1462 2018 1613 2086 αὐτῷ
1668 2019 1883 2081 λαῖκάς.
1916 2021 2010 2073 Δι’)

436 2099 529 2150 καὶ
557 2099 673 2153 ἔστι
711 2102 771 2153 τὸ
801 2106 1147 2171 μνημόσυνον
1187 2108 1353 2162 αὐτοῦ
1402 2110 1677 2172 αίωνίζον.
1710 2112 1803 2165 καὶ
1846 2112 2009 2181 χάριν

432 2190 646 2244 τούτου.
683 2194 743 2245 Εἰ
776 2197 832 2247 δὲ
862 2196 1035 2261 θέλεις
1070 2200 1243 2252 εἰπεῖν
1277 2202 1375 2264 τὰς
1404 2203 1710 2273 ἀσκητρίας
1746 2204 2007 2267 τοιαύτας

430 2283 758 2350 παρθένους,
795 2288 951 2340 οὐδὲν
981 2291 1236 2359 εὑρήσεις
1264 2294 1602 2359 ὲμποδὼν,εί
1633 2298 1804 2363 μήπω
1830 2293 2008 2358 θέλεις

429 2376 637 2440 ταύτας
666 2382 1005 2447 παρεικάσαι
1046 2386 1164 2446 ταῖς
1198 2385 1563 2451 μοναζούσαις
1599 2389 1686 2441 διὰ
1713 2388 1812 2461 τὴν
1865 2389 2004 2441 ἀπό-

432 2484 655 2539 καρσιν,
697 2470 793 2523 καὶ
833 2473 931 2533 τὰς
984 2475 1071 2525 ἐπ’
1102 2475 1432 2545 Ἐκκλησίας
1483 2480 1758 2550 συνθήκας
1801 2482 2002 2537 αὐτῶν.

444 2559 787 2627 Ἀνάγνωσον
818 2564 907 2617 τὸν
937 2565 1002 2617 ιθ⁹
1034 2569 1233 2620 κανόνα
1257 2569 1355 2637 τῆς
1388 2572 1444 2623 ὲν
1470 2570 1718 2643 Ἀγκύρῃ.
1756 2576 1999 2638 συνόδου.

427 2649 510 2720 τῷ
538 2652 646 2704 τῶν
675 2653 921 2722 διγάμων
951 2658 1213 2726 ἐπιτιμίῳ
1240 2661 1450 2724 ταύτας
1492 2663 2003 2732 καθυποῦάλλοντα,

429 2744 533 2811 τῆς
557 2745 615 2795 ὲν
647 2745 726 2814 τῷ
757 2746 1013 2819 Τρούλλῳ
1046 2749 1150 2818 μδ¹,
1186 2753 1395 2805 καὶτοῦ
1438 2756 1677 2824 μεγάλου
1723 2758 2004 2814 Βασιλείου

432 2831 477 2898 ξ’
504 2835 597 2886 καὶ
633 2834 718 2891 ιθ’.
745 2837 806 2891 Οἱ
839 2841 940 2905 μὲν
968 2844 1075 2909 γὰρ
1100 2841 1173 2904 ὦς
1208 2844 1458 2914 πόρνους,
1492 2848 1542 2898 oi
1568 2847 1625 2899 δὲ
1652 2846 1727 2901 ὡς
1776 2856 2002 2920 μοιχοὺς

426 2931 560 2991 τοὺς
583 2930 853 2994 ἁθετητέις
872 2934 980 2984 τῶν
1007 2935 1309 3003 ὁμολογιῶν
1337 2937 1520 2989 αὐτῶν
1552 2939 2000 3005 καταδικάζουσι.

435 3022 528 3091 Μὴ
563 3024 693 3089 γοῦν
732 3026 1063 3096 ὲναντιωθῇς
1093 3045 1199 3079 τινι
1231 3027 1290 3092 ἐξ
1339 3029 1519 3083 αὐτῶν
1542 3046 1557 3061 ο
1590 3031 1705 3084 ἀλλ’
1745 3033 1866 3085 εἰπὲ
1886 3033 2001 3100 ὅτι,

430 3114 558 3167 ἐπεὶ
590 3116 740 3185 παρὰ
771 3119 838 3185 τῇ
872 3118 1092 3189 ἐξουσίᾳ
1120 3119 1214 3172 τοῦ
1261 3120 1559 3173 ἐπισκόπου
1600 3122 1668 3175 τὰ
1699 3123 1807 3177 τῶν
1832 3124 2005 3177 ἐπιτι-

432 3209 579 3275 μίων
606 3209 961 3278 ἀνετέθησαν,
998 3211 1160 3272 αὐτὸς
1192 3212 1284 3263 τὸν
1316 3213 1714 3283 ἁμαρτήσαντα
1757 3216 1901 3270 κατὰ
1944 3218 2006 3270 τὸ

422 3300 623 3354 δοκοῦν
655 3301 800 3372 αύτῷ
828 3304 1149 3371 ἐπιτιμήσει
1184 3304 1322 3372 μετὰ
1345 3305 1695 3373 δοκιμασίας.
1728 3305 2005 3375 Ἀνάγνω-

426 3394 485 3446 Οι
515 3396 612 3446 καὶ
650 3394 853 3462 βιϐλίον
903 3393 1010 3463 κη’,
1040 3395 1216 3448 τίτλον
1250 3402 1323 3460 ς’,
1364 3415 1488 3461 κεφ.
1539 3398 1589 3450 α’
1632 3399 2004 3470 διοριζόμενον

426 3488 507 3557 μὴ
539 3488 701 3554 μόνον
728 3486 1059 3540 διασπᾶσθαι
1094 3487 1183 3539 τὸν
1219 3487 1479 3555 ἀθέμιτον
1529 3490 1730 3558 γάμον,
1762 3492 1880 3562 ἤτοι
1910 3492 2002 3547 τὸν

425 3578 572 3648 μετὰ
609 3578 907 3646 συγγενοῦς
939 3579 1035 3633 καὶ
1078 3581 1171 3631 τὸν
1219 3581 1559 3648 παράνομον,
1592 3583 1708 3650 ἦτοι
1736 3583 1828 3635 τὸν
1862 3588 2003 3652 μετὰ

419 3673 527 3739 τῆς
554 3673 1080 3742 ἐπιτροπευομένης,
1108 3675 1203 3725 καὶ
1242 3674 1332 3726 τὸν
1377 3675 1711 3743 κατάκριτον
1761 3676 2004 3746 δηλονότι

418 3764 516 3816 τὸν
581 3765 720 3829 μετὰ
752 3765 851 3831 τῆς
901 3764 980 3834 τῷ
1016 3765 1135 3835 Θεῷ
1185 3767 1660 3837 ἀνατεθειμένηςο
1716 3770 1849 3822 ἀλλὰ
1909 3774 2005 3824 καὶ

424 3852 769 3920 δημεύεσθαι
823 3855 948 3916 τοὺς
998 3855 1439 3920 συναλλάξαντας
1481 3862 1576 3912 καὶ
1638 3858 2002 3930 ἐξορίζεσθαι,

434 3944 666 4005 εὐτελεῖς
702 3945 759 3996 δὲ
792 3932 963 4006 ’ὄντας
995 3948 1089 3998 καὶ
1132 3948 1509 4015 μαστίζεσοαι.
1547 3950 1713 4002 ’Ὥστε
1745 3952 1805 4003 οὐ
1842 3953 2003 4021 μόνον

438 4037 508 4085 τα
544 4038 631 4106 τῆς
663 4036 886 4106 Νεαρᾶς
927 4040 1270 4108 γενήσονται,
1303 4039 1439 4093 ἀλλὰ
1482 4042 1577 4096 καὶ
1623 4042 1871 4113 ἐπιτίμια
1901 4047 1999 4097 ἐπ-

442 4127 873 4197 ακολουθήσουσι.

498 4327 739 4382 ΖΩΝΛΡ.
794 4330 937 4395 Τοὺς
979 4331 1426 4418 ὁμολογήσαντας
1467 4335 1846 4403 παρθενεύειν,
1897 4338 2001 4394 κᾶν

2038 1789 2086 1849 Β

2185 541 2582 595 communicati.
2635 542 2986 598 Ostendendc
3037 554 3214 599 autem
3270 547 3324 599 in
3362 563 3448 601 eos
3498 548 3688 601 huma-

2186 626 2371 680 nitatis
2427 633 2793 686 auctoritatem
2846 632 3035 689 habere
3073 635 3359 691 statuimus
3387 622 3685 707 episcopum

2185 719 2302 787 ejus
2343 720 2468 774 loci.

2190 810 2383 868 BALS.
2422 814 2561 867 Olim
2593 817 2835 885 quaalam
2868 819 3125 875 mulieres
3172 836 3294 876 cum
3358 816 3534 877 laicali
3584 823 3684 876 ha-
3734 881 3746 895 ο

2117 902 2231 956 bitu
2262 904 2327 956 ad
2362 906 2524 959 Deum
2559 908 2907 971 accedebant,
2956 922 3008 965 et
3053 912 3417 982 virginitatem
3465 916 3687 983 proﬁte-
3754 900 3759 905 ’

2117 993 2335 1047 bantur.
2375 994 2647 1051 Deﬁniunt
2672 1014 2803 1068 ergo
2834 1000 3025 1057 Patres
3072 1019 3168 1059 eos
3197 1007 3289 1074 qui
3323 1005 3425 1061 hoc
3454 1007 3686 1075 professi

2117 1088 2338 1152 fuerint,
2376 1090 2491 1144 sive
2518 1092 2627 1145 sint
2665 1093 2763 1146 viri
2816 1096 3090 1158 monachi,
3130 1096 3246 1153 sive
3294 1099 3568 1165 mulieres,
3620 1101 3688 1154 ab

2116 1179 2209 1244 iis,
2240 1194 2361 1248 qnze
2390 1193 2650 1236 voverunt
2679 1199 2742 1236 ac
2768 1185 2995 1253 professi
3047 1197 3196 1252 sunt,
3225 1204 3333 1242 non
3383 1189 3685 1252 discedere,

2116 1286 2218 1326 nec
2277 1274 2631 1328 matrimonio
2680 1278 2932 1347 conjungi
2989 1278 3208 1335 debere.
3257 1279 3461 1335 Horum
3506 1291 3685 1335 autent

2118 1374 2553 1436 transgressores
2604 1373 3108 1428 excommunicatos
3158 1388 3281 1427 esse
3347 1389 3442 1428 seu
3506 1389 3690 1444 segre-

2114 1466 2295 1526 gatos.
2361 1456 2773 1529 Segregatiouis
2825 1472 3009 1515 autem
3070 1473 3419 1532 potestatem,
3459 1464 3689 1534 ejusque

2113 1547 2199 1602 vel
2254 1551 2669 1616 extensionem,
2727 1553 2810 1608 vel
2876 1554 3329 1622 diminutionem,
3382 1556 3526 1611 illius
3584 1557 3686 1611 loci

2113 1639 2368 1711 episcopo
2395 1642 2784 1698 attribuerunt.
2817 1644 2985 1699 Hodie
3010 1656 3190 1700 autem
3214 1647 3686 1716 Constantinopoli

2116 1743 2214 1785 nec
2245 1741 2372 1786 sunt
2395 1732 2633 1803 virgines
2671 1751 2794 1789 cum
2850 1736 3027 1791 laicali
3081 1738 3264 1792 habitu
3324 1738 3430 1793 Deo
3483 1755 3688 1794 conse-

2113 1833 2295 1888 cratte,
2329 1840 2429 1879 nec
2459 1837 2551 1880 est
2582 1827 2848 1899 virginum
2881 1828 3211 1884 domicilium
3246 1832 3413 1900 (quod
3458 1832 3686 1886 Parthe-

2116 1933 2224 1973 non
2254 1919 2501 1990 dieitur.)
2530 1919 2695 1976 Solus
2748 1931 2927 1976 autem
2974 1930 3199 1977 sanctus
3242 1923 3332 1977 ille
3378 1922 3684 1978 Thebarum

2112 2011 2565 2081 metrOpolitanus
2611 2012 2936 2068 Caloctenes
2971 2013 3099 2069 fecit
3137 2014 3342 2071 Thebis
3394 2018 3688 2084 partheno-

2112 2119 2260 2169 nem,
2290 2114 2346 2158 et
2379 2105 2546 2158 laicus
2573 2106 2625 2158 in
2663 2107 2780 2177 ipso
2826 2107 3066 2178 virgines
3114 2107 3405 2162 ordinavit.
3452 2107 3517 2162 Et
3563 2108 3686 2163 ideo

2121 2210 2385 2254 aeternum
2422 2201 2521 2255 hoc
2559 2210 2644 2256 est
2673 2201 2793 2269 ejus
2825 2209 3253 2267 monumentum,
3286 2202 3441 2270 eique
3479 2217 3545 2256 eo
3589 2217 3689 2254 no-

2113 2291 2256 2345 mine
2292 2292 2464 2359 gratia
2512 2293 2717 2361 agenda
2743 2301 2849 2347 est.
2879 2293 2936 2346 Si
2971 2303 3149 2346 autem
3194 2293 3331 2348 velis
3380 2294 3542 2346 etiam
3591 2296 3687 2347 has

2114 2382 2381 2435 ascetrias
2429 2382 2611 2436 dicere
2643 2382 2895 2449 virgines,
2945 2380 3078 2433 nihil
3131 2380 3495 2449 impedimenti
3548 2381 3691 2433 inre-

2120 2472 2275 2536 nies,
2344 2474 2445 2526 nisi
2496 2484 2590 2528 eas
2638 2472 2801 2525 etiam
2866 2472 2998 2528 velis
3056 2469 3338 2527 monachis
3391 2472 3729 2526 assitnllare

2108 2574 2333 2632 prepter
2366 2571 2666 2627 tonsnram,
2697 2572 2753 2617 et
2802 2562 2944 2631 qttod
2989 2577 3173 2615 earum
3223 2571 3379 2630 pacta
3425 2571 3686 2615 conventa

2108 2671 2201 2709 seu
2244 2665 2367 2711 vota
2420 2656 2552 2709 ﬁant
2592 2656 2644 2709 in
2693 2655 2958 2711 Ecclesia.
3015 2654 3155 2725 Lege
3205 2655 3273 2709 19
3330 2669 3451 2708 can.
3500 2655 3687 2723 synodi

2107 2748 2428 2817 Ancyranae,
2474 2762 2595 2816 qum
2650 2748 2987 2815 bigamorum
3046 2750 3139 2799 eas
3186 2745 3367 2815 pteuis
3423 2746 3684 2814 subjicit:

2110 2859 2232 2913 syu.
2259 2843 2312 2897 in
2341 2843 2491 2897 Trnl.
2516 2841 2610 2905 44.
2644 2840 2829 2897 Basilii
2864 2840 3039 2912 Magni
3074 2839 3142 2894 60
3168 2850 3223 2895 et
3247 2841 3331 2894 l9.
3368 2836 3433 2893 Hi
3458 2842 3602 2893 enim
3630 2848 3690 2892 ιιι

2110 2935 2491 3001 fornicatores,
2524 2935 2599 2989 illi
2621 2948 2749 2988 vero
2775 2943 2834 2985 ut
2855 2933 3151 2995 adulteros,
3185 2932 3274 3001 qui
3300 2939 3423 2985 vota
3448 2946 3545 2986 sua
3577 2946 3686 2984 non

2108 3027 2474 3092 servaverint,
2513 3028 2899 3083 condemnant.
2940 3025 3017 3080 Ne
3045 3040 3176 3094 ergo
3206 3024 3256 3076 in
3289 3023 3468 3090 aliquo
3498 3036 3685 3077 eorum

2035 3127 2078 3185 C
2115 3122 2527 3191 repugnantiam
2559 3134 2679 3174 esse
2712 3117 3035 3172 existimes:
3070 3116 3162 3170 sed
3213 3115 3326 3178 die,
3363 3115 3504 3183 quod
3545 3122 3686 3182 quo-

2113 3214 2257 3266 niam
2312 3212 2551 3281 episcopi
2590 3210 2845 3279 potestati
2888 3221 3047 3277 pinna
3108 3207 3368 3276 permissa
3416 3214 3521 3270 est,
3550 3200 3689 3270 ipse

2112 3316 2335 3374 peccato
2354 3319 2465 3359 rem
2496 3319 2593 3372 pro
2621 3303 2849 3358 arbitrio
2884 3304 3070 3371 puniet
3114 3316 3234 3353 cum
3266 3298 3683 3381 examinatione.

2109 3398 2253 3464 Lege
2277 3407 2332 3451 et
2372 3398 2564 3452 librum
2599 3410 2793 3459 xxvm,
2827 3394 2913 3449 tit.
2951 3394 3003 3455 6,
3036 3409 3156 3460 cap.
3190 3392 3243 3456 i,
3268 3391 3319 3444 in
3354 3406 3460 3459 quo
3495 3390 3685 3443 decer-

2108 3492 2259 3545 nitur
2298 3504 2407 3545 non
2451 3488 2624 3543 solum
2678 3488 2915 3558 separari
2961 3485 3171 3540 illicitas
3220 3484 3451 3553 nuptias,
3502 3492 3686 3551 utpote

2108 3598 2228 3635 eum
2258 3591 2513 3647 cognata,
2549 3592 2712 3633 easve
2754 3593 2874 3647 quae
2922 3585 3118 3647 prteter
3175 3575 3351 3642 legum
3414 3581 3679 3643 praecepta

2111 3674 2262 3738 linnt,
2292 3684 2383 3724 aut
2411 3689 2530 3725 cum
2563 3686 2647 3730 ea,
2681 3672 2832 3738 cujus
2866 3670 2936 3735 is,
2983 3672 3071 3738 qui
3105 3670 3272 3735 ipsam
3315 3667 3484 3729 ducit,
3540 3676 3681 3719 tute-

2108 3765 2212 3817 lam
2249 3764 2422 3827 perit;
2452 3770 2506 3813 et
2539 3761 2774 3815 nelarias
2805 3776 2900 3816 seu
2948 3761 3252 3825 damnatas,
3300 3758 3417 3825 eius
3469 3757 3683 3812 scilicet

2108 3872 2225 3920 qum
2258 3855 2366 3907 Deo
2402 3854 2649 3907 dedicata
2683 3846 2811 3907 e'st:
2851 3853 2944 3907 sed
2997 3860 3051 3906 et
3098 3866 3212 3915 eos,
3266 3851 3356 3918 qui
3398 3861 3686 3904 contraxe-

2110 3954 2257 4009 runt,
2315 3942 2571 4011 publicari
2624 3951 2681 3996 ct
2738 3940 3033 4011 segregari,
3095 3950 3149 3994 et
3201 3940 3245 3992 si
3303 3940 3409 3993 sint
3465 3939 3685 3994 humilis

2108 4032 2211 4085 loci
2254 4033 2419 4085 etiam
2472 4031 2695 4100 ﬂagellis
2749 4031 2905 4086 caedi.
2941 4031 3303 4096 Quamobrem
3355 4045 3461 4085 non
3510 4028 3682 4083 solum

2110 4122 2199 4177 lict
2230 4123 2372 4192 quod
2419 4123 2577 4193 jubet
2627 4120 2875 4187 Novella,
2924 4121 3019 4176 sed
3051 4122 3214 4176 etiam
3272 4134 3442 4190 pinnae
3490 4134 3685 4175 conse-

2106 4228 2354 4285 quentur.

2179 4331 2332 4401 133
2358 4296 2610 4385 ΖΟΝᾸΒ.
2641 4326 2741 4395 Qui
2772 4341 2832 4383 se
2858 4329 2963 4383 viri
2989 4338 3083 4383 aut
3114 4328 3328 4384 femina:
3358 4316 3683 4397 virginitatis

423 4420 619 4489 ἄνδρες
684 4418 817 4485 εἷεν,
858 4422 983 4477 ’κᾶν
1036 4430 1319 4493 γυναῖκες,
1362 4428 1437 4485 ὡς
1469 4430 1724 4500 ἀνάθημα
1775 4432 2002 4497 ἑαυτοὺς

2111 4424 2322 4492 legibus
2362 4423 2727 4490 astringenles
2767 4419 2876 4473 Deo
2924 4421 3095 4475 instar
3129 4421 3492 4475 anathematis
3516 4421 3681 4475 devo-

422 4518 889 4584 προσαγαγόντας
963 4518 1041 4587 τῷ
1092 4519 1231 4588 Θεῷ,
1283 4520 1532 4591 βούλεται
1587 4526 1616 4577 ὁ
1666 4523 1849 4579 κανὼν
1902 4527 2004 4595 τὴν

420 4607 721 4675 ὁμολογίαν
748 4609 1062 4678 φυλάττειν,
1104 4611 1199 4663 καὶ
1237 4612 1310 4682 μὴ
1342 4612 1670 4684 παραϐάτας
1704 4616 1813 4667 τῶν
1857 4618 2005 4685 ὠμο-

418 4700 751 4767 λογημένων
784 4701 1159 4772 εὑρίσκεσθαι.
1196 4705 1254 4757 ΕΞ
1284 4706 1393 4772 γὰρ
1425 4707 1523 4769 τὰς
1558 4708 1696 4776 πρὸς
1726 4696 1996 4779 ἀλλήλους

421 4791 721 4859 ὁμολογίας
771 4793 1001 4862 ἐμπεδοῖ
1064 4794 1201 4859 Θεὸς
1250 4796 1410 4864 μέσος
1454 4798 1831 4876 παραληφθεὶς
1861 4801 2003 4853 κατὰ

422 4884 527 4955 τὴν
589 4884 858 4955 θεολόγων
911 4885 1096 4958 φωνὴν
1149 4890 1285 4954 (lii).
1358 4890 1581 4953 πόσοςὸ
1630 4887 2001 4953 κὶνδυνος.ὦν

419 4976 563 5046 πρὸς
603 4977 766 5030 αύτὸν
820 4977 1055 5048 ἐθέμεθα
1090 4978 1389 5049 συνθηκῶν.
1436 4980 1639 5035 τούτων
1671 4984 1997 5053 παραῦάτας

418 5068 815 5138 εὑρίσκεσθαις
876 5072 1019 5124 Εἱδέ
1049 5088 1195 5135 τινες
1220 5073 1496 5141 εὑρεθεῖεν
1535 5075 1674 5144 μετὰ
1714 5076 1815 5143 τὴν
1865 5078 1998 5143 ὀμο-

416 5161 611 5230 λογίαν
640 5164 819 5233 γάμον
856 5164 1104 5233 ἑλόμενοι
1159 5167 1558 5236 ἀκοινωνήτους
1602 5167 1721 5238 ἦτοι
1779 5168 1997 5238 ἀφωρι-

424 5251 663 5320 σμένους
697 5250 1089 5317 εἶναιτούτους
1121 5257 1148 5308 ὁ
1178 5256 1360 5308 κανὼν
1382 5258 1728 5311 διατάττεται
1749 5275 1763 5288 ο
1805 5259 1906 5328 τὴν
1941 5256 1998 5310 δὲ

418 5341 681 5406 ἐξουσίαν
714 5344 811 5396 τοῦ
867 5345 1453 5415 φιλανθρωπεύσασθαι
1508 5348 1639 5412 ἴσως
1680 5350 1775 5401 καὶ
1830 5347 1992 5402 λῦσαι

422 5438 487 5489 τδ
516 5436 795 5507 ἐπιτίμιον
845 5439 1027 5502 αὐτοῖς
1071 5440 1105 5509 ἢ
1149 5438 1475 5509 ὲλαφρῦναι,
1520 5441 1615 5493 καὶ
1667 5440 1762 5494 τὸν
1806 5441 1998 5511 χρόνον

2110 4524 2322 4579 verunt,
2359 4515 2410 4567 in
2442 4522 2692 4581 suscepto
2716 4511 2942 4565 consilio
2972 4527 3311 4579 permanere,
3340 4526 3404 4566 ac
3426 4512 3680 4581 promissi

2109 4607 2265 4660 [idem
2301 4608 2448 4661 nullo
2479 4605 2933 4658 modoinﬁrmare
2959 4617 3130 4658 canon
3161 4604 3335 4671 jubet.
3360 4604 3416 4658 Si
3447 4620 3684 4674 namque

2107 4701 2385 4754 hominum
2435 4699 2581 4753 inter
2642 4714 2701 4753 se
2752 4706 3021 4751 conventa
3057 4695 3167 4750 Deo
3198 4698 3353 4764 quasi
3414 4697 3687 4752 advocato

2105 4804 2195 4846 aut
2224 4793 2599 4861 astipulatore,
2647 4808 2711 4847 ex
2748 4792 3118 4862 theologorum
3151 4794 3445 4858 sententia,
3476 4794 3684 4848 ﬁrmari

2110 4886 2308 4948 solent,
2342 4885 2470 4954 quid
2503 4885 2579 4938 illi
2613 4884 2812 4938 factum
2840 4885 2903 4937 iri
2932 4884 3339 4949 arbitrabimur,
3372 4885 3463 4954 qui
3518 4886 3677 4940 Iidem

2109 4976 2209 5043 ipsi
2243 4974 2352 5030 Deo
2380 4976 2684 5029 voluntaria
2718 4977 2971 5042 pactione
3007 4976 3297 5047 obligatam
3348 4974 3534 5032 fallere
3569 4993 3678 5031 non

2107 5068 2371 5122 dubitarit
2395 5067 2417 5121 ἶ)
2437 5066 2757 5136 Quicunque
2775 5068 2937 5137 igitur
2964 5068 3302 5138 professione
3329 5068 3687 5129 continentia

2107 5152 2295 5222 edita,
2330 5159 2527 5214 deinde
2579 5174 2637 5213 se
2691 5161 2893 5228 nuptiis
2954 5159 3249 5229 alligarint,
3300 5161 3689 5215 communione

2107 5250 2379 5322 privatos,
2444 5250 2552 5305 hoc
2613 5261 2736 5319 est,
2799 5252 3157 5322 segregationi
3225 5251 3492 5306 obnoxios
3554 5256 3684 5306 esse

2105 5344 2347 5399 decernit
2398 5362 2412 5399 :
2463 5344 2557 5400 sed
2614 5345 2688 5399 ita
2738 5354 2939 5408 tamen,
3000 5353 3058 5399 at
3124 5344 3424 5399 ciententiae
3474 5344 3680 5411 aliquid

2107 5437 2414 5507 hujusmodi
2444 5438 2750 5493 hominibus
2779 5439 3070 5508 impertiri,
3106 5444 3384 5507 totamque
3428 5446 3678 5507 paruam,

1662 5622 1861 5686 Guill.
1903 5624 2224 5704 Beveregii
2268 5632 2454 5689 notae.

496 5769 612 5845 (13)
644 5770 805 5827 Κατὰ
841 5770 956 5842 τὴν
993 5771 1289 5844 θεολόγων
1320 5772 1551 5843 φωνήν.
1591 5769 1773 5829 Codex
1801 5770 2004 5827 Amcrbt

2111 5768 2265 5825 ianus
2299 5766 2448 5839 legit,
2475 5767 2612 5823 κατὰ
2643 5768 2739 5839 τὴν
2771 5770 2864 5821 τοῦ
2898 5763 3162 5834 Θεολογου
3195 5768 3402 5835 φωνην.
