4078 6450
489 398 598 472 453

1522 405 1607 466 ΙΝ
1645 403 1808 467 CAN.
1852 402 2015 466 XVII
2047 404 2256 467 CONC.
2295 402 2661 465 CHALCED.

3626 410 3737 478 454

485 521 747 591 χρῶνται.
797 517 1109 590 Σημείωσαι
1141 518 1198 572 δὲ
1241 518 1349 571 ἀπὸ
1377 518 1474 572 τοῦ
1524 520 1790 590 παρόντος
1836 520 2063 583 κανόνος

2167 521 2306 576 vatis
2333 536 2363 576 a
2394 536 2454 576 se
2488 522 2715 576 urbibus
2750 539 2764 575 :
2802 522 2972 579 multo
3006 523 3199 591 magis,
3253 531 3311 577 ut
3341 523 3472 577 mihi
3503 524 3734 580 videtur.

484 613 568 665 δτι
624 611 801 677 ἔξεστι
854 609 933 680 τῷ
985 609 1196 678 βασιλεῖ
1266 610 1532 679 προνόμια
1619 610 2053 680 ἐκκλησιαστικὲ

484 703 859 772 ἀφαιρεῖσθαι.
887 702 947 753 El
986 701 1095 771 γὰρ
1157 701 1367 769 ἐφεῖται
1428 699 1637 764 τούτοις
1686 701 1755 754 τὰ
1795 700 2060 772 βουλητέα

483 794 666 855 αὐτοῖς
697 794 826 863 περὶ
858 792 1081 861 ὲνοριῶν
1109 791 1488 846 διατάττεσθαι
1539 794 1699 863 χάριν
1749 793 1855 845 τῶν
1883 809 2058 845 καινι-

485 882 723 953 ζομένων
753 883 858 937 ὑπὸ
884 882 1090 938 τούτων
1122 882 1330 937 πόλεων
1348 900 1364 915 ·
1390 884 1569 954 πολλῷ
1615 884 1801 948 πλέον,
1837 883 1912 947 ὡς
1940 883 2064 953 ἐμοὶ

484 977 653 1033 δοκεῖ.

484 1069 604 1120 τινὰ
636 1067 860 1119 τοιαῦτα
889 1068 1198 1137 ὲνδυνάμως
1229 1068 1610 1139 προστάξουσι.

557 1156 802 1212 ΖΩΝΑΡ.
838 1160 912 1211 Τὸ
952 1159 1251 1229 ἀλλοτρίοις
1287 1161 1614 1229 ὲπεμῦαίνεν
1659 1160 1908 1222 δικαίοις.
1966 1158 2063 1212 καὶ

483 1252 613 1311 τοὺς
647 1250 1046 1321 πλησιάζοντας
1066 1251 1292 1313 ἀδικεῖν,
1330 1254 1425 1305 καὶ
1470 1252 1814 1322 ὑφαρπάζειν
1869 1250 1937 1303 τὰ
1984 1252 2060 1319 μὴ

490 1341 638 1408 σφίσι
658 1340 1029 1410 προσήκοντα,
1046 1341 1216 1394 ἅπασι
1236 1343 1430 1404 κοινῶς
1450 1344 1821 1411 ἀπηγόρευται
1838 1356 1853 1372 ο
1882 1340 2060 1407 πολλῷ

490 1432 549 1484 δὲ
606 1432 807 1497 μᾶλλον
868 1434 1190 1495 ἐπισκόποις
1219 1473 1235 1497 ,
1297 1432 1346 1485 οἶ
1402 1433 1496 1487 καὶ
1555 1434 1864 1503 ἀρχέτυπον
1911 1432 2061 1499 ὀφεί-

486 1524 642 1577 λουσι
679 1524 1005 1594 προκεῖσθαι
1033 1526 1144 1586 τοίς
1178 1525 1273 1577 ὑπ’
1302 1524 1499 1587 αὐτοὺς
1528 1525 1607 1587 είς
1640 1525 1869 1594 μίμησιν
1922 1539 2061 1575 παν-

486 1616 579 1679 τὸς
603 1616 830 1684 ἀγαθοῦ.
868 1615 1125 1680 Θεσπίζει
1153 1616 1335 1669 τοίνυν
1362 1618 1389 1668 ό
1418 1616 1600 1669 κανὼν
1650 1610 1807 1678 οὗτος
1830 1617 1927 1668 καὶ
1955 1615 2057 1678 τὰς

2162 614 2512 682 episcopatus
2583 614 2957 683 metropolium
3027 617 3232 669 honore
3300 617 3617 679 donabnnt,
3676 626 3732 669 et

2164 719 2352 758 eorum
2392 703 2481 773 qui
2534 715 2806 772 prmerunt
2846 706 3211 774 promotiones
3250 706 3623 776 designabunt,
3679 716 3736 760 et

2166 792 2270 847 alia
2309 794 2576 863 quaadam,
2619 808 2720 864 pro
2759 810 2822 848 ea
2866 811 3026 865 quam
3069 796 3270 850 habent
3307 807 3597 866 potestate,
3640 798 3735 865 jn-

2172 883 2395 937 bebunt.

728 974 1038 1045 ἑπισκοπὴν
1089 977 1169 1039 είς
1214 977 1547 1047 μητρόπολιν
1605 978 1917 1047 τιμήσουσι,
1985 975 2082 1028 καὶ
2120 975 2489 1047 προχειρίσεις
2538 978 2908 1048 ήγουμενικάς
2964 977 3398 1046 ὁποτυπὼσουσι,
3454 980 3551 1034 καὶ
3589 980 3728 1034 ἄλλα

2238 1156 2485 1213 ZONAR.
2514 1158 2651 1213 Cum
2680 1157 2841 1212 alieni
2856 1156 2996 1225 juris
3009 1159 3307 1228 usurpatio,
3338 1174 3401 1215 ac
3429 1161 3734 1215 vicinorum

2167 1248 2377 1316 injuria:
2410 1263 2707 1317 earumque
2738 1264 2918 1302 rerum
2950 1249 3163 1317 rapina,
3194 1264 3315 1318 quae
3341 1251 3407 1303 ad
3456 1267 3554 1305 nos
3585 1249 3729 1304 nulla

2167 1340 2379 1395 ratione
2407 1341 2701 1408 pertinent,
2734 1340 2900 1393 vetita
2926 1341 2997 1395 sit
3036 1342 3341 1405 universis;
3376 1350 3486 1396 tum
3510 1342 3727 1411 episco-
3795 1373 3800 1379 -

2166 1449 2290 1501 pum
2334 1432 2402 1486 ab
2426 1432 2572 1486 omni
2602 1431 2865 1498 ejusmodi
2920 1447 3057 1487 noxa
3100 1432 3275 1487 multo
3327 1436 3498 1500 magis
3543 1435 3737 1490 abesse

2165 1538 2261 1589 par
2284 1532 2389 1586 est,
2420 1523 2573 1592 cujus
2600 1524 2897 1579 imitatione
2943 1525 3142 1579 subditi
3178 1526 3418 1579 animum
3467 1528 3531 1578 ad
3576 1541 3738 1582 omne

2165 1614 2424 1667 virtutum
2453 1629 2619 1683 genus
2648 1614 2991 1671 conformare
3023 1617 3242 1671 debent.
3283 1617 3603 1686 Quicunque
3632 1620 3733 1689 igi-

491 1706 783 1774 παροικίας
827 1706 1308 1776 ἁπαρασαλεύτους
1356 1702 1496 1758 εἶναι
1553 1706 1701 1775 παρὰ
1764 1706 1876 1767 τοῖς
1930 1721 2057 1757 κατ·

2170 1716 2256 1759 tnr
2282 1710 2544 1773 paraecias
2571 1708 2833 1773 obtinent,
2860 1711 2973 1762 sive
3004 1710 3303 1764 rnsticanas
3333 1712 3445 1765 sive
3470 1727 3728 1781 paganas,

492 1800 711 1868 έχουσιν
744 1799 933 1861 αὑτὰς,
964 1798 1069 1852 κᾶν
1104 1798 1418 1866 ἀγροικικα“ι
1444 1792 1576 1859 εἷεν,
1627 1796 1729 1849 κᾶν
1787 1795 2063 1865 ἐγχώριοι,

488 1890 727 1951 τὰαύτὰ
760 1888 943 1957 σχεδὸν
984 1892 1083 1958 τῇς
1118 1888 1211 1942 τοῦ
1272 1890 1460 1957 τρίτης
1507 1887 1724 1939 συνόδου
1755 1887 1918 1957 ψήφῳ
1969 1887 2067 1954 τῆς

490 1982 551 2034 ἐν
593 1981 801 2048 Ἐφέσῳ
835 1979 1189 2045 κελευούσης⁹
1238 1979 1377 2049 πλὴν
1424 1982 1546 2033 ὅσον
1595 1980 1778 2048 ἐκείνη
1815 1978 1910 2047 μὲν
1938 1979 2068 2048 περὶ

490 2070 777 2139 ἐπαρχιῶν
800 2071 895 2122 καὶ¹
924 2069 1147 2138 ὲνοριῶν
1196 2068 1462 2136 μειζόνων
1520 2067 1826 2133 διετάξατο,
1878 2068 1938 2118 ὲν
1977 2062 2065 2128 αἷς

490 2162 591 2215 καὶ
624 2162 911 2214 ἐπίσκοποι
944 2161 1374 2231 ἐχειροτονοζητο
1396 2176 1409 2190 ⁶
1457 2160 1594 2229 αὕτη
1622 2161 1678 2211 δὲ
1726 2161 1850 2227 περὶ
1876 2175 2067 2226 παροι-

492 2252 650 2314 κιῶν,
685 2248 889 2314 αἳτινες
922 2249 1029 2305 εἷεν
1086 2255 1187 2306 κᾶν
1218 2254 1421 2321 ὲνορίαι
1454 2256 1649 2321 μικραὶ
1688 2254 1784 2303 καὶ
1840 2255 1896 2303 οὐ
1963 2269 2060 2303 ποι

479 2322 807 2411 λυπληθεῖς,
839 2344 905 2402 ἃς
932 2346 1009 2406 εἰς
1062 2346 1390 2413 ἁγροικικᾶς
1423 2346 1517 2395 καὶ
1572 2343 1868 2411 ἐγχωρίους
1923 2342 2064 2393 διαι-

495 2438 600 2507 ρεῖ.
619 2436 962 2504 Ἀγροικικὰς
982 2439 1079 2503 μὲν
1098 2436 1191 2489 οὖν
1224 2452 1385 2503 φασιν
1412 2433 1551 2488 εἶναι
1582 2436 1675 2495 τὰς
1702 2436 1757 2485 ἒν
1784 2436 2065 2501 ἐσχατιαῖς

495 2531 779 2597 κειμένας,
811 2528 906 2578 καὶ
940 2528 1155 2594 ὀλίγους
1214 2528 1443 2595 ἐχούσας
1495 2527 1622 2588 τοὺς
1659 2526 1717 2577 ἐν
1761 2526 1949 2585 αὐταῖς
1998 2526 2066 2576 ol-

491 2617 831 2680 κοῦντα;,αἳ
854 2617 949 2669 καὶ
1001 2617 1251 2686 μονοίκια
1300 2618 1591 2685 λέγονται’
1653 2617 1951 2683 ἐγχωρίους
2008 2614 2065 2667 δὲ

490 2708 593 2770 τὰς
621 2709 809 2777 ἀγροῖς
836 2716 930 2760 και
961 2709 1176 2777 κώμαις
1214 2708 1645 2775 πλησιαζούσας,
1680 2711 1776 2760 καὶ
1812 2709 2062 2769 πλείονας

491 2801 623 2862 τοὺς
660 2800 945 2862 κατοίκους
964 2801 1220 2868 ἐχούσας.
1256 2801 1470 2861 Ταύτας
1508 2799 1600 2852 οὖν
1626 2800 1724 2857 τὰς
1752 2799 2059 2870 παροικίας,

490 2893 677 2949 ὁποῖαί
702 2893 820 2945 ποτ’
850 2892 916 2946 ἂν
967 2888 1100 2957 εἷεν,
1144 2895 1297 2964 παρὰ
1351 2896 1463 2952 τοῖς
1521 2894 1845 2962 κατέχουσιν
1892 2892 2063 2954 αὑτὰς

399 2989 414 2997 “
492 2988 813 3048 ἐπισκόποις
839 2978 1234 3055 ἀναφαιρέτους
1262 2982 1401 3038 εἶναι
1419 2985 1815 3049 διακελεύεται,
1844 2986 1938 3036 καὶ
1966 2984 2062 3037 ἐπὶ

2171 1813 2236 1851 ne
2267 1799 2611 1867 possessione
2647 1798 2765 1853 illos
2799 1800 2999 1853 moveri
3049 1800 3226 1864 liceat,
3273 1801 3375 1855 hoc
3400 1817 3607 1855 canone
3639 1803 3729 1855 do-

2170 1889 2399 1943 ﬁuitnm.
2445 1890 2618 1943 Simili
2652 1905 2875 1957 prorsus
2912 1893 3302 1947 constitutione
3348 1910 3470 1947 cum
3502 1910 3562 1947 ea
3611 1910 3735 1964 quae

2169 1981 2221 2033 in
2263 1980 2527 2050 Epliesina
2564 1982 2718 2035 tertia
2763 1983 2971 2053 synodo
3008 1984 3149 2036 edita
3205 1994 3307 2049 est,
3364 1985 3463 2038 hoc
3496 1995 3728 2056 ὑιιιηιιιιιι

2168 2072 2509 2133 descriminc,
2559 2073 2700 2141 quod
2748 2072 2801 2126 in
2876 2073 2965 2126 illa
3012 2075 3078 2128 de
3132 2077 3420 2143 provinciis
3456 2077 3732 2144 ampliori-

2170 2164 2373 2234 bus-que
2408 2165 2565 2227 locis,
2618 2165 2813 2233 quibus
2839 2166 3000 2220 etiam
3051 2168 3286 2235 episcopi
3341 2169 3537 2235 praefici
3588 2170 3728 2221 soliti

2167 2266 2312 2319 sunt,
2338 2257 2686 2309 constitutum
2717 2269 2730 2305 :
2762 2254 2825 2307 de
2868 2256 3140 2321 parmciis,
3171 2272 3399 2322 quarum
3430 2269 3484 2310 et
3515 2257 3728 2324 angusti

2169 2348 2321 2412 fines,
2360 2363 2455 2399 nec
2493 2348 2657 2400 multa
2703 2348 2989 2401 celebritas
3019 2358 3182 2408 esset,
3223 2352 3322 2401 hoc
3372 2349 3489 2400 loco
3529 2361 3731 2410 actum,

2166 2456 2285 2507 qum
2311 2442 2523 2507 quidem
2575 2440 2626 2491 in
2674 2439 2975 2493 rusticanus
3025 2454 3370 2507 paganasqne
3402 2440 3731 2496 dividuntur.

2164 2532 2242 2584 Ac
2286 2532 2584 2584 rnsticauas
2625 2531 2836 2597 quidem
2876 2531 3059 2583 dicunt
3094 2546 3208 2593 eas,
3250 2547 3369 2600 qua:
3400 2532 3450 2584 in
3509 2535 3732 2586 remotis

2166 2623 2296 2676 locis
2317 2624 2517 2690 positze,
2546 2622 2734 2690 exiguo
2764 2622 3055 2675 incolarum
3084 2637 3307 2676 numero
3325 2623 3553 2676 excultae
3579 2636 3730 2688 sum,

2165 2728 2283 2781 quae
2321 2723 2374 2765 et
2412 2712 2666 2779 μονοίκια
2702 2713 2829 2778 (hoc
2884 2721 2987 2774 est,
3021 2726 3182 2764 unam
3209 2711 3424 2763 domum
3452 2712 3728 2773 habentes)

2166 2815 2446 2858 vocantur.
2482 2804 2723 2869 Pagauas
2755 2818 2904 2865 vero,
2938 2803 3154 2870 praediis
3176 2814 3227 2855 et
3256 2802 3405 2870 pagis
3431 2802 3729 2866 proximas,

2161 2906 2217 2951 et
2247 2899 2449 2963 majore
2481 2896 2832 2950 incolentium
2866 2896 3211 2949 multitudine
3269 2893 3598 2963 frequentes.
3658 2893 3732 2947 bc

2164 3002 2325 3057 quam
2380 2988 2542 3057 igitur
2579 3002 2643 3040 ex
2697 2987 2961 3055 ejusmodi
3018 2986 3427 3054 quilinscunqne
3471 2986 3733 3055 parthiis

492 3075 662 3129 πλέον
711 3076 893 3138 αὐτοῖς
934 3077 1140 3139 ταύτας
1185 3077 1491 3146 διαφέρειν,
1543 3078 1591 3127 εί
1623 3075 1717 3127 ἐπὶ
1772 3076 2062 3144 τριάκοντα

2167 3081 2415 3150 episcopo
2474 3096 2592 3134 eam
2648 3080 2907 3133 obtinenti
2955 3079 3092 3147 eripi
3150 3078 3329 3146 liceat,
3368 3079 3469 3133 hoc
3520 3094 3731 3132 canone

490 3169 778 3230 ἐνιαυτοὺς
801 3169 1100 3242 ἀδιάστως,
1136 3169 1382 3220 τουτέστι
1417 3169 1490 3236 μή
1523 3184 1645 3220 τινα
1710 3166 2059 3237 βιασάμενοι,

491 3260 638 3332 καλῇ
664 3260 721 3313 δὲ
756 3261 956 3323 πίστει,
978 3261 1097 3330 ἦτοι
1128 3260 1295 3330 χωρίς
1320 3276 1462 3321 τινος
1492 3260 1675 3312 ἀδίκου
1699 3258 1901 3323 αἰτίας,
1932 3275 2065 3311 κατ-

494 3353 658 3423 έσχον
720 3352 912 3415 αὐτάς,
969 3351 1065 3404 καὶ
1102 3351 1480 3422 ᾠκονόμησαν.
1553 3349 1617 3403 Ἦ
1655 3350 1764 3420 γὰρ
1810 3366 2066 3420 τριακον-

492 3443 695 3497 ταετία
734 3445 921 3506 αὐτοῖς
944 3445 1041 3513 τὴν
1077 3444 1256 3495 αὐτῶν
1286 3442 1522 3513 κατοχὴν
1552 3442 1775 3512 βεϐαίαν
1806 3442 1974 3495 ἔθετο.
2008 3441 2068 3494 El

488 3537 547 3591 δὲ
570 3535 723 3599 ἐντὸς
748 3535 855 3588 τῶν
884 3535 925 3587 λ’
960 3535 1099 3588 ὲτῶν
1127 3535 1385 3606 διαναστῇ
1439 3553 1522 3597 τις
1559 3535 1732 3602 λέγων
1778 3534 1927 3606 αὐτῷ
1972 3536 2071 3604 τὴν

487 3625 754 3696 τοιαύτην
786 3627 1075 3697 παροικίαν
1114 3627 1412 3698 διαφέρειν,
1447 3628 1598 3697 παρὰ
1633 3627 1698 3696 τῇ
1745 3633 1844 3697 τῆς
1904 3630 2073 3695 ἐπαρ-

489 3719 621 3789 χίας
662 3719 863 3788 συνόδῳ
908 3717 1182 3785 ζητεῖσθαι
1236 3725 1332 3787 τὴν
1386 3719 1641 3771 ὑπόθεσιν
1695 3718 1966 3788 βούλεται.
2010 3720 2074 3772 Εἰ

488 3810 548 3863 δὲ
574 3810 608 3861 ό
632 3808 733 3878 τῆς
772 3809 981 3879 ἐνιρίας
1004 3810 1299 3869 ἐπίσκοπος
1336 3809 1425 3861 τὸν
1485 3808 1614 3862 ἴδιον
1665 3809 2071 3881 μητροπολίτην

491 3900 765 3963 αἰτιᾶται,
802 3898 953 3969 παρὰ
984 3898 1061 3968 τῷ
1099 3898 1314 3969 ὲξάρχῳ
1343 3899 1440 3967 τῆς
1470 3900 1790 3969 διοικήσεως
1849 3899 2070 3964 δικάζε-

505 3991 625 4044 σθαι
662 3992 884 4056 αὐτοὺς,
919 3991 948 4058 ἢ
976 3991 1055 4059 τῷ
1086 3991 1719 4052 Κωνστλντινουπόλεως
1752 3992 2065 4063 ὲπισκόπῳ.

508 4082 655 4148 Τινὲς
680 4084 782 4152 μὲν
810 4083 904 4136 οὖν
933 4083 1198 4154 ἐξάρχους
1230 4081 1339 4135 τῶν
1366 4082 1687 4150 διοικήσεων
1714 4086 1841 4146 τοὺς
1872 4100 2068 4153 πατρι-

501 4177 669 4247 άρχας
697 4178 855 4245 φασὶ,
904 4175 1001 4228 καὶ
1052 4177 1132 4237 εἰς
1190 4173 1450 4228 σύστασιν
1507 4174 1600 4227 τοῦ
1654 4176 1857 4230 οἰκείου
1906 4177 2064 4241 λόγου

496 4272 736 4338 χρῶνται
764 4268 844 4338 τῷ
872 4265 950 4319 λθ⁹
983 4268 1171 4319 κανόνι
1203 4268 1300 4334 τῆς
1337 4268 1394 4317 ὲν
1432 4266 1761 4337 Καρθαγένῃ
1814 4269 2061 4334 συνόδου,

2167 3170 2477 3235 decretum;
2510 3170 2665 3240 135
2706 3171 3003 3238 praasertim
3044 3185 3193 3228 vero,
3241 3170 3287 3223 si
3318 3170 3534 3238 triginta
3564 3186 3734 3223 anno-

2169 3277 2288 3316 rum
2317 3262 2510 3329 spatio,
2548 3262 2692 3314 nulla
2726 3262 2799 3323 vi,
2831 3262 2931 3315 boc
2960 3272 3042 3314 est
3075 3260 3217 3315 titillat
3248 3260 3565 3329 cujusquam
3598 3260 3737 3327 inin-

2170 3353 2271 3415 ria,
2305 3352 2400 3408 sed
2424 3353 2559 3406 bona
2584 3352 2685 3405 ﬁde
2720 3352 2832 3405 sive
2852 3352 2966 3405 sine
2990 3352 3202 3417 iniustis
3233 3351 3513 3418 quibusvis
3545 3352 3735 3407 mediis

2169 3453 2432 3499 retentam
2468 3444 2943 3497 administraverit.
2978 3442 3091 3495 lloc
3124 3459 3353 3512 namque
3380 3445 3603 3513 triginta
3637 3462 3734 3499 an-

2172 3551 2362 3591 norum
2398 3535 2757 3597 intervallum,
2783 3536 3109 3604 possessioni
3132 3537 3463 3591 stabilienda?
3492 3537 3737 3591 suilla-ere

2174 3633 2549 3685 decreverunt.
2581 3627 2732 3692 Quod
2785 3628 2828 3680 si
2864 3630 2984 3695 quis
3016 3637 3140 3682 ante
3175 3628 3226 3681 id
3257 3638 3466 3694 tempus
3495 3629 3732 3695 elapsum

2178 3722 2478 3792 hnjusmodi
2516 3722 2768 3789 parmene
2806 3720 3199 3787 possessionem
3251 3720 3316 3773 ad
3357 3735 3415 3773 se
3466 3722 3735 3788 pertinere

2170 3810 2482 3875 contendat,
2516 3824 2635 3864 eam
2672 3809 3096 3864 controversiam
3145 3810 3199 3863 in
3247 3810 3565 3876 provinciali
3600 3826 3734 3865 con-

2172 3914 2334 3958 ventu
2368 3901 2618 3971 cognosci
2648 3910 2810 3969 atque
2854 3896 3153 3961 eaantinari
3204 3902 3395 3968 placet.
3448 3901 3513 3954 Si
3554 3910 3732 3955 tamen

2170 3997 2318 4051 litem
2355 3994 2772 4063 metropolitano
2803 4008 2902 4046 suo
2932 3993 3214 4063 episcopus
3240 3993 3498 4054 intendat,
3536 3993 3741 4047 ditece-

2168 4102 2301 4142 sano
2330 4086 2563 4140 exarabo
2602 4096 2695 4137 aut
2722 4082 3323 4151 Constantinopolitano
3371 4083 3631 4151 episcopo
3677 4081 3737 4137 in

2166 4195 2229 4233 ea
2288 4194 2347 4231 re
2401 4177 2603 4230 arbitro
2669 4190 2733 4230 ac
2793 4176 3156 4242 disceptatore
3212 4183 3451 4227 utentur.
3504 4174 3741 4227 Exarcliit

2164 4284 2327 4339 porro
2350 4266 2641 4322 dimceSani
2671 4266 2889 4320 nomine
2935 4264 3174 4319 nonnulli
3201 4264 3542 4333 patriarchas
3571 4263 3743 4318 intel-

492 4360 715 4428 λέγοντι
736 4377 751 4391 ·
784 4358 889 4413 Τὸν
918 4358 1016 4429 τῆς
1040 4360 1259 4429 πρώτης
1308 4357 1575 4428 καθέδρας
1634 4360 1927 4412 ἐπίσκοπον
1987 4360 2061 4430 μὴ

2168 4362 2354 4432 ligunt,
2387 4373 2648 4426 suamque
2692 4355 3021 4411 sententiam
3072 4356 3536 4427 tricesimonono
3602 4358 3744 4409 (Zar-

489 4450 753 4519 λέγεσθαι
803 4450 1029 4519 ἔξαρχον
1096 4448 1204 4503 τῶν
1236 4448 1449 4517 ἱερέων,
1505 4448 1539 4519 ἦ
1598 4450 1767 4517 ἄκρον
1820 4449 2058 4521 ίερέα,ἢ

488 4545 910 4611 τοιουτότροπον
952 4539 1004 4592 τί
1060 4557 1210 4605 ποτε,
1237 4541 1374 4593 ἀλλὰ
1412 4540 1572 4609 μόνον
1616 4540 1913 4595 ἐπίσκοπον
1963 4544 2061 4612 τῆς

490 4634 718 4705 πρώτης
742 4632 1010 4705 καθέδρας
1034 4647 1048 4662 ⁸
1105 4632 1261 4686 ἄλλοι
1290 4631 1347 4684 δὲ
1366 4633 1491 4695 τοὺς
1516 4634 1912 4703 μητροπολίτας
1956 4634 2063 4688 τῶν

489 4725 775 4796 ἱπαρχιῶν
807 4741 970 4792 φασιν
1030 4723 1397 4794 ὀνομάζεσθαι
1451 4725 1739 4795 ἐξάρχους,
1790 4725 1879 4778 τὸν
1904 4724 2062 4779 ἕκτον

487 4818 696 4871 κανόνα
742 4815 841 4884 τῆς
899 4818 956 4869 ὲν
999 4816 1231 4886 Σαρδικῇ
1301 4816 1516 4869 συνόδου
1581 4818 1918 4885 παράγοντες
1980 4819 2062 4881 είς

489 4910 681 4962 πίστιν
712 4909 941 4974 λέγοντα
985 4925 1000 4939 ·
1032 4909 1152 4977 Χρὴ
1174 4907 1707 4978 λὺπομιμνήσκεσθαι
1751 4909 1838 4962 διὰ
1882 4910 2063 4979 γράμ-

494 5002 688 5073 μάτων
728 5000 824 5053 τοῦ
878 4999 1111 5069 ἐξάρχου
1170 4999 1274 5068 τῆς
1324 4999 1619 5068 ἐπαρχίας,
1678 4998 1823 5068 λέγω
1869 4999 1935 5070 δὴ
1967 4999 2061 5051 τοῦ

491 5096 800 5151 ἐπισκόπου
854 5095 956 5165 τῆς
1002 5092 1411 5165 μητροπόλεως.
1467 5095 1735 5164 Κρεῖσσον
1788 5092 1922 5147 δ’ἂν
1973 5094 2058 5163 εἴη

492 5189 624 5251 τοὺς
656 5187 1059 5259 μητροπολίτας
1097 5187 1206 5239 τῶν
1255 5186 1539 5256 ἐπαρχιῶν
1591 5186 1854 5257 ἐξάρχους
1904 5186 2063 5254 λέγε-

498 5280 649 5344 σθαι,
682 5277 758 5341 ὡς
782 5280 811 5331 ὁ
863 5276 1050 5348 ῥηθεὶς
1096 5274 1276 5329 κανὼν
1308 5277 1407 5346 τῆς
1460 5279 1518 5329 ὲν
1578 5277 1811 5349 Σαρδικῇ
1849 5277 2062 5330 συνόδου

493 5366 720 5429 τούτους
741 5366 1025 5436 ὠνόμασεν
1044 5382 1057 5395 ·
1093 5364 1232 5418 ὥστε
1260 5366 1515 5437 τοιαύτην
1550 5362 1691 5420 εἶναι
1714 5367 1808 5420 τοῦ
1841 5368 2063 5430 κανόνος

493 5458 687 5513 τούτου
710 5459 807 5527 τὴν
824 5458 1055 5519 ἔννοιαν,
1072 5456 1383 5526 διαιροῦσαν
1405 5457 1605 5528 δηλαδὴ
1627 5457 1694 5511 τά
1710 5458 2058 5529 δικαστήρια,

494 5551 593 5604 καὶ
620 5552 709 5602 ὅτε
737 5550 835 5618 μὲν
859 5549 1154 5610 ἐπίσκοπος
1198 5549 1339 5601 κατὰ
1368 5550 1764 5604 συνεπισηόπου
1793 5550 1998 5619 ἐνάγει,
2024 5550 2057 5619 ἢ

493 5641 757 5712 κληρικδς
815 5632 957 5693 κατὰ
1012 5641 1336 5707 ἐπισκόπου,
1366 5645 1492 5694 τότε
1538 5641 1630 5693 τὸν
1662 5642 2061 5713 μητροπολίτην

496 5732 744 5807 καθίζει-ν
772 5731 1062 5803 δικαστὴν,
1117 5731 1179 5785 ὃν
1218 5735 1312 5787 καὶ
1350 5732 1578 5804 ἔξαρχον
1608 5733 1709 5800 τῆς
1742 5734 2062 5804 διοικήσεως

486 5824 754 5896 ’ἀκμάζει
778 5841 793 5856 ⁸
826 5826 913 5878 ὅτε
943 5824 999 5880 δε
1034 5842 1337 5890 επισκοπος
1367 5826 1510 5880 κατὰ
1539 5824 1633 5880 τοῦ
1664 5826 2063 5897 μητροπολίτιυ

2171 4451 2500 4521 tltaginensis
2523 4449 2711 4518 synodi
2742 4464 2948 4502 canone
2985 4448 3309 4503 conﬁrmare
3336 4449 3607 4510 nituntur,
3637 4449 3735 4519 qui.

2169 4545 2474 4616 episcopum
2527 4543 2714 4611 prima!
2748 4541 3042 4603 cathedra),
3083 4532 3165 4595 vel
3213 4543 3431 4596 exarclii
3480 4543 3739 4598 Sacerdo-

2171 4646 2304 4700 tum,
2339 4633 2422 4689 vel
2444 4633 2637 4687 sunnni
2666 4632 2983 4689 sacerdotis.
3025 4633 3107 4687 vel
3135 4633 3237 4685 alio
3265 4648 3486 4700 prorsus
3519 4675 3532 4692 ,
3571 4650 3737 4702 quam

2171 4725 2271 4779 hoc
2308 4737 2435 4783 uno,
2464 4722 2697 4791 episcopi
2733 4721 2919 4790 prima:
2950 4722 3221 4775 cathedrae
3253 4724 3430 4785 titulo,
3467 4724 3737 4792 appellari

2168 4827 2340 4871 vetat.
2396 4815 2499 4869 Alii
2555 4814 3001 4882 metropolitanos
3051 4816 3448 4883 provinciarmn
3509 4818 3730 4870 exarclii

2168 4907 2526 4976 appellatione
2562 4906 2857 4973 designari,
2905 4906 3063 4974 idque
3110 4917 3264 4960 sexto
3311 4909 3500 4975 synodi
3543 4909 3730 4963 Sardi-

2168 4999 2346 5053 censis
2388 5011 2594 5052 canone
2637 4998 2773 5051 satis
2822 4998 3041 5066 probari
3087 4999 3440 5065 arbitrantur,
3499 5001 3727 5067 dicente,

2169 5089 2387 5146 Litteris
2415 5087 2758 5159 provincialis
2787 5090 3029 5151 exarchi,
3064 5072 3731 5160 metropolitanividclicet

2168 5179 2407 5252 episcopi
2467 5179 2742 5235 admoneri
2817 5190 3049 5250 Oportet.
3118 5181 3247 5247 Quae
3307 5183 3462 5237 nobis
3515 5197 3739 5252 quoque

2168 5274 2348 5343 Opinio
2366 5273 2533 5343 magis
2552 5274 2830 5342 probatur,
2847 5285 2901 5327 ut
2923 5275 3140 5327 exarclii
3158 5275 3364 5329 scilicet
3387 5276 3736 5342 provincialis

2170 5366 2382 5419 nomine
2416 5364 2859 5434 metropolitauos
2883 5364 3271 5434 intelligamus,
3306 5368 3577 5436 quomodo
3603 5366 3734 5420 illos

2166 5459 2414 5511 laudatus
2463 5471 2637 5513 canon
2676 5455 3017 5517 Sardicensis
3062 5458 3249 5529 synodi
3294 5456 3610 5518 nouiinavit,
3658 5471 3730 5512 cx

2167 5565 2271 5618 quo
2303 5545 2843 5617 hujusmodieanoois
2870 5552 3133 5603 sententia
3161 5549 3405 5611 exsiStet,
3440 5545 3555 5600 fora
3586 5547 3732 5601 inter

2168 5655 2317 5695 seac
2361 5638 2561 5709 judicia
2613 5638 3016 5703 discriminatis,
3070 5648 3125 5694 nt
3181 5639 3468 5707 siquidem,
3528 5638 3731 5707 inquit.

2168 5732 2424 5785 adversus
2456 5730 2766 5799 episcopum
2810 5730 3093 5799 episcopus
3135 5730 3296 5795 alius,
3353 5736 3450 5788 aut
3495 5730 3731 5786 clericus

2169 5825 2435 5878 adversus
2461 5824 2770 5891 episcopum
2790 5820 3001 5888 judicio.
3024 5825 3334 5889 contendat,
3367 5822 3507 5895 apud
3526 5833 3733 5881 metm-
