4078 6398
368 379 475 444 465

1426 380 1512 443 IN
1551 378 1717 440 CAN.
1752 378 1926 439 XXII
1957 378 2168 442 CONC.
2211 379 2575 441 CH-ALCED.

3523 374 3629 439 466

364 489 461 543 καὶ
509 488 579 543 τὰ
625 488 724 557 τῆς
775 487 1103 557 ἐπισκοπῆς.
1139 487 1199 541 Εἰ
1248 487 1357 558 γὰρ
1397 485 1474 559 μὴ
1517 487 1663 541 οὕτω
1710 490 1947 558 ποιήσει,

2083 506 2174 559 [me
2208 490 2583 558 episcopatus,
2610 487 2919 558 descripsit.
2964 487 3078 542 Nisi
3130 487 3275 543 enim
3313 487 3387 542 ita
3425 486 3637 550 fecerit,

367 582 545 634 πάντα
588 579 658 633 τὰ
706 577 897 631 τούτου
944 582 1009 650 τῇ
1062 579 1362 651 Ἐκκλησία
1411 580 1729 649 ἀνήκουσιν.
1777 579 1948 632 Ἀπο-

366 672 587 741 γραφῆς
631 670 689 722 δέ
733 670 1059 739 γενομένης,
1092 671 1167 734 ὡς
1214 673 1454 741 εἴρηται,
1484 672 1582 725 ἐὰν
1610 672 1891 734 ἀδιάθετος
1922 672 1949 722 6

368 763 668 824 ἐπίσκοπος
688 763 1015 834 τελευτήσῃ,
1042 762 1253 833 νομίζω
1297 765 1380 815 ὅτι
1428 763 1568 816 κατὰ
1613 763 1812 830 νόμους
1844 764 1950 816 ὑπὸ

366 853 477 906 τῶν
530 852 589 918 ἐξ
640 854 930 906 ἁδιαθέτου
994 855 1348 923 καλουμένων
1410 855 1731 923 προσγενῶν
1782 851 1951 905 αὑτοῦ

368 946 941 1015 κληρονομηοήσεται.
976 946 1093 999 Κᾶν
1122 948 1229 1017 γάρ
1261 964 1407 1008 τινες
1446 947 1554 999 ἀπὸ
1603 946 1698 999 τοῦ
1733 945 1826 998 πα¹
1849 963 1949 998 κα-

367 1037 519 1099 νόνος
558 1038 658 1105 τῆς
703 1040 758 1088 ἐν
808 1037 1143 1108 Καρθαγένῃ
1191 1037 1411 1088 συνόδου
1462 1032 1617 1089 εἷπον
1669 1036 1816 1106 ἔχειν
1869 1035 1955 1088 ἐπ’

369 1130 559 1190 ἁδείας
611 1129 701 1181 τὸν
752 1128 874 1199 μετ’
925 1131 1133 1183 ἐκεῖνον
1182 1128 1485 1182 ἐπίσκοπον
1535 1130 1604 1183 τά
1651 1132 1957 1200 πράγματα

368 1222 465 1274 τοῦ
510 1221 815 1285 ἀδιαθέτως
863 1220 1297 1291 τελευτήσαντος
1347 1222 1652 1274 ἐπισκόπου
1711 1221 1855 1274 κατὰ
1896 1220 1957 1274 τὸ

370 1312 640 1383 βουλητὸν
676 1311 827 1381 αύτῷ
868 1312 1177 1379 οἰκονομεῖν
1203 1326 1215 1340 ·
1252 1309 1372 1362 ἀλλ’
1408 1311 1533 1379 ἐμοὶ
1562 1312 1710 1363 δοκεῖ
1735 1310 1815 1362 ὅτι
1850 1309 1959 1362 ἀπὸ

367 1406 466 1458 τοῦ
502 1405 751 1458 τοιούτου
773 1404 998 1465 κανόνος
1018 1444 1032 1467 ,
1063 1403 1317 1472 λέγοντος
1354 1403 1597 1472 ὀφείλειν
1629 1403 1957 1471 ἐπιγινόμε-

369 1517 463 1553 νον
499 1500 800 1551 ἐπίσκοπον
832 1497 928 1549 τοῦ
978 1496 1261 1549 ἁδιαθέτου
1295 1496 1598 1549 ἐπισκόπου
1632 1494 1732 1565 τὴν
1764 1493 1953 1547 διατύ-

374 1608 552 1643 πωσιν
576 1589 843 1660 ἁρμοδέαν
871 1589 947 1658 τῷ
977 1588 1147 1640 αὑτοῦ
1178 1588 1560 1656 ἐπαγγέλματι
1594 1586 1957 1656 ποιήσασθαι,

380 1682 618 1748 μάλιστα
644 1681 979 1751 παρίσταται
1012 1680 1153 1733 κατὰ
1186 1679 1389 1750 νόμους
1424 1677 1675 1746 γίνεσθαι
1704 1678 1804 1747 τὴν
1836 1676 1957 1730 δια-

375 1770 537 1841 δοχὴν
578 1773 687 1823 τῶν
732 1770 1076 1839 πραγμάτων
1138 1767 1232 1822 τοῦ
1284 1767 1737 1837 τελευτήσαντος.
1788 1764 1962 1818 Τοῦτο

2058 584 2239 637 omnia
2287 600 2405 652 quae
2465 591 2592 635 sunt
2647 582 2765 649 ejus
2816 581 2882 635 ad
2941 580 3228 635 ecclesiam
3271 578 3637 646 pertinebunt.

2060 674 2433 744 Descriptioue
2480 682 2658 726 autem
2709 672 2873 738 facta,
2910 681 2968 725 ut
3025 671 3228 727 dictum
3274 680 3377 735 est,
3415 669 3461 724 si
3506 671 3644 723 inte—

2055 776 2232 823 status
2261 768 2524 822 morietur
2568 768 2858 836 episcopus
2890 766 3142 819 exist-imo
3171 764 3314 833 quod
3346 765 3641 816 secundum

2059 858 2205 926 leges
2256 860 2469 926 cognati
2522 859 2658 928 ejus,
2712 858 2804 926 qui
2857 856 2930 912 ab
2960 857 3216 910 intestato
3262 865 3547 918 vocantur,
3591 855 3641 906 ei

2058 947 2369 1000 snt-cedent.
2422 946 2485 999 Et
2534 947 2576 999 si
2630 948 2770 1000 enim
2824 947 3068 1000 nonnulli
3123 961 3189 1001 ex
3241 946 3302 1001 8l
3359 961 3486 1000 can.
3519 960 3642 1013 syn.

2059 1037 2253 1093 Cartlt.
2292 1039 2547 1092 dixerunt
2591 1054 2712 1092 esse
2758 1039 2811 1092 in
2849 1046 3120 1107 potestate
3160 1038 3504 1092 succedentis
3532 1036 3647 1105 cpi—

2059 1132 2229 1200 scopi,
2279 1138 2336 1184 ut
2383 1131 2522 1185 bona
2562 1131 2681 1200 ejus
2719 1131 2814 1201 qui
2867 1142 3111 1186 mortuus
3138 1139 3221 1184 est
3251 1131 3560 1189 intestatus,
3591 1139 3647 1194 ut

2066 1222 2323 1289 voluerit,
2366 1222 2713 1278 administret
2763 1241 2777 1277 :
2823 1224 2917 1278 sed
2968 1222 3098 1277 mihi
3136 1222 3367 1287 videtur,
3409 1221 3550 1288 quod
3581 1235 3647 1273 ex

2062 1329 2127 1370 eo
2182 1331 2396 1369 canone
2447 1325 2722 1370 statuente
2774 1316 2973 1371 debere
3031 1330 3182 1391 eum,
3241 1316 3330 1383 qui
3390 1315 3648 1368 intestato

2073 1405 2327 1476 episcopo
2356 1408 2619 1473 succedit,
2650 1408 2988 1477 episcopum,
3024 1406 3440 1475 descriptionem
3472 1404 3650 1456 facere

2065 1497 2184 1566 ejus
2220 1508 2345 1551 voto
2393 1509 2803 1567 congruentem,
2847 1499 3151 1552 ostenditur
3186 1498 3422 1550 maxime
3456 1494 3652 1548 debere

2067 1588 2181 1640 ﬁeri
2215 1590 2510 1642 secundmn
2547 1589 2693 1659 leges
2724 1575 2907 1644 rerum
2946 1590 3184 1644 defuncti
3223 1587 3650 1642 successionem.

2072 1679 2184 1734 lloc
2209 1680 2353 1733 enim
2384 1682 2427 1735 si
2460 1680 2671 1743 fecerit,
2705 1682 2822 1748 ejus
2851 1692 2978 1737 voto
3006 1681 3416 1735 corthnientettt
3448 1678 3656 1733 descri-

2070 1771 2311 1841 ptionem
2345 1773 2528 1826 faciet.
2566 1773 2758 1839 Quzere
2788 1775 2949 1826 etiam
2977 1772 3048 1827 24
3077 1787 3200 1825 can.
3235 1770 3488 1825 Antioch.
3533 1786 3653 1840 syu.

374 1861 487 1931 γὰρ
525 1861 718 1925 ποιῶν,
754 1861 1026 1929 άρμοδίαν
1073 1859 1413 1914 διατύπωσιν
1460 1857 1683 1926 ποιήσει
1729 1854 1810 1925 τῷ
1858 1856 1959 1909 αύ-

2083 1872 2119 1914 :t
2150 1878 2272 1933 syn.
2308 1863 2360 1916 in
2391 1862 2565 1919 Trull.
2602 1880 2727 1918 can.
2762 1863 2850 1917 55.

374 1953 471 2006 τοῦ
522 1952 925 2021 ὲπαγγέλματι.
961 1953 1122 2022 Ζήτει
1168 1951 1261 2004 τὸν
1313 1952 1389 2005 κδ’
1436 1952 1642 2005 κανόνα
1686 1949 1800 2021 (30)
1846 1950 1951 2020 τῆς
1983 1952 2042 2005 ἐν
2084 1955 2391 2027 Ἀντιοχείᾳ
2426 1958 2646 2011 συνόδου
2692 1959 2787 2010 καὶ
2822 1958 2919 2027 τῆς
2964 1957 3023 2010 ἐν
3094 1956 3171 2027 τῷ
3238 1954 3497 2027 Τρούλλῳ
3556 1975 3654 2012 κα-

376 2045 508 2100 νόνα
534 2046 632 2105 λε’.

451 2141 702 2198 ΖΩΝΑΡ.
735 2142 847 2195 καί⁸
882 2141 910 2195 6
950 2142 1397 2211 τεσσαρακοστδς
1441 2142 1553 2195 τῶν
1600 2143 1776 2213 ἁγίων
1819 2147 1961 2199 ἁπο-

380 2233 585 2286 στόλων
608 2231 791 2287 κανὼν
814 2234 1024 2302 φανερὰ
1053 2229 1195 2286 εἰναι
1225 2234 1400 2305 ὁρίζει
1423 2235 1489 2287 τὰ
1515 2235 1626 2288 τδια
1657 2238 1965 2307 πράγματα

381 2326 479 2378 τοῦ
511 2325 836 2390 ἐπισκόπου,
870 2326 966 2378 καὶ
996 2327 1065 2379 τά
1098 2327 1359 2397 Κυριακά
1409 2327 1646 2397 φανερὰ,
1678 2331 1773 2380 καὶ
1807 2328 1963 2392 ἐξου-

384 2418 506 2471 σίαν
555 2417 738 2471 δίδωσι
768 2417 845 2487 τῷ
898 2417 1181 2488 ἐπισκόπῳ
1227 2419 1297 2472 τά
1332 2420 1532 2484 οἰκεῖα,
1578 2414 1658 2481 οἷς
1696 2419 1966 2488 βούλεται,

384 2510 842 2578 καταλιμπάνειν.
868 2510 978 2563 Kal
1010 2511 1039 2563 6
1062 2509 1139 2563 κδ’
1170 2511 1268 2580 τῆς
1294 2512 1353 2562 ἐν
1393 2510 1698 2581 Ἀντιοχείᾳ
1739 2513 1965 2565 συνόδου

384 2600 566 2654 κανὼν
594 2602 661 2654 τὰ
696 2601 836 2654 αὐτὰ
854 2601 1222 2655 διατάττεται.
1250 2602 1362 2656 Καὶ
1393 2604 1421 2656 6
1451 2602 1646 2672 παρὼν
1684 2602 1743 2655 δὲ
1788 2602 1971 2656 κανὼν

387 2694 725 2765 ἀπαγορεύει
750 2694 821 2747 τὰ
866 2693 946 2764 τῷ
980 2696 1269 2766 ἐπισκόπῳ
1301 2696 1635 2766 διαφέροντα
1668 2697 1975 2766 πράγματα

389 2786 541 2855 παρὰ
568 2786 678 2839 τῶν
704 2784 987 2856 κληρικῶν
1012 2786 1414 2858 διαρπάζεσθαι
1443 2787 1657 2841 ἐκείνου
1691 2787 1968 2850 θανόντος.

391 2877 467 2931 Τὸ
514 2876 593 2942 δὲ,
629 2877 828 2942 Καθὼς
865 2880 958 2932 καὶ
1009 2881 1123 2944 τοῖς
1175 2881 1707 2950 παραλαμϐάνουσιν
1759 2880 1974 2953 ἀπηγό-

392 2986 610 3039 ρευται,
653 2970 878 3041 νοητέον
933 2972 1074 3024 κατὰ
1110 2972 1202 3025 τδν
1243 2970 1316 3025 λε’
1373 2974 1579 3027 κανόνα
1631 2973 1732 3043 τῆς
1786 2975 1845 3027 ἐν
1896 2975 1974 3044 τῷ

391 3060 649 3132 Τρούλλῳ
681 3063 923 3127 συνόῖου,
956 3063 1238 3119 κωλύοντα
1288 3065 1381 3118 καὶ
1424 3068 1517 3119 τὸν
1564 3068 1976 3137 μητροπολίτην

388 3145 435 3217 ᾧ
476 3151 739 3205 ὑπέκειτο
788 3156 816 3207 6
867 3154 1204 3227 τελευτήσας
1251 3157 1575 3222 ἐπίσκοπος,
1607 3143 1833 3229 μήτετι
1866 3161 1977 3213 τῶν

393 3245 494 3312 τῆς
557 3245 855 3315 ἐκκλησίας
917 3247 1056 3318 μήτε
1120 3247 1229 3300 τῶν
1288 3247 1473 3301 ἰδικῶν
1531 3248 1627 3302 τοῦ
1672 3249 1976 3303 ἐπισκόπου

2146 2141 2401 2199 ZONAR.
2446 2140 2908 2209 Quadragesimns
2939 2157 3153 2212 quoque
3181 2153 3492 2198 sanctorum
3526 2160 3657 2214 apo-

2074 2235 2338 2291 stolorum
2390 2248 2584 2298 canon,
2621 2248 2865 2301 quaenam
2898 2234 3138 2302 episcopi
3184 2235 3417 2304 propria:
3447 2250 3660 2304 posses-

2076 2328 2280 2391 siones,
2331 2340 2560 2393 quaeque
2590 2324 2695 2377 Deo
2725 2325 2917 2378 dicata:
2948 2325 3079 2389 sint,
3112 2333 3298 2379 notum
3335 2325 3559 2379 omnino
3595 2342 3660 2380 ac

2078 2427 2338 2472 testatum
2391 2431 2513 2469 esse
2543 2416 2784 2469 decernit
2810 2432 2826 2481 ;
2856 2417 3237 2485 episcopoque,
3272 2418 3413 2483 quod
3442 2417 3508 2471 ad
3538 2433 3664 2487 pro-

2078 2510 2224 2578 prias
2271 2508 2648 2578 possessiones
2695 2509 2909 2573 attinet,
2944 2508 3064 2562 illas
3093 2518 3415 2577 testamento
3440 2508 3663 2564 cuicun-

2076 2621 2180 2677 que
2227 2605 2439 2660 libitum
2491 2604 2657 2660 fuerit
2686 2604 2895 2672 legandi
2935 2614 3254 2675 potestatem
3285 2605 3429 2661 facit.
3461 2606 3661 2661 Eadem
3757 2657 3768 2663 .

2074 2698 2430 2752 Antiochettte
2492 2697 2683 2767 synodi
2761 2706 2960 2765 quarto
3010 2706 3067 2751 et
3130 2695 3388 2751 vicesimo
3456 2712 3666 2753 canone

2073 2796 2393 2852 constituta.
2428 2794 2542 2848 Hoc
2571 2795 2732 2849 etiam
2764 2809 2997 2856 canone,
3025 2809 3146 2863 qua:
3178 2793 3338 2864 139
3370 2793 3660 2863 episcopus

2076 2888 2293 2958 propria
2322 2888 2583 2957 possedit,
2613 2902 2679 2941 eo
2721 2889 2828 2941 vita
2861 2885 3049 2941 functo
3073 2887 3257 2941 clerici
3289 2901 3479 2954 rapere
3505 2895 3668 2956 atque

2073 2981 2139 3035 ad
2168 2994 2224 3034 se
2250 2987 2493 3033 avertere
2529 2980 2900 3047 prohibentur.
2917 2976 3093 3033 Verba
3118 2987 3299 3032 autem
3333 2978 3423 3031 illa
3454 2975 3670 3049 [quem-

2074 3070 2364 3125 admodum
2430 3071 2835 3124 assutuentibus
2899 3083 3116 3139 quoque
3182 3069 3406 3122 vetitum
3457 3067 3565 3139 est]
3600 3082 3668 3121 ex

2074 3163 2262 3234 synodi
2320 3162 2589 3218 Trullana:
2617 3177 2820 3217 canone
2850 3162 3124 3216 tricesimo
3154 3161 3344 3229 quinto
3371 3158 3671 3228 intelligere

2078 3254 2236 3311 facile
2273 3264 2377 3310 est.
2412 3256 2489 3310 Eo
2520 3255 2789 3324 siquidem
2824 3255 2924 3308 loci
2957 3269 3021 3306 ne
3052 3252 3475 3321 metropolitano
3504 3251 3668 3305 etiam

397 3336 858 3406 σφετερίζεσθαιο
892 3338 1010 3390 ἀλλ’
1059 3339 1108 3391 εἰ
1166 3340 1269 3408 μὲν
1328 3339 1440 3392 εἷεν
1473 3343 1532 3393 ἐν
1578 3343 1642 3411 τῇ
1698 3341 1975 3412 ἐπισκοπῇ

2084 3348 2363 3418 episc0po,
2415 3362 2537 3402 cum
2590 3347 2786 3417 aliquis
2823 3362 2886 3400 ex
2937 3345 3199 3414 subjectis
3250 3344 3351 3398 sibi
3400 3341 3672 3413 episcopis

394 3431 680 3501 κληρικοί.
725 3430 857 3500 παρ’
901 3431 1133 3486 ἐκείνων
1186 3432 1501 3487 κελεύονται
1550 3433 1621 3487 τά
1673 3434 1983 3504 πράγματα

397 3523 788 3591 φυλάττεσθαι,
829 3525 1024 3596 μέχρις
1049 3524 1114 3578 ἂν
1147 3524 1336 3594 ἕτερος
1373 3527 1676 3589 ἐπίσκοπος
1710 3526 1943 3597 γένηται
1967 3540 1981 3556 ’

398 3616 451 3669 εἰ
483 3616 531 3668 δ’
557 3615 656 3669 οὐκ
712 3615 823 3671 εἷεν
866 3619 999 3679 ἴσως
1045 3617 1325 3687 κληρικοί.
1356 3614 1435 3687 τῷ
1468 3616 1845 3688 μητροπολίτῃ
1885 3617 1986 3685 τὴν

395 3711 611 3762 τούτων
657 3710 1053 3779 άνατιθέμενον
1098 3710 1377 3778 φυλακὴν,
1428 3709 1497 3761 ἵν’
1531 3709 1762 3779 ἀποδοίη
1807 3708 1985 3762 ταῦτα

399 3803 811 3871 άκαινοτόμητα
866 3801 945 3870 τῷ
1010 3799 1597 3872 χειροτονηθησομένῳ
1671 3800 1983 3870 ἐπισκόπῳ.

401 3892 945 3963 Παραλαμϐάνοντας
988 3888 1081 3945 οὖν
1129 3894 1259 3955 τοὺς
1309 3891 1612 3962 κληρικοὺς
1642 3891 1674 3962 ἢ
1710 3892 1836 3954 τοὺς
1883 3908 1987 3961 μη-

400 3986 730 4056 τροπολίτας
750 3985 937 4055 φησιν,
973 3984 1048 4048 ὼς
1076 3986 1176 4054 τὴν
1208 3985 1315 4036 τῶν
1349 3984 1697 4054 πραγμάτων
1739 3982 1989 4055 φυλακὴν

410 4076 932 4147 ἐμπιστευομένους.
970 4076 1097 4140 Τοῖς
1128 4078 1185 4130 δὲ
1209 4074 1612 4146 διαρπάζουσιν
1660 4075 1693 4146 ἢ
1728 4073 1989 4144 νοσφιζο-

409 4171 597 4239 μένοις
647 4188 700 4223 τι
755 4171 866 4223 τῶν
918 4170 1017 4237 τῆς
1071 4169 1383 4237 ἐπισκοπῆς
1434 4169 1467 4239 ἢ
1525 4168 1621 4220 τοῦ
1679 4168 1988 4222 ἐπισκόπου

406 4264 754 4332 πραγμάτων
811 4262 1085 4330 ἐπιτίμιον
1144 4262 1367 4328 ἐπάγει,
1410 4260 1512 4330 τὴν
1565 4259 1842 4315 ἔκπτωσιν
1874 4259 1986 4314 τῶν

403 4356 627 4408 οἰκείων
657 4353 902 4425 βαθμῶν,
935 4353 1389 4423 Καταλιμπάνειν
1423 4353 1479 4406 δὲ
1513 4353 1817 4407 ἐπίσκοπον
1840 4344 2013 4421 αἰρεέ

404 4450 585 4509 τικοῖς
637 4446 706 4499 τά
752 4447 926 4499 οἰκεῖα
988 4445 1317 4508 κεκώλυται,
1354 4445 1562 4514 μᾶλλον
1612 4444 1668 4498 δὲ
1730 4445 1994 4507 τοιούτοις

406 4538 738 4593 καταλιπὼν
778 4538 875 4591 καὶ
916 4538 1021 4589 ὑπὸ
1067 4537 1317 4605 άνάθεμά
1360 4539 1548 4590 ἐστιν·
1595 4536 1881 4591 ἀδιαθέτου
1936 4535 1994 4588 δὲ

406 4634 507 4686 τοῦ
538 4631 841 4686 ἐπισκόπου
886 4631 1342 4699 τελευτήσαντος,
1382 4631 1409 4681 6
1461 4629 1581 4699 μετ’
1626 4626 1834 4681 ἐκεῖνον
1877 4627 1997 4680 ἐπί-

2091 3440 2413 3504 decesserit,
2475 3439 2557 3495 vel
2626 3455 2689 3493 ex
2724 3439 2972 3494 ecclesia:
3009 3438 3089 3492 vel
3123 3452 3191 3491 ex
3236 3436 3405 3504 ipsius
3432 3433 3672 3503 episcopi

2094 3530 2253 3586 bonis
2307 3531 2601 3600 quidquam
2638 3530 2693 3585 in
2756 3546 2873 3585 rem
2924 3545 3077 3583 suam
3139 3536 3462 3583 convertere
3513 3525 3675 3580 liceat

2095 3622 2491 3678 interdictum:
2542 3624 2635 3679 sed
2685 3623 2950 3693 siquidem
3009 3623 3062 3676 in
3120 3622 3435 3690 episcopatu
3487 3617 3672 3672 clerici

2095 3714 2259 3780 aliqui
2297 3716 2441 3783 sint,
2488 3732 2674 3769 eorum
2707 3717 2827 3770 ﬁdei
2858 3717 2938 3785 ac;
2969 3714 3297 3785 diligentire‘,
3331 3713 3508 3781 quoad
3539 3709 3677 3764 alter
3758 3704 3761 3707 ’

2094 3806 2386 3876 episcopus
2436 3807 2782 3876 subrogetnr,
2815 3823 2876 3863 ea
2912 3808 3048 3861 bona
3099 3805 3480 3859 conunendata
3510 3815 3674 3864 esse;

2099 3898 2184 3953 sin
2235 3914 2365 3953 vero
2394 3899 2525 3952 nulli
2559 3898 2786 3953 forsitan
2820 3900 2929 3953 sint
2957 3898 3161 3961 clerici,
3193 3912 3223 3949 a
3256 3895 3675 3963 metropolitano

2098 3989 2309 4044 interea
2349 3989 2643 4054 asservari,
2693 3990 2874 4057 eique,
2930 3988 3022 4057 qui
3061 3987 3323 4042 snﬂ‘ectus
3367 3985 3533 4040 fuerit
3564 3983 3680 4051 epi‘

2097 4097 2284 4151 scopo,
2330 4084 2397 4136 ad
2431 4082 2666 4136 libellam
2707 4082 2889 4136 omnia
2923 4080 3073 4135 reddi
3102 4078 3361 4147 jultetur;
3400 4090 3681 4130 assumen-

2102 4175 2233 4228 tium
2264 4188 2393 4243 ergo
2440 4173 2658 4227 nomine
2705 4173 2934 4228 clericos
2979 4181 3074 4225 aut
3104 4170 3553 4239 metropolitanos
3596 4167 3681 4220 in-

2101 4264 2317 4348 telligit,
2369 4280 2600 4334 quorum
2656 4264 2777 4319 ﬁdei
2807 4280 2894 4320 res
2940 4263 3042 4317 illa:
3084 4263 3304 4317 creditae
3332 4270 3496 4329 atque
3535 4273 3685 4311 cont-

2103 4357 2369 4410 mendatt‘e
2412 4367 2558 4410 sunt.
2590 4356 2691 4423 Qui
2733 4371 2858 4409 vero
2881 4355 3087 4425 aliquid
3113 4369 3180 4408 ex
3208 4353 3365 4407 bonis
3393 4350 3681 4419 episc0pa-

2106 4456 2214 4511 tus,
2270 4457 2359 4500 aut
2411 4448 2648 4516 episcopi
2702 4448 2935 4516 propriis
2990 4446 3211 4516 rapiunt
3263 4453 3357 4496 aut
3421 4441 3680 4501 alienant,

2103 4539 2352 4592 ordinum
2385 4556 2605 4595 suorum
2648 4541 2903 4609 gradibus
2933 4538 3170 4592 amoveri
3202 4535 3462 4591 decernit.
3499 4532 3684 4587 Haere-

2107 4630 2242 4685 licos
2279 4641 2457 4687 autent
2496 4641 2822 4687 testamento
2873 4631 3116 4684 ltmredes
3163 4628 3403 4681 svrihere
3439 4623 3680 4693 episcopi

410 4742 621 4788 σκοπος
671 4724 740 4777 τὰ
795 4723 1008 4777 ἐκείνου
1059 4721 1269 4793 ὡρίσθη
1324 4722 1634 4791 οἰκονομεῖν
1688 4722 1975 4791 πράγματι

2103 4722 2460 4790 prohibentur
2488 4740 2502 4777 :
2533 4723 2689 4792 quin,
2743 4725 2788 4778 si
2832 4722 3082 4785 fecerint,
3123 4720 3289 4774 etiam
3336 4718 3685 4772 anathemate

412 4817 730 4881 θεαρὲστως
769 4815 914 4869 κατὰ
948 4814 1041 4869 τὸν
1091 4811 1174 4883 κβ¹
1198 4812 1294 4866 καί⁵
1324 4818 1414 4866 παν
1446 4812 1547 4883 τῆς
1578 4812 1638 4865 ἐν
1658 4812 1996 4885 Καρθαγένῃ

414 4908 641 4960 συνόδου
674 4906 895 4961 κανόνα.

2104 4827 2198 4868 eos
2244 4816 2415 4870 teneri
2457 4818 2835 4871 constitutum.
2868 4815 3023 4882 Quod
3071 4813 3117 4870 si
3146 4813 3295 4867 nullo
3342 4810 3487 4865 facto
3518 4819 3685 4863 testa-

2106 4912 2289 4959 mento
2313 4906 2599 4976 episcOpus
2623 4906 2936 4969 decesserit,
2961 4905 3271 4975 quicunque
3297 4904 3347 4955 in
3371 4901 3487 4971 ejus
3509 4900 3685 4953 locum

416 5002 585 5057 fuerit
611 4999 890 5065 sullectus,
921 4999 987 5056 de
1020 4994 1621 5054 illiusfortunisexﬁi
1649 5004 1706 5051 et
1746 4995 1811 5051 8|
1858 5010 1983 5067 syn.
2024 4994 2211 5050 Carth.
2249 5013 2372 5053 can.
2407 4999 2698 5069 quodADeo
2753 4998 3122 5069 gratissimum
3199 4995 3315 5049 fore
3395 4990 3691 5046 arbitrabi-

416 5108 530 5156 tnr,
569 5101 794 5150 statuet.

419 5186 646 5241 ΑΡΙΣΤ.
684 5185 749 5240 '0
782 5185 854 5250 ἐξ
882 5184 1213 5253 ἀνθρώπων·
1232 5184 1570 5239 ἐπισκόπου
1593 5182 2000 5254 γεγενημένου

490 5276 565 5331 τὰ
611 5276 850 5331 ἐκείνου
911 5273 1185 5347 ἁρπάζων
1256 5274 1363 5329 τοῦ
1426 5273 1670 5344 ,βαθμοῦ
1737 5274 2001 5343 ἁμαρτή-

493 5384 687 5425 σεται.

2107 5181 2336 5238 Αιιιδτ.
2372 5180 2475 5249 Ωιιὶ
2505 5183 2744 5251 episcopo
2780 5180 2883 5235 vita
2931 5176 3131 5247 functo,
3174 5176 3316 5229 illius
3362 5173 3496 5227 bona
3527 5170 3686 5238 rapit,

2648 5274 2819 5344 gradu
2854 5272 3154 5340 dejicielur.

1657 5479 1846 5543 Guill.
1872 5482 2201 5561 Beveregii
2234 5487 2424 5542 noue.

502 5586 614 5655 (50)
637 5584 812 5651 Ζήτει
837 5584 947 5637 τὸν
976 5582 1063 5638 κδ’
1096 5584 1348 5640 κανόνα.
1367 5581 1816 5655 ΡντοτίιίεᾲνοᾷτΙι-ἰε,
1841 5597 2011 5655 usque

430 5652 519 5709 adv
561 5658 720 5709 linem
773 5655 1286 5722 interpretationis,
1346 5652 1478 5705 ttilttl
1540 5653 1684 5705 aliud
1738 5653 1791 5704 in
1842 5653 2009 5720 priori

437 5724 775 5779 Balsamonis
808 5721 1047 5777 editione
1092 5722 1277 5777 Grazca
1341 5724 1599 5791 occurrit,
1657 5738 1818 5789 quam
1858 5721 2012 5791 ζήτει

438 5796 533 5847 καὶ
558 5794 651 5846 τὸν
678 5796 736 5847 ἐν
760 5792 836 5864 τῷ
854 5792 1113 5865 Τρούλλῳ
1137 5809 1264 5862 κεφ.
1288 5790 1380 5844 λε’.
1417 5790 1521 5845 Sed
1557 5801 1753 5847 nostra:
1789 5792 2009 5846 lectioni

2119 5582 2484 5653 suffragantur
2511 5595 2612 5637 ms.
2633 5577 2992 5653 llasilecnsis,
3027 5575 3179 5653 iisque
3205 5585 3361 5652 quem
3391 5568 3689 5653 Gentianus

2118 5642 2385 5708 llervctus
2417 5651 2710 5706 transtulit.
2742 5649 2943 5704 Locum
2978 5642 3139 5698 etiam
3169 5644 3221 5697 in
3255 5642 3420 5709 priori
3448 5642 3686 5692 editione

2113 5733 2428 5790 corruptum
2463 5737 2606 5789 esse,
2670 5737 2732 5775 ex
2765 5720 2896 5790 ipsis
2924 5714 3309 5770 νοτιιίεμυυίνιε
3338 5728 3400 5767 ea
3432 5710 3688 5765 conside-

2114 5795 2255 5847 ranti
2295 5803 2465 5866 patet.
