4078 6418
428 364 526 427 471

1692 367 1969 429 THECD.
2007 370 2095 428 BA
2110 372 2408 431 LSAMON

3582 376 3687 433 472

433 485 597 547 nitos,
624 496 689 536 ex
724 481 855 536 urbe
898 479 951 533 in
977 495 1138 550 quam
1170 481 1557 553 immigrarunt
1589 484 1857 535 excedere
1890 483 2000 535 vult

2109 506 2229 552 τους
2250 490 2343 542 οὖν
2375 488 2526 556 παρά
2553 488 2661 541 τῶν
2688 488 2916 541 ἐκδίκων
2938 486 3416 556 ύπομιμνήκεσθαι
3440 486 3687 555 βούλεται

428 588 605 629 canon
632 592 645 635 ς
696 583 1050 629 cnntnmaces
1102 590 1232 629 vero
1260 593 1324 629 ac
1357 578 1407 629 in
1441 592 1535 629 sua
1568 576 1999 645 importunitate,

429 665 793 719 iuobedieutia
823 666 1074 721 videlicet
1106 667 1547 736 impudentiaqiie
1564 664 1900 731 obﬁrmatos,
1921 665 2003 717 vel

427 759 841 811 commissorum
880 758 980 813 sibi
1031 759 1195 813 etiam
1246 759 1587 827 negotiorum
1644 758 1999 812 administra-

430 850 629 904 tionem
665 852 945 908 mordicus
980 854 1304 916 retinentes,
1358 853 1484 918 ejici
1521 869 1548 906 a
1583 852 1872 906 defensore
1919 853 2001 905 vel

427 943 645 1009 invitos,
682 952 844 1014 atque
883 946 935 997 in
982 960 1131 998 suam
1177 948 1470 1000 stationem
1524 946 1771 1016 compelli
1823 944 1996 1012 jubet.

426 1033 737 1104 Eademque
780 1036 1170 1091 constitutione
1210 1038 1508 1092 monachos
1558 1052 1777 1106 quoque
1828 1036 1997 1091 teneri

425 1125 700 1179 decretum
727 1137 831 1180 est.

426 1216 655 1273 ARIST.
690 1219 883 1274 Clerici
912 1232 958 1275 et
985 1222 1224 1277 monachi
1246 1222 1337 1289 qui
1364 1220 1592 1289 episcopi
1620 1220 1831 1289 injussu
1857 1219 1997 1275 Con-

493 1312 838 1379 stantinoyioli
869 1324 1287 1378 commorantur,
1315 1322 1360 1365 et
1392 1313 1570 1365 turbas
1595 1314 1845 1370 excitant.
1873 1313 1997 1365 urbe

498 1404 851 1471 expelluntur.

494 1602 685 1656 Clerici
741 1610 833 1655 aut
889 1603 1136 1656 monachi
1204 1602 1295 1671 qui
1357 1614 1552 1671 pneter
1611 1603 1849 1673 episcopi
1912 1603 1992 1657 sui

425 1695 751 1749 sententiam
817 1693 1288 1765 Cunstantinopoli
1359 1696 1741 1759 inveniuntur,
1809 1703 1863 1748 et
1920 1695 1990 1748 ibi

423 1784 848 1842 ecclesiasticum
920 1788 1241 1855 perturbant
1315 1797 1556 1852 statum,
1609 1789 1676 1842 ab
1740 1788 1997 1842 Ecclesize

423 1876 1037 1947 ConstantinOpolitanae
1094 1881 1335 1934 exarcho
1400 1880 1625 1934 civitate
1713 1880 1991 1948 expellan-

425 1975 533 2023 tur.

973 2104 1214 2161 CANON
1256 2107 1446 2163 XXIV.

425 2212 559 2280 Quae
588 2219 747 2270 semel
769 2217 1039 2273 uoluntate
1063 2219 1289 2287 episcopi
1322 2230 1633 2276 consecrata
1668 2234 1786 2277 sunt
1815 2240 2002 2278 mona-

494 2312 679 2377 steria,
707 2323 954 2380 perpetuo
975 2331 1187 2369 manere
1217 2318 1567 2379 monasteria,
1592 2328 1640 2371 et
1673 2333 1753 2370 res
1785 2334 1901 2385 quae
1931 2319 2000 2371 ad

495 2419 561 2457 ea
610 2404 870 2471 pertinent
927 2407 1164 2467 servari,
1224 2423 1386 2476 caque
1443 2423 1547 2461 non
1598 2409 1827 2474 aniplius
1883 2410 2004 2476 fieri

493 2496 778 2549 smcnlaria
829 2495 1159 2551 habitacula.
1200 2496 1307 2550 Eos
1356 2507 1553 2563 autem,
1605 2500 1695 2568 qui
1743 2501 1839 2555 lioc
1885 2501 2005 2570 ﬁeri

493 2586 825 2653 permittunt,
855 2600 1114 2639 canonum
1143 2587 1313 2655 poenis
1344 2587 1559 2655 subjici.

499 2780 692 2839 BALS.
724 2782 968 2838 Praesens
994 2798 1186 2849 canon,
1236 2783 1327 2853 qui
1366 2785 1558 2838 statuit
1592 2800 1695 2839 non
1739 2785 1851 2841 ﬁeri
1899 2803 2004 2843 sa:-

425 2874 631 2928 cularia
692 2875 1012 2940 diversoria,
1082 2890 1183 2930 nec
1238 2877 1544 2931 communia
1598 2878 1711 2932 ﬁeri
1762 2894 1882 2948 qua:
1940 2882 2005 2935 de

428 2965 672 3035 episcOpi
716 2968 986 3019 sententia
1020 2976 1340 3022 consecrata
1368 2976 1497 3024 sunt
1525 2972 1876 3035 monasteria,
1910 2985 2004 3026 eas

427 3071 642 3129 quoque
668 3071 755 3112 res
777 3058 1005 3123 servari,
1038 3074 1160 3128 quae
1193 3060 1260 3114 ad
1296 3062 1407 3130 ipsa
1443 3063 1738 3128 pertinent,
1770 3075 1825 3117 ut
1855 3073 1908 3118 et
1934 3065 2001 3119 de

2109 581 2135 632 ό
2169 581 2344 634 κανὼν
2366 583 2596 646 ἐξελθεῖν
2611 582 2709 649 τῆς
2727 581 2952 644 πόλεως,
3040 578 3397 648 παροικοῦσιν
3416 594 3431 608 ·
3449 580 3498 631 εί
3532 578 3587 630 δὲ
3614 578 3689 646 μὴ

2109 672 2405 735 πείθοιντο,
2436 675 2546 735 τοίς
2575 673 2757 730 αὐτοῖς
2793 671 2847 722 δὲ
2889 671 3210 737 πράγμασιν
3245 670 3579 738 ὲπιμένοιεν,
3616 671 3683 735 τῇ

2106 766 2442 837 ἀνυποταξὶᾳ
2458 765 2657 835 δηλαδὴ
2671 766 2765 817 καὶ
2784 764 3158 832 ἀναισχυντίᾳ,
3173 762 3205 831 ἦ
3220 764 3284 832 τῇ
3298 763 3467 829 διοική
3478 778 3559 813 σει
3575 760 3687 812 τῶν

2106 859 2291 920 αὐτοῖς
2343 857 2791 927 ἐγχειρισθέντων
2875 855 3262 923 πραγμάτων,
3316 850 3684 905 ἐκϐάλλεσθαι

2108 950 2201 1001 καὶ
2230 949 2458 1009 ἄκοντας
2483 949 2509 998 ό
2544 947 2724 998 κανὼν
2754 945 3099 998 διατάττεται
3136 943 3289 1013 παρά
3320 941 3413 994 τοῦ
3446 942 3682 1003 ὲκδὶκου,

2103 1040 2199 1092 καὶ
2245 1041 2325 1101 είς
2352 1042 2479 1098 τοὺς
2516 1039 2675 1102 ίδίους
2718 1037 2936 1091 ἀπιέναι
2970 1036 3187 1099 τόπους.
3248 1035 3331 1087 Τά
3356 1033 3494 1087 αύτά
3593 1033 3689 1085 καὶ

2103 1149 2170 1184 πε
2179 1133 2232 1201 pl.
2259 1132 2530 1200 μοναχῶν.

2101 1224 2325 1276 ΑΡΙΣΤ.
2388 1226 2452 1274 Ol
2510 1223 2851 1276 ἐπισκόπου
2907 1221 3047 1289 δίχα
3098 1218 3174 1287 τῇ
3228 1218 3689 1274 Κωνσταντίνου

2171 1316 2575 1383 διατρίϐοντες
2629 1315 2803 1367 πόλει
2834 1313 3109 1380 κληρικοὶ
3154 1312 3253 1364 καί
3299 1306 3688 1380 μονάζοντες,

2171 1407 2269 1461 καὶ
2309 1407 2574 1474 ταραχὰς
2604 1407 3036 1475 ἁνετείροντες,
3089 1402 3192 1472 τῆς
3227 1404 3461 1467 πόλεως
3510 1400 3692 1453 ἐλαυ-

2166 1500 2502 1556 νέσθωσον.

2173 1609 2236 1661 Οἱ
2271 1608 2422 1679 ποιρά
2459 1607 2688 1677 γνώμης
2741 1607 2836 1660 τού
2894 1607 3027 1660 ἰδίου
3065 1606 3369 1659 ἐπισκόπου
3427 1599 3689 1672 εὑρισκό-

2104 1718 2254 1771 μενοι
2295 1702 2353 1754 ὲν
2401 1700 2987 1755 Κωνσταντινουπόλει
3039 1698 3294 1766 κληρικοὶ
3357 1694 3453 1749 καὶ
3514 1692 3683 1762 μονά-

2105 1791 2290 1854 ζοντες
2320 1789 2457 1859 (32),
2494 1790 2589 1841 xui.
2634 1789 2735 1859 τὴν
2792 1787 3263 1858 ὲκκλησιαστικὴν
3326 1783 3688 1855 θορυϐοῦντες

2103 1880 2463 1941 κατάστασιν,
2494 1880 2581 1933 διὰ
2608 1880 2704 1932 τού
2741 1880 2961 1932 ὲκδίκου
2996 1879 3093 1948 τῆς
3124 1878 3268 1931 κατά
3327 1878 3682 1930 Κωνσταντι-

2122 1970 2377 2025 νούπολιν
2411 1968 2739 2038 Ἑκκλησίας
2753 1971 2853 2040 τῆς
2867 1970 3073 2032 πόλεως
3102 1966 3535 2022 ὲλαυνέσθωσαν.

2690 2104 2929 2157 ΚΔΝΩΝ
2970 2105 3098 2157 ΚΔ’.

2110 2221 2187 2276 Τὰ
2220 2218 2382 2284 ἅπαξ
2404 2215 2834 2286 καθιερωθέντα
2856 2217 3238 2285 μοναστήρια
3268 2213 3419 2268 κατὰ
3444 2213 3692 2283 γνώμην

2173 2312 2516 2366 ἐπισκόπου
2540 2310 2748 2379 μένειν
2772 2310 2860 2374 είς
2881 2310 2946 2360 τὸ
2980 2307 3259 2374 διηνεκὲς
3291 2306 3678 2377 μοναστήρια

2174 2405 2275 2458 καὶ
2294 2404 2364 2457 τὰ
2376 2403 2684 2471 ἀνήκοντα
2700 2401 2905 2467 αὐτοῖς
2924 2401 3237 2468 πράγματα
3258 2399 3687 2469 φυλάττεσθαι,

2175 2499 2273 2552 καὶ
2299 2498 2508 2569 μηκέτι
2552 2495 2828 2563 γίνεσθαι
2880 2494 3069 2547 ταῦτα
3100 2492 3368 2560 κοσμικὰ
3423 2490 3689 2559 καταγώ-

2176 2605 2298 2658 για.
2360 2588 2507 2653 Τοὺς
2540 2586 2609 2639 δὲ
2650 2585 3124 2655 συγχωροῦντας
3176 2585 3354 2637 τοῦτο
3417 2584 3689 2651 τίνεσθαι

2178 2683 2536 2736 ὑποκεῖσθαι
2558 2679 2684 2744 τοῖς
2716 2680 2784 2732 ἐκ
2811 2677 2930 2732 τῶν
2962 2679 3237 2731 κανόνων
3260 2677 3598 2745 ἐπιτιμίοις.

2179 2793 2372 2849 ΒΑΛΣ.
2413 2793 2474 2845 ’0
2531 2791 2721 2861 παρὼν
2775 2792 2954 2844 κανὼν
3009 2787 3378 2861 διοριζόμενος
3429 2787 3503 2857 μὴ
3543 2787 3696 2854 γίνε-

2109 2885 2235 2940 σθαι
2260 2884 2502 2955 κοσμικὰ
2539 2882 2886 2951 καταγώγια,
2928 2883 3061 2953 μηδὲ
3093 2881 3407 2935 κοινοῦσθαι
3436 2880 3507 2933 τὰ
3546 2879 3693 2932 κατὰ

2107 2978 2336 3050 γνώμην
2373 2979 2467 3032 τοῦ
2504 2980 2807 3034 ἐπισκόπου
2856 2976 3270 3046 καθιερωθέντα
3325 2973 3688 3042 μοναστήρια,

2108 3071 2478 3142 φυλάττεσθαι
2502 3070 2560 3123 δὲ
2594 3089 2691 3124 και
2716 3070 2785 3123 τὰ
2810 3071 3083 3139 ἀνήκοντα
3124 3069 3314 3130 αὐτοῖς
3359 3068 3689 3135 πράγματα,

427 3146 878 3202 monasteriorum
902 3150 1261 3205 aediﬁcatione
1288 3155 1450 3207 tacite
1472 3155 1735 3222 praecipit,
1767 3172 1829 3211 ea
1859 3159 2000 3225 quod

2109 3161 2448 3232 ἀσυμφανῶς
2481 3161 2948 3232 παρακελεύεται,
2992 3160 3089 3213 καὶ
3123 3161 3192 3214 τὰ
3226 3161 3357 3230 περὶ
3397 3159 3496 3227 τῆς
3526 3157 3693 3224 ποιή-

426 3239 558 3293 dicit
591 3239 829 3311 episcopi
853 3240 1156 3297 voluntate.
1187 3241 1296 3298 Sed
1328 3247 1597 3313 quomodo
1626 3248 1739 3303 tieri
1773 3250 2005 3304 debeant

429 3332 782 3397 monasteria,
830 3347 859 3385 a
906 3334 1082 3403 primo
1117 3351 1325 3390 canone
1375 3338 1566 3409 synodi
1619 3354 1737 3408 quae
1791 3339 1893 3395 fuit
1951 3342 2002 3395 in

429 3423 627 3494 templo
658 3422 984 3479 Sanctorum
1034 3427 1440 3497 Apostolorum,
1479 3428 1650 3484 iusius
1696 3432 1915 3499 disces;
1952 3443 2007 3487 et

429 3517 596 3570 etiam
634 3532 662 3569 a
695 3517 870 3584 primo
917 3518 1099 3588 capite
1145 3521 1305 3589 primi
1352 3522 1438 3575 tit.
1502 3537 1554 3576 iv
1612 3523 1735 3576 libri
1779 3523 2002 3579 Basilio.

430 3606 571 3675 quod
614 3616 702 3660 est
751 3622 869 3677 cap.
925 3607 1165 3676 52,125
1219 3608 1511 3666 Justiniani
1575 3611 1832 3679 Novellae,
1884 3628 2007 3683 quae

429 3700 750 3770 coinpendio
807 3701 981 3770 posita
1025 3712 1109 3756 est
1139 3702 1247 3755 ini
1298 3717 1419 3772 cap.
1470 3704 1530 3757 ll
1581 3704 1666 3757 tit.
1724 3703 2006 3772 praesentis

427 3793 625 3862 operis.
661 3789 1082 3861 lnterrogaverit
1115 3802 1293 3847 autem
1320 3795 1608 3863 quispiam,
1631 3810 2002 3864 cumquanam

427 3884 672 3940 custodia
723 3898 810 3939 res
843 3885 1301 3938 monasteriorum
1350 3886 1555 3967 servari
1583 3884 1770 3953 jubcat
1798 3900 1994 3953 canon,

427 3988 485 4035 et.
513 3993 760 4048 quamam
791 3993 868 4032 ea:
900 3978 1032 4033 sint.
1081 3979 1158 4032 Ac
1187 3980 1430 4033 nonnulli
1466 3980 1701 4048 ‘quidem
1747 3979 2006 4034 dixerunt

426 4071 608 4126 omnia
637 4071 1094 4126 monasteriorum
1126 4082 1235 4129 tam
1265 4071 1488 4125 mobilia
1512 4087 1673 4141 quam
1706 4072 2000 4126 immobilia

429 4174 487 4217 ut
518 4164 634 4233 ipsa
665 4164 831 4218 etiam
865 4164 1198 4218 monasteria
1249 4164 1615 4219 iualienabilia
1657 4166 1999 4219 conservari.

427 4255 557 4313 Mihi
586 4265 764 4311 autem
806 4257 1021 4310 videtur
1045 4271 1219 4310 canon
1259 4258 1345 4311 hic
1374 4257 1520 4326 loqui
1558 4259 1627 4310 de
1675 4272 1864 4327 magna
1902 4271 2004 4310 cu-

426 4347 626 4413 stodia,
657 4362 867 4403 summa
896 4347 1105 4402 scilicet
1138 4347 1438 4417 diligentia.
1469 4347 1830 4404 lmmobilium
1858 4348 2000 4400 enim

427 4439 494 4491 ad
526 4452 587 4491 ea
634 4436 1042 4505 pertinentium,
1088 4445 1140 4490 et
1182 4449 1446 4504 praetcrea
1506 4437 1670 4490 etiam
1721 4451 2003 4490 sacrorum

425 4543 680 4583 vasorum
713 4542 1102 4596 nonnunquam
1138 4526 1394 4579 alienatio
1446 4527 1803 4594 permittitur.
1864 4526 2004 4591 Lege

428 4632 596 4678 totum
627 4622 662 4672 2
706 4619 789 4679 tit.
827 4618 923 4677 lib.
962 4634 992 4665 ν
1033 4616 1249 4675 Basilic.
1279 4618 1560 4671 docentem
1587 4616 1752 4685 justis
1778 4616 2003 4692 quibus—

426 4715 550 4767 dam
581 4713 645 4766 de
672 4713 875 4777 causis,
910 4725 1019 4764 non
1047 4707 1223 4764 solum
1265 4709 1380 4783 dari
1414 4707 1644 4776 pignori,
1676 4710 1769 4763 sed
1808 4709 2001 4776 quavis

424 4806 593 4861 etiam
626 4802 954 4857 alienatione
987 4801 1211 4854 alienari
1236 4802 1591 4855 ecclesiarum
1627 4801 1923 4856 immobilia
1944 4810 2001 4855 et

427 4912 584 4954 sacra
615 4910 761 4949 vasa.
787 4894 1055 4966 Quoniam
1090 4902 1273 4947 autem
1309 4893 1439 4948 dicit
1478 4908 1592 4961 eos,
1646 4895 1737 4964 qui
1771 4895 1998 4965 permit-

431 5000 549 5045 tunt
579 4989 890 5043 communia
928 4989 1041 5043 ﬁeri
1090 4989 1439 5052 monasteria,
1496 5004 1767 5043 canonum
1820 4989 2000 5057 ptenis

427 5080 647 5149 subjici,
668 5082 941 5150 rogaverit
973 5080 1264 5150 quispiam,
1300 5095 1547 5150 quaenam
1576 5097 1655 5135 ea:
1680 5080 1808 5134 sint.
1847 5080 2003 5135 Scias

427 5190 559 5244 ergo
613 5172 756 5240 quod
810 5172 876 5226 15
927 5187 1101 5227 canon
1141 5174 1173 5227 7
1203 5188 1322 5242 syn.
1373 5172 1524 5237 dicit,
1566 5187 1661 5227 eos
1703 5172 1795 5241 qui
1847 5185 2001 5226 sacra

428 5264 733 5321 communia
760 5264 984 5330 faciunt,
1018 5275 1069 5321 et
1099 5282 1161 5319 ea
1195 5264 1249 5319 in
1291 5263 1571 5334 antiquam
1616 5262 1845 5315 formam
1895 5276 2000 5315 non

429 5358 740 5425 restituunt,
763 5358 810 5413 si
830 5358 1166 5428 siutquidom
1198 5361 1535 5417 sacerdotes,
1551 5352 1745 5408 debere
1762 5351 1960 5420 deponi
1987 5368 2001 5406 :

2041 4506 2166 4587 vi;

2109 3269 2248 3314 σεως
2274 3251 2383 3305 τῶν
2415 3251 2821 3321 μοναστηρίων.
2869 3250 2957 3302 διὰ
2981 3249 3076 3302 τοῦ
3112 3249 3311 3310 εἰπεῖν,
3339 3246 3486 3298 κατὰ
3543 3243 3687 3312 γνὼ-

2111 3361 2219 3415 μην
2266 3342 2364 3398 τοῦ
2403 3343 2730 3396 ἐπισκόπου.
2789 3341 3028 3411 Μαθήσῃ
3054 3340 3111 3394 δὲ
3175 3338 3514 3408 πλατύτερον
3569 3336 3690 3398 πῶς

2106 3435 2384 3500 ὀφείλουσι
2410 3435 2660 3502 γίνεσθαι
2718 3436 2787 3488 τὰ
2845 3438 3189 3505 μοναστήρια
3220 3433 3326 3487 ἀπὸ
3372 3433 3468 3485 τοῦ
3494 3429 3543 3485 α’
3580 3446 3683 3482 κα-

2108 3528 2256 3589 νόνος
2288 3531 2387 3596 τῆς
2420 3530 2475 3581 ὲν
2505 3527 2581 3596 τῷ
2603 3527 2715 3597 ναῷ
2746 3528 2855 3580 τῶν
2891 3527 3091 3591 Ἀγίων
3114 3525 3457 3580 Ἀποστόλων
3489 3522 3690 3577 συστὰ-

2109 3635 2207 3687 σης
2246 3619 2484 3684 συνόδου,
2527 3621 2622 3671 καὶ
2649 3620 2757 3673 ἀπὸ
2795 3618 2888 3671 τοῦ
2907 3617 2954 3673 α’
2983 3636 3106 3686 κεφ.
3143 3617 3238 3671 τοῦ
3263 3623 3310 3671 α’
3332 3617 3511 3670 τίτλον
3529 3613 3621 3667 τοῦ
3645 3611 3688 3667 δ’

2110 3711 2314 3783 βιῦλίυυ
2380 3711 2486 3763 τῶν
2533 3711 2843 3765 Βασιλικῶν
2871 3713 3008 3780 ὅπερ
3032 3712 3149 3762 ἐστὶ
3173 3727 3298 3778 κεφ.
3330 3709 3409 3779 νβ’
3433 3708 3531 3778 τῆς
3567 3701 3680 3775 pm!

2117 3802 2543 3858 Ἰουστινιανείου
2574 3802 2814 3874 Νεαρᾶς,
2842 3801 3163 3868 συνοψισθὲν
3193 3804 3271 3862 εἰς
3298 3801 3359 3853 τδ
3382 3798 3431 3853 α’
3450 3794 3686 3866 κεφ.τοῦ

2110 3896 2178 3950 ια’
2230 3897 2408 3951 τίτλου
2464 3895 2558 3949 τοῦ
2610 3896 2876 3967 παρόντος
2930 3894 3326 3963 συντάγματος.
3392 3890 3690 3961 Ἐρωτήσει

2106 3988 2163 4041 δέ
2198 4006 2282 4051 τις
2313 3987 2454 4059 μετά
2478 3988 2638 4050 ποίας
2683 3987 2933 4056 φυλακῆς
2972 3987 3042 4039 τὰ
3082 3987 3390 4056 πράγματα
3426 3984 3536 4037 τῶν
3594 3999 3690 4053 μο-

2104 4080 2415 4149 ναστηρίων
2471 4079 2843 4148 φυλάττεσθαι
2903 4083 2930 4132 ό
2980 4077 3164 4132 κανὼν
3208 4074 3680 4146 παρακελεύεται,

2108 4173 2204 4227 καὶ
2235 4175 2363 4226 ποῖα
2400 4172 2576 4226 ταῦτά
2602 4175 2727 4227 εισι.
2754 4173 2861 4225 Καί
2898 4189 3045 4231 τινες
3091 4172 3189 4241 μὲν
3244 4168 3397 4223 εἷπον
3451 4169 3688 4239 ὀφείλειν

2107 4262 2284 4316 πάντα
2322 4263 2391 4316 τὰ
2421 4264 2531 4315 τῶν
2579 4265 2965 4332 μοναστηρίων
3022 4261 3219 4331 κινητὰ
3270 4260 3366 4313 καὶ
3426 4260 3685 4328 ἀκίνητα,

2104 4351 2182 4414 ὡς
2203 4355 2297 4405 καὶ
2313 4353 2449 4405 αύτά
2468 4354 2534 4405 τὰ
2560 4358 2900 4423 μοναστήρια
2921 4353 3309 4422 συντηρεῖσθαι
3328 4353 3686 4422 ἀνεκποίητα’

2111 4444 2236 4513 ἐμοὶ
2264 4443 2319 4495 δὲ
2369 4444 2517 4497 δοκεῖ
2556 4445 2637 4497 ὅτι
2666 4446 2695 4496 ό
2732 4446 2910 4498 κανὼν
2942 4444 3181 4499 ἐνταῦθα
3242 4444 3374 4512 περὶ
3439 4444 3689 4513 φυλακῆς

2146 4536 2259 4602 ἐγει
2293 4535 2558 4606 μεγάλης,
2588 4535 2829 4605 δηλονότι
2863 4535 3040 4607 ἀκρας
3061 4535 3402 4605 ἐπιμελείας.
3430 4536 3554 4588 Τῶν
3576 4535 3689 4606 γὰρ

2112 4628 2478 4697 διαφερόντων
2508 4627 2722 4691 τούτοις
2772 4629 3071 4697 ἀκινήτων,
3124 4629 3259 4698 πρὸς
3287 4629 3346 4681 δὲ
3390 4630 3487 4681 καὶ
3527 4629 3691 4682 τινῶν

2115 4718 2276 4786 ἱερῶν
2314 4719 2547 4782 σκευῶν,
2599 4718 2748 4771 ἐστιν
2777 4719 2866 4770 ὅτε
2901 4720 2933 4786 ἡ
2964 4718 3253 4788 ὲκποίησις
3304 4719 3685 4787 ἐπιτρέπεται.

2114 4810 2224 4861 Καὶ
2250 4809 2528 4881 ἀνάγνωθι
2560 4808 2650 4860 τὸν
2671 4809 2793 4861 ὅλον
2836 4808 3093 4877 δεύτερον
3155 4808 3331 4862 τίτλον
3367 4808 3461 4861 τοῦ
3498 4807 3539 4861 ε’
3607 4808 3690 4877 βι-

2114 4901 2264 4952 ϐλίου
2292 4901 2400 4953 τῶν
2434 4899 2759 4964 Βασιλικῶν,
2781 4900 3105 4953 διδάσκοντα
3133 4898 3191 4965 ἐξ
3223 4898 3463 4967 εὐλόγων
3493 4901 3686 4954 αἰτιῶν

2110 5009 2297 5056 τινων,
2354 4991 2430 5062 μὴ
2494 4990 2653 5060 μόνον
2726 4990 3081 5043 ὑποτίθεσθαι
3143 4993 3210 5051 τὰ
3232 4991 3341 5044 τῶν
3377 4991 3686 5062 ἐκκλησιῶν

2112 5081 2349 5150 ἀκίνητα
2397 5080 2491 5131 καὶ
2542 5079 2662 5149 ἱερὰ
2725 5078 2915 5147 σκεύη,
2981 5079 3120 5132 ἀλλὰ
3197 5080 3294 5132 καὶ
3342 5080 3687 5133 ὲκποιείσθαι

2112 5172 2254 5223 κατά
2282 5170 2463 5221 πᾶσαν
2495 5168 2803 5239 ἐκποίησιν.
2846 5168 3004 5221 Ἐπεὶ
3057 5169 3113 5221 δέ
3141 5187 3276 5239 φησι
3303 5172 3429 5231 τοὺς
3474 5187 3688 5239 συγχω-

2116 5260 2341 5331 ροῦντας
2372 5259 2679 5312 κοινοῦσθαι
2704 5260 2771 5311 τὰ
2804 5262 3149 5331 μοναστήρια
3195 5262 3517 5321 ὑποκεῖσθαι
3572 5265 3686 5325 τοῖς

2112 5354 2219 5409 τῶν
2250 5354 2489 5405 κανόνων
2513 5352 2830 5420 ἐπιτιμίοις,
2877 5353 3143 5421 ἐρωτήσει
3215 5370 3301 5417 τις
3330 5354 3458 5409 ποῖα
3512 5352 3687 5407 ταῦτά

1660 5519 1852 5582 Guill.
1889 5517 2217 5595 Bcveregii
2256 5524 2441 5579 notae.

504 5672 613 5737 (5:2)
645 5675 938 5741 Κληρικοὶ
992 5674 1089 5727 καὶ
1116 5672 1507 5741 μονάζοντες..
1552 5670 1610 5724 in
1664 5669 1779 5741 hac,
1818 5667 1990 5721 Alexii

334 5768 346 5779 -
433 5734 690 5806 Aris‘teui,
750 5734 954 5798 t'i'ecuon
1002 5734 1641 5812 Syttt'cmiisLngotthetzc
1698 5738 1991 5812 epitomea

430 5812 653 5873 Jubtelio
710 5811 854 5867 edita
876 5851 890 5867 .
950 5808 1063 5868 [nec
1094 5812 1252 5868 verba
1290 5811 1526 5869 desunt:
1561 5823 1679 5866 una:
1712 5816 1892 5867 tamen
1927 5808 1992 5860 ad

2105 5667 2319 5736 plenum
2374 5681 2667 5731 verumque
2714 5665 2939 5720 canonis
2991 5662 3409 5732 exprimendum
3458 5675 3682 5736 sensum

2104 5730 2411 5857 neacssario
2441 5730 2814 5790 intchcrenda
2871 5745 3018 5798 sunt,
3058 5730 3209 5804 juxta
3260 5745 3501 5787 nostrum
3538 5730 3683 5784 hunc

2104 5822 2184 5857 Cm
2214 5819 2369 5857 item.

2104 5819 2369 5861 Codicetn.
