4078 6456
343 373 460 436 4'73

1407 379 1491 443 IN
1534 381 1698 445 CAN.
1745 384 1902 445 XXV
1941 384 2150 447 CONC.
2183 385 2548 449 CHAI.CED.

3513 388 3618 453 474

344 514 365 548 ε
386 499 481 549 Ξσι.
503 494 746 549 Γίνωσκε
776 490 869 549 οὖν
890 496 971 550 ὅτι
994 498 1021 552 ό
1045 494 1111 565 ιγ
1136 499 1316 553 κανὼν
1334 502 1432 569 τῆς
1464 499 1508 565 ζ’
1531 497 1755 554 συνόδου
1793 503 1928 571 φησὶ

2044 504 2206 558 laicus
2232 522 2358 558 vero
2390 508 2469 557 vel
2496 504 2792 561 monachos
2820 506 3117 575 segregari.
3148 506 3287 576 Lege
3318 516 3368 558 et
3399 505 3467 560 49
3495 522 3619 561 can.

342 589 477 650 τοὺς
527 590 598 642 τὰ
636 589 759 657 ιερὰ
810 589 1147 654 κοινοῦντας,
1204 592 1298 643 καὶ
1335 592 1410 661 μὴ
1435 592 1931 656 ἀποκαθιστῶντας

344 683 496 737 αὐτὰ
525 685 605 745 είς
630 683 691 736 τό
738 686 965 755 ἀρχαῖον
994 686 1204 754 σχῆμα,
1235 688 1571 757 ίερωμένους
1600 690 1701 755 μὲν
1735 689 1918 751 ὄντας,
1959 690 2369 763 καθαιρεῖσθαι,
2395 695 2623 759 λαῖκοὺς
2658 696 2715 749 δὲ
2786 696 2819 765 ἢ
2867 697 3138 766 μοναχοὺς

2039 611 2159 665 syn.
2194 601 2244 649 in
2282 596 2490 651 Trullo.

3227 694 3611 765 ἀφορίζεσθαι.

356 776 707 842 Ἀνὰγνωσον
732 778 827 830 καὶ
852 778 945 830 τὸν
971 775 1056 846 μθ⁹
1090 778 1292 832 κανόνα
1319 780 1418 848 τῆς
1448 781 1507 831 ἐν
1535 779 1611 849 τῷ
1647 781 1902 849 Τρού).λῳ
1944 784 2185 838 συνόδου.

423 872 671 925 ΖΩΝΑΡ.
715 871 775 925 '0
831 872 1049 941 πρῶτος
1107 873 1289 927 κανὼν
1331 875 1430 942 τῆς
1470 877 1529 927 ἐν
1558 874 1634 944 τῷ
1684 876 1795 945 ναῷ
1826 874 1933 927 τῶν

364 954 567 1030 Ἀγίων
660 962 1006 1017 Ἀποστόλων
1064 965 1339 1033 συστάσης
1401 965 1623 1017 συνόδου
1687 966 1936 1033 περιέχει

354 1053 501 1124 μετά
527 1053 638 1106 τῶν
664 1054 843 1107 ἄλλων
873 1054 967 1107 καὶ
995 1054 1191 1107 ταῦτα’
1229 1054 1453 1123 Ὠρισεν
1482 1056 1515 1123 ή
1554 1055 1685 1122 ἁγία
1716 1056 1935 1117 σύνοδος

357 1146 552 1215 μηδενὶ
582 1146 786 1210 ἐξεῖναι
816 1148 1186 1215 μοναστήριον
1206 1147 1515 1216 οἰκοδομεῖν
1554 1147 1682 1199 ἄνευ
1714 1147 1810 1215 τῆς
1839 1163 1932 1197 τοι..

353 1238 663 1291 ἐπισκόπου
705 1239 934 1309 γνώμης
967 1240 1059 1292 κα*6
1098 1240 1318 1308 βουλῆς,
1369 1239 1463 1292 καὶ
1494 1238 1563 1292 τὰ
1596 1239 1742 1307 ἑξῆς.
1777 1237 1937 1291 Καὶὸ

351 1332 633 1395 πολιτικδς
665 1333 833 1399 νόμος
878 1334 934 1383 ἐν
976 1331 1167 1401 βιϐλίῳ
1214 1332 1462 1401 τετάρτῳ
1497 1330 1608 1383 τῶν
1628 1327 1934 1382 Βασιλικών

352 1425 634 1492 κείμενος,
689 1424 858 1494 τίτλῳ
905 1423 1131 1493 πρώτῳ,
1174 1423 1243 1475 τὰ
1289 1423 1431 1477 αὐτά
1484 1420 1800 1493 διορίζεται.
1854 1419 1937 1473 Τὰ

352 1514 485 1583 γοῦν
540 1514 685 1568 οὕτω
720 1516 864 1568 κατὰ
906 1514 1136 1584 γνώμην
1170 1514 1417 1586 δηλονότι
1468 1513 1564 1567 τοῦ
1623 1512 1935 1566 ἐπισκόπου

353 1606 764 1677 καθιερωθέντα
822 1608 1185 1675 μοναστήρια,
1245 1607 1419 1677 ήγουν
1471 1606 1559 1659 διὰ
1614 1604 1713 1673 τῆς
1767 1604 1935 1671 εὐχῆς

353 1700 573 1754 ἐκείνου
604 1699 937 1753 ἀνατεθέντα
965 1699 1044 1769 τῷ
1073 1699 1216 1769 Θεῷ,
1253 1700 1325 1770 μὴ
1359 1699 1677 1753 κοινοῦσθαι
1720 1690 1875 1757 οὗτος
1908 1698 1935 1748 ὁ

2112 880 2365 937 ZONAR.
2400 884 2531 937 Cum
2569 883 2709 949 aliis,
2744 900 2861 952 qua:
2898 885 3073 950 primo
3100 899 3316 937 canone
3347 885 3535 954 synodi
3563 885 3614 937 in

2039 975 2243 1043 templo
2273 974 2594 1029 Sanctorum
2630 976 3010 1045 Apostolorum
3032 975 3228 1029 habita).
3246 976 3616 1037 continentur,

2040 1078 2093 1119 et
2131 1068 2243 1120 haec
2276 1067 2520 1120 deﬁnivit
2568 1077 2754 1121 sancta
2805 1067 3059 1136 synodus,
3103 1080 3172 1119 ne
3212 1068 3461 1134 cuiquam
3513 1066 3617 1117 nisi

2039 1155 2277 1225 episcopi
2321 1157 2587 1210 sententia
2643 1171 2707 1208 ac
2761 1156 3035 1210 voluntate
3095 1156 3482 1209 monasterium
3526 1170 3620 1208 ex-

2039 1256 2253 1303 struere
2305 1250 2467 1302 liceat
2518 1257 2571 1302 et
2615 1247 2895 1315 deinceps.
2948 1247 3094 1300 Idem
3148 1246 3285 1299 libro
3318 1261 3369 1299 tv
3400 1244 3615 1298 Basilio.

2041 1341 2197 1393 titulo
2230 1342 2427 1408 primo,
2464 1340 2611 1395 civili
2646 1354 2861 1408 quoque
2889 1337 3006 1406 lege
3033 1337 3312 1391 decretum
3354 1344 3459 1390 est.
3488 1334 3619 1400 Qum

2039 1433 2205 1501 igitur
2225 1449 2284 1485 ea
2315 1432 2654 1495 conditione,
2689 1432 2794 1484 hoc
2827 1438 2911 1483 est
2937 1430 3194 1497 episcopo
3224 1427 3617 1490 consentiente,

2040 1525 2430 1594 religiosasqne
2478 1538 2670 1593 pret-es
2700 1521 2994 1576 adhiltente
3040 1519 3373 1573 monasteria
3422 1532 3619 1572 conse-

2038 1623 2187 1668 crata
2217 1629 2278 1667 ac
2319 1616 2425 1667 Dco
2460 1613 2633 1666 dicata
2681 1622 2827 1675 sunt,
2880 1625 2946 1664 ne
2972 1609 3279 1664 connuunia
3327 1608 3623 1661 reddantur

2040 1704 2503 1774 prmcipitcztnou,
2538 1703 2631 1756 sed
2668 1718 2820 1756 nsunt
2858 1701 3176 1755 monasterii
3236 1701 3287 1752 in
3339 1708 3618 1769 posterum

355 1792 539 1845 κανὼν
568 1791 935 1851 διατάττεται,
984 1792 1165 1860 μένειν
1208 1792 1264 1843 δὲ
1291 1793 1379 1844 ἀεὶ
1432 1792 1792 1861 μοναστήρια.
1842 1786 1937 1839 καὶ

2044 1810 2258 1862 semper
2285 1792 2589 1853 obtineant.
2632 1807 2733 1844 nec
2781 1790 3010 1859 profana
3044 1804 3106 1841 ac
3141 1787 3421 1841 smcnlarin
3465 1787 3622 1839 habi-

358 1882 437 1951 μὴ
461 1881 620 1934 κοινά
645 1882 744 1934 καὶ
769 1884 1009 1949 κοσμικά
1039 1881 1377 1949 καταγώγια
1407 1880 1682 1947 γίνεσθαι,
1733 1878 1940 1947 φυλάτ-

353 1970 552 2026 τεσθαι
607 1972 665 2026 δὲ
722 1975 816 2026 καὶ
852 1973 922 2027 τὰ
961 1975 1146 2036 αὐτοῖς
1196 1975 1470 2043 ἀνήκοντα
1498 1972 1802 2042 πράγματα
1841 1971 1937 2033 ὡς,

354 2064 475 2129 εἴγε
495 2065 571 2135 μὴ
597 2065 735 2117 κατὰ
767 2062 997 2134 γνώμην
1026 2066 1334 2128 ἐπισκόπου
1371 2065 1600 2135 συσταίη
1631 2064 1791 2134 μονὴ,
1824 2062 1937 2116 οὐδ’

353 2154 492 2225 εὐχὴ
523 2154 690 2208 αὑτοῦ
739 2156 840 2224 τῆς
886 2157 1181 2226 οἰκοδομῆς
1229 2158 1635 2228 προηγήσηται,
1688 2158 1786 2209 καὶ
1851 2150 1941 2209 οἷά

352 2263 444 2305 τις
491 2244 742 2317 ἀρραγὴς
779 2246 1148 2317 κατασληοείη
1188 2247 1457 2316 θεμέλιος,
1504 2247 1623 2299 οὐδὲ
1679 2248 1814 2315 μονὴ
1852 2247 1942 2299 λο-

356 2336 683 2406 γισθήσεται
713 2353 727 2367 ·
751 2336 841 2389 διὰ
880 2336 1040 2391 τοῦτο
1074 2338 1185 2406 γὰρ
1223 2338 1251 2389 ὁ
1287 2337 1468 2391 κανὼν
1528 2337 1800 2407 ἐπήνεγκε
1857 2335 1938 2398 τὸ,

355 2427 506 2481 κατὰ
540 2427 766 2497 γνώμην
805 2429 1136 2482 ἐπισκόπου.
1177 2430 1317 2492 Τοὺς
1347 2429 1404 2481 δὲ
1437 2428 1611 2482 ταῦτα
1660 2429 1938 2498 παραϐαί-

353 2534 553 2581 νοντας
628 2520 943 2582 κανονικοῖς
996 2520 1297 2590 ἐπιτιμίοις
1347 2518 1680 2572 ὑποκεῖσθαι
1736 2518 1937 2588 ἐψηφί-

356 2628 516 2665 σατο.

352 2703 579 2758 ΑΡΙΣΤ.
612 2702 1036 2771 Μοναστήριον
1078 2704 1418 2759 ἐπισκόπου
1462 2705 1663 2775 γνώμῃ
1710 2704 1928 2774 παγὲν,

423 2795 655 2862 μενέτω
699 2795 1142 2864 ἀιιεταποίητον
1166 2813 1181 2828 ν
1214 2798 1309 2849 καί
1336 2796 1369 2849 ὅ
1393 2814 1449 2849 τι
1482 2798 1669 2859 τούτῳ
1705 2798 1937 2865 ἀνήκει,

427 2885 553 2953 ἤτω
603 2887 1023 2955 ἀνεκποίητον.
1071 2888 1133 2941 ’0
1165 2888 1218 2941 δ’
1247 2889 1446 2953 ἄλλως
1470 2886 1786 2956 ἐπιχειρῶν
1828 2890 1940 2942 οὐκ

429 2973 786 3039 ἀνεύθυνος.

428 3065 513 3117 Τὰ
565 3067 665 3133 μὲν
714 3067 840 3136 δίχα
891 3065 1121 3136 γνώμης
1150 3065 1244 3119 τοῦ
1289 3066 1591 3119 ἐπισκόπου
1651 3066 1938 3120 κτισθέντα

362 3157 706 3227 μοναστήρια
748 3158 844 3209 καὶ
895 3157 1183 3210 ἀσύστατά
1228 3158 1338 3210 είσι
1373 3158 1463 3211 καδ
1505 3158 1697 3223 ἀνίερα
1731 3174 1746 3188 ο
1796 3158 1937 3211 τὸδὲ
1967 3151 2007 3208 C

363 3246 507 3317 μετὰ
540 3246 736 3317 βουλῆς
782 3249 1085 3301 ἐπισκόπου
1133 3248 1352 3302 κτισθὲν
1442 3250 1828 3320 μοναστήριον,
1863 3249 1940 3311 ὡς

357 3339 509 3394 θείου
573 3339 783 3393 δικαίου
838 3340 933 3406 ὃν,
985 3340 1188 3408 ὀφείλει
1254 3339 1435 3410 μένειν
1492 3341 1938 3408 ἁμεταποίητον,

357 3432 459 3485 καὶ
491 3430 566 3501 μὴ
621 3432 902 3500 κοσμικῶν
957 3432 1307 3501 καταγώγιον
1342 3432 1631 3501 γίνεσθαι·
1677 3434 1942 3502 φυλάττε-

358 3523 491 3577 σθαι
532 3523 589 3576 δὲ
636 3524 733 3576 καὶ
782 3523 883 3585 τὰς
939 3526 1232 3594 ἀκινήτους
1294 3524 1459 3577 αὑτοῦ
1502 3525 1727 3594 κτήσεις
1777 3525 1941 3577 ἀνεκο

356 3617 643 3683 ποιήτους.
676 3617 778 3669 Τὸν
809 3617 867 3669 δὲ
898 3616 1195 3670 ἁθετοῦντα
1227 3617 1398 3670 ταῦτα
1446 3619 1557 3680 τοῖς
1587 3618 1652 3669 ὲκ
1698 3614 1807 3669 τῶν
1835 3633 1941 3669 κα-

353 3708 532 3762 νόνων
558 3706 743 3778 ἔνοχον
768 3703 911 3763 εἶναι
944 3708 1259 3776 ἐπιτιμίοις.
1579 3713 1582 3716 ’

942 3799 1181 3852 ΚΑΝΩΝ
1214 3801 1343 3855 KE'.

370 3886 609 3953 Ἐπειδὴ
641 3905 799 3953 τινες
824 3887 944 3942 τῶν
965 3888 1422 3958 μητροπολιτῶν
1459 3891 1539 3953 ὡς
1581 3890 1941 3959 περιηχήθη-

431 3995 564 4047 μεν,
623 3979 919 4048 ἀμελοῦσι
978 3979 1100 4033 τῶν
1151 3980 1686 4049 ἐγκεχειρισμένων
1743 3978 1946 4044 αὐτοῖς

432 4072 747 4137 ποιμνίων,
798 4072 899 4125 καὶ
931 4072 1378 4125 ἀναϐάλλονται
1416 4072 1519 4137 τὰς
1569 4073 1943 4141 χειροτονίας

434 4163 555 4216 τῶν
598 4163 971 4228 ἐπισκόπων,
1008 4163 1182 4228 ἔδοξε
1224 4164 1297 4232 τῇ
1326 4166 1462 4232 ἁγίᾳ
1495 4166 1736 4231 συνόδῳ
1772 4164 1945 4230 ἐντὸς

432 4254 614 4324 τριῶν
654 4253 867 4322 μηνῶν
921 4257 1193 4324 γίνεσθαι
1251 4258 1354 4321 τὰς
1415 4258 1782 4324 χειροτονίας
1828 4255 1947 4309 τῶν

430 4347 811 4411 ἐπισκόπων,
896 4350 948 4400 εί
1020 4348 1255 4416 μήποτε
1338 4348 1454 4414 ἄρα
1540 4348 1945 4414 ἀπαραίτητος

430 4436 673 4504 ἀνάγκη
730 4435 1189 4503 παρασκευάσω
1255 4434 1615 4502 ἐπιταθῆναι
1653 4435 1757 4488 τὸν
1832 4434 1943 4501 τῆς
1983 4468 2022 4521 ο

433 4526 749 4594 ἀναϐολῆς
814 4527 1059 4595 χρόνον.
1126 4530 1194 4580 El
1229 4526 1296 4579 δὲ
1346 4528 1432 4595 μὴ
1464 4527 1639 4580 τοῦτο
1679 4524 1941 4589 ποιήσοι,

432 4618 792 4675 ὑποκεῖσθαι
817 4616 1309 4685 ἐκκλησιαστικῷ
1337 4618 1628 4685 ἐπιτιμίῳ.
1660 4617 1780 4684 Τὴν
1799 4615 1946 4683 μέν·

433 4728 531 4765 τοι
546 4708 854 4787 πρόσορον
880 4708 991 4777 τῆς
1017 4710 1400 4778 χηρευούσης
1430 4708 1762 4773 ἐκκλησίας
1784 4705 1950 4761 σώαν

435 4801 600 4870 παρὰ
629 4799 710 4864 τῷ
739 4800 1030 4866 οἰκονόμῳ
1074 4799 1184 4867 τῆς
1216 4799 1408 4866 αὐτῆς
1457 4799 1793 4864 ἐκκλησίας
1836 4812 1950 4864 φυ-

432 4893 783 4948 λάττεσθαι.

437 4983 637 5037 ΒΔΛΣ.
674 4984 737 5035 Οἱ
777 4983 908 5036 θεῖοι
934 4982 1200 5050 Πατέρες,
1227 4981 1325 5045 τὰς
1354 4981 1462 5036 τῶν
1488 4980 1710 5035 πολλῶν
1745 4997 1946 5035 κακεν-

362 5075 623 5143 τραχείας
657 5072 1083 5137 ἀνακόπτοντες,
1120 5071 1327 5143 ὥρισαν
1362 5073 1436 5140 μὴ
1469 5072 1612 5141 ἔχειν
1640 5069 1731 5123 ἐπ’
1760 5069 1944 5132 ἀδείας

363 5164 494 5225 τοὺς
532 5165 936 5231 μητροπολίτας
967 5164 1068 5225 τὰς
1116 5164 1221 5215 τῶν
1252 5163 1568 5218 ἐπισκόπων
1636 5162 1938 5214 ἀναϐάλλε-

368 5254 497 5306 σθαι
512 5254 846 5323 χειροτονίας
863 5253 955 5306 ἐπὶ
971 5256 1127 5319 πολὺ,
1147 5254 1260 5307 ἀλλ’
1285 5253 1432 5314 ἐντὸς
1454 5252 1719 5323 τριμήνου
1741 5251 1944 5313 ταύτας

365 5347 568 5399 ποιεῖν.
608 5345 717 5399 Καὶ
752 5345 930 5398 ταῦτα
965 5346 1065 5415 μὲν
1101 5345 1231 5415 περὶ
1269 5344 1382 5396 τῶν
1433 5344 1509 5405 μὴ
1551 5342 1943 5413 ψηφιζομένων

370 5434 792 5506 μητροπολιτῶν
842 5435 942 5497 τὰς
1009 5434 1142 5497 ἰδίας
1199 5433 1507 5495 ἐπισκοπάς
1535 5447 1550 5467 ο
1588 5434 1715 5501 περὶ
1751 5433 1808 5485 δὲ
1836 5431 1944 5483 τῶν

2045 1884 2219 1939 tacula
2256 1886 2404 1946 ﬁant,
2432 1892 2487 1937 ut
2514 1894 2565 1938 et
2592 1885 2727 1937 bona
2747 1897 2963 1950 quoque
2988 1881 3053 1934 ad
3078 1896 3138 1934 se
3159 1879 3477 1947 pertinentia
3506 1876 3624 1931 sine

2042 1976 2233 2031 fraude
2258 1977 2589 2044 possideant.
2624 1973 3013 2029 Monasterium
3059 1986 3187 2025 vero
3237 1970 3624 2039 quodcunque,

2043 2079 2136 2122 aut
2167 2068 2308 2121 nulla
2341 2068 2496 2139 141
2535 2067 2775 2137 episcopi
2804 2064 3157 2126 auctoritate,
3204 2072 3298 2116 aut
3327 2075 3621 2115 consecra-

2045 2160 2192 2212 tione
2221 2158 2459 2227 legitinta
2490 2158 2633 2210 nulla
2666 2158 2839 2211 instar
2868 2152 3209 2208 fundamenti
3243 2151 3399 2221 longe
3422 2150 3623 2204 lirntis-

2042 2250 2162 2304 sinti
2199 2258 2476 2319 praeeunte
2517 2250 2838 2311 excitatum,
2901 2262 2970 2301 ne
3027 2244 3343 2299 monasterii
3404 2243 3619 2310 quidem

2040 2341 2163 2394 loco
2189 2341 2373 2394 haberi
2413 2341 2608 2409 placet.
2649 2340 2858 2393 Idcirco
2891 2351 3122 2404 namque
3152 2334 3315 2389 verba
3363 2334 3476 2398 illa,
3523 2331 3623 2405 [ex

2041 2431 2280 2501 episcopi
2314 2430 2618 2503 sententia]
2658 2433 2709 2484 in
2758 2443 2974 2483 canone
3025 2426 3308 2496 adjuncta.
3347 2425 3448 2491 Qui
3492 2440 3625 2477 vero

2042 2525 2186 2579 hanc
2218 2525 2662 2580 constitutionem
2707 2524 3048 2585 violaverim,
3085 2537 3152 2577 ex
3186 2519 3463 2576 canonicis
3498 2533 3626 2571 san-

2039 2615 2317 2671 etinnibus
2339 2616 2636 2682 puniendos
2662 2631 2781 2669 esse
2803 2614 3069 2669 decernit.

2038 2706 2270 2762 ARIST.
2324 2707 2709 2762 Monasterium
2739 2708 2969 2776 episcopi
3000 2705 3258 2760 sententia
3294 2710 3618 2758 exstructum

2111 2797 2436 2851 immutabile
2497 2811 2745 2850 maneat:
2795 2805 2842 2850 et
2880 2795 3140 2865 quidquid
3166 2794 3233 2846 ad
3272 2793 3440 2855 ipsum
3468 2791 3628 2858 perti-

2113 2902 2216 2950 net,
2253 2907 2313 2941 ne
2340 2889 2616 2941 alienatur.
2690 2888 2795 2953 Qui
2827 2903 2942 2940 vero
2973 2901 3121 2939 seeae
3154 2885 3328 2952 facere
3363 2879 3626 2950 aggredie-

2113 2990 2219 3043 tur,
2258 2995 2358 3031 non
2393 2988 2467 3031 est
2496 2978 2765 3031 innoxius.

2111 3067 2242 3132 Qua:
2301 3075 2497 3133 pra-ter
2559 3063 2793 3132 episcopi
2879 3059 3203 3116 sententiam
3269 3064 3625 3110 exstruuntur

2044 3163 2394 3226 monasteria,
2435 3176 2531 3215 nec
2596 3169 2741 3213 stare
2799 3167 3023 3227 possunt
3088 3168 3188 3209 nec
3249 3167 3403 3207 sacra
3480 3165 3624 3204 esse.

2043 3258 2195 3323 Quod
2232 3265 2412 3309 autem
2445 3269 2508 3307 ex
2544 3252 2780 3320 episcopi
2833 3250 3109 3304 voluntate
3141 3246 3411 3301 excitatur
3441 3257 3627 3297 mona-

2044 3351 2291 3414 sterium,
2346 3362 2468 3401 cum
2518 3346 2685 3400 divini
2736 3345 2806 3399 sit
2853 3344 3013 3410 juris,
3082 3338 3425 3395 immutabile
3470 3337 3630 3391 debet

2045 3458 2287 3503 manere,
2342 3451 2396 3495 et
2426 3439 2763 3496 saecularium
2802 3451 2906 3490 n0u
2943 3434 3057 3488 fieri
3090 3432 3472 3495 diversorium,
3517 3429 3613 3484 sed

2043 3547 2095 3591 et
2114 3536 2320 3591 servari
2346 3536 2485 3588 bona
2505 3533 2675 3603 ipsius
2703 3529 2997 3585 immobilia
3023 3525 3168 3581 nullo
3192 3525 3350 3579 modo
3373 3523 3629 3576 alienata.

2044 3629 2145 3695 Qui
2183 3630 2296 3682 haec
2335 3638 2513 3680 autem
2542 3638 2909 3694 transgressus
2940 3621 3118 3683 fuerit,
3153 3618 3325 3689 poenis
3353 3614 3631 3669 canonicis

2044 3719 2317 3771 obnoxius
2345 3715 2467 3768 erit.

2619 3800 2846 3856 (ZANON
2900 3798 3063 3853 XXV.

2048 3894 2307 3959 Quoniam
2336 3892 2578 3947 nonnulli
2610 3888 3021 3955 metropolitani,
3059 3896 3116 3938 ut
3147 3900 3284 3954 stupe
3305 3901 3336 3937 a
3366 3884 3511 3937 nobis
3530 3897 3629 3934 au-

2116 3983 2284 4034 ditum
2311 3992 2409 4043 est,
2458 3995 2504 4032 et
2538 3995 2715 4046 greges
2775 3977 2872 4030 sibi
2925 3975 3224 4027 commissos
3255 3972 3535 4038 negligant,
3581 3978 3629 4022 et

2118 4072 2475 4139 episcoporum
2510 4070 2871 4122 ordinationes
2911 4067 3198 4133 differunt:
3225 4062 3629 4130 sancla’synodo

2118 4166 2341 4232 placuit,
2372 4174 2425 4217 ut
2450 4164 2592 4216 intra
2617 4172 2716 4215 tres
2743 4175 2940 4213 menses
2967 4155 3326 4210 ordinationes
3352 4153 3502 4219 ﬁant,
3530 4152 3632 4202 nisi

2119 4256 2461 4311 inexorabilis
2494 4259 2666 4324 utique
2695 4256 2972 4307 necessitas
3002 4250 3229 4319 effecerit
3276 4256 3330 4300 ut
3360 4245 3629 4297 dilationis

2120 4358 2320 4416 tempus
2364 4354 2696 4414 prorogetur.
2777 4343 2833 4398 Si
2883 4352 3055 4395 autem
3107 4341 3201 4393 hoc
3250 4354 3349 4391 non
3391 4336 3630 4403 fecerint,

2119 4457 2205 4495 eos
2272 4437 2638 4511 ecclesiastica
2713 4451 2876 4503 paena:
2938 4432 3151 4498 subjici.
3266 4428 3453 4483 Vidua
3514 4442 3630 4481 vero

2119 4533 2348 4588 ecclesia:
2398 4528 2630 4581 reditum
2682 4526 2822 4593 apud
2873 4524 3105 4579 ecclesia:
3141 4536 3466 4578 arconomum
3519 4517 3632 4572 sal-

2122 4640 2236 4677 vum
2271 4620 2548 4675 custodiri.

2127 4970 2320 5024 BALS.
2390 4964 2560 5020 Divini
2595 4962 2784 5017 Patres
2830 4960 3104 5029 improbas
3141 4958 3433 5012 multorum
3476 4956 3621 5010 inva~

2051 5067 2229 5119 siones
2255 5070 2611 5128 amputantes,
2642 5065 2945 5111 statuerunt
2972 5070 3076 5109 non
3102 5053 3292 5107 essein
3324 5051 3635 5117 metropoli-

2053 5167 2305 5211 tanorum
2366 5161 2626 5222 potestate
2684 5150 3062 5217 episcoporum
3117 5145 3488 5199 ordinationes
3539 5143 3629 5194 ditt

2054 5248 2289 5308 differre,
2347 5244 2439 5298 sed
2485 5258 2577 5296 eas
2629 5241 2771 5296 intra
2825 5243 3099 5294 trimestre
3157 5236 3388 5305 spatium
3428 5234 3625 5289 facere.

2053 5339 2120 5392 Et
2157 5340 2270 5391 haec
2298 5336 2515 5402 quidem
2552 5334 2618 5387 de
2665 5330 3103 5400 metropolitanis
3128 5329 3217 5397 qui
3254 5329 3526 5382 neminem
3575 5326 3628 5379 in

2049 5431 2395 5496 episcopatus
2421 5441 2547 5480 suos
2576 5424 2815 5493 eligunt:
2868 5423 2935 5475 de
2965 5421 3152 5475 electis
3187 5430 3365 5473 autem
3401 5427 3450 5472 et
3477 5416 3633 5471 diﬁc-

1600 5540 1789 5602 Guill.
1826 5542 1991 5601 Beve
2004 5542 2160 5617 regii
2198 5548 2383 5600 noue.

449 5648 559 5711 (55)
592 5645 830 5713 Ἐπειδὴ
856 5662 1014 5711 τινες
1030 5645 1146 5701 τῶν
1164 5640 1637 5714 μητροπολιτῶν.
1676 5642 1947 5714 Laudatur

375 5718 466 5772 hic
485 5731 653 5769 canon
673 5731 735 5769 ex
765 5717 1016 5769 versione
1035 5712 1288 5783 Dionysii
1306 5714 1516 5781 Exigui,
1544 5728 1570 5764 a
1587 5712 1947 5783 concil.Wor-

382 5786 631 5847 utatiensi
667 5802 810 5841 anno
834 5785 938 5840 868
974 5782 1179 5850 habito,
1205 5799 1326 5838 can.
1363 5783 1449 5847 7|,
1482 5782 1932 5852 quemadmodum

2056 5652 2108 5695 et
2146 5657 2382 5695 canones
2430 5640 2517 5706 15,
2567 5637 2652 5701 18,
2689 5636 2759 5690 εε
2804 5646 2852 5689 et
2895 5636 2984 5700 27,
3036 5648 3101 5688 ex
3140 5632 3328 5706 eadem
3383 5632 3631 5706 versione

2055 5712 2250 5764 iltidetn
2281 5701 2536 5765 citantur.
2573 5707 2725 5774 Quod
2762 5707 2848 5760 Itic
2880 5710 3053 5762 solum
3101 5704 3427 5760 observasse
3475 5701 3625 5758 suﬁi~

2048 5782 2177 5836 ciat.
