4078 6452
401 364 507 427 475

1666 367 1943 428 TllEOD.
1988 366 2394 424 BALS‘AMON

3556 348 3662 411 Δίῗῦ

404 484 653 540 rentibus
673 488 1071 553 susceptionem
1087 497 1183 542 aut
1201 489 1654 543 renuntiationem
1678 505 1819 553 smne
1839 500 1987 554 qua:—

2109 483 2478 551 ίιηιριζομένων
2536 481 2631 533 καὶ
2688 475 3137 543 ὑπερτιθεμένων
3184 472 3281 541 τὴν
3316 467 3673 538 καταδοχῆνῆ

412 577 566 628 situm
600 577 703 630 fuit
745 579 870 646 quid
908 580 1020 631 fieri
1063 581 1275 641 debeat,
1308 593 1365 633 et
1400 582 1631 633 nondum
1660 578 1990 633 deterttitna-

410 675 501 719 tur
518 669 644 734 quid
671 669 1086 725 sitfaciendum.
1122 672 1255 725 Dico
1298 674 1479 741 itaque
1539 672 1681 740 quod
1718 671 1991 724 trimestre

405 761 637 826 Spatium
695 770 811 829 post
857 763 1175 816 electionem
1224 765 1394 819 clerto
1438 765 1655 817 extendi
1706 764 1863 817 debet
1923 764 1988 815 ad

410 850 831 917 suscipiendum,
884 854 964 905 vel
1005 856 1454 910 renuntiandum:
1512 858 1651 923 quod
1684 857 1845 909 etiam
1880 871 1989 906 me-

412 942 737 1010 tropolitano
791 947 858 997 ad
910 946 1144 1015 aliquem
1198 947 1254 1001 in
1302 948 1671 1015 episcopatum
1704 964 1862 1001 suum
1894 948 1995 1000 eli-

409 1034 643 1099 gendum
693 1034 760 1087 ab
819 1035 923 1091 hoc
976 1052 1187 1091 canone
1233 1040 1565 1095 conceditur.
1649 1039 1713 1092 Et
1756 1040 1797 1091 si
1852 1040 1991 1091 intra

411 1131 519 1176 tres
565 1122 697 1178 istos
733 1140 945 1180 menses
989 1128 1083 1196 qui
1115 1128 1321 1183 electus
1350 1139 1429 1183 est
1459 1145 1563 1185 nec
1593 1132 1839 1195 suscipit,
1894 1144 1996 1184 nec

405 1216 701 1278 renuntiat.
751 1218 917 1272 altera
969 1219 1085 1273 ﬁeri
1119 1222 1277 1273 debet
1327 1222 1560 1282 electio;
1594 1223 1694 1274 iste
1730 1238 1862 1272 vero
1894 1221 1991 1287 qui

407 1302 619 1359 distulit
649 1317 772 1373 post
817 1310 1088 1363 trimestre
1129 1312 1362 1379 spatium
1412 1312 1808 1366 ordinationem
1844 1327 1997 1363 revn—

408 1406 537 1447 care
592 1397 815 1465 nequit,
878 1401 972 1453 sed
1037 1402 1215 1468 potius
1264 1403 1629 1457 ecclesiaStiee
1682 1403 1994 1468 corrigitur,

413 1494 601 1553 utpote
630 1487 718 1553 qui
768 1488 996 1543 fntiliter
1033 1490 1168 1544 lttdit
1202 1493 1254 1544 in
1292 1492 1450 1546 rebus
1485 1494 1705 1547 minime
1752 1493 1997 1558 ludicris,

413 1576 615 1646 Deique
659 1594 875 1649 gregem
922 1582 1115 1648 injuria
1154 1583 1337 1638 afficit.
1420 1585 1662 1638 Electum
1695 1594 1876 1639 autem
1930 1588 1998 1640 ab

411 1682 479 1723 eo
531 1670 622 1738 qui
685 1671 850 1739 elegit
901 1673 1058 1726 citari
1123 1690 1229 1727 non
1283 1685 1517 1742 oportet,
1577 1677 1831 1745 quoniam
1896 1693 1999 1733 nec

414 1759 862 1825 metropolitanus
893 1778 922 1815 a
954 1764 1264 1829 patriarcha
1312 1767 1380 1819 ad
1421 1767 1724 1833 eligendum
1773 1769 1994 1825 citatur.

410 1847 617 1915 Collige
660 1861 846 1905 autem
897 1854 1037 1909 hanc
1069 1855 1574 1925 interpretationem
1611 1860 1772 1912 etiam
1805 1875 1868 1913 ex
1908 1876 1998 1914 ca-

413 1939 509 2005 pit.
536 1939 570 1993 8
597 1940 734 1995 tituli
776 1942 935 2011 primi
960 1954 1011 1997 et
1032 1946 1126 2001 lib.
1162 1962 1219 2000 ιιι
1271 1947 1511 2011 Basilic.,
1539 1963 1648 2017 quo
1673 1950 2003 2005 examinatio

413 2031 743 2099 emergentis
811 2034 880 2088 de
933 2035 1106 2091 electo
1168 2041 1555 2093 controversite
1616 2040 1669 2093 in
1732 2041 2004 2095 trimesue

414 2121 651 2188 spatium
707 2125 1071 2179 contrahitur.
1159 2127 1311 2192 Quod
1370 2129 1534 2183 etiam
1586 2130 1748 2184 situm
1810 2139 1893 2183 est
1948 2111 2001 2183 in

416 2214 865 2285 interpretatione
888 2221 1051 2289 capit.
1077 2221 1111 2275 8
1141 2222 1278 2276 tituli
1309 2222 1465 2290 primi
1494 2223 1778 2291 pt-aasentis
1798 2224 2002 2292 operis.

418 2304 583 2362 Debet
613 2314 1197 2368 autemordinationes
1239 2314 1519 2370 celebrare
1553 2316 1691 2368 intra
1725 2319 2001 2370 trimestre

416 2402 674 2466 spatium,
726 2419 792 2457 ne
840 2420 927 2460 res
968 2408 1344 2475 episcoporum
1396 2423 1459 2462 ex
1494 2423 1556 2461 ea
1590 2423 1650 2461 re
1677 2408 2006 2462 detrimento

418 2491 742 2559 afﬁciantur,
796 2504 849 2548 et
893 2499 1077 2565 populi
1127 2499 1372 2553 doctrina
1408 2515 1471 2553 ac
1506 2500 1794 2553 instructio
1835 2500 2005 2569 negli-

420 2594 597 2651 gatur.
662 2585 717 2638 Si
749 2598 926 2640 autem
959 2600 1178 2657 propter
1224 2591 1590 2644 inevitabilem
1639 2591 1871 2658 aliquam
1910 2606 2003 2644 ue-

420 2675 751 2740 cessitatetn,
794 2679 1069 2746 inquiunt,
1124 2682 1360 2749 episcopi
1391 2683 1665 2750 provectio
1694 2684 2008 2752 prohibetur

421 2763 582 2833 (forte
616 2769 759 2821 enim
791 2770 1002 2837 civitas,
1054 2788 1174 2839 quae
1203 2782 1282 2827 est
1316 2775 1570 2842 episcopo
1607 2776 1786 2841 vidua,
1819 2793 1846 2828 a
1875 2792 2006 2844 gen-

424 2856 570 2909 tibus
602 2867 754 2927 capta
823 2871 930 2927 est,
984 2879 1083 2918 nec
1130 2864 1285 2919 facile
1328 2875 1501 2936 potest
1553 2869 1676 2922 illuc
1723 2870 2004 2938 quisquam

424 2950 654 3017 venire),
693 2955 1068 3021 prorogabitttr
1111 2958 1333 3011 omnino
1362 2958 1654 3013 ordinatio.
1696 2959 1863 3013 Porro
1892 2962 2007 3028 epi-

421 3051 672 3109 scopatus
702 3044 856 3115 142
921 3049 1130 3101 reditus
1187 3049 1254 3101 ab
1308 3049 1425 3119 ejus
1476 3066 1761 3105 occonmno
1817 3054 2004 3107 inferri

425 3132 537 3184 vult
574 3150 770 3199 canon,
816 3136 907 3205 qui
937 3139 1152 3205 quidem
1188 3141 1385 3194 debent
1417 3143 1554 3203 dari,
1589 3160 1691 3195 tton
1732 3155 2002 3210 tttetr0pn~

422 3222 615 3287 litauo,
652 3225 748 3279 sed
785 3227 1061 3294 episcopo,
1106 3230 1197 3298 qui
1232 3240 1315 3285 est
1340 3232 1643 3302 eligendus,
1690 3235 1901 3289 etiamsi
1938 3237 2002 3290 ad

424 3321 538 3365 tres
561 3327 777 3369 menses
833 3315 1110 3371 ditferatur
1170 3319 1397 3384 electio,
1463 3323 1542 3375 vel
1603 3324 1776 3376 etiam
1839 3326 2004 3379 ultra.

423 3400 869 3469 Metropolitanos
885 3417 1088 3471 autem,
1120 3409 1209 3477 qui
1234 3419 1428 3478 praeter
1456 3411 1567 3465 [nec
1584 3411 1809 3476 faciunt,
1837 3429 2008 3480 poena:

426 3494 682 3562 subjicit:
735 3511 981 3564 quaenam
1036 3514 1163 3552 vero
1212 3501 1282 3554 sit
1332 3501 1433 3555 ista
1487 3502 1688 3556 nescio.
1745 3503 2008 3556 Existimo

424 3594 604 3640 autem
652 3601 775 3641 eam
828 3603 949 3643 esse
991 3606 1111 3658 quze
1162 3606 1190 3643 τι
1246 3594 1450 3661 synodo
1498 3593 1807 3649 deﬁnietur.
1871 3594 2008 3648 Nota

426 3692 555 3745 ergo
585 3680 858 3747 quomodo
890 3680 1203 3750 intelligitur
1236 3683 1384 3748 illud,
1446 3685 1793 3739 inexorabilis
1826 3700 2011 3738 neces-

426 3766 578 3821 sitas.
677 3767 860 3838 Neque
899 3771 1041 3825 enim
1092 3772 1134 3825 si
1190 3772 1531 3841 episcopatus
1583 3774 1774 3842 injuria
1831 3774 2008 3842 aliqua

427 3857 627 3914 forensi
678 3872 922 3927 vexetur,
967 3875 1060 3916 aut
1108 3865 1285 3932 aliqua
1340 3865 1441 3917 alia
1491 3865 1753 3934 ejusmodi
1804 3866 2011 3921 ratione

422 3949 684 4019 agitetur,
737 3953 787 4005 id
834 3953 1037 4020 justam
1084 3955 1321 4023 episcopi
1369 3955 1648 4010 electionis
1696 3957 2006 4011 dilationem

431 4043 844 4111 metropolitano
889 4047 1157 4099 concedit.
1248 4046 1390 4116 Lege
1435 4051 1594 4101 etiam
1648 4065 1848 4103 nonum
1884 4066 2007 4120 cap.

420 4130 588 4197 primi
628 4132 766 4187 tituli
798 4137 1082 4203 praesentis
1107 4138 1306 4205 operis,
1336 4147 1392 4191 et
1416 4153 1536 4207 qua:
1563 4139 1614 4193 itt
1654 4138 1781 4192 illud
1808 4142 2010 4208 scripta

430 4229 577 4277 sunt.

501 4424 754 4479 ZONA‘R.
788 4425 865 4481 Ne
896 4429 1293 4496 metropolitani
1341 4444 1477 4498 quos
1533 4444 1698 4497 penes
1731 4432 2012 4501 episcopos

431 4518 651 4573 creandi
678 4519 769 4586 jus
803 4527 906 4583 est,
950 4520 1039 4571 diu
1069 4536 1187 4573 eam
1221 4535 1335 4573 rem
1362 4519 1638 4585 ditferant,
1672 4491 1778 4573 hoc.
1806 4491 2012 4575 ettnotte
2044 4491 2087 4549 θ

434 4610 812 4664 constitutum.
876 4610 1109 4664 Proinde
1165 4621 1375 4677 tempus
1426 4625 1640 4679 quoque
1693 4612 1827 4665 ultra
1872 4614 2013 4678 quod

433 4705 761 4757 creationem
825 4704 1129 4772 ltujusmodi
1191 4703 1488 4757 extendere
1551 4705 1773 4757 minime
1833 4707 2010 4772 liceat,

437 4797 599 4849 trium
664 4797 915 4850 videlicet
977 4795 1242 4848 mensium
1305 4797 1682 4861 intervallum,
1749 4799 2013 4852 definivit.

438 4884 547 4939 Nec
608 4885 752 4939 enim
814 4884 1134 4938 commissos
1194 4899 1379 4940 eorum
1442 4902 1584 4942 curae
1636 4888 1858 4955 pepulos
1918 4904 2015 4941 suo

436 4978 689 5047 episcopo
735 4977 824 5030 diu
873 4990 1081 5038 carere,
1135 4991 1198 5030 ac
1247 4979 1481 5033 incertos
1536 4979 1744 5032 consilii
1801 4981 2016 5035 nemine

439 5067 570 5135 ipsis
594 5067 732 5119 viam
760 5076 1229 5134 praemonstrante,
1257 5069 1439 5136 vagari
1463 5084 1561 5137 par
1580 5080 1684 5121 est.
1747 5067 1802 5121 Si
1837 5079 2013 5121 tamen

438 5156 670 5221 interea,
701 5172 805 5225 quo
831 5158 1006 5213 minus
1037 5158 1173 5210 intra
1202 5160 1433 5223 spatium
1461 5161 1731 5212 trimestre
1749 5160 2004 5212 constitui

439 5247 725 5315 episcopus
757 5248 947 5315 possit,
982 5260 1140 5299 causa
1178 5248 1357 5315 aliqua
1387 5248 1692 5300 necessaria
1729 5247 2016 5315 aliquando

442 5336 733 5403 impediat;
794 5347 850 5389 ut
912 5336 958 5391 si
1024 5336 1164 5392 forte
1216 5351 1427 5406 captant
1491 5341 1680 5390 urln-m
1749 5339 2017 5390 Barbarus

440 5430 807 5497 occupaverit,
858 5444 955 5483 nec
1006 5430 1073 5482 ad
1122 5444 1241 5483 eam
1270 5431 1448 5482 aditus
1478 5444 1543 5480 ‹-ιι
1570 5445 1729 5497 quam
1766 5430 1834 5481 ita
1864 5430 2017 5482 facile

440 5529 666 5587 pateat:
748 5528 859 5572 tutn
927 5520 1143 5573 demum
1201 5519 1525 5586 praeﬁnitum
1601 5518 1733 5572 illttd
1807 5528 2016 5588 tempus

438 5612 665 5666 extendi
710 5622 764 5667 et
812 5613 1207 5667 ordinationem
1260 5612 1459 5666 deferri
1519 5613 1683 5669 licere
1742 5615 2014 5678 decernit;

439 5704 530 5765 qui
561 5715 694 5755 vero
722 5711 909 5757 contra
933 5701 1375 5757 constitutionem
1412 5701 1547 5756 hanc
1582 5701 1790 5765 fecerit,
1844 5705 2017 5758 eccle-

442 5790 678 5843 siasticis
760 5794 933 5859 pmuis
996 5794 1187 5861 subjici
1251 5792 1422 5861 jubet.
1530 5795 1773 5860 Qttatnliu
1839 5808 2015 5850 autem

2031 3156 2079 3213 8

2094 575 2191 642 τὴν
2227 574 2595 641 παραίτησιν,
2630 569 2871 637 ἐζητήθη
2920 566 3192 633 διαφόρως
3217 564 3268 615 τί
3303 561 3484 627 μέλλει
3531 560 3679 625 γίνε-

2098 667 2219 719 σθαι
2247 683 2260 698 ·
2300 667 2392 719 καὶ
2435 667 2533 733 οὐχ
2586 663 2796 735 ὡρίσθη
2832 662 2891 713 τὸ
2923 658 3195 728 ποιητέον.
3240 656 3336 709 Διό
3388 671 3532 721 φημι
3590 654 3675 704 ὅτι

2095 758 2358 825 τρίμηνον
2428 754 2630 823 ὀφείλει
2694 754 2830 823 μετὰ
2897 752 2995 822 τὴν
3058 750 3237 819 ψῆφον
3300 744 3679 815 ὑφαπλοῦσθαι

2093 848 2173 918 τῷ
2224 848 2550 918 ψηφισθέντι
2608 847 2769 916 χάριν
2829 846 2922 898 τοῦ
2971 842 3387 907 καταδέξασθαι,
3456 839 3493 907 ἢ
3536 855 3679 905 παρ’

2100 944 2449 1011 αιτήσασθαι,
2530 941 2665 1010 ὅπερ
2718 941 2813 992 καὶ
2870 938 2948 1005 τῷ
3008 933 3382 1005 μητροπολίτῃ
3424 932 3532 984 ἀπο
3584 929 3681 982 τοῦ

2102 1036 2370 1105 παρόντος
2387 1034 2610 1095 κανόνος
2645 1033 2800 1102 ἐδόθη
2854 1031 3017 1101 χάριν
3043 1028 3138 1081 τοῦ
3187 1024 3534 1095 ψηφίσασθαι
3583 1022 3683 1089 τὴν

2095 1127 2424 1195 ἐπισκοπὴν.
2472 1126 2583 1177 Καὶ
2622 1127 2674 1178 εί
2723 1124 2874 1186 ἐντὸς
2925 1120 3106 1175 αὐτῶν
3160 1120 3220 1172 οὐ
3266 1115 3628 1180 καταδέξεται
3657 1117 3683 1164 ὁ

2098 1219 2392 1286 ψηφισθεὶς
2414 1218 2445 1286 ἢ
2470 1219 2530 1271 οὐ
2558 1218 2983 1286 παραιτήσεται,
3004 1211 3213 1281 ὀφείλει
3237 1208 3400 1275 ἑτέρα
3427 1204 3682 1274 γίνεσθαι

2095 1309 2296 1378 ψῆφος.
2324 1310 2397 1377 μὴ
2426 1307 2727 1377 δυναμένου
2750 1303 2843 1358 τοῦ
2874 1300 3255 1372 ὑπερθεμένου
3279 1294 3680 1351 ἀνακαλεῖσθαι

2098 1401 2197 1466 τὴν
2231 1398 2569 1469 χειροτονίαν
2609 1397 2747 1466 μετὰ
2796 1396 2893 1463 τὴν
2938 1393 3226 1462 τρίμηνον.
3259 1406 3275 1421 ⁶
3327 1388 3528 1457 μᾶλλον
3586 1385 3687 1453 μὲν

2098 1488 2191 1545 οὖν
2220 1493 2315 1545 καὶ
2344 1489 2705 1559 εὐθυνομένου
2760 1483 3240 1556 νέκκλησιαστικῶς
3280 1482 3356 1541 ὡς
3391 1478 3683 1542 παίζοντος

2099 1582 2351 1651 διακενῆς
2381 1584 2439 1635 ἐν
2487 1584 2548 1636 οὺ
2581 1586 2837 1642 παικτοδῖς
2874 1580 2967 1633 καὶ
3018 1577 3423 1647 λυμαινομένου
3458 1573 3518 1625 τὸ
3557 1570 3685 1625 ποί-

2105 1694 2259 1744 μνιον
2300 1676 2395 1729 τοῦ
2443 1675 2600 1729 Θεοῦ.
2650 1676 2762 1727 Καὶ
2798 1674 2918 1727 οὐδὲ
2955 1670 3165 1741 ὀφείλει
3202 1665 3598 1734 ἐπιφωνεῖσθαι
3660 1666 3691 1717 ὁ

2104 1769 2399 1838 ψηφισθεὶς
2430 1769 2579 1837 παρὰ
2612 1768 2706 1821 τοῦ
2754 1764 3164 1834 ψηφισαμένου,
3198 1762 3337 1814 διότι
3366 1758 3487 1812 οὐδὲ
3520 1759 3546 1809 ό
3581 1775 3691 1826 μης

2105 1859 2431 1929 τροπολίτης
2470 1861 2825 1926 ἐπιφωνεῖται
2864 1857 3015 1920 παρὰ
3043 1853 3122 1922 τῷ
3154 1852 3466 1922 πατριάρχῃ
3511 1848 3691 1918 ψηφί-

2108 1953 2326 2005 σασθαι.
2369 1953 2669 2022 Συγκρότει
2696 1952 2753 2004 δὲ
2797 1949 2896 2019 τὴν
2936 1946 3205 2016 τοιαύτην
3255 1943 3563 2014 ἑρμηνείαν
3596 1945 3691 1994 καὶ

2114 2044 2225 2098 ἀπὸ
2264 2043 2358 2096 τοῦ
2409 2043 2457 2111 η’
2490 2061 2614 2111 κεφ.
2656 2043 2751 2095 τοῦ
2782 2048 2830 2108 γ’
2865 2040 3070 2109 βιϐλίου
3112 2038 3218 2092 τῶν
3251 2036 3577 2094 Βασιλικῶν,
3613 2036 3695 2095 εἰς

2105 2135 2371 2202 τρίμηνον
2405 2131 2868 2202 στενοχωροῦντος
2902 2129 3001 2199 τὴν
3035 2128 3374 2195 δοκιμασίαν
3412 2127 3514 2193 τῆς
3553 2142 3696 2193 συμ-

2108 2226 2279 2293 ϐάσης
2313 2224 2626 2290 ἀντιλογίας
2657 2223 2795 2275 κατὰ
2825 2221 2916 2274 τοῦ
2935 2219 3322 2289 ψηφισθέντος.
3348 2218 3527 2285 Ὅπερ
3552 2234 3692 2269 κατε

2108 2317 2287 2371 ἐκειτο
2321 2318 2401 2379 είς
2447 2319 2510 2370 τὸ
2575 2316 2789 2386 σχόλιον
2837 2316 2930 2366 τοῦ
2999 2320 3047 2384 η’
3102 2329 3229 2380 κεφ.
3256 2311 3353 2366 τοῦ
3401 2318 3450 2364 α’
3506 2309 3692 2361 τίτλου

2108 2410 2202 2462 τοῦ
2236 2410 2503 2475 παρόντος
2562 2412 2965 2475 συντάγματος.
3032 2404 3272 2473 Ὀφείλει
3305 2403 3361 2456 δὲ
3395 2405 3569 2455 ποιεῖν
3592 2402 3694 2463 τὰς

2108 2500 2439 2573 χειροτονίας
2475 2500 2625 2562 ἐντὸς
2664 2500 2951 2568 τριμήνου,
2980 2499 3064 2551 ἵνα
3090 2498 3163 2566 μὴ
3190 2495 3445 2548 ἐντεῦθεν
3479 2496 3547 2547 τὰ
3581 2494 3694 2545 τῶν

2110 2589 2425 2641 ἐπισκόπων
2478 2588 2871 2654 λυμαίνωνται,
2925 2588 3017 2639 καὶ
3046 2590 3078 2657 ή
3110 2586 3206 2639 τοῦ
3234 2584 3367 2637 λαοῦ
3421 2584 3693 2653 ἀμελῆται

2107 2682 2444 2738 διδασκαλία.
2474 2682 2533 2733 Εἰ
2563 2681 2640 2747 δὲ,
2672 2683 2824 2747 φασὶ,
2860 2680 2951 2732 διά
2988 2697 3108 2731 τινα
3140 2679 3465 2747 περίστασιν
3502 2679 3691 2750 ἀπαρ-

2107 2773 2327 2843 αίτητον
2390 2772 2658 2824 κωλύεται
2724 2775 2756 2839 ἡ
2838 2769 2930 2822 τοῦ
2986 2771 3286 2824 ἐπισκόπο)
3349 2769 3692 2838 προχείρισις

2111 2865 2292 2932 (τυχὸν
2323 2864 2432 2931 γὰρ
2467 2863 2831 2933 ήχηρεύουσα
2865 2863 3022 2923 πόλις
3046 2862 3348 2914 ἐπισκόπου
3380 2860 3487 2913 ὑπὸ
3520 2859 3691 2912 ἐθνῶν

2112 2956 2272 3015 ἐάλω,
2326 2956 2419 3007 κοιλ¹
2482 2957 2581 3008 οὐκ
2626 2953 2740 3007 ἔστι
2794 2956 2922 3024 ῥᾷον
2980 2954 3235 3006 ἀπελθεῖν
3282 2952 3471 3005 ἐκεῖσέ
3522 2953 3688 3016 τινα),

2112 3050 2333 3110 πάντως
2370 3047 2695 3117 ὑπερτεθείη
2755 3046 2848 3099 καὶ
2897 3048 2930 3113 ή
2982 3045 3310 3114 χειροτονία.
3347 3044 3459 3114 Τὴν
3507 3044 3691 3112 μέντοι

2115 3138 2376 3206 πρόσοδον
2424 3138 2524 3204 τῆς
2569 3137 2875 3204 ἐπισκοπῆς
2928 3139 3078 3205 παρὰ
3108 3136 3200 3189 τοῦ
3236 3135 3523 3201 οίκονόμου
3550 3133 3687 3186 ταύ-

2110 3249 2210 3300 της
2238 3229 2635 3292 είσοδιάξεσθαι
2667 3229 2807 3280 θέλει
2832 3231 2859 3281 ὁ
2894 3227 3093 3292 κανὼν,
3124 3227 3343 3295 scaeva.
3366 3226 3693 3294 ὀφείλουσαν

2112 3327 2171 3377 οὐ
2196 3324 2276 3394 τῷ
2332 3323 2725 3393 μητροπολίτῃ,
2782 3322 2918 3373 ἀλλὰ
2970 3320 3053 3387 τῷ
3114 3316 3693 3390 χειροτονηθησομένιςι

2108 3414 2424 3481 ἐπισκόπῳ,
2454 3413 2560 3465 κᾶν
2590 3414 2684 3465 ἐπὶ
2714 3412 2979 3481 τρίμηνον
3018 3414 3051 3481 ή
3076 3412 3386 3481 χειροτονία
3414 3411 3693 3479 ὑπερτεθῂ

2114 3507 2220 3560 κᾶν
2248 3508 2344 3558 ’ἐπὶ
2371 3507 2555 3557 πλέον.
2598 3505 2740 3565 Τοὺς
2773 3504 2829 3555 δὲ
2862 3503 3012 3574 παρὰ
3037 3502 3217 3555 ταῦτα
3243 3504 3533 3562 ποιοῦντας
3586 3518 3697 3571 μη-⁵

2112 3597 2435 3668 τροπολίτας
2467 3596 2728 3664 ἐπιτιμίῳ
2778 3594 3185 3648 καθυποόάλλει
3213 3609 3228 3626 ⁸
3289 3587 3401 3646 οἷον
3428 3593 3489 3645 δὲ
3529 3591 3692 3644 τοῦτὸ

2112 3690 2284 3751 ἐστιν,
2316 3688 2416 3739 οὐκ
2464 3682 2603 3740 οἶδα.
2637 3685 2863 3754 Νομίζω
2914 3684 2970 3737 δέ
3012 3684 3073 3735 τὸ
3118 3682 3271 3752 παρὰ
3322 3682 3419 3749 τῆς
3469 3681 3691 3737 συνόδου

2111 3779 2553 3851 όρισθησόμενον,
2590 3778 2901 3846 Σημείωσαι
2931 3775 3025 3829 οὖν
3076 3775 3191 3836 πῶς
3238 3776 3439 3827 νοεῖται
3482 3774 3543 3825 τὸ
3589 3773 3694 3842 τῆς

2113 3870 2491 3939 ἀπαραιτήτου
2522 3868 2787 3935 ἀνάγκης.
2824 3867 2897 3919 Τὸ
2924 3868 3032 3936 γὰρ
3059 3865 3460 3935 ἐπηρεάζεσθαι
3487 3864 3554 3917 τὰ
3590 3865 3695 3933 τῆς

2114 3964 2424 4031 ἐπισκοπῆς
2459 3962 2564 4013 ὑπὸ
2605 3960 2983 4029 πρακτορικῆς
3013 3959 3247 4023 ἀδικίας,
3297 3959 3331 4028 ἢ
3394 3956 3582 4026 ἕτερόν
3638 3974 3695 4008 τι

2112 4054 2377 4117 τοιοῦτον,
2429 4052 2698 4120 ἀναϐολὴν
2744 4051 2965 4117 εὔλογον
2993 4049 3333 4118 χειροτονίας
3381 4046 3692 4101 ἐπισκόπου

2111 4148 2191 4216 τῷ
2225 4146 2593 4215 μητροπολίτῃ
2624 4145 2683 4196 οὐ
2712 4144 2949 4196 δίδωσιν.
2992 4142 3291 4209 Ἀνάγνωθι
3322 4142 3417 4195 καὶ
3467 4158 3597 4209 κεφ.
3648 4141 3694 4193 θ’

2112 4241 2207 4293 τοῦ
2236 4240 2283 4292 α’
2326 4240 2508 4292 τίτλου
2559 4237 2652 4290 τοῦ
2695 4238 2963 4305 παρόντος
2994 4236 3376 4305 συντάγματος
3409 4235 3506 4288 καὶ
3538 4234 3607 4287 τὰ
3636 4236 3696 4287 ἐν

2114 4334 2284 4402 αὐτῷ.

2188 4425 2431 4478 ΖΩΝΑΡ.
2465 4424 2575 4486 Τὰς
2603 4423 2712 4476 τῶν
2750 4422 3065 4475 ἐπισκόπων
3102 4419 3438 4491 χειροτονίας
3486 4422 3562 4492 μὴ
3605 4422 3699 4474 ἐπὶ

2118 4516 2257 4568 πολὺ
2291 4515 2684 4585 ὑπερτίθεσθαι
2732 4517 2858 4577 τοὺς
2898 4514 3326 4584 μητροπολίτας,
3358 4509 3440 4575 οἷς
3485 4517 3517 4584 ἡ
3552 4516 3698 4568 ’ἐκεί-

2118 4628 2223 4663 νων
2256 4612 2445 4679 ἀνήκει
2489 4610 2853 4679 προχείρισις,
2892 4611 2919 4660 ὁ
2954 4608 3147 4677 παρὼν
3180 4607 3363 4660 κανὼν
3380 4608 3697 4676 διορίζεται.

2120 4705 2216 4756 Διὸ
2250 4705 2346 4756 καὶ
2402 4704 2617 4773 χρόνον,
2644 4698 2705 4756 οὗ
2734 4704 2885 4762 ἐντὸς
2933 4698 3361 4771 χειροτονεῖσθαι
3398 4701 3519 4752 δέον
3570 4700 3699 4761 τοὺς

2106 4795 2472 4857 ἐπισκόπους,
2540 4794 2728 4856 ἔταξεν
2759 4812 2771 4824 ·
2804 4795 2832 4843 ὁ
2859 4794 2902 4845 δ’
2934 4793 3052 4845 ἔστι
3083 4792 3370 4859 τρίμηνον.
3400 4791 3548 4843 Ὀὐδὲ
3584 4791 3697 4861 γὰρ

2119 4887 2211 4937 ἐπὶ
2245 4885 2378 4936 πολὺ
2429 4886 2533 4953 χρὴ
2566 4886 2691 4945 τοὺς
2725 4883 2815 4935 ὑπ’
2847 4883 3093 4945 ἐκείνους
3121 4882 3286 4945 λαοὺς
3321 4885 3699 4951 ὰνεπισκοπή-

2118 4993 2243 5040 τους
2271 4974 2430 5039 εἶναι,
2483 4978 2577 5029 καὶ
2606 4975 2681 5037 ὡς
2726 4977 2884 5044 ἔτυχε
2929 4973 3213 5043 φέρεσθαι,
3269 4974 3343 5043 μὴ
3395 4974 3550 5035 ὄντος
3600 4972 3697 5024 τοῦ

2118 5070 2541 5138 καταρείζοντος
2575 5067 2795 5130 αὑτούς.
2836 5069 2896 5119 Et
2940 5066 2997 5118 δέ
3023 5082 3154 5118 ποτε
3188 5065 3432 5133 συμϐαίη
3465 5064 3698 5132 ἀπαραί-

2116 5163 2280 5230 τητός
2331 5178 2415 5223 τις
2473 5160 2621 5212 αἰτία
2683 5159 2972 5212 κωλύουσα
3004 5157 3100 5223 τὴν
3145 5156 3235 5209 διὰ
3284 5155 3379 5208 τοῦ
3425 5159 3694 5224 τριμήνου

2118 5253 2480 5317 προχείοισιν,
2536 5252 2958 5317 ἐπιταθήσεται,
3011 5249 3199 5316 φησιν,
3258 5247 3286 5298 ὁ
3338 5248 3553 5316 χρόνος,
3603 5248 3695 5298 καὶ

2120 5344 2548 5411 ὑπερτεθήσεται
2601 5340 2985 5410 ήχειροτονία.
3037 5340 3197 5399 Ἴσως
3248 5339 3357 5407 γὰρ
3409 5338 3555 5389 ἑάλω
3588 5338 3696 5388 ὑπὸ

2123 5435 2418 5504 Βαρϐάρων
2468 5437 2501 5501 ἡ
2564 5435 2717 5494 πόλις
2770 5433 2977 5500 ἐκείνη,
3029 5431 3127 5483 καὶ
3183 5428 3288 5481 οὐκ
3341 5427 3457 5481 ἔστι
3512 5428 3696 5496 ῥᾴδιον

2117 5524 2371 5576 ἀπελθεῖν
2403 5524 2578 5575 ἐκεῖσὲ
2609 5540 2754 5575 τινα.
2792 5520 2930 5581 Τοὺς
2958 5520 3012 5571 δὲ
3066 5521 3137 5586 μὴ
3191 5517 3333 5569 οὓτω
3397 5516 3693 5577 ποιοῦντας

2121 5614 2440 5666 ὑποκεῖσθαι
2472 5614 2683 5666 κελεύει
2708 5612 3185 5678 ἐκκλησιαστικοῖς
3214 5608 3530 5677 ἐπιτιμίοις.
3578 5607 3694 5671 Ἐφ’

2118 5708 2242 5757 ὅσον
2274 5705 2329 5757 δὲ
2366 5709 2397 5773 ή
2433 5705 2738 5774 χειροτονία
2776 5703 2867 5754 τοῦ
2903 5701 3213 5753 ἐπισκόπου
3252 5699 3552 5767 ὑπερτεθῇ,
3584 5698 3694 5749 εἴτε

2132 5800 2224 5849 ἐπὶ
2279 5797 2561 5860 τρίμηνον,
2614 5798 2709 5849 εἴτ’
2735 5796 2826 5848 ἐπὶ
2860 5793 3024 5847 πλέον
3057 5792 3304 5846 ἀνάγκης
3333 5789 3693 5857 ἐπικειμένης
