4078 6454
325 344 424 406 48ι

1365 333 1448 393 ΙΝ
1486 330 1632 393 CAN
1700 329 1920 393 XXVII
1964 328 2175 391 CONC.
2214 331 2581 391 CllALCED.

3502 334 3609 398 482

404 455 600 509 ΒΑΛΣ.
639 454 697 506 ’0
734 452 924 523 παρὼν
968 449 1150 504 κανὼν
1207 450 1305 502 καὶ
1382 448 1414 501 6
1454 445 1535 518 λβ¹
1581 447 1680 516 τῆς
1734 447 1791 497 ὲν
1838 442 1915 513 τῷ

2088 440 2283 496 BALS.
2346 441 2593 499 Praesens
2650 458 2846 508 canon,
2912 455 2960 498 et
3016 444 3087 498 52
3135 458 3309 498 canon
3367 461 3490 516 syn.
3553 452 3605 502 in

327 550 589 619 Τρούλλῳ
622 548 842 600 συνόδου
870 544 1318 615 ἀπαραλλάκτως
1344 542 1556 613 ἔχουσι,
1605 535 1916 610 διοριίζόμε⁸

326 660 410 694 νοι
443 642 568 704 τοὺς
602 640 949 711 ἁρπάζοντας
972 639 1259 705 γυναῖκας,
1288 634 1322 705 ἢ
1366 633 1847 704 συμπράττοντας.
1882 631 1914 702 ἢ

328 730 763 801 συναιρομένους
785 732 897 790 τοῖς
922 727 1257 798 ἁρπάζουσι,
1283 725 1584 795 κληρικοὺς
1607 723 1705 793 μὲν
1735 723 1915 788 ὄντας,

326 823 745 893 καθαιρεῖσθαι,
772 822 996 883 λαϊκοὺς
1053 820 1111 873 δὲ
1168 818 1693 887 ἁναθεματίζεσθαι.
1766 818 1919 870 Ἀνάο

326 916 500 982 γνωθι
529 916 623 967 καὶ
661 914 845 965 τίτλου
907 912 953 963 0'
972 911 1064 963 τοῦ
1096 913 1361 980 παρόντος
1394 909 1770 977 συντάγματος
1829 924 1919 958 κε-

326 1004 458 1070 φάλ.
506 1004 549 1055 λ’
607 1003 702 1055 καὶ
747 1003 816 1054 τά
873 1004 929 1054 ἐν
986 1001 1168 1069 αὐτῷ’
1230 998 1494 1061 ὡσαύτως
1568 998 1663 1050 καὶ
1715 996 1805 1049 τὸν
1843 996 1917 1060 EC

325 1096 695 1149 ἀποστολικὸν
728 1095 953 1148 κανόνα.
998 1095 1210 1147 Ἑκεῑσε
1236 1093 1346 1162 γὰρ
1408 1090 1748 1160 πλατύτερον
1812 1090 1917 1142 ἐδι-

324 1191 580 1259 δάξαμεν
617 1188 734 1251 πῶς
766 1189 1093 1258 τιμωρεῖται
1126 1188 1153 1239 6
1182 1185 1387 1255 ἅρπαξ,
1422 1185 1519 1237 καὶ
1554 1184 1671 1245 πῶς
1721 1185 1748 1235 6
1796 1181 1918 1252 βίαν

326 1282 670 1354 πεποιηκώς.
701 1284 862 1345 Ἴσως
891 1282 947 1334 δέ
979 1298 1063 1341 τις
1114 1281 1247 1349 ἐρεῖ,
1300 1278 1397 1331 καλ⁹
1458 1278 1578 1341 πῶς
1635 1276 1837 1347 ὁμοίως
1890 1276 1918 1326 6

327 1377 615 1445 ἁρπάζων,
646 1378 745 1429 καὶ
777 1378 804 1428 ὁ
834 1374 1232 1445 συμπράττων,
1300 1372 1396 1426 καὶ
1446 1371 1475 1424 6
1506 1370 1913 1440 συναιρόμενος,

327 1467 653 1528 κολάζονται
690 1482 704 1531 ;
740 1462 874 1516 Εἷπε
918 1459 1011 1517 οὖν
1043 1463 1125 1515 ὅτι
1172 1460 1419 1524 καὶτοὺς
1459 1459 1916 1530 συμπράττοντας

327 1560 426 1611 καὶ
456 1560 582 1621 τοὺς
625 1558 1050 1628 συναιρομένους
1081 1557 1179 1627 ούχ
1222 1548 1384 1626 ἦττον
1428 1551 1523 1606 τοῦ
1568 1551 1916 1622 ἁρπάσαντος

330 1649 949 1718 μυτάττεταιὸκανών.
1016 1649 1076 1701 '0
1143 1648 1241 1718 μὲν
1296 1647 1409 1717 γὰρ
1478 1645 1741 1716 ἁρπάζων
1803 1644 1916 1712 ἔχει

326 1746 422 1795 τὸ]
461 1744 702 1812 ἄθεσμον
728 1743 910 1812 ἔρωτα
945 1740 1242 1812 πρόφασιν,
1287 1741 1417 1793 οἶδὲ
1464 1738 1664 1801 κακίας
1746 1740 1914 1808 μόνης

327 1838 426 1889 καὶ
456 1837 642 1890 ἀδίκου
714 1833 1158 1906 κατηγοροῦνται
1222 1832 1561 1903 προθέσεως,
1616 1850 1918 1903 καταστρε-

326 1929 544 2000 φούσης
565 1930 665 1999 τὴν
684 1930 782 1997 τῆς
812 1929 1023 1990 πόλεως
1053 1927 1420 1997 κοσμιότητα.
1459 1927 1614 1979 Ἔστι
1662 1926 1719 1978 δὲ
1780 1943 1917 1995 συμ-

326 2023 589 2091 πράττων
622 2023 649 2073 ό
681 2020 1089 2090 πραγματικῶς
1119 2019 1223 2086 τὴν
1279 2020 1542 2090 ἁρπαγὴν
1596 2018 1918 2088 καταρτύων

328 2114 431 2167 σὺν
461 2112 542 2183 τῷ
560 2113 867 2183 ἁρπάζοντι
900 2131 913 2144 ι
947 2112 1338 2183 συναιρόμενος
1368 2112 1424 2165 δὲ
1447 2114 1474 2165 6
1510 2110 1600 2166 διὰ
1681 2112 1919 2181 συμϐουο

325 2205 432 2273 λῆς
466 2205 500 2275 ἢ
546 2206 643 2258 καὶ
695 2207 1020 2276 ἐπικουρίας
1053 2206 1221 2273 ἄλλης
1264 2204 1575 2274 συντρέχων
1612 2202 1691 2273 τῷ
1730 2204 1919 2272 πλημ-

329 2295 658 2365 μελήσαντι.
716 2296 881 2363 Ζήτει
931 2295 1027 2348 καὶ
1080 2293 1154 2346 λε’
1212 2293 1436 2362 Νεαρὰν
1496 2292 1591 2347 τοῦ
1651 2291 1919 2361 βασιλέως

326 2388 505 2457 κυροῦ
540 2388 769 2450 Λέοντος
799 2386 895 2441 τοῦ
929 2388 1233 2456 Φιλοσόφου
1268 2384 1623 2456 τιμωροῦσαν
1653 2386 1745 2437 τὸν
1777 2383 1919 2454 μετὰ

329 2480 594 2550 ἁρπαγῆς
633 2478 968 2551 βιασάμενον
1002 2480 1174 2550 κόρην
1204 2479 1267 2532 οὐ
1304 2479 1467 2549 μόνον
1520 2478 1611 2532 διὰ
1661 2477 1922 2547 πραγμά-

326 2589 443 2625 των
468 2573 837 2643 ἀφαιρέσεως,
865 2573 1003 2627 ἀλλὰ
1040 2572 1137 2627 καὶ
1169 2571 1260 2625 διὰ
1313 2571 1636 2641 σωματικῆς
1686 2570 1878 2641 ποινῆς
1902 2585 1917 2602 ’

327 2664 598 2728 ὡσαύτως
627 2667 720 2720 καὶ
754 2667 884 2730 τοὺς
935 2667 1363 2735 συναιρομένους
1393 2666 1583 2727 αὐτοῖς
1612 2681 1625 2694 ·
1656 2664 1750 2717 καὶ
1804 2665 1920 2718 δια-

328 2756 726 2825 λαμϐάνουσαν
747 2757 924 2821 ἄλλως
951 2758 1319 2827 τιμωρεῖσθαι
1349 2758 1473 2819 τοὺς
1540 2758 1763 2811 ἔνοπλον
1815 2757 1920 2827 ἁρ-

329 2851 522 2919 παγὴν
545 2852 989 2920 πονησαμένους,
1046 2852 1141 2906 καὶ
1186 2851 1363 2913 ἄλλως
1430 2851 1556 2912 τοὺς
1615 2849 1689 2920 μὴ
1747 2848 1920 2913 οὕτως

328 2943 762 3012 ἀτακτήσαντας
792 2958 807 2973 ο
868 2943 1246 3014 τιμωρεῖσθαι
1303 2943 1362 2997 δὲ
1406 2943 1504 2995 καὶ
1555 2946 1649 3021 τον
1704 2940 1922 3012 πατέρα

327 3036 428 3086 ἐὰν
450 3035 821 3102 καταδέξηται
849 3036 912 3088 τὸ
936 3036 1183 3103 γεγονός.

2023 536 2193 590 'l'rull.
2228 537 2415 591 eodem
2446 538 2669 591 omnino
2716 538 2877 591 modo
2908 552 2965 591 se
2999 538 3219 600 habent,
3258 540 3604 604 deﬁnientes,

2021 645 2116 685 eos
2168 630 2259 699 qui
2316 630 2573 684 mulieres
2621 630 2862 697 rapiunt,
2917 633 3002 685 vel
3055 633 3391 699 rapientibus
3442 650 3599 698 opem

2021 720 2220 787 ferunt,
2276 721 2358 775 vel
2415 722 2800 788 consentiunt,
2860 724 2903 776 si
2958 724 3066 777 sint
3120 725 3338 792 quidem
3398 726 3604 789 cicrc,

2020 812 2407 880 deponendos;
2444 814 2610 867 laicus
2638 822 2819 867 autem
2847 813 3412 872 anathematizandos.
3467 816 3603 885 Lege

2021 916 2073 959 et
2112 907 2196 958 tit.
2223 906 2255 961 9
2287 908 2569 974 ltra‘Sentis
2599 906 2802 974 operis,
2840 923 2958 975 cap.
2992 907 3078 961 '50.
3107 919 3157 961 et
3193 925 3311 977 qua:
3345 911 3414 963 ibi
3454 921 3602 965 sunt.

2025 998 2283 1050 Similiter
2333 1006 2386 1051 et
2438 998 2505 1050 67
2556 999 2904 1066 apostolicqu
2950 1014 3232 1054 canonem.
3306 1002 3418 1057 lilic
3453 1005 3597 1057 enim

2020 1088 2193 1143 fusius
2224 1090 2528 1154 docuimus,
2580 1093 2848 1159 quomodo
2885 1096 3102 1158 punitur
3134 1104 3334 1163 raptor,
3380 1106 3434 1149 et
3467 1114 3575 1167 quo

2024 1189 2180 1241 modo
2206 1187 2296 1256 qui
2325 1188 2427 1241 vim
2448 1188 2645 1242 attulit.
2694 1187 3037 1243 DiCetautem
3058 1189 3287 1247 tortasse
3304 1196 3598 1266 quispiam,

2019 1289 2073 1335 et
2103 1280 2375 1349 quomodo
2408 1281 2658 1335 similiter
2697 1283 2785 1349 qui
2826 1284 2982 1348 rapit,
3034 1294 3089 1336 et
3130 1286 3220 1353 qui
3268 1285 3372 1340 fert
3422 1303 3603 1356 Opem,

2018 1377 2071 1420 et
2112 1367 2201 1436 qui
2240 1368 2533 1431 consentit,
2595 1370 2935 1437 puniuntur?
3006 1373 3097 1426 Dic
3136 1375 3320 1444 igitur,
3372 1381 3510 1445 quod
3550 1392 3605 1432 ct

2020 1475 2114 1514 eos
2144 1460 2233 1529 qui
2271 1474 2424 1527 opem
2452 1459 2655 1525 ferunt,
2684 1471 2738 1514 et
2764 1463 2854 1532 qui
2890 1466 3256 1532 consentiunt,
3290 1484 3395 1522 non
3424 1470 3606 1525 minus

2019 1567 2180 1621 quain
2230 1567 2352 1605 eum
2411 1552 2501 1622 qui
2568 1554 2769 1621 rapuit,
2827 1567 3109 1610 aversatur
3161 1567 3214 1614 et
3266 1562 3393 1614 odio
3444 1561 3605 1618 habet

2020 1659 2214 1699 canon.
2287 1644 2385 1708 Qui
2434 1644 2579 1697 enim
2631 1646 2826 1713 rapuit,
2873 1647 3138 1702 nefarium
3189 1666 3431 1707 amorem
3466 1671 3603 1723 pra:-

2022 1748 2225 1793 textnm
2283 1738 2463 1792 habet.
2560 1723 2642 1791 illi
2696 1754 2849 1804 vero,
2912 1740 3079 1795 solius
3132 1743 3495 1809 improbitatis
3550 1757 3606 1801 et

2020 1830 2191 1900 iniqui
2228 1831 2490 1900 propositi
2534 1840 2881 1896 accusantur,
2937 1834 3077 1901 quod
3117 1832 3334 1903 quidem
3368 1836 3606 1893 civitatis

2024 1928 2363 1981 honestatem
2399 1942 2465 1981 ac
2496 1928 2660 1982 decus
2695 1929 2912 1982 evertit.
2969 1930 3021 1984 Is
3050 1941 3229 1983 autem
3268 1947 3427 2000 opetn
3464 1933 3607 1989 ferre

2021 2020 2239 2086 dicitur,
2273 2020 2361 2089 qui
2395 2020 2541 2075 iacto
2571 2022 2705 2089 ipso,
2760 2035 2882 2074 cum
2926 2036 2992 2075 eo
3039 2024 3131 2092 qui
3179 2024 3338 2092 rapit,
3388 2033 3601 2092 raptum

2022 2111 2186 2165 struit
2242 2125 2306 2175 ac
2361 2111 2599 2165 molitur.
2688 2111 3049 2166 Consentieus
3101 2122 3303 2177 autem,
3366 2118 3455 2184 qui
3511 2132 3607 2185 per

2021 2202 2334 2267 consilium,
2383 2202 2465 2256 vel
2511 2202 2653 2257 aliud
2704 2205 2865 2257 etiam
2899 2205 3158 2258 auxilium
3207 2221 3329 2259 cum
3381 2221 3468 2272 eo,
3513 2210 3603 2276 qui

2023 2308 2302 2367 peccatum
2354 2298 2590 2360 admisit,
2644 2299 2943 2352 concurrit.
3018 2299 3208 2363 Quare
3259 2311 3311 2354 et
3348 2300 3416 2354 55
3473 2302 3606 2370 imp.

2020 2387 2224 2441 domini
2276 2385 2474 2441 Leonis
2545 2386 2855 2457 Philosophi
2922 2386 3221 2457 Novvllam,
3299 2392 3607 2461 punientem

2018 2492 2165 2540 eum,
2226 2479 2314 2546 qui
2366 2494 2468 2532 una
2521 2494 2643 2532 cum
2698 2490 2849 2547 raptu
2900 2481 3090 2548 puellae
3121 2483 3226 2536 vim
3260 2485 3464 2553 attulit,
3504 2501 3607 2540 non

2026 2567 2202 2622 solum
2251 2582 2347 2636 per
2404 2582 2584 2620 rerum
2645 2569 3086 2637 publicationem,
3147 2573 3239 2627 sed
3296 2577 3461 2628 etiam
3516 2591 3610 2644 per

2022 2669 2240 2727 penam
2285 2658 2658 2728 corporalem;
2709 2661 2962 2715 similiter
3006 2675 3060 2716 et
3114 2680 3206 2718 eos
3248 2667 3338 2734 qui
3371 2668 3444 2721 illi
3480 2684 3611 2721 con—

2022 2764 2347 2810 senserunt:
2400 2763 2456 2811 et
2507 2765 2852 2824 tractantem,
2909 2761 3067 2814 aliter
3102 2763 3279 2830 puniri
3309 2779 3403 2818 eos
3429 2765 3522 2834 qui
3556 2766 3608 2818 vi

2023 2855 2231 2900 armata
2288 2860 2603 2918 rapuerunt,
2662 2860 2717 2905 et
2771 2852 2929 2906 aliter
2979 2868 3074 2907 eos
3118 2856 3210 2924 qui
3259 2872 3365 2911 non
3421 2860 3502 2913 sic
3551 2875 3611 2913 se

2025 2935 2268 3004 improbe
2294 2949 2612 3007 gesserunt;
2660 2944 2837 3010 puniri
2875 2957 3053 2999 autem
3086 2948 3248 3001 etiam
3286 2957 3344 3003 et
3375 2958 3606 3018 patrem,

2023 3029 2069 3084 si
2099 3029 2298 3084 factum
2326 3032 2728 3100 approbaverit.

402 3125 791 3181 ZQNAP.Kal.
829 3128 879 3180 oi
937 3129 1212 3180 πολιτικοὶ
1267 3127 1425 3196 νόμοι
1496 3127 1745 3198 σφοδρῶς
1792 3126 1918 3191 τοὺς

2094 3122 2346 3178 ZONAR.
2421 3124 2489 3178 Et
2521 3125 2696 3193 legum
2740 3125 2976 3180 civilium
3011 3128 3241 3182 decretis
3276 3130 3328 3183 in
3360 3140 3609 3197 raptores

328 3217 594 3286 ἅρπαγας
623 3220 903 3285 γυναικῶν
942 3220 1254 3284 κολάζουσι,
1289 3223 1383 3273 καὶ
1412 3220 1533 3273 οὐδὲ
1568 3223 1650 3282 εἰς
1684 3222 1920 3288 γυναῖκα

332 3307 742 3377 συζεύγνυσθαι
808 3311 910 3381 τὴν
978 3312 1331 3384 ἁρπαγεῖσαν
1410 3312 1756 3383 συγχωροῦσι
1842 3312 1942 3388 τῷ⁵

328 3400 572 3471 ἃρπαγι,
602 3403 708 3455 κᾶν
757 3405 789 3456 6
820 3402 1029 3471 ταύτης
1079 3406 1264 3474 πατὴρ
1334 3408 1563 3475 συναινῇ
1617 3404 1921 3475 συγχωρῶν

326 3492 393 3542 τὸ
418 3492 720 3561 ἔγκλημα·
785 3493 882 3545 καὶ
941 3494 989 3545 οἱ
1051 3497 1279 3556 κανόνες
1338 3493 1397 3546 δὲ
1443 3492 1735 3557 κολάζουσι
1798 3495 1918 3557 τοὺς

328 3584 635 3647 τοιούτους.
671 3583 841 3649 Οὗτος
870 3586 926 3639 δὲ
955 3589 983 3639 6
1014 3585 1198 3640 κανὼν
1224 3586 1559 3657 δριμύτερον
1608 3587 1718 3639 τῶν
1744 3586 1921 3641 ἄλλων

330 3678 700 3747 ἐπεξέρχεται
729 3679 855 3741 τοὺς
886 3679 1146 3748 ἁρπαγὴν
1169 3679 1789 3749 πλημμελοῦντας,τοὺς
1822 3678 1922 3747 μὲν

331 3772 578 3839 κληροὺς
611 3770 918 3840 καθαιρῶν,
954 3772 1082 3834 τοὺς
1113 3770 1169 3822 δὲ
1209 3770 1430 3832 λαῖκοὺς
1472 3768 1920 3840 ἀναθεματίζων.

331 3863 448 3917 Καὶ
487 3861 550 3913 ού
579 3863 741 3931 μόνον
761 3864 887 3925 τοὺς
907 3861 1257 3932 ἁρπάζοντας
1286 3864 1634 3932 τιμωρεῖται,
1659 3861 1795 3916 ἁλλὰ
1827 3862 1922 3914 καὶ

329 3955 462 4015 sti);
497 3953 959 4022 συμπράῖτοντας
986 3954 1019 4023 ἢ
1047 3952 1472 4023 συναιρομένους
1498 3954 1603 4005 ὑπὸ
1624 3953 1723 4015 τὰς
1752 3954 1922 4017 αὐτὰς

332 4050 576 4099 ποιεῖται
601 4046 872 4111 κολάσεις,
905 4049 1000 4100 καὶ
1022 4047 1269 4109 εἰκότως.
1284 4046 1345 4099 ὐ
1368 4047 1467 4116 μὲν
1494 4046 1602 4117 γὰρ
1624 4047 1802 4118 ἑαυτῷ
1827 4047 1924 4116 άρ-

332 4138 527 4201 πάζων
547 4141 781 4205 γυναῖκα
798 4137 911 4207 ἔχει
933 4138 1023 4191 τὸν
1040 4138 1217 4207 ἔρωτα
1236 4138 1372 4209 πρὸς
1391 4139 1489 4208 τὴν
1506 4138 1762 4206 ’ἀθέμιτον
1785 4140 1925 4207 πρᾶ-

341 4230 415 4293 ξιν
447 4231 613 4282 αὑτὸν
647 4229 970 4299 βιαζόμενον
1005 4247 1021 4261 ·
1042 4232 1071 4283 6
1093 4230 1150 4282 δὲ
1187 4231 1559 4299 συμπράττων
1594 4230 1626 4299 ἢ
1670 4233 1923 4301 συναιρό⁹

339 4338 499 4387 μενος
534 4320 739 4389 μᾶλλον
765 4322 831 4374 ἂν
868 4321 952 4390 εἵη
976 4321 1385 4388 άσύγγνωστος,
1415 4323 1581 4392 μηδὲν
1614 4323 1753 4392 ἔχων
1786 4326 1923 4393 πρὸς

334 4414 435 4481 τὴν
468 4412 757 4480 ἐξάγιστον
781 4413 981 4482 πρᾶξιν
1008 4413 1334 4467 συνελαῦνον
1353 4414 1565 4483 αὑτὸνῆ
1592 4414 1689 4485 τὴν
1711 4416 1922 4469 οἰκείαν

336 4508 566 4565 κακίαν,
610 4504 678 4556 δι’
713 4505 780 4575 ἢν
811 4505 981 4575 μόνην
1031 4506 1320 4575 συντρέχει
1386 4506 1464 4576 τῷ
1512 4508 1609 4576 τὴν
1662 4508 1919 4579 ἁρπαγὴν

336 4598 722 4667 ἁμαρτάνοντι
754 4612 767 4627 ’
864 4597 1327 4666 συμπράττοντας
1409 4599 1465 4651 δὲ
1522 4601 1740 4669 νοητέον
1796 4602 1920 4662 τοὺς

338 4689 746 4758 συνεργοῦντας
802 4690 895 4740 ἐπὶ
926 4690 992 4759 τῇ
1049 4689 1273 4759 ἁρπαγῇ
1307 4704 1320 4720 ⁸
1385 4692 1810 4760 συναιρομένους
1864 4691 1923 4745 δὲ

336 4784 467 4841 τοὺς
561 4783 636 4850 μὴ
683 4780 831 4849 ἔργῳ
887 4779 1400 4851 συμϐοηθήσοντας,
1494 4782 1807 4855 συμϐουλὴν
1865 4784 1922 4836 δὲ

334 4875 436 4928 καὶ
468 4873 583 4944 (56)
620 4875 857 4944 σπουδὴν
874 4874 1293 4940 εἰσαγαγόντας,
1325 4877 1419 4927 καὶ
1465 4875 1640 4939 οὕτως
1696 4878 1919 4929 ἐπικου-

336 4968 621 5036 ρήσαντας
701 4965 801 5019 καὶ
889 4964 1359 5034 ἁντιλαὸομένους
1440 4966 1550 5020 τῶν
1653 4968 1921 5038 πλημμε-

336 5059 605 5113 λούντων.

335 5148 569 5202 ΑΡΙΣΤ.
616 5151 917 5219 Κληρικὸς
975 5146 1251 5217 ἁρπάζων
1308 5152 1583 5220 γυναῖκα,
1627 5153 1927 5219 ἀνεκκλη-

411 5240 675 5308 σίαστος
696 5256 713 5273 ’
738 5245 771 5295 ό
811 5242 881 5295 δὲ
912 5246 1125 5311 λαϊκὸς
1178 5244 1336 5299 ἔστω
1402 5242 1668 5313 ἀνάθεμα
1702 5261 1717 5277 ο
1780 5244 1929 5297 κατὰ

408 5332 590 5387 τοῦτο
610 5333 709 5388 καὶ
743 5338 775 5389 ὁ
802 5338 1257 5407 συναψάμενος.

2024 3216 2306 3269 mulierum
2333 3231 2525 3286 graves
2550 3219 2838 3271 admodum
2869 3235 3041 3284 paena:
3062 3222 3394 3290 constituta,
3429 3224 3610 3276 vetitis

2023 3305 2207 3371 etiam,
2234 3309 2483 3376 quamvis
2509 3323 2602 3362 eas
2627 3309 2925 3363 Oilensimte
2946 3310 3172 3365 tlitnissa
3205 3313 3431 3383 virginis
3458 3324 3610 3381 pater

2018 3400 2307 3467 approbet,
2364 3400 2598 3469 raptoris
2629 3417 2750 3456 cum
2804 3412 2952 3471 rapta
2987 3404 3211 3458 muliere
3242 3405 3444 3472 nuptiis
3487 3422 3503 3460 :
3555 3415 3606 3460 et

2023 3506 2287 3546 canonem
2343 3508 2561 3563 qunque
2609 3497 3009 3561 sanctionibus,
3062 3511 3130 3550 ne
3181 3497 3504 3567 impunitum
3555 3497 3609 3551 id

2023 3583 2236 3640 facinus
2268 3586 2687 3657 relinqueretur,
2722 3588 3014 3654 provisum.
3056 3585 3256 3643 Verum
3298 3589 3385 3643 hic
3432 3605 3607 3645 canon

2024 3678 2148 3732 aliis
2199 3681 2446 3733 severius
2516 3680 2569 3733 in
2624 3691 2871 3748 raptores
2920 3679 3323 3743 animadvertit,
3378 3681 3610 3738 clericos

2024 3772 2241 3838 quidem
2268 3772 2563 3840 deponens,
2616 3772 2667 3826 in
2720 3774 2891 3827 laicos
2922 3790 3050 3827 vero
3084 3773 3370 3827 anathema
3399 3776 3610 3829 denun-

2025 3862 2185 3915 tians.
2266 3860 2379 3916 Nec
2406 3863 2581 3918 solum
2612 3864 2813 3932 rapinae
2844 3874 3117 3927 aut-tores.
3169 3868 3263 3919 sed
3309 3881 3403 3920 eos
3447 3866 3607 3920 etiam

2024 3954 2113 4022 qui
2149 3970 2304 4024 opem
2336 3956 2512 4009 ferunt
2542 3957 2623 4010 vel
2666 3960 3006 4011 consentiunt
3053 3960 3241 4011 iisdem
3278 3961 3452 4027 pmnis
3486 3962 3614 4014 sub-

2018 4045 2162 4115 jicit.
2232 4045 2420 4115 Neque
2487 4049 2536 4103 id
2578 4051 2795 4118 quidem
2854 4049 3071 4117 injuria.
3147 4049 3247 4115 Qui
3293 4052 3491 4103 etenim
3542 4068 3607 4106 ex

2023 4144 2180 4204 raptu
2242 4136 2345 4190 sibi
2389 4151 2609 4190 uxorem
2669 4140 3037 4207 c0mparavit,
3107 4143 3171 4192 ad
3220 4139 3425 4195 facinus
3478 4142 3606 4196 illud

2023 4225 2437 4293 perpetrandum
2484 4226 2841 4294 impellentem
2897 4242 2956 4280 se
3006 4242 3245 4283 amorem
3296 4245 3394 4299 pro
3440 4247 3610 4283 excu-

2023 4317 2233 4370 satione
2282 4316 2464 4381 habet,
2512 4318 2600 4384 qui
2651 4332 2782 4371 vero
2834 4333 2988 4386 opem
3038 4319 3142 4373 fert
3176 4328 3268 4373 aut
3313 4322 3605 4384 consentit,

2026 4423 2148 4462 cum
2193 4406 2325 4461 nihil
2360 4407 2430 4461 sit
2463 4409 2605 4475 quod
2644 4408 2709 4462 ad
2744 4410 3128 4478 nequissimam
3178 4413 3443 4465 actionem
3471 4410 3610 4467 inci-

2030 4507 2145 4550 tare
2187 4498 2337 4552 illnm
2386 4509 2639 4569 poterat,
2696 4511 2896 4569 przeter
2946 4503 3216 4572 prepriam
3264 4505 3607 4572 pravitatem,

2028 4606 2124 4661 per
2150 4607 2310 4661 qttam
2339 4595 2505 4647 solam
2552 4613 2672 4649 cum
2705 4608 2921 4666 raptore
2950 4600 3200 4652 convenit
3228 4601 3611 4667 concurritquc

2028 4685 2184 4739 venia
2210 4686 2379 4752 magis
2408 4685 2658 4756 indignus
2680 4699 2780 4744 est.
2814 4692 2890 4744 Ac
2910 4690 3180 4759 adjutores
3205 4693 3419 4761 quidem
3454 4692 3612 4744 intel-

2028 4776 2368 4848 ligimus,qui
2386 4781 2452 4833 ad
2466 4780 2641 4834 scelus
2662 4784 2979 4850 patrandum
2996 4798 3212 4851 operam
3235 4799 3388 4836 suam
3407 4782 3609 4853 raptori

2030 4873 2476 4924 commodarunt:
2500 4876 2809 4927 consentire
2841 4889 2965 4927 vero
2990 4889 3081 4929 eos
3104 4875 3354 4937 dicimus,
3380 4888 3610 4942 quorum

2031 4973 2226 5014 manus
2261 4963 2476 5028 quidem
2524 4977 2551 5013 a
2590 4964 2797 5018 scelere
2833 4964 3027 5029 abluit,
3060 4964 3282 5018 consilio
3318 4973 3495 5033 tamep
3549 4979 3615 5017 ac

2030 5048 2212 5102 Studio
2247 5049 2682 5116 delinquentibus
2724 5055 2997 5122 suppetias
3041 5068 3107 5107 ac
3152 5069 3307 5121 opem
3349 5057 3611 5109 tulerunt.

2029 5138 2254 5194 ARIST.
2312 5139 2545 5196 Clericus
2578 5145 2849 5198 mulierem
2881 5148 3090 5215 rapiens
3120 5146 3343 5201 ecclesia
3380 5147 3614 5212 expella-

2104 5243 2223 5286 tur:
2274 5233 2441 5287 laicus
2470 5246 2665 5301 autem,
2700 5239 2767 5291 ait
2791 5243 3112 5305 anathema;
3159 5250 3214 5293 ut
3242 5247 3291 5294 et
3319 5240 3613 5310 quicunque

2104 5327 2190 5381 isti
2222 5326 2526 5395 opitulatur.

1575 5516 1766 5579 Guill.
1812 5516 2140 5593 Beveregii
2169 5524 2357 5576 notae.

411 5713 529 5777 (56‘
561 5712 925 5779 Συμϐουλὴν
955 5712 1024 5764 δὲ
1056 5712 1181 5767 καί.
1232 5708 1359 5763 Ηςεο
1383 5751 1397 5774 ,
1456 5722 1627 5777 usque
1676 5710 1741 5760 ad
1802 5709 1924 5761 ἐπι-

340 5786 723 5855 κουρήσαντας
776 5785 1060 5848 inclusive,
1118 5785 1172 5837 in
1229 5782 1419 5835 codice
1483 5779 1922 5834 Attierbacltiano

2032 5707 2428 5761 desiderantur.
2483 5706 2589 5761 Sed
2644 5722 2836 5761 sensus
2888 5708 2989 5759 loci
3047 5705 3166 5759 sine
3213 5704 3319 5758 illis
3367 5705 3608 5774 pessime

2033 5778 2411 5842 confunditur,
2447 5781 2527 5834 vel
2561 5779 2743 5848 potius
2778 5776 2959 5833 nullus
2986 5777 3206 5832 omnino
3239 5783 3348 5831 est.
