4078 6428
457 330 560 395 487

1730 317 2005 377 TllEOD.
2054 315 2146 374 BA
2163 314 2463 375 [ΒΑΜοΝ

3618 308 3727 373 488

456 446 665 505 Romae,
717 445 773 492 et
817 452 939 494 eum
987 434 1439 505 quemadmodum
1470 443 1523 487 et
1555 432 1663 496 ille,
1703 431 1756 484 in
1789 429 2046 484 omnibus

2165 428 2245 480 τοῦ
2280 429 2436 483 πάπα
2481 425 2724 497 Ῥώμης,
2753 422 2849 479 καὶ
2880 421 3002 477 κατ’
3030 423 3238 475 ἐκεῖνον
3272 420 3364 472 ἐπὶ
3417 418 3553 472 πάσι
3609 415 3730 477 τοῖς

457 537 621 589 rebus
651 529 1035 586 ecelesiastit-is
1080 527 1333 580 honorari
1365 541 1429 578 ac
1466 525 1640 592 magni
1674 524 1814 587 ﬁeri,
1847 536 2045 576 conve-

459 624 674 677 nienter
719 619 755 673 5
816 618 1008 673 canoni
1064 614 1312 670 secundm
1369 628 1485 684 syn.
1542 612 1793 665 Nonnulli
1838 620 2045 675 autem,

463 716 704 767 ridentes
754 726 875 765 eum
942 708 1084 761 nolle
1147 723 1299 776 papae
1361 706 1587 760 Romani
1655 704 1934 774 privilegio
1990 717 2049 754 se

455 808 663 875 jaCtare
692 813 747 857 et
787 801 1042 865 extollere
1076 800 1273 868 (neque
1302 800 1442 852 enim
1472 800 1600 863 imp.
1653 798 1766 850 loro
1800 796 1849 848 ei
1881 803 2043 862 caput

462 900 682 963 tegitur,
739 909 838 947 nec
883 906 1003 945 cum
1037 891 1167 957 imp.
1215 888 1466 956 SCt'pll‘iS,
1513 888 1705 955 signis.
1752 897 1806 939 et
1839 885 2049 937 vexillis

459 986 826 1057 progreditur,
866 999 962 1036 nec
992 980 1257 1049 imperial.
1291 997 1397 1048 pra:
1426 996 1483 1034 se
1510 981 1613 1033 fert
1646 979 2048 1040 auctoritatem,

461 1092 562 1133 nec
623 1092 806 1129 revera
866 1076 1104 1128 induitur
1156 1084 1207 1127 et
1251 1076 1452 1141 equitat
1499 1072 1791 1125 secundum
1828 1070 2049 1137 idquod

462 1168 728 1239 imperiali
776 1168 995 1221 decreto
1042 1165 1354 1240 continetur
1386 1180 1413 1217 a
1445 1174 1634 1217 sancto
1684 1162 1878 1227 Magno
1910 1161 2053 1213 Cort-

462 1260 706 1314 stantino
752 1259 817 1311 ad
866 1271 1058 1325 papam
1106 1253 1406 1307 Romanum
1454 1263 1697 1306 sanctum
1730 1252 2050 1305 Silvestrum

464 1360 520 1403 ct
553 1364 894 1403 successores
926 1348 1044 1416 ejus
1076 1346 1243 1415 facto)
1296 1347 1479 1398 dicunt
1522 1362 1583 1397 ea
1632 1360 1751 1413 quae
1782 1345 1865 1397 his
1894 1359 2054 1397 cano-

469 1445 626 1494 nibus
655 1442 999 1494 continentur
1031 1438 1331 1492 exolevisse
1372 1444 1426 1490 et
1458 1437 1507 1489 in
1544 1452 1638 1490 usu
1671 1452 1773 1489 non
1802 1449 1942 1501 esse,
2003 1437 2051 1489 id

471 1535 634 1587 etiam
681 1532 822 1601 quod
868 1532 1051 1586 dicunt
1090 1547 1153 1583 ex
1208 1531 1306 1582 hoc
1353 1529 1760 1591 conlirmantes,
1807 1530 1948 1597 quod
2000 1527 2051 1579 iu

477 1624 848 1692 imperialibus
893 1621 1050 1683 longo
1097 1630 1215 1686 post
1268 1630 1506 1688 tempore
1540 1621 1756 1689 scriptis
1787 1629 1839 1674 et
1873 1636 2056 1688 repur-

478 1716 614 1784 gatis
646 1729 747 1766 non
777 1713 893 1766 sitae
925 1714 1031 1765 sint
1054 1712 1217 1779 leges,
1250 1728 1366 1779 qua:
1394 1712 2055 1767 deﬁniantConstantino-

463 1805 759 1874 politanum
817 1804 1277 1871 archiepisc0pum
1342 1804 1542 1856 habere
1610 1802 1841 1856 Romani
1904 1819 2052 1873 papa:

465 1896 767 1966 privilegia,
806 1894 1259 1963 quemadmodum
1310 1903 1362 1948 et
1402 1909 1501 1948 nos
1548 1910 1607 1948 ea
1664 1896 2057 1949 deriaravimus

464 1990 519 2043 in
548 1990 724 2059 primo
776 2003 895 2053 cap.
946 1987 1030 2039 tit.
1079 1986 1113 2040 8
1158 1990 1439 2054 praesentis
1483 1989 1685 2056 operis.
1765 1987 1877 2056 Ego
1908 2003 2053 2053 vero,

464 2098 588 2135 cum
637 2078 1266 2146 Constantinopolitauus
1308 2078 1443 2134 civis
1493 2081 1596 2132 sim
1651 2079 2052 2147 integerrimus,

465 2184 521 2226 et
595 2170 927 2227 sanctissimi
986 2168 1574 2238 Constantinopolitani
1630 2170 1805 2225 throni
1884 2170 2057 2223 factus

467 2263 562 2318 Dei
626 2265 796 2333 gratia
858 2277 985 2331 pars
1044 2262 1542 2330 opportunissima,
1610 2262 1730 2315 volo
1790 2272 1844 2317 et
1904 2276 2055 2331 opto,

469 2368 527 2410 ut
557 2356 1006 2425 archiepiscopus
1035 2356 1692 2425 Constantinopolitanus,
1717 2357 1854 2411 citra
1890 2358 2055 2411 ullum

468 2455 647 2501 tamen
672 2446 1076 2509 oll‘endicalnm,
1133 2445 1333 2499 habent
1374 2446 1551 2499 omnia
1584 2446 1885 2515 privilegia,
1940 2461 2059 2515 quae

471 2552 502 2588 a
530 2536 725 2590 divinis
753 2536 1053 2590 canonibus
1082 2545 1210 2589 sunt
1237 2535 1309 2588 illi
1342 2535 1637 2590 bonoritice
1661 2551 1948 2592 concessa.

540 2812 793 2875 ZONARL
853 2818 1470 2889 Coustantinopolitana:
1502 2820 1648 2874 ttrbis
1680 2820 1935 2875 thronum
1964 2839 2060 2875 an-

475 2916 640 2983 tiqua:
673 2912 859 2968 80mm
900 2914 1092 2967 throno
1127 2914 1273 2967 nullo
1323 2923 1481 2982 pacto
1534 2913 1797 2981 dignitate
1843 2918 2059 2980 cedere,

476 3012 568 3062 sed
603 3008 900 3077 aequalibus
951 3007 1024 3059 illi
1072 3008 1443 3077 prarrogativis
1491 3009 1832 3061 honestatuin
1868 3008 2058 3074 fuisse,

2148 521 2634 589 ἐκκλησιαστικαῖς
2662 517 2956 588 πράγμασι
2991 505 3730 583 μεγαλύνεσθαιάκολούθως

2148 613 2225 679 τῷ
2263 611 2438 680 τρίτῳ
2476 609 2664 661 κανόνι
2695 607 2793 674 τῆς
2826 605 2869 674 β’
2936 604 3181 657 συνόδου.
3252 601 3411 662 Τινὲς
3458 599 3540 663 δὲ,
3611 596 3734 667 βλέ-

2151 722 2349 765 ποντες
2402 702 2593 756 τοῦτον
2655 701 2746 754 διὰ
2807 698 3037 769 μηδενὸς
3092 696 3200 750 τῶν
3261 692 3574 766 προνομίων
3634 688 3732 742 τοῦ

2149 796 2309 848 atina.
2372 794 2591 863 Ῥώμης
2655 790 3180 859 ἁποσεμνυνόμενον
3237 787 3383 856 (οὕτε
3431 787 3541 852 γάρ
3628 782 3735 834 ὑπῦ

2154 887 2444 957 βασιλικοῦ
2472 885 2650 957 λώρου
2679 884 2777 953 τὴν
2807 881 3049 949 κεφαλὴν
3083 872 3733 935 κατακαλύπτεται,οῦτε

2156 982 2291 1051 μετὰ
2330 977 2614 1048 βασιλικοῦ
2647 978 2930 1047 σκήπτρου
2967 974 3062 1027 καὶ
3112 972 3313 1035 σίγνων
3370 967 3467 1020 καὶ
3524 964 3655 1032 βάντ
3672 978 3735 1012 ων

2155 1069 2610 1142 προοδεύει,οὖτε
2656 1067 2949 1137 ἀξιώματα
3011 1060 3377 1134 προϐάλλεται
3456 1051 3735 1125 βασιλικὰ,

2154 1140 2279 1215 οὗτε
2314 1160 2549 1230 ἀληθινὰ
2576 1159 2977 1219 ὲνδιδύσκεται,
3039 1153 3132 1205 καὶ
3181 1144 3540 1202 καϐαλικεύει
3594 1140 3737 1193 κατὰ

2154 1257 2251 1325 τὴν
2284 1252 2578 1323 περίληψιν
2609 1251 2704 1304 τοῦ
2739 1248 3024 1318 γεγονότος
3044 1240 3329 1313 βασιλικοῦ
3359 1234 3739 1303 θεσπίσματος

2156 1348 2308 1417 παρὰ
2337 1347 2431 1400 τοῦ
2472 1346 2630 1412 ἁγίου
2679 1343 2917 1413 μεγάλου
2970 1334 3382 1392 Κωνσταντίνου
3446 1327 3580 1397 πρὸς
3642 1321 3736 1373 τὸν

2156 1446 2345 1493 πὰπαν
2382 1440 2602 1507 Ῥώμης
2652 1438 2808 1501 ἅγιον
2855 1432 3179 1499 Σίλϐεστρον
3238 1425 3335 1477 καὶ
3404 1422 3530 1481 τοὺς
3614 1414 3734 1485 μετ’

2157 1532 2369 1600 αὐτὸν),
2399 1531 2622 1597 λέγουσι
2651 1523 3096 1596 ἀπρακτῆσαιτὰ
3125 1520 3232 1571 τῶν
3266 1516 3530 1577 κανόνων,
3559 1525 3738 1561 καταο

2160 1625 2522 1689 σκευάζοντες
2576 1623 2670 1674 τὶν
2740 1620 2944 1671 οἰκεῖον
3000 1614 3275 1682 λόγονκαὶ
3353 1606 3464 1660 ἀπὸ
3520 1602 3613 1656 τοῦ
3661 1600 3740 1672 μὴ

2157 1716 2620 1786 καταστρωθῆναι
2648 1715 2726 1773 εἰς
2752 1713 2820 1763 τὰ
2864 1707 3140 1779 βασιλικά,
3162 1705 3229 1756 τὰ
3262 1695 3744 1771 μεταγενεστέροις

2158 1810 2443 1863 καταπολὺ
2493 1805 2888 1875 συγγραφέντα
2946 1801 3043 1853 καλ⁸
3086 1795 3564 1865 ἀνακαθαρθέντα,
3610 1788 3743 1847 τοὺς

2157 1904 2361 1969 νόμους
2392 1900 2516 1961 τοὺς
2542 1898 2956 1967 διοριζομένους
2988 1893 3133 1962 ἔχειν
3164 1890 3255 1941 τὸν
3289 1890 3740 1939 Κώνσταντινουο

2159 1996 2368 2056 πόλεως
2400 1992 2469 2044 τὰ
2503 1990 2777 2061 προνόμια
2805 1987 2898 2038 τοῦ
2927 1986 3088 2037 πάπα
3131 1980 3376 2049 Ῥώμης,
3426 1973 3609 2035 καθὼς
3644 1968 3746 2023 καὶ

2158 2091 2321 2159 ἡμεῖς
2349 2084 2824 2154 παρεδηλώσαμεν
2861 2080 2927 2133 τά
2958 2076 3089 2147 περὶ
3113 2074 3302 2129 τούτου
3334 2075 3391 2124 ὲν
3413 2069 3488 2138 τῷ
3510 2066 3559 2119 α’
3608 2080 3745 2132 κεφ.

2157 2180 2253 2232 τοῦ
2280 2177 2326 2249 η’
2358 2177 2542 2229 τίτλου
2570 2173 2665 2226 τοῦ
2705 2172 2973 2242 παρόντος
3007 2170 3415 2234 συντάγματος.
3479 2155 3621 2225 Ἐγὼ
3682 2154 3747 2207 δὲ

2161 2266 2816 2333 Κωνσταντινουπολίτης
2846 2262 2921 2315 ὣν
2954 2260 3452 2330 ἁκραιφνέστατος,
3506 2250 3601 2305 καὶ
3642 2246 3743 2299 τοῦ

2159 2365 2473 2432 ἁγιωτάτου
2499 2361 2690 2431 θρόνου
2726 2359 2826 2426 τῆς
2873 2349 3499 2410 Κωνσταντινουπόλεως
3579 2346 3750 2415 μέρος

2158 2451 2397 2523 γεγονὼς
2427 2455 2494 2519 τῇ
2528 2450 2711 2518 χάριτι
2744 2446 2836 2499 τοῦ
2872 2444 3008 2497 Θεοῦ
3058 2441 3445 2512 καιριώτατον,
3479 2438 3616 2489 θέλω
3647 2434 3748 2485 καὶ

2160 2545 2392 2614 εὔχομαι
2426 2542 2573 2612 ἔχειν
2614 2540 2706 2593 τὸν
2748 2532 3390 2593 Κωνσταντινουπόλεως
3469 2528 3749 2584 ἀσκανδα-

2159 2636 2357 2696 λίστως
2381 2633 2560 2685 πάντα
2606 2632 2674 2684 τά
2702 2631 2857 2701 παρὰ
2887 2629 2998 2683 τῶν
3029 2627 3191 2681 θείων
3216 2624 3459 2680 κανόνων
3538 2619 3751 2689 φιλοτι-

2165 2728 2272 2797 μηο
2283 2728 2408 2778 ἐντα
2444 2723 2593 2792 αὐτῷ
2618 2725 2921 2793 προνόμια.

2237 2817 2489 2870 ΖΩΝΑΡ.
2529 2815 2981 2880 Βιάζονταίτινες
3009 2811 3446 2876 κατασκευάζειν
3477 2810 3551 2879 μὴ
3586 2810 3750 2863 ὲλατ-

2161 2910 2388 2964 τοῦσθαι
2457 2911 2525 2977 τῇ
2588 2913 2724 2979 τιμῇ
2779 2908 2911 2959 τὸν*
2958 2906 3059 2973 τῆς
3105 2904 3751 2969 ξΚωνσταντινουπόλεως

2166 3004 2357 3073 θρόνον
2383 3001 2476 3055 τοῦ
2514 3001 2709 3071 θρόνου
2738 3000 2840 3069 τῆς
2867 2997 3259 3070 πρεσϐυτέρας
3325 2998 3575 3065 Ῥώμης,
3609 2993 3753 3048 ἀλλὰ

478 3117 582 3152 non
645 3113 773 3155 sunt
813 3101 905 3168 qui
963 3102 1215 3154 evincere
1266 3102 1616 3153 contendant.
1699 3098 1899 3155 Verum
1947 3102 2059 3155 haec

2165 3100 2274 3152 τῶν
2324 3098 2456 3151 ἴσων
2508 3096 2812 3167 πρεσϐείων
2862 3094 3050 3165 ἐκείνῃ
3118 3089 3542 3146 καταπολαύειν.
3607 3091 3751 3158 ἰιδη

477 3192 847 3246 controversia
892 3193 1139 3245 secundae
1199 3192 1392 3261 synodi
1463 3194 1620 3246 tertio
1672 3207 1881 3246 canOne
1929 3192 2064 3247 satis

474 3284 585 3350 jam
612 3283 880 3353 explicata
908 3292 1012 3347 est,
1068 3283 1497 3352 hallucinarique
1528 3284 1581 3336 in
1623 3299 1685 3336 ea
1721 3300 1777 3337 re
1797 3284 2062 3353 ejusmodi

479 3376 728 3428 homines
786 3374 1255 3439 demonstratum;
1311 3390 1469 3443 quem
1530 3376 1706 3430 locum
1759 3379 2065 3445 quicunque

480 3465 967 3530 animadverterit,
1033 3466 1234 3533 regiam
1299 3467 1440 3519 hanc
1506 3469 1693 3520 urbem
1768 3469 2062 3521 secundam

482 3555 707 3609 honoris
761 3571 824 3608 ac
885 3556 1166 3625 dignitatis
1218 3558 1407 3611 ordine
1461 3561 1891 3613 constituendam
1944 3574 2066 3615 es;e

483 3646 639 3700 facile
672 3647 949 3715 intelliget.
1015 3645 1150 3699 Nam
1183 3646 1479 3717 aequalibus
1510 3648 1614 3702 frui
1651 3651 1944 3720 privilegiis
1996 3652 2065 3705 ob

484 3738 768 3804 imperium
789 3750 841 3791 et
873 3747 1122 3791 senatum
1152 3740 1383 3793 dicitur:
1418 3743 1666 3807 quamvis
1686 3743 1834 3804 illud,
1862 3752 2066 3797 mutato

488 3844 662 3881 rerum
701 3839 863 3891 Statu.
914 3829 966 3882 in
1006 3831 1345 3901 tyrannidem
1383 3834 1756 3900 degeneravit;
1798 3835 1883 3887 hic
1918 3849 2068 3901 vero,

484 3923 769 3988 Splendore
818 3923 1045 3989 pristino
1091 3924 1311 3989 antisso,
1372 3924 1586 3979 defecit.
1641 3925 1710 3980 Ut
1755 3935 2066 3980 sanctorum

487 4014 698 4066 illorum
749 4013 968 4066 Patrum
1024 4028 1086 4068 ea
1154 4030 1307 4069 mens
1370 4018 1563 4083 fuerit,
1628 4018 1882 4087 quaniatn
1938 4018 2068 4071 urbs

488 4106 711 4173 imperio
729 4120 791 4159 ac
810 4118 1023 4173 senatu,
1046 4107 1187 4161 sicut
1205 4108 1332 4161 olim
1360 4106 1557 4177 Roma,
1588 4121 1777 4163 ornata
1799 4111 1918 4173 fuit,
1946 4126 2065 4166 eam

485 4199 873 4254 ecclesiaSticis
909 4214 1128 4268 quoque
1154 4202 1525 4269 pra-rogativis
1572 4202 1760 4256 iisdem
1793 4204 2067 4270 omnibus,

486 4290 683 4357 quibus
712 4290 827 4356 illa,
864 4292 1139 4345 honestari
1172 4301 1445 4360 Oportere,
1477 4307 1541 4346 ac
1588 4294 1819 4362 primum
1852 4296 2068 4361 quidem
2114 4292 2119 4295 ⁴

489 4384 625 4434 inter
655 4383 790 4436 alias
819 4397 1011 4437 omnes
1047 4384 1328 4449 ecclesias,
1383 4384 1451 4435 ab
1494 4383 1581 4436 illa
1611 4400 1742 4439 vero
1769 4391 2066 4441 secundum

2171 3191 2273 3261 μὲν
2305 3187 2399 3244 οὖν
2431 3192 2488 3243 ὲν
2521 3191 2599 3258 τῷ
2639 3187 2689 3257 γ’
2716 3188 2901 3241 κανόνι
2938 3186 3035 3256 τῆς
3082 3185 3342 3255 δευτέρας
3402 3184 3617 3238 συνόδου
3675 3188 3756 3236 εῖ-

2172 3300 2332 3354 ρηται
2362 3283 2491 3353 περὶ
2517 3280 2726 3343 τούτου,
2771 3280 2868 3332 καὶ
2915 3277 3293 3331 ἀποδέδεικται
3324 3316 3327 3319 ν
3360 3278 3436 3347 μὴ
3477 3277 3752 3345 εὐστόχως

2169 3375 2413 3435 ἐκείνους
2464 3372 2645 3440 λέγειν
2674 3387 2687 3399 ·
2747 3372 2841 3423 καὶ
2884 3370 3147 3440 ζητητέον
3207 3370 3275 3422 τὰ
3327 3371 3442 3423 ἐκεῖ
3483 3370 3753 3438 εἰρημένα

2166 3466 2443 3538 ἀρκοῦντα
2503 3467 2583 3528 εἰς
2670 3462 2948 3528 ἀπόδειξιν
3029 3462 3123 3515 τοῦ
3200 3462 3461 3532 δευτέραν
3544 3459 3753 3529 ταύτην

2170 3559 2420 3629 βασιλίδα
2476 3558 2631 3613 πόλιν
2685 3558 2828 3611 κατὰ
2885 3556 3038 3620 τάξιν
3081 3558 3178 3625 τῆς
3229 3556 3396 3625 τιμῆς
3448 3552 3748 3625 κρίνεσθαι.

2168 3651 2241 3703 Τὸ
2284 3650 2392 3720 γὰρ
2441 3649 2550 3702 τῶν
2612 3651 2741 3701 ἴσων
2794 3646 3089 3701 ἀπολαύειν
3154 3647 3462 3715 πρεσϐείων
3507 3645 3595 3697 διὰ
3650 3644 3753 3711 τὴν

2171 3742 2451 3813 βασιλείαν
2478 3741 2573 3794 καὶ
2595 3741 2692 3811 τὴν
2729 3740 3032 3809 σύγκλητον
3059 3738 3275 3807 εἴρηται
3301 3754 3314 3768 ·
3363 3738 3411 3790 εί
3452 3740 3547 3790 καὶ
3576 3738 3609 3805 ἡ
3649 3736 3750 3803 μὲν

2170 3836 2250 3897 είς
2282 3833 2579 3904 τυραννίδα
2612 3832 2983 3902 μετήμειπται
3006 3871 3021 3897 ,
3049 3833 3081 3901 η
3116 3830 3170 3882 δὲ
3204 3830 3624 3897 συγκέκλεισται
3658 3831 3757 3881 τρια)⁸

2170 3926 2473 3980 ἐκλέλοιπε.
2557 3926 2730 3978 Τοῦτο
2773 3924 3047 3991 λεγόντων
3092 3924 3202 3975 τῶν
3272 3924 3441 3990 άγίων
3484 3922 3757 3990 Πατέρων

2171 4018 2421 4085 ἐκείνων,
2454 4020 2538 4073 ὅτι
2572 4018 2666 4071 ἐπὶ
2700 4016 2952 4087 βασιλείᾳ.
3009 4016 3246 4086 ἐτιμήθη
3303 4019 3335 4086 ή
3392 4015 3549 4077 πόλις
3612 4014 3755 4084 αὕτη

2171 4113 2265 4165 καὶ
2299 4110 2594 4180 συγκλήτῳ
2624 4109 2699 4173 ὡς
2731 4109 2899 4163 πάλαι
2934 4108 3145 4178 Ῥώμη,
3181 4111 3263 4161 δεῖ
3316 4110 3491 4179 αὐτὴν
3541 4112 3636 4163 καὶ⁵
3693 4111 3753 4161 ὲν

2170 4206 2285 4267 τοῖς
2320 4202 2811 4273 ὲκκλησιαστικοῖς
2848 4202 3171 4271 προνομίοις
3193 4240 3207 4264 ,
3244 4202 3318 4264 ὡς
3370 4203 3552 4271 έκείην
3584 4202 3759 4271 τιμᾶ·-

2174 4297 2320 4359 σθαι,
2357 4296 2492 4349 πᾶσι
2540 4295 2651 4348 τῶν
2705 4294 2884 4347 ἄλλων
2945 4293 3374 4364 προτιμωμένην
3419 4292 3751 4362 ἐκκλησιῶν,

2175 4389 2440 4458 δευτέραν
2495 4389 2552 4443 δὲ
2582 4387 2701 4457 μετ’
2732 4387 2949 4457 ἐκείνην
3006 4387 3386 4455 ὑπάρχουσαν.
3442 4385 3565 4438 Τῶν
3623 4386 3757 4438 ῐσων

487 4476 763 4543 dignitatis
792 4475 966 4529 locum
997 4475 1262 4530 obtinere.
1347 4476 1609 4533 Omnibus
1636 4494 1873 4548 namque
1902 4481 2062 4534 modis

2176 4480 2287 4549 γὰρ
2410 4455 2616 4533 ἅπασιν
2641 4455 2931 4545 ἀξιοῦσθαι
2960 4478 3168 4548 ταύτην
3223 4481 3532 4547 ἀμήχανον.
3597 4475 3666 4529 δι’
3688 4476 3758 4538 ἃς

490 4567 777 4635 ωηιιιιιειιι,
824 4577 1045 4636 propter
1090 4567 1287 4620 allatas
1326 4582 1393 4620 eo
1443 4567 1559 4621 loco
1587 4571 1843 4632 rationes,
1878 4570 2071 4623 intelli-

495 4673 621 4727 gere
673 4674 777 4711 non
834 4672 1155 4726 possumus,
1220 4657 1322 4710 nisi
1370 4658 1509 4712 forte
1555 4659 1754 4713 dixerit
1801 4663 2067 4728 quispiam

494 4752 750 4817 quoniam
801 4749 969 4803 divini
1008 4749 1079 4800 illi
1111 4746 1300 4803 Patres
1334 4748 1535 4817 Spiritu
1568 4763 1755 4806 sancto
1786 4752 2070 4808 illuminati

491 4844 875 4911 pi‘a‘t-iderunt,
926 4838 1225 4893 Romanam
1258 4840 1552 4896 Ecclesiam
1600 4854 1818 4913 propter
1859 4861 2071 4901 errores

492 4950 619 4987 suos
668 4934 737 4987 ab
788 4933 1211 4986 orthodoxorum
1263 4946 1404 4988 coetu
1449 4937 1861 5005 segregandam,
1911 4949 2073 5007 atque

492 5026 638 5077 υιιιιιὶ
672 5024 905 5077 lidelium
951 5026 1225 5077 consortio
1254 5026 1638 5080 eliminandam
1682 5027 1815 5091 fore,
1872 5030 2073 5097 primas

493 5117 619 5169 huic
654 5116 1000 5181 detulerunt;
1033 5126 1191 5185 atque
1218 5118 1291 5171 ita
1325 5119 1515 5173 iisdem
1547 5134 1664 5174 eam
1706 5121 2074 5189 praerogativis

495 5208 547 5259 in
605 5206 859 5261 omnibus
912 5208 1277 5271 decorarunt,
1335 5226 1457 5278 qua:
1514 5220 1571 5263 ut
1623 5210 1713 5263 illa
1762 5213 2070 5279 aliquando,

496 5299 857 5366 principatum
912 5298 1041 5353 olim
1099 5301 1382 5353 obtinebit.
1461 5297 1593 5352 Nam
1643 5304 2074 5368 pra-positioiiem

491 5399 635 5460 post,
668 5390 821 5459 juxta
851 5406 943 5446 eos
972 5393 1036 5446 de
1065 5402 1183 5459 post
1207 5393 1259 5446 in
1286 5402 1524 5460 tempore
1546 5394 1850 5447 constitutae
1880 5395 2078 5463 reginae

497 5484 731 5545 urbium,
794 5482 1019 5551 intelligi
1073 5500 1179 5536 non
1230 5482 1497 5550 permittit
1546 5498 1716 5536 canon
1766 5484 1836 5537 56
1886 5485 2075 5552 synodi

495 5571 787 5639 Trullante,
822 5574 1115 5627 secundum
1146 5573 1642 5642 Constantinopolis
1673 5574 1925 5629 thronum
1960 5586 2080 5644 post

499 5666 700 5717 veteris
736 5665 918 5717 Ruina:
950 5666 1200 5716 thronum
1235 5665 1570 5717 constituens
1622 5677 1675 5719 et
1723 5667 2076 5737 sulijnngens,

502 5753 623 5811 Post
654 5758 795 5811 hunc
826 5756 1223 5813 Alexandrinus
1252 5767 1568 5812 numeretur
1600 5757 1853 5828 thronus,
1881 5758 2078 5816 deinde

2175 4573 2355 4633 αίτίας
2386 4574 2563 4624 ἐκεῖσε
2597 4572 2926 4641 εἰρήκαμεν,
2958 4573 3007 4622 εί
3042 4573 3115 4641 μή
3170 4571 3272 4623 πού
3328 4587 3413 4631 τις
3467 4570 3611 4621 εἴποι
3674 4570 3759 4620 ὅτι

2177 4658 2525 4731 προορῶντες
2577 4666 2633 4714 ὲν
2706 4661 2990 4729 Πνεύματι
3035 4661 3173 4729 ἁγίῳ
3220 4662 3269 4713 οἱ
3325 4660 3460 4713 θεῖοι
3514 4661 3759 4726 Πατέρες

2176 4757 2400 4816 ἐκεῖνοι,
2468 4756 2543 4817 ὡς
2617 4755 3072 4822 άπυτμῃθὴσεται
3120 4753 3220 4821 τῆς
3291 4751 3400 4804 τῶν
3460 4751 3759 4820 ὀρθοδόξων

2177 4844 2524 4915 ὁλοκληρίας,
2551 4846 2645 4896 καὶ
2679 4843 3239 4912 ἐξοστρακισθήσεται
3301 4845 3397 4906 τῆς
3427 4840 3757 4908 ὁ;ιηγύρεω;

2177 4938 2288 4988 τῶν
2317 4936 2528 4989 πιστῶν
2574 4935 2666 4987 διὰ
2717 4935 2968 5002 δόγματα
3022 4933 3311 4999 έτερόδοξα
3367 4934 3398 5001 ἡ
3468 4931 3758 4997 Ῥωμαίων

2189 5028 2517 5096 Ἐκκλησία,
2552 5025 2779 5095 πρώτην
2810 5026 3019 5097 ταύτην
3051 5025 3370 5087 ὲλογίσαντο
3400 5039 3414 5053 ·
3461 5026 3556 5074 καὶ
3583 5022 3756 5087 οὕτως

2176 5122 2284 5173 τῶν
2317 5121 2497 5173 αὐτῶν
2533 5120 2716 5190 ἐκείνῃ
2751 5119 2979 5171 δικαίων
3008 5121 3065 5172 ὲν
3120 5120 3287 5169 πᾶσιν
3326 5116 3565 5186 ἠξίωσαν
3610 5133 3758 5185 πρω-

2178 5212 2357 5265 τεύειν
2400 5211 2820 5281 μέλλουσαν,ῶς
2854 5210 3041 5278 ἐκείνη
3074 5210 3227 5261 ποτέ.
3267 5208 3379 5277 Τὴν
3442 5208 3551 5275 γάρ
3604 5207 3757 5276 μετὰ

2180 5306 2442 5376 πρόθεσιν
2474 5305 2535 5355 οὐ
2559 5305 2836 5373 συγχωρεῖ
2858 5302 2983 5356 κατ’
3014 5300 3257 5362 ἐκείνους
3282 5300 3521 5352 νοεῖσθαι
3552 5301 3645 5353 ἐπὶ
3681 5301 3760 5367 τῷ

2183 5398 2324 5466 μετὰ
2342 5398 2517 5466 χρόνῳ
2543 5394 2644 5463 τῆς
2671 5394 2988 5456 συστάσεως
3017 5391 3119 5460 τῆς
3174 5392 3443 5462 βασιλίδος
3489 5394 3599 5446 τῶν
3656 5395 3761 5447 πόα

2179 5489 2319 5542 λεων
2363 5491 2392 5541 ό
2455 5487 2545 5551 λς’
2580 5487 2765 5540 κανὼν
2816 5488 2915 5554 τῆς
2976 5489 3033 5538 ὲν
3093 5484 3173 5555 τῷ
3207 5484 3463 5556 Τρούλλῳ
3510 5486 3759 5551 συνόδου,

2179 5579 2435 5648 δεύτερον
2466 5579 2556 5629 τὸν
2590 5577 2782 5646 θρόνον
2814 5580 2910 5644 τῆς
2947 5577 3583 5639 Κωνσταντινουπόλεως
3634 5580 3761 5629 τάτ-

2179 5688 2287 5724 των
2313 5671 2451 5736 μετὰ
2474 5670 2564 5722 τὸν
2594 5671 2691 5736 τῆς
2723 5668 3104 5738 πρεσϐυτέρας
3144 5669 3382 5738 Ῥώμης,
3403 5671 3497 5721 καὶ
3518 5669 3762 5735 ἐπάγων,

2181 5764 2318 5819 Μεθ’
2349 5763 2407 5817 ὃν
2444 5766 2471 5817 ὀ
2505 5761 3015 5833 τῆςᾏλεξανδρείας
3049 5759 3390 5834 ἀριθμείσθω
3408 5761 3614 5832 θρόνος,
3645 5759 3767 5815 εἶτα
