4078 6398
546 267 652 354 um
1803 259 2155 318 THEOD.B

2145 220 2511 318 sarsanox
3017 307 3020 314 ,
3667 267 3752 329 tu

621 379 814 433 BALS.
870 374 1144 446 Scriptum
1189 383 1271 428 est
1310 374 1362 428 in
1394 381 1584 442 quarta
1623 373 1836 427 actione
1861 373 2118 428 Actorum
2151 375 2194 427 Α

2154 375 2194 427 Α
2292 372 2487 424 ΒΛΛΣ.
2543 369 2854 440 Γέγραπται
2922 373 2981 424 ἐν
3029 353 3125 441 τῇ1
3165 373 3412 443 τετάρτῃ
3459 373 3636 444 πράξει
3669 378 3764 431 τῶν

546 476 580 528 4
610 471 822 542 synodi,
875 471 1015 536 quod
1065 476 1182 533 post
1232 465 1474 520 Dioscori
1517 465 1854 520 Alexandria:
1886 465 2120 533 episcopi

2227 463 2563 533 Πρακτικῶν
2593 464 2692 532 τῆς
2727 465 2769 516 δ’
2786 465 3004 518 συνόδου
3035 466 3118 517 ὅτι
3159 464 3298 534 μετὰ
3321 463 3430 536 τὴν
3475 466 3765 537 καθαίρεσιν

547 565 960 631 depositionetn,
1013 561 1081 613 l5
1113 558 1350 630 Egyptii
1381 559 1618 628 episcopi
1639 581 1642 589 ·
1662 575 1726 612 ex
1756 558 2123 612 Alexandrina

2224 557 2518 625 Διοσκόρου
2585 557 2886 610 ἐπισκόπου
2965 557 3378 627 ’Λλεξανδρείας
3449 559 3770 629 τρισκαίδεκα

546 655 762 709 dicecesi
803 652 960 724 149
980 662 1272 721 ρτωδειιιοε
1304 651 1579 720 Eutychen
1622 660 1677 704 et
1715 643 1841 718 'ejus
1877 648 2119 716 dogmata

2224 647 2522 698 ἐπίσκοποι
2557 648 2852 714 Αἰγύπτίοι
2886 647 3352 716 παρουσιὰζοντες
3410 650 3512 700 ἀπὸ
3542 650 3632 719 τῆς
3655 649 3769 702 διοι-

547 734 1074 798 anathematizarunt
1105 759 1118 793 :
1155 741 1492 795 subscribere
1520 750 1698 793 autem
1730 746 2122 805 consequenter

2223 740 2440 809 κήσεως
2470 739 2888 810 Ἀλεξανδρείας
2936 739 3028 793 τὸν
3106 740 3205 808 μὲν
3265 741 3507 810 Εὐτυχέα
3558 743 3645 793 καί⁹
3703 744 3763 794 τὰ

543 836 783 905 epistolae
837 836 1006 888 sancti
1045 834 1238 886 Leonis
1291 847 1442 901 papae
1473 831 1718 894 Romani,
1773 844 1932 898 quam
1976 829 2120 881 misit

2219 831 2466 900 δόγματα
2492 832 2656 885 αὐτοῦ
2682 833 3088 903 ἀνεθεμάτισαν
3119 849 3134 865 ·
3193 833 3510 901 ὑπογράψαι
3559 833 3613 886 δὲ
3647 833 3773 887 ἀκοί

544 929 610 982 ad
659 927 973 981 Flavianum
1040 919 1400 993 patriarc’han‘t
1445 921 2115 989 Constantinopolitanum,

2218 922 2422 985 λούθως
2437 926 2529 976 καὶ
2561 925 2615 975 ἐν
2638 926 2700 994 τῇ
2734 924 2988 993 ἐπιστολῇ
3018 921 3112 977 τοῦ
3149 925 3305 992 ἁγίου
3331 925 3551 988 Λέοντος
3579 926 3765 980 πάππα

544 1030 604 1074 ιιι
632 1020 697 1074 iis
728 1034 844 1088 qua:
878 1018 931 1071 in
959 1031 1022 1072 ea
1050 1025 1205 1071 erant
1251 1015 1632 1075 assentientes,
1691 1029 1794 1067 non
1831 1013 2118 1079 persuade-

2232 1010 2474 1084 Ῥώμης,
2517 1015 2583 1085 ἡν
2616 1015 2906 1069 ἀπέστειλε
2938 1015 3014 1085 τῷ
3052 1017 3368 1090 πατριάρχῃ
3433 1018 3769 1071 Κωνσταντις

541 1112 776 1167 bantur:
815 1109 1054 1164 dicentes
1083 1121 1206 1161 esse
1235 1106 1555 1159 inusitatum
1589 1106 1640 1158 in
1673 1120 1766 1159 sua
1796 1101 2112 1172 Ail‘gyptiaca

2217 1106 2520 1169 νουπόλεως
2549 1107 2856 1177 Φλαϐιανῷ,
2891 1109 2966 1170 ὡς
3007 1107 3344 1178 στοιχοῢντες
3379 1110 3486 1171 τοῖς
3525 1110 3578 1160 ἐν
3620 1109 3766 1182 αὐτῇ,

545 1204 767 1260 ιιίωοεεί
789 1214 983 1271 praeter
1005 1200 1355 1256 Alexandrini
1381 1199 1768 1267 archiepiscopi
1791 1196 2113 1251 sententiam

2223 1199 2321 1250 οὐκ
2368 1199 2665 1260 ἐπείθοντο,
2705 1200 2953 1267 λέγοντες
3014 1201 3286 1270 ἀσύνηθες
3351 1197 3489 1254 εἶναι
3540 1204 3602 1270 τῇ
3651 1202 3762 1253 κατ’

543 1298 650 1350 tale
685 1295 815 1366 quid
846 1293 1066 1357 facere,.
1108 1301 1159 1347 et
1197 1299 1440 1361 petentes
1475 1292 1523 1342 id
1553 1289 1656 1342 sibi
1689 1288 1911 1342 concedi
1946 1289 2114 1341 donec

2219 1290 2417 1352 αὐτοὺς
2469 1292 2821 1361 Αἰγυπτιακῇ
2872 1291 3138 1360 διοικήσει
3198 1290 3349 1361 παρὰ
3427 1290 3644 1362 γνώμην
3687 1291 3770 1342 τοῦ

542 1387 940 1440 Alexandrinus
995 1384 1431 1451 archiepiscopus
1477 1381 1648 1435 factus
1679 1381 1768 1434 sit.
1844 1379 2110 1444 Quoniam

2215 1384 2516 1437 ἐπισκόπου
2569 1383 2976 1453 Ἀλεξανδρείας
3037 1382 3285 1436 τοιοῦτόν
3332 1401 3386 1435 τι
3453 1387 3642 1446 ποιεῖν,
3688 1385 3777 1436 καὶ

543 1495 671 1548 ergo
721 1476 934 1547 quidam
991 1491 1083 1530 eos
1129 1475 1206 1528 sic
1267 1475 1506 1527 dicentes
1567 1465 1671 1526 non
1732 1470 2106 1534 admittebant,

2212 1474 2658 1542 παρακαλοῦντες
2709 1475 2986 1545 ὲνδοθῆναι
3020 1475 3223 1538 αὐτοῖς,
3259 1475 3454 1545 μέχρις
3503 1474 3569 1528 ἂν
3609 1473 3773 1535 Ἀλεξ-

544 1571 764 1627 deiiniit'
796 1569 1030 1638 synodus
1078 1581 1171 1620 eos
1219 1564 1350 1618 nihil
1387 1564 1513 1617 mali
1550 1565 1655 1631 pati
1685 1573 1962 1632 oportere,
2013 1563 2108 1616 sed
2144 1636 2154 1640 _

2161 1636 2172 1640 ⁵
2211 1567 2461 1635 ανδρείας
2518 1559 2940 1640 ἀρχιὲπίσκοπος
2997 1567 3239 1637 γένηται.
3286 1567 3408 1620 Ὅτι
3477 1563 3569 1620 οὖν
3639 1584 3771 1628 τινες

543 1667 596 1719 in
657 1663 872 1732 proprio
917 1669 1062 1714 statu
1124 1672 1362 1719 manere,
1415 1667 1469 1709 et
1520 1652 1872 1710 Alexandrini
1927 1636 2153 1710 archi-l

2159 1636 2181 1688 ἶ
2210 1659 2271 1709 οὐ
2305 1659 2669 1727 παρεδέχοντο
2703 1659 2930 1721 τούτους
2950 1658 3126 1711 ταῦτα
3154 1659 3437 1726 λέγοντας,
3495 1657 3692 1728 ὥρισεν
3739 1659 3769 1728 ἡ

539 1757 772 1825 episc0pi
806 1753 1197 1808 ordinationem
1254 1760 1588 1817 exspectare.
1673 1749 1880 1803 Interea
1930 1760 2106 1803 autem

2216 1750 2431 1811 σύνοδος
2472 1748 2638 1819 μηδὲν
2665 1769 2716 1803 τι
2751 1752 2947 1814 αὐτοὺς
2977 1751 3171 1804 παθεῖν
3213 1753 3406 1819 κακὸν,
3440 1751 3576 1806 ἀλλὰ
3607 1752 3779 1821 μένειν

536 1848 620 1901 vel
650 1848 779 1900 dare
811 1846 1154 1918 ﬁdeiussores
1185 1842 1252 1897 de
1282 1842 1543 1906 sistendo,
1586 1841 1668 1894 vel
1692 1842 1734 1895 si
1767 1841 2110 1908 ﬁdeiussores

2217 1843 2423 1908 ἐπὶτῆς
2453 1843 2662 1904 οἰκείας
2693 1843 2998 1912 ἐπιτιμίας,
3043 1846 3138 1898 καὶ
3185 1844 3490 1913 ἀναμένειν
3543 1842 3642 1914 τὴν
3696 1841 3781 1895 τοῦ

537 1935 668 1990 dare
696 1949 798 1988 non
829 1942 1070 2002 possunt,
1120 1947 1306 1985 eorum
1339 1932 1696 2000 jurejurando
1725 1930 1883 1984 ﬁdem
1925 1932 2108 1984 haberi

2229 1933 2638 2003 Ἀλεξανδρείας
2681 1937 3043 2003 χειρθτονίαν.
3088 1937 3176 1989 Ἐν
3205 1935 3290 2006 τῷ
3317 1936 3474 2006 μέσῳ
3526 1935 3645 2006 δὲῆ
3701 1936 3784 2001 ἐγ-

539 2027 746 2097 (Grarce
770 2035 849 2079 est
883 2011 1204 2095 ἐξωμοσία).
1245 2023 1340 2077 Est
1361 2033 1542 2077 autem
1572 2023 1865 2092 ἐξωμοσία,
1896 2023 2018 2074 dum
2054 2024 2108 2076 in

2216 2026 2426 2094 γυητὰς
2465 2025 2651 2078 δοῦναι
2709 2029 3132 2098 παραστάσεως,
3191 2027 3222 2097 ἢ
3270 2027 3371 2079 ἐὰν
3435 2028 3511 2097 μὴ
3539 2027 3785 2079 δύνανται

534 2128 694 2187 caput
716 2118 1054 2187 imperatoris
1076 2117 1156 2170 vel
1179 2118 1230 2170 in
1255 2117 1524 2186 prOpriam
1544 2115 1931 2184 salutemjurat
1961 2118 2110 2184 quis-

2216 2116 2400 2169 δοῦναι
2485 2118 2782 2188 ἐγγυητὰς,
2870 2119 3145 2189 ἐξωμοσία
3261 2119 3784 2187 καταπιστευθῆναι.

532 2215 692 2282 piam.
730 2211 931 2265 Dicitur
976 2221 1152 2264 autem
1205 2209 1495 2278 ἐξωμοσία,
1525 2209 1664 2277 quod
1707 2223 1808 2262 non
1845 2207 2115 2263 reducitur

2229 2207 2533 2278 Ἐξωμοσία
2565 2209 2622 2260 δέ
2653 2211 2769 2262 ἐστι
2792 2211 2854 2262 τὸ
2879 2211 2961 2272 εἰς
2985 2211 3086 2279 τὴν
3111 2209 3360 2281 κεφαλὴν
3383 2211 3478 2264 τοῦ
3508 2210 3787 2280 βασιλέως,

533 2307 632 2358 hoc
659 2304 1031 2373 jusjurandum
1059 2303 1353 2358 secundum
1393 2302 1734 2372 jurisperitos
1769 2301 1834 2356 ad
1869 2303 2109 2371 quinque

2215 2298 2248 2366 ἢ
2287 2301 2367 2362 είς
2393 2300 2494 2366 τὴν
2532 2299 2742 2353 οίκείαν
2771 2298 3047 2372 σωτηρίαν
3070 2300 3272 2370 ὀμόσαι
3325 2301 3789 2356 ωινὰ.“Καλεῑται

529 2397 890 2466 jurisjurandi
925 2397 1131 2464 Species
1158 2394 1272 2462 lege
1304 2402 1552 2457 statutas,
1585 2395 1676 2447 sed
1707 2402 1789 2447 est
1817 2404 1966 2446 extra
1992 2408 2108 2447 eas.

2213 2390 2268 2441 δὲ
2302 2391 2594 2460 ἐξωμοσία,
2623 2393 2706 2444 ὅτι
2734 2393 2833 2445 οὐκ
2866 2393 3126 2460 ἀνάγεται
3154 2393 3183 2444 ὁ
3211 2394 3390 2464 ὅρκος
3447 2388 3608 2458 οὗτος
3660 2391 3793 2445 κατὰ

529 2487 671 2556 Lege
701 2486 733 2539 8
759 2479 924 2541 them.
961 2485 1032 2541 20
1056 2499 1173 2554 cap.
1203 2485 1238 2538 6
1260 2484 1344 2537 tit.
1398 2499 1472 2536 vn
1519 2483 1612 2536 lib.
1641 2483 1858 2538 Basilio.
1903 2494 1955 2537 et
1990 2498 2109 2552 qua:

2206 2486 2342 2546 τοὺς
2383 2485 2718 2554 νομομαθεῖς
2769 2487 2850 2548 εἰς
2904 2487 3031 2548 τοὺς
3118 2487 3562 2556 νενομισμένους
3641 2485 3793 2539 πέντε

531 2589 687 2630 extra
735 2577 936 2644 scripta
986 2584 1129 2630 sunt.
1211 2573 1349 2629 Nota
1392 2583 1569 2628 autem
1615 2589 1684 2628 ex
1715 2575 1817 2629 hoc
1859 2577 2107 2643 praesenti

2207 2574 2568 2643 ὄρκους,ἁλλ’
2623 2576 2728 2642 ἔξω
2759 2579 2971 2630 τούτων
3013 2578 3151 2629 ἐστί.
3210 2579 3324 2631 Καὶ
3384 2581 3709 2646 ἁνάγνωσον
3735 2577 3791 2628 τὸ

535 2683 746 2723 canone
777 2669 1047 2738 quomodo
1097 2657 1384 2735 e§ponitur
1429 2667 1499 2722 20
1542 2681 1712 2721 canon
1757 2667 2105 2735 apostolicus,

2212 2666 2264 2737 η’
2287 2667 2431 2735 θέμα
2473 2667 2567 2720 τοῦ
2598 2674 2647 2720 κ’
2680 2685 2808 2737 κεφ.
2833 2667 2925 2720 τοῦ
2992 2667 3045 2732 ς’
3070 2669 3248 2722 τίτλον
3312 2670 3413 2725 τοῦ
3479 2671 3525 2736 ζ’
3594 2668 3787 2741 βιϐλίου

446 2790 456 2808 .
531 2761 752 2814 dicens:
798 2761 1040 2816 Clericus
1063 2759 1360 2829 ﬁdejubens
1383 2761 1716 2830 deponatur:
1768 2770 1820 2814 et
1848 2759 1963 2830 lege
1991 2761 2056 2831 ejt

2205 2759 2313 2811 τῶν
2346 2759 2675 2824 Βασιλικῶν,
2697 2762 2791 2814 καὶ
2828 2761 2896 2814 τὰ
2949 2760 3150 2824 ἔξωθεν
3184 2761 3356 2816 αὑτοῦ
3401 2759 3786 2834 γεγραμμένα.

530 2850 1049 2918 interpretationem.

2204 2853 2520 2921 Σημείωσαι
2570 2853 2626 2905 δὲ
2683 2855 2792 2907 ἀπὸ
2846 2855 2942 2906 τοῦ
3016 2854 3289 2924 παρόντος
3361 2859 3596 2919 κανόνος
3650 2856 3790 2913 ὅπως

526 2939 887 3011 ἑρμηνεύεται
914 2943 943 2994 ὁ
1004 2941 1356 3004 ἁποστολικὸς
1411 2947 1459 2995 κ’
1552 2940 1749 3007 κανὼν,
1794 2942 1823 2992 ὁ
1851 2939 2028 3036 λέγων
2061 2941 2373 3013 ’Κληρικδς
2399 2945 2601 3013 ἐγγύας
2632 2945 2807 3008 διδοὺς
2855 2945 3257 3016 καθαιρείσθω,
3322 2949 3426 3002 καὶ
3485 2949 3791 3017 ἁνάγνωσον

524 3035 623 3106 τὴν
658 3037 849 3090 τούτου
883 3038 1204 3108 ἑρμηνείαν.

599 3213 847 3268 ZONAR.
883 3211 938 3266 ln
988 3221 1182 3283 quarta
1218 3211 1422 3290 synodo
1472 3222 1659 3266 contra
1695 3214 2006 3267 Dioscorum
2037 3223 2100 3263 ac
2128 3218 2170 3273 α

2273 3209 2513 3262 ΖΩΝΑΡ.
2551 3209 2638 3260 Ἐν
2665 3212 2728 3280 τῇ
2759 3210 2997 3283 τετάρτῃ
3039 3210 3241 3278 συνόδῳ
3293 3214 3364 3280 τῇ
3400 3215 3463 3266 ἐν
3492 3213 3791 3284 Χαλκηδόνι

527 3306 877 3376 Eutychetem
927 3319 1222 3373 eorumque
1260 3305 1510 3373 gregales
1560 3303 1904 3376 Chalcedone
1953 3302 2094 3356 cele-

2205 3303 2643 3377 συγκροτηθείσῃ
2669 3305 2812 3356 κατὰ
2850 3303 3145 3372 Διοσκόρου
3197 3303 3294 3356 καὶ
3368 3306 3655 3377 Εύτυχοῦς
3704 3306 3794 3358 καί

527 3401 701 3460 bruta,
755 3398 986 3468 [Egyptii
1040 3388 1256 3465 quidam
1291 3397 1529 3465 episconi
1563 3411 1682 3448 cum
1717 3398 1989 3459 adessent,
2043 3405 2098 3446 ιιι

2207 3392 2315 3444 τῶν
2348 3394 2666 3462 ὁμοφρόνων
2700 3394 2884 3458 αὐτοῖς
2929 3393 3185 3463 παρῆσαν
3216 3395 3314 3446 καί
3387 3415 3539 3461 τινες
3589 3397 3698 3450 τῶν
3740 3395 3795 3460 ἐξ

524 3491 768 3560 ejusdem
804 3490 992 3560 synodi
1041 3493 1276 3550 decreta,
1325 3505 1388 3543 ex
1417 3488 1584 3541 sancti
1629 3486 1820 3540 Leonis
1871 3482 2097 3564 Romani

2202 3486 2480 3552 Αἰγύπτου
2505 3486 2819 3550 ἐπίσκοποι,
2859 3486 2910 3539 οἳ
2936 3486 3284 3557 παρῃτοῦντο
3328 3489 3668 3560 ὑπογράψαι
3691 3490 3795 3550 τοῖς

527 3599 676 3652 papae
702 3584 765 3636 ad
797 3581 1105 3634 Flatiantnn
1144 3581 1510 3634 beatissimum
1546 3577 1959 3644 Constantinop.
2008 3590 2098 3626 ar-

2198 3576 2688 3647 δογματισθεῖσιτῇ
2718 3578 2848 3648 ἁγίᾳ
2883 3578 3111 3646 συνόδῳ,
3137 3580 3392 3652 ἑπομένῃ
3427 3585 3496 3653 τῇ
3541 3579 3792 3648 ἐπιετολῇ

521 3676 778 3745 chiepisc.
825 3677 1003 3730 missis
1029 3674 1218 3727 litteris
1239 3674 1403 3735 edita,
1440 3671 1800 3737 chirographo
1836 3683 1933 3723 suo
1961 3681 2097 3720 con-

2199 3669 2293 3720 τοῦ
2321 3672 2470 3722 ὁσίου
2499 3670 2728 3733 Λέοντος
2753 3672 2955 3724 πάππα
2985 3670 3225 3741 ⁹Ι’ώμης,
3256 3673 3331 3742 ἣν
3364 3675 3662 3728 ἐπέστειλε
3722 3672 3795 3740 τῷ

523 3771 816 3829 ﬁrmarent,
861 3767 1048 3820 aidnci
1086 3775 1187 3817 non
1240 3773 1509 3831 poterant.
1551 3762 1666 3816 Non
1697 3761 1836 3829 quod
1878 3775 1939 3813 ea
1969 3759 2092 3828 qni-

2205 3765 2490 3831 ἁγιωτάτῳ
2521 3765 2936 3834 ἁρχιεπισκόπῳ
2971 3749 3638 3829 Κωνσταντινουπόλεως
3662 3767 3792 3818 Φλα-

521 3863 664 3923 dem,
699 3869 758 3913 ut
791 3859 1057 3922 ferebant,
1105 3857 1204 3925 illij
1225 3857 1398 3908 minus
1448 3844 1778 3922 probarent:
1827 3853 2092 3920 sedquod

2200 3856 2389 3925 ϐιανῷ.
2429 3856 2780 3928 Παρῃτοῦντο
2808 3857 2888 3918 δὲ,
2929 3857 3027 3925 οὐχ
3059 3857 3136 3918 ὡς
3165 3857 3639 3929 ἀπαρεσκόμενοι
3691 3859 3796 3919 τοῖς

519 3953 862 4017 Alexandri-.0
924 3949 1368 4016 arcliitipismpns
1447 3958 1574 4000 tunc
1635 3946 1850 4014 quidem
1919 3944 2094 3998 nullus

2195 3949 2376 4012 δόξασι
2397 3952 2460 4018 τῇ
2497 3950 2734 4018 συνόδῳο
2766 3948 2878 4000 ἀλλ’
2915 3949 2993 4000 ὅτι
3036 3947 3457 4016 Ἀλεξανδρείας
3483 3952 3588 4004 οὐκ
3610 3947 3678 4021 ἦν
3709 3957 3803 4018 τη-

518 4053 668 4108 erat;
714 4041 1088 4112 {Egyptimnm
1120 4041 1494 4108 episcoporum
1529 4037 1940 4091 consuetudinis
1973 4050 2093 4088 esse

2198 4041 2431 4093 νικαῦτα
2462 4042 2916 4110 ἁρχιεπίσκοπος,
2955 4040 3206 4107 λέγοντες
3230 4040 3366 4106 ἔθος
3424 4040 3577 4103 εἶναι
3617 4048 3675 4098 ἐν
3707 4044 3802 4096 Ai-

519 4135 779 4201 dicentes,
809 4135 936 4187 nihil
971 4133 1272 4187 inconsulto
1294 4131 1663 4184 Alexandrino
1687 4130 2092 4198 archiepiscopo

2197 4133 2407 4202 γύπτῳ,
2443 4132 2765 4204 ἀρχιερεῦσι
2817 4133 2985 4200 μηδὲν
3005 4149 3056 4184 τι
3083 4132 3290 4203 πράττε
3310 4153 3363 4186 ιν
3390 4136 3798 4208 ἐκκλησιαστι-

517 4229 585 4281 de
637 4229 799 4281 rebus
848 4226 1231 4280 ecclesiasticis
1283 4225 1648 4286 constituere;
1687 4223 1892 4274 idcirco
1939 4219 2090 4288 parvi

2195 4227 2289 4278 κὸν
2311 4226 2464 4293 παρὰ
2492 4226 2717 4294 γνώμην
2737 4223 2831 4276 τοῦ
2870 4224 3278 4295 Ἀλεξανδρείας
3305 4229 3797 4299 ὰρχιεπισκόπου,

517 4319 631 4384 sibi,
655 4319 918 4386 temporis
943 4333 1168 4380 moram,
1207 4317 1373 4368 donec
1403 4315 1446 4368 is
1469 4322 1683 4366 creatus
1716 4314 1923 4374 luisset,
1957 4326 2088 4363 con-

2197 4319 2293 4372 καὶ
2321 4318 2600 4382 ἀξιοῦντες
2628 4316 2914 4386 ὲνδοθῆναι
2948 4317 3152 4380 αὐτοῖς,
3189 4317 3400 4389 μέχρις
3435 4323 3508 4374 ἂν
3556 4321 3796 4385 Ἀλεξαν-

515 4409 633 4461 cedi
658 4408 1019 4475 postulabant.
1041 4406 1145 4462 Sed
1163 4403 1427 4472 {Egyptiis
1443 4403 1711 4469 episcopis
1731 4402 1871 4481 quod
1904 4400 2088 4451 eorum

2193 4403 2372 4479 δρείας
2416 4406 2846 4476 ἀρχιεπίσκοπος
2878 4407 3126 4474 γένηται.
3153 4408 3217 4459 Οί
3245 4409 3351 4475 μὲν
3374 4407 3480 4464 οὖν
3514 4413 3622 4481 τῆς
3649 4410 3799 4463 συνό-

518 4513 707 4565 nempe
735 4497 891 4550 (idem
923 4506 1229 4563 suSpectum
1258 4495 1515 4546 haberent
1541 4533 1555 4554 ,
1591 4502 1751 4560 atque
1779 4473 1898 4544 ideo
1930 4506 2089 4560 syno-
2119 4554 2128 4573 1

2193 4496 2284 4551 δού
2351 4501 2648 4568 ἀρχιερεῖς,
2705 4499 3110 4561 ὑποπτεύοντες
3167 4500 3241 4561 ὼς
3278 4502 3722 4573 ἑτεροδοξοῦσιν
3753 4504 3798 4554 οἰ

515 4591 634 4642 dice
657 4590 873 4642 decreta
899 4587 1011 4640 suis
1040 4585 1524 4646 subscriptionihus
1555 4584 1877 4638 coam-mare
1903 4585 2087 4635 nolue-
2119 4554 2125 4607 1

2392 4554 2526 4568 η..
2609 4554 2648 4565 -,
3089 4554 3106 4561 -
3222 4554 3238 4561 -

2193 4590 2482 4658 Αἰγύπτιοι
2514 4591 2828 4654 ἐπίσκοποι,
2865 4593 2960 4644 καί
2996 4591 3086 4643 διὰ
3141 4591 3303 4644 τοῦτο
3369 4597 3438 4648 οὐ
3510 4597 3799 4667 βούλονται

517 4688 662 4746 runt,
686 4677 1037 4746 depositionis
1082 4689 1294 4745 poenam
1334 4675 1523 4744 synodi
1585 4675 1852 4728 antistites
1880 4676 2084 4742 irroga-

2191 4681 2486 4752 βεϐαιῶσαι
2532 4683 2602 4736 δι’
2633 4682 3023 4753 ὑποσημασίας
3083 4683 3294 4745 οἰκείας
3359 4688 3438 4740 τὰ
3497 4689 3801 4746 συνοδικῶς

514 4784 660 4823 vere.
705 4769 804 4834 Qui
852 4778 1028 4820 tamen
1075 4770 1126 4820 in
1166 4767 1369 4836 synodo
1407 4764 1678 4834 principes
1726 4764 1826 4816 viri
1863 4765 2087 4816 aderant

2191 4773 2557 4843 ψηφισθέντα,
2591 4777 2913 4844 καθαίρεσιν
2942 4775 3168 4832 ἐκείνων
3201 4778 3699 4849 κατεψηφίξοντο.
3741 4780 3801 4832 Οἱ

510 4861 675 4915 simul
707 4875 828 4914 cum
857 4869 1074 4922 senatu,
1121 4869 1198 4921 ut,
1229 4860 1570 4911 manentibus
1602 4858 1738 4926 ipsis
1769 4857 1821 4909 in
1867 4857 2084 4925 proprio

2190 4867 2242 4919 δὲ
2283 4867 2668 4937 συμπαρόν-τες
2690 4869 2756 4936 τῇ
2790 4866 2996 4935 συνόδῳ
3032 4866 3298 4936 ἄρχοντες
3351 4873 3460 4923 καὶ
3487 4874 3524 4942 ὴ
3553 4872 3800 4939 σύγκλη-

509 4955 788 5022 dignitatis
818 4953 1142 5021 epiSCOpaiiS
1178 4951 1363 5004 habitu
1385 4986 1403 5013 ,
1433 4949 1781 5003 Alexandrini
1815 4948 2085 5014 archiepi-

2192 4977 2280 5021 τος
2318 4960 2542 5026 διέγνων
2568 4959 2677 5012 δεῖν
2708 4959 2988 5028 ἐνδοθῆναι
3015 4960 3217 5023 αὐτοῖς,
3255 4962 3542 5028 μένουσιν
3569 4968 3668 5019 ἐπὶ
3712 4961 3802 5014 τοῦ

506 5047 658 5116 Scopi
693 5052 1023 5100 creationem
1049 5053 1442 5113 exspectarent,
1471 5043 1695 5096 concedi
1717 5051 1967 5110 oportere
1987 5055 2078 5090 ar-

2187 5051 2386 5102 οἰκείου
2417 5051 2694 5118 σχήματος
2725 5050 2824 5118 τῆς
2884 5049 3277 5118 ἀρχιερατικῆς
3318 5045 3540 5118 ἀξίαις,
3588 5053 3796 5118 ἀναμέ-

507 5139 870 5194 bitrabantur.
896 5135 1098 5191 Verum
1126 5151 1246 5206 syn.
1295 5135 1566 5189 antistites
1585 5132 1908 5187 delationem
1936 5131 2078 5183 illam

2189 5158 2299 5193 νειν
2327 5141 2425 5208 τὴν
2454 5140 2788 5209 χειροτονίαν
2817 5139 2911 5193 τοῦ
2957 5139 3380 5210 Ἀλεξανδρείας
3420 5141 3799 5216 ἀρχιεπισκό-

420 5232 434 5245 ‘
503 5243 824 5301 praetextum
844 5247 984 5295 esse,
1003 5241 1059 5283 ut
1085 5231 1228 5284 nacti
1257 5229 1557 5282 libertatem
1578 5225 1936 5285 discederent,
1965 5240 2025 5276 su

2191 5250 2311 5286 που.
2348 5232 2491 5284 Οἰδέ
2533 5249 2596 5301 γε
2644 5231 2745 5300 τῆς
2795 5231 3012 5286 συνόδου
3053 5232 3363 5301 ἀρχιερεῖς,
3426 5239 3651 5305 σκῆψιν
3702 5235 3801 5300 τὴν

504 5323 687 5392 picati,
720 5326 785 5376 de
815 5323 1027 5376 illorum
1063 5324 1115 5374 itt
1150 5321 1281 5374 urbe
1306 5316 1904 5385 Constantinopolitana
1929 5330 2083 5366 Inan-

2193 5325 2485 5394 ὑπέρθεσιν
2533 5323 2899 5385 ὑπολαϐόντες
2945 5321 3105 5385 εἶναι,
3140 5323 3226 5377 ἵνα
3270 5327 3566 5394 τυχόντες
3616 5325 3803 5385 ἀδείας

501 5418 652 5475 sione
677 5430 969 5485 sponsores
1019 5415 1135 5467 dari
1173 5411 1536 5482 postulabant.
1569 5409 1684 5475 Qua
1716 5410 1930 5476 quidem
1982 5421 2078 5474 po-

2198 5414 2638 5484 5ποχωρήσωσιν,
2667 5413 2831 5483 ᾔτουν
2861 5411 3064 5479 ἐγγύας
3089 5410 3272 5464 δοῦναι
3299 5414 3522 5476 αὐτοὺς
3549 5412 3808 5484 προσμέ-

499 5508 792 5562 stulatione
836 5524 864 5560 a
898 5505 1226 5576 principibus
1268 5517 1478 5572 quoque
1507 5513 1556 5554 et
1588 5509 1776 5556 senatu
1821 5500 2071 5570 probata,

2197 5521 2292 5558 ρειν
2327 5507 2391 5575 τῇ
2423 5505 2656 5572 βασιλίδι
2701 5505 2809 5556 τῶν
2836 5505 3041 5555 πόλεων
3062 5516 3075 5529 ’
3129 5501 3298 5560 καὶεί
3325 5500 3619 5572 ἄρχοντες
3647 5511 3750 5560 καὶ
3772 5503 3807 5575 ἡ

501 5595 788 5668 λιΕεγιιιὶίε,
823 5609 881 5653 ιιι
925 5600 1002 5652 vel
1037 5597 1391 5672 ﬁdeiussores
1417 5595 1628 5657 darent,
1663 5594 1706 5647 si
1736 5608 1870 5662 quos
1903 5594 2067 5647 habe-

2201 5597 2478 5666 τύγκλητος
2499 5595 2898 5666 ἀπεφήναντο-ἢ
2912 5592 3115 5662 ἐγγύας
3139 5590 3349 5654 αὐτοὺς
3386 5601 3741 5666 παρασχεῖν,
3759 5606 3811 5656 εἰ

475 5702 638 5755 .rent,
677 5692 758 5746 vel
791 5700 938 5745 certe
976 5699 1314 5744 sacramento
1361 5685 1515 5741 (idem
1564 5701 1717 5752 suam
1758 5685 2061 5755 obstringe.

2202 5691 2452 5758 ὐποροῖεν
2482 5688 2852 5758 ἐγγυητῶν,ἢ
2899 5685 3174 5760 ἐξωμοσία
3226 5687 3808 5757 καταπιστιευθῆναιο
