4078 6390
479 313 592 407 tati

1743 358 2020 424 THEOD.
2053 363 2138 422 BA
2149 366 2449 426 LSAMON

3614 375 3720 440 500

473 462 815 518 'tneodoreto
863 467 1194 538 conscripta,
1248 477 1302 524 et
1362 470 1464 526 Iba:
1507 471 1814 541 epistolam.
1864 471 2017 530 Nullo

2152 480 2403 539 καὶτοὺς
2451 476 2846 547 ὁμοδοξοῦντας
2889 482 3111 548 αὐτοῖς’
3149 487 3244 557 καὶ
3293 487 3362 544 τὰ
3411 487 3559 559 παρὰ
3619 489 3716 542 τοῦ

468 565 598 606 vero
630 569 864 609 canones
885 572 946 612 ea
979 559 1212 626 synodus
1245 566 1620 634 promulgavit.

947 841 1032 895 DE
1061 843 1288 900 SEXTA
1320 847 1616 906 SYNODO.

543 927 736 983 BALS.
759 931 925 986 Sexta
961 937 1200 1005 synodus
1239 937 1340 992 fuit
1382 941 1568 1012 in,hac
1602 943 1811 998 urbium
1855 949 2035 1015 regina

466 1018 764 1085 imperante
817 1022 1175 1081 Constantino
1204 1027 1478 1098 Pogonato
1533 1031 1823 1090 Iustiniani
1860 1049 2034 1106 patre,

465 1109 697 1166 lleraclii
732 1128 859 1167 vero
885 1126 1098 1184 nepote,
1131 1135 1252 1174 cum
1290 1121 1392 1177 170
1425 1127 1593 1180 sancti
1621 1126 1809 1182 Patres
1837 1144 2036 1184 conve-

464 1204 676 1257 nissent
704 1204 966 1262 adversus
1000 1208 1370 1281 Theodorum,
1401 1216 1490 1284 qui
1526 1217 1577 1270 in
1623 1219 1795 1273 Pbara
1824 1221 2037 1289 episco-

465 1305 649 1363 patum
681 1309 942 1365 gesserat.
977 1301 1269 1357 Honorium
1320 1307 1410 1376 qui
1459 1308 1661 1374 Romae,
1711 1311 1909 1380 Cyrum
1942 1313 2031 1381 qni

465 1386 830 1451 Alexandriaa,
852 1389 1124 1459 Sergium,
1143 1393 1431 1463 Pyrrhum,
1452 1397 1677 1453 Paulum
1714 1411 1767 1455 et
1788 1403 2031 1462 Petrum.

461 1477 556 1544 qui
581 1477 832 1533 Ecclesia:
848 1481 1457 1553 Constantinopolitanae
1486 1492 1831 1558 praafuerant,
1853 1493 2034 1549 Maca-

465 1568 602 1620 rium
636 1570 1051 1638 Antiochenum,
1088 1586 1138 1628 el
1167 1574 1500 1647 Stephanum
1529 1582 1646 1649 ejus
1682 1583 2030 1652 discipulum,

460 1665 515 1708 et
539 1657 951 1727 Polychrnnium
988 1665 1213 1719 delirum
1273 1683 1479 1731 senem,
1514 1673 1602 1739 qui
1655 1674 1768 1726 ausi
1818 1673 2032 1730 fuerant

460 1748 653 1817 dogma
718 1752 1083 1817 introdncere,
1161 1757 1446 1813 Dominum
1525 1772 1768 1817 nostrum
1844 1764 2028 1820 Jesum

2143 569 2495 639 Θεοδωρήτου
2533 575 2918 642 συγγραφέντα
2955 578 3227 646 κεφάλαια
3251 595 3266 608 ·
3301 582 3395 633 καὶ
3436 580 3535 650 τὴν
3593 580 3715 633 Ἰϐα

2143 662 2459 733 ἐπιστολήν.
2495 665 2743 729 Κανόνας
2773 666 2830 720 δὲ
2875 669 2907 758 η
2963 670 3188 724 τοιαύττι
3246 670 3597 735 σύνοδος¹οὐκ
3627 674 3715 737 ἐξα

2143 750 2313 804 έθετο.

2453 846 2609 900 ΠΕΡΙ
2639 846 2774 899 ΤΗΣ
2805 849 3034 922 ΕΚΤΗΣ
3064 851 3361 906 ΣΥΝΟΔΟῚ

2210 938 2402 992 ΒΑΛΣ.
2467 938 2529 992 Ἦ
2585 939 2714 1008 ἕκτη
2771 941 2985 1006 σύνοδος
3044 948 3267 1014 γέγονεν
3320 951 3379 1001 ὲν
3425 950 3598 1019 ταύτῃ
3644 951 3713 1019 τῇ

2142 1028 2373 1098 βασιλίδι
2402 1029 2509 1083 τῶν
2529 1032 2736 1086 πόλεων
2759 1033 3131 1104 βασιλεύοντος
3159 1037 3574 1108 Κωνσταντίνου
3603 1041 3697 1094 τοῦ

2139 1120 2501 1187 Πωγωνάτου,
2535 1124 2742 1191 πατρὸς
2768 1124 2864 1192 μὲν
2883 1125 2976 1178 τοῦ
3019 1127 3426 1196 ’Ῑουστινιανοῦ,
3445 1133 3713 1200 ἀπογόνου

2137 1210 2196 1264 δὲ
2224 1211 2320 1264 τοῦ
2350 1213 2682 1282 Ἡρακλείου
2716 1215 2851 1286 (46).
2885 1217 3078 1271 ἑκατὸν
3130 1221 3506 1292 ὲόδομήκοντα
3540 1226 3714 1291 ἁγίων

2136 1300 2394 1370 Πατέρων
2437 1303 2932 1374 συναθροισθέντων
2984 1309 3124 1362 κατὰ
3179 1311 3454 1377 Θεοδώρου
3493 1317 3712 1367 ἐπισκο-

2135 1389 2437 1455 πεύσαντος
2465 1395 2526 1445 ἐν
2549 1395 2722 1464 Φαρᾷ,
2763 1397 3017 1466 Ὀνὼρέου
3054 1400 3294 1471 Ῥώμης,
3326 1405 3506 1474 Κύρου
3559 1403 3711 1457 Ἀλε-

2135 1481 2702 1554 ξανδρεία;,Σεργίου,
2743 1487 2944 1557 Πύρου,
2971 1489 3204 1550 Παύλου,
3232 1493 3323 1544 καὶ
3358 1496 3582 1564 Πέτρου,
3611 1497 3710 1564 τῆς

2134 1574 2194 1624 ἑν
2230 1574 2802 1630 Κωνσταντινουπόλει
2845 1577 3172 1654 Ἐκκλησίας
3205 1585 3705 1655 προεδρευτάντων,

2137 1665 2425 1737 Μακαρίου
2477 1667 2809 1737 Ἀντιοχείας
2835 1671 2929 1724 καὶ⁸
2988 1672 3261 1740 Στεφάνου
3314 1674 3409 1728 τοῦ
3461 1677 3705 1746 μαθητοῦ

2132 1759 2321 1824 αὐτοῦ,
2353 1761 2446 1814 καὶ
2477 1761 2861 1832 Πολυχρονίου,
2892 1763 2986 1816 τοῦ
3020 1766 3387 1836 νηπιόφρονος
3420 1769 3700 1836 γέροντος,

409 1879 418 1891 ,
457 1837 736 1895 Christum
787 1859 947 1898 unam
992 1848 1322 1904 voluntatem
1364 1862 1418 1905 et
1463 1868 1624 1904 unam
1659 1855 2017 1921 operationem

2129 1853 2236 1906 τῶν
2263 1853 2652 1924 τολμησάντων
2686 1854 3016 1925 δογματίσαι
3060 1855 3119 1909 ἓν
3171 1857 3383 1929 θέλημα
3422 1861 3534 1944 καὶ.
3576 1861 3708 1928 μίαν

399 1947 407 1956 ⁶
459 1915 678 1995 habere,
705 1947 987 2004 postquam
1017 1940 1330 1997 incarnatus
1357 1947 1459 1999 est.
1486 1947 1630 2010 Quos
1676 1964 1797 2002 tum
1837 1951 1902 2005 iis
1935 1953 2017 2021 qui

2131 1915 2436 2014 ἐνέργειαν.
2480 1947 2627 2016 ἔχειν
2677 1915 2819 2017 μετα
2882 1947 2981 2018 τὴν
3033 1915 3319 2017 σάρκωσιν⁸
3357 1951 3446 2002 τὸν
3495 1915 3704 2018 Κύιριον

387 2034 392 2044 ·
455 2028 863 2081 consentiebant
884 2029 1008 2095 illis,
1033 2049 1096 2086 ex
1131 2031 1366 2089 Ecclesia
1391 2039 1685 2105 amputavit
1719 2050 1773 2094 et
1804 2044 2025 2097 anathe~

457 2109 731 2172 niatizavit
782 2133 970 2176 sancta
1029 2125 1142 2180 haec
1201 2130 1441 2198 synodus
1494 2149 1507 2184 :
1563 2132 1696 2186 duas
1755 2137 2028 2192 naturales

454 2210 761 2266 voluntates
789 2215 1003 2271 etduas
1043 2221 1387 2286 operationes
1418 2224 1618 2277 similes
1665 2226 1863 2281 habere.
1904 2239 2027 2296 po<t

453 2304 884 2359 incarnationem
928 2318 1173 2364 statuens
1222 2311 1508 2367 Dominum
1563 2328 1808 2374 nostrum
1839 2321 2024 2376 Jesum

450 2393 748 2459 Christum,
781 2412 886 2449 non
919 2399 973 2452 in
1010 2401 1274 2456 divisione
1306 2420 1680 2472 personarum,
1740 2412 1834 2464 sed
1883 2415 2024 2482 quod

451 2484 590 2537 nulla
619 2493 812 2539 natura
839 2503 903 2540 ex
935 2489 1141 2544 duabus
1159 2495 1386 2557 naturis,
1412 2511 1531 2562 qua:
1560 2507 1686 2551 sunt
1709 2500 1760 2552 in
1783 2499 2024 2564 Christo,

448 2583 532 2628 est
577 2577 694 2629 sine
748 2577 1027 2633 voluntate
1083 2583 1162 2635 vel
1217 2587 1565 2650 operatione:
1620 2604 1687 2644 ne
1742 2593 2024 2661 utriusque

451 2676 657 2720 uatum
709 2669 937 2724 sublatis
1002 2673 1150 2727 hisce
1207 2679 1650 2747 proprietatibus,
1708 2684 2024 2750 Operatioue

451 2756 571 2810 dico
593 2765 646 2810 et
675 2760 972 2826 voluntate,
1005 2765 1123 2818 duae
1149 2783 1366 2835 quoque
1388 2780 1616 2837 naturai,
1643 2788 1871 2842 quarum
1896 2787 2023 2831 sunt

393 2895 396 2912 ,
449 2849 826 2914 proprietates,
849 2869 952 2907 una
984 2854 1184 2909 auferri
1207 2859 1510 2915 videantur.
1534 2864 1636 2919 Sed
1666 2868 1780 2921 haec
1805 2885 2024 2940 quoque

447 2943 682 3009 synodus
716 2957 956 2999 eanones
987 2963 1090 3000 non
1123 2949 1311 3005 edidit.

521 3121 673 3191 151
696 3123 946 3178 ZONAR.
965 3126 1125 3180 SeXta
1158 3133 1413 3199 synodus,
1441 3137 1736 3205 imperante
1757 3139 2023 3199 Constan-

2139 2037 2298 2106 ἡμῶν
2314 2037 2520 2106 Ἰησοῦν
2546 2039 2778 2108 Χριστὸν
2809 2038 2904 2101 οὓς
2928 2041 3062 2109 μετὰ
3089 2041 3196 2094 τῶν
3250 2042 3706 2112 συμφρονοῦντων

2131 2131 2318 2192 αὐτοῖς
2351 2129 2579 2200 ἐξέκοψε
2606 2132 2703 2200 τῆς
2740 2133 3070 2201 Ἐκκλησίας
3117 2134 3211 2185 καὶ
3243 2133 3639 2202 ἁνεθεμάτισεν

2127 2221 2260 2286 ἁγία
2293 2221 2430 2292 αῦτη
2465 2221 2710 2284 σύνοδος·
2747 2224 2841 2276 δύο
2898 2223 3178 2293 θελήματα
3212 2227 3414 2294 φυσικὰ
3469 2228 3564 2277 καὶ
3609 2225 3706 2278 δύο

2129 2314 2411 2382 ἐνεργείας
2431 2315 2623 2382 ὁμοίας
2677 2316 2824 2386 ἔχειν
2870 2318 3010 2385 μετὰ
3039 2316 3138 2385 τὴν
3181 2317 3458 2387 σάρκωσιν
3499 2317 3705 2386 δογμα⁶

2126 2405 2349 2469 τίσασα,
2375 2405 2471 2457 καὶ
2510 2405 2809 2474 κυρώσασα
2863 2408 2954 2460 τὸν
3013 2408 3219 2479 Κύριον
3276 2409 3432 2478 ἡμῶν
3493 2409 3704 2480 Ἰησοῦν

2125 2497 2363 2566 Χριστὸν
2393 2499 2493 2551 οὐκ
2519 2500 2576 2549 ὲν
2599 2499 2871 2570 διαιρέσει
2908 2502 3244 2570 προσώπων,
3276 2501 3392 2554 ἀλλ’
3427 2503 3509 2554 ὃτι
3535 2503 3702 2571 μηδε-

2133 2588 2232 2657 μία
2268 2588 2430 2657 φύσις
2458 2591 2565 2643 τῶν
2594 2591 2687 2644 δύο
2718 2591 2935 2660 φύσεων
2961 2594 3056 2644 ἐπὶ
3083 2592 3324 2664 Χριστοῦ
3347 2593 3605 2662 ἁθέλητος
3633 2591 3701 2663 ἦν

2125 2682 2158 2752 ἢ
2199 2683 2558 2754 ἀνενέργητος
2583 2700 2596 2714 ·
2637 2683 2723 2737 ἵνα
2755 2687 2829 2755 μὴ
2864 2685 2972 2738 τῶν
3021 2685 3327 2756 ἰδιωμάτων
3345 2687 3548 2739 τούτων
3568 2689 3702 2740 ἑκα-

2125 2772 2294 2842 τέρας
2353 2774 2568 2840 φύσεως
2635 2776 3064 2844 ἀναιρουμένων.
3091 2776 3189 2845 τῆς
3239 2778 3520 2845 ἐνεργείας
3557 2775 3707 2843 λέγω

2125 2864 2221 2918 καὶ
2254 2864 2352 2934 τῆς
2379 2867 2668 2934 θελήσεως,
2695 2869 2788 2918 καὶ
2809 2868 2866 2920 αί
2889 2867 2981 2919 δύο
3015 2866 3226 2935 φύσεις,
3275 2862 3350 2921 ὧν
3373 2869 3516 2920 εἰσιν
3547 2869 3694 2934 ίδιῲ-

2126 2972 2294 3024 ματα,
2362 2961 2810 3031 συναναιρεῖσθαι
2867 2960 3118 3014 δοκῶσιν.
3169 2960 3306 3014 Οὐδὲ
3341 2960 3478 3032 αῦτη
3516 2962 3700 3031 μέντοι

2120 3049 2154 3118 ἡ
2187 3049 2400 3113 σύνοδος
2451 3053 2682 3115 κανόνας
2719 3052 2954 3117 ἐξέθετο.

2191 3137 2452 3192 ΖΩΝΑΡ.,
2495 3139 2560 3191 'H
2602 3141 2736 3209 ἕκτη
2777 3139 2990 3202 σύνοδος
3027 3141 3249 3209 γέγονεν
3297 3142 3353 3195 ἐν
3409 3141 3578 3214 ταύτῃ
3629 3144 3696 3211 τῇ

449 3212 565 3265 tino
589 3212 862 3283 Pogonato
887 3217 1113 3278 Heractii
1139 3234 1354 3290 nepote,
1381 3228 1432 3278 in
1464 3227 1565 3284 hac
1587 3233 1801 3287 urbium
1828 3236 2017 3303 regina

2124 3225 2356 3298 βασιλίδι
2391 3231 2497 3284 τῶν
2526 3231 2733 3284 πόλεων
2766 3231 3140 3301 βασιλεύοντος
3165 3233 3573 3286 Κωνσταντῖνου
3601 3230 3700 3302 τοῦ

449 3306 624 3358 habita
657 3306 791 3374 fuit;
825 3325 946 3364 cum
974 3313 1238 3368 adversus
1268 3315 1638 3389 Theodorum,
1685 3326 1777 3393 qui
1831 3325 2017 3385 Pharae

2127 3321 2466 3390 Πωγωνάτου
2498 3323 2591 3375 τοῦ
2618 3323 2882 3391 ἀπογόνου
2922 3323 3265 3392 Ἡρακλείου,
3310 3323 3504 3376 ἑκατὸν
3549 3321 3699 3375 ἑϐδο-

445 3397 814 3467 episcopatum
867 3417 1144 3472 gesserat;
1212 3406 1532 3478 Honorium,
1587 3433 1746 3482 quem
1785 3419 2017 3474 Alexan-

2128 3415 2368 3482 μήκοντα
2425 3413 2596 3480 ἁγίων
2667 3415 2924 3484 Πατέρων
2997 3415 3489 3484 συναθροισθέντων
3554 3415 3696 3468 κατὰ

443 3489 602 3552 dria;
661 3491 930 3558 Sergium,
962 3495 1248 3567 Pyrrhum,
1301 3503 1547 3569 Paulum,
1604 3506 1848 3572 Petrum,
1883 3527 2020 3580 quos

447 3577 687 3635 Ecclesia
751 3580 1346 3658 Conslantinoliolftana
1413 3599 1666 3664 praesides
1717 3601 2014 3672 habuerat;

446 3669 737 3727 Llacarinm
769 3677 1429 3754 Antiochenam,ejusque
1455 3689 1753 3744 auditorem
1784 3691 2016 3762 Stepha-

445 3779 595 3828 num,
627 3769 959 3839 stultumque
989 3785 1042 3826 et
1081 3773 1316 3843 ineptum
1366 3791 1547 3833 senem
1573 3777 2012 3854 Polyehroninm,

443 3867 660 3910 centum
699 3870 753 3914 et
804 3867 1142 3933 septuaginta
1182 3871 1356 3922 sancti
1394 3869 1584 3926 Patres
1611 3870 2012 3934 convenissent.

443 3945 540 4010 Qui
574 3964 693 4001 cum
732 3967 892 4004 unam
947 3955 998 4006 in
1035 3955 1260 4010 Domino
1295 3961 1634 4016 nostro.Jesu
1668 3965 1886 4021 Christo
1921 3985 2012 4018 vo-

441 4037 724 4103 luntatem,
751 4055 1042 4113 postquam
1095 4050 1137 4102 is
1177 4049 1448 4105 hominem
1501 4054 1698 4120 induit,
1741 4075 2013 4128 unamque

436 4132 702 4188 efﬁciendi
760 4137 866 4190 vim
938 4141 1212 4197 exstitisse
1283 4146 1520 4210 proliteri
1551 4150 1666 4205 ausi
1738 4149 2039 4218 forent;a'

440 4237 626 4279 sancta
667 4232 902 4298 synodo,
963 4248 1083 4285 cum
1149 4237 1400 4292 omnibus
1449 4241 1538 4306 qui
1589 4245 1776 4298 eodem
1824 4261 2012 4301 errore

440 4325 775 4384 tenerentur,
813 4323 880 4374 ab
908 4321 1167 4380 Ecclesiae
1197 4343 1423 4397 corpore
1453 4335 1643 4398 excisi,
1681 4348 1843 4403 atque
1873 4356 2007 4392 ana-

440 4407 886 4475 thematenotati
920 4425 1064 4468 sunt.
1110 4417 1239 4482 Qum
1289 4423 1504 4490 quidem
1555 4423 1814 4495 synodus,
1873 4431 2008 4486 duas
2053 4416 2056 4420 ’

437 4497 492 4549 in
527 4497 746 4555 Christo
775 4501 1081 4560 voluntates
1115 4521 1396 4579 pOSlqtlam
1437 4515 1726 4568 humanam
1776 4516 1877 4571 sibi
1913 4535 2007 4571 na-

2124 3502 2402 3574 Θειδώρου
2431 3506 2902 3577 ὲπισκοπήσαντος
2929 3508 2988 3561 ὲν
3011 3508 3220 3577 Φαρὰν,
3258 3507 3515 3575 Ὃνωρίου
3555 3506 3694 3560 Ῥώ-

2126 3612 2254 3664 μης,
2288 3595 2470 3664 Κύρου
2510 3595 2933 3668 Ἀλεξανδρείας,
2967 3598 3212 3668 Σεργίου,
3263 3598 3503 3670 Πύρρου,
3541 3597 3693 3650 Παύ-

2122 3686 2235 3746 λου,
2262 3688 2465 3757 Πέτρου
2495 3689 2594 3757 τῆς
2631 3691 2686 3740 ἐν
2708 3690 3329 3753 Κωνσταντινουπόλεως
3363 3691 3697 3761 Ἑκκλησίαςι

2123 3779 2625 3848 προεδρευσάντων,
2663 3781 2954 3852 Μακαρίου
2997 3783 3328 3853 Ἀντιοχείας
3353 3785 3442 3837 καὶ
3483 3783 3693 3851 Στεφάετ

2122 3887 2213 3922 νου
2235 3870 2327 3923 τοῦ
2359 3871 2600 3940 μαθητοῦ
2629 3873 2816 3941 αὐτοῦ,
2849 3877 2943 3927 καὶ
2978 3874 3338 3946 Πολυχρονίου
3367 3875 3464 3928 τοῦ
3495 3875 3686 3947 νηπιόο

2121 3979 2311 4030 φρονος
2341 3966 2616 4033 γέροντος,
2661 3965 2770 4020 τῶν
2817 3967 3209 4037 τολμησάντων
3243 3967 3301 4019 ἒν
3341 3967 3550 4035 θέλημα
3593 3967 3688 4019 καὶ

2121 4052 2251 4119 μίαν
2281 4054 2560 4122 ἐνέργειαν
2585 4055 2908 4125 δογματίσαι
2939 4058 3086 4127 ἔχειν
3113 4059 3253 4126 μετὰ
3285 4059 3383 4126 τὴν
3409 4064 3686 4126 σαρκωσιν

2116 4145 2206 4198 τὸν
2253 4146 2454 4217 Κύριον
2488 4148 2648 4217 ἡμῶν
2705 4148 2915 4219 Ἰησοῦν
2957 4151 3216 4220 Χριστὸν,
3261 4149 3357 4212 οὓς
3406 4151 3542 4218 μετὰ
3575 4149 3692 4202 τῶν.

2117 4238 2570 4307 συμφρονούντων
2601 4236 2780 4302 αὐτοῖς
2814 4241 3039 4310 ἐξέκοψε
3095 4242 3194 4312 τῆς
3239 4241 3568 4312 Ἐκκλησίας
3592 4241 3686 4293 καὶ

2114 4330 2504 4398 ἀνεθεμάτισεν
2551 4333 2582 4401 ἡ
2625 4333 2757 4398 ἁγία
2800 4331 2942 4401 αὐτη
2973 4333 3210 4398 σύνοδος,
3261 4333 3355 4389 δύο
3405 4333 3684 4404 θελήματα

2116 4424 2319 4491 φυσικὰ
2349 4424 2444 4476 καὶ
2500 4424 2593 4477 δύο
2641 4427 2926 4494 ἐνεργείας
2982 4427 3174 4496 όμοίας
3223 4428 3369 4497 ἔχειν
3417 4427 3558 4496 μετὰ
3585 4427 3685 4496 τὴν

2117 4516 2398 4583 σάρκωσιν
2431 4518 2831 4587 δογματίσασα,
2877 4519 2970 4573 καὶ
3006 4520 3302 4588 κυρώσασα
3340 4520 3434 4572 τὸν
3459 4520 3686 4604 ςΚύριον

375 4588 383 4596 ”
439 4601 614 4644 turam
669 4594 937 4660 adjunxit,
989 4597 1202 4668 duoque
1250 4604 1446 4657 similia
1504 4608 1695 4675 agendi
1742 4610 2008 4680 principia

2194 4581 2200 4583 _
2504 4581 2544 4587 -.
2819 4581 2825 4583 ν
3081 4581 3090 4588 .
3459 4581 3488 4604 η
3569 4581 3580 4589 .

2123 4609 2277 4676 ἡμῶν
2318 4608 2527 4679 Ἰησοῦν
2556 4609 2813 4681 Χριστὸν,
2841 4613 2940 4665 οὐκ
2972 4614 3028 4664 ὲν
3055 4611 3321 4682 διαιρέσει
3351 4609 3684 4680 προσώπων,

434 4685 657 4739 Omnino
688 4687 1014 4744 admittenda
1073 4703 1126 4746 et
1173 4699 1512 4762 agnoscenda
1568 4715 1689 4753 esse
1738 4694 2003 4760 deﬁnivit.

437 4773 551 4825 Non
582 4776 704 4842 quia
733 4777 1014 4834 Dominum
1066 4796 1310 4838 nostrum
1343 4786 1524 4841 Jusunu
1575 4790 1854 4846 Christum
1889 4811 2007 4862 per-

435 4873 687 4920 sonat-um
721 4869 1118 4944 multiplicitate
1153 4875 1381 4929 divisum
1432 4879 1608 4942 vellet,
1641 4883 1731 4935 sed
1770 4887 1910 4950 quod
1939 4901 2003 4941 ex

437 4955 642 5009 duabus
684 4957 734 5010 in
766 4973 832 5013 eo
864 4963 1070 5017 naturis
1103 4963 1376 5029 neotram,
1433 4978 1522 5021 aut
1561 4971 1834 5028 voluntate
1881 4993 2003 5042 sua,

350 5052 368 5067 ⁸
435 5056 526 5096 ant
561 5049 748 5112 agendi
804 5049 1076 5115 facultate,
1110 5057 1355 5110 caruisse
1385 5060 1744 5120 existimaret.
1791 5065 1869 5121 Ne
1917 5069 2003 5128 iis,

434 5152 553 5206 qum
583 5142 839 5211 cujusque
874 5155 1079 5200 naturae
1107 5150 1324 5215 propria
1363 5163 1508 5217 sunt,
1543 5156 1816 5235 voluntate
1847 5161 2005 5213 nimi-

2115 4702 2230 4756 ἀλλ’
2253 4705 2334 4755 ὄτι
2365 4704 2593 4772 οὐδεμία
2620 4706 2781 4773 φύσις
2809 4707 2917 4758 τῶν
2966 4706 3060 4759 δύο
3081 4706 3298 4774 φύσεων
3323 4707 3418 4759 ἐπὶ
3443 4703 3684 4774 Χριστοῦ

2112 4795 2373 4866 deamo;
2393 4791 2460 4867 ἦν
2552 4797 2908 4868 ἀνενέργητος
2943 4813 2957 4828 ·
2988 4799 3075 4851 ἵνα
3121 4799 3217 4868 μὴ,
3246 4799 3352 4852 τῶν
3379 4795 3685 4867 ἰδιωμάτων

2113 4887 2317 4940 τούτων
2351 4886 2616 4957 ἑκατέρας
2667 4887 2882 4955 φύσεως
2925 4889 3355 4959 ἀναιρουμένων,
3402 4889 3503 4959 τῆς
3534 4891 3685 4957 ὲνερ-

2114 4981 2268 5047 γείας
2310 4979 2583 5045 λέγωκαὶ
2626 4981 2724 5047 τῆς
2769 4980 3062 5050 θελήσεως,
3102 4981 3194 5034 καὶ
3239 4982 3294 5033 αἱ
3352 4983 3579 5049 φύσεις,
3605 4974 3682 5032 ὧν

2116 5073 2256 5126 εἰσιν
2294 5072 2581 5142 ἰδιώματα,
2614 5073 3057 5141 συναναιρείσθαι
3082 5075 3332 5153 δοκῶσιν.
3371 5073 3509 5125 Οὐδὲ
3539 5071 3674 5141 αῦτη

2117 5163 2302 5232 μέντοι
2328 5167 2360 5232 ἡ
2396 5164 2608 5225 σύνοδος
2637 5166 2862 5228 κανόνας
2885 5167 3121 5232 ἐξέθετο.

434 5245 551 5281 rum
580 5243 633 5285 et
657 5236 849 5301 agendi
905 5238 976 5300 vi,
1007 5253 1072 5292 ex
1103 5239 1359 5296 alterutra
1410 5255 1603 5300 natura
1662 5250 1910 5317 sublatis,
1969 5255 2134 5321 ipsam
2198 5265 2410 5322 quoque.
2462 5266 2726 5324 naturam,
2783 5258 2934 5325 cujus
2991 5273 3069 5310 ea:
3120 5255 3401 5311 facultates
3455 5253 3683 5324 propria!

435 5329 580 5382 sunt,
615 5325 905 5380 sustulisse
957 5327 1290 5384 viderentur.
1342 5332 1447 5388 Sed
1495 5351 1563 5392 ne
1597 5337 1756 5409 hujus
1790 5342 2006 5410 quidem
2038 5360 2156 5415 syn.
2191 5360 2312 5400 ean.
2351 5345 2442 5399 ulli
2475 5361 2699 5414 usquam
2735 5335 2868 5404 cdili
2895 5357 3042 5404 sunt.

1667 5457 1855 5519 Guill.
1889 5437 2212 5537 Beveregii
2258 5467 2446 5522 notae.

500 5542 611 5612 (.46)
653 5544 972 5619 ’darofdrov
1002 5547 1070 5601 δὲ
1109 5550 1478 5617 Ἡρακλείου.
1520 5556 1649 5610 Post
1685 5563 1786 5616 ista
1833 5565 1996 5619 verba

548 5614 987 5700 inszrli'odlciano
1037 5614 1178 5700 haec-
1210 5623 1482 5688 leguntur,
1541 5631 1636 5681 ἐπὶ

434 5683 891 5764 Ηέιπξπιᾜὼμης,
915 5689 952 5738 Γ
957 5691 1187 5756 εωργίου
1220 5683 1864 5764 Κωνσταντινουπόλεῖυς.
1911 5743 1925 5758 .

430 5788 445 5798 ,
493 5791 506 5801 .
561 5753 980 5842 Ἀλεξανδρείας,
1009 5753 1293 5834 Μακαρίου
1340 5768 1666 5842 Ἀντιοχείας
1695 5773 1789 5824 καὶ
1831 5775 1992 5842 Ἱερο-

388 5827 697 5902 νςςιλυμων.
739 5825 837 5902 Ubi
890 5833 1105 5902 nomina
1140 5825 1984 5902 epis-coponim"A|exandrini're;

431 5888 928 5962 Hierosolymitani,
969 5888 1816 5975 idcirco.forsiiademittuntur,
1855 5888 1979 5980 quia

2107 5565 2183 5622 illi
2205 5583 2312 5620 non
2339 5567 2440 5619 nisi
2475 5583 2570 5634 per
2598 5568 2833 5624 vicarios
2864 5585 2995 5626 suos
3031 5571 3277 5626 aderant.
3331 5572 3453 5625 llaec
3493 5585 3674 5625 autem

2105 5638 2266 5692 verba
2320 5652 2420 5691 nec
2453 5639 2504 5688 in
2541 5637 3006 5703 Amerbaehiano,
3049 5660 3147 5695 nec
3196 5642 3532 5705 Aitoniensi,
3574 5657 3675 5696 nec

2105 5707 2159 5760 in
2219 5707 2502 5773 impressis
2573 5709 2802 5762 antehac
2867 5713 3152 5766 codicibus
3210 5714 3512 5770 habentur.
3560 5723 3675 5765 ele

2102 5781 2348 5844 margiu'e
2379 5777 2666 5849 intextum
2693 5781 2938 5834 traducta
2987 5783 3238 5837 Videntur
3266 5801 3278 5835 :
3318 5799 3380 5835 ac
3419 5791 3671 5849 propter-

2098 5863 2161 5901 ea
2197 5848 2284 5901 hic
2339 5845 2519 5914 potius
2569 5863 2631 5903 ea
2697 5851 2976 5916 adnotare,
3001 5869 3163 5922 quam
3216 5854 3287 5928 ibi
3343 5845 3676 5909 interserere

2038 5946 2053 5968 ι
2094 5919 2268 5974 visam
2305 5928 2406 5971 est.
