4078 6454
483 449 584 513 5:15

1603 481 1623 540 _-
1644 457 1728 519 IN
1755 459 1986 522 conc,
2016 459 2100 521 IN
2137 462 2460 524 TRULLO.

3589 435 3694 541 ace

483 585 509 622 α
548 563 770 639 μεγέθει
815 575 1268 642 συγκαταδάσεώς
1309 593 1367 630 τε
1419 577 1512 632 καὶ
1555 578 1934 645 ταπεινώσεως
1977 580 2019 634 τί

2144 599 2163 633 ι
2194 590 2248 637 et
2287 581 2355 637 ad
2387 596 2445 638 se
2469 583 2741 640 revocavit
2772 599 2834 640 ac
2887 585 3130 651 reduxit,
3182 586 3335 643 nobis
3367 602 3575 662 quoque
3604 607 3689 644 se-
3769 633 3772 640 .

485 678 518 713 ι·
545 663 814 734 ἡμέτερον
855 667 1010 734 γενος
1041 659 1508 739 μεταποιήσαντα,
1539 671 1633 724 καὶ
1666 673 1803 743 πρὸς
1843 672 2036 726 ἑαυτὸν

487 773 508 802 ο
547 754 1022 826 ἀνακαλεσάμενον
1072 759 1167 813 καὶ
1205 759 1613 815 ἁναδιΰάσαντα
1659 763 1754 816 καὶ
1810 763 1910 834 τὴν
1953 764 2033 827 είς

485 861 506 895 ο
543 847 603 900 ab
629 846 690 900 εὖ
720 844 861 902 εἶναι
887 851 1074 919 τρίὸον
1112 853 1244 922 ἡμῖν
1283 853 1633 918 ὀποδείξαντα
1663 854 1750 908 διὰ
1786 855 1894 908 τῶν
1932 855 2032 925 τῆς

485 957 506 990 ι
559 940 883 1010 Ἐκκλησίας
906 942 1243 1015 λαμπτήρων
1263 945 1355 998 καὶ
1383 945 1737 1011 διδασκάλων,
1766 963 2032 1024 φωταγω-

483 1053 504 1083 ο
543 1033 780 1102 γούντων
811 1037 880 1089 τὰ
907 1037 1048 1090 κατά
1067 1037 1200 1091 Θεὸν
1220 1039 1372 1108 ἡμῶν
1393 1039 1551 1108 διαόή
1562 1057 1727 1107 ματα,
1764 1041 1854 1093 καὶ
1894 1038 2032 1108 πρὸς

481 1145 501 1177 ‹
537 1127 602 1179 τὸ
642 1127 971 1196 Εὑαγγέλιον
1016 1131 1419 1202 παρορμώντων
1447 1149 1462 1164 ·
1505 1127 1580 1185 ὧν
1637 1134 1728 1185 καὶ
1779 1133 1841 1186 τὸ
1883 1131 2032 1184 πολί-

483 1231 504 1266 ι
542 1233 718 1286 τευμα
748 1219 806 1270 ὲν
831 1218 1078 1288 οὐρανοῖς
1102 1221 1334 1292 ὑπάρχει
1358 1223 1499 1278 κατὰ
1520 1223 1610 1276 τὸν
1631 1221 1771 1276 θεῖον
1801 1223 2030 1276 ἀπόστο-

480 1327 501 1358 ‹
540 1308 632 1361 λον
654 1325 672 1341 ·
697 1310 821 1363 ὅθεν
841 1312 935 1365 καὶ
956 1310 1052 1364 νῦν
1075 1314 1209 1382 ἡμῖν
1231 1315 1323 1367 τὸν
1349 1317 1544 1368 οἰκεῖον
1577 1313 1694 1384 βίον
1719 1314 2028 1383 διεξάγουσι

479 1421 497 1452 ι
539 1403 931 1475 ῥᾳθυμότερον,
962 1401 1058 1459 καὶ
1087 1404 1150 1475 τῇ
1191 1405 1296 1458 τῶν
1328 1407 1602 1476 λογισμῶν
1634 1409 1802 1478 ἀργία
1827 1406 2026 1460 καθεύ-

476 1515 494 1543 ‹
535 1495 737 1560 δουσιν,
769 1496 842 1559 ὡς
866 1497 1200 1552 ὶπεισελθεῖν
1236 1500 1568 1568 ἀφυλάκτοις
1609 1499 1702 1552 τὸν
1740 1499 2029 1567 όδοστάτην

478 1609 496 1641 ι
540 1588 752 1661 ἐχθρὸν,
775 1589 1034 1643 καὶκατὰ
1057 1591 1250 1662 μικρὸν
1272 1593 1370 1658 τὴν
1393 1593 1593 1663 ἀρετὴν
1621 1593 2024 1663 ὑποκλέψαντα,

478 1701 498 1734 ι
541 1683 639 1752 τὴν
667 1684 866 1737 κακίαν
897 1684 1029 1752 ἡμῖν
1061 1685 1487 1754 ἀνθυπενεγκεῖν
1517 1702 1532 1717 ·
1572 1687 1601 1739 ὁ
1635 1686 1731 1756 τὴν
1765 1687 2026 1756 μεγίστην

476 1796 500 1828 ο
539 1778 743 1847 ταύτην
765 1778 859 1831 τοῦ
890 1780 1155 1848 παρόντος
1185 1781 1386 1846 κόσμου
1417 1781 1787 1852 πηδαλιουχῶν
1828 1760 2032 1834 ὁλκάδα

477 1885 496 1919 ι
536 1865 770 1936 Χριστὸς
802 1871 830 1920 ό
858 1868 990 1932 Θεὸς
1017 1869 1196 1956 ἡμῶν,
1234 1869 1291 1920 σὲ
1321 1869 1407 1921 τὸν
1440 1870 1602 1937 σοφὸν
1640 1873 1771 1939 ἡμῖν
1825 1871 2027 1941 κυϐερ-
2063 1917 2103 1979 Β

474 1979 494 2012 ι
534 1961 721 2030 νήτην,
774 1961 864 2015 τὸν
921 1953 1120 2030 εὐσεϐῆ
1179 1962 1446 2030 βασιλέα,
1504 1965 1814 2034 προστάτην
1865 1965 2032 2028 ὅντως

473 2070 494 2103 ι
538 2053 855 2125 ἀνέστησεν,
921 2056 1307 2125 οἰκονομοῦντα
1347 2059 1468 2120 τοὺς
1508 2058 1696 2126 λόγους
1738 2057 2027 2127 ὲνηκρίσει,

473 2165 491 2196 ι
537 2147 877 2215 φυλάσσοντα
934 2149 1014 2211 είς
1057 2149 1149 2201 τὸν
1199 2150 1721 2221 αίῶνα¹ἀλήθειαν,
1775 2151 2030 2204 ποιοῦντα

474 2257 494 2288 ‹
535 2239 708 2308 κρῖμα
735 2238 827 2292 καὶ
857 2239 1202 2309 δικαιοσύνην
1245 2244 1302 2294 ὲν
1339 2244 1489 2311 μέσῳ
1530 2242 1628 2310 τῆς
1666 2242 1788 2312 γῆς,
1837 2243 1931 2296 καὶ
1970 2245 2030 2297 ὲν

472 2347 493 2378 α
535 2330 752 2401 ἀμώμῳ
785 2331 888 2400 ὁδῷ
931 2334 1296 2403 πορευόμενον
1325 2350 1337 2364 ’
1361 2325 1440 2387 ’ὃν
1480 2338 1512 2404 ἠ
1559 2336 1718 2404 σοφία
1758 2337 2028 2408 κυοφορή-

472 2440 494 2471 ‹
541 2437 684 2475 σασα
723 2422 814 2475 καὶ
848 2423 1175 2491 μαιεύσασα,
1217 2425 1398 2490 καλῶς
1428 2429 1544 2487 ταῖς
1577 2429 1799 2498 ἀρεταῖς
1832 2429 2030 2500 ἐκθρέ-

477 2533 496 2565 ‹
537 2515 688 2584 ψασά
716 2533 774 2568 τε
807 2516 902 2568 καὶ
940 2502 1352 2586 περιστείλασα,
1389 2523 1482 2571 καὶ
1523 2520 1665 2572 θείου
1694 2521 2028 2589 πληρώσασα

469 2626 490 2656 ι
530 2607 870 2680 Πνεὺματος,
916 2610 1191 2678 ὀφθαλμὸν
1237 2609 1558 2679 οίκουμένη;
1609 2611 1934 2676 ἀπέδειξεν,⁸
1961 2615 2026 2683 τῇ

472 2718 490 2748 ε
533 2699 625 2750 τοῦ
658 2698 748 2752 νοῦ
807 2698 1140 2770 καθαρότητι
1184 2703 1275 2753 καὶ
1316 2703 1382 2770 τῇ
1421 2702 1764 2772 λαμπρότητι
1806 2703 2028 2770 διαυγάὶ

471 2807 493 2841 σ
534 2786 694 2858 ζοντα
745 2794 1062 2861 περιφανῶς
1115 2793 1172 2846 τὸ
1232 2793 1515 2862 ὑπήκοονο
1573 2786 1616 2860 ᾧ
1675 2793 1773 2864 τὴν
1828 2796 2025 2864 ἑαυτῆς

470 2900 492 2930 σ
546 2880 872 2952 Ἐκκλησίαν
905 2884 1195 2952 παρέθετο,
1225 2885 1320 2938 καὶ
1353 2887 1446 2940 τὸν
1467 2887 1630 2952 νόμον
1663 2887 1844 2956 αὐτῆς
1864 2885 2024 2956 μελε-

465 2992 489 3026 (
527 2975 627 3044 τᾷν
657 2975 852 3038 νυκτὸς
875 2974 970 3027 καὶ
997 2975 1208 3046 ἡμέρας
1230 2976 1467 3042 ἐδίδαξεν
1497 2977 1634 3048 πρὸς
1652 2979 2024 3048 καταρτισμὸν

464 3083 486 3116 ι
528 3065 622 3117 καὶ
647 3064 932 3134 οἰκοδομὴν
963 3064 1073 3118 τῶν
1098 3064 1201 3117 ὑπὸ
1225 3067 1382 3135 χεῖρα
1403 3065 1548 3118 λαῶν
1573 3083 1586 3096 ·
1619 3067 1700 3130 ὃς,
1728 3067 1807 3135 τῷ
1837 3068 2022 3139 θερμῷ

463 3180 485 3211 σ
529 3160 645 3214 τοιῖ
673 3161 811 3232 πρὸς
863 3162 994 3216 Θεὸν
1039 3162 1207 3216 πόθου
1255 3164 1360 3216 τὸν.
1398 3157 1645 3234 ζηλωτὴν
1699 3163 2022 3234 ὑπερϐαλὼν

2141 693 2161 726 ι
2193 676 2398 741 mitam,
2429 681 2490 730 ut
2515 675 2650 732 bene
2684 690 2945 741 essemus,
2994 678 3278 734 ostendere
3311 694 3402 747 per
3436 678 3688 736 Ecclesia:

2141 765 2470 823 «luminaria
2531 784 2595 824 ac
2662 771 2927 837 doctores,
2993 771 3082 841 qui
3134 785 3342 828 nostros
3398 777 3693 829 secundum

2139 878 2158 910 ι
2189 859 2354 914 Deum
2388 876 2605 931 gressus
2634 861 2996 917 illuminantes
3025 862 3280 933 dirigunt,
3333 871 3386 919 et
3413 865 3476 920 ad
3517 847 3692 938 Evan-

2139 968 2156 1001 ι
2189 951 2386 1018 gelium
2439 951 2710 1025 incitant:
2765 968 2993 1022 quorum
3049 953 3210 1008 etiam
3264 957 3602 1010 conversatio
3635 957 3687 1007 in

2111 1049 2157 1094 "'r
2188 1042 2338 1098 oculis
2365 1055 2447 1098 est
2475 1045 2538 1110 ⁸³,
2567 1053 2628 1099 ut
2659 1044 2734 1098 ait
2765 1033 2976 1100 divinus
3010 1045 3316 1114 Apostolus.
3339 1046 3494 1101 Unde
3523 1047 3683 1100 etiam

2136 1154 2153 1185 ι
2185 1136 2335 1190 nobis
2364 1137 2526 1190 vitam
2558 1151 2698 1191 nunc
2726 1137 3083 1206 negligentius
3113 1138 3414 1208 agentibus.
3446 1147 3500 1193 et
3525 1138 3694 1192 ratio-

2135 1245 2154 1278 ι
2184 1228 2468 1283 cinationis
2503 1229 3051 1300 considerationisquc
3073 1230 3186 1285 otio
3216 1230 3685 1292 indormientibus,

2136 1335 2303 1374 «cum
2354 1321 2512 1376 nobis
2559 1320 2796 1377 incautis
2850 1319 2950 1376 viae
2995 1323 3278 1378 insidiator
3327 1323 3578 1378 inimicus
3631 1339 3690 1378 se

2136 1432 2152 1463 ε
2183 1411 2448 1478 injecerit,
2496 1422 2549 1468 et
2578 1414 2832 1468 virtutem
2866 1414 3122 1482 paulatim
3176 1415 3490 1482 sntl'uratus,
3524 1415 3681 1471 nobis

2135 1524 2154 1556 ι
2181 1503 2294 1574 ejus
2323 1505 2440 1560 loco
2464 1505 2651 1559 vitium
2690 1509 3072 1574 supposuerit:
3122 1507 3216 1577 qui
3267 1522 3510 1575 magnam
3541 1510 3687 1562 hanc

2133 1617 2150 1648 c
2179 1601 2459 1666 praesentis
2488 1598 2672 1653 mundi
2709 1615 2892 1652 narem
2915 1599 3068 1653 clavo
3101 1599 3345 1653 assidens
3367 1602 3502 1670 regit
3533 1600 3691 1654 Chri-

2133 1708 2151 1740 σ
2178 1699 2291 1743 stus
2319 1689 2575 1745 Dominus
2607 1699 2806 1752 noster,
2841 1701 2892 1746 te
2941 1692 3234 1760 sapientem
3293 1692 3448 1746 nobis
3485 1694 3688 1762 guber—

2133 1787 2458 1845 uiatorem,
2533 1782 2676 1848 pium
2749 1782 3148 1849 imperatorem,
3219 1798 3344 1838 vere
3414 1784 3692 1852 praesidem

2140 1893 2157 1924 ι
2193 1872 2466 1937 excitavit,
2517 1873 2916 1942 dispensantem
2978 1889 3253 1929 sermones
3297 1875 3350 1928 in
3380 1875 3604 1944 judicio,
3638 1877 3692 1930 in

2140 1982 2159 2016 ι
2191 1963 2438 2017 saeculum
2459 1965 2736 2019 veritatem
2767 1975 3091 2033 servantem,
3124 1964 3406 2020 facientem
3429 1965 3686 2032 judicium

2141 2077 2157 2108 ι
2187 2059 2240 2111 et
2269 2055 2539 2125 justitiam
2575 2057 2628 2110 in
2679 2057 2852 2113 medio
2889 2065 3066 2122 terrte,
3117 2067 3170 2111 et
3202 2057 3254 2110 in
3300 2057 3382 2110 via
3430 2059 3497 2111 ab
3545 2057 3690 2110 omni

2139 2169 2158 2203 ι
2187 2151 2602 2220 reprehensione
2653 2151 2808 2222 153
2859 2151 3028 2204 aliena
3076 2151 3479 2215 procedentem;
3529 2164 3688 2217 quem

2140 2265 2158 2295 ι
2189 2259 2307 2298 cum
2341 2243 2600 2313 sapientia
2630 2243 2989 2312 ceuccpisset,
3048 2243 3204 2310 eique
3255 2242 3564 2295 obstetricis
3600 2238 3685 2292 of-

2136 2357 2153 2408 ι
2190 2336 2369 2391 ﬁcium
2403 2337 2761 2406 praestitisset,
2811 2335 3029 2405 pulchre
3080 2335 3370 2388 virtutibus
3395 2333 3688 2386 cnutritum

2138 2446 2154 2478 ι
2185 2422 2239 2481 et
2295 2438 2564 2493 ornatum,
2611 2428 2900 2493 divinaque
2949 2426 3157 2494 Spiritu
3206 2425 3488 2494 repletum,
3537 2423 3686 2478 orbis

2137 2525 2450 2574 «terrarum
2493 2519 2709 2574 oculum
2759 2519 2955 2582 effecit,
2985 2519 3074 2588 qui
3131 2517 3323 2570 mentis
3356 2518 3590 2585 puritate
3633 2525 3690 2570 et
3743 2509 3746 2518 ’

2139 2633 2157 2664 ι
2189 2614 2474 2683 splendore
2524 2613 2798 2682 subjectos
2850 2621 3034 2681 aperte
3069 2611 3357 2672 illuminas.
3413 2612 3499 2664 cui
3535 2624 3687 2665 suam

2061 2699 2070 2710 “
2134 2725 2151 2755 ι
2185 2704 2483 2761 Ecclesium
2545 2705 2960 2774 commendavit,
3027 2713 3082 2758 et
3109 2702 3299 2772 ,legem
3353 2700 3470 2770 ejus
3527 2709 3685 2755 noctu

2061 2803 2066 2807 ‘
2101 2817 2152 2854 ,ι
2184 2798 2379 2866 diuque
2429 2795 2674 2851 meditari
2711 2795 2910 2861 docuit,
2953 2794 3018 2849 ad
3049 2794 3388 2864 populorum,
3423 2793 3514 2861 qui
3564 2799 3689 2846 sunt

2133 2905 2152 2940 ι
2186 2890 2285 2941 sub
2302 2887 2418 2956 ejus
2439 2887 2706 2950 manibus,
2743 2885 3126 2954 perfectionem
3161 2891 3214 2938 et
3230 2883 3681 2943 :editicationem;

2133 2998 2150 3030 ι
2179 2979 2268 3048 qui
2299 2989 2389 3032 tuo
2434 2979 2486 3032 in
2517 2979 2677 3033 Deum
2709 2975 2958 3031 desiderii
3015 2981 3205 3030 ardore
3255 2974 3485 3028 Phinees
3509 2975 3680 3028 zelum

2121 3091 2148 3120 .‹
2177 3084 2419 3138 superas,
2448 3080 2501 3123 et
2531 3069 2750 3138 pietatis
2782 3084 2844 3123 ac
2889 3067 3186 3138 prudentiae
3216 3066 3407 3120 robore
3433 3065 3684 3120 confosso

2131 3184 2149 3214 ι
2181 3172 2419 3232 peccato,
2455 3177 2667 3232 gregem
2696 3174 2907 3230 quoque
2957 3176 2984 3214 a
3021 3159 3148 3214 vitio
3175 3169 3227 3213 et
3262 3159 3427 3213 exitio
3472 3158 3680 3212 subtra-

462 3273 485 3304 ι
527 3230 729 3319 Φινεὲς,
775 3256 866 3308 καὶ
900 3254 998 3326 τὴν
1039 3257 1312 3326 ἁμαρτίαν
1360 3230 1690 3328 ἐκκεντῆσας
1725 3230 2018 3327 τῷ-κράτει

2129 3277 2147 3309 ι
2179 3261 2304 3311 here
2346 3255 2584 3310 voluisti.
2621 3254 2916 3324 Oportebat
2959 3254 3102 3308 enim
3135 3267 3277 3319 eum,
3309 3253 3398 3321 qui
3446 3264 3566 3321 post
3589 3267 3681 3306 su-

459 3364 482 3394 σ
527 3347 625 3416 τῆς
659 3346 942 3408 εὐσεϐείας
969 3364 1027 3399 τε
1072 3347 1164 3399 καὶ
1203 3347 1488 3416 συνέσεως,
1537 3349 1631 3402 καὶ
1665 3347 1725 3401 τὸ
1769 3349 2018 3417 ποίμνιον

409 3505 416 3509 _
457 3459 480 3490 ‹
522 3439 620 3507 τῆς
653 3440 849 3501 κακίας
878 3455 938 3490 τε
964 3439 1058 3491 καὶ
1089 3441 1294 3507 φθορᾶς
1324 3440 1695 3506 συνεξελέσθαι
1727 3441 1978 3514 προείλου
1997 3457 2016 3473 ο

459 3553 478 3580 ι
523 3531 726 3600 ἔπρεπε
755 3531 864 3601 γὰρ
891 3531 981 3584 τὸν
1024 3531 1134 3585 τῶν
1161 3533 1362 3585 οίάκων
1400 3533 1536 3602 μετὰ
1563 3533 1661 3603 τὴν
1710 3533 1821 3587 ἅνω
1846 3532 2016 3605 ῥοπὴν

455 3642 475 3672 ι
521 3622 614 3674 τοῦ
639 3623 974 3693 ἀνθρωπείου
1010 3623 1200 3691 γένους
1228 3624 1626 3694 ἐπειλημμένον
1657 3623 1730 3694 μὴ
1767 3625 1926 3693 μόνον
1955 3625 2016 3677 τὸ

457 3734 477 3764 ι
523 3713 646 3766 καθ’
686 3715 850 3768 αὑτὸν
895 3718 1137 3780 σκοπεῖν,
1183 3718 1276 3769 καὶ
1307 3698 1545 3779 ὅπωξᾶν
1583 3720 1608 3770 ὁ
1634 3719 1831 3781 οἰκεῖος
1869 3715 2015 3786 αὑτῷ

383 3873 386 3882 Ι
453 3829 473 3858 ί
518 3805 845 3861 διευθύνοιτο
891 3801 1024 3878 βίος,
1060 3809 1195 3862 ἀλλὰ
1235 3809 1329 3862 καὶ
1373 3811 1482 3862 πᾶν
1522 3809 1584 3861 τὸ
1621 3810 1919 3879 ἀρχόμενον
1951 3812 2014 3862 ἐκ

451 3922 471 3952 ‹
517 3903 812 3972 τρικυμίας
843 3901 1193 3972 περισώζειν,
1219 3903 1313 3954 καὶ
1358 3901 1456 3972 τῆς
1481 3901 1682 3970 πολλῆς
1713 3901 1827 3954 τῶν·
1878 3921 2018 3972 πρα-

455 4017 472 4048 ι
519 3996 742 4064 γμάτων
777 3996 1090 4066 συγχύσεως
1149 3995 1547 4058 ἑπικλυζόντων
1589 3995 1850 4050 πάντοθεν
1904 3993 2013 4049 τῶν

449 4108 468 4136 ι
518 4087 842 4155 πνευμάτων
906 4087 1006 4156 τῆς
1059 4087 1325 4156 πονηρίας
1394 4087 1489 4140 καὶ
1534 4088 1594 4140 τὸ
1644 4079 1803 4155 σῶμα
1855 4089 2010 4156 ἡμῶν

447 4199 466 4230 σ
507 4171 965 4249 ’ἐκταρασσόντων
1007 4182 1103 4246 τῆς
1150 4179 1546 4242 ταπεινώσεως.
1604 4177 1820 4249 Ἐπειδὴ
1864 4180 1918 4231 δὲ
1956 4181 2008 4232 αἱ

513 4269 667 4335 ἆγιαι
690 4273 779 4324 καὶ
799 4273 1173 4341 οἰκουμενικαὶ
1193 4270 1288 4326 δύο
1311 4272 1536 4334 σύνοδοι,
1561 4275 1615 4326 αἱ
1642 4273 1796 4348 κατὰ⁸
1808 4273 2009 4342 ταύτην

511 4363 612 4430 τὴν
643 4363 888 4432 βασιλίδα
911 4363 1005 4416 καὶ
1027 4364 1386 4433 θεοφύλακτον
1417 4365 1573 4418 πόλιν
1599 4365 1765 4419 συναο
1776 4366 2008 4436 ροισθεῖ-

513 4470 625 4513 σαι,
668 4455 696 4522 ἠ
731 4454 831 4519 μὲν
869 4455 963 4511 ἐπὶ
990 4455 1098 4508 τῶν
1126 4456 1333 4526 χρόνων
1373 4455 1754 4520 ’Ῑουστινιανοῦ
1785 4456 1878 4510 τοῦ
1911 4458 2006 4526 τῆς

2127 3370 2145 3402 ι
2176 3355 2397 3417 pernum
2423 3358 2748 3402 momentum
2778 3345 3003 3420 humani
3017 3347 3231 3415 generis
3255 3343 3676 3414 gubernaculum

2125 3460 2143 3492 ι
2173 3439 2519 3508 suscepisset,
2568 3454 2672 3491 non
2732 3438 2903 3492 solum
2953 3439 3005 3492 id
3053 3440 3192 3507 quod
3245 3439 3310 3490 ad
3361 3451 3421 3491 se
3455 3438 3682 3504 pertinet

2125 3551 2143 3583 ‹
2174 3529 2536 3595 considerare,
2571 3538 2625 3584 et
2664 3529 2932 3597 quomodo
2970 3543 3064 3582 sua
3099 3544 3126 3581 a
3155 3542 3214 3584 se
3245 3529 3351 3582 vita
3380 3528 3676 3598 dirigatur;

2124 3645 2143 3678 ι
2174 3626 2268 3680 sed
2295 3633 2348 3681 et
2375 3639 2584 3690 omnes,
2620 3624 2812 3692 quibus
2845 3623 3088 3691 imperat,
3117 3638 3179 3676 cx
3217 3621 3465 3675 maximis
3506 3619 3679 3675 ﬂucti-

2121 3703 2270 3774 tbus
2330 3733 2566 3780 servare,
2626 3729 2681 3771 et
2735 3730 2764 3768 a
2826 3715 2992 3768 multa
3043 3714 3382 3791 confusione,
3440 3715 3677 3782 undique

2122 3828 2139 3861 ι
2170 3809 2517 3863 obruentibus
2565 3809 2923 3877 improbitatis
2955 3807 3232 3876 spiritibus
3279 3813 3333 3859 et
3361 3805 3681 3859 humilitatis

2121 3920 2139 3952 ‹
2170 3910 2362 3955 nostra:
2401 3916 2596 3970 corpus
2646 3899 3099 3969 perturbantibus,
3131 3899 3363 3967 eripere.
3412 3895 3674 3963 Quoniam

2120 4011 2138 4043 ι
2166 4001 2344 4047 autem
2371 4002 2569 4046 sancte
2603 4003 2656 4045 et
2691 3990 3023 4045 universales
3081 3989 3197 4043 (inae
3250 3989 3441 4057 synodi
3493 3987 3547 4039 iu
3579 3987 3679 4039 hac

2071 4085 2074 4088 ’
2119 4104 2136 4134 ι
2169 4084 2294 4154 imp.
2325 4093 2376 4139 et
2411 4083 2502 4138 Dei
2528 4084 2892 4139 obscrvatrice
2919 4083 3138 4136 civitate
3167 4091 3534 4149 congregatae;
3571 4091 3674 4133 una

2115 4197 2132 4228 ι
2161 4177 2376 4246 quidem
2430 4178 2758 4248 temporibus
2786 4176 2982 4230 divinae
3018 4172 3178 4226 sortis
3226 4170 3550 4236 Justiniani;
3598 4170 3678 4224 al-

2116 4290 2134 4322 (
2171 4281 2284 4324 tera
2320 4285 2444 4323 vero
2469 4270 2568 4323 sub
2598 4270 2696 4340 pia:
2751 4271 3024 4322 memoriae
3055 4269 3378 4337 imperatore
3406 4263 3674 4318 Constan-

2115 4381 2133 4412 t
2167 4362 2299 4428 tino,
2327 4371 2430 4414 tua:
2458 4359 2882 4414 mansuetudinis
2915 4370 3099 4428 patre;
3151 4363 3216 4414 ad
3246 4367 3465 4428 paterue
3495 4355 3692 4410 decla--’

2113 4472 2132 4504 ι
2165 4451 2392 4507 randum
2481 4451 2602 4504 ﬁdei
2629 4453 2985 4521 mysterium,
3058 4466 3244 4505 sacros
3296 4463 3529 4503 canones
3585 4459 3667 4499 nc—

514 4544 666 4611 θείας
699 4546 925 4615 λήξεως,
956 4548 987 4617 ὴ
1022 4547 1076 4600 δὲ
1113 4549 1203 4600 ἐπὶ
1232 4548 1322 4604 τοῦ
1354 4551 1411 4601 ἐν
1455 4549 1672 4602 εὐσεϐεῖ
1703 4547 1765 4618 τῇ
1813 4551 2002 4625 μνήμῃ

2120 4561 2430 4614 :quaquam
2490 4544 2949 4613 conscripserunt,
3000 4543 3142 4598 sicut
3201 4541 3420 4611 reliquae
3475 4548 3674 4592 sanctae

506 4731 605 4798 τῆς
632 4735 729 4802 σῆς
765 4733 1119 4803 ἡμερότητος,
1157 4735 1216 4787 τὸ
1260 4737 1388 4804 περὶ
1416 4738 1514 4806 τῆς
1540 4737 1774 4801 πίστεως
1801 4751 2000 4807 πατρι-

507 4823 618 4884 κῶς
647 4823 1086 4878 διατοανώσασαι
1148 4828 1466 4902 μυστήριον,
1527 4829 1777 4899 οἰδαμῶς
1822 4831 1998 4900 ἱεροὺς

504 4917 738 4977 κανένας
787 4917 1132 4986 ἔνέγραψαν³
1184 4913 1434 4990 καθάπερ
1496 4922 1551 4973 αἱ
1606 4922 1790 4974 λοιπαὶ
1844 4923 1996 4991 ἅγιαι

439 5030 456 5053 σ
502 5006 769 5076 τέσσαρες
791 5009 1170 5076 οίκουμενικαὶ
1203 5011 1428 5074 σύνοδοι,
1457 5013 1522 5064 δι’
1545 5007 1618 5066 ὧν
1649 5013 1991 5083 ἀποστήσον-

435 5116 457 5148 σ
499 5111 590 5148 ται
623 5097 748 5167 ’μὲν
785 5101 832 5150 οἱ
866 5099 982 5151 λαοὶ
1027 5101 1123 5169 τῆς
1175 5101 1410 5172 χείρονος
1457 5106 1549 5156 καὶ
1605 5104 1994 5176 ταπεινοτέρας

435 5209 453 5238 ε
498 5188 799 5257 διαγωγῆς,
858 5189 950 5242 ἐπὶ
996 5191 1051 5243 δὲ
1083 5192 1172 5243 τὸν
1200 5193 1484 5262 κρείττονα
1517 5195 1613 5247 καὶ
1662 5196 1994 5268 ὑψηλότερον

432 5299 452 5330 ι
500 5280 840 5348 μεταθῶνται
869 5281 980 5353 βίον
1009 5299 1024 5316 ο
1061 5283 1312 5336 ἐντεῦθέν
1352 5302 1409 5336 τε
1447 5285 1506 5337 τὸ
1537 5285 1687 5350 ἔθνος
1727 5288 1787 5340 τὸ
1818 5289 1990 5355 ἅγιον,

430 5391 451 5419 ι
494 5370 558 5422 τὸ
588 5370 859 5438 βασίλειον
893 5371 1210 5450 ἱεράτευμα,
1237 5372 1378 5442 ὑπὲρ
1421 5367 1481 5427 οὗ
1520 5375 1755 5444 Χριστὸς
1786 5374 1996 5428 ἀσιτέθα⁹

430 5489 447 5518 ι
495 5485 602 5529 νεν,
637 5468 740 5519 ὑπὸ
771 5468 1066 5534 πολλῶνςέξ
1103 5467 1330 5531 ἀταξίας
1381 5467 1568 5521 παθῶν
1611 5469 1990 5538 διασπώμενον

428 5577 449 5608 ι
491 5556 588 5609 καὶ
639 5551 1068 5628 ὑποσυρόμενον,
1106 5558 1199 5610 καὶ
1252 5558 1395 5612 κατὰ
1448 5558 1641 5628 μικρὸν
1693 5559 1792 5628 τῆς
1839 5559 1988 5622 θείας

425 5667 446 5699 ε
490 5647 732 5716 μάνδρας
760 5637 1092 5718 ἀπορραγὲν
1114 5648 1205 5700 καὶ
1236 5648 1551 5718 διατμηθὲν,
1579 5649 1671 5702 καὶ
1706 5651 1769 5720 τῇ
1799 5649 1989 5720 ἀγνοίᾳ

442 4569 458 4594 1

442 4660 459 4687 ‹
507 4638 799 4706 γενομένου
824 4640 979 4708 ἡμῶν
1015 4641 1274 4710 βασιλέως
1301 4643 1731 4711 Κωνσταντίνου,
1766 4646 2003 4715 πατέρος

437 4752 458 4782 1

440 4936 457 4965 ι

338 5773 341 5776 -
423 5758 445 5794 t
486 5741 580 5793 καὶ
607 5739 746 5810 λήθῃ
771 5740 878 5792 τῶν
923 5742 1020 5809 τῆς
1059 5741 1260 5810 ἀρετῆς
1308 5739 1745 5811 κατορθωμάτων
1785 5742 1973 5796 ἀπολι-

488 5926 534 5960 ⁶³
563 5927 795 5989 Philiou.
835 5941 914 5994 ιιι,
955 5929 1044 5987 20.
1125 5934 1170 5966 ⁸⁸
1202 5934 1221 5988 l
1255 5932 1402 5989 Petr.
1437 5950 1496 5998 ιι,
1520 5935 1571 5988 θι

2111 4657 2129 4689 ι
2164 4648 2388 4707 quatuor
2415 4637 2746 4692 universales
2782 4636 2992 4708 synodi,
3035 4651 3128 4704 per
3181 4651 3315 4704 quos
3342 4633 3519 4704 populi
3549 4632 3672 4702 qui-

2109 4729 2632 4784 cdemadeteriore
2699 4739 2752 4782 et
2813 4728 3101 4796 abjectiore
3169 4717 3384 4782 vivendi
3462 4727 3672 4778 ratione

2109 4841 2126 4873 ‹
2155 4822 2426 4888 recedant,
2457 4822 2523 4875 ad
2576 4819 2869 4886 meliorem.
2913 4829 3088 4874 autem
3122 4829 3176 4874 et
3233 4819 3475 4873 altiorem
3507 4817 3670 4870 vitam

2105 4932 2123 4964 ι
2154 4929 2211 4966 se
2247 4914 2526 4967 traducaut
2552 4913 2598 4970 εὶ
2621 4921 2676 4964 et
2723 4925 2788 4964 ex
2832 4910 2935 4964 hoc
2965 4924 3095 4978 gens
3142 4919 3348 4972 sancta,
3380 4903 3557 4975 regale
3586 4920 3670 4958 sa-

2107 5025 2125 5056 ι
2152 5005 2465 5070 cerdotiutn,
2484 5018 2578 5072 pro
2603 5018 2707 5072 quo
2726 5003 2974 5057 Christus
2994 5011 3235 5056 mortuus
3261 4998 3420 5064 est“,
3437 5015 3467 5053 a
3492 4999 3670 5051 multis

2102 5117 2122 5150 ι
2153 5095 2642 5170 perturbationibus
2668 5095 2828 5148 animi
2857 5080 3068 5165 propter
3088 5108 3260 5148 mores
3285 5092 3668 5159 incompositos

2101 5209 2121 5243 ι
2152 5191 2464 5245 distractum
2495 5203 2557 5242 ac
2602 5187 2888 5250 divulsutn,
2927 5199 2984 5242 et
3013 5203 3041 5240 a
3075 5187 3258 5242 divino
3305 5184 3518 5240 stabulo
3548 5197 3668 5252 pro-

2106 5300 2126 5334 ι
2159 5282 2442 5356 pemodu‘m
2499 5280 2785 5349 abruptmu
2845 5290 2901 5334 et
2959 5279 3282 5346 abscissum,
3343 5288 3397 5333 et
3447 5287 3667 5350 propter

2105 5394 2123 5426 ι
2155 5359 2517 5443 ignorantiam
2555 5388 2617 5426 ac
2646 5373 2971 5434 oblivionem
3006 5389 3034 5428 a
3070 5373 3229 5427 bonis
3266 5381 3318 5425 et
3351 5388 3415 5426 ex
3466 5371 3666 5446 virtute

2095 5488 2114 5522 ι
2146 5469 2298 5523 factis
2324 5469 2645 5538 prolapsum,
2673 5477 2726 5522 et
2746 5467 2838 5521 Dei
2868 5466 3023 5532 Filio,
3045 5477 3104 5521 ut
3131 5465 3417 5534 apostolice
3450 5465 3659 5544 loquar,

2097 5559 2486 5624 «conculcata,
2555 5560 2869 5627 sanguinem
2927 5573 3140 5626 quoque
3197 5556 3552 5618 testamenti,
3607 5555 3660 5608 iu

2099 5665 2255 5719 «quo
2300 5657 2377 5704 est
2435 5648 2852 5709 sanctificatum,
2920 5661 3258 5702 communem
3314 5645 3659 5709 arbitratum,

2085 5773 2110 5810 ι
2137 5743 2368 5814 Spiritus
2395 5742 2622 5812 gratiam
2645 5741 2970 5810 contumelia
2998 5737 3197 5794 aﬂ‘ecit.
3234 5735 3407 5805 Hanc,
3467 5745 3658 5810 utpote
