4078 6452
378 376 488 481 507

1627 422 1903 483 TIIEOD.
1947 422 2343 510 BALSAMON

3496 423 3602 487 508

380 553 398 586 ι
430 532 749 601 peculiarem
783 533 1053 603 populum,
1085 537 1363 600 reducere,
1412 539 1584 592 instar
1615 540 1816 591 Christi
1848 539 1935 608 qui

2110 540 2338 607 σθῆσαν,
2388 542 2481 592 καὶ
2526 537 2902 601 ἀποστολικῶς
2960 538 3157 603 εἰπεῖν,
3198 537 3288 591 τὸν
3331 537 3461 591 Υῑδν
3505 540 3601 593 τοῦ

380 641 400 675 ι
435 634 703 678 errantem
765 622 816 677 in
855 624 1121 679 montibus
1171 640 1323 679 ovem
1372 627 1566 695 quaerit
1608 626 1671 690 ⁸⁵,
1732 637 1783 681 et
1835 642 1934 681 suo

384 737 401 768 ι
433 716 641 770 stabulo
669 716 975 779 restituere,
1012 724 1067 771 et
1111 720 1360 771 mandata
1414 719 1698 787 divinaque
1735 734 1935 787 praece-

383 828 402 860 c
433 819 542 875 pta,
573 822 667 876 per
689 823 808 878 quae
844 823 875 864 a
907 809 1135 863 mortuis
1178 810 1434 877 operibus
1471 812 1779 865 recedentes
1808 812 1939 866 vivi-

383 922 400 952 ι
437 904 679 966 ﬂcamur,
711 910 769 954 ut
803 915 982 957 servet
1005 904 1329 971 persuadere
1363 904 1516 957 valde
1541 905 1782 970 cupiens,
1816 918 1937 956 om-

382 1014 399 1043 ι
433 993 595 1061 nique
620 991 811 1049 salutis
844 993 1148 1059 provisione
1197 1009 1263 1047 ac
1292 994 1649 1062 perpensione
1679 996 1934 1063 cogitata,

382 1103 400 1133 ι
434 1083 648 1150 Deoque
680 1084 929 1153 quaesito,
964 1094 1023 1137 ut
1054 1074 1167 1138 vult
1198 1086 1247 1139 id
1274 1087 1415 1154 quod
1448 1087 1601 1151 dicit,
1629 1086 1939 1152 Qumreutes

382 1193 399 1223 ι
438 1174 716 1228 Dominum
772 1175 1046 1228 invenient
1098 1177 1460 1244 cognitionem
1514 1192 1635 1230 cum
1688 1177 1939 1245 justitia;
1984 1176 2001 1195 ’

383 1284 401 1318 ‹
437 1268 524 1335 qui
559 1256 734 1321 autem
772 1267 948 1336 ipsum
1007 1279 1154 1322 recte
1184 1256 1467 1337 quierunt,
1522 1270 1795 1325 invenient
1851 1288 1941 1341 pa-

384 1378 401 1407 ι
440 1375 593 1414 cem:
647 1371 702 1413 et
731 1370 969 1413 sanctam
1016 1360 1157 1414 hanc
1200 1370 1253 1415 et
1286 1362 1542 1417 divinitus
1570 1364 1793 1418 electam
1826 1365 1945 1418 uni-

385 1471 402 1501 ι
434 1450 692 1504 versalem
740 1452 999 1517 synodum
1029 1454 1346 1524 congregari
1374 1453 1689 1520 decrevisti,
1727 1465 1784 1510 ut
1813 1458 1944 1511 mul-

388 1561 405 1592 ι
442 1553 614 1597 torum
635 1543 790 1595 simul
809 1546 1184 1612 congressione
1204 1548 1552 1616 unanimique
1569 1550 1944 1615 consensione,

387 1650 405 1679 ι
439 1632 511 1695 id,
541 1634 681 1698 quod
713 1647 908 1702 magno
942 1634 1120 1687 studio
1163 1635 1527 1700 contenditur,
1560 1652 1589 1690 a
1640 1644 1691 1690 te
1724 1647 1865 1692 recte
1894 1650 1947 1692 et

392 1743 410 1772 ι
444 1724 631 1776 ordine
660 1723 952 1792 eiﬁciatur;
980 1726 1073 1779 sed
1122 1734 1177 1779 et
1224 1727 1267 1781 si
1299 1743 1419 1793 qua:
1450 1726 1683 1797 Iudaicae
1715 1730 1796 1783 vel
1827 1746 1949 1797 gen-

386 1831 406 1867 t
435 1815 541 1869 tilis
562 1814 914 1883 improbitatis
939 1816 1175 1885 reliquiae
1193 1827 1399 1871 maturo
1421 1820 1659 1873 veritatis
1683 1819 1949 1875 frumento

2046 647 2065 679 ι
2108 628 2244 681 Θεοῦ
2270 629 2687 699 καταπατῆσαν,
2712 628 2810 682 καὶ
2838 627 2898 681 τὸ
2923 623 3061 698 αἷμα
3096 628 3194 698 τῆς
3228 626 3603 699 διαθήκηςγίν

2045 741 2063 773 ι
2102 714 2147 789 ᾧ
2174 721 2433 793 ἡγιάσθη,
2462 722 2640 776 κοινὸν
2682 722 3053 793 ἡγησάμενον,
3093 722 3191 791 τὴν
3230 721 3325 774 τοῦ
3355 722 3607 791 Πνεύμαδ-

2047 833 2065 867 ι
2104 830 2192 876 τος
2219 812 2408 884 ῦϐρισε
2438 813 2618 884 χάριν.
2664 810 2835 864 Τοῦτο
2868 810 2989 865 λίαν
3020 811 3094 873 ὡς
3127 809 3440 879 περιούσιον
3478 809 3607 863 λαὸν

2045 926 2065 959 ι
2104 908 2529 973 ἐπισυναγαγεῖν
2573 903 2878 975 βουληθεὶς,
2909 906 3137 976 μιμήσει
3169 905 3263 957 τοῦ
3299 904 3359 957 τὸ
3392 902 3608 957 πλανώ-

2045 1014 2065 1047 ι
2110 1011 2271 1064 μενον
2298 994 2568 1065 πρόϐατον
2591 996 2684 1047 ἐπὶ
2706 994 2765 1047 τὸ
2782 994 2907 1064 ὅρος
2935 992 3317 1063 ἐπιζητοῦντος
3347 992 3609 1063 Χριστοῦ,

2047 1104 2066 1138 ι
2110 1088 2205 1141 καὶ
2253 1090 2319 1156 τῇ
2361 1085 2528 1141 αὐτοῦ
2569 1068 3024 1157 ἀποκαταστῆσαι
3057 1086 3221 1157 αὐλῇ,
3276 1086 3369 1139 καὶ
3419 1088 3611 1139 πεῖσαι

2047 1197 2066 1231 ι
2109 1180 2395 1248 φυλάττειν
2442 1181 2541 1243 τὰς
2589 1180 2806 1242 ἐντολάς
2844 1195 2903 1231 τε
2948 1178 3041 1232 καὶ
3086 1179 3155 1232 τὰ
3209 1177 3329 1230 θεῖα
3375 1178 3612 1247 προστά-

2049 1292 2068 1324 ‹
2109 1288 2293 1340 γματα
2341 1272 2407 1326 δι’
2440 1266 2515 1325 ὧν
2565 1273 2673 1324 τῶν
2722 1272 2932 1341 νεκρῶν
2980 1270 3391 1341 ἀποχωροῦντες
3437 1270 3614 1340 ἔργων

2053 1384 2071 1417 ι
2112 1365 2545 1435 ζωοποιούμεθα,
2600 1366 2779 1418 πᾶσάν
2840 1382 2900 1417 τε
2954 1365 3287 1435 περινοήσας
3342 1362 3613 1431 σωτηρίας

2053 1474 2072 1508 ι
2112 1456 2413 1525 διάσκεψιν,
2445 1456 2536 1509 καὶ
2585 1456 2716 1509 Θεὸν
2748 1455 3055 1527 ἐκζητήσας
3102 1455 3245 1508 κατά
3290 1453 3351 1506 τὸ
3405 1453 3611 1519 φάσκον

2052 1570 2071 1603 ‹
2113 1551 2315 1621 ῥητὸν,
2374 1568 2393 1601 ι
2437 1549 2499 1601 Οἱ
2549 1546 2841 1615 ζητοῦντες
2916 1547 3005 1600 τὸν
3067 1546 3272 1615 Κύριον
3321 1544 3617 1613 εὑρήσουσι

2038 1660 2075 1692 λι
2116 1641 2317 1709 γνῶσιν
2351 1640 2489 1708 μετὰ
2517 1638 2869 1707 δικαιοσύνης
2900 1654 2914 1668 ⁸
2946 1640 2994 1691 οἱ
3023 1637 3079 1690 δὲ
3109 1636 3286 1707 ὀρθῶς
3323 1633 3611 1703 ζητοῦντες

2058 1750 2080 1787 ‹
2121 1735 2281 1787 αὐτὸν
2334 1734 2660 1804 εὑρήσουσιν
2704 1733 2924 1803 εἰρήνην
2949 1742 2983 1764 ·”
3011 1750 3028 1782 ι
3069 1730 3168 1798 τὴν
3210 1728 3369 1796 ἁγίαν
3410 1727 3613 1795 ταύτην

2060 1848 2082 1878 ‹
2119 1828 2213 1880 καὶ
2255 1826 2534 1879 θεόλεκτον
2577 1824 2961 1895 οἱκουμενικὴν
2994 1823 3351 1892 ἀθροισθῆναι
3400 1820 3615 1875 σύνοδιν

387 1925 408 1958 ο
441 1907 688 1960 immistaz
712 1906 841 1973 sint,
872 1906 1131 1964 radicitus
1159 1917 1409 1978 tanquam
1432 1910 1614 1964 lolium
1634 1909 1947 1977 evellantur,

2068 1934 2076 1967 l
2120 1915 2346 1986 ὥρισας,
2376 1917 2525 1975 ὅπως
2544 1919 2615 1986 ,τῇ
2643 1914 2751 1967 τῶν
2778 1916 2990 1967 πόλεων
3010 1914 3101 1966 ἐπὶ
3124 1912 3184 1966 τὸ
3209 1912 3341 1983 αὐτὸ
3371 1910 3619 1963 συνελεύ-

389 2017 406 2049 ι
435 2009 490 2052 et
525 2013 658 2067 pura
691 1998 938 2053 Ecclesiae
968 2014 1120 2068 seges
1149 2001 1481 2059 ostendatur.
1540 2000 1640 2054 Ubi
1671 2005 1807 2056 enim
1830 2013 1951 2057 sunt

390 2107 407 2137 ι
438 2089 542 2142 duo
574 2082 653 2142 vel
671 2100 772 2143 tres
808 2089 861 2141 in
896 2091 1104 2143 nomine
1132 2106 1242 2143 meo
1267 2094 1580 2161 congregati,
1617 2092 1723 2145 illic
1752 2110 1868 2147 sum
1898 2094 1952 2148 in

296 2262 301 2269 Ὗ
392 2200 409 2229 ‹
440 2182 607 2235 medio
634 2181 847 2235 illorum
879 2183 948 2246 '°,
980 2182 1154 2251 inquit
1183 2183 1462 2238 Dominus.
1526 2184 1591 2238 Et
1622 2200 1810 2240 rursus
1859 2184 1959 2255 pet’

392 2292 410 2325 ι
440 2271 723 2327 Jeremiam
771 2274 925 2328 nobis
983 2272 1282 2329 clamavit:
1331 2275 1564 2341 Quaerite
1617 2292 1703 2330 me
1739 2277 1791 2331 in
1844 2287 1955 2334 toto

393 2388 411 2416 ι
443 2366 604 2420 corde
630 2374 830 2429 vestro,
858 2376 912 2419 et
933 2367 1201 2435 apparebo
1227 2367 1378 2421 vobis
1408 2369 1474 2421 ".
1504 2367 1800 2439 Propterea
1828 2385 1957 2443 ergo

392 2476 414 2513 4
441 2462 543 2515 tua;
578 2458 791 2527 pietatis
817 2459 965 2528 jussu
1000 2458 1052 2511 in
1092 2461 1194 2513 liae
1222 2459 1313 2513 Dei
1343 2460 1706 2516 observatrice
1738 2470 1792 2516 et
1825 2463 1953 2529 imp.

398 2569 416 2601 ι
448 2553 576 2605 urbe
593 2552 888 2621 congressi,
916 2566 1098 2606 sacros
1130 2566 1363 2606 canones
1386 2553 1725 2621 scripsimus.
1757 2553 1957 2619 Quam-

396 2660 415 2695 ι
446 2641 626 2694 ubrem
670 2652 811 2693 tuam
870 2642 1123 2709 pietatem
1170 2657 1444 2711 rogamus,
1480 2658 1573 2697 eas
1632 2658 1752 2713 qum
1807 2645 1958 2713 prius

399 2751 418 2787 ι
448 2734 501 2787 in
534 2734 634 2786 hac
665 2732 755 2787 Dei
777 2734 1142 2788 observatrice
1174 2734 1394 2787 civitate
1428 2749 1455 2787 a
1488 2737 1828 2805 congregatis
1861 2735 1960 2789 sub

399 2844 419 2878 ι
450 2825 606 2880 bonae
636 2826 910 2881 memoriae
938 2825 1261 2894 imperatore
1310 2834 1494 2881 nostro
1527 2826 1779 2882 Patribus
1803 2828 1961 2883 edita:

401 2938 421 2971 ι
455 2928 604 2986 sunt,
656 2933 818 2975 voces
869 2918 963 2973 tibi
1009 2902 1463 2984 adducentesput
1511 2921 1960 2989 quemadmodum

402 3012 850 3067 «convocationis
910 3011 1123 3080 scriptis
1174 3010 1474 3066 Ecclesiam
1533 3004 1963 3077 honorasti,‘sic

401 3122 420 3154 ι
454 3112 509 3158 et
569 3119 756 3159 eorum
815 3119 933 3169 qua
990 3104 1205 3158 decreta
1261 3112 1385 3157 sunt
1446 3103 1530 3173 pia
1564 3105 1963 3176 subsignatione

2059 2026 2077 2058 ι
2120 2024 2203 2060 σει
2233 2025 2290 2059 τε
2319 2010 2412 2059 καὶ
2445 2008 2725 2076 συμπνοίᾳη
2788 2004 3158 2076 κατορθωθείη
3192 2022 3273 2057 σοι
3308 2005 3388 2066 εἰς
3417 2004 3533 2057 δέον
3559 2003 3625 2059 τὰ

2058 2118 2077 2149 ι
2122 2098 2557 2165 σπουδαζόμενον
2582 2115 2595 2129 ο
2630 2097 2765 2150 ἀλλά
2798 2099 2891 2151 καὶ
2921 2098 2974 2149 εἴ
2996 2115 3047 2151 τι
3078 2096 3329 2165 λείψανον
3376 2096 3617 2163 Ἐλληνι-

2060 2210 2078 2242 ι
2120 2190 2221 2257 κῆς
2271 2191 2303 2259 ἢ
2376 2189 2678 2259 Ἰουδαῖκῆς
2735 2191 3057 2257 σκαιότητος
3087 2188 3164 2257 τῷ
3218 2189 3315 2257 τῆς
3362 2188 3621 2257 ἀληθείας

2062 2298 2079 2330 ι
2119 2278 2312 2349 ὠρίμῳ
2355 2266 2484 2348 σίτῳ
2523 2280 3023 2349 ἐγκαταμέμικται,
3062 2279 3124 2329 ἐκ
3169 2276 3324 2346 ῥίζης
3353 2277 3519 2347 αὐτῆς
3546 2277 3621 2337 ὡς

2063 2390 2080 2423 ι
2121 2370 2359 2435 ζιζάνιον
2389 2370 2606 2441 ἁρθείη,
2642 2372 2733 2424 καὶ
2776 2370 3012 2440 καθαρὸν
3042 2369 3389 2440 ἀποδειχθείη
3422 2369 3485 2422 τὸ
3525 2370 3625 2438 τῆς

2062 2482 2081 2514 ι
2134 2463 2456 2533 Ἔκκλησίας
2499 2463 2667 2532 λήϊον.
2717 2481 2736 2513 ι
2779 2462 2952 2518 Ὅπου
3002 2463 3110 2530 γάρ
3142 2464 3244 2515 είσι
3277 2463 3368 2515 δύο
3409 2462 3440 2532 ἦ
3475 2463 3622 2531 τρεῖς

2063 2572 2082 2605 ι
2126 2555 2450 2624 συνηγμένοι
2475 2555 2529 2605 ὲν
2554 2554 2637 2623 τῷ¹
2670 2553 2786 2623 ὲμῷ
2820 2555 3045 2623 ὀνόματι
3080 2556 3197 2607 ἐκεῖ
3236 2555 3353 2623 εἰμὶ
3384 2556 3440 2604 ὲν
3474 2554 3622 2622 μέσῳ

2066 2663 2085 2695 ι
2126 2645 2325 2709 αὐτῶν,
2364 2663 2381 2694 ι
2449 2646 2481 2712 ἡ
2544 2644 2723 2713 Κυρία
2777 2643 2878 2714 ἔφη
2937 2644 3111 2714 φωνή.
3170 2643 3283 2697 Καὶ
3330 2643 3491 2696 πάλιν
3535 2642 3625 2693 διά

2066 2758 2085 2791 ‹
2134 2738 2402 2809 Ἰερεμίου
2431 2739 2563 2808 ἡμῖν
2606 2738 2983 2809 ἀνακέκραγεν
3016 2754 3030 2769 ο
3071 2756 3089 2789 ι
3144 2735 3520 2807 Ἐκζητήσατέ
3556 2753 3625 2803 με

2066 2850 2085 2883 ι
2127 2833 2186 2884 ὲν
2223 2832 2323 2903 ὅλῃ
2368 2830 2562 2903 καρδίᾳ
2601 2830 2774 2900 ὐμῶν,
2825 2832 2919 2882 καὶ
2976 2828 3348 2899 ὲπιφανοῦμαι
3404 2830 3553 2898 ὑμῖν.
3603 2847 3623 2879 ι

2070 2940 2088 2973 ι
2144 2921 2268 2975 Ἐπὶ⁵
2302 2920 2460 2974 τοῦτο
2501 2921 2681 2973 τοίνυν
2725 2919 2867 2973 κατὰ
2908 2918 3161 2974 κέλευσιν
3198 2919 3296 2985 τῆς
3342 2918 3442 2988 σῆς
3474 2917 3630 2971 εὐσε-

2070 3032 2089 3066 ‹
2132 3013 2285 3076 ϐείας
2323 3012 2667 3074 συνελθόντες
2707 3010 2847 3065 κατὰ
2876 3012 3081 3081 ταύτην
3123 3010 3222 3077 τὴν
3263 3008 3630 3075 θεοςςύλακτον

2069 3126 2087 3156 ι
2135 3105 2227 3159 καὶ
2257 3106 2503 3176 βασιλίδα
2538 3106 2714 3166 πόλιν,
2754 3103 2981 3168 κανόνας
3010 3105 3189 3175 ἱεροὺς
3219 3101 3625 3172 ἀνεγράψαμεν.

352 3276 353 3279 η
402 3216 423 3249 ι
458 3198 616 3253 linem
665 3186 935 3269 obsignes.
988 3199 1250 3255 Dominus
1274 3209 1454 3254 autem
1488 3201 1766 3269 imperium
1817 3213 1962 3256 tuum

2072 3218 2090 3250 ι
2129 3198 2217 3251 Διὸ
2256 3198 2354 3266 τῆς
2396 3197 2496 3266 σῆς
2536 3195 2817 3259 εὐσεϐείας
2851 3195 3106 3266 δεόμεθα,
3137 3194 3235 3257 τὰς
3261 3193 3367 3247 τῶν
3404 3195 3531 3261 πρὶν
3572 3193 3635 3243 ἐν

402 3310 421 3341 ι
451 3291 688 3345 stabiliat
717 3306 780 3346 ac
814 3292 1098 3348 conﬁrmet
1129 3293 1181 3346 in
1209 3306 1341 3362 pace
1372 3307 1436 3347 ac
1458 3292 1687 3362 justltia,
1724 3302 1778 3348 et
1805 3308 1966 3362 gene-

380 3388 423 3431 ἰ
456 3382 722 3436 rationum
754 3384 1192 3453 generationibus
1225 3383 1593 3438 transmittat:
1654 3393 1707 3437 et
1738 3394 1968 3438 terrena:

404 3495 421 3525 ι
457 3490 667 3543 quoque
698 3477 948 3544 potentia:
993 3476 1231 3547 adjiciat,
1282 3488 1340 3532 ut
1369 3479 1531 3533 etiam
1564 3476 1774 3532 ccelesti
1804 3491 1967 3547 regno

407 3588 425 3619 ι
456 3567 675 3623 fruaris.
707 3588 726 3621 ι

2076 3311 2093 3342 ι
2133 3291 2304 3362 ταύτῃ
2329 3292 2394 3360 τῇ
2424 3290 2778 3359 θεοφυλάκτῳ
2823 3289 2978 3343 πόλει
3000 3290 3095 3340 ἐπὶ
3112 3287 3206 3340 τοῦ
3236 3289 3292 3340 ὲν
3324 3285 3538 3339 εὐσεϐεῖ
3562 3286 3630 3353 τῇ

2075 3404 2092 3435 ι
2140 3384 2329 3455 μνήμῃ
2374 3382 2667 3450 γενομένου
2706 3381 2860 3451 ήμῶν
2908 3379 3174 3451 βασιλέως
3218 3378 3635 3449 συναθροισθέν-

2077 3494 2097 3528 ι
2137 3493 2244 3527 των
2276 3476 2537 3545 Πατέρων
2566 3475 2749 3541 φωνάς
2791 3490 2871 3527 σοι
2897 3472 3284 3543 προσάγοντες,
3317 3471 3424 3536 ἵνα,
3448 3469 3637 3539 ὥσπερ

2077 3587 2095 3619 ι
2137 3570 2246 3630 τοῖς
2270 3569 2367 3638 τῆς
2392 3567 2636 3636 κλήσεως
2658 3566 2953 3635 γράμμασι
2981 3566 3076 3637 τὴν
3125 3565 3454 3634 Ἐκκλησίαν
3493 3562 3638 3616 τετί-

407 3691 423 3717 ι
471 3683 684 3736 μηκας,
748 3665 890 3721 οὕτω
972 3665 1068 3720 καὶ
1132 3666 1243 3721 τῶν
1305 3666 1577 3731 δοξάντων
1630 3640 1711 3718 δι’(
1756 3664 1997 3717 εὐσεϐῶν
2038 3664 2300 3735 ’κεραιῶν
2351 3663 2755 3736 ἐπισφραγίσῃς
2802 3661 2864 3714 τὸ
2928 3663 3103 3725 τέλος.
3153 3660 3212 3718 ’0
3291 3661 3350 3715 δὲ
3428 3659 3636 3728 Κύριος

406 3780 424 3811 ι
467 3759 716 3829 στηρίξαι
752 3777 846 3813 σου
873 3757 973 3829 τὴν
1005 3757 1283 3828 βασιλείαν
1340 3759 1398 3811 ὲν
1440 3758 1629 3828 εἰρήνῃ
1686 3758 1779 3812 καὶ
1833 3757 2166 3829 δικαιοσύνῃ,
2224 3757 2318 3811 καὶ
2369 3757 2727 3827 παραπέμψοι
2773 3758 2984 3825 γενεαῖς
3016 3754 3219 3823 γενεῶν
3303 3755 3398 3807 καὶ
3456 3770 3641 3824 προσο

407 3872 425 3903 ι
465 3852 581 3921 θείη
612 3851 689 3923 τῷ
713 3853 1159 3922 ὲπιγείῳίκράτει
1183 3853 1276 3904 καὶ
1299 3850 1396 3917 τῆς
1425 3848 1701 3919 βασιλείας
1727 3850 1825 3920 τῆς
1853 3851 1909 3902 ὲν
1965 3849 2212 3919 οὐρανοῖς
2233 3849 2331 3919 τὴν
2353 3849 2670 3902 ἀπόλαυσιν.
2710 3866 2729 3899 ι

475 3948 669 4002 BALS.
710 3948 789 4003 Ex
820 3946 1068 4018 praesenti
1098 3947 1443 4007 allocutione,
1476 3959 1595 4013 qua:
1626 3947 1692 3998 ad
1738 3946 1971 4013 impera-

409 4049 580 4094 torem
610 4038 994 4104 Justiniauum,
1048 4037 1137 4106 qui
1171 4038 1330 4090 etiam
1350 4037 1697 4107 Ῥινότμητος
1750 4036 1837 4105 (ab
1889 4036 1974 4089 in-

411 4133 527 4187 ciso
554 4120 708 4201 na'so)
741 4132 938 4196 dictus,
972 4128 1152 4185 habita
1181 4139 1299 4190 est.»
1325 4129 1645 4193 ostenditur,
1681 4129 1820 4197 quod
1849 4112 1973 4183 cum

406 4226 524 4280 dua:
556 4223 886 4280 universales
936 4222 1147 4293 synodi,
1199 4221 1384 4291 quinta
1438 4219 1667 4285 scilicet,
1699 4234 1816 4286 quae
1873 4218 1975 4272 fuit

409 4325 668 4388 regnante
705 4330 896 4384 magno
925 4312 1249 4377 Justiniauo,
1276 4322 1330 4367 et
1360 4319 1533 4374 sexta,
1569 4321 1809 4379 tempore
1834 4308 1976 4363 Con-

410 4387 633 4463 stantini
666 4406 943 4478 Pogonati,
984 4421 1089 4460 non
1140 4387 1365 4459 fecerint
1413 4416 1650 4456 canones
1698 4401 1762 4453 ad
1796 4399 1980 4459 Eccle-

410 4500 611 4555 siarum
669 4497 1129 4559 constitutionem,
1174 4496 1410 4565 synodus
1467 4493 1625 4565 154
1671 4492 1785 4544 haec
1835 4488 1979 4543 facta

304 4582 307 4585 i
408 4592 586 4647 estad
621 4573 1057 4660 supplementum
1096 4588 1352 4642 duarnm.
1389 4585 1684 4655 Pmpterea
1712 4582 1854 4637 enim
1882 4596 1982 4635 nec

409 4695 562 4737 sexta
622 4683 838 4751 proprie
904 4680 1235 4742 nominatur,
1294 4674 1389 4731 sed
1450 4675 1742 4742 πενθέκτη,
1799 4673 1851 4726 id
1897 4681 1981 4726 est

2146 3945 2341 3999 ΒΑΛΣ.
2406 3945 2540 3998 Ἀπὸ
2583 3944 2676 3997 τοῦ
2708 3943 2976 4014 παρόντος
3022 3942 3499 4013 προσφωνήματος
3546 3940 3639 3995 τοῦ

2077 4038 2361 4107 γεγονότος
2406 4038 2540 4104 πρὸς
2589 4040 2685 4090 τὸν
2733 4037 2958 4107 βασιλέα
3008 4035 3381 4089 ’1ουστινιανδν
3416 4034 3507 4087 τὸν
3546 4036 3642 4095 καὶ

2088 4130 2445 4200 Ῥινότμητον
2503 4128 2797 4197 λεγόμενον
2862 4128 3198 4197 παρίσταται
3252 4125 3336 4178 ὅτι
3388 4125 3497 4177 τῶν
3548 4123 3642 4176 δύο

2079 4219 2474 4286 οἱκουμενικῶν
2531 4219 2793 4283 συνόδων,
2851 4217 2949 4281 τῆς
3001 4216 3257 4284 πέμπτης
3302 4214 3500 4284 δηλαδὴ
3546 4214 3646 4281 τῆς

2081 4313 2384 4383 γενομένης
2417 4312 2789 4381 βασιλεύοντος
2830 4308 3209 4365 Ἰουστινιανοῦ
3254 4308 3349 4360 τοῦ
3383 4308 3645 4375 μεγάλου,

2082 4406 2179 4458 καὶ
2230 4406 2328 4475 τῆς
2377 4402 2683 4475 ἓκτηςτῆς
2720 4402 3016 4472 γενομένης
3064 4400 3441 4471 βασιλεύοντος
3489 4401 3649 4452 Κων-

2085 4496 2370 4550 σταντίνου
2406 4496 2500 4549 τοῦ
2544 4495 2912 4561 Πωγωνάτου,
2948 4493 3023 4565 μὴ
3064 4491 3381 4562 ποιησασῶν
3418 4491 3651 4553 κανόνας

2082 4590 2162 4651 είς
2188 4588 2517 4642 κατάστασιν
2543 4587 2648 4639 τῶν
2679 4586 3006 4659 ἐκκλησιῶν,
3026 4585 3249 4653 γέγονεν
3277 4583 3410 4653 αῦτη
3446 4585 3478 4651 ή
3514 4583 3643 4635 σύν-

2086 4681 2203 4743 οδος
2260 4681 2339 4742 είς
2381 4662 2769 4747 ἀναπλήρωσιν
2800 4678 2909 4729 τῶν
2939 4677 3051 4730 δύο.
3087 4675 3187 4729 Διὰ
3226 4676 3334 4746 γὰρ
3374 4674 3532 4727 τοῦτο
3557 4676 3653 4726 καὶ

410 4775 761 4841 quiuisexta:
826 4787 949 4825 nam
1002 4771 1147 4840 quod
1201 4770 1403 4837 quintae
1452 4777 1508 4822 et
1555 4776 1723 4821 sextae
1779 4765 1963 4835 synodi

2088 4771 2210 4823 οὐδὲ
2258 4770 2395 4837 ἕκτη
2426 4769 2631 4839 κυρίως
2662 4768 3121 4836 κατονομάζεται,
3154 4767 3291 4820 ἀλλὰ
3322 4765 3596 4835 πενθέκτη
3634 4781 3651 4797 ο

411 4863 597 4917 deerat
655 4861 901 4930 replevit.
934 4860 1028 4914 Est
1050 4867 1230 4911 autem
1262 4857 1423 4910 etiam
1458 4854 1802 4908 universalis.
1861 4851 1979 4905 Etsi

410 4953 555 5005 enim
595 4950 975 5007 Occidentales
1009 4949 1271 5019 episcopi,
1302 4944 1418 5002 Itali
1450 4946 1659 5001 scilicet
1690 4954 1743 5000 et
1777 4943 1982 5007 Latini,

414 5044 483 5097 ab
520 5046 638 5112 ejus
672 5045 858 5115 synodi
910 5043 1161 5098 ranouib.
1198 5052 1501 5113 opportune
1545 5040 1659 5104 icti,
1703 5053 1822 5093 eam
1875 5052 1981 5091 non

413 5155 535 5195 esse
588 5136 952 5191 universalem
1012 5136 1358 5199 institerunt,
1410 5116 1510 5187 nec
1556 5130 1785 5185 Romani
1831 5143 1985 5199 papa:

415 5234 620 5302 legatos
649 5230 701 5284 in
735 5245 795 5285 ea
828 5228 1088 5291 adfuisse,
1124 5244 1187 5284 eo
1223 5228 1365 5299 quod
1397 5227 1467 5289 sit
1509 5226 1613 5279 alia
1644 5233 1797 5277 sexta
1824 5236 1985 5292 syno-

416 5320 544 5377 dus.
578 5334 696 5389 qua:
731 5330 990 5388 regnante
1024 5317 1381 5373 Constantino
1411 5314 1684 5384 Pogonato
1714 5312 1852 5366 facta
1877 5319 1981 5376 est,

418 5421 475 5466 ut
495 5412 766 5474 diximus;
798 5413 933 5466 hanc
964 5421 1140 5464 autem
1175 5409 1333 5479 longo
1362 5417 1487 5475 post
1516 5418 1757 5474 tempore
1789 5404 1983 5457 factam

421 5504 586 5558 fuisse
626 5504 779 5573 jussu
827 5503 1118 5558 Justiniani
1155 5500 1500 5570 ρινοτμήτου,
1539 5498 1591 5551 id
1637 5506 1739 5561 est,
1795 5505 1985 5550 trunco

424 5613 593 5651 naso:
635 5614 732 5666 ego
768 5611 943 5652 tamen
972 5615 1064 5653 eos
1097 5596 1254 5649 audir
1336 5607 1442 5645 non
1476 5591 1706 5660 patiens,
1739 5598 1793 5644 et
1826 5590 1984 5660 hujus

424 5689 757 5745 allocutionis
776 5698 1086 5746 contextum
1105 5676 1283 5757 potius
1310 5683 1626 5752 respiciens,
1657 5694 1711 5736 ct
1734 5682 1986 5751 deinceps

2086 4861 2442 4931 ἀνεπλήρωσε
2478 4861 2583 4929 γὰρ
2613 4860 2673 4911 τὸ
2709 4860 2990 4928 ὑστέρημα
3021 4859 3123 4928 τῆς
3167 4876 3225 4911 τε
3263 4858 3526 4927 πέμπτης
3560 4857 3655 4910 καὶ

2082 4954 2181 5021 τῆς
2214 4952 2378 5021 ἕκτης
2410 4950 2649 5005 συνόδου.
2690 4950 2849 5004 Ἔστι
2878 4950 2935 5003 δὲ
2966 4951 3060 5003 καὶ
3107 4949 3487 5018 οἱκουμενική.
3529 4948 3650 5001 Κᾶν

2086 5041 2194 5110 γὰρ
2227 5041 2276 5093 οἱ
2303 5041 2509 5092 δυτικοὶ
2555 5040 2870 5103 ἐπίσκοποι,
2918 5039 3108 5091 Ἰταλοὶ
3130 5038 3380 5108 δηλονότι
3414 5038 3507 5091 καὶ
3539 5040 3650 5091 Λα-

2084 5134 2244 5197 τῖνοι,
2269 5131 2373 5183 ὐπὸ
2417 5131 2527 5183 τῶν
2556 5130 2798 5182 κανόνων
2833 5130 2933 5198 τῆς
2970 5131 3230 5198 τοιαύτης
3263 5129 3482 5207 συνόδου
3533 5146 3654 5181 και-

2091 5225 2220 5297 ρίως
2288 5223 2649 5292 πληττόμενοι
2704 5222 3194 5290 διενίστανται’μὴ
3258 5219 3399 5273 εἶναι
3452 5221 3655 5288 ταύτην

2087 5315 2490 5384 οίκουμενικὴν,
2518 5314 2648 5385 μηδὲ
2672 5315 3044 5387 τοποτηρητάς
3074 5313 3164 5367 τοῦ
3197 5314 3397 5367 πάππα
3437 5314 3653 5382 Ῥώμης

2089 5411 2147 5462 ὲν
2170 5410 2304 5477 αὐτῇ
2337 5407 2753 5476 παρουσιάζειν,
2782 5407 2871 5460 διὰ
2898 5406 2957 5459 τὸ
2988 5406 3154 5475 ἄλλην
3191 5403 3456 5476 εἶναιτὴν
3490 5407 3655 5474 ἕκτην

2090 5497 2307 5551 σύνοδον
2340 5498 2439 5567 τὴν
2486 5497 2581 5549 ἐπὶ
2628 5496 2725 5565 τῆς
2776 5496 3057 5567 βασιλείας
3098 5497 3509 5549 Κωνσταντίνου
3558 5492 3651 5546 τοῦ

2089 5590 2427 5656 Πωγωνάτου
2457 5590 2781 5657 γενομένην,
2813 5589 2888 5651 ὡς
2925 5586 3165 5657 εἴρηται,
3194 5587 3401 5657 ταύτην
3427 5587 3483 5639 δὲ
3516 5588 3655 5652 μετά

2093 5678 2319 5750 χρόνους
2350 5676 2602 5747 γενέσθαι
2635 5676 2863 5739 πολλοὺς
2900 5677 3042 5731 κατὰ
3075 5677 3324 5733 κέλευσιν
3351 5677 3442 5730 τοῦ
3476 5676 3653 5729 Ῥινο-

499 5872 540 5901 ⁶³
582 5870 710 5924 [κιο.
754 5888 839 5936 xv,
872 5870 924 5924 6.
1003 5871 1047 5901 ⁸⁸
1075 5868 1261 5923 Matth.
1302 5884 1455 5931 xvm,
1484 5868 1574 5921 ‘20.
1644 5867 1685 5900 ⁸⁷
1718 5862 1913 5919 Jcrcm.
1943 5878 2092 5925 ms,
2136 5863 2215 5914 15.
