4078 6402
378 378 479 441 509
1118 405 1125 413 -
1548 378 1627 437 ΙΝ
1660 378 1869 439 CONC.
1915 378 1988 438 ΙΝ

2036 366 2392 442 πολιοί
2530 392 2533 395 δ
3512 380 3614 445 sta

379 500 585 572 τμήτου
652 492 1073 550 Ἵουστινιανοῦ·
1133 493 1247 546 ἀλλ’
1301 496 1411 569 ἐγὼ
1477 494 1550 566 μὴ
1604 496 1933 565 ἀνεχόμενος
1973 522 1989 554 Α

2056 513 2287 554 canones
2323 500 2566 555 dicentes
2601 517 2614 553 :
2660 499 2859 555 Deﬁnit
2888 499 3007 556 hzec
3033 508 3219 555 sancta
3242 509 3296 553 et
3325 498 3614 555 universa-
3645 513 3666 527 θ

379 590 592 655 ᾐκούειν
620 587 899 651 τοιούτων,
932 585 1027 638 καὶ
1073 585 1273 654 μᾶλλον
1315 585 1525 656 βλέπων
1550 586 1647 656 τὴν
1680 587 1819 654 ὑφὴν
1846 586 1939 639 τοῦ

2049 591 2113 645 lis
2143 593 2378 662 synodus
2434 593 2546 647 haec
2597 602 2652 647 et
2690 594 2845 647 bare:
2900 607 3088 647 recens
3137 592 3356 661 quidem
3410 592 3614 657 scripta

380 682 850 759 προστρωνήματος
901 678 1114 745 τούτου,
1165 678 1258 733 καί¹
1309 679 1507 747 ἐφεξῆς
1550 681 1675 742 τοὺς
1709 679 1941 741 κανόνας

2046 680 2451 745 Nomocanona.
2484 693 2541 736 ut
2573 699 2694 753 qum
2742 698 2928 738 eorum
2975 685 3357 752 imperatorum
3410 692 3464 735 et
3512 681 3615 735 Pa-

266 810 284 821 ι
378 780 649 848 λέγοντας,
684 776 959 847 Ὥρισενή
993 773 1119 841 ἁγία
1134 774 1237 829 .καί¹
1257 774 1609 842 οἱκουμενικὴ
1638 772 1775 827 αὖττ·
1812 771 1874 825 σύ

2048 780 2213 835 trum,
2242 772 2333 841 qui
2363 772 2599 843 synodos
2631 784 3012 865 exposuerunt,
3053 773 3478 842 subscriptiones
3506 788 3614 824 non

379 870 507 932 :80;
546 867 671 921 τάδε
709 866 802 918 καὶ
838 863 985 929 τάδε,
1032 864 1100 917 τὰ
1142 863 1241 932 μὲν
1274 863 1551 931 νεόγραφα
1584 865 1938 933 νομοκάνονα,

2053 862 2340 927 baberent,
2373 861 2653 931 praeterii;
2707 860 3009 931 antiquitus
3048 872 3227 915 autent
3269 862 3470 928 scripta
3501 860 3613 914 No-

378 961 449 1021 .b;
487 958 565 1029 μὴ
612 957 807 1027 ἔχοντα
862 957 956 1009 καὶ
999 955 1330 1025 ὑπογραφάς
1367 955 1473 1006 τῶν
1510 954 1819 1025 ἐκθεμένων
1844 954 1942 1015 τὰς

2048 969 2342 1009 mocanona
2367 955 2596 1019 versari,
2650 963 2704 1009 et
2753 969 2820 1008 ex
2874 954 3356 1022 subscriptionihus
3411 955 3612 1014 inveni.

378 1051 627 1111 συνόδους
654 1047 917 1118 βασιλέων
940 1048 1025 1099 καί
1056 1047 1317 1116 Πατέρων
1341 1047 1712 1117 παρέδραμον,
1743 1045 1945 1116 ἐψηλά-

2048 1047 2191 1116 quod
2216 1056 2266 1101 et
2297 1046 2347 1099 in
2378 1047 2480 1101 hac
2511 1045 2735 1116 synodo,
2775 1062 2891 1115 qua!
2926 1047 2977 1099 in
3007 1045 3189 1099 Trullo
3226 1032 3397 1114 magni
3429 1046 3617 1113 palatii

379 1157 527 1211 ,ρησα
572 1140 628 1192 δὲ
663 1138 1050 1207 παλαιόγραφα
1100 1138 1456 1208 νομοκάνονα,
1519 1140 1615 1191 καὶ
1668 1132 1825 1206 εὖρον
1879 1139 1943 1189 ὲκ

2049 1146 2366 1207 congregata
2404 1148 2507 1199 est,
2540 1138 2763 1189 aderant
2811 1136 3061 1190 Basilius'
3093 1137 3309 1205 quidam
3360 1118 3613 1205 Gortyna:

382 1230 486 1283 τῶν
523 1228 861 1299 ὑπογραφῶν
887 1229 968 1281 ὅτι
996 1228 1088 1284 καὶ
1118 1228 1175 1281 ὲν
1203 1230 1267 1299 τῇ
1298 1228 1525 1298 τοιαύτῃ
1554 1229 1756 1294 συνόδῳ
1780 1229 1837 1281 ἐν
1865 1226 1943 1295 τῷ

2049 1229 2224 1283 Cretae
2253 1229 2441 1284 insulae
2470 1228 2783 1297 metropolis
2812 1228 3119 1296 episc0pus,
3154 1236 3210 1280 et
3254 1227 3476 1294 quidam
3509 1226 3615 1282 Ra-

389 1322 635 1395 Γρούλλῳ
662 1323 755 1375 106
789 1321 1069 1391 βασιλικοῦ
1128 1320 1389 1374 παλατίου
1421 1320 1663 1390 συστάσῃ
1688 1318 1946 1388 παρῆσαν

2050 1334 2237 1374 venue).
2289 1320 2601 1389 episcopus.
2638 1319 2807 1374 totius
2839 1319 3029 1390 synodi
3078 1318 3337 1373 Romanae
3369 1308 3615 1373 Ecclesiae

379 1414 656 1478 Βασίλειός
680 1431 761 1475 τις
784 1413 1085 1475 ἐπίσκοπος
1106 1413 1203 1482 τῆς
1225 1412 1522 1482 Γορτινέων
1558 1412 1942 1482 μητροπόλεως

2051 1414 2219 1467 vicem
2247 1422 2524 1483 gerentes;
2578 1422 2632 1465 et
2662 1426 2768 1465 non
2798 1412 2967 1466 solmn
3004 1412 3124 1478 ipsi.
3159 1411 3249 1465 sed
3281 1420 3336 1464 et
3363 1412 3455 1478 qui
3489 1420 3616 1464 tunc

379 1508 478 1574 τῆς
502 1506 667 1575 νήσου
699 1505 947 1573 Κρήτης,
972 1503 1067 1561 καί
1102 1520 1187 1564 τις
1212 1502 1507 1566 ἐπίσκοπος
1547 1502 1831 1570 Ῥαόένης,
1856 1501 1946 1554 τὸν

2052 1513 2206 1558 erant
2237 1519 2384 1573 papae
2423 1504 2603 1572 legati,
2637 1504 3052 1561 Thessalonicm.
3107 1503 3405 1565 Sardauiae,
3452 1501 3616 1555 Hera-

382 1597 542 1650 τόπον
584 1594 873 1665 ὑπέχοντες
930 1594 1111 1662 πάσης
1152 1594 1250 1661 τῆς
1285 1591 1503 1667 συνόδου
1562 1595 1660 1663 τῆς
1716 1593 1943 1661 Ἐκκληα

2052 1596 2180 1649 clem
2213 1595 2265 1649 in
2295 1593 2545 1656 Thracia,
2578 1604 2631 1646 et
2656 1594 2898 1649 Corinthi
2962 1596 3219 1663 episcopi.
3257 1594 3391 1647 Sunt
3437 1607 3613 1669 autem

382 1687 502 1751 σίας
545 1686 784 1755 Ῥώμης,
822 1685 915 1737 καὶ
952 1687 1013 1737 ού
1058 1684 1217 1752 μόνον
1258 1685 1431 1749 αὐτοὶ,
1461 1685 1721 1741 ἀλλὰκαὶ
1753 1686 1801 1737 οἱ
1827 1685 1945 1737 τότε

2052 1687 2236 1763 legati,
2272 1689 2361 1755 qui
2396 1704 2423 1740 a
2455 1687 2592 1742 facie
2616 1687 2887 1748 dicuntur,
2926 1687 3016 1754 qui
3049 1687 3209 1739 etiam
3237 1686 3622 1752 particularetu.

383 1782 529 1844 ὄντες
556 1781 773 1847 λεγάτοι
797 1780 890 1835 τοῦ
922 1781 1142 1842 πάππα,
1167 1780 1194 1831 6
1222 1778 1639 1846 Θεσσαλονίκης,
1676 1779 1703 1830 6
1734 1778 1945 1847 Σαρδη-
1978 1843 1993 1847 _

2006 1826 2011 1847 ζ
2056 1781 2250 1833 habent
2298 1779 2749 1845 iurisdietionem,
2802 1787 2860 1831 ut
2915 1779 3015 1832 hoc
3058 1778 3361 1832 ostenditur
3423 1793 3486 1830 ex
3536 1792 3616 1829 se-

384 1843 521 1933 νίας,
562 1873 589 1925 6
630 1843 954 1933 ὦΗρακλείας
982 1867 1223 1940 Θρᾴκης,
1260 1869 1353 1920 καὶ
1377 1867 1405 1919 6
1435 1843 1723 1935 Κορίνθου.
1767 1843 1947 1934 Λεγά-
1978 1843 1994 1897 1

2012 1848 2221 1927 ι(ειιιιοο
2253 1843 2408 1926 titulo
2451 1871 2587 1925 sexti
2638 1871 2758 1924 libri
2812 1869 3028 1925 Basilic.
3083 1870 3234 1936 Quod
3269 1881 3447 1924 autem
3480 1884 3622 1935 papa,

384 1977 463 2013 τοι
494 1961 549 2013 δέ
584 1962 723 2013 εἰσιν
765 1962 814 2013 οί
851 1963 913 2013 ὲκ
950 1959 1243 2029 προσώπου
1286 1958 1593 2025 λεγόμενοι,
1628 1958 1824 2019 οἵτινες
1853 1960 1946 2011 καὶ

2046 1962 2324 2016 Romanus
2345 1961 2436 2029 jus
2470 1961 2823 2015 ordinationis
2847 1960 2899 2014 in
2932 1962 3131 2015 nostris
3165 1961 3474 2028 regionibus
3507 1976 3615 2013 non

386 2052 621 2124 μερικὴν
648 2052 1012 2106 δικαιοδοσίαν
1038 2051 1242 2121 ἔχουσι,
1281 2049 1462 2113 καθὼς
1502 2050 1659 2105 τοῦτο
1682 2052 1947 2121 παρίστα-

2050 2055 2254 2120 habuit,
2283 2064 2340 2108 ut
2379 2053 2618 2108 nonnulli
2650 2053 3075 2115 hallucinautur,
3108 2054 3351 2117 dicentes
3380 2052 3617 2106 Thessa-

383 2162 473 2196 ται
498 2146 605 2197 ἀπὸ
639 2143 730 2197 106
756 2143 801 2212 β’
821 2144 999 2201 τίτλου
1050 2143 1142 2196 106
1171 2150 1222 2207 ς’
1251 2142 1455 2211 βιϐλίου
1485 2146 1593 2195 τῶν
1624 2142 1945 2197 Βασιλικῶν.

2050 2148 2375 2202 lonicensem
2434 2154 2488 2199 et
2540 2146 2678 2199 allos
2719 2146 2787 2200 ab
2835 2161 2903 2199 eo
2949 2146 3231 2211 ordinari;
3294 2146 3386 2199 sed
3430 2144 3622 2197 habuit

382 2235 510 2288 Ὀτι
541 2237 595 2289 δὲ
623 2239 650 2288 ὁ
676 2238 907 2299 πάπποις
951 2236 1172 2304 Ῥώμης
1203 2236 1300 2289 οὐκ
1330 2232 1439 2306 εἶχε
1483 2236 1689 2289 δίκαιον
1713 2252 1952 2306 χειροτο-

2050 2240 2275 2309 legatos.
2313 2239 2414 2293 hoc
2436 2247 2519 2293 est
2546 2254 2573 2291 a
2609 2220 2766 2300 facie,
2798 2238 2892 2307 qui
2927 2239 3207 2301 interesse,
3239 2238 3456 2303 quando
3482 2252 3616 2301 opus

385 2329 503 2391 νίας
533 2330 611 2392 εἰς
639 2328 738 2398 τὴν
762 2327 1039 2399 ἡμετέραν
1061 2328 1299 2393 ἐνορίαν,
1324 2326 1503 2387 καθώς
1533 2345 1677 2389 τινες
1706 2327 1953 2381 πλανῶν-

2051 2341 2187 2397 erat,
2218 2331 2505 2391 debebant,
2548 2331 2809 2400 probatur
2843 2331 3057 2399 quidem
3100 2340 3250 2384 certe
3297 2339 3349 2382 et
3384 2344 3447 2382 ex
3500 2328 3618 2381 aliis

383 2436 497 2484 ται,
528 2419 774 2488 λέγοντες
829 2421 916 2471 τὸν
969 2418 1366 2486 Θεσσαλονίκης
1423 2420 1517 2470 καὶ
1566 2418 1786 2489 ἑτέρους
1848 2419 1951 2471 ὑπὸ

2054 2424 2260 2485 multis,
2293 2432 2345 2475 et
2374 2423 2514 2492 quod
2549 2423 2843 2489 aliquando
2878 2422 3116 2488 quidem,
3168 2431 3219 2475 ut
3259 2434 3409 2487 papae
3455 2419 3613 2487 legati

385 2512 573 2567 τούτου
607 2511 1042 2583 χειροτονεῖσθαι,
1072 2510 1206 2563 ἀλλὰ
1257 2511 1516 2577 λεγὰτους
1548 2508 1679 2579 εἶχε,
1706 2510 1949 2562 τουτέστι

2053 2516 2305 2568 adessent
2372 2513 2792 2577 Thessalonicae,
2844 2513 3197 2571 Athenarum.
3271 2521 3322 2565 et
3370 2509 3618 2565 Corinthi

384 2607 451 2658 ὲκ
490 2604 803 2674 προσώπου,
834 2605 921 2656 ὅτε
961 2603 1159 2670 δεήσει,
1190 2601 1571 2670 παρουσιάζειν
1602 2600 1911 2669 ὀφείλοντας
1936 2641 1951 2663 ,

2054 2606 2326 2673 episcOpi;
2380 2604 2669 2674 aliquando
2699 2618 2829 2657 vero
2881 2603 3149 2668 Corinthi,
3195 2603 3387 2665 (ΣΙ-ουν,
3438 2600 3617 2654 Patra-

385 2697 723 2764 παρίσταται
757 2695 854 2765 μὲν
880 2694 975 2749 καὶ
1002 2694 1108 2748 ἀπὸ
1135 2694 1311 2748 ἄλλων
1340 2693 1571 2758 πολλῶν,
1605 2695 1739 2754 τέως
1775 2693 1831 2745 δὲ
1862 2693 1955 2746 καὶ

2058 2715 2199 2763 rum,
2262 2698 2527 2751 Ravenna:
2575 2705 2628 2749 et
2680 2695 2899 2760 caeteri;
2948 2708 3339 2757 nonnunquam
3395 2706 3525 2746 vero
3570 2700 3619 2743 et

383 2787 497 2841 ἀπὸ
547 2786 642 2840 τοῦ
687 2786 819 2841 ποτὲ
872 2787 971 2856 μὲν
1009 2786 1084 2848 ὡς
1120 2786 1383 2850 λεγάτους
1425 2782 1812 2854 παρουσιάζειν
1860 2787 1956 2840 τοῦ

2057 2791 2146 2843 alii
2188 2805 2202 2842 :
2235 2798 2297 2841 ut
2320 2786 2663 2841 manifestum
2696 2785 2766 2839 sit
2795 2799 2890 2840 eos
2912 2798 3032 2839 esse
3065 2800 3213 2853 papae
3238 2784 3463 2854 legatos,
3490 2797 3620 2848 ιμιως

385 2881 589 2934 πάππα
616 2880 708 2932 τὸν
738 2879 1155 2949 Θεσσαλονίκης,
1176 2880 1266 2932 τὸν
1317 2879 1574 2949 Ἀθηνῶν,
1605 2880 1696 2931 καὶ
1720 2882 1812 2933 τὸν
1851 2882 1959 2935 Κο-

2058 2882 2251 2953 singuli
2291 2881 2500 2935 illorum
2553 2879 2851 2949 elegerunt,
2898 2893 3005 2932 non
3053 2878 3229 2931 tamen
3282 2893 3404 2930 eum
3433 2876 3535 2930 sub
3564 2889 3622 2928 se

387 2971 598 3041 ρίνθου,
659 2971 788 3024 ποτὲ
834 2972 891 3025 δὲ
946 2972 1040 3024 τὸν
1091 2970 1379 3041 Κορίνθου,
1432 2972 1523 3023 τὸν
1572 2972 1817 3042 Κρήτης,
1867 2973 1959 3027 τὸν

2059 2975 2259 3030 habere
2295 2981 2371 3026 tot
2396 2980 2545 3026 extra
2576 2984 2701 3026 suos
2740 2969 2873 3024 lines
2905 2968 3210 3037 episcopos,
3248 2976 3302 3021 et
3328 2982 3423 3021 eos
3472 2964 3619 3019 ordi-

385 3064 644 3135 Πατρῶν,
704 3064 798 3117 τὸν
864 3064 1163 3131 Ῥαϐένης,
1217 3064 1310 3116 καὶ
1367 3063 1609 3127 ἐτέρους,
1676 3064 1851 3116 ἐνίοτε
1903 3065 1958 3117 δὲ

2059 3081 2209 3123 nare.
2245 3064 2315 3119 Ut
2361 3075 2540 3117 autem
2573 3078 2706 3132 papa
2758 3078 2825 3116 ex
2875 3060 3075 3115 nostris
3118 3059 3276 3114 etiam
3312 3056 3622 3128 regionibus

384 3156 600 3225 ἄλλους.
662 3158 750 3219 Ὠς
796 3151 934 3211 εῖναι
973 3156 1128 3226 δῆλον
1153 3156 1394 3220 ἐκείνους
1425 3151 1564 3208 εἶναι
1614 3155 1705 3208 106
1753 3158 1994 3233 πάππα⁴

2100 3166 2265 3225 egatos
2298 3157 2545 3221 haberet,
2600 3155 2959 3225 excogitatum
2995 3163 3081 3209 est
3123 3160 3344 3222 propter
3376 3151 3475 3205 via:
3506 3149 3623 3203 lon—
3703 3222 3710 3230 ι

383 3248 675 3316 λεγάτους,
731 3246 824 3311 οὒς
881 3249 909 3300 6
961 3247 1085 3301 καθ’
1126 3248 1222 3301 ’ένα
1265 3248 1472 3302 τούτων
1524 3247 1837 3317 ⁴ᾑρετίσατο,
1888 3249 1949 3300 οὐ

2057 3249 2375 3319 gitudinem.
2424 3248 2482 3303 Si
2529 3250 2609 3303 vis
2656 3263 2790 3313 ergo
2837 3249 2902 3301 de
2951 3246 3037 3301 bis
3068 3244 3240 3300 iusius
3272 3243 3477 3304 audire.
3511 3242 3630 3311 lege

387 3341 500 3411 μὴν
563 3341 709 3414 ἔχειν
751 3341 1042 3402 τοσούτους
1101 3341 1428 3410 ὑπερορίους
1479 3343 1813 3403 ἐπισκόπους
1862 3341 1953 3408 ὑφ’

2059 3345 2291 3411 primunt
2343 3358 2371 3396 a
2417 3341 2771 3398 Constantino
2830 3339 3045 3393 Caasare
3116 3336 3335 3405 scripta:
3388 3334 3622 3391 historia

385 3436 603 3497 ἑαυτὸν,
656 3438 749 3489 καὶ
800 3436 1130 3507 χειροτονεῖν
1178 3436 1421 3499 τούτους.
1462 3437 1535 3489 Τὸ
1563 3438 1618 3489 δὲ
1664 3436 1811 3505 ἔχειν
1863 3436 1953 3486 τὸν
2059 3444 2241 3504 caput.

385 3529 626 3582 πάππαν
647 3530 905 3598 λεγάτους
932 3532 1081 3594 τινὰς
1104 3531 1196 3582 καὶ
1221 3531 1328 3583 ἀπὸ
1357 3530 1457 3600 τῆς
1488 3534 1759 3603 ἡμετέρας
1780 3530 1990 3599 ἐνορίας
2047 3530 2315 3599 ἐπενοήθη
2365 3530 2451 3583 διὰ
2496 3531 2559 3582 τὸ
2643 3529 2815 3598 μῆκος
2883 3527 2987 3594 τῆς
3035 3522 3179 3578 ὁδοῦ.
3226 3522 3288 3575 El
3335 3521 3507 3585 θέλεις
3532 3517 3625 3577 06v

385 3619 583 3690 μαθεῖν
633 3623 700 3675 τὰ
744 3624 872 3690 περὶ
920 3622 1115 3674 τούτου
1148 3621 1504 3692 πλατύτερον,
1554 3623 1827 3691 ἀνάγνωθι
1883 3623 1942 3675 τὸ
2001 3622 2219 3692 πρῶτον
2263 3622 2364 3690 τῆς
2425 3622 2577 3692 παρὰ
2664 3619 2758 3673 106
2812 3617 3139 3687 Καισαρὲως
3215 3616 3625 3670 Κωνσταντίνου

385 3716 799 3786 συγγραφείσης
830 3718 1091 3788 ἱστορίας,

436 3808 707 3863 ’ΖΩΝΑΡ.
776 3809 840 3861 Ἦ
906 3809 1090 3880 γραφὴ
1146 3810 1281 3881 αὕτη
1347 3811 1634 3881 προοίμιόν
1692 3814 1809 3863 ἐστι
1857 3812 1956 3879 τῆς

2144 3804 2398 3860 ΖΟΝΑιί.
2441 3804 2575 3858 Sunt
2612 3806 2711 3858 ista
2751 3803 3001 3873 prooemii
3056 3803 3175 3856 loco
3223 3816 3488 3856 canonum
3520 3802 3620 3857 edi.

386 3904 713 3971 συγγραφῆς
739 3901 849 3953 τῶν
878 3901 1141 3964 κανόνων,
1175 3903 1273 3956 καὶ
1300 3903 1436 3971 πρὸς
1469 3902 1695 3971 βασιλέα
1729 3903 1953 3954 Ἰουστι-

2066 3900 2196 3953 tioni
2230 3896 2468 3965 prarlixa,
2499 3897 2692 3963 quibus
2728 3898 2794 3949 ad
2819 3897 3199 3964 imperatorem
3231 3895 3621 3950 Justinianunt.

385 3993 575 4049 νιανὺν
604 3992 696 4045 τὸν
742 3991 1097 4060 Ῥινότμητον
1134 3994 1333 4062 ἐκθτῆς
1364 3993 1583 4045 συνόδου
1628 3993 1958 4063 προσφώνη-

2061 4008 2184 4046 eum
2212 3992 2300 4059 qui
2363 3989 2712 4058 Ῥινότμητος
2736 3990 2909 4043 (Ιίοιιιο
2958 3989 3212 4042 allocutio
3239 3988 3427 4057 synodi
3464 3988 3620 4042 couti-

386 4103 476 4150 σις
506 4086 838 4155 διηγουμένη
871 4086 986 4148 πῶς
1015 4087 1106 4138 καὶ
1148 4086 1234 4139 διὰ
1270 4085 1388 4137 τίνα
1423 4086 1603 4138 αἰτίαν
1644 4087 1676 4154 ἡ
1709 4085 1809 4154 τῆς
1835 4103 1961 4137 συν-

2064 4094 2241 4143 netur,
2300 4081 2571 4150 quomodo
2633 4094 2686 4134 et
2743 4088 2961 4149 propter
2997 4094 3134 4148 quas
3193 4094 3386 4133 causas
3440 4080 3624 4133 eadem

385 4176 509 4231 όδου
555 4174 755 4245 ταύτης
808 4175 1148 4245 συνάθροισις
1177 4176 1369 4243 γέγονε
1413 4174 1651 4228 κελεύσει
1681 4174 1956 4246 βασιλικῇ,

2063 4177 2298 4245 synodus
2341 4174 2494 4243 jussu
2552 4172 2893 4242 imperatoris
2962 4171 3279 4226 convenerit
3325 4171 3621 4237 explicans.

387 4269 486 4322 καὶ
532 4268 612 4321 ὅτι
671 4267 765 4320 δύο
815 4267 1192 4336 οὶκουμενικαὶ
1239 4265 1474 4333 σύνοδοι,
1528 4266 1562 4335 ἦ
1614 4284 1675 4318 τε
1728 4267 1956 4338 πέμπτη

2066 4265 2267 4336 Nempe
2309 4282 2428 4320 eum
2480 4266 2689 4319 duabus
2735 4263 3090 4318 meumenicis
3144 4264 3330 4332 quiuta
3368 4273 3424 4315 et
3476 4271 3625 4314 sexta

387 4358 594 4428 δηλαδὴ
618 4359 710 4412 καὶ
753 4360 787 4428 η
827 4358 985 4425 ἕκτη,
1091 4359 1189 4427 μὲν
1230 4359 1324 4410 ἐπὶ⁵
1370 4358 1468 4428 τῆς
1512 4357 1787 4426 βασιλείας
1829 4358 1957 4411 Ἰου-

2064 4360 2287 4430 synodo,
2340 4373 2570 4429 quarum
2626 4357 2793 4410 altera
2840 4354 3144 4410 Iustiniano
3193 4370 3409 4423 magno,
3462 4356 3623 4407 altera

338 4452 349 4457 “
388 4448 666 4503 στινιανοῦ
702 4449 792 4501 τοῦ
824 4447 1063 4519 μεγάλου
1097 4451 1362 4512 συστᾶσα,
1397 4451 1430 4518 ἡ
1472 4449 1527 4502 δὲ
1577 4449 1948 4518 βασιλεύοντος

2064 4453 2427 4507 Constantino
2474 4451 2750 4521 Pogouato
2804 4449 3097 4505 Justiniani
3151 4448 3506 4521 Rhinotmeti,
3561 4447 3624 4501 ad

390 4543 801 4595 Κωνσταντίνου
833 4540 928 4592 106
970 4540 1329 4607 Πωγωνάτου,
1380 4539 1437 4603 ὃς
1488 4536 1556 4611 ἦν
1612 4541 1792 4612 πατὴρ
1837 4542 1951 4607 106,
1988 4530 2000 4584 1

2013 4531 2219 4616 )(ιιιθιιι
2291 4560 2471 4601 sermo
2502 4555 2605 4609 est,
2672 4556 2822 4613 patre
2890 4545 3187 4610 imperante
3262 4542 3443 4609 habita
3504 4540 3623 4606 fuit,

390 4632 528 4704 πρὸς
559 4631 616 4685 ὃν
642 4634 669 4684 ὀ
698 4632 877 4698 λόγος,
910 4629 1175 4701 βασιλέως
1216 4630 1600 4683 Ἰουστινιανοῦ
1641 4630 1735 4684 106
1779 4633 1951 4684 Ῥινο-

2064 4639 2228 4693 multa
2254 4639 2321 4692 de
2352 4638 2472 4692 ﬁdei
2507 4637 2843 4705 dogmatibus
2868 4636 3090 4704 quaesita
3109 4643 3163 4713 et
3192 4635 3396 4713 sancita
3427 4634 3623 4695 forent,

394 4724 625 4794 τμήτου,
652 4724 781 4794 περὶ
815 4724 1102 4793 δογμάτων
1133 4724 1388 4793 ζητήσεις
1416 4725 1511 4775 καὶ
1535 4723 1748 4794 ψήφους
1770 4725 1956 4793 ἐποιή-

2062 4731 2238 4788 nullos
2271 4740 2446 4785 tamen
2476 4731 2540 4784 ad
2568 4729 2992 4784 ecclesiasticam
3028 4712 3139 4781 rem
3164 4712 3625 4787 constituendam,

393 4834 575 4882 :av10,
607 4818 835 4881 κανόνας
867 4816 946 4880 δὲ,
984 4810 1143 4878 ὼςαί
1182 4816 1554 4884 προλαϐοῦσαι
1589 4817 1817 4878 σύνοδοι,
1858 4819 1956 4870 ούκ

2065 4838 2349 4891 moresque
2377 4822 2667 4876 Christiani
2702 4820 2881 4888 populi
2917 4818 3357 4880 eonfurmandos,
3391 4832 3625 4870 canones

392 4908 641 4971 ἐξέθεντο
683 4909 763 4972 εἰς
826 4908 1166 4962 κατάστασιν
1217 4908 1694 4978 ἐκκλησιαστικὴν,
1750 4909 1958 4971 καὶ.εξς

2065 4914 2481 4981 praecedentium
2512 4912 2757 4965 adinstar
2809 4911 3136 4980 synodorum
3189 4908 3622 4973 promulgarunt.

394 5000 660 5066 ,ὒιρελειαν
685 5000 779 5053 106
813 5003 1004 5053 πιστοῦ
1056 4998 1209 5051 λαοῦ.
1276 5000 1393 5052 Καὶ
1424 5000 1511 5052 διά
1543 4999 1706 5052 τοῦτο
1739 5001 1957 5069 φροντὶς

2064 5004 2201 5061 Hinc
2234 5020 2375 5059 curae
2409 5004 2507 5058 fuit
2543 5004 2852 5072 imperatori
2881 5018 2950 5057 ne
2981 5002 3316 5071 ignoratione
3349 4999 3508 5053 ollieii
3543 4999 3622 5051 sui

398 5090 470 5162 τῷ
526 5092 797 5161 εἰρημένῳ
843 5094 1036 5160 γέγονε
1074 5092 1305 5161 βασιλεῖ,
1356 5092 1444 5143 ἴνα
1484 5092 1558 5160 μὴ
1616 5092 1808 5161 ἀγνοίᾳ
1861 5089 1955 5141 τοῦ

2064 5111 2093 5148 a
2140 5104 2287 5149 recto
2345 5094 2560 5147 virtutis
2617 5094 2832 5147 tramite
2890 5092 3119 5162 populus
3176 5090 3507 5153 deﬂecteret,
3572 5095 3624 5140 et

397 5185 767 5254 προσήκοντος
832 5184 1260 5237 ἀποπλανῶνται
1318 5184 1421 5250 τῆς
1480 5182 1739 5252 ἐναρέτου
1814 5180 1957 5250 ζωῆς

2062 5186 2367 5241 liberiorem
2417 5185 2625 5240 vivendi
2661 5186 2921 5239 rationem
2964 5192 3150 5237 nactus
3178 5183 3230 5236 in
3269 5181 3625 5250 improbitatis

398 5277 442 5327 αἱ
498 5273 637 5333 λαοὶ,
704 5275 800 5326 καὶ
853 5275 988 5347 πρὸς
1044 5274 1336 5342 ἀδιάφορον
1390 5272 1690 5325 ἐκκλίνοιεν
1750 5270 1955 5341 βιοτήν,

2064 5288 2128 5331 ac
2189 5276 2442 5330 vitiorum
2508 5278 2827 5328 barathrum
2917 5272 3188 5342 postremo
3261 5273 3621 5328 delaberetur.

396 5368 489 5418 mi.
549 5367 703 5430 τέλος
757 5369 894 5436 πρὸς
963 5367 1025 5421 τὸ
1082 5368 1182 5438 τῆς
1240 5367 1437 5427 κακίας
1500 5365 1957 5440 κατολισθαίνοιεν

2066 5368 2312 5440 Synodus
2332 5368 2515 5439 itaque
2542 5382 2637 5436 per
2668 5367 2815 5421 illum
2848 5367 3071 5430 indicta,
3102 5367 3156 5419 in
3185 5380 3286 5433 qua
3317 5365 3626 5434 congregati

398 5460 687 5531 βάραθρον.
748 5461 1123 5532 Ἀθροισθῆναι
1162 5461 1257 5514 οὖν
1305 5460 1523 5516 σύνοδον
1576 5438 1765 5529 ὥρισε,
1830 5459 1961 5511 κάν-

2065 5461 2251 5516 Patres
2294 5461 2404 5525 illi,
2445 5460 2606 5514 editis
2641 5460 2957 5522 eanonibus,
2991 5474 3109 5528 qua;
3160 5458 3211 5509 iu
3255 5456 3622 5525 superioribus

400 5556 583 5608 τεῦθεν
612 5556 978 5628 ἡθροίσθησαν
1008 5558 1053 5609 οἱ
1082 5559 1324 5625 Πατέρες
1354 5556 1572 5616 ἐκεῖνοι,
1607 5556 1701 5606 καὶ
1728 5554 1958 5615 κανόνας

2065 5552 2283 5623 synodis
2357 5550 2662 5606 desiderata
2726 5550 2961 5611 fuerant,
3052 5546 3427 5614 expleverunt,
3479 5543 3623 5608 Quos

400 5647 640 5711 ἐξέθεντο
699 5648 760 5700 τὸ
832 5648 1122 5719 ὑστέρημα
1186 5648 1295 5701 τῶν
1355 5646 1659 5715 εἰρημένων
1723 5645 1958 5698 συνόδων

2065 5648 2281 5715 quidem
2330 5632 2566 5698 canones
2624 5644 2690 5697 ab
2726 5644 2827 5696 bac
2881 5641 3084 5712 synodo
3116 5638 3309 5699 editos,
3342 5645 3398 5689 nt
3444 5637 3622 5690 chiro-

400 5739 857 5810 ἀναπληροῦντες.
918 5716 1237 5803 καῖ-τέλος
1285 5740 1429 5804 ἀξιοῖ
1480 5742 1512 5809 ή
1574 5739 1760 5807 γραφὴ
1815 5737 1956 5802 αὕτη

2066 5738 2252 5807 graphi
2311 5738 2394 5791 sui
2461 5739 2782 5790 auctoritate
2861 5733 3165 5791 conﬁrmet.
3234 5746 3409 5799 eoque
3466 5730 3620 5798 quasi

402 5834 485 5884 τὶν
515 5828 755 5886 Βασιλέα
778 5834 844 5886 δι’
881 5833 1091 5893 οἰκείας
1141 5834 1467 5898 ὑπογραφῆς
1513 5832 1808 5894 βεϐαιῶσαι
1834 5832 1960 5893 106;

2066 5831 2220 5893 signo
2251 5830 2543 5892 impressos
2574 5837 2627 5883 et
2656 5827 2892 5881 munitos
2926 5824 3073 5889 velit,
3106 5823 3487 5892 imperatorem
3518 5824 3618 5877 hoc

744 6014 747 6015 7
786 6034 813 6063 κ
