4078 6412
390 252 535 335 ,5η
1001 269 1004 272 ~
1107 334 1112 335 ί
1492 259 1572 316 ΙΝ
1609 259 1778 321 CAN.
1827 259 1852 318 Ι
1897 258 2016 318 cor

2164 258 2224 317 ’Ν
2262 259 2581 322 TRULLO.
3575 268 3680 334 534

507 381 526 413 c
561 361 690 427 ξατο
713 379 728 395 ο
759 363 1010 418 ἐντεῦθεν
1035 367 1130 419 καὶ
1179 357 1336 432 οὗτος
1386 365 1552 434 ἀτελῆ
1597 368 1697 436 τὴν
1732 368 2004 437 σωτηρίαν

2183 385 2200 416 ι
2249 384 2406 423 nans.
2463 369 2582 425 Jam
2636 387 2784 434 vero,
2816 381 2870 426 et
2898 389 3016 441 qum
3051 374 3100 427 ln
3135 372 3486 444 Ephesiorum
3540 381 3673 432 cit-i-

510 475 532 508 ‹
571 457 706 526 ἡμῖν
741 457 994 524 γενέσθαι
1045 457 1512 528 συλλογιζόμενος.
1552 459 1714 512 Ἀλλὰ
1749 460 1854 532 μὴν
1905 461 2000 512 καὶ

509 567 525 598 ι
563 533 712 617 παρὰ
749 549 856 601 τῶν
885 552 942 601 ἐν
982 549 1249 617 Ἐφεσίων
1281 551 1432 603 πόλει
1457 550 1514 603 τὸ
1544 550 1816 622 πρότερον
1861 567 1991 603 συνσ

512 659 529 691 ι
565 639 838 711 αχθέντων
876 641 970 692 ἐπὶ
1005 642 1290 694 Θεοδοσίου
1315 641 1410 694 τοῦ
1432 641 1547 695 υἱοῦ
1587 641 1876 708 Ἀρκαδίου
1907 659 2000 710 γε-

514 755 531 786 (
567 736 796 806 νομένου
851 737 1008 806 ἡμῶν
1058 737 1323 806 βασιλέως
1375 737 1666 792 διακοσίων
1721 737 1998 806 θεοφόρων

515 847 533 878 ‹
570 828 827 898 Πατάρων
856 829 1149 882 ἐκτεθέντα
1183 829 1509 898 διδάγματα,
1551 829 1627 892 ὡς
1660 831 1859 901 κράτος
1893 830 1996 899 tip-

509 939 528 970 ‹
569 921 734 990 ῥαγὲς
758 920 858 988 τῆς
888 921 1187 983 εὐσεϐείας,
1218 922 1706 992 ὲιπσφραγίζομεν,
1745 923 1841 974 ἕνα
1869 922 2000 990 Χρι-

505 1026 523 1059 σ
562 1009 685 1060 στὸν
713 1009 804 1061 τὸν
839 1010 964 1062 Υίδν
993 1011 1085 1062 τοῦ
1131 1012 1266 1064 Θεοῦ
1295 1013 1386 1066 καὶ
1412 1014 1760 1084 σαρκωθέντα
1796 1012 1996 1083 κηρύτ-

515 1117 772 1163 ιτοντες,
821 1102 917 1154 καὶ
980 1103 1078 1172 τὴν
1143 1103 1305 1156 αὐτὸν
1382 1106 1638 1174 ἀσπόρως
1702 1105 1992 1168 τεκοῦσαν,

517 1208 535 1240 α
570 1191 861 1258 ἄχραντον,
892 1192 1274 1260 ἁειπὰρθενον,
1314 1196 1516 1262 κυρίως
1545 1197 1640 1248 καὶ
1682 1197 1820 1249 κατὰ
1869 1197 1997 1263 ἀλή-

511 1302 530 1335 ι
565 1285 717 1337 θειαν
745 1285 1006 1338 Θεοτόκον
1027 1287 1342 1351 δοξάζοντες
1361 1304 1377 1322 ο
1404 1291 1496 1341 καὶ
1527 1290 1628 1359 τὴν
1655 1289 1872 1360 ληρώδη
1904 1290 1996 1342 τοῦ

503 1395 523 1428 ε
565 1378 864 1448 Νεστορίου
902 1379 1192 1449 διαίρεσιν,
1250 1381 1325 1442 ὡς
1400 1383 1794 1460 ἀπῳκισμένην
1847 1383 1995 1448 θείας

506 1490 525 1520 ε
566 1471 761 1542 μοίρας
836 1472 1256 1539 ἁποδιώκοντες,
1329 1473 1614 1542 ἄνθρωπον
1660 1475 1844 1538 tame;
1872 1462 1995 1528 ’καὶ

509 1579 528 1610 ο
568 1561 699 1615 Θεὸν
754 1563 936 1625 ἰδικῶς
979 1565 1068 1616 τὸν
1120 1564 1216 1617 ἕνα
1268 1567 1502 1635 Χριστὸν
1551 1567 1990 1636 δογματίζοντος,

510 1673 527 1704 ι
567 1653 660 1705 καὶ
686 1655 782 1722 τὴν
823 1655 1118 1720 Ἰουδαῖκὴν
1147 1657 1495 1720 ἁνανεοῦντος
1523 1659 1859 1714 δυσσέϐειαν.
1913 1662 1985 1711 Οὐ

511 1762 527 1792 ι
575 1746 681 1811 μὴν
717 1744 851 1795 ἀλλὰ
886 1747 978 1797 καὶ
1017 1747 1116 1813 τὴν
1151 1747 1206 1798 ἐν
1243 1748 1628 1817 Χαλκηδονέων
1663 1751 1993 1819 μητροπόλει

506 1851 524 1882 ι
559 1835 651 1884 ἐπὶ
679 1837 1000 1906 Μαρκιανοῦ
1035 1838 1130 1889 καὶ
1160 1838 1326 1890 αὐτοῦ
1369 1839 1664 1909 γενομένου
1697 1840 1854 1910 ἡμῶν
1897 1841 1995 1911 βα-

519 1942 537 1974 (
573 1926 764 1988 σιλέως
819 1927 928 1978 τῶν
978 1927 1274 1991 ἑξακοσίων
1334 1930 1629 1996 τριάκοντα
1695 1931 1994 2000 θεοκρίτων

505 2034 522 2066 ι
560 2017 817 2086 Πατέρων
874 2019 1408 2090 στηλογραφηθείσᾳν
1460 2022 1640 2074 πίστιν
1698 2022 1993 2092 ὀρθοδόξως

513 2125 532 2158 α
571 2108 984 2178 ὲπικυροῦμενδ
1027 2111 1147 2179 ἥτις
1194 2111 1283 2163 τὸν
1315 2113 1410 2165 ἕνα
1444 2111 1676 2182 Χριστὸν
1727 2114 1816 2167 τὸν
1865 2115 1992 2167 Υίὸν

501 2217 520 2249 ι
552 2200 645 2251 τοῦ
676 2200 812 2253 Θεοῦ
845 2203 907 2254 ἐκ
939 2202 1032 2254 δύο
1063 2204 1383 2256 συντεθέντα
1407 2203 1525 2256 τῶν
1553 2205 1787 2273 φύσεων,
1820 2207 1913 2259 καὶ
1934 2209 1991 2260 ἐν

509 2307 530 2341 ι
564 2289 661 2342 δύο
685 2293 804 2354 ταῖς
833 2291 1022 2354 αὐταῖς
1052 2293 1412 2362 δοξαζόμενον
1483 2295 1694 2364 φύσεσι,
1753 2297 1989 2366 μεγαλοα

509 2399 532 2434 ε
569 2381 762 2449 φὼνως
795 2385 906 2444 τοῖς
939 2383 1141 2454 πέρασι
1188 2387 1562 2455 παραδέδωκε,
1621 2388 1713 2440 καὶ
1748 2388 1990 2457 Εὐτυχέα

507 2492 526 2524 ι
561 2474 654 2526 τὸν
685 2477 1079 2544 ματαιόφρονα,
1111 2479 1201 2531 τὸν
1227 2478 1444 2547 δοκήσει
1482 2479 1541 2532 τὸ
1571 2480 1714 2548 μέγα
1769 2484 1869 2550 τῆς
1913 2481 1992 2533 oi-

497 2581 526 2620 α
556 2569 815 2636 κονομίας
851 2571 1144 2641 μυστήρ.ι.ν
1203 2569 1520 2638 τελεσθῆναι
1552 2572 1988 2641 ἀποφηνάμενον,

506 2681 526 2713 ι
560 2663 633 2722 ὡς
659 2664 1026 2733 ἀποτρόπαιόν
1055 2683 1106 2718 τι
1137 2669 1230 2720 καὶ
1285 2666 1502 2734 μίασμα
1553 2665 1660 2718 τῶν
1697 2667 1859 2736 ἱερῶν
1889 2668 1991 2736 τῆς

500 2772 519 2804 σ
570 2753 898 2826 Ἐκκλησίας
929 2756 1229 2825 περιϐόλων
1272 2753 1557 2826 ἐξήλασεν.
1585 2757 1690 2810 Σὺν
1733 2757 1883 2827 αὐτῷ
1933 2758 1991 2811 δὲ

509 2867 529 2898 ι
565 2851 659 2899 καὶ
691 2849 986 2916 Νεστόριον
1016 2850 1107 2898 καὶ
1139 2849 1426 2918 Διόσκορον
1449 2890 1462 2910 ,
1497 2849 1588 2902 τὸν
1618 2851 1715 2917 μὲν
1737 2851 1833 2919 τῆς
1858 2849 1993 2902 διαι-

1045 2939 1071 2950 ο

498 2959 517 2990 ‹
560 2939 782 3007 ρέσεως,
813 2939 905 2991 τὸν
929 2939 984 2991 δὲ
1011 2939 1106 3006 τῆς
1133 2939 1448 3007 συγχύσεως
1494 2929 1902 3011 ὑπερασπιστήν
1930 2959 1991 2996 τε

495 3050 514 3081 α
554 3032 645 3083 καὶ
676 3033 984 3100 πρόμαχον,
1031 3034 1161 3093 τοὺς
1187 3035 1252 3084 ἐκ
1285 3032 1576 3102 διαμέτρου
1601 3036 1699 3101 τῆς
1730 3033 1986 3097 ἀσεϐείας
2009 3036 2056 3099 C

498 3141 518 3173 ι
555 3123 688 3192 πρὸς
724 3123 780 3174 ἓν
809 3122 1237 3185 ἐκπεπτωκότας
1277 3123 1551 3184 ἀπωλείας
1581 3125 1674 3174 καὶ
1704 3123 1991 3192 ἀθεότητος

503 3229 524 3263 ο
565 3211 858 3281 βάραθρον.
900 3211 1061 3265 Ἀλλά
1087 3228 1146 3278 γε
1167 3212 1262 3264 καὶ
1290 3210 1388 3274 τὰς
1407 3212 1647 3273 εὐσεϐεῖς
1676 3213 1856 3280 φωνὰς
1885 3212 1991 3265 τῶν

503 3321 524 3355 α
556 3301 1046 3371 ἑκατὸνιὲξήκοντα
1072 3303 1233 3354 πέντε
1267 3303 1539 3372 θεοφόρων
1565 3303 1848 3373 Πατέρων,
1880 3305 1988 3356 τῶν

488 3413 507 3446 ί
547 3394 686 3447 κατὰ
760 3397 961 3462 ταύτην
1022 3395 1120 3460 τὴν
1197 3393 1440 3464 βασιλίδα
1502 3397 1988 3465 συναγηγερμένων

496 3507 514 3537 ε
555 3486 713 3538 πόλιν
745 3486 837 3538 ἐπὶ
879 3486 1257 3538 ’Ῑουστινιανοῦ
1301 3485 1394 3538 τοῦ
1456 3487 1556 3555 τῆς
1601 3486 1856 3547 εὐσεϐοῦς
1892 3487 1986 3556 λή-

494 3599 512 3631 ‹
549 3579 685 3643 ξεως
731 3578 1022 3647 γενομένου
1060 3579 1218 3647 ἡμῶν
1274 3577 1558 3647 βασιλέως,
1612 3579 1686 3642 ὡς
1748 3578 1850 3630 ὐπὸ
1891 3578 1984 3631 τοῦ

499 3692 520 3726 ι
561 3671 874 3740 Πνεύματος
925 3671 1295 3740 ὲξενεχθείσας
1324 3670 1688 3740 γινώσκομεν,
1724 3672 1817 3724 καὶ
1860 3673 1985 3733 τοὺς

493 3783 512 3815 ‹
552 3743 670 3833 μεθ’
707 3762 852 3830 ἡμᾶς
873 3761 1283 3829 ὲκδιδάσκομεν.
1325 3760 1389 3814 Οἳ
1416 3760 1686 3830 Θεόδωρον
1734 3761 1822 3812 τὸν
1869 3761 1980 3812 Μο-

491 3877 511 3910 σ
552 3855 863 3925 ψουεστίας.
895 3852 983 3906 τὸν
1030 3853 1328 3923 Νεστορίου
1379 3851 1721 3916 διδάσκαλον,
1768 3851 1982 3921 Ὠριγέο

492 3966 511 4000 ‹
553 3961 650 4015 νην
673 3962 731 3998 τε
757 3947 853 3999 καὶ
878 3943 1104 4012 Δίδυμον
1135 3945 1232 3994 καὶ
1257 3943 1546 4013 Εὐάγριον,
1577 3943 1700 4004 τοὺς
1727 3941 1825 4004 τὰς
1857 3941 1984 3994 Ἔλ-

494 4058 515 4092 σ
549 4037 772 4108 ληνικὰς
797 4035 1277 4104 ἀναπλασαμένους
1307 4033 1649 4105 μυθοποιίας,
1677 4034 1771 4085 καὶ
1799 4033 1982 4102 σωμάο

489 4152 652 4201 «των
671 4134 831 4189 τινῶν
867 4131 968 4185 καὶ
999 4128 1184 4199 ψυχῶν
1210 4129 1340 4197 ἡμῖν
1393 4126 1681 4197 περιόδους
1734 4125 1828 4178 καὶ
1885 4126 1980 4179 ἁλ-

497 4246 518 4280 ‹
547 4226 794 4288 λοιώσεις
828 4221 1330 4292 ἀναπεμπάσαντας
1376 4220 1497 4280 ταῖς
1538 4217 1633 4271 τοῦ
1665 4217 1758 4270 νοῦ
1799 4235 1976 4288 παρα-

389 4363 398 4370 .
488 4338 512 4371 ς
553 4322 744 4388 φοραῖς
766 4336 824 4371 τε
853 4318 945 4370 καὶ
971 4314 1306 4385 ὀνειρὼξεσι,
1363 4313 1455 4364 καὶ
1487 4311 1568 4374 εἰς
1598 4311 1695 4375 τὴν
1725 4309 1832 4362 τῶν
1886 4327 1976 4363 νε-

494 4432 516 4463 (
559 4410 706 4480 κρῶν
735 4407 1010 4470 δυσσεϐῶς
1066 4405 1573 4476 ἐμπαροινήσαντας
1627 4401 1925 4476 ἀναϐίωσιν
1955 4417 1969 4432 °

492 4523 515 4556 ι
552 4503 622 4556 τά
650 4519 711 4554 τε
742 4501 1025 4570 γραφέντα
1053 4500 1204 4568 παρὰ
1232 4494 1565 4566 Θεοδωρίτρυ
1589 4494 1732 4547 κατὰ
1757 4496 1856 4564 τῆς
1876 4495 1971 4564 ὀρ-

493 4612 515 4646 (
553 4594 652 4661 θῆς
691 4592 928 4652 πίστεως
977 4590 1074 4643 καὶ
1120 4589 1228 4642 τῶν
1278 4586 1486 4640 δώδεκα
1524 4586 1836 4654 κεφαλαίων
1875 4584 1969 4638 τοῦ

479 4704 500 4736 ι
548 4683 821 4755 μακαρίου
853 4681 1146 4752 Κυρίλλου,
1206 4680 1299 4736 καὶ
1349 4679 1446 4752 τὴν
1495 4677 1794 4747 λεγομένην
1851 4676 1970 4731 Ἰϐα

477 4797 499 4829 ι
538 4775 848 4844 επιστολὴν,
876 4771 1168 4834 συνοδικῶς
1195 4769 1593 4839 ἀνεθεμάτισαν
1611 4786 1670 4822 τε
1698 4769 1793 4824 καὶ
1820 4768 1970 4821 ἐϐδε-

486 4887 505 4918 ι
547 4866 810 4930 λύξαντο·
849 4865 944 4917 καὶ
976 4862 1074 4932 τὴν
1123 4860 1229 4913 ὑπὸ
1271 4861 1371 4928 τῆς
1421 4862 1648 4930 ἔναγχος
1690 4861 1972 4932 συναθροι-

498 4977 518 5009 ι
565 4958 781 5027 σθείσης
807 4955 946 5010 κατὰ
969 4952 1171 5022 ταύτην
1189 4951 1286 5022 τὴν
1311 4950 1552 5021 βασιλίδα
1573 4950 1727 5004 πόλιν
1757 4950 1848 5004 ἐπὶ
1874 4951 1967 5004 τοῦ

478 5067 498 5102 ι
535 5049 592 5100 ἐν
619 5047 738 5117 θείᾳ
751 5050 816 5118 τῇ
846 5046 1000 5115 λήξει
1022 5042 1318 5112 γενομένου
1347 5042 1504 5112 ἡμῶν
1531 5041 1793 5110 βασιλέως
1813 5044 1970 5096 Κων-

483 5159 507 5192 c
541 5139 822 5191 σταντίνου
855 5137 1020 5207 ἕκτης
1054 5134 1215 5203 ἁγίας
1255 5133 1473 5186 συνόδου
1503 5133 1706 5195 πίστιν,
1761 5132 1795 5202 ἥ
1848 5147 1966 5201 μει-

484 5249 506 5286 <
546 5231 713 5295 ζόνως
739 5231 800 5282 τὸ
826 5229 993 5302 κῦρος
1045 5225 1282 5290 ἐδέξατο,
1314 5224 1380 5276 δι’
1413 5217 1486 5276 ὧν
1527 5225 1556 5276 ὁ
1592 5221 1820 5294 εὐσεϐὴς
1867 5221 1966 5293 βαι

487 5340 507 5374 ι
551 5317 1024 5389 σιλεύςσφραγῖσι
1058 5317 1181 5383 τοὺς
1212 5313 1412 5383 ταύτης
1455 5314 1654 5382 τόμους
1683 5329 1966 5382 κατησφα-

489 5432 512 5467 ι
553 5413 765 5474 λίσατο,
795 5411 929 5480 πρὸς
945 5411 1044 5481 τὴν
1073 5411 1130 5462 ὲν
1164 5407 1241 5479 τῷ
1271 5406 1432 5460 παντὶ
1462 5405 1616 5458 αίῶνι
1643 5405 1962 5474 ἀσφάλειαν,

480 5525 502 5559 ι
539 5507 635 5558 καί
661 5499 814 5566 αὖθις
842 5500 1210 5572 ὁμολογοῦμεν
1242 5499 1526 5568 φυλάττειν
1557 5498 1966 5568 ἀπαρεγχείρη-

494 5617 515 5650 ‹
553 5614 670 5662 τον,
707 5595 742 5666 ἥ
771 5592 775 5597 ’
803 5595 922 5657 δύο,
946 5593 1181 5666 φυσικὰς
1227 5591 1477 5661 θελήσεις
1515 5589 1631 5660 ἦτοι
1662 5589 1962 5677 Θελήματα,

484 5711 505 5744 ‹
539 5692 634 5744 καὶ
659 5689 751 5745 δύο
777 5689 1011 5757 φυσικὰς
1070 5684 1348 5754 ἐνεργείας
1405 5683 1500 5737 ἐπὶ
1543 5681 1644 5749 τῆς
1701 5681 1965 5751 ὲνσάρκου

1997 4375 2050 4434 D

2178 476 2196 507 ε
2241 465 2348 512 tate
2381 475 2409 512 a
2460 461 2706 515 ducentis
2733 463 2928 516 divinis
2962 461 3217 518 Pati-ibus
3243 465 3342 518 sub
3370 461 3676 519 Theodosio

2179 567 2197 596 ι
2242 550 2457 606 Arcadii
2501 551 2610 605 ﬁlio
2642 553 2964 621 imperatore
2999 563 3183 610 nostro
3228 556 3403 624 primo
3451 545 3674 626 congre-

2178 660 2192 690 ι
2241 643 2379 712 gatis
2415 645 2674 712 expositae
2709 654 2835 698 sunt
2865 645 3149 710 doctrinae,
3189 657 3442 715 tanquam
3472 647 3675 701 infrac-

2175 752 2192 784 ι
2235 742 2345 787 tum
2370 735 2582 803 pietatis
2613 736 2778 790 robur
2804 736 3172 806 obsignamﬂs,
3200 754 3364 791 unum
3394 738 3670 793 Christum

2177 841 2195 874 ι
2240 823 2439 878 Filium
2473 826 2564 880 Dei
2598 837 2651 880 et
2683 827 3024 882 incarnatum
3054 831 3426 898 praedicantes,
3453 841 3526 895 et,
3554 846 3675 898 qua:

2175 931 2194 964 ι
2243 913 2414 980 ipsum
2447 915 2562 967 sine
2611 917 2814 970 semine
2844 917 3074 985 peperit,
3099 919 3429 986 impollutam
3455 933 3671 986 semper

2173 1024 2192 1055 ‹
2239 1002 2513 1074 Virginem
2543 1047 2559 1068 ,
2609 1010 2825 1078 praprie
2873 1019 2925 1063 et
2978 1026 3107 1064 vere
3153 1009 3434 1077 Dciparam
3486 1013 3674 1065 decer-

2177 1115 2195 1146 ‹
2242 1089 2474 1152 n'entese
2520 1098 2752 1168 ineptam
2777 1097 3013 1153 Nestorii
3035 1100 3379 1166 divisionem,
3413 1112 3668 1170 tanquam
3707 1112 3715 1118 '

2173 1205 2191 1238 ι
2246 1202 2276 1242 a
2309 1189 2487 1242 divina
2532 1199 2678 1244 sorte
2708 1197 2991 1256 semotum,
3039 1203 3424 1262 persequentes
3454 1232 3468 1256 ,
3499 1194 3676 1247 homi—

2173 1300 2190 1332 ε
2239 1297 2360 1336 nem
2425 1285 2742 1352 separatim,
2793 1294 2846 1340 et
2902 1285 3072 1340 Deum
3131 1287 3444 1355 separatim,
3504 1303 3666 1341 unum

2175 1387 2193 1419 ι
2237 1368 2509 1425 Christum
2543 1373 2903 1438 decernentis,
2936 1382 2991 1428 et
3023 1374 3351 1442 impietatem
3403 1372 3670 1429 Iudaicam

2172 1479 2189 1510 ε
2241 1463 2573 1517 renovantis.
2610 1462 2913 1529 Quinetiam
2941 1479 3083 1530 eam,
3111 1480 3229 1535 quae
3265 1463 3670 1520 Chalcedonen-

2171 1571 2188 1600 ε
2231 1535 2368 1607 sium
2399 1556 2674 1622 metropoli
2704 1556 2802 1610 sub
2827 1555 3097 1609 Marciano
3127 1596 3143 1620 ,
3199 1558 3292 1627 qui
3335 1557 3435 1610 fuit
3477 1567 3532 1611 et
3559 1559 3671 1626 ipse

2173 1661 2191 1694 (
2230 1646 2526 1713 imperator
2572 1656 2774 1710 noster,
2808 1661 2837 1699 a
2865 1647 2967 1702 6'50
3002 1649 3265 1719 descripta
3304 1659 3386 1702 est
3415 1649 3667 1704 Patribus

2172 1755 2190 1786 ι
2241 1752 2268 1788 a
2325 1735 2433 1790 Deo
2468 1738 2688 1793 delectis
2730 1739 2887 1793 ﬁdem
2921 1741 3222 1794 orthodoxe
3245 1741 3664 1806 conﬁrmamus;

2171 1833 2193 1876 ἰ
2237 1843 2354 1895 quae
2379 1842 2538 1881 unum
2559 1829 3036 1883 ChristumFilium
3059 1829 3174 1896 Dei,
3192 1848 3257 1886 ex
3278 1833 3484 1888 duabus
3509 1843 3669 1886 natu—

2171 1933 2188 1964 ι
2237 1915 2310 1968 ris
2343 1917 2741 1985 compositum,
2793 1927 2844 1972 et
2882 1921 2934 1972 in
2981 1919 3191 1975 duabus
3220 1921 3421 1977 eisdem
3461 1923 3668 1975 naturis

2168 2019 2186 2052 σ
2226 2004 2508 2070 creditum;
2528 2019 2717 2073 magna
2736 2005 3023 2060 ac‘sublimi
3043 2023 3171 2062 voce
3195 2018 3457 2062 terrarum
3474 2007 3668 2062 ﬁnibus

2167 2113 2184 2143 ι
2234 2095 2474 2158 tradidit.
2499 2106 2554 2149 et
2575 2096 2735 2152 stulte
2753 2111 2814 2150 ac
2832 2098 3009 2166 inepte
3027 2100 3342 2158 sentientem
3369 2099 3664 2172 Eutychen,

2165 2201 2184 2232 ι
2232 2186 2320 2253 qui
2338 2200 2588 2255 magnum
2609 2191 2922 2244 meonomia:
2943 2193 3249 2260 mysterium
3269 2193 3663 2246 existimatione

2165 2293 2184 2325 c
2231 2277 2401 2329 solum
2441 2277 2734 2346 perfectum
2776 2295 2898 2336 esse
2941 2284 3182 2352 putabat,
3229 2291 3480 2352 tanquam
3514 2299 3667 2338 aver-

2165 2387 2182 2417 ‹
2231 2369 2448 2423 tendum
2503 2370 2718 2440 aliquod
2754 2383 3084 2442 portentum,
3128 2385 3428 2446 tetramque
3457 2387 3659 2446 pestem

2167 2478 2183 2510 ι
2232 2473 2295 2513 ex
2330 2461 2503 2516 sacris
2550 2463 2804 2518 Ecclesia:
2835 2455 3125 2519 ambitibus
3165 2468 3493 2521 exturbavit.
3542 2468 3662 2524 Una

2169 2569 2187 2600 ‹
2235 2561 2411 2604 autem
2445 2568 2566 2606 cum
2601 2568 2666 2607 eo
2690 2542 2862 2633 etiam
2887 2555 3197 2610 Nestorium
3240 2568 3294 2610 et
3322 2557 3660 2623 Dioscorum,

2166 2661 2183 2692 ‹
2230 2657 2459 2712 quorum
2531 2645 2620 2699 ille
2659 2647 2872 2714 quidem
2906 2649 3212 2716 divisionis,
3250 2651 3334 2704 hic
3370 2666 3494 2705 vero
3519 2667 3657 2706 con-

2168 2754 2187 2786 ε
2225 2735 2459 2791 (usionis
2490 2739 2742 2796 defensor
2768 2749 2885 2794 erat
2907 2751 2959 2796 et
2988 2755 3380 2812 propugnator,
3415 2745 3504 2813 qui
3541 2747 3660 2816 qui-

2168 2847 2187 2879 ‹
2234 2827 2351 2881 dem
2380 2845 2443 2883 ex
2466 2830 2755 2899 impietatis
2772 2833 3038 2886 diametro
3057 2834 3123 2888 ad
3144 2851 3304 2888 unum
3335 2836 3658 2904 perditionis

2165 2937 2186 2968 ‹
2227 2929 2282 2974 et
2307 2920 2597 2988 impietatis
2625 2922 2783 2994 156
2825 2923 3139 2978 barathrum
3194 2926 3524 2980 deciderant.
3552 2924 3658 2982 Sed

2172 3027 2192 3061 ο
2236 3020 2291 3066 et
2325 3012 2427 3065 165
2452 3013 2752 3066 divinorum
2783 3011 3004 3069 Patrum
3034 3016 3086 3068 in
3131 3017 3228 3071 hac
3259 3007 3490 3074 civitate
3525 3021 3658 3089 imp.

2171 3120 2190 3152 ι
2236 3102 2678 3178 congregatarum
2729 3105 2833 3160 sub
2888 3103 3192 3162 Iustiniano
3244 3109 3343 3178 piae
3383 3115 3660 3167 memoriae

2168 3211 2187 3245 ι
2232 3195 2323 3264 qui
2385 3193 2485 3248 fuit
2543 3177 2835 3264 imperator
2889 3208 3096 3262 noster,
3155 3177 3272 3265 plus
3326 3216 3483 3257 voces
3522 3213 3577 3258 et
3624 3221 3653 3256 a

2166 3304 2183 3335 ι
2228 3284 2432 3352 Spiritu
2463 3285 2634 3340 editas
2663 3287 3057 3354 cognoscimus,
3083 3301 3136 3343 et
3172 3301 3415 3358 posteros
3444 3302 3657 3348 nostros

2166 3394 2184 3426 ‹
2229 3377 2504 3431 docemus.
2531 3376 2632 3442 Qui
2667 3375 3006 3432 Theodoram
3037 3379 3394 3449 Mopsuestize,
3420 3383 3652 3440 Nestorii

2161 3485 2179 3517 ε
2226 3467 2564 3535 magistrum,
2589 3477 2642 3520 et
2664 3465 2670 3478 '
2692 3467 2963 3537 Originem
3004 3475 3058 3522 et
3105 3458 3400 3539 Didymum
3430 3484 3484 3526 et
3515 3473 3655 3526 Eva-

2160 3575 2178 3606 ε
2225 3557 2419 3625 grium,
2451 3558 2540 3626 qui
2573 3556 2790 3612 Graecas
2831 3556 3041 3614 fabulas
3073 3575 3258 3614 rursus
3278 3564 3430 3615 ﬁctas
3456 3566 3654 3618 retule-

2165 3666 2183 3699 ι
2235 3657 2380 3712 runt,
2434 3657 2488 3701 et
2530 3662 2813 3716 corporum
2861 3650 3214 3718 quorumdam
3249 3660 3305 3706 et
3349 3653 3650 3709 animarum

2165 3759 2182 3789 ι
2231 3740 2586 3796 circuitiones
2625 3751 2679 3798 et
2731 3743 3132 3797 iunnutationes
3175 3758 3267 3797 seu
3302 3747 3656 3815 transmigra-

2156 3851 2172 3886 ί
2223 3833 2397 3890 tiones
2444 3834 2510 3889 de
2559 3835 2768 3904 integro
2823 3835 2978 3890 nobis
3017 3847 3338 3890 revocarunt
3373 3839 3488 3893 suis
3527 3839 3652 3907 qui-

2153 3943 2171 3974 ε
2217 3925 2444 3979 busdam
2478 3926 2676 3981 mentis
2709 3926 2914 3983 deliriis
2951 3930 3293 3994 ucsomniis,
3329 3941 3382 3985 et
3425 3932 3480 3984 in
3505 3947 3650 3986 mor-

2157 4029 2173 4066 t
2217 4025 2433 4072 tuorum
2468 4019 2918 4075 resurrectionem
2961 4023 3121 4092 impie
3162 4038 3226 4076 ac
3261 4025 3650 4080 contumeliose

2153 4129 2172 4162 ‹
2215 4111 2575 4166 insultarunt:
2618 4121 2672 4165 et
2708 4128 2826 4182 qua:
2864 4127 2895 4168 a
2935 4113 3267 4171 Theodorito
3287 4117 3490 4181 scripta
3523 4130 3647 4172 sunt

2150 4223 2168 4255 ι
2214 4205 2474 4259 adversus
2504 4214 2707 4259 rectam
2730 4207 2888 4259 ﬁdem
2903 4216 2957 4260 et
2978 4207 3044 4260 12
3074 4207 3214 4261 beati
3233 4208 3415 4279 Cyrilli
3443 4210 3644 4278 capita.

2151 4313 2170 4347 ι
2215 4304 2269 4349 et
2299 4309 2437 4359 eam,
2485 4310 2605 4364 quae
2645 4295 2842 4350 dicitur
2872 4296 2996 4362 lbaa,
3042 4298 3346 4367 epistolam,
3390 4303 3647 4373 synodico

2151 4403 2170 4437 (
2217 4385 2740 4440 anathematizarunt
2793 4399 2847 4442 ει
2918 4391 3182 4444 exsecrati
3237 4402 3384 4446 Slilll.
3479 4393 3644 4449 ΡΟΓΙὈ

2153 4495 2171 4552 ς
2217 4487 2385 4532 sextae
2406 4492 2622 4546 quoque
2653 4479 2864 4548 synodi,
2900 4494 3018 4548 quae
3046 4481 3097 4534 in
3134 4482 3236 4537 hac
3267 4485 3484 4540 civitate
3511 4487 3639 4557 imp.

2153 4589 2170 4622 ι
2215 4571 2316 4625 sub
2355 4569 2551 4623 divinae
2599 4571 2872 4624 memoria:
2904 4571 3033 4639 imp.
3065 4581 3246 4627 nostro
3279 4575 3642 4632 Constantino

2152 4680 2169 4713 ι
2211 4676 2385 4732 nuper
2415 4671 2739 4733 congregata
2769 4663 2966 4730 fuerat,
3015 4665 3200 4733 ﬁdem,
3243 4669 3360 4736 qua:
3384 4670 3642 4739 majorem

2151 4773 2169 4804 ι
2216 4755 2524 4810 ﬁrmitatem
2556 4768 2621 4810 ex
2656 4768 2724 4808 eo
2756 4755 2968 4825 accepit
2993 4796 3009 4822 ,
3038 4759 3178 4826 quod
3205 4759 3325 4828 pius
3351 4761 3688 4841 imperatori,

2150 4868 2168 4900 ι
2216 4859 2398 4905 noster
2423 4851 2541 4920 ejus
2572 4849 2872 4906 decisiones
2904 4866 3002 4905 suo
3029 4852 3308 4922 signaculo
3341 4857 3531 4922 munjit
3574 4858 3642 4912 ad

2151 4958 2168 4989 ι
2221 4938 2452 4993 futuram
2500 4938 2552 4991 in
2603 4938 2782 4992 omnia
2821 4938 3019 5004 .sazcula
3065 4932 3433 5007 securitatem,
3473 4942 3645 4997 invio-

2149 5047 2166 5080 ι
2215 5030 2374 5086 latam
2403 5044 2500 5084 nos
2537 5042 2757 5084 servare
2789 5029 3124 5098 proﬁtemur,
3153 5047 3273 5102 qua:
3321 5035 3454 5090 duas
3489 5045 3640 5089 natu-

2149 5143 2166 5172 ι
2214 5122 2354 5176 rales
2381 5121 2664 5176 volitiones
2711 5123 2825 5176 sive
2867 5122 3171 5179 voluntates
3199 5125 3439 5196 duasque
3482 5135 3636 5179 natu-

2146 5233 2165 5265 ι
2214 5211 2352 5267 rales
2395 5213 2739 5281 ope'rationes
2784 5213 2838 5268 in
2885 5215 3164 5270 iucarnata
3213 5217 3372 5273 unius
3417 5218 3635 5273 Domini

2150 5326 2167 5357 ι
2215 5305 2384 5360 nostri
2410 5303 2537 5359 Jcsu
2567 5306 2770 5362 Christi
2801 5307 2914 5362 veri
2945 5289 3384 5364 Dei‘oeconomia
3424 5325 3524 5364 nos
3550 5310 3645 5378 pie.

2145 5419 2162 5451 ι
2207 5397 2413 5465 opinari
2441 5397 2638 5474 debere
2663 5401 2848 5468 aperte
2889 5400 3106 5453 docuit:
3162 5401 3254 5464 iis,
3305 5400 3396 5469 qui
3427 5409 3632 5454 rectum

2147 5511 2166 5545 ‹
2211 5491 2453 5547 veritatis
2511 5490 2786 5550 decretum
2849 5493 3314 5558 adulteraverant,
3369 5500 3422 5548 et
3471 5508 3636 5548 unam

2145 5603 2163 5636 ι
2210 5582 2542 5640 voluntatem
2573 5597 2639 5637 ac
2667 5585 3039 5654 operationem
3089 5599 3248 5643 uuam
3293 5583 3348 5639 in
3391 5581 3633 5639 uno'Do-

2148 5695 2167 5728 ‹
2212 5676 2358 5734 mino
2405 5674 2516 5732 Deo
2563 5686 2748 5734 nostro
2774 5674 2900 5734 Jesu
2931 5676 3151 5732 Christo
3199 5677 3424 5747 populos
3465 5679 3630 5733 docu-
