4078 6392
370 299 467 359 5.7

1414 282 1493 343 IN
1532 281 1694 341 CAX.
1734 280 1759 337 Ι
1797 277 2005 339 CONC.
2050 275 2132 335 IN
2167 273 2485 335 TRULLO.

3506 269 3602 333 δια

372 406 587 460 ΑΙῚΣΤ.
628 425 646 457 1
697 405 763 458 Ἥ
791 404 898 457 τῶν
928 400 1241 456 ἀποστόλων
1280 397 1461 459 πίστις
1488 395 1933 463 ἁκαινοτόμητος.
1972 438 1975 449 .

2081 390 2269 444 .RIST.
2305 410 2322 442 1
2360 390 2738 459 Apostolorum
2780 388 2912 443 ﬁdes
2972 403 3077 441 nou
3129 394 3214 441 est
3280 389 3607 443 innovanda.

377 536 389 557 .
448 519 463 549 1
514 497 579 551 Ἦ
609 497 721 550 τῶν
744 500 801 549 ὲν
827 495 1031 565 Νικαία
1057 493 1377 563 ὁλόκληρος,
1412 491 1447 561 ἢ
1480 490 1541 542 τὸ
1579 489 1789 559 Ἀρείου
1847 486 1930 538 δό-

457 608 475 640 1
517 607 632 657 γμα
684 588 925 659 βαθμοὺς
954 587 1172 653 εἰσάγον
1225 584 1477 655 θεότητος
1517 581 1605 635 διὰ
1630 582 1723 634 τοῦ
1746 581 1942 650 ὁμοου-

454 698 473 730 1
504 676 620 731 σίου
652 678 1008 748 κατέστρεψε.
1051 695 1070 728 ι

382 791 401 823 1
443 771 509 824 Ἤ
532 771 623 824 ἐπὶ
655 750 934 823 Θεοδοσίου
960 768 1053 822 τοῦ
1090 767 1348 838 μεγίστου
1378 765 1591 827 σύνοδος
1622 763 1944 833 ἁπαράτριιο

458 883 475 915 1
513 880 625 927 τος,
655 863 689 933 ἢ
717 862 1073 923 Μακεδόνων,
1098 859 1283 912 δοῦλον
1328 859 1549 911 εἰπόντα
1605 856 1665 908 τὸ
1721 854 1943 923 Πνεῦμα

456 974 474 1007 1
512 955 573 1006 τὸ
613 956 791 1021 ἅγιον,
830 953 1134 1025 καθῄρηκε.
1184 972 1201 1004 ι

385 1067 402 1099 1
443 1049 505 1102 Οἱ
536 1049 625 1099 ἐπὶ
648 1047 742 1098 τοῦ
777 1047 973 1115 μικροῦ
998 1046 1278 1098 Θεοδοσίου
1308 1036 1645 1111 εἰςἘφεσον
1665 1042 1943 1096 συνελθόν-

450 1158 467 1190 1
509 1156 600 1199 τες
661 1138 927 1191 διακόσιοι
971 1138 1354 1192 ἀεισέϐαστοι·
1417 1136 1721 1207 ἄνθρωπον,
1759 1134 1945 1196 ἰδικῶς

458 1250 475 1281 1
513 1233 607 1282 καὶ
633 1231 766 1283 Θεὸν
802 1230 986 1294 ίδικῶς
1026 1232 1118 1282 τὸν
1146 1230 1347 1300 Κύριον
1374 1230 1598 1281 εἰπόντα
1653 1225 1944 1297 Νεστόριον

461 1342 480 1373 1
516 1323 889 1387 ἐξελάσαντες.

386 1428 407 1462 1
447 1411 510 1462 Οί
538 1411 679 1463 κατὰ
704 1410 803 1481 τὴν
819 1411 1139 1482 Χαλκηδόνα
1166 1412 1244 1481 τῷ
1269 1412 1573 1483 Μαρκιανῷ
1603 1411 1947 1476 συνελθόντες

462 1524 480 1555 1
519 1503 866 1573 ἀείμνηστοι,
928 1506 1196 1575 Εὑτυχέα,
1249 1506 1469 1574 δοκήσει
1525 1505 1845 1574 τελεσθῆναι
1888 1504 1949 1557 τὸ

463 1616 481 1649 1
521 1597 664 1667 μέγα
709 1598 1011 1668 μυστήριον
1041 1598 1247 1668 φράσαι
1272 1599 1642 1668 τολμήσαντα,
1696 1598 1949 1651 καθελόν-

461 1710 479 1742 1
519 1708 633 1756 τες,
676 1691 772 1744 καὶ
829 1692 1144 1763 Νεστόριον,
1208 1694 1304 1745 καὶ
1350 1691 1663 1760 Διόσκορον,
1714 1693 1841 1753 τοὺς
1886 1690 1948 1742 ὲκ

462 1798 481 1829 1
512 1779 803 1851 διαμέτρου
848 1782 937 1833 ἴσα
976 1785 1493 1853 παρατηρήσαντας.

390 1978 410 2011 1
451 1960 544 2023 Είς
593 1961 687 2033 τὴν
743 1962 1129 2035 βασιλεύουσαν
1186 1962 1348 2016 πέντε
1394 1966 1486 2017 καὶ
1541 1964 1802 2035 ἐξήκοντα
1856 1968 1953 2019 καὶ

467 2074 484 2105 1
523 2056 736 2116 ἑκατὸν,
793 2056 883 2108 ἐπὶ
948 2054 1320 2109 Ἰουστινιανοῦ
1382 2056 1848 2126 συνεληλύθεισαν,
1904 2058 1954 2112 οἳ

472 2165 490 2198 1
544 2146 827 2216 Ὠριγένην
856 2146 1123 2215 σωμάτων
1164 2146 1257 2198 καὶ
1288 2145 1476 2215 ψυχῶν
1503 2150 1783 2219 περιόδους
1817 2153 1955 2204 ἁποο

468 2259 487 2291 1
528 2240 857 2307 φηνάμενον,
909 2240 1003 2291 καὶ
1039 2238 1379 2308 Θεοδὼρητον
1420 2241 1562 2293 κατὰ
1602 2241 1709 2295 τῶν
1751 2242 1957 2296 δώδεκα

473 2352 489 2383 1
532 2332 846 2399 κεφαλαίων
900 2331 1265 2402 θρασυνθέντα
1324 2334 1631 2402 Κυρίλλου,
1686 2334 1957 2405 ἀνεθεμά-

475 2446 492 2476 (
535 2444 709 2478 τισαν.
770 2486 791 2509 l

401 2536 421 2570 1
461 2519 554 2582 Είς
600 2519 697 2588 τὴν
745 2514 1153 2571 Κωνσταντίνου
1198 2518 1291 2571 ἐπὶ
1332 2519 1734 2585 Κωνσταντίνου
1783 2522 1960 2574 συνεί-

474 2628 494 2661 1
529 2609 715 2662 λεκται
768 2607 1003 2672 σύνοδος,
1045 2609 1079 2680 ἢ
1138 2608 1391 2681 Ὀνώριον
1437 2610 1526 2662 τὸν
1572 2609 1811 2681 Ῥώμης,
1868 2612 1962 2665 καὶ

475 2721 493 2753 1
534 2702 759 2772 Σέργιον
807 2703 1463 2768 Κωνσταντινουπόλεως,
1506 2702 1563 2755 ἓν
1614 2703 1824 2774 θέλημα
1871 2708 1963 2759 καὶ

475 2813 495 2846 1
536 2794 665 2864 μίαν
718 2793 996 2865 ἐνέργειαν
1026 2794 1478 2863 δογματίσαντας,
1512 2795 1901 2865 ἀποϐέϐληκεν.
1939 2816 1959 2847 ι

471 2885 616 2954 Αὕτη
645 2887 676 2954 ἠ
705 2886 918 2948 συνόδος
945 2886 1035 2939 ἐπὶ
1075 2886 1453 2939 ἰουστινιανοῦ
1481 2886 1573 2938 τοῦ
1615 2888 1962 2957 Ῥινοτμήτου

398 2976 872 3047 συναθροισθεῖσα,
927 2977 1020 3031 καὶ
1076 2978 1203 3038 τοὺς
1251 2979 1641 3053 ἁποστολικοῦς
1696 2980 1961 3045 κανόνας,

2118 502 2135 537 1
2182 484 2400 536 Patrum
2439 480 2763 535 Nicenorum
2794 482 2921 533 lides
2960 482 3201 550 perfecta
3225 488 3328 543 est,
3355 493 3475 547 qua:
3497 477 3609 530 Arii

2114 595 2137 626 1
2182 576 2480 630 divinitatis
2561 575 2759 643 gradus
2817 575 3211 631 introducentis
3266 574 3461 645 dogma
3519 584 3616 640 per

2034 686 2039 701 ι
2121 688 2138 720 1
2187 667 2804 723 consubstantialitatem
2832 668 3115 721 subvertit.

2053 780 2071 813 1
2127 762 2377 822 Synodus
2444 759 2546 814 sub
2586 758 2889 813 Theodosio
2918 757 3105 827 Magno
3174 759 3376 823 habita,
3446 755 3617 811 ἰιινὶοι

2118 875 2136 905 1
2180 854 2285 907 lata
2332 863 2569 915 maneat,
2620 867 2738 921 qua:
2780 851 3160 905 Macedonium
3213 857 3301 920 qui
3349 851 3609 921 Spiritum

2115 965 2133 997 1
2180 955 2424 999 sanctum
2451 960 2664 999 servum
2700 960 2820 997 esse
2845 944 3098 1005 asseruit,
3130 944 3392 1011 deposuit.

2052 1054 2070 1087 1
2114 1036 2216 1102 Qui
2247 1036 2347 1089 sub
2402 1035 2709 1089 Theodosio
2763 1034 2951 1088 Minori
2998 1034 3191 1101 Ephesi
3248 1042 3616 1089 convenerunt

2121 1147 2140 1180 1
2187 1128 2399 1183 ducenti
2455 1138 2715 1195 perpetuo
2778 1128 3083 1188 reverendi,
3149 1127 3238 1196 qui
3304 1126 3614 1181 Nestorium

2128 1240 2142 1272 1
2188 1221 2479 1287 separatim
2532 1220 2800 1273 hominem
2858 1227 2911 1272 et
2959 1219 3252 1286 separatim
3307 1218 3469 1273 Deum
3499 1233 3620 1272 csse

2125 1335 2151 1371 1
2185 1312 2471 1365 Dominum
2511 1320 2866 1373 asserentetu,
2898 1310 3267 1376 eXpnlseruut.

2060 1424 2078 1454 1
2120 1405 2222 1471 Qui
2280 1403 2624 1458 Chalcedone
2687 1402 2961 1457 Marciano
2993 1409 3378 1463 conVenernnt,
3420 1408 3621 1455 aeterna

2122 1516 2141 1547 1
2186 1487 2446 1549 memo'ria
2524 1502 2651 1548 sunt
2722 1492 3065 1560 celebrandi,
3149 1494 3239 1561 qui
3317 1490 3622 1562 Eutychen,
3700 1494 3707 1503 '

2122 1605 2141 1640 1
2188 1588 2279 1656 qui
2317 1585 2701 1656 imaginatione
2759 1599 3011 1653 magnum
3067 1583 3251 1651 perlici
3308 1583 3623 1643 mysterium

2128 1698 2146 1731 1
2193 1678 2373 1733 dicere
2402 1693 2568 1732 ausus
2614 1688 2719 1741 est,
2773 1677 3159 1745 deposuerunt,
3214 1684 3270 1730 et
3313 1673 3623 1730 Nestorium

2130 1790 2149 1823 1
2191 1780 2245 1825 et
2313 1770 2631 1825 Dioscorum
2692 1784 2757 1823 ex
2824 1768 3091 1822 diametro
3152 1766 3382 1838 aequalia
3442 1768 3630 1823 obser-

2133 1881 2152 1914 1
2198 1873 2412 1917 vantes.

2059 1955 2215 2026 157
2253 1975 2270 2007 1
2307 1955 2532 2010 Centum
2565 1957 2841 2027 sexaginta
2866 1958 3104 2026 quinque
3136 1956 3187 2009 in
3220 1953 3486 2023 imperiali
3550 1955 3630 2007 εἰει

2134 2068 2152 2101 1
2194 2050 2360 2103 vitate
2391 2050 2493 2103 sub
2526 2046 2833 2103 Justiuiauo
2867 2050 3178 2118 congregati
3218 2056 3367 2115 sunt,
3398 2048 3485 2116 qui
3518 2045 3633 2101 Ori-

2130 2158 2150 2192 1
2188 2142 2530 2210 gettem,iqui
2565 2156 2851 2210 corporum
2896 2143 3311 2211 acoanimarttnt
3367 2142 3625 2193 periodos

2134 2253 2154 2286 1
2193 2238 2443 2298 asseruit,
2466 2245 2522 2288 et
2552 2232 2973 2296 Theodorelum,
3002 2235 3091 2304 qui
3117 2242 3303 2288 contra
3347 2234 3629 2288 duodecim

2136 2346 2153 2377 1
2192 2327 2377 2397 Cyrilli
2418 2328 2591 2395 capita
2632 2342 2752 2382 sese
2804 2325 2998 2382 etIerre
3047 2341 3211 2381 ausus
3263 2335 3383 2391 est,
3411 2325 3634 2379 anathe-

2136 2440 2155 2471 1
2197 2422 2542 2474 tuatizarunt.

2068 2530 2087 2564 1
2126 2510 2591 2579 Constantinopoli
2617 2510 2715 2564 sub
2746 2508 3066 2564 Constantio
3091 2510 3315 2564 collecta
3353 2521 3435 2564 est
3470 2525 3635 2580 syno-

2140 2624 2159 2657 1
2197 2605 2316 2669 dus,
2359 2620 2477 2674 qua:
2508 2603 2804 2657 Honorium
2855 2604 3058 2668 Roma,
3109 2612 3163 2657 et
3214 2604 3459 2673 Sergium
3493 2604 3637 2659 Con-

2148 2715 2166 2748 ι
2204 2695 2587 2764 stantiuopolis
2637 2694 2920 2763 praesulem
2951 2734 2966 2759 ,
3000 2694 3335 2749 voluntatem
3375 2703 3431 2749 et
3475 2709 3635 2749 unam

2143 2808 2161 2842 1
2198 2790 2563 2858 operationem
2591 2788 2963 2857 praedicantes.
3003 2787 3214 2849 reiecit.
3256 2806 3274 2840 ι

2139 2882 2265 2938 Haec
2296 2883 2533 2954 synodus
2576 2882 2676 2936 sub
2700 2880 3003 2935 Jostiniano
3030 2879 3377 2937 Rhinotmeto
3406 2896 3638 2951 congre-

2069 2987 2213 3050 gata,
2253 2988 2308 3031 et
2334 2976 2660 3045 apostolicos
2686 2990 2922 3029 canones
2964 2985 3016 3028 ct
3067 2990 3160 3029 sex
3223 2976 3458 3045 synodos
3491 2989 3642 3029 oscu-

399 3068 500 3120 καὶ
549 3068 646 3131 τὰς
695 3069 1099 3138 προγενομένας
1151 3070 1531 3138 οἱκουμενικὰς
1584 3070 1642 3135 ἒξ
1692 3072 1961 3135 συνόδους,

2081 3072 2331 3135 menicas,
2359 3085 2477 3139 quae
2501 3079 2626 3123 ante
2658 3069 2833 3138 ipsam
2881 3068 3080 3121 habitae
3124 3067 3296 3131 fuere,
3335 3077 3389 3121 et
3430 3079 3636 3134 septem

397 3163 498 3216 καὶ
531 3164 628 3225 τὰς
670 3165 899 3225 τοπικὰς
942 3164 1039 3222 τὰς
1073 3163 1212 3217 ἑπτὰ
1259 3163 1481 3234 βεϐαίας
1522 3166 1703 3235 μένειν
1739 3166 1967 3236 ὁρίσασα

398 3256 494 3306 καὶ
522 3256 982 3325 ἁκαινοτομήτους
1006 3256 1101 3308 καὶ
1123 3257 1556 3327 ἀπαρατρώτους
1581 3260 1966 3327 φυλάττεσθαι,

400 3345 619 3408 ἐξέθετο
642 3347 734 3398 καὶ
757 3347 883 3408 τοὺς
915 3348 1389 3417 ὑποτεταγμένους
1421 3352 1649 3411 κανόνας
1672 3354 1750 3414 είς
1783 3353 1969 3423 ψυχῶν

402 3436 713 3505 θεραπείαν
744 3439 837 3491 καὶ
870 3440 1112 3509 ἰατρείαν
1144 3439 1362 3492 παθῶν·
1394 3442 1487 3494 καὶ
1520 3443 1750 3511 πρώτως
1776 3446 1971 3498 αὐτίκα

399 3528 502 3597 τὴν
518 3531 623 3581 τῶν
644 3530 1010 3582 ἀποστολικῶν
1029 3532 1264 3585 κανόνων
1281 3534 1575 3603 παράδοσιν
1596 3534 1820 3605 βεϐαιοῑο
1844 3537 1975 3589 καθ-

400 3622 533 3689 εξῆς
560 3620 614 3699 δὲ
636 3622 743 3673 τῶν
779 3622 1166 3691 οίκουμενικῶν
1205 3623 1298 3675 καὶ
1323 3624 1560 3677 τοπικῶν
1600 3626 1830 3679 συνόδων
1850 3630 1974 3691 τοὺς

406 3698 587 3783 ἱεροὺς
613 3714 835 3776 κανόνας
867 3714 1271 3783 ὲπισφραγίζει.
1290 3716 1480 3784 Γέγονε
1508 3717 1563 3768 δὲ
1656 3717 1755 3786 μὲν
1781 3719 1973 3790 πρώτη

407 3808 630 3869 σύνοδος
666 3809 722 3858 ὲν
756 3806 959 3876 Νικαίᾳ
988 3808 1079 3858 ἐπὶ
1111 3807 1203 3860 τοῦ
1239 3810 1296 3861 ἐν
1324 3808 1503 3876 ἁγίοις
1534 3809 1795 3879 βασιλέως
1823 3814 1976 3866 Κων-

404 3897 691 3950 σταντίνου
724 3896 816 3949 τοῦ
837 3897 1110 3964 Μεγάλου,
1132 3897 1271 3949 κατὰ
1298 3898 1505 3967 Ἀρείου
1538 3899 1630 3951 τοῦ
1667 3899 1977 3965 δυσσεϐοῦς,

405 3989 632 4057 ὲθνικὴν
673 3988 979 4056 ὲτεροθεῖαν
1005 3986 1115 4054 (52)
1143 3990 1315 4040 εἰπεῖν
1342 3989 1665 4059 οἰκειότερον
1713 3992 1973 4061 δογματί-

408 4097 630 4144 σαντος,
677 4080 771 4133 καὶ
812 4080 904 4133 τὸν
948 4080 1075 4132 Υίὸν
1123 4079 1214 4131 τοῦ
1256 4079 1392 4132 Θεοῦ
1432 4082 1523 4133 τὸν
1568 4082 1772 4153 Κύριον
1822 4084 1979 4153 ἡμῶν

420 4173 636 4240 Ἰησοῦν
676 4172 910 4241 Χριστὸν
956 4171 1048 4223 τὸν
1091 4170 1340 4240 ἀληθινὸν
1385 4171 1515 4226 Θεὸν
1561 4177 1766 4244 κτίσμα
1807 4178 1982 4229 εἰπεῖν

402 4266 803 4333 τολμήσαντος,
838 4264 933 4317 καὶ
962 4267 1059 4332 οὔχ
1087 4264 1374 4332 ὁμοούσιον
1406 4264 1485 4335 τῷ
1514 4264 1632 4335 Θεῷ
1658 4267 1753 4319 καὶ
1785 4269 1976 4336 Πατρί.

449 4350 455 4359 ’
498 4350 562 4407 'H
595 4355 648 4407 δὲ
676 4354 899 4423 δευτέρα
922 4355 977 4403 ὲν
1000 4354 1562 4407 Κωνσταντινουπόλει
1592 4356 1683 4408 ἐπὶ
1714 4356 1981 4425 βασιλέως

2071 3161 2435 3230 provinciales
2460 3160 2641 3213 ﬁrmas
2669 3173 2886 3213 manere
2917 3173 3035 3212 cum
3065 3159 3411 3223 decrevisset,
3436 3173 3641 3228 easque

2073 3269 2173 3307 nec
2205 3254 2490 3307 inuovatas
2513 3267 2611 3306 nec
2636 3253 2955 3320 depravatas
2980 3250 3261 3315 custodiri,
3287 3262 3341 3305 et
3367 3251 3641 3320 subjectos

2073 3360 2315 3400 canones
2350 3345 2415 3399 ad
2452 3346 2646 3398 anima:
2677 3343 2936 3397 medelam
2977 3354 3030 3397 et
3063 3342 3375 3412 passionum
3403 3343 3643 3396 curatio-

2078 3454 2200 3492 nem
2233 3437 2506 3506 exposuit,
2538 3444 2594 3489 et
2622 3434 2886 3503 imprimis
2915 3450 3177 3487 canonum
3221 3434 3643 3504 apostolicorutn

2080 3531 2425 3583 traditionem
2451 3530 2755 3592 conﬁrmat;
2785 3528 3040 3596 deinceps
3068 3540 3250 3581 autem
3280 3543 3465 3582 sacros
3500 3543 3646 3583 mcu-

2082 3624 2415 3677 tuenicornm
2474 3630 2527 3675 et
2565 3621 2976 3690 provincialium
3024 3622 3371 3675 conciliorum
3413 3636 3648 3677 canones

2040 3715 2363 3783 approbat.
2422 3712 2619 3767 Habita
2674 3722 2852 3766 autem
2908 3714 3082 3788 prima
3139 3714 3355 3783 quidem
3413 3715 3648 3785 synodus

2077 3806 2289 3871 Nicaeae,
2321 3807 2422 3860 sub
2456 3808 2799 3872 imperatore,
2832 3808 2921 3861 aui
2961 3806 3103 3860 inter
3124 3816 3342 3861 sanctos
3373 3806 3650 3872 est,£ou-

2080 3901 2314 3954 stautino
2347 3899 2562 3967 Magno,
2600 3907 2787 3951 contra
2823 3898 3045 3965 impium
3080 3899 3301 3963 Arium,
3340 3900 3428 3965 qui
3475 3899 3651 3953 ethni-

2081 4009 2197 4049 catu
2264 3994 2541 4046 numinum
2575 3991 2940 4045 diversitatem
2992 3991 3167 4060 aptius
3221 3990 3363 4060 loqui
3405 4006 3502 4059 pro
3559 3992 3655 4045 do-

2081 4096 2259 4154 gmate
2300 4085 2509 4143 habuit,
2548 4092 2601 4135 et
2630 4082 2720 4135 Dei
2749 4082 2942 4135 Filium
2973 4082 3251 4136 Dominum
3290 4093 3529 4138 nostrum
3562 4083 3655 4138 Je-

2083 4192 2202 4230 sum
2227 4176 2522 4239 Christum,
2558 4191 2743 4228 verum
2782 4174 2969 4237 Deum,
3002 4186 3311 4230 creaturam
3342 4177 3522 4231 dicere
3546 4194 3650 4233 non

2082 4270 2320 4330 erubuit,
2353 4278 2402 4322 et
2436 4268 2545 4322 Deo
2569 4265 2715 4321 Patri
2752 4284 2853 4321 non
2894 4282 3015 4322 esse
3047 4269 3579 4326 consubstantialem.

2163 4361 2407 4415 Secunda
2442 4373 2621 4416 autem
2660 4362 2897 4431 synodus
2931 4361 3110 4415 habita
3143 4372 3225 4415 est
3272 4361 3658 4419 Constantino-

410 4448 700 4503 Θεοδοσίου
741 4448 835 4500 τοῦ
877 4445 1127 4514 Μεγάλου
1153 4447 1290 4499 κατὰ
1327 4447 1657 4530 Μακεδονίου
1692 4451 1786 4503 τοῦ
1811 4454 1975 4505 Πνευ-

2092 4456 2197 4524 poli
2227 4456 2325 4509 sub
2354 4427 3004 4524 imperatore‘Theodosio
3038 4452 3228 4524 Magno
3260 4465 3447 4509 contra
3478 4454 3653 4510 Mace-

413 4543 770 4615 ματομάχου,
804 4541 895 4595 τοῦ
931 4541 990 4594 τὸ
1024 4540 1246 4611 Πνεῦμα
1278 4542 1338 4595 τὸ
1367 4542 1520 4611 ἅγιον
1553 4543 1983 4617 βλασφημήσαν-

418 4656 529 4721 τος,
569 4637 663 4690 καὶ
696 4636 770 4706 μὴ
801 4635 936 4688 Θεὸν
965 4635 1096 4687 αὐτὸ
1128 4630 1267 4687 εἶναι
1301 4635 1552 4703 λέγοντος
1577 4652 1589 4665 ·
1629 4641 1851 4709 προσέτι
1887 4641 1981 4706 δὲ,

413 4732 563 4788 κατὰ
610 4729 1018 4797 Ἀπολλιναρίου
1061 4727 1156 4781 τοῦ
1195 4728 1524 4792 Λαοδικέως,
1565 4732 1656 4783 καὶ
1692 4733 1984 4787 Σαϐελλίου

411 4822 513 4877 τοῦ
536 4821 751 4883 Λίϐυος,
772 4820 881 4872 τῶν
908 4817 1247 4888 φρονούντων
1269 4837 1327 4873 τε
1353 4822 1446 4873 καὶ
1474 4821 1751 4905 λεγόντων
1775 4826 1981 4897 ἄψυχον

412 4912 563 4969 εἶναι
592 4920 683 4964 καὶ
709 4912 867 4964 ἄνουν
898 4909 993 4981 τὴν
1015 4911 1106 4964 τοῦ
1133 4911 1336 4982 Κυρίου
1360 4912 1518 4983 ἡμῶν
1538 4914 1630 4966 καὶ
1653 4914 1787 4967 Θεοῦ
1811 4916 1987 4986 Ἰησοῦ

416 5004 663 5078 Χριστοῦ
700 5003 900 5073 σάρκα.
968 4994 973 5005 “

2094 4549 2316 4625 doniqu
2353 4548 2591 4617 Spiritus
2626 4548 2795 4601 sancti
2828 4547 3103 4601 inimicum
3128 4589 3141 4610 ,
3172 4548 3356 4615 qni-in
3392 4549 3653 4619 Spiritum

2094 4652 2341 4695 sanctum
2393 4640 2553 4709 impia
2602 4639 2843 4709 profudit
2879 4640 3060 4703 verba,
3094 4639 3335 4709 dixitque
3380 4658 3500 4696 eum
3550 4658 3655 4697 non

2093 4749 2215 4789 esse
2254 4733 2461 4797 Deum;
2508 4745 2563 4787 et
2609 4733 2772 4786 etiam
2809 4742 2995 4786 contra
3045 4731 3433 4801 Apollinarium
3468 4731 3662 4788 Laodi-

2095 4842 2230 4890 ceae,
2264 4837 2318 4879 et
2372 4825 2664 4878 Sabellinm
2696 4823 2897 4893 Libyze,
2937 4823 3028 4892 qui
3061 4832 3348 4878 senserunt
3381 4827 3580 4891 pariter
3609 4838 3660 4881 ct

2097 4920 2374 4979 dixerunt,
2415 4917 2531 4970 sine
2566 4916 2741 4969 anima
2772 4926 2827 4969 et
2866 4928 3045 4969 mente
3085 4929 3205 4969 esse
3236 4913 3448 4970 Domini
3492 4921 3661 4973 nostri

2097 5022 2152 5067 et
2180 5011 2270 5064 Dei
2301 5007 2427 5063 Jesu
2454 5007 2655 5062 Christi
2684 5023 2925 5065 carnem.

1658 5100 1848 5163 Guill.
1885 5105 2208 5185 Beveregii
2250 5112 2437 5167 notae.

418 5221 631 5260 manum
648 5205 889 5272 ﬁgmenta
912 5194 1297 5270 répurgantem,
1314 5203 1598 5255 daemonem
1615 5204 1774 5255 etiam
1791 5206 1998 5271 habere,

422 5275 751 5330 catumuioxe
785 5288 1016 5326 asserere
1063 5287 1165 5324 non
1189 5274 1339 5327 veriti
1361 5272 1586 5339 fuerunt,
1611 5281 1659 5324 et
1680 5288 1769 5338 per
1796 5280 1994 5327 (literne-

424 5350 637 5398 niornm
668 5346 950 5409 principem
980 5343 1214 5401 ipsorum
1252 5342 1870 5409 abolerelprincipatum,
1893 5347 1996 5397 sive

422 5419 568 5485 ipso:
591 5419 847 5473 dwmones
861 5422 1102 5481 portenta
1116 5411 1369 5485 ﬁngentes
1388 5413 1610 5485 abigere,
1628 5425 1805 5477 aperto
1823 5420 1993 5484 capite

426 5482 814 5539 asseverarunt.
851 5484 993 5539 Sane
1031 5484 1126 5552 qui
1154 5486 1298 5552 hunc
1324 5482 1554 5548 primum
1604 5486 1794 5551 synodi
1832 5482 1992 5538 Trul-

429 5560 570 5609 taua:
602 5555 881 5608 Canonem
916 5551 1167 5622 perlegit,
1197 5551 1388 5606 Patres
1420 5553 1473 5603 iu
1523 5567 1584 5623 ea
1628 5566 1990 5623 congregatos

428 5640 529 5681 nec
561 5621 1195 5685 Monotbelitarum,nec
1219 5625 1327 5677 alia
1375 5621 1567 5690 quavis
1604 5621 1793 5679 ltmre‘si
1850 5625 1990 5679 inie-

430 5708 550 5750 ctos
575 5696 747 5749 fuisse
772 5691 1144 5763 deprehendet
1171 5711 1186 5748 :
1216 5695 1415 5761 quippe
1473 5692 1567 5760 qui
1630 5693 1792 5748 ﬁdem
1828 5709 1857 5747 a
1896 5711 1992 5750 sex

430 5767 622 5825 primis
669 5764 1069 5820 uuiversatibus
1132 5763 1394 5819 Conc‘iliis
1434 5764 1734 5832 expositam
1785 5780 1881 5820 sua
1907 5766 1994 5821 hic

2109 5207 2397 5261 autoritate
2456 5205 2884 5262 confirmarunt.

2179 5276 2289 5345 (52)
2339 5276 2620 5351 'Eortxa‘tr
2656 5277 3008 5351 ἐξεροθεΐαν.
3062 5282 3159 5336 llic
3214 5280 3419 5351 aliquid
3471 5280 3662 5335 deesse

2104 5348 2627 5418 netuiuemilugiat.
2695 5347 2771 5401 EX
2839 5354 2955 5416 ipso
3015 5364 3199 5405 autem
3266 5347 3491 5405 canonet
3535 5368 3661 5418 sup.

2100 5419 2311 5492 pleatur
2340 5458 2362 5492 ,_
2408 5417 2469 5492 in‘
2516 5418 2658 5472 ltunc
2713 5419 2939 5492 inodqu
2974 5462 2989 5487 ,
3047 5423 3266 5492 ἐθνικὴν
3311 5417 3661 5492 ,ἐτεροθεῗαῂ

2098 5489 2130 5557 ἤ
2206 5488 2543 5561 πολυθεῖαν,
2586 5490 2761 5561 εἰπεῖν
2844 5493 3173 5561 οἰκειότερον
3206 5488 3232 5555 ,’
3302 5491 3664 5557 δογματίσαν-

2098 5575 2211 5629 τος,
2281 5567 2337 5609 ut
2408 5560 2586 5612 versiu
2645 5560 2811 5611 latina
2879 5563 3032 5629 plene
3083 5560 3160 5615 Sic
3215 5575 3275 5615 se
3328 5561 3665 5629 haheat,aeei

2101 5627 2363 5682 etlmicam
2412 5629 2686 5703 numinum
2738 5627 3113 5703 diversitatem,
3142 5632 3239 5697 vel,
3288 5632 3465 5697 aptius
3496 5627 3662 5703 loqui,

2096 5702 2318 5755 deorum
2343 5699 2730 5755 multitudinem
2759 5715 2853 5767 pro
2874 5701 3115 5770 dogmate
3139 5703 3343 5755 habuit.
