4078 6390
294 330 394 393 521

374 464 392 496 1
433 441 592 514 ἡμῶν
620 440 788 511 ἁγίων
812 441 908 494 καὶ
934 438 1220 510 μακαρίων
1243 437 1502 508 Πατέρων
1530 435 1642 506 (54)
1665 433 1870 503 δειχθέν.
1906 434 1952 489 Α

377 554 394 587 1
433 552 533 598 τας
575 535 667 587 καλ.
702 532 1076 601 κυρωθέντας,
1110 528 1245 582 ἄλλα
1277 529 1385 598 μὴν
1416 528 1508 579 καὶ
1545 524 1873 593 παραδοθέν-

374 648 393 677 1
435 644 533 690 τας
559 627 688 695 ἡμῖν
711 626 933 694 ὀνόματι
958 621 1065 675 τῶν
1089 621 1257 690 ἁγίων
1283 620 1377 674 καὶ
1397 619 1621 684 ἐνδόξων
1646 616 1875 670 ἀποστό-

375 737 395 769 1
434 718 542 770 λων
590 717 919 785 ὀγδοήκοντα
962 715 1121 766 πέντε
1165 712 1418 773 κανόνας.
1473 708 1692 777 Ἐπειδὴ
1730 706 1776 760 δ’
1818 706 1876 759 ἐν

375 830 393 861 1
437 807 649 870 τούτοις
687 808 798 868 τοῖς
842 806 1033 859 κανόσι
1081 802 1393 857 ἐντέταλται
1437 798 1688 869 δέχεσθαι
1728 797 1875 867 ἡμᾶς

376 923 395 954 1
435 904 535 963 τὰς
589 899 697 952 τῶν
728 898 905 952 αὐτῶν
946 898 1115 963 ἁγίων
1147 893 1458 948 ἀποστόλων
1486 890 1574 943 διὰ
1626 888 1876 960 Κλήμεν-

374 1015 393 1047 1
436 1013 526 1058 τος
548 993 838 1057 διατάξεις,
866 986 1070 1045 αἷστισι
1096 988 1259 1041 πάλαι
1288 985 1392 1038 ὑπὸ
1415 985 1521 1037 τῶν
1552 979 1876 1053 ἑτεροδόξων

377 1106 395 1138 1
437 1086 531 1139 ἐπὶ
575 1085 722 1154 λύμῃ
748 1086 848 1152 τῆς
898 1080 1224 1149 Ἐκκλησίας
1267 1077 1396 1131 νόθα
1446 1075 1565 1128 τινὰ
1616 1076 1705 1126 καὶ
1751 1068 1878 1136 ξένα

376 1197 394 1228 1
437 1176 536 1245 τῆς
562 1162 842 1233 εὐσεϐείας
866 1166 1330 1239 παρενετέθησαν,
1358 1163 1417 1215 τὸ
1440 1160 1713 1231 εὐπρεπὲς
1744 1155 1873 1210 κάλ-

379 1287 398 1319 1
440 1267 531 1329 λος
565 1264 675 1317 τῶν
726 1261 885 1315 θείων
920 1258 1207 1329 δογμάτων
1252 1257 1384 1326 ἡμῖν
1425 1251 1874 1323 ἁμαυρώσανταο

378 1381 398 1414 1
441 1357 671 1430 τὴντῶν
703 1355 959 1408 τοιούτων
990 1349 1283 1416 διατάξεων
1320 1348 1647 1417 προσφόρως
1679 1341 1880 1397 ἀποδο-

380 1474 399 1505 1
442 1451 539 1522 λὴν
563 1447 909 1517 πεποιήμεθα
938 1443 1074 1514 πρὸς
1100 1442 1197 1513 τὴν
1224 1439 1316 1496 τοῦ
1343 1437 1878 1510 Χριστιανικωτὰτου

374 1564 398 1597 1
439 1542 694 1613 ποιμνίου
747 1538 1036 1609 οἰκοδομὴν
1095 1537 1190 1589 καὶ
1243 1533 1569 1603 ἀσφάλειαν,
1628 1528 1880 1597 οὐδαμῶς

379 1658 398 1689 ‹
440 1636 785 1706 ἐγκρίνοντες
824 1632 889 1685 τὰ
923 1632 1020 1698 τῆς
1053 1630 1338 1699 αίρετικῆς
1367 1621 1719 1693 ψευδολογίας
1749 1622 1884 1690 κυή-

381 1749 399 1781 1
444 1745 589 1797 ματα
611 1766 626 1790 ,
669 1725 766 1778 καὶ
803 1726 868 1794 τῇ
904 1720 1104 1792 γνησίᾳ
1130 1720 1237 1774 τῶν
1284 1716 1598 1771 ἀποστόλων
1636 1717 1729 1768 καὶ
1763 1714 1879 1818 όλοῖ
1911 1758 1959 1818 Β

378 1838 397 1871 1
438 1820 622 1889 κλήρῳ
644 1818 830 1885 διδαχῇ
858 1814 1294 1884 παρενείροντες’
1312 1806 1811 1878 Ἐπισφραγίζομεν
1826 1803 1883 1856 δὲ

380 1931 399 1963 1
443 1910 540 1964 κα)⁸
570 1909 699 1969 τοὺς
725 1906 945 1969 λοιποὺς
978 1904 1185 1964 πάντας
1226 1902 1457 1963 κανόνας
1487 1898 1611 1961 τοὺς
1643 1897 1749 1950 ὑπὸ
1776 1896 1886 1950 τῶν

380 2021 398 2052 1
434 2000 606 2067 ἁγίων
630 1996 722 2049 καὶ
753 1992 1041 2065 μακαρίων
1073 1992 1330 2061 Πατέρων
1357 1988 1514 2060 ἡμῶν
1541 1986 1881 2051 ἐκτεθέντας,
1918 2040 1923 2041 ,

380 2114 398 2144 1
438 2091 581 2146 τοῦτ’
630 2089 745 2142 ἔστι
775 2088 884 2143 τῶν
934 2104 991 2140 τε
1035 2088 1093 2139 ἐν
1126 2086 1333 2155 Νικαίᾳ
1384 2079 1885 2152 συναθροισθέντων

382 2205 399 2237 1
443 2182 773 2256 τριακοσίων
828 2179 1106 2232 δεκαοκτὼ
1155 2176 1431 2247 θεοφόρων
1483 2173 1741 2241 Πατέρων
1791 2172 1886 2224 καὶ

381 2296 401 2329 1
440 2275 551 2328 τῶν
586 2275 643 2326 ἐν
685 2270 951 2342 Ἀγκύρῃ,
984 2270 1065 2322 ἔτι
1102 2267 1209 2340 μὴν
1240 2268 1336 2321 καὶ
1364 2265 1474 2318 τῶν
1502 2266 1557 2316 ὲν
1580 2264 1885 2317 Νεοκαισα-

383 2386 403 2421 1
440 2368 563 2439 ρεία
584 2383 600 2399 ο
634 2363 894 2426 ὡσαύτως
922 2361 1148 2415 καὶτῶν
1179 2362 1237 2413 ὲν
1268 2358 1546 2426 Γάγγραις
1567 2373 1581 2386 ο
1610 2354 1745 2425 πρὸς
1768 2351 1887 2405 τού-

383 2478 403 2512 1
442 2476 553 2520 τοις
579 2458 634 2511 δὲ
664 2457 758 2509 καὶ
783 2455 890 2508 τῶν
922 2457 978 2507 ὲν
1022 2450 1326 2522 Ἀντιοχείᾳ
1357 2452 1452 2521 τῆς
1479 2447 1680 2520 Συρίας
1704 2463 1719 2478 θ
1751 2445 1886 2499 ἀλλὰ

385 2573 405 2605 1
447 2553 553 2622 μὴν
582 2552 676 2604 καὶ
699 2552 810 2603 τῶν
836 2550 895 2602 ὲν
909 2546 1200 2617 Λαοδικείᾳ
1223 2548 1320 2616 τῆς
1348 2544 1588 2614 Φρυγίας
1615 2559 1628 2572 ·
1663 2540 1886 2611 προσέτι

380 2667 401 2698 1
442 2649 537 2701 καὶ
582 2645 690 2700 τῶν
720 2643 913 2697 ἑκατὸν
963 2643 1305 2711 πεντήκοντα
1354 2640 1462 2691 τῶν
1512 2640 1569 2690 ἐν
1611 2634 1780 2705 ταύτῃ
1822 2638 1885 2705 τῇ

382 2762 402 2791 1
447 2737 800 2807 θεοφυλὰκτῳ
851 2736 947 2789 καὶ
1005 2732 1238 2805 βασιλίδι
1292 2730 1657 2785 συνελθόντων
1712 2728 1884 2792 πόλει,

383 2852 404 2885 1
442 2834 538 2886 καὶ
571 2830 862 2885 διακοσίων
901 2828 1011 2880 τῶν
1052 2829 1110 2880 ὲν
1138 2828 1204 2897 τῇ
1247 2825 1514 2894 Ἐφεσίων
1554 2820 1886 2896 μητροπόλει

389 2946 409 2978 1
446 2926 507 2978 τὸ
563 2925 828 2994 πρότερον
901 2920 1438 2992 συναγηγερμένωή·
1501 2916 1596 2970 καὶ
1658 2916 1767 2968 τῶν
1829 2916 1888 2967 ὲν

388 3039 407 3071 1
448 3017 753 3088 Χαλκηδόνι
791 3015 898 3068 τῶν
938 3014 1236 3081 ἑξακοσίων
1265 3012 1564 3083 τριάκοντα
1591 3008 1763 3076 ἁγίων
1793 3004 1888 3058 καὶ

382 3131 401 3164 1
450 3110 736 3181 μακαρίων
769 3108 1029 3178 Πατέρων
1048 3122 1060 3136 ·
1101 3107 1366 3168 ὡσαύτως
1404 3105 1499 3157 καὶ
1527 3103 1637 3155 τῶν
1652 3103 1711 3155 ἐν
1737 3100 1878 3170 Σαρο
1907 3108 1955 3173 c

383 3220 401 3252 δ
440 3201 564 3272 δικῇ
586 3216 601 3231 ο
638 3199 718 3251 ἔτι
756 3198 862 3269 μὴν
894 3198 985 3251 καὶ
1017 3197 1125 3252 τῶν
1157 3199 1213 3250 ὲν
1252 3194 1577 3267 Καρθαγένῃ
1604 3210 1619 3224 ο
1657 3190 1883 3265 προσέτι

380 3313 401 3346 1
446 3310 508 3362 γε
551 3292 657 3364 μὴν
691 3292 786 3347 καὶ
815 3291 923 3345 τῶν
957 3288 1113 3352 αὖθις
1144 3290 1200 3341 έν
1235 3288 1405 3359 ταύτῃ
1434 3291 1498 3359 τῇ
1532 3285 1886 3355 θεοφυλάκτῳ

384 3401 405 3434 1
447 3384 543 3437 καὶ
585 3382 817 3453 βασιλίδι
859 3381 1013 3436 πόλει
1053 3380 1416 3433 συνελθόντων
1447 3378 1542 3431 ἐπὶ
1576 3374 1883 3443 Νεκταρίου

383 3496 402 3527 1
442 3474 536 3528 τοῦ
565 3475 663 3545 τῆς
695 3473 963 3544 βασιλίδος
985 3472 1187 3542 ταύτης
1227 3472 1436 3533 πόλεως
1463 3469 1751 3540 προέδρου,
1789 3468 1886 3521 καὶ

384 3585 404 3618 1
444 3566 704 3635 θεοφίλου
734 3567 829 3621 τοῦ
863 3566 1157 3635 γενομένου
1202 3561 1605 3634 Ἀλεξανδρείας
1634 3564 1885 3632 ἁρχιεπι-

381 3677 401 3709 1
447 3658 647 3711 σκόπον
668 3675 680 3691 ·
714 3658 852 3712 ἀλλὰ
880 3656 989 3728 μὴν
1017 3658 1110 3711 καὶ
1141 3655 1421 3709 Διονυσίου
1454 3653 1887 3726 ἁρχιεπισκόπου

383 3774 405 3805 1
447 3752 738 3822 γενομένου
809 3749 1211 3820 Ἀλεξανδρείας
1275 3746 1726 3817 μεγαλοπόλεως,
1795 3746 1889 3799 καὶ

387 3867 407 3900 1
452 3846 658 3917 Πέτρου
689 3846 984 3915 γενομένου
1014 3841 1447 3915 ἁρχιεπισκόπου
1480 3839 1889 3909 Ἀλεξανδρείας

385 3962 404 3995 1
443 3944 539 3995 καὶ
567 3940 864 4010 μάρτυρος,
891 3939 983 3992 καὶ
1016 3936 1315 4007 Γρηγορίου
1340 3933 1640 3987 ἐπισκόπου
1665 3930 1888 4001 γενομέ-

382 4052 401 4085 1
448 4030 985 4101 νουίΝεοκαισαρείας
1014 4028 1107 4081 τοῦ
1146 4024 1609 4096 Θαυματιιυργοῦ,
1661 4022 1889 4077 Ἀθανα-

386 4145 406 4177 1
449 4124 565 4176 σίου
623 4123 1051 4194 ἀρχιεπισκόπου
1110 4118 1551 4190 Ἀλεξανδρείας,
1608 4117 1888 4172 Βασιλείου

386 4236 406 4268 1
446 4214 876 4285 ἁρχιεπισκόπου
908 4211 1246 4280 Καισαρείας
1273 4210 1718 4274 Καππαδοκείας,
1750 4211 1891 4280 Γρη-

384 4326 401 4359 1
440 4306 628 4377 γορίου
667 4306 966 4358 ἐπισκόπου
1014 4303 1255 4372 Νύσσης,
1294 4303 1595 4374 Γρηγορίου
1627 4300 1721 4356 τοῦ
1763 4302 1891 4355 Θεοο

385 4420 403 4452 1
443 4400 641 4468 λόγου,
726 4396 1074 4467 Ἀμφιλοχίου
1136 4395 1227 4451 τοῦ
1298 4397 1556 4460 Ἰκονίου,
1617 4394 1885 4465 Τιμοθέου

389 4512 407 4545 1
438 4493 875 4564 ἁρχιεπισκόπου
893 4489 1185 4557 γενομένου
1204 4488 1611 4559 Ἀλεξανδρείας
1626 4489 1688 4541 τὸ
1705 4487 1892 4558 πρότει

388 4603 406 4636 1
446 4600 562 4654 ρον,
592 4582 849 4650 Θεοφίλου
873 4579 1301 4651 ἀρχιεπισκόπου
1323 4580 1418 4648 τῆς
1443 4578 1613 4647 αὐτῆς
1650 4578 1893 4643 Ἀλεξαν-

387 4697 406 4729 ‹
446 4677 629 4747 δρείας
672 4675 1108 4744 μεγαλοπόλεως,
1150 4672 1415 4742 Κυρίλλου
1458 4672 1889 4743 ἁρχιεπισκόπου

386 4790 404 4822 1
446 4770 544 4841 τῆς
604 4767 1047 4839 Ἀλεξανδρείαςο
1088 4765 1182 4820 καὶ
1227 4765 1513 4819 Γενναδέου
1553 4765 1889 4835 πατριάρχου

388 4883 407 4916 1
444 4862 741 4932 γενομένου
778 4861 879 4931 τῆς
912 4858 1278 4927 θεοφυλάκτου
1309 4859 1514 4928 ταύτης
1547 4857 1642 4911 καὶ
1680 4857 1890 4928 βασιλίο

387 4975 405 5008 1
444 4955 533 5017 50;
562 4954 768 5017 πόλεως
794 4970 808 4986 ⁶
833 4953 913 5007 ἔτι
948 4954 1053 5023 μὴν
1083 4952 1289 5006 καὶτὸν
1319 4952 1421 5004 ὑπὸ
1447 4951 1764 5021 Κυπριανοῦ
1794 4952 1887 5005 τοῦ

386 5068 406 5100 1
443 5048 739 5119 γενομένου
794 5047 1225 5118 ἁρχιεπισκόπου
1276 5046 1373 5115 τῆς
1428 5049 1650 5115 ’Ἄφρων
1705 5045 1891 5118 χώρας

1384 322 1463 384 IN
1495 323 1657 383 CAN.
1699 319 1759 380 Il
1798 315 1915 379 COD

2003 363 2010 378 .
2052 315 2135 378 IN
2174 317 2496 381 TRULLO.
3448 317 3553 380 522

2056 450 2076 482 1
2126 440 2307 498 neant,
2340 435 2432 503 qui
2465 447 2494 487 a
2520 434 2725 488 sanctis
2743 441 2797 487 et
2846 433 3021 489 beatis
3051 432 3302 488 Patribus
3328 434 3418 503 qui
3451 453 3549 492 nos

2057 540 2077 573 1
2118 533 2533 592 prmcesserunt,
2551 525 2783 592 suscepti
2816 539 2879 579 ac
2902 525 3207 580 confirmati
3224 537 3371 591 sunt,
3392 537 3553 598 atque

2059 635 2078 669 1
2118 618 2253 672 adeo
2284 618 2439 674 nobis
2490 618 2652 673 etiam
2708 619 2889 673 traditi
2938 631 3087 687 sunt,
3134 632 3445 677 sanctorum
3498 634 3555 680 et

2056 730 2075 759 1
2112 709 2466 778 gloriosorum
2512 709 2875 777 apostolorum
2928 713 3145 769 nomine
3179 714 3246 768 83
3281 728 3542 773 canones.

2056 819 2073 850 1
2110 799 2374 867 Quoniam
2410 808 2591 856 autem
2623 801 2676 856 in
2715 802 2798 855 his
2834 802 2989 858 nobis
3018 806 3316 861 canonibus
3351 822 3555 875 prince-

2058 913 2075 945 1
2119 904 2264 964 ptum
2292 903 2394 958 est,
2429 902 2488 948 ut
2510 894 2819 948 eorumdem
2853 907 3160 950 sanctorum
3189 897 3551 965 apostolorum

2062 1006 2078 1035 1
2123 1000 2216 1054 per
2256 984 2588 1039 Clementem
2641 984 3070 1041 Constitutionos
3113 989 3552 1057 suseiperctnur,

2055 1097 2072 1128 1
2112 1077 2309 1147 quibus
2336 1077 2446 1145 jam
2480 1078 2607 1132 olim
2645 1080 2713 1133 ab
2759 1079 2848 1144 iis,
2882 1082 2973 1147 qui
3007 1095 3035 1134 a
3084 1080 3186 1135 ﬁde
3216 1081 3389 1135 aliena
3423 1098 3552 1137 sen‘

2058 1186 2077 1218 1
2125 1167 2341 1222 tiuntad
2371 1167 2627 1223 Ecclesiae
2656 1168 2877 1224 exitium
2905 1170 3199 1226 adulterina
3230 1171 3474 1241 quamam
3505 1182 3561 1228 et

2058 1278 2074 1308 1
2113 1275 2143 1312 a
2185 1260 2387 1329 pietate
2414 1259 2591 1315 aliena
2644 1260 2952 1316 introducta
2999 1272 3145 1327 sunt,
3180 1278 3300 1333 quae
3346 1264 3560 1320 divino-

2057 1370 2075 1400 1
2120 1366 2237 1425 rum
2282 1351 2435 1405 nobis
2470 1351 2812 1407 decretorum
2843 1354 3148 1424 elegantem
3201 1372 3263 1410 ac
3296 1359 3554 1413 decoram

2061 1461 2077 1489 1
2119 1442 2355 1511 speciem
2403 1443 2767 1499 obscurarunt
2813 1461 2829 1499 :
2878 1446 2976 1501 has
3022 1448 3435 1504 constitutiones
3490 1450 3557 1504 ad

2062 1553 2079 1583 1
2120 1534 2569 1590 Christianissimi
2598 1537 2777 1607 gregis
2796 1539 3216 1595 aediﬁcationem
3250 1556 3314 1596 ac
3351 1542 3560 1596 securi-

2065 1646 2082 1676 1
2125 1636 2287 1681 tatem
2318 1627 2605 1683 commode
2654 1629 2968 1699 rcjecimus,
3011 1632 3277 1688 haeretica:
3308 1633 3562 1689 falsitatis

2063 1735 2080 1767 1
2123 1719 2284 1774 {cetus
2308 1733 2649 1788 nequaquam
2680 1719 3073 1788 immiscentes,
3122 1731 3176 1777 et
3198 1739 3468 1793 germana:
3498 1740 3562 1779 ac

2064 1830 2080 1861 1
2124 1810 2347 1881 integrae
2374 1811 2740 1879 apostolorum
2760 1812 3018 1867 doctrinm
3050 1814 3369 1869 inserentes.
3395 1814 3558 1870 Obsi-

2063 1922 2079 1953 1
2117 1918 2348 1975 gnamus
2394 1904 2557 1959 etiam
2606 1904 2846 1974 reliquos
2889 1921 3079 1962 omnes
3124 1922 3382 1973 canones,
3408 1907 3561 1976 quia

2063 2016 2081 2047 1
2119 1996 2322 2050 sanctis
2357 2006 2410 2051 et
2446 1997 2618 2052 beatis
2650 1998 2852 2053 nostris
2876 1998 3125 2054 Patribus
3156 1999 3383 2068 expositi
3409 2010 3558 2063 sunt,

2064 2107 2080 2137 1
2125 2087 2174 2141 id
2202 2097 2329 2142 esta
2356 2090 2614 2146 trecentis
2642 2090 2826 2145 decem
2854 2099 2906 2143 et
2937 2099 3060 2145 octo
3091 2082 3553 2160 divinitus‘inspi-

2067 2198 2085 2228 1
2134 2180 2267 2234 ratis
2301 2178 2576 2247 Patribus,
2614 2181 2704 2251 qui
2738 2182 2930 2238 Nicaeae
2959 2194 3352 2250 convenerunt,
3385 2184 3563 2254 iisque

2064 2288 2083 2319 1
2131 2270 2218 2338 qui
2249 2270 2509 2340 Ancyrae,
2557 2281 2612 2326 et
2645 2272 2711 2327 iis
2739 2274 2899 2328 etiam
2930 2275 3021 2344 qui
3054 2273 3438 2339 Neocaesareai,
3488 2277 3563 2330 si-

2068 2381 2087 2413 1
2139 2362 2339 2417 militer
2379 2373 2431 2416 ct
2463 2363 2555 2431 qui
2600 2362 2865 2433 Gangris;
2899 2376 3161 2435 praterea
3215 2377 3267 2421 et
3291 2367 3354 2421 iis
3386 2368 3475 2435 qui
3509 2367 3562 2421 in

2067 2472 2085 2503 1
2124 2451 2408 2508 Antiochia
2446 2452 2636 2524 Syriae,
2675 2464 2839 2525 atque
2864 2456 2930 2512 iis
2963 2458 3123 2512 etiam
3151 2459 3241 2528 qui
3279 2457 3332 2523 in
3364 2458 3564 2514 Laodi-

2066 2564 2085 2595 1
2123 2560 2217 2601 cea
2258 2544 2537 2618 Phrygiae;
2574 2557 2829 2618 prmterea
2870 2564 3051 2605 autem
3087 2562 3143 2606 et
3171 2551 3273 2605 £50
3303 2551 3559 2606 Patrihus

2065 2655 2083 2688 1
2119 2640 2208 2708 qui
2238 2637 2294 2693 in
2338 2641 2437 2694 hac
2465 2639 2559 2695 Dei
2584 2641 2809 2697 cultrice
2838 2652 2891 2698 et
2925 2644 3053 2713 imp.
3114 2644 3333 2699 civitate
3367 2660 3568 2700 runve~

2066 2752 2084 2782 1
2125 2741 2341 2798 nerunt,
2363 2742 2418 2788 et
2453 2734 2701 2789 ducentis
2733 2734 2824 2804 qui
2857 2734 2910 2789 in
2944 2735 3301 2805 Ephesiorum
3352 2745 3564 2792 metro-

2067 2842 2085 2874 1
2134 2824 2242 2893 poli
2297 2824 2450 2896 prius
2482 2826 2659 2881 coacti
2708 2836 2854 2892 sunt,
2906 2836 2961 2881 et
3007 2829 3285 2883 sexcentis
3340 2830 3563 2899 triginta

2068 2936 2086 2968 1
2125 2919 2327 2974 sanctis
2359 2929 2415 2974 et
2439 2920 2614 2976 beatis
2656 2920 2927 2988 Patribus,
2949 2923 3042 2991 qui
3073 2921 3453 2989 Chalcedone;
3495 2923 3570 2979 si-

2072 3030 2089 3061 1
2132 3010 2415 3065 militcr.et
2450 3012 2515 3066 iis
2547 3012 2635 3082 qui
2683 3011 2941 3077 Sardicae,
2988 3019 3043 3068 et
3083 3013 3176 3081 qui
3219 3012 3567 3086 Carthagine,

2076 3125 2093 3155 1
2134 3118 2189 3160 et
2221 3104 2311 3174 qui
2362 3119 2551 3160 rursus
2616 3104 2670 3159 in
2732 3105 2833 3160 hac
2903 3103 2998 3159 Dei
3046 3105 3272 3161 cultrice
3334 3117 3389 3161 et
3435 3110 3565 3178 imp.

2070 3219 2087 3250 1
2131 3199 2262 3254 urbe
2293 3208 2664 3253 convenerunt
2708 3198 2807 3251 sub
2838 3196 3115 3263 Nectario,
3161 3199 3251 3267 qui
3300 3198 3567 3268 imperiali

2072 3314 2087 3344 1
2139 3292 2265 3347 huic
2306 3290 2513 3346 civitati
2578 3291 2920 3361 praesidebat,
2969 3298 3031 3345 et
3073 3290 3375 3360 Theophilo
3405 3330 3420 3357 ,
3473 3293 3566 3362 qui

2070 3407 2087 3436 1
2131 3386 2231 3440 fuit
2254 3384 2594 3439 Alexandria:
2627 3384 3093 3454 archiepiscopus.
3126 3383 3441 3451 Quinetiam
3472 3398 3567 3439 ca-

2072 3500 2091 3531 1
2133 3494 2301 3535 nones
2328 3478 2597 3550 Dionysii',
2636 3479 2724 3548 qui
2756 3477 2857 3532 fuit
2886 3477 3328 3548 archiepiscopus
3357 3492 3567 3548 magna:

2073 3594 2090 3625 1
2136 3572 2623 3629 Alexandrinorum
2674 3572 2941 3636 civitatis,
2971 3571 3117 3627 Petri
3152 3571 3241 3641 qui
3291 3570 3392 3626 fuit
3433 3572 3565 3629 Ale-

2075 3687 2091 3717 1
2136 3665 2377 3720 xandrize
2434 3664 2877 3735 archiepiscopus
2929 3672 2986 3720 et
3027 3672 3267 3735 martyr,
3318 3665 3569 3736 Gregorii

2075 3777 2091 3806 1
2128 3755 2494 3811 Ncoczesarea:
2529 3756 2800 3826 episcopi,
2842 3756 2936 3826 qui
3002 3756 3437 3826 Thaumaturgus
3488 3758 3572 3812 di-

2075 3871 2092 3902 1
2132 3860 2255 3906 ctus
2295 3860 2401 3913 est,
2434 3849 2714 3905 Athanasii
2741 3848 3099 3905 Alexandrini
3131 3850 3571 3921 archiepiscopi,

2078 3968 2093 3998 1
2143 3944 2325 4002 Basilii
2372 3942 2804 4013 archiepiscopi,
2866 3941 3127 3999 Caesareae
3177 3943 3568 4014 Cappadociae,

2078 4061 2093 4091 1
2132 4037 2376 4107 Gregorii
2416 4036 2655 4106 episcopi
2700 4034 2922 4106 Nyssae,
2970 4036 3214 4104 Gregorii
3267 4036 3526 4109 Theologi
3553 4079 3569 4103 ,

2076 4154 2093 4184 1
2134 4129 2498 4200 Amphilochii
2567 4127 2779 4194 lconii,
2836 4128 3107 4183 Timothei
3176 4130 3567 4200 archiepiscopi

2079 4246 2099 4276 1
2141 4222 2491 4279 Alexandrini
2560 4221 2763 4290 primi,
2828 4220 3110 4291 Theophili
3175 4224 3569 4293 archiepiscopi

2077 4341 2093 4369 1
2125 4319 2362 4384 ejusdem
2418 4313 2756 4369 Alexandria:
2811 4329 3013 4380 magna:
3063 4314 3333 4381 civitatis,
3383 4316 3571 4383 Cyrilli

2079 4430 2093 4461 1
2133 4405 2475 4463 Alexandria:
2506 4405 2893 4473 archiepisconi
2935 4416 2989 4457 et
3024 4404 3312 4473 Gennadii,
3337 4407 3427 4476 qui
3466 4405 3571 4461 fuit

2078 4524 2095 4553 1
2135 4500 2439 4569 patriarcha
2475 4497 2632 4567 hujus
2670 4495 2761 4550 Dei
2798 4496 3039 4551 cultricis
3062 4506 3116 4550 et
3145 4498 3274 4567 imp.
3308 4499 3565 4553 civitatis.

2075 4614 2092 4645 1
2134 4593 2398 4648 Praeterea
2436 4606 2563 4645 vero
2610 4601 2664 4645 et
2720 4604 2749 4643 a
2792 4588 3083 4659 Cypriauo,
3150 4592 3242 4659 qui
3308 4590 3564 4646 Afrorum

2075 4707 2092 4739 1
2134 4686 2370 4758 regionis
2403 4684 2501 4739 fuit
2537 4682 2979 4752 archiepiscopus
3008 4692 3063 4738 et
3101 4695 3325 4755 martyr,
3358 4696 3412 4740 et
3445 4701 3569 4756 syn.

2076 4800 2092 4831 1
2132 4795 2252 4850 quae
2287 4778 2389 4833 sub
2429 4791 2490 4831 ca
2544 4774 2666 4839 fuit,
2715 4775 2971 4830 emissum
3024 4790 3313 4843 canonem,
3364 4779 3461 4848 qui
3517 4780 3571 4834 in

2077 4892 2094 4924 1
2135 4871 2513 4941 praedictorum
2545 4865 2832 4937 pnesulum
2859 4866 2994 4921 locis
3036 4877 3091 4921 et
3130 4867 3329 4933 solum,
3375 4884 3575 4924 secun-

2077 4987 2094 5016 1
2135 4969 2259 5020 dum
2292 4961 2545 5016 traditam
2574 4961 2654 5015 eis
2685 4961 3125 5016 consuetudinem
3148 5000 3163 5025 ,
3190 4974 3438 5019 servatus
3468 4975 3574 5020 est.

2079 5077 2095 5108 1
2136 5056 2200 5111 Et
2241 5053 2368 5108 nulli
2403 5054 2565 5107 licere
2605 5052 2756 5121 prius
2800 5053 3099 5109 declaratos
3144 5071 3379 5112 canones
3420 5058 3579 5113 adul—

1495 5146 1695 5207 Guill.
1730 5150 2060 5232 Beveregii
2083 5156 2269 5213 notua.

380 5255 518 5329 (541
562 5252 765 5320 Ἀγίων
817 5251 1128 5329 μακαρίων
1174 5250 1559 5329 Πατέρωνὶιιι
1614 5254 1890 5329 prioribus

308 5320 422 5385 tam
483 5324 711 5377 Zonarae
771 5338 932 5391 quam
1009 5320 1345 5375 Balsamonis
1408 5320 1749 5378 editionibus
1802 5326 1890 5380 hic

308 5403 467 5455 locus
526 5394 607 5449 sic
672 5393 843 5464 lectus
901 5391 1024 5453 fuit,
1089 5394 1216 5464 tota;
1265 5391 1371 5464 ὑπρ
1413 5391 1538 5464 ,τῶν
1591 5394 1697 5461 πρὸ
1733 5394 1888 5464 ἡμῶν

308 5470 489 5537 ἁγίων
546 5464 641 5516 καί
695 5462 922 5525 ἐνδόξων
972 5460 1289 5537 ἀποστόλων
1340 5460 1671 5537 όγδοήκοντα
1730 5460 1890 5517 πέντε

310 5530 570 5599 κανόνας.
602 5534 751 5586 Adeo
790 5540 847 5582 ut
892 5547 987 5583 nos
1017 5541 1139 5598 post
1200 5530 1303 5601 πρζ)
1342 5532 1502 5601 ἡμῶν
1534 5531 1727 5597 ἁγίων,
1778 5535 1892 5586 Ιιςιιο

312 5611 480 5663 Verba
514 5607 608 5658 καὶ
634 5602 921 5672 μακαρίων
953 5598 1344 5672 Πατέρωνᾼτών
1363 5598 1650 5669 δεχθέντας
1676 5605 1767 5672 καλ.
1795 5620 1893 5655 κυ-

2004 5256 2285 5318 Lee-untur
2314 5259 2493 5307 autem
2528 5250 2663 5305 etin
2701 5248 3007 5305 Etoniensi
3046 5257 3098 5304 rt
3143 5251 3577 5306 Amerbacltiano

2005 5341 2143 5379 mss.
2169 5338 2379 5389 necnon
2414 5322 2465 5374 in
2502 5335 2569 5375 eo
2609 5334 2771 5390 quem
2827 5320 3133 5374 Gentianus
3190 5320 3457 5375 Hervetns
3497 5323 3578 5374 la-

2008 5401 2121 5448 tine
2169 5392 2353 5455 vertit,
2417 5392 2494 5445 uti
2549 5407 2613 5444 ex
2677 5390 2851 5457 ipsius
2913 5390 3164 5445 versione
3216 5392 3576 5454 constat,uhi

2002 5470 2168 5519 etiam
2199 5464 2496 5517 observare
2527 5461 2673 5523 licet,
2710 5458 2902 5515 Patres
2934 5459 3244 5518 Trullanos.
3285 5461 3382 5513 hos
3407 5476 3577 5514 cano-

2003 5551 2119 5595 nes,
2157 5548 2183 5583 a
2219 5548 2278 5584 se
2300 5532 2676 5592 conﬁrmatos,
2730 5546 2907 5597 neque.
2938 5528 3353 5592 ἀποστολικοὺς.
3405 5544 3580 5599 neque

2000 5605 2125 5666 τοὺς
2153 5602 2262 5654 τῶν
2311 5602 2628 5654 ἀποστόλων
2677 5602 2907 5663 κανόνας
2962 5600 3276 5668 appellare;
3310 5600 3404 5655 sed
3456 5608 3579 5653 tan-

315 5678 616 5747 ρωθέντας·
635 5668 908 5747 ἁλλάξμὴν
940 5672 1032 5723 καὶ
1066 5668 1469 5747 παραδοθέντας
1514 5672 1656 5747 quia
1669 5671 1893 5747 ὀνόματι
2002 5682 2117 5747 tum
2143 5670 2693 5747 παραδοθένταςήμῖν
2724 5670 2945 5740 ὀνόματι
2971 5671 3079 5723 τῶν
3107 5668 3279 5737 ἁγίων
3312 5669 3406 5724 καὶ
3435 5668 3584 5724 ἐνδό-

312 5739 422 5801 τῶν
458 5750 631 5815 ἁγίων
696 5739 811 5805 καί,
866 5739 934 5795 ex
1002 5756 1103 5794 ms.
1166 5739 1463 5793 Bodleiano
1527 5739 1871 5797 restituimus

2003 5742 2109 5806 ξων
2132 5741 2467 5797 ἀποστόλων.
2583 5739 2616 5743 ”’
2823 5739 2826 5740 ⁷
3392 5776 3397 5779 .

635 5840 908 5899 PATROL.
944 5836 1058 5896 Gtt.
1098 5836 1442 5899 CXXXVII.

3110 5836 3181 5895 17
