4078 6384
352 269 463 333 525

1440 226 1522 316 ιΝ
1559 250 1729 315 CAN.
1761 252 1849 314 [ΙΙ
1881 250 2093 314 coNc.
2130 248 2212 311 IN
2253 249 2583 311 TRULLO.

3516 246 3619 312 $26

418 384 666 438 ΖΩΝΛΡ.
730 379 1015 435 Ἐντεῦθεν
1065 378 1294 448 ἄρχεται
1352 374 1462 427 τῶν
1503 372 1768 435 κανόνων,
1830 367 1929 421 καὶ

2106 364 2359 420 ΖΟΝΛῐῖ.
2402 366 2629 420 Ducitur
2670 367 2737 421 ab
2766 367 2868 422 hoc
2906 366 3025 425 loco
3059 368 3272 425 initium
3307 383 3579 427 canonum
3603 417 3618 437 ,

347 476 459 548 πρὸ
496 475 607 529 τῶν
634 474 813 528 ἄλλων
841 475 908 526 τὶ
942 471 1093 541 παρὰ
1122 470 1232 522 τῶν
1270 466 1437 538 ἱερῶν
1478 466 1575 518 καὶ
1601 463 1934 515 πανσέπτων

348 568 662 623 ἀποστόλων
694 566 1061 635 φυλάττεσθαι
1092 561 1464 621 διατάττεται,
1496 556 1697 627 ὁμοίως
1731 553 1827 609 καὶ
1856 553 1926 607 τά

350 662 505 731 παρᾶ
526 661 636 713 τῶν
677 658 1091 728 προγεγονυιῶν
1126 656 1364 708 συνόδων
1386 649 1827 721 δογματισθέντα
1856 646 1934 717 μὴ

350 755 670 827 παρεξιέναι
728 751 864 823 μηδὲ
906 750 1047 804 κατά
1072 765 1124 801 τι
1183 743 1561 816 παραθραύειν
1598 740 1781 803 ποσῶς
1823 739 1934 790 διο-

352 850 586 918 ρίζεται.
618 841 749 898 Εἶτα
778 845 872 896 καὶ
911 840 1223 912 ἀπαριθμεῖ
1253 838 1348 901 τὰς
1379 835 1660 898 συνόδους,
1694 831 1787 885 καὶ
1810 829 1933 884 καθ’

346 934 423 992 ὧν
446 938 653 1006 ἑκάστη
689 936 955 1005 συνήχθη,
987 934 1081 986 καὶ
1126 930 1250 984 τίνα
1284 929 1354 982 τὰ
1394 925 1526 998 παρ’
1556 925 1782 979 ἐκείνων
1805 924 1932 976 ἀσε-

350 1030 459 1092 ϐῶς
492 1029 843 1097 είσαγόμενα,
879 1026 971 1076 καὶ
1008 1024 1131 1076 τίνα
1154 1023 1222 1075 τά
1258 1019 1392 1091 παρ’
1430 1019 1675 1087 ἑκάστης
1711 1014 1931 1069 συνόδου

347 1122 791 1192 δογματισθέντα
850 1120 943 1171 καὶ
992 1116 1339 1188 κυρωθέντα,
1403 1112 1498 1166 καὶ
1555 1112 1772 1165 πάντων
1826 1110 1933 1161 τῶν

349 1214 525 1281 ἁγίων
560 1212 820 1282 Πατέρων
850 1210 951 1281 τὴν
981 1210 1171 1261 πίστιν
1221 1207 1315 1259 καὶ
1382 1204 1450 1257 τά
1489 1204 1759 1272 δόγματα,
1794 1201 1932 1255 ἀσά-

348 1305 516 1358 λευτα
547 1303 640 1355 καὶ
667 1303 859 1372 βέϐαια
893 1302 1177 1371 διαμένειν
1208 1297 1520 1368 παρεγγυᾷ,
1559 1295 1653 1348 καὶ
1682 1294 1751 1346 τὰ
1783 1293 1930 1346 ὲκεί-

348 1410 460 1445 νων
501 1393 916 1461 συγγράμματα
971 1388 1247 1460 στέργειν,
1296 1385 1706 1441 ἀποϐάλλεσθαι
1742 1383 1799 1436 δὲ
1838 1383 1934 1436 καὶ

298 1546 303 1551 λ
346 1483 771 1553 ἀναθεματίζειν
802 1483 928 1545 τοὺς
961 1482 1063 1551 τῆς
1097 1481 1356 1550 ἀληθείας
1405 1478 1653 1550 ἐχθρούς.
1695 1479 1819 1541 Τοῖς
1854 1476 1914 1528 δὲ

357 1576 433 1648 μὴ
486 1575 632 1627 σῦτω
697 1572 958 1644 φρονοῦσι
999 1590 1059 1625 τε
1114 1572 1209 1625 καὶ
1270 1570 1507 1634 ποιοῦσι,
1545 1567 1833 1633 δοξάζουσί
1872 1583 1932 1620 τε

352 1670 450 1721 καὶ
482 1666 845 1737 κηρύττουσιν
877 1664 1110 1734 ἐπιτιμᾷ
1136 1660 1231 1716 καὶ
1256 1664 1491 1714 ποιεῖται
1520 1660 1626 1713 ὑπὸ
1656 1658 1927 1727 ἀνάθεμα.

2040 468 2102 507 ac
2120 469 2238 524 qua:
2258 456 2470 522 quidem
2508 470 2536 508 a
2560 456 2762 511 sanctis
2791 466 2845 512 et
2874 460 3344 516 reverendissimis
3365 464 3624 532 apostol's

2037 546 2245 600 sancita
2265 547 2667 617 suntitnprimis
2689 564 2909 604 servare
2930 552 3209 620 jubentur,
3233 554 3428 610 deimle
3458 573 3623 628 syno-

2038 637 2155 690 dica
2186 653 2401 707 quoque
2445 638 2497 692 in
2547 641 2646 694 hoc
2682 648 2894 710 tempus
2927 643 3068 696 edita
3109 645 3350 709 decreta,
3402 661 3470 700 ne
3507 649 3623 701 vio-

2037 726 2150 782 lare
2187 738 2276 781 ant
2311 730 2452 783 nulla
2476 746 2538 784 ex
2574 741 2724 800 parte
2749 732 3026 787 inlirmare
3051 734 3212 790 liceat
3243 737 3618 793 constituitur.

2036 820 2546 878 Commemorantur
2604 825 2728 880 inde
2778 842 2901 882 cum
2972 830 3100 897 ipsa:
3141 832 3354 901 synodi,
3409 842 3520 888 tum
3588 834 3622 887 ii

2035 921 2225 966 contra
2267 928 2403 982 quos
2440 929 2665 983 quaeque
2710 916 2890 971 habita
2929 918 3060 985 fuit;
3126 921 3365 991 quidque
3413 931 3506 977 aut
3547 922 3621 976 illi

2036 1002 2200 1074 impie
2219 1007 2750 1077 senserint,atttquid
2772 1011 3201 1079 uniuscujusque
3232 1015 3425 1083 synodi
3455 1015 3617 1071 vicis-

2036 1096 2137 1151 sim
2156 1098 2477 1152 auctoritate
2498 1098 2779 1153 deﬁnitum
2803 1109 2857 1154 et
2878 1086 3257 1158 conﬁrmatum
3289 1106 3360 1158 sit
3384 1106 3624 1175 explica-

2038 1194 2146 1240 tur.
2184 1187 2319 1241 Tnm
2353 1200 2665 1243 sanctorum
2701 1191 2925 1245 Patrum
2973 1193 3130 1247 ﬁdem
3165 1211 3227 1248 ac
3250 1197 3495 1263 dogmata
3535 1199 3621 1250 in-

2035 1279 2231 1333 violata
2271 1295 2335 1335 ac
2373 1281 2523 1335 ﬁrma
2565 1285 2787 1337 omnino
2822 1286 3012 1349 teneri,
3044 1302 3230 1340 eorum
3280 1303 3376 1341 nos
3404 1290 3623 1357 scriptis

2036 1385 2099 1425 ac
2126 1372 2433 1427 auctoritati
2487 1375 2855 1442 acquiescere,
2883 1378 3132 1433 veritatis
3158 1379 3338 1433 hostes
3365 1383 3623 1445 aversari,

2034 1477 2097 1516 ac
2125 1462 2259 1518 diris
2288 1465 2537 1520 onmibus
2576 1466 2840 1521 devovere
2865 1467 3079 1535 jubent.
3115 1470 3169 1524 Si
3198 1471 3288 1539 qui
3318 1487 3442 1526 vero
3472 1473 3627 1526 aliter

2034 1555 2304 1608 senserint
2393 1554 2710 1623 fecerintve,
2771 1559 2976 1628 opinati
3022 1560 3225 1616 fuerint
3276 1570 3373 1615 ant
3423 1565 3626 1619 docue-
3716 1610 3721 1613 μ

2035 1645 2167 1713 rint,
2209 1661 2303 1701 eos
2351 1652 2636 1718 castigant,
2676 1659 2731 1704 et
2788 1654 3124 1707 anathemati
3172 1655 3448 1723 subjectos
3500 1672 3622 1711 esse

351 1716 1046 1829 ὀύξτε-γόιρῗπροστιθέναι⁸
1079 1717 1154 1820 τι,
1210 1754 1367 1825 φησὶ,
1427 1749 1770 1823 δεδυνήμεθα
1820 1716 1932 1812 τοῖς

2042 1738 2322 1793 deﬁniunt.
2357 1737 2467 1793 Nec
2501 1740 2671 1807 enim,
2724 1743 3003 1812 inquiunt,
3041 1744 3243 1815 aliquid
3288 1746 3621 1813 invenimus,

353 1854 507 1924 παρὰ
545 1851 653 1904 τῶν
679 1849 855 1918 ἁγίων
904 1846 1169 1918 Πατέρων
1197 1844 1642 1914 διεγνωσμένοις,
1690 1840 1816 1895 οὔτε
1878 1857 1933 1893 τι

352 1940 639 2005 παντελῶς
677 1940 955 2011 ὑφαιρεῖν,
1020 1936 1159 1991 ἀλλὰ
1209 1935 1443 1996 ἐκείνοις
1492 1935 1549 1986 ὲν
1592 1932 1757 1986 πᾶσιν
1810 1930 1936 1985 ἐπόο

354 2035 517 2107 μεθα.

344 2128 575 2181 ΑΡΙΣΤ.
634 2144 653 2178 ι
700 2125 782 2179 Tit
829 2124 985 2195 napi
1032 2121 1138 2174 τῶν
1185 2116 1513 2189 ἑτεροδόξων
1583 2111 1935 2183 κλοπιμαίως

434 2238 454 2271 ι
494 2216 884 2288 ἐμϐεϐλημένα
912 2216 1034 2276 ταῖς
1096 2212 1183 2265 διὰ
1217 2211 1535 2280 Κλήμεντος
1563 2207 1673 2259 τῶν
1708 2203 1937 2259 ἀποστό-

437 2330 457 2363 ι
496 2311 604 2363 λων
632 2307 950 2372 Δ;ατάξεσιν
979 2303 1363 2373 ἀποκήρυκτα.

445 2402 536 2455 Ἐν
576 2404 686 2466 τοῖς
741 2397 1125 2459 ἁποστολικοῖς
1155 2395 1346 2447 κανόσι
1389 2392 1526 2463 πρὸς
1586 2390 1700 2452 τοῖς
1753 2386 1937 2450 ἀλλοις

350 2498 468 2560 τοῖς
498 2495 596 2564 τῆς
633 2494 827 2563 καινῆς
850 2490 946 2544 καὶ
992 2487 1229 2550 παλαιᾶς
1264 2484 1545 2555 Διαθήκης
1581 2479 1811 2552 βιϐλίοις
1840 2477 1938 2532 καὶ

353 2589 459 2650 τὰς
493 2585 770 2651 διατάξεις
801 2582 911 2634 τῶν
956 2578 1297 2644 ἀποστόλων,
1357 2576 1455 2640 τὰς
1495 2575 1584 2629 διὰ
1618 2573 1938 2643 Κλήμεντος

352 2682 415 2733 ὲν
442 2678 587 2731 ὀκτὼ
620 2673 967 2736 συντεθείσας
1002 2670 1252 2743 βιϐλίοις,
1307 2666 1614 2736 σεϐασμίας
1653 2667 1749 2717 καὶ
1773 2663 1939 2733 ἁγίας

352 2771 508 2842 ἔχειν
543 2769 883 2840 ὡρίσθημεν.
925 2764 984 2817 Ὀ
1013 2762 1069 2815 δὲ
1102 2758 1295 2832 παρὼν
1327 2757 1531 2821 κανὼν,
1566 2756 1654 2810 διὰ
1688 2756 1749 2808 τὸ
1809 2755 1939 2809 νόθα

352 2864 479 2918 τινὰ
526 2864 620 2915 καὶ
668 2860 797 2926 ξένα
830 2859 930 2929 τῆς
991 2855 1277 2918 εὐσεϐείας
1317 2852 1423 2905 ὑπὸ
1464 2849 1573 2903 τῶν
1614 2846 1942 2918 ἑτεροδόξων

355 2952 738 3024 παρατεθῆναι
770 2952 827 3002 ἐν
877 2948 1071 3009 αὑταῖς
1104 2946 1195 2997 ἐπὶ
1248 2944 1393 3013 λύμῃ
1448 2941 1549 3010 τῆς
1590 2939 1940 3008 Ἐκκλησίας,

2035 1830 2179 1899 quod
2231 1839 2553 1897 sanctorum
2612 1830 2834 1887 Patrum
2889 1833 3099 1903 placitis
3137 1835 3284 1902 addi,
3344 1849 3437 1892 aut
3480 1841 3626 1894 demi

2036 1932 2258 1992 posset;
2284 1923 2376 1977 sed
2413 1939 2475 1978 ca
2516 1925 2570 1979 in
2594 1926 2845 1982 omnibus
2875 1928 3175 1998 sequimur.

2038 2095 2267 2152 ARIST.
2306 2117 2324 2151 ι
2360 2098 2490 2165 Quae
2541 2101 2608 2156 ab
2654 2101 3003 2157 heterodoxis
3080 2105 3448 2172 apostolorum
3530 2122 3628 2177 per

2117 2208 2136 2241 ί
2182 2189 2518 2245 Clementem
2581 2191 3071 2250 Constitutionibus
3158 2194 3344 2252 furtim
3419 2199 3627 2255 inserta

2116 2302 2134 2334 ι
2177 2293 2324 2347 sunt,
2356 2283 2698 2341 abdicentur.
2729 2304 2749 2338 ι

2114 2374 2168 2428 In
2198 2375 2495 2432 canonibus
2522 2378 2853 2446 apostolicis,
2888 2390 3085 2449 przeter
3112 2381 3247 2440 alios
3276 2381 3410 2439 Novi
3439 2395 3493 2440 et
3519 2386 3629 2443 Ne-

2043 2466 2173 2520 teris
2211 2467 2539 2522 Testamenti
2575 2468 2742 2525 libros
2768 2479 2821 2524 et
2890 2471 3303 2533 constitutiones
3356 2479 3631 2545 προειθισ-

2040 2567 2182 2618 rum,
2208 2567 2238 2606 a
2269 2552 2546 2610 Clemente
2575 2556 2630 2610 in
2654 2565 2778 2612 octo
2809 2558 2962 2613 libris
2989 2563 3594 2631 compositasveneran
3613 2600 3629 2613 -
3694 2570 3703 2581 ’

2041 2642 2140 2697 das
2182 2652 2234 2697 et
2265 2659 2452 2699 sacras
2504 2645 2707 2702 habere
2749 2646 2905 2704 nobis
2946 2650 2998 2704 in
3050 2654 3317 2710 mandatis
3345 2657 3525 2711 datur.
3559 2658 3630 2714 At

2043 2748 2281 2801 praesens
2330 2750 2529 2804 canon,
2559 2739 2687 2806 quia
2722 2740 2908 2808 spuria
2960 2746 3207 2812 quautam
3253 2757 3307 2802 et
3350 2763 3380 2802 a
3430 2749 3631 2820 pietate

2045 2826 2218 2880 aliena
2249 2827 2302 2880 in
2362 2828 2480 2883 istis
2515 2831 2581 2883 ab
2606 2830 2954 2887 heterodoxis
2980 2835 3250 2890 adduntur
3267 2840 3331 2892 ad
3369 2840 3630 2898 Erclesiaa

2044 2917 2270 2984 exitum,
2305 2920 2461 2987 abjici
2495 2936 2555 2975 ea
2590 2922 2850 2992 prmcipit,
2879 2925 2947 2979 ad
2967 2927 3144 2997 gregis
3172 2927 3626 2989 Christianissimi

354 3008 955 3103 ἀποϐάλλεσθαιαύτᾶς
985 3008 1337 3107 ὲγκελεύεται
1367 3008 1814 3104 πρὸς-οἰκοδομὴν
1846 3031 1941 3085 καὶ
1969 3048 2012 3107 (ς
2045 3008 2460 3065 ωάίησῖιίίοηθῐη
2500 3020 2554 3065 el
2585 3013 2957 3068 securilalem.

359 3137 673 3206 ἀσφάλειαν
710 3131 805 3184 τοῦ
834 3127 1377 3201 Χριστιανικωτάτου
1405 3120 1687 3193 ποιμνίου.

1002 3218 1241 3276 ΚΑΝΩΝ
1270 3217 1346 3270 Γ’.

363 3341 383 3374 ι
433 3319 650 3389 Ἐπειδὴ
685 3317 741 3370 δὲ
759 3320 783 3370 ό
800 3314 1025 3385 εὐσεϐὴς
1047 3314 1137 3365 καὶ
1152 3310 1495 3381 φιλόχριστος
1511 3305 1669 3376 ἡμῶν
1690 3303 1943 3374 βασιλεὺς

435 3433 453 3465 t
501 3417 567 3485 τῇ
592 3413 723 3483 ἁγίᾳ
734 3409 905 3480 ταύτῃ
921 3408 1016 3462 καὶ
1030 3405 1380 3475 οἰκουμενικῇ
1399 3397 1792 3472 προσεφώνησε
1820 3412 1945 3448 συνο

436 3527 453 3559 t
499 3506 623 3576 όδῳ,
658 3503 799 3557 ὥστε
826 3501 949 3563 τοὺς
966 3503 1022 3553 ὲν
1038 3498 1116 3569 τῷ
1135 3497 1319 3567 κλήρῳ
1340 3490 1831 3560 καταλεγομένους,
1850 3492 1946 3542 καὶ

435 3621 454 3652 ε
501 3600 682 3662 ἄλλοις
709 3596 777 3651 τὰ
804 3597 923 3650 θεῖα
949 3588 1465 3664 διαπορθμεύοντας,
1496 3583 1774 3654 καθαροὺς
1812 3583 1945 3636 ἀπο-

435 3715 452 3745 ι
502 3693 666 3763 φῆναι
688 3693 780 3743 καὶ
811 3683 1159 3757 λειτουργοὺς
1193 3681 1478 3753 ἀμώμους,
1511 3678 1603 3730 καὶ
1629 3677 1726 3747 τῆς
1751 3674 1944 3745 νοερᾶς

436 3806 454 3838 ι
501 3782 596 3837 τοῦ
627 3782 864 3854 μεγάλου
910 3777 1070 3839 Θεοῦ,
1095 3777 1193 3828 καὶ
1220 3772 1461 3843 θύματος
1494 3771 1587 3823 καὶ
1613 3770 1939 3839 ἀρχιερέως,

441 3898 459 3930 ι
513 3875 705 3939 θυσίας
755 3871 964 3939 ἀξίους,
991 3865 1338 3935 ἀνακαθᾶραί
1377 3880 1436 3916 τε
1475 3862 1543 3914 τά
1568 3860 1628 3924 ἐξ
1687 3859 1944 3928 ἀθέσμων

437 3989 456 4019 ι
506 3968 701 4038 γάμων
733 3964 949 4025 τούτοις
991 3959 1345 4030 ὲπιτριϐἐντα
1379 3956 1524 4026 μύση
1549 3969 1562 3982 ·
1598 3952 1735 4023 πρὸς
1769 3950 1943 4018 τούτῳ

438 4084 457 4113 ι
509 4061 565 4114 δὲ
587 4059 695 4112 τῶν
728 4058 828 4125 μὲν
879 4055 978 4125 τῆς
1024 4050 1317 4122 Ῥωμαίων
1357 4047 1672 4115 ἁγιωτάτης
1717 4041 1944 4111 Ἐκκληο

434 4175 454 4207 ε
506 4153 627 4217 σίας
660 4152 751 4205 τὸν
781 4150 880 4220 τῆς
917 4144 1207 4217 ἀκριϐείας
1233 4140 1542 4213 τηρηθῆναι
1568 4137 1772 4191 κανόνα
1805 4151 1941 4203 προ-

431 4270 450 4302 σ
494 4246 833 4318 τιθεμένων·
860 4241 968 4295 τῶν
1022 4239 1081 4291 δὲ
1118 4235 1225 4288 ὑπὸ
1271 4234 1365 4285 τὸν
1404 4231 1507 4300 τῆς
1559 4227 1939 4328 θεοφυλάκτου

436 4361 454 4392 ι
507 4340 710 4408 ταύτης
742 4337 835 4388 καὶ
879 4329 1155 4403 βασιλίδος
1208 4326 1419 4387 πόλεως
1474 4321 1689 4392 θρόνον,
1726 4319 1787 4371 τὸ
1840 4319 1940 4387 τῆς

434 4455 454 4487 ι
505 4427 922 4501 φιλανθρωπίας
954 4427 1047 4479 καὶ
1084 4419 1427 4492 συμπαθείας
1463 4417 1542 4479 είς
1564 4414 1623 4467 ἒν
1653 4413 1941 4483 ἀμφότερα

382 4574 385 4575 ,
433 4547 453 4579 ι
510 4523 787 4596 μίξαντες,
853 4515 1136 4587 πατρικῶς
1182 4511 1321 4581 ἐμοῦ
1382 4509 1475 4563 καὶ
1533 4505 1818 4575 θεοφιλῶς,
1864 4505 1939 4568 ὡς

432 4635 452 4667 ε
506 4595 647 4684 μήτε
688 4611 747 4663 τὸ
774 4600 954 4678 πρᾶον
984 4606 1229 4668 ἔκλυτον,
1260 4602 1395 4670 μήτε
1418 4597 1620 4665 στυφδν
1640 4597 1700 4649 τδ
1731 4595 1937 4684 αὐστη-

436 4724 455 4756 ι
510 4683 605 4775 ρὸν
633 4699 1057 4768 καταλείηιοιμεν
1076 4712 1090 4726 ’
1121 4694 1216 4747 καὶ
1246 4689 1482 4763 μάλιστα
1507 4687 1600 4740 τοῦ
1633 4685 1693 4751 ἐξ
1716 4683 1941 4753 ἀγνοίας

437 4815 457 4848 ι
510 4793 801 4863 πτώματος
830 4793 909 4852 εἱς
937 4789 1039 4841 οὐκ
1059 4785 1254 4853 ὀλίγων
1270 4779 1478 4853 ἀνδρῶν
1497 4777 1698 4847 πλῆθος,
1728 4776 1944 4847 διῆκον·

443 4908 462 4939 t
515 4903 628 4950 τος,
657 4882 972 4954 συνορῶμεν
1003 4879 1145 4931 ὥστε
1172 4878 1297 4939 τοὺς
1330 4876 1427 4944 μὲν
1452 4872 1576 4925 δυσὶ
1621 4870 1821 4937 γάμοις
1854 4883 1948 4919 πεη

445 4999 464 5032 ι
515 4979 871 5051 ριπαρέντας,
923 4976 1018 5026 καὶ
1083 4971 1244 5041 μέχρι
1284 4968 1383 5035 τῆς
1462 4961 1946 5029 ’πεντεκαιδεκάτης

447 5090 467 5124 ι
514 5050 611 5123 τοῦ
638 5066 1002 5138 παρελθόντος
1043 5059 1381 5129 Ἰανουαρίου
1410 5055 1578 5127 μηνὸς
1610 5054 1708 5122 τῆς
1739 5050 1943 5121 παρελ-

442 5184 463 5216 ¢
518 5163 716 5231 θούσης
760 5158 1027 5228 τετάρτης
1059 5150 1409 5209 ίνδικτιῶνος,
1457 5147 1610 5208 ἔτους
1660 5144 1943 5211 ἑξακισχι-

441 5275 462 5307 ι
522 5254 735 5307 λιοστοῦ
773 5244 1074 5304 ὲκατοστοῦ
1117 5245 1339 5296 ὲννάτου
1385 5240 1521 5309 (57),
1576 5234 1944 5294 δουλωθέντας

2655 3201 2885 3259 CANON
2919 3203 3013 3259 Ill.

2057 3309 2075 3342 ι
2123 3291 2389 3358 Quoniam
2433 3292 2553 3361 pius
2593 3292 2906 3364 Christique
2957 3306 3170 3351 amator
3203 3298 3505 3369 imperator
3534 3319 3633 3361 no-

2123 3399 2142 3433 ‹
2193 3390 2308 3438 ster
2336 3382 2477 3439 hanc
2494 3395 2737 3439 sanctam
2762 3395 2816 3439 et
2846 3386 3207 3443 universalem
3241 3392 3508 3460 synodum
3548 3396 3631 3451 al-

2124 3492 2142 3525 t
2192 3474 2404 3529 locutus
2458 3485 2565 3540 est,
2619 3485 2679 3530 ut
2718 3477 2812 3545 qui
2860 3477 2913 3531 in
2943 3477 3149 3533 clerum
3199 3480 3349 3535 relati
3393 3494 3540 3552 sunt,
3579 3496 3635 3541 et

2122 3583 2140 3614 ι
2188 3565 2309 3620 aliis
2346 3566 2525 3620 divina
2561 3568 2959 3633 transmittunt,
2983 3583 3149 3637 puros
3183 3580 3237 3625 et
3260 3585 3291 3625 a
3337 3577 3635 3642 reprehen-

2123 3674 2142 3706 ι
2191 3660 2344 3713 sione
2383 3658 2592 3713 alienos
2623 3658 2905 3715 ministros
2938 3661 3175 3716 efﬁciant
3200 3702 3216 3726 ,
3246 3665 3389 3733 quod
3429 3666 3632 3724 intelli-

2122 3770 2140 3802 ι
2184 3753 2364 3821 gentia
2414 3753 2752 3823 percipitur,
2810 3758 2987 3825 magni
3054 3758 3194 3825 Dei,
3277 3762 3369 3831 qui
3428 3775 3512 3819 est
3578 3775 3635 3819 et

2125 3862 2142 3894 ι
2196 3844 2524 3899 sacriﬁcium
2574 3856 2628 3899 et
2670 3844 2948 3911 Pontifex,
3001 3852 3277 3906 sacriﬁcio
3327 3855 3538 3922 dignos,
3578 3869 3638 3914 et

2122 3956 2139 3985 ‹
2187 3952 2308 4006 quae
2349 3952 2411 3991 ex
2449 3936 2673 3992 nefariis
2707 3940 2912 4008 nuptiis
2954 3942 3017 3996 iis
3047 3944 3223 3998 inusta
3264 3955 3393 4001 sunt
3438 3952 3635 4015 probra

2123 4047 2141 4079 ι
2190 4044 2253 4083 ac
2289 4029 2558 4085 dedecora
2606 4043 2898 4103 repurgent
2936 4052 2949 4087 :
2991 4046 3045 4089 et
3077 4048 3339 4103 praeterea
3381 4040 3471 4094 alii
3509 4043 3633 4110 qui-

2121 4139 2139 4171 ι
2190 4122 2310 4177 dem
2359 4122 2718 4179 sanctissima:
2762 4126 3135 4181 Romanorum
3188 4130 3446 4187 Ecclesiae
3504 4149 3636 4188 exa—

2122 4231 2139 4265 t
2185 4214 2486 4271 ctissimum
2544 4232 2808 4272 canonem
2878 4220 3205 4274 servandum
3287 4235 3634 4293 proponant;

2133 4327 2148 4356 ι
2193 4308 2286 4363 alii
2317 4322 2467 4374 vero,
2497 4309 2596 4363 sub
2632 4308 2732 4363 hoc
2757 4308 2848 4362 Dei
2886 4309 3274 4367 observatricis
3317 4324 3371 4369 et
3403 4315 3639 4383 impera-

2126 4423 2144 4455 ι
2194 4402 2347 4458 toriaa
2390 4399 2543 4455 urbis
2592 4399 2811 4466 throno,
2834 4402 2988 4471 ,quod
3036 4401 3139 4457 fuit
3180 4405 3540 4463 humanitatis
3584 4422 3641 4464 et

2128 4518 2146 4549 ί
2175 4494 2604 4565 misericordiae,
2652 4493 2898 4563 utrisque
2948 4504 3176 4565 paterno
3220 4498 3383 4552 simul
3427 4510 3482 4553 et
3508 4500 3639 4554 reli-

2128 4610 2143 4641 ι
2192 4590 2345 4659 giose
2403 4587 2603 4651 mistis,
2643 4596 2702 4640 ut
2752 4600 2926 4655 neque
2980 4587 3124 4657 quod
3177 4600 3259 4643 est
3300 4590 3431 4645 mite
3479 4592 3638 4648 nimis

2128 4702 2146 4734 ι
2194 4682 2467 4745 strictum,
2495 4678 2848 4745 dissolutum,
2869 4692 3045 4747 neque
3059 4683 3203 4749 quod
3233 4692 3633 4749 estausterum,

2130 4791 2149 4824 ι
2197 4772 2599 4841 relinquamus;
2668 4779 2724 4824 et
2769 4768 3005 4823 maxime
3047 4783 3169 4825 cum
3214 4787 3279 4826 ex
3335 4773 3638 4843 ignorantia

2130 4882 2148 4916 ι
2199 4864 2379 4931 lapsus
2422 4862 2473 4915 in
2513 4874 2619 4913 non
2645 4860 2893 4927 exiguam
2930 4860 3090 4932 160
3123 4862 3405 4919 hominum
3451 4865 3642 4920 multi-

2133 4972 2151 5004 ι
2203 4951 2442 5005 tudinem
2494 4948 2774 5018 pervadat,
2828 4962 3020 5005 omnes
3080 4950 3243 5006 simul
3292 4951 3640 5009 decernimus

2134 5066 2152 5098 ι
2198 5060 2292 5099 eos
2345 5042 2435 5112 qui
2482 5040 2691 5095 duobus
2720 5040 2943 5108 quidem
2980 5042 3346 5098 matrimoniis
3377 5044 3642 5115 implicati

2129 5158 2147 5189 ι
2194 5138 2367 5202 luere,
2402 5141 2458 5189 et
2487 5146 2661 5201 usque
2709 5130 2776 5185 ad
2805 5131 2874 5186 15
2916 5133 3177 5203 prmteriti
3222 5136 3427 5190 mensis
3465 5135 3642 5193 Janu-

2127 5245 2146 5278 ι
2194 5225 2339 5291 arii,
2373 5222 2664 5295 pratteritae
2722 5220 2756 5274 4
2810 5221 3141 5288 indictionis,
3175 5225 3302 5277 anni
3347 5224 3487 5280 6109
3517 5240 3641 5295 pec-

1557 5350 1728 5414 Guill
1745 5396 1759 5410 .
1788 5345 2125 5426 Beveregii
2170 5350 2365 5405 notae.

438 5475 557 5547 (εῖτ)
891 5456 1428 5547 έεακίσκκίιοσῖοῧ
1477 5453 1952 5547 ecferam:

358 5526 579 5607 νάῗόύ.
648 5543 744 5595 llic
797 5526 1010 5599 nium-5,
1061 5526 1207 5613 quod
1259 5531 1450 5612 miror,
1490 5526 1674 5613 βπερὶ
1716 5526 1954 5613 codices

367 5602 537 5672 manu
582 5613 817 5675 exarati,
863 5623 968 5663 una
997 5602 1120 5660 cum
1152 5602 1462 5675 impressis,
1490 5602 1547 5675 in
1572 5602 1727 5675 gravi
1759 5609 1952 5650 errore

365 5669 717 5755 cuiISpirant.
753 5669 943 5734 l’attes
973 5679 1121 5734 enim
1180 5669 1286 5732 ltdc
1341 5672 1465 5729 loco
1518 5669 1586 5722 de
1620 5672 1735 5735 ipsi»
1785 5678 1951 5728 anno,

2063 5464 2176 5520 quo
2209 5446 2648 5520 hanesynodum
2680 5444 2986 5507 celebrant,
3021 5444 3641 5520 loqu_untur,_quii_t_t;ta

2065 5513 2207 5575 lianc
2245 5513 2530 5573 lectionem
2559 5525 2676 5570 erat
2706 5532 2885 5568 annus
2920 5532 2947 5565 a
2992 5513 3193 5567 mundo
3212 5513 3434 5569 condito
3473 5516 3638 5579 6109,

2065 5590 2257 5644 indict.
2289 5589 2346 5644 4.
2381 5587 2454 5639 Ex
2491 5587 2814 5640 indictinnis
2851 5584 3127 5637 mentione
3160 5594 3376 5637 constat
3424 5586 3640 5641 cixilent

2064 5661 2382 5715 Graecorum
2408 5673 2570 5713 seram
2600 5657 2687 5711 hic
2718 5662 3037 5727 usurpatam
3060 5668 3203 5720 esse,
3231 5670 3351 5720 qua:
3382 5671 3411 5710 a
3434 5658 3640 5713 mundo
