4078 6390
385 401 491 463 5E9

1440 413 1520 471 ΙΝ
1561 416 1725 475 CAN.
1767 416 1853 475 lll
1881 414 2095 477 CONC.
2130 419 2210 479 ΙΝ
2241 421 2569 482 TRUILO;

3559 426 3663 487 531i

383 516 537 570 νείαν
570 516 759 572 αὐτοῦ.
797 519 863 573 "A
886 520 943 575 δὲ
966 525 1190 593 κρατεῖν
1214 522 1311 578 καὶ
1338 525 1538 594 ἐφεξῆς
1570 529 1951 583 κεκανόνισται

2087 534 2421 591 ινοιειιίοιιειιι
2462 537 2597 592 nihil
2629 537 2889 607 scriptum
2921 547 3025 594 est.
3070 537 3202 605 Qua:
3240 548 3424 595 autem
3472 541 3524 595 iu
3564 558 3665 609 po—

384 606 515 676 περὶ
563 608 625 661 τὸ
652 610 832 676 τέλος,
860 614 970 665 τῶν
1018 614 1192 682 ἁγίων
1238 616 1559 671 ἀποστόλων
1594 622 1701 674 εἰσὶ
1737 623 1963 688 κανόνες

385 701 452 767 ιζ’
491 704 584 756 καὶ
624 712 717 775 ιη’,
753 706 849 767 οὓς
872 711 1402 781 παραϐαινομένους,
1437 714 1511 777 ὡς
1536 714 1735 782 ἔοικεν,
1764 719 1813 771 οἱ
1848 721 1962 774 Πα-

380 793 541 863 τέρες
571 795 963 854 ἀνενεώσαντο.
993 802 1158 869 Ζήτει
1181 802 1275 855 οἶιν
1294 804 1393 867 τὰς
1420 804 1627 858 τούτων
1661 809 1964 877 ἑρμηνείας

383 884 589 938 ἐκεῖσε·
618 886 915 958 ἐξαιρέτως
939 891 995 944 δὲ
1018 895 1085 946 τά
1101 896 1380 963 γραξέντα
1404 897 1484 959 είς
1506 897 1598 951 sitv
1652 899 1720 969 ιβ’
1764 904 1971 957 κανόνα

379 980 483 1048 τῆς
518 980 577 1033 ἐν
621 982 869 1054 Ἀγκύρᾳ
901 986 1149 1040 συνόδου.

455 1162 706 1218 ΖΩΝΑΡ.
741 1163 822 1217 Τὰ
867 1166 966 1235 μὲν
994 1167 1088 1221 τοῦ
1118 1168 1309 1239 τρίτου
1364 1173 1590 1237 κανόνος
1638 1175 1852 1241 τούτου,
1887 1175 1961 1240 ὡς

386 1253 615 1317 καιρικὰ
651 1251 742 1304 καὶ
783 1254 875 1305 ἐπὶ
906 1257 1018 1318 τοῖς
1046 1256 1165 1311 τότε
1191 1258 1260 1311 δι’
1295 1260 1609 1331 οἰκονομίαν
1655 1264 1960 1332 ὁρισθέντα,

381 1340 445 1392 οὐ
498 1342 685 1410 μέντοι
727 1361 789 1411 γε
821 1346 915 1398 καὶ
948 1346 1041 1400 ἐπὶ
1067 1350 1181 1413 τοῖς
1210 1350 1336 1419 ἑξῆς
1372 1357 1599 1421 κρατεῖν
1644 1356 1959 1423 ὀφείλοντα,

384 1432 672 1502 εξάθησαν·
702 1436 738 1489 ἃ
776 1436 833 1490 δὲ
871 1442 1094 1510 κρατεῖν
1124 1444 1218 1494 καὶ
1246 1444 1339 1497 ἐπὶ
1390 1446 1497 1498 τῶν
1560 1448 1764 1518 ἑφεξῆς
1795 1467 1965 1503 κεκω-

380 1524 644 1592 νόνισται,
676 1529 782 1582 τῶν
815 1531 990 1597 ἁγίων
1042 1534 1359 1592 ἀποστόλων
1384 1539 1493 1592 elei.
1529 1541 1757 1601 κανόνες
1795 1544 1965 1598 ἐπτα-

383 1616 712 1682 καιδέκατος
752 1622 848 1673 καὶ
884 1623 1379 1691 ὀκτωκαιδέκατος,
1420 1631 1515 1694 οὒς
1546 1635 1962 1703 παραϐαινομέ-

380 1724 511 1769 νους
542 1710 575 1778 ἡ
608 1710 827 1776 σύνοδος
862 1713 1013 1787 αὕτη.
1038 1718 1393 1775 ἀνενεώσατο.
1449 1725 1513 1777 Oi
1534 1725 1767 1778 τοιοῦτοι
1798 1726 1960 1780 δὲκαὶ

378 1796 551 1864 ἄμφω
587 1801 812 1866 κανόνες
837 1805 1206 1880 ὲξηγήθησαν,
1247 1812 1342 1866 καὶ
1368 1814 1394 1865 ό
1425 1813 1605 1883 ζητῶν
1623 1816 1723 1884 τὴν
1752 1818 1959 1870 τούτων

2070 633 2275 681 sterum
2336 629 2492 684 ﬂrma
2533 639 2585 685 et
2645 638 2762 686 rata
2812 646 2933 687 esse
2975 633 3121 687 circa
3182 634 3340 688 ﬁnem
3394 637 3659 691 canonice

2070 721 2424 775 Constitutum
2474 731 2578 787 est,
2632 732 2772 778 sunl-
2798 733 3108 778 sanctorum
3159 726 3532 794 apostolorum
3595 730 3661 781 17

2073 822 2127 867 et
2166 814 2256 876 18,
2286 815 2379 883 qui
2407 830 2551 879 cum,
2587 824 2645 869 ut
2677 824 2759 870 est
2784 816 3099 881 verisimile,
3131 833 3234 871 non
3273 818 3548 874 observati
3575 836 3661 874 es-

2069 914 2215 968 sent,
2263 920 2358 961 eos
2407 908 2599 962 Patres
2652 919 3072 964 renovaverunt.
3135 908 3326 976 Quaere
3372 926 3503 981 ergo
3551 912 3660 966 illic

2069 1012 2258 1051 eorum
2319 997 2847 1068 interpretationem,
2889 1001 3161 1070 praecipue
3196 1012 3374 1057 autem
3419 1018 3483 1059 ea
3535 1020 3658 1073 qu'e

2070 1088 2270 1156 scripta
2288 1101 2411 1145 sunt
2430 1092 2481 1143 itt
2520 1092 2587 1145 12
2607 1107 2727 1147 can.
2768 1091 2966 1164 Ancyr.
2995 1093 3207 1163 synodi.

2144 1182 2397 1238 ZONAR.
2432 1183 2562 1251 Qum
2607 1185 2673 1237 ad
2731 1184 2873 1240 hunc
2909 1186 3129 1241 tertium
3173 1202 3439 1243 canonem
3489 1191 3658 1259 perti-

2070 1283 2224 1340 nent,
2281 1274 2354 1329 illi
2378 1276 2576 1344 quippe
2605 1276 2779 1331 solum
2822 1278 3075 1345 tempori,
3105 1294 3212 1346 quo
3253 1294 3425 1335 canon
3478 1281 3655 1334 editus

2070 1377 2172 1430 cst,
2208 1367 2640 1429 accommodata,
2688 1368 2999 1437 nullamque
3036 1381 3223 1438 postea
3266 1371 3372 1424 vim
3420 1371 3654 1440 amplius

2070 1459 2317 1515 habitura
2340 1461 2703 1530 prmtermissa
2731 1459 3015 1527 sunt.Quae
3036 1472 3215 1518 autem
3242 1464 3387 1533 apud
3413 1475 3658 1530 posteros

2069 1567 2284 1622 quoque
2331 1553 2484 1607 ﬁrma
2546 1552 2738 1607 Patres
2796 1569 2917 1607 esse
2970 1554 3280 1617 voluerunt,
3353 1555 3657 1624 apostolico

2070 1643 2281 1698 decimo
2305 1645 2534 1712 septimo
2557 1653 2611 1698 et
2639 1644 2850 1698 decimo
2889 1653 3080 1699 octavo
3121 1661 3329 1701 canone
3375 1646 3660 1701 continen-

2071 1738 2159 1782 tur
2192 1748 2205 1785 :
2238 1747 2375 1801 quos
2409 1731 2608 1800 passim
2660 1733 2936 1801 neglectos
2986 1734 3100 1788 haec
3161 1735 3401 1803 synodus
3444 1738 3659 1791 censuit

2068 1823 2431 1879 n-novandos.
2478 1824 2555 1879 Illi
2609 1841 2740 1879 vero
2782 1828 2941 1882 ambo
2982 1842 3220 1882 canones
3263 1828 3606 1894 explicantur
3641 1846 3655 1883 :

381 1889 654 1986 ἐξήγησιν
692 1896 922 1969 εὑρήσει
951 1900 1122 1970 αὐτὴν
1150 1903 1209 1955 ὲν
1242 1907 1355 1969 τοῖς
1394 1907 1503 1960 τῶν
1536 1907 1709 1975 ἁγίων
1736 1911 1968 1964 ἀποστό-

2087 1921 2129 1967 3t
2173 1927 2366 1967 eorum
2408 1915 2825 1983 explicationem
2867 1917 2912 1971 si
2954 1917 3076 1985 quis
3120 1918 3457 1986 quaesiverit,
3490 1918 3660 1972 'intcr

378 1984 491 2035 λων
514 1987 759 2040 κανόσιν.

378 2096 608 2152 ΔΡΙΣΤ.
672 2118 693 2151 ι
738 2103 933 2173 Ίερεῖς
965 2106 1190 2177 δίγαμοι
1221 2110 1312 2163 καὶ
1360 2114 1767 2184 ἀμεταμέλητοι
1798 2118 1968 2190 καθῄ-

459 2206 480 2239 ‹
534 2207 753 2260 ρηνται.
783 2195 846 2247 Oi
874 2195 932 2249 δὲ
962 2198 1022 2250 τὸ
1047 2201 1219 2253 κακὸν
1253 2203 1628 2274 ἀμελήσαντες
1671 2208 1763 2261 ἐπὶ
1802 2211 1967 2279 ῥητὸν

463 2302 479 2329 ι
533 2284 836 2340 παύσονται
863 2289 1076 2358 χρόνον*
1112 2292 1212 2344 οὐκ
1247 2294 1465 2363 εὐλογεῖ
1502 2297 1609 2365 γὰρ
1659 2299 1688 2350 ό
1720 2316 1968 2368 τραυμα-

464 2393 488 2424 ι
528 2376 670 2440 τίας.
704 2379 816 2431 Καὶ
864 2381 915 2434 οἱ
953 2386 1292 2454 παρανόμως
1346 2388 1722 2458 γαμήσαντες,
1760 2390 1857 2444 καὶ
1915 2391 1965 2444 oi

465 2488 490 2517 ι.
540 2468 680 2536 μετὰ
729 2472 830 2542 τὴν
882 2476 1218 2544 χειροτονίαν
1274 2480 1599 2547 συζυγέντες
1659 2483 1797 2549 μετὰ
1874 2483 1967 2535 τὴν

464 2580 483 2610 ι
540 2564 705 2633 ῥητὸν
723 2566 915 2635 χρόνον
929 2568 1055 2631 τοὺς
1081 2568 1327 2639 βαθμοὺς
1340 2573 1782 2642 γνωριζέτωσαν,
1802 2576 1971 2646 ἀπρό·

468 2675 488 2703 ι
537 2672 699 2709 κοποι
725 2659 1004 2727 μένοντες,
1034 2661 1236 2733 δηλαδὴ
1262 2667 1358 2735 τῆς
1392 2665 1653 2734 συζυγίας
1681 2666 1967 2737 ἀφέμενοι.

463 2766 480 2795 ι
536 2746 598 2799 El
628 2746 685 2799 δὲ
727 2749 867 2817 μετὰ
893 2751 985 2802 τὸν
1034 2753 1158 2822 ὅρον
1196 2755 1556 2825 κωλυόμενοι,
1586 2757 1973 2829 καθῃρημένοι

460 2854 480 2887 ι
539 2838 871 2907 μενέτωσαν.
912 2861 938 2895 ›

460 3040 526 3093 Oi
546 3042 646 3111 τῆς
682 3043 908 3098 συνόδου
935 3048 1144 3119 ταύτης
1170 3051 1439 3124 Πατέρες,
1470 3054 1565 3107 καὶ
1588 3055 1649 3108 τὸ
1683 3057 1974 3127 γινόμενον

386 3135 766 3207 διορθούμενοι
793 3141 987 3207 κακὸν,
1023 3143 1118 3195 καὶ
1178 3144 1241 3197 τὸ
1295 3144 1491 3215 μέλλον
1527 3148 1974 3218 ὲξασφαλιζόμε-

2067 2005 2398 2073 apostolicos
2431 2021 2668 2062 canones
2694 2022 2793 2061 suo
2812 2008 2932 2063 loco
2954 2024 3070 2063 eam
3104 2010 3355 2078 reperiet.

2066 2114 2297 2171 ARIST.
2355 2135 2375 2168 ι
2419 2115 2766 2181 Sacerdotes,
2829 2119 2922 2187 qui
2954 2120 3220 2174 secundas
3260 2126 3654 2174 contraxerunt

2144 2225 2165 2256 ι-
2207 2207 2427 2276 nuptias
2476 2215 2533 2262 et
2588 2224 2701 2264 non
2747 2208 3097 2277 resipiscuut,
3143 2210 3510 2278 deponuntur.
3556 2203 3677 2275 Qui»

2147 2319 2169 2348 σν
2208 2309 2388 2353 autem
2419 2314 2447 2352 a
2483 2300 2626 2353 malo
2654 2301 2951 2364 abstinent,
3006 2302 3231 2356 deﬁnito
3272 2312 3515 2371 tempore
3547 2317 3665 2356 ces-

2150 2412 2167 2442 ι
2211 2393 2427 2446 saliunt.
2467 2391 2791 2447 Vulneratus
2848 2393 2993 2447 enim
3040 2409 3146 2448 non
3195 2393 3494 2447 benedicit.
3559 2392 3683 2458 Qui

2148 2505 2165 2535 ι
2215 2483 2438 2539 nefariis
2475 2496 2655 2538 autem
2697 2486 2900 2555 nuptiis
2952 2485 3213 2554 implicati
3257 2495 3409 2549 sunt,
3459 2492 3515 2538 et
3566 2485 3668 2552 qui

2152 2595 2169 2624 ι
2214 2586 2335 2644 post
2371 2575 2771 2631 ordinationem
2818 2575 3218 2629 matrimonium
3250 2582 3673 2634 contraxerunt,

2149 2683 2167 2715 ι
2214 2674 2333 2733 post
2355 2673 2568 2734 tempus
2588 2666 2871 2719 definitum
2905 2666 2971 2718 ad
2994 2664 3195 2736 gradus
3219 2680 3346 2721 suos
3374 2665 3670 2719 restituan-

2151 2778 2173 2808 ι.
2215 2766 2325 2822 tur,
2358 2757 2589 2812 ulterius
2614 2774 2719 2812 non
2747 2758 3134 2826 promovendi,
3166 2758 3512 2811 matrimonio
3540 2757 3662 2812 scil.

2152 2871 2174 2902 ι
2214 2848 2501 2907 dissoluto.
2546 2850 2639 2905 Sin
2694 2860 2815 2920 post
2855 2851 3167 2914 decretum,
3229 2865 3355 2904 cum
3406 2848 3681 2918 prohibiti:

2156 2962 2175 2996 ι
2223 2943 2445 3008 fuerint,
2477 2943 2706 3013 depositi
2739 2952 3012 2999 maneant.
3053 2960 3073 2996 ι

2152 3057 2353 3129 Synodi
2384 3057 2609 3131 hujusce
2630 3058 2843 3122 Patres,
2866 3065 2921 3110 ut
2944 3055 3143 3110 malum
3164 3055 3434 3124 quodjam
3464 3055 3673 3110 factum-

2080 3150 2182 3207 l‘uit
2222 3150 2606 3215 emendarem,
2635 3156 2690 3204 et
2721 3149 2960 3203 futurum
2990 3149 3395 3220 propulsarent,
3428 3164 3667 3217 praesen-

387 3245 498 3294 νοι,
538 3228 630 3282 τὸν
659 3230 912 3301 παρόντα
943 3234 1143 3288 κανόνα
1171 3235 1445 3305 ἐξέθεντο,
1480 3239 1576 3292 καὶ
1644 3241 1975 3312 διορίζονται

2087 3254 2189 3302 tem
2235 3245 2391 3315 161
2441 3243 2663 3300 edidere
2713 3258 3001 3307 canonem,
3047 3250 3101 3296 et
3150 3242 3474 3305 decernunt,
3516 3241 3683 3309 quod

388 3319 468 3381 ὡς
491 3321 605 3374 ὅσοι
639 3322 740 3390 μὲν
772 3323 879 3376 τῶν
914 3325 1109 3396 ἱερέων
1136 3328 1229 3381 κα1⁵
1257 3330 1524 3384 διακόνιον
1553 3332 1815 3405 δευτέραν
1850 3334 1973 3390 ἔλα-

390 3409 492 3463 δον
522 3412 767 3484 γαμετὴν
790 3416 897 3485 πρὸ
920 3419 1021 3486 τῆς
1052 3417 1229 3471 αὐτῶν
1251 3420 1645 3485 συνελεύσεως.
1690 3423 1785 3477 καὶ
1814 3425 1969 3494 ἔμει-

386 3521 490 3555 ναν
518 3504 677 3576 μέχρι
706 3507 807 3576 τῆς
842 3509 1152 3579 παρουσίας
1173 3512 1359 3566 αὐτῶν
1379 3515 1812 3586 ἀμεταμέλητοι,
1842 3520 1973 3582 τοὺς

393 3594 675 3666 ἀθέσμους
706 3600 920 3668 γάμους
945 3601 1019 3670 μὴ
1039 3603 1471 3669 διασπάσαντες,
1514 3606 1841 3677 καθαιρέσει
1869 3627 1974 3663 κα-

388 3688 580 3757 νονικῇ
618 3686 1116 3758 ύποὸληθὴσονται.
1170 3693 1265 3744 καὶ
1298 3695 1377 3757 εἰς
1428 3695 1552 3758 τοὺς
1609 3699 1774 3761 λαοὺς
1810 3717 1976 3771 μετα-

390 3776 660 3828 πέσωσιν·
691 3778 807 3831 ὅσοι
831 3778 911 3840 δὲ,
942 3780 1047 3850 πρὸ
1080 3782 1181 3851 τῆς
1234 3784 1605 3849 συνελεύσεως
1647 3789 1829 3843 αὐτων
1882 3810 1979 3861 με-

390 3870 820 3938 ταμεληθέντες,
857 3872 918 3924 τὸ
983 3876 1266 3947 συμφέρον
1332 3878 1676 3946 ἐπέγνωσαν,
1738 3883 1834 3936 καὶ
1880 3885 1979 3954 τὴν

396 3963 560 4033 ξένην
596 3968 688 4019 καὶ
725 3965 880 4020 νόθον
918 3967 1127 4039 ταύτην
1163 3970 1489 4043 συμπλοκὴν
1521 3973 1850 4042 ἀπεδίωξαν,
1878 3978 1979 4047 τῆς

399 4055 503 4125 μὲν
532 4055 837 4127 ἱερωσύνης
873 4057 1272 4128 παυθήσονται,
1320 4061 1741 4132 ὲπιτιμηθέντες
1765 4069 1860 4121 καὶ
1888 4067 1981 4120 ἐπὶ

401 4146 567 4218 ρητδν
594 4147 694 4217 ἢδη
732 4146 952 4217 χρόνον,
1000 4149 1168 4219 μόνης
1211 4150 1270 4203 δὲ
1332 4154 1430 4220 τῆς
1479 4154 1645 4224 τιμῆς
1694 4157 1980 4225 μεθέξουσι

395 4237 500 4304 τῆς
527 4237 670 4289 κατά
699 4238 801 4307 τὴν
838 4238 1108 4309 καθέδραν
1133 4242 1226 4293 καὶ
1261 4243 1469 4305 στάσιν,
1489 4247 1583 4298 καὶ
1613 4247 1984 4320 ἀρκεσθήσον-

397 4345 490 4380 ται
525 4330 591 4398 τῇ
627 4329 913 4400 προεδρίᾳ,
954 4329 1033 4399 τῷ
1076 4331 1267 4400 Κυρίῳ
1294 4334 1727 4402 προσκλαίοντες
1763 4354 1982 4409 συγχω-

403 4419 643 4491 ρηθῆναι
681 4421 869 4483 αὐτοῖς
892 4421 954 4474 τὸ
1000 4422 1064 4475 ὲκ
1098 4425 1197 4494 τῆς
1227 4425 1452 4495 ἀγνοίας
1487 4428 1773 4499 ἀνόμημα.
1825 4432 1987 4485 Ἀνα-

399 4512 663 4565 κόλουθον
703 4512 812 4582 γὰρ
837 4513 931 4566 τὸν
980 4519 1327 4585 τραυματίαν
1357 4520 1651 4591 γενόμενον
1679 4524 1868 4595 ἕτερον
1896 4525 1986 4578 εὑ-

396 4606 605 4672 λογεῖν.
660 4605 828 4660 Ἀλλὰ
859 4607 954 4661 καὶ
989 4610 1038 4662 ei
1075 4610 1184 4681 πρὸ
1222 4612 1324 4681 τῆς
1372 4616 1714 4683 χειροτονίας
1746 4619 1989 4688 πρεσϐύ-

399 4716 579 4769 τεροι,
638 4699 732 4753 καὶ
798 4698 1057 4765 διάκονοι,
1136 4706 1229 4756 καὶ
1293 4705 1661 4773 ύποδιάκονοι,
1724 4712 1828 4782 μιᾷ
1887 4713 1997 4782 μὲν,

400 4794 621 4863 γαμετῇ
667 4793 1062 4862 συναφθέντες,
1101 4797 1248 4867 χήρα
1286 4797 1345 4851 δὲ
1388 4801 1757 4874 τυγχαηνούσῃ·
1801 4803 1987 4859 ὡσαύ-

399 4901 515 4947 τως
541 4884 598 4937 δὲ
622 4884 719 4937 καὶ
744 4888 794 4937 οἱ
822 4887 963 4954 μετὰ
992 4885 1091 4956 τὴν
1128 4889 1467 4958 χειροτονίαν
1499 4892 1579 4944 ἑνὶ
1608 4892 1774 4964 γάμιρ
1807 4914 1982 4967 προσ-

402 4976 772 5047 ομιλήσαντες
819 4978 919 5045 τῆς
956 4980 1054 5047 μὲν
1112 4980 1418 5051 ἱερωσύνης
1448 4983 1632 5037 τέλεον
1661 4986 1721 5037 οὐ
1772 4988 1987 5059 παυθή-

410 5084 621 5133 σονται,
658 5068 772 5124 ἀλλ’
800 5070 891 5121 ἐπὶ
918 5069 1082 5140 ῥητόν
1112 5088 1233 5124 τινα
1267 5064 1763 5145 ἐπιτιμηθήσονται
1788 5079 1984 5148 χρόνον

364 5216 371 5223 ,
406 5161 505 5213 καὶ
537 5161 639 5231 τῆς
674 5162 828 5231 ἱερᾶς
884 5162 1297 5232 κωλυθήσονται
1336 5165 1704 5238 λειτουργίας,
1769 5173 1863 5225 καὶ
1905 5173 1987 5236 είς

406 5253 538 5315 τοὺς
572 5252 806 5315 οἰκείους
850 5252 1007 5317 αὖθις
1057 5255 1483 5312 ἀποκαταστῶσι
1520 5261 1784 5333 βαθμοὺς,
1847 5281 1987 5329 προ-

406 5341 586 5412 δήλως
655 5344 1003 5413 διαλυόμενοι
1046 5344 1106 5399 τὸ
1157 5348 1396 5418 ἄθεσμον
1470 5354 1833 5420 συνοικέςιον,
1892 5356 1988 5410 καὶ

2078 3339 2397 3410 quicunque
2420 3336 2636 3407 quidem
2681 3337 2993 3392 sacerdotes
3027 3344 3087 3390 et
3125 3334 3338 3389 diaconi
3368 3333 3662 3388 secundum

2078 3434 2348 3487 duxerunt
2401 3445 2624 3485 uxorem
2669 3439 2799 3483 ante
2841 3428 2985 3482 hunc
3014 3442 3201 3483 eorum
3237 3434 3587 3487 conventum,
3612 3434 3667 3478 et

2078 3540 2253 3595 usque
2278 3524 2341 3579 ad
2372 3525 2612 3594 ipsorum
2648 3525 2938 3578 adventum
2968 3522 3370 3592 impoeuitentcs
3394 3535 3665 3582 mansere,

2081 3618 2318 3673 nefarias
2355 3618 2486 3672 istas
2516 3631 2621 3671 non
2651 3616 3018 3671 distrahentes
3060 3614 3298 3683 nuptias,
3339 3614 3666 3682 depositioni

2081 3709 2358 3766 canonica:
2377 3707 2752 3778 subjicientur,
2773 3717 2827 3761 et
2845 3706 2911 3760 ad
2936 3705 3105 3762 laicos
3131 3706 3400 3761 decideut.
3425 3705 3668 3771 Quicun-

2081 3816 2190 3873 que
2236 3810 2416 3857 autetn
2454 3807 2583 3855 ante
2620 3800 2860 3869 ipsorum
2917 3807 3246 3853 conventum
3284 3794 3688 3865 resipiscentes

2082 3897 2225 3964 quod
2282 3894 2505 3964 expedit
2535 3900 2912 3962 agnmerunt,
2948 3901 3001 3946 et
3048 3891 3283 3945 alienam
3333 3889 3493 3943 istam
3543 3903 3670 3956 spu-

2083 3985 2331 4054 riamque
2354 3982 2803 4049 congressionem
2837 3980 3184 4049 expulerunt,
3218 3978 3528 4033 sacerdotio
3551 3978 3671 4047 qui-

2084 4077 2203 4130 dem
2268 4072 2415 4145 fungi
2474 4072 2936 4142 supersedebttnt,
2998 4070 3063 4124 ad
3119 4070 3444 4141 praeﬁnitum
3504 4069 3669 4124 etiam

2087 4176 2300 4235 tempus
2335 4165 2531 4235 puniti,
2556 4163 2702 4218 illius
2725 4172 2906 4223 autem
2940 4163 3163 4217 honoris
3188 4162 3356 4215 solius
3376 4160 3669 4231 participes

2085 4267 2247 4315 erunt
2291 4258 2379 4327 qui
2422 4258 2474 4311 in
2513 4257 2771 4311 cathedra
2816 4264 2871 4311 et
2905 4255 3163 4322 statione,
3229 4263 3284 4308 et
3321 4254 3508 4322 prima:
3551 4253 3669 4307 sedi

2087 4349 2458 4420 acquiescenl,
2489 4347 2722 4402 Domino
2756 4345 3008 4417 lacrymis
3048 4343 3419 4415 supplicantes
3452 4350 3510 4397 ιιι
3543 4356 3673 4412 pec-

2089 4452 2210 4497 cato
2250 4455 2348 4495 suo
2397 4455 2492 4510 per
2523 4436 2887 4509 ignorantiam
2932 4436 3171 4492 admisso
3215 4436 3373 4491 venia
3408 4434 3672 4490 conceda-

2093 4542 2200 4585 tur.
2266 4529 2384 4586 Non
2422 4533 2566 4586 enim
2606 4529 2887 4590 convenit,
2914 4529 3084 4598 utqui
3114 4529 3229 4597 ipse
3249 4537 3331 4583 est
3361 4527 3674 4581 vulneratus

2097 4623 2251 4677 alteri
2284 4622 2588 4678 bettedieat.
2622 4619 2729 4676 Sed
2757 4629 2812 4675 et
2844 4620 3144 4689 presbyteri
3171 4626 3228 4674 et
3252 4618 3464 4674 diaconi
3494 4627 3549 4673 et
3575 4618 3674 4689 hy.-

2097 4715 2402 4785 podiaeoni,
2451 4714 2539 4782 qui
2578 4722 2707 4767 ante
2747 4711 3146 4766 ordinationem
3192 4725 3353 4763 unam
3403 4709 3677 4764 duxerant

2097 4824 2345 4872 uxorem,
2388 4808 2483 4862 sed
2535 4820 2656 4876 qua:
2687 4805 2846 4861 vidua
2900 4805 3019 4869 sit;
3045 4804 3302 4859 similiter:
3334 4813 3390 4857 et
3432 4802 3520 4871 qui
3554 4810 3678 4870 post

2096 4898 2491 4954 ordinationem
2532 4897 2631 4951 uni
2675 4896 3025 4950 matrimonio
3056 4911 3116 4951 se
3148 4894 3548 4965 applicuerunt,
3588 4908 3680 4948 sa—

2097 4988 2339 5043 cerd0tio
2398 4986 2617 5054 quidem
2681 5000 2785 5040 non
2842 4984 3059 5054 penitus
3090 4984 3417 5050 abscedant,
3465 4984 3560 5039 sed
3609 4982 3677 5036 ad

2098 5077 2420 5145 prmﬁnitum
2440 5075 2659 5146 aliquod
2694 5087 2905 5146 tempus
2930 5075 3317 5144 punientur,’et
3339 5091 3370 5129 a
3394 5089 3551 5131 sacro
3578 5074 3679 5127 mi-

2098 5171 2326 5228 nisterio
2348 5170 2605 5239 prohibiti
2634 5177 2815 5233 erunt,
2845 5178 2902 5223 et
2933 5168 3001 5222 ad
3030 5169 3281 5239 proprios
3308 5169 3525 5223 tandem
3555 5183 3679 5237 gra-

2099 5264 2197 5319 dus
2232 5263 2423 5319 iterum
2450 5262 2826 5327 restituentur,
2860 5260 3128 5315 nefarium
3162 5260 3467 5330 coniugium
3504 5259 3679 5314 maui-

2068 5390 2069 5393 η
2097 5352 2702 5418 festodissolventes,et
2724 5351 2799 5407 ad
2823 5351 2993 5407 alium
3022 5349 3250 5422 gradum
3276 5349 3539 5419 majorem
3582 5365 3679 5405 ne-

1602 5510 1805 5571 Guill.
1843 5512 2179 5593 Beveregii
2228 5518 2416 5574 nom.

406 5626 451 5704 ὲ
485 5621 604 5704 (ξε)
649 5624 995 5704 Ἐῖξατῼὲῖως
1051 5628 1125 5704 δέ
1148 5628 1218 5704 τᾷ
1262 5630 1585 5704 γραφέντα.
1630 5633 1728 5689 llic
1755 5633 1909 5692 locus
1936 5637 1991 5689 in

408 5689 719 5774 Parisiensi
773 5689 1029 5774 editione
1083 5699 1162 5774 sic
1197 5689 1420 5774 legitur,
1476 5702 1712 5769 μάλιστα
1740 5704 1799 5759 δὲ
1830 5689 1905 5758 τά
1935 5707 1993 5759 ὲν

410 5762 494 5841 τῷ
536 5762 602 5841 ιβξ
637 5771 919 5841 γραφέντα
973 5769 1070 5835 τῆς
1108 5770 1166 5821 ὲν
1199 5762 1742 5841 ξἰἷγκύραουνόδου.
1788 5775 1845 5829 1η
1884 5791 1987 5830 tns.

421 5832 860 5891 Atuerbacoiano
915 5832 1063 5895 totus
1102 5832 1399 5905 omittitur,
1433 5832 1493 5899 ὀι
1534 5854 1678 5900 recte
1707 5844 1931 5915 quidem
1967 5862 1982 5913 ;

2102 5650 2282 5705 neque
2310 5634 2459 5689 enim
2511 5634 2566 5688 in
2605 5632 2778 5705 citato
2809 5628 3139 5705 duodecimo
3183 5628 3276 5705 illo
3314 5629 3535 5705 synodi
3568 5629 3675 5683 Att-

2100 5699 2316 5777 cyr'auae
2354 5718 2567 5777 canone
2591 5703 2659 5758 dc
2689 5701 3429 5777 sacerdotummatrimonio
3454 5699 3637 5765 agitur
3662 5729 3677 5777 τ

2100 5769 2196 5830 sed
2228 5775 2296 5829 de
2355 5774 2444 5839 iis,
2478 5774 2571 5843 qui
2617 5781 2743 5827 ante
2791 5771 3125 5841 baptismum
3178 5769 3584 5829 sacriﬁcarunt,
3624 5770 3680 5824 et

2103 5853 2294 5916 postea
2329 5844 2585 5916 baptizati
2623 5852 2775 5898 sunt.
