4078 6396
441 420 545 485 531

1708 424 1988 485 THEOD.
2021 426 2433 489 BALSAMON

3608 427 3716 500 532

436 545 711 601 quaquam
762 530 1134 598 promerendi,
1195 531 1291 586 sed
1332 532 1387 587 in
1417 531 1607 587 eodem
1649 546 1758 602 quo
1819 532 2011 586 inventi

2131 538 2398 607 μηδαμῶς
2432 538 2489 589 ἒν
2546 536 2717 607 ἑτέρῳ
2766 536 2971 607 μείζονι
3032 538 3229 611 βαθμῷ
3278 540 3709 609 προκόπτοντες,

435 624 659 679 fuerunt
703 624 897 677 ordine
926 634 1333 693 permanentes.
1374 625 1439 680 Et
1486 627 1601 681 haec
1630 626 1848 695 quidem
1887 641 2018 679 con-

436 717 740 770 stituerunt
767 716 908 781 ﬁeri,
935 725 988 771 et
1016 718 1086 771 ob
1133 718 1530 774 humanitatem
1574 728 1629 774 et
1662 719 2019 774 commisera-

438 809 661 870 tionem,
720 816 847 861 ante
888 822 1097 871 eorum,
1156 818 1215 861 ut
1268 809 1473 863 dictum
1521 819 1621 872 est,
1665 819 2017 864 conventum.

435 898 565 953 Post
593 899 732 954 hanc
763 909 942 953 autem
981 901 1427 956 constitutionem
1471 910 1524 957 et
1558 917 1823 957 canonem
1884 903 2020 956 nihil

436 991 709 1055 eiusmodi
764 992 880 1046 ﬁeri
936 993 1281 1060 permittunt,
1328 994 1423 1048 sed
1461 1003 1515 1047 et
1556 993 1729 1058 illum,
1754 994 1844 1063 qui
1877 995 2021 1049 binis

438 1083 751 1153 implicatus
786 1090 872 1139 est
902 1084 1127 1153 nuptiis,
1181 1093 1304 1154 post
1348 1085 1703 1155 baptismum,
1738 1096 1831 1141 aut
1867 1085 2022 1156 pelli-

437 1187 555 1228 cem
577 1175 797 1238 retinet,
828 1186 920 1228 aut
946 1174 1186 1237 viduam,
1215 1183 1311 1228 aut
1343 1176 1411 1231 ab
1435 1175 1543 1230 alio
1588 1176 1891 1244 dimissam,
1928 1185 2021 1231 aut

439 1268 807 1333 meretricem,
852 1276 945 1321 aut
987 1280 1223 1332 servam,
1266 1275 1362 1322 aut
1390 1268 1661 1324 scenicam
1699 1268 1869 1333 ducit,
1914 1283 2018 1322 non

438 1371 602 1425 posse
632 1358 971 1427 episcopum,
1020 1367 1114 1411 aut
1141 1360 1545 1429 presbyterum,
1580 1368 1674 1414 aut
1698 1360 2018 1425 diaconum,

439 1457 536 1504 aut
564 1449 995 1520 hypodiaconum
1027 1452 1163 1517 ﬁeri,
1219 1450 1377 1519 juxta
1422 1452 1691 1507 decimum
1727 1454 2020 1523 septimum

437 1549 495 1595 et
525 1541 794 1596 decimum
828 1551 1079 1597 octavum
1125 1544 1497 1614 apostolorum
1543 1560 1783 1602 canones
1826 1546 2019 1603 decer-

441 1644 597 1687 nunt.

1051 1724 1279 1781 CANON
1318 1728 1404 1783 IV.

447 1832 466 1864 ι
500 1813 556 1869 Si
592 1815 715 1884 quis
747 1816 1039 1886 episcopus
1080 1816 1161 1871 vel
1192 1820 1475 1888 presbyter
1517 1820 1601 1875 vel
1636 1821 1901 1877 diaconus
1938 1822 2017 1875 vel

514 1924 534 1957 ε
578 1905 945 1962 subdiaconus
976 1908 1059 1963 vel
1092 1908 1260 1963 lector
1298 1909 1383 1964 vel
1414 1921 1606 1969 cantor
1636 1915 1717 1969 vel
1757 1914 2019 1969 ostiarius

516 2014 536 2045 ο
583 2013 707 2053 cum
738 2000 965 2055 muliere
1006 2000 1118 2056 Deo
1156 2002 1403 2057 dedicata
1447 2005 1662 2069 coierit,
1697 2008 2017 2075 deponatur,

514 2105 533 2137 ι
582 2098 637 2142 ιιι
666 2090 758 2157 qui
787 2090 990 2146 Christi
1026 2107 1238 2162 sponsae
1274 2094 1465 2149 vitium
1492 2096 1733 2151 attulerit
1765 2115 1778 2150 :
1814 2098 1899 2152 sin
1927 2115 2022 2153 au-

517 2198 540 2232 ι
584 2189 690 2236 tem
727 2180 917 2250 laicus,
950 2193 1282 2254 segregetur.
1311 2204 1331 2238 ι

507 2272 705 2329 BALS.
738 2274 878 2330 Ante
896 2276 1076 2332 omnia
1108 2286 1233 2333 nota
1260 2292 1329 2332 ex
1350 2279 1454 2334 hoc
1480 2283 1731 2351 praesenti
1772 2297 2003 2347 canone,

436 2370 582 2442 quod
612 2370 740 2426 olim
776 2381 1060 2426 cantorum
1108 2373 1263 2436 ordo,
1296 2388 1405 2428 non
1437 2390 1503 2428 ex
1526 2374 1796 2430 eunuchis
1821 2374 2019 2441 solum,

438 2468 500 2516 ut
538 2460 700 2515 hodie
730 2459 811 2526 iit,
860 2462 1313 2528 constituebatur,
1375 2464 1471 2519 sed
1510 2472 1566 2520 et
1591 2479 1659 2519 ex
1688 2465 1753 2518 iis
1792 2464 1881 2533 qui
1916 2481 2019 2519 non

436 2560 597 2607 erant
633 2551 923 2621 ejusmodi.
966 2552 1257 2609 Lectorum
1286 2566 1467 2611 autem
1505 2557 1662 2623 ordo,
1690 2572 1801 2611 non
1836 2566 1892 2612 ut
1919 2556 2020 2626 ipsi

436 2652 747 2711 cantarent,
781 2647 1112 2703 constitutus
1156 2657 1260 2713 est,
1300 2651 1395 2704 sed
1437 2658 1492 2703 ut
1523 2650 1575 2704 in
1611 2648 1851 2715 amboue
1882 2649 2018 2705 divi-

435 2748 539 2790 nas
572 2736 885 2808 Scripturns
923 2738 1184 2808 legerent,
1222 2749 1343 2809 post
1392 2740 1603 2795 ﬁnitum
1652 2739 2016 2811 Malutinum;

435 2831 581 2885 unde
621 2832 785 2886 etiam
832 2832 1064 2890 lectores
1094 2833 1460 2905 appellantur.
1499 2833 1642 2889 Dicit
1665 2834 1813 2890 enim
1852 2833 2020 2904 depo-

436 2925 644 2979 nendos
678 2934 954 2991 cantores,
979 2927 1119 2981 sicut
1147 2936 1201 2981 et
1243 2925 1479 2996 reliquos
1504 2925 1754 2994 clericos,
1778 2926 1872 2996 qui
1896 2941 2017 2981 cun

432 3018 757 3075 mulieribus
793 3019 902 3074 Deo
936 3021 1274 3075 consecratis
1305 3029 1504 3075 coeunt
1542 3037 1556 3074 :
1605 3030 1658 3075 et
1692 3034 1799 3074 non
1844 3018 2016 3074 solum

432 3110 491 3165 in
545 3123 641 3165 eos
676 3111 1097 3179 animadvertit,
1166 3111 1260 3167 sed
1312 3111 1483 3166 laicos
1539 3110 1703 3167 etiam
1765 3111 1855 3178 qui
1910 3109 2019 3165 tale

2122 627 2327 701 ἀλλ’ἦς
2386 631 2692 700 εὑρέθησαν
2720 632 2973 699 μένοντες
3004 633 3227 695 τάξεως.
3265 634 3375 687 Καὶ
3414 635 3586 687 ταῦτα
3616 636 3715 704 μὲν

2123 721 2478 792 προσέταξαν
2523 721 2803 791 γενέσθαι,
2840 722 2928 775 διὰ
2975 723 3029 777 δὲ
3065 724 3166 792 τὴν
3206 725 3623 793 φιλανθρωπίαν
3646 744 3708 779 τε

2123 814 2218 865 καὶ
2244 814 2614 883 συμπάθειαν,
2660 815 2765 885 πρὸ
2789 815 2891 884 τῆς
2930 816 3134 878 αὐτῶν,
3167 817 3242 878 ὡς
3268 818 3516 888 εἴρηται,
3555 837 3713 872 συνε-

2123 904 2383 968 λεύσεως.
2424 907 2660 958 Ἐκτοτε
2694 907 2751 959 δὲ
2779 908 2919 977 μετά
2950 908 3041 960 τὶν
3081 910 3209 978 ὅρον
3264 911 3461 963 τοῦτον
3496 913 3589 963 καὶ
3618 913 3712 964 τὸν

2123 998 2347 1060 κανόνα,
2403 999 2557 1050 οὐδέν
2612 1016 2663 1051 τι
2720 999 2965 1052 τοιοῦτον
3007 1000 3257 1067 γίνεσθαι
3309 1004 3708 1072 συγχωροῦσιν,

2124 1089 2261 1143 ἀλλὰ
2296 1090 2389 1143 καὶ
2444 1090 2536 1143 τὸν
2581 1090 2703 1142 δυσὶ
2754 1091 2957 1159 γάμοις
3019 1092 3411 1159 συμπλακέντα
3462 1094 3597 1160 μετά
3650 1094 3712 1146 τὸ

2123 1180 2429 1249 βάπτισμα,
2458 1180 2792 1251 ῆπαλλακὴν
2805 1184 3169 1251 κτησάμενον,
3194 1184 3225 1254 ἢ
3254 1185 3430 1254 χήραν
3451 1184 3582 1238 λαόό
3615 1203 3707 1245 τα.

2122 1272 2154 1341 ἢ
2192 1273 2321 1340 παρ’
2353 1272 2541 1339 ἑτέρου
2589 1272 3002 1343 ἐκΰεὸλημὲνην
3032 1274 3063 1345 ἢ
3102 1274 3359 1345 πόρνηνῆ
3414 1276 3639 1340 οίκέτιν,
3673 1280 3706 1348 ἢ

2121 1363 2230 1417 τῶν
2268 1363 2363 1416 ἐπὶ
2424 1364 2655 1435 σκηνῆς,
2712 1366 2786 1434 μὴ
2819 1365 3087 1419 δύνασθαι
3126 1362 3611 1432 είναιὲπίσκοπον,
3674 1370 3707 1438 ἢ

2125 1455 2528 1525 πρεσϐύτερον,
2571 1455 2603 1523 ἢ
2636 1455 2961 1525 διάκονον,ἢ
2995 1456 3377 1522 ύποδιάκονον,
3417 1458 3561 1511 κατά
3580 1459 3710 1520 τοὺς

2122 1545 2518 1607 ἀποστολικοὺς
2592 1547 2855 1609 κανόνας,
2911 1547 3004 1600 τὸν
3076 1548 3543 1603 ἑπτακαιδέκατον
3614 1548 3711 1601 καὶ

2122 1637 2591 1691 ὀκτωκαιδέκατον
2612 1639 2963 1709 διορίζονται.

2759 1733 2801 1783 Κ
2816 1732 3003 1783 ΛΝΩΝ
3039 1730 3117 1786 Δ’.

2201 1841 2217 1872 ι
2271 1824 2336 1876 Εἴ
2370 1842 2455 1886 τις
2482 1825 2787 1888 ἐπίσκοπος
2817 1826 2849 1895 ἢ
2881 1825 3255 1896 πρεσϐύτερος
3291 1826 3323 1897 ἢ
3360 1806 3625 1891 διάκονος
3672 1828 3707 1895 ἢ

2205 1934 2221 1964 ι
2280 1917 2643 1980 ύποδιάκονος
2697 1918 2730 1988 ἢ
2778 1918 3135 1987 ἀναγνώστης
3166 1919 3195 1987 ἢ
3228 1919 3493 1988 ψάλτηςῆ
3527 1923 3708 1991 θυρω-

2203 2030 2217 2059 ι
2277 2010 2389 2080 ρος,
2434 2013 2658 2078 γυναικὶ
2689 2012 3044 2083 ἀφιερωμένη
3078 2012 3155 2082 τῷ
3178 2012 3297 2082 Θεῷ
3334 2014 3579 2084 μιχθείη,
3610 2031 3711 2067 κα-

2202 2120 2219 2153 ι
2280 2102 2596 2174 θαιρείσθω,
2633 2104 2708 2162 ὼς
2738 2103 2836 2173 τὴν
2872 2103 3095 2173 νύμφην
3134 2103 3231 2156 τοῦ
3289 2104 3533 2175 Χριστοῦ
3582 2106 3706 2158 δια-

2202 2213 2221 2246 (
2268 2193 2521 2264 φθείρας·
2548 2194 2596 2246 εἰ
2631 2192 2687 2246 δὲ
2712 2192 2926 2257 λαῖκὸς,
2962 2192 3332 2261 ἀφοριζὲσθω.
3397 2214 3415 2246 ›

2195 2286 2394 2340 ΒΑΔΣ.
2439 2287 2554 2357 Πρὸ
2582 2288 2803 2340 πάντων
2841 2287 3149 2356 σημείωσαι
3176 2286 3283 2339 ἀπὸ
3307 2290 3401 2340 τοῦ
3439 2287 3710 2356 παρόντος

2125 2378 2349 2440 κανόνος
2382 2377 2464 2429 ὃτι
2498 2378 2559 2429 τὸ
2593 2376 2825 2429 παλαιὸν
2853 2377 2952 2429 οὐκ
2981 2377 3077 2430 ἀπ’
3132 2376 3404 2446 εὐνούχων
3437 2378 3600 2444 μόνον
3648 2377 3711 2429 τὸ

2121 2470 2232 2523 τῶν
2265 2468 2488 2538 ψαλτῶν
2538 2469 2727 2536 τάγμα
2789 2468 3102 2532 συνίστατο,
3166 2468 3347 2530 καθὼς
3378 2468 3587 2535 γίνεται
3622 2470 3712 2536 σήο

2128 2579 2321 2633 μερον,
2352 2560 2493 2615 ἀλλὰ
2524 2560 2620 2614 καὶ
2649 2560 2753 2612 ἀπὸ
2790 2560 2865 2629 μὴ
2884 2558 3167 2612 τοιούτων.
3192 2560 3265 2610 Τὸ
3292 2560 3479 2627 τάγμα
3518 2559 3576 2611 δὲ
3595 2560 3708 2610 τῶν

2124 2653 2516 2721 ἀναγνωστῷν,
2558 2651 2620 2703 οὐ
2642 2650 2731 2703 διὰ
2773 2651 2833 2703 τὸ
2872 2650 3098 2719 ψάλλειν
3142 2650 3361 2712 αὐτοὺς,
3424 2650 3705 2719 ἐτυπώθη,

2125 2744 2265 2799 ἀλλὰ
2296 2744 2384 2797 διὰ
2435 2742 2495 2795 τὸ
2529 2740 2928 2809 ἀναγινώσκειν
2969 2742 3058 2794 ἐπ’
3102 2742 3355 2809 ἄμϐωνος
3395 2742 3493 2803 τὰς
3553 2743 3707 2803 θείας

2124 2834 2350 2907 Γραφὰς
2379 2834 2518 2903 μετά
2546 2834 2645 2904 τὴν
2681 2833 2945 2886 ἀπόλυσιν
2978 2831 3070 2886 τοῦ
3118 2832 3317 2903 ὄρθρου
3340 2846 3354 2860 ⁸
3406 2833 3463 2899 ἐξ
3503 2827 3563 2885 οὖ
3612 2835 3707 2886 καὶ

2123 2928 2477 2997 ἀναγνῶσται
2515 2926 2832 2981 καλοῦνται.
2862 2926 3000 2996 Φησὶ
3027 2926 3139 2995 γὰρ
3170 2924 3705 2995 καθαιρεῖσθαιτοὺς

2120 3022 2329 3091 ψάλτας
2380 3021 2568 3091 ὥσπερ
2602 3021 2850 3082 καὶτοὺς
2880 3019 3104 3083 λοιποὺς
3158 3018 3457 3087 κληρικοὺς
3503 3036 3703 3088 μιγνυ·

2125 3118 2322 3185 μένους
2349 3116 2469 3175 ταῖς
2495 3114 2571 3182 τῷ
2627 3113 2747 3183 Θεῷ
2779 3113 3229 3184 ἁφιερωθείσαιςο
3280 3114 3377 3165 καὶ
3427 3113 3488 3165 ού
3539 3113 3702 3182 μόνον

433 3201 563 3269 quid
618 3201 846 3268 faciunt,
896 3212 1169 3273 segregat.
1204 3202 1322 3258 Non
1368 3211 1454 3259 est
1494 3212 1676 3258 autem
1720 3218 1919 3256 novum
1968 3202 2011 3257 si

2121 3206 2348 3269 τούτους
2400 3206 2640 3271 κολάζει,
2697 3207 2832 3260 ἀλλὰ
2890 3206 2989 3258 καὶ
3019 3206 3147 3269 τοὺς
3181 3205 3405 3267 λαῖκοῦς
3454 3203 3703 3256 τοιοῦτον

432 3295 668 3353 clericus
719 3307 939 3366 propter
996 3297 1101 3353 tale
1137 3297 1391 3353 delictum
1436 3299 1759 3366 deponatur.
1814 3295 1890 3350 Ex
1943 3295 2016 3350 25

432 3388 581 3443 enim
613 3402 825 3444 canone
871 3390 1191 3459 apostolico,
1240 3390 1404 3444 etiam
1456 3389 1549 3458 qui
1583 3387 2016 3459 qualemcunque

431 3479 719 3535 mulierem
789 3484 1063 3551 stupravit
1116 3481 1386 3546 clericus,
1441 3481 1779 3548 deponitur:
1846 3480 2016 3535 multo

431 3583 616 3627 autem
650 3572 823 3642 magis
852 3576 941 3641 qui
973 3589 1222 3642 sponsam
1245 3574 1448 3630 Christi
1479 3584 1531 3630 et
1557 3588 1651 3627 vas
1671 3571 1779 3626 Deo
1800 3572 2017 3627 dedica-

435 3676 550 3722 tum
585 3667 796 3738 polluit,
828 3669 1151 3737 deponetur.
1180 3669 1322 3740 Lege
1353 3682 1408 3724 et
1436 3667 1609 3723 sancti
1631 3666 1813 3721 Basilii
1844 3681 2012 3721 cauo-

432 3775 556 3814 nem
580 3758 668 3823 l8,
701 3759 942 3815 20et60.
972 3761 1105 3817 Cum
1130 3772 1309 3815 autem
1348 3762 1515 3816 discis
1536 3803 1550 3825 ,
1577 3759 1846 3828 quomodo
1863 3759 2017 3827 puni-

432 3858 523 3906 tur
566 3851 657 3921 qui
695 3866 818 3905 cum
870 3853 1069 3906 talibus
1130 3852 1450 3906 mulieribus
1509 3866 1626 3905 rem
1682 3852 1904 3916 habent,
1947 3866 2015 3905 ne

430 3942 839 4013 subdistinguas
884 3944 1147 4013 virginem
1195 3959 1263 3996 an
1298 3944 1541 4009 viduam,
1572 3944 1688 3997 -sed
1738 3943 1806 3997 de
1862 3940 2012 3997 omni

429 4036 660 4092 muliere
691 4036 800 4091 Deo
835 4045 1149 4091 consecrata
1182 4036 1267 4091 dic
1298 4034 1536 4089 locutum
1579 4049 1699 4090 esse
1726 4048 2011 4089 canonem.

430 4124 585 4185 Scias
610 4140 793 4184 autem
824 4130 968 4197 quod
1004 4128 1191 4194 laicus,
1226 4128 1321 4199 qui
1358 4144 1482 4183 cum
1512 4126 1599 4181 tali
1632 4128 1865 4183 muliere
1895 4142 2010 4183 rem

430 4220 635 4285 habet,
689 4236 718 4273 a
752 4220 1005 4290 praesenti
1052 4220 1270 4287 quidem
1313 4234 1523 4275 canone
1561 4230 1877 4290 segregatur
1914 4237 1929 4274 :
1982 4236 2012 4274 a

428 4327 461 4363 v
483 4322 667 4367 autem
694 4326 815 4381 cap.
849 4312 1008 4381 primi
1042 4312 1127 4369 tit.
1155 4327 1206 4366 tv
1258 4313 1355 4367 lib.
1406 4312 1628 4367 Basilic.
1658 4310 1883 4381 seuzlﬁl’)
1907 4311 2014 4367 No-

428 4406 536 4462 vel.
560 4405 738 4475 capite
781 4407 1021 4475 punitur.
1046 4406 1189 4475 Lege
1218 4415 1274 4461 et
1298 4405 1367 4461 30
1394 4420 1516 4474 cap.
1543 4404 1576 4459 9
1626 4404 1707 4457 tit.
1726 4408 2013 4474 praesentis

425 4498 630 4569 operis.

2119 3315 2173 3350 τι
2205 3298 2494 3360 ποιοῦντας
2546 3295 2815 3367 ἀφορίζει.
2882 3297 2995 3347 Οὐκ
3040 3295 3155 3347 ἔστι
3206 3295 3263 3347 δὲ
3322 3294 3530 3357 καινὸν,
3606 3294 3704 3346 ἐὰν

2120 3386 2459 3455 καθαιρῆται
2492 3386 2754 3459 κληρικὸς
2796 3387 2861 3437 ἐκ
2912 3384 3106 3438 τούτου
3141 3383 3232 3437 τοῦ
3274 3386 3699 3454 ἁμαρτήματος.

2133 3479 2264 3534 Ἀπὸ
2287 3479 2395 3550 γὰρ
2431 3479 2525 3531 τοῦ
2579 3475 2660 3532 κε’
2708 3477 3075 3534 ἀποστολικοῦ
3137 3478 3360 3538 κανόνος
3392 3478 3533 3529 καὶὸ
3558 3476 3705 3529 οἱαν-

2119 3574 2309 3644 δήτινα
2362 3573 2669 3641 πορνεύσας
2707 3573 2943 3639 γυναῖκα
2993 3570 3256 3641 κληρικὸς
3310 3570 3657 3639 καθαιρεῖται
3686 3586 3699 3598 ·

2122 3666 2306 3735 πολλῷ
2336 3659 2430 3718 οὖν
2453 3664 2616 3717 πλέον
2644 3664 2671 3715 ὁ
2699 3664 2798 3733 τὴν
2848 3663 3068 3733 νύμφην
3111 3663 3207 3716 τοῦ
3240 3662 3480 3733 Χριστοῦ
3512 3661 3607 3715 καὶ
3638 3662 3701 3714 τὸ

2122 3755 2315 3821 σκεῦος
2352 3757 2412 3810 τὸ
2440 3755 2863 3826 ἁνατεθειμένον
2909 3754 2987 3824 τῷ
3038 3754 3159 3824 Θεῷ
3220 3755 3463 3824 μολύνων
3504 3753 3702 3807 καθαι-

2123 3850 2434 3920 ρεθήσεται.
2496 3848 2795 3915 Ἀνάγνωθι
2831 3847 2928 3901 καὶ
2957 3846 3049 3901 τοῦ
3086 3848 3240 3913 ἁγίου
3274 3845 3558 3900 Βασιλείου
3592 3863 3694 3916 κα-

2119 3942 2250 3999 νόνα
2289 3939 2381 4011 ιη’,
2412 3939 2457 3994 κ’
2524 3940 2619 3993 καὶ
2655 3939 2719 4005 ξ’.
2768 3940 3075 3994 Ilia.deva
3135 3940 3322 4009 μέντοι
3356 3940 3475 4002 πῶς
3520 3954 3696 4007 τιμω-

2119 4035 2342 4107 ροῦνται
2391 4037 2439 4088 oi
2473 4034 2754 4097 τοιαύταις
2784 4031 3001 4100 γυναιξὶ
3056 4031 3399 4100 μιγνύμενοι,
3435 4030 3511 4101 μὴ
3561 4031 3699 4083 ἀπο-

2116 4131 2425 4203 διαστείλῃς
2488 4128 2789 4199 παρθενίαν
2821 4128 2854 4195 ἢ
2905 4126 3159 4197 χηρείαν,
3184 4127 3323 4180 ἀλλὰ
3353 4127 3481 4195 περὶ
3512 4125 3695 4193 πάσης

2118 4221 2374 4290 γυναικὸς
2426 4219 2831 4291 ἀφιερωθείσης
2868 4218 2946 4285 τῷ
2996 4218 3117 4287 Θεῷ
3178 4217 3302 4285 λέγε
3366 4216 3458 4270 τὸν
3494 4216 3698 4269 κανόνα

2119 4313 2528 4383 ὲκφωνηθῆναι.
2579 4314 2711 4365 Ἐσο
2738 4313 2793 4366 δὲ
2845 4311 3000 4376 εἰδὼς
3048 4311 3129 4363 ὅτι
3160 4313 3187 4364 ὁ
3217 4309 3446 4380 τοιαύτῃ
3474 4312 3697 4377 γυναικὶ

2120 4408 2452 4478 μιγνύμενος
2483 4407 2670 4469 λαῖκὸς
2702 4408 2810 4460 ἀπὸ
2867 4406 2965 4477 μὲν
3003 4406 3098 4459 τού
3134 4405 3407 4474 παρόντος
3468 4402 3696 4463 κανόνος

2116 4499 2462 4571 ἀφορίζεται,
2502 4500 2609 4550 ἀπὸ
2658 4498 2715 4549 δὲ
2783 4497 2876 4551 τοῦ
2936 4497 2979 4551 ε’
3026 4495 3322 4562 κεφαλαίου
3357 4497 3451 4545 τοῦ
3491 4492 3539 4545 α’
3578 4494 3696 4545 τίτ-

427 4590 521 4644 λου
574 4590 671 4644 τοῦ
737 4589 777 4645 δ’
872 4591 1080 4660 βιϐλίου
1158 4590 1268 4643 τῶν
1343 4589 1678 4656 Βασιλικῶν,
1742 4590 1910 4661 ἤγουν
1968 4593 2065 4662 τῆς
2126 4599 2248 4662 ρκγ¹
2316 4593 2559 4661 Νεαρᾶς,
2604 4590 2916 4660 κεφαλικῶς
2984 4590 3330 4657 τιμωρεῖται.
3393 4584 3695 4651 ’Ᾱνᾶιγνωθι

422 4684 522 4740 καὶ
575 4684 637 4738 τὸ
663 4683 709 4736 λ’
752 4701 875 4752 κεφ.
914 4682 1009 4736 τοῦ
1041 4683 1069 4734 θ
1111 4682 1292 4734 τίτλου
1322 4681 1415 4734 τοῦ
1448 4682 1717 4752 παρόντος
1745 4682 2149 4754 συντάγματος.
2838 4726 2847 4737 ,

494 4773 749 4830 ZONAR.
785 4776 855 4831 Ut
880 4789 975 4828 vas
1007 4775 1367 4843 quodcunque
1398 4785 1490 4830 aut
1521 4784 1729 4831 vestem
1771 4776 1879 4831 Deo
1920 4778 2002 4831 di-

2188 4777 2433 4832 ΖΩΝᾹΡ.
2464 4772 2679 4844 Ὥσπερ
2725 4774 2918 4835 σκεῦος
2984 4772 3363 4841 οἱονδηποτοῦν
3419 4773 3451 4843 ἦ
3500 4771 3694 4839 ὀθόνην

421 4876 625 4930 catam,
653 4880 718 4920 ac
747 4864 975 4932 proinde
1005 4875 1275 4928 sanetam,
1306 4866 1371 4920 ad
1408 4881 1467 4921 se
1492 4867 1801 4937 quempiam
1843 4882 2001 4921 aver-

420 4967 558 5023 tere,
614 4955 789 5024 iisque
832 4955 931 5019 uti,
966 4955 1192 5009 vetitum
1214 4964 1316 5022 est,
1354 4966 1447 5011 aut
1478 4958 1568 5027 qui
1606 4958 1657 5012 id
1696 4973 1859 5013 ausus
1890 4959 2004 5013 fue-

419 5051 494 5106 rit
520 5050 818 5105 secundum
850 5049 1302 5118 septuagesimum
1340 5050 1497 5122 162
1532 5052 1749 5105 tertium
1787 5061 2002 5106 sancto-

418 5156 541 5198 rum
570 5141 937 5212 apostolorum
966 5156 1226 5197 canonem
1267 5154 1585 5214 segregatur
1618 5163 1632 5199 :
1663 5146 1765 5209 sic,
1797 5145 1999 5200 mullo'

417 5247 526 5304 que
551 5232 725 5301 magis
770 5232 863 5303 qui
916 5231 1026 5289 Deo
1054 5240 1364 5298 sacratam,
1404 5235 1519 5289 sive
1561 5235 1851 5304 virginem,
1886 5236 2002 5290 sive

416 5326 583 5381 etiam
615 5324 928 5380 commercii
958 5324 1127 5380 virilis
1150 5327 1294 5382 haud
1324 5327 1661 5395 inexpertam
1691 5327 1996 5393 mulierem,

416 5417 724 5483 violaverit,
758 5432 862 5472 non
885 5418 1118 5488 impunis
1137 5418 1305 5472 abibit
1332 5436 1347 5483 ;
1378 5419 1469 5470 sed
1510 5417 1552 5470 si
1587 5420 1760 5472 sacris
1793 5420 2000 5473 ordini-

413 5507 517 5563 bus
560 5506 804 5562 initiatus
838 5517 926 5561 aut
968 5507 1189 5563 omnino
1240 5508 1293 5561 in
1328 5506 1534 5560 clerum
1580 5517 1868 5577 cooptatus
1900 5509 1994 5573 sit,

413 5610 472 5653 ut
503 5598 802 5668 sacrilegus
830 5599 913 5653 vel
938 5600 1100 5651 etiam
1135 5598 1400 5667 gravioris
1430 5598 1602 5666 culpae
1628 5615 1771 5663 reus,
1798 5603 1995 5670 quippe

413 5688 507 5756 qui
553 5688 811 5743 feminam
876 5688 985 5742 Deo
1017 5697 1386 5742 consecratam
1434 5689 1865 5759 desponsamque
1913 5706 1997 5742 rt;-

414 5778 557 5844 puit,
594 5778 926 5846 deponctur;
966 5780 1009 5833 si
1046 5794 1175 5833 vero
1214 5779 1384 5834 laicus
1410 5779 1481 5834 sit
1507 5779 1599 5848 qui
1631 5779 1758 5834 talia
1807 5781 1991 5845 audet,

412 5869 788 5942 segregatione
832 5871 1174 5927 multabitur.
1247 5870 1353 5929 Sed
1394 5871 1439 5927 si
1501 5870 1751 5929 initiatus
1797 5872 1994 5945 aliquis

2117 4870 2451 4922 ἀνατεθέντα
2495 4869 2635 4936 Θεῷ,
2675 4867 2973 4920 κάντεῦθεν
3035 4867 3374 4933 ἀγιασθέντα
3437 4865 3696 4934 σφετερί-

2114 4960 2306 5023 ζεσθαι
2332 4978 2413 5022 τις
2444 4961 2537 5012 καὶ
2572 4960 2808 5029 χρᾶσθαι
2874 4958 3057 5020 αὐτοῖς
3109 4957 3403 5021 κωλύεται,
3458 4956 3491 5026 ἢ
3534 4956 3693 5008 τοῦτο

2114 5053 2286 5106 ποιῶν
2320 5051 2645 5121 ἀφορίζεται
2708 5050 2852 5103 κατὰ
2905 5050 2997 5102 τὸν
3042 5047 3443 5118 ἑϐδομηκοστὸν
3507 5047 3691 5115 τρίτον

2113 5145 2314 5197 κανόνα
2376 5143 2487 5195 τῶν
2553 5141 2716 5212 ἱερῶν
2768 5140 3104 5193 ἀποστόλων·
3150 5137 3297 5192 οὕτω
3359 5138 3455 5191 καὶ
3510 5135 3691 5204 πολλῷ

2111 5237 2275 5290 πλέον
2302 5236 2398 5304 τὴν
2429 5234 2832 5304 ἁφιερωθεῖσαν
2869 5231 2989 5301 Θεῷ
3024 5231 3259 5300 φθείρων
3281 5247 3387 5295 τις,
3413 5230 3519 5283 κᾶν
3548 5245 3691 5297 παρ-

2109 5326 2263 5389 θένος
2308 5324 2364 5399 ᾖ,
2402 5325 2507 5379 κᾶν
2540 5324 2736 5393 ἀνδρὸς
2786 5324 2844 5376 ὲν
2872 5322 3041 5392 πείρᾳ
3075 5321 3344 5390 πρότερον
3392 5321 3684 5389 γενομένη,

2107 5420 2207 5471 οὐκ
2273 5417 2627 5488 ἀτιμώρητος
2674 5416 2827 5469 ἔσται
2849 5454 2863 5479 ,
2894 5414 3010 5467 ἀλλ’
3053 5414 3102 5465 εί
3136 5413 3233 5481 μὲν
3269 5413 3566 5483 ίερωμένος
3598 5412 3684 5480 εἴη

2105 5509 2134 5562 ό
2166 5509 2323 5562 τοῦτο
2372 5511 2626 5579 ποιήσας,
2664 5508 2861 5576 ﬁala):
2898 5508 2955 5559 ὲν
3000 5504 3191 5575 κλήρῳ
3242 5504 3683 5574 κατειλεγμένος,

2110 5602 2566 5673 καθαιρεθήσεται
2601 5601 2673 5662 ὼς
2707 5599 3006 5669 ἱερόσυλος,
3059 5595 3092 5653 ἢ
3146 5597 3242 5649 καὶ
3295 5596 3595 5668 βαρύτερόν
3627 5611 3681 5648 τι

2104 5693 2420 5761 τολμήσαςο
2483 5693 2583 5760 τὴν
2637 5690 2747 5759 γὰρ
2798 5692 2876 5760 τῷ
2926 5690 3046 5757 Θεῷ
3089 5688 3494 5757 ἀφιερωθεῖσαν
3545 5689 3675 5739 ἐσσι

2103 5784 2290 5853 λησεν·
2321 5785 2368 5835 εί
2418 5784 2473 5836 δὲ
2508 5784 2695 5843 λαῖκὸ;
2747 5785 2774 5836 ὀ
2814 5782 3116 5852 τολμητίας
3161 5780 3334 5843 ἐστὶν,
3390 5781 3685 5851 ἀφορισμῷ

2104 5876 2569 5948 ὑποϐληθήσεται.
2624 5873 2744 5930 Κᾶν
2794 5873 2854 5929 δὲ
2918 5874 2992 5945 μὴ
3047 5873 3404 5945 ἀφιερωμένῃ
3465 5873 3683 5941 γυναικὶ
