4078 6422
378 401 487 466 533

1505 410 1590 473 IN
1623 408 1790 471 CAN.
1823 405 1902 470 Vl
1937 403 2148 466 CONC.
2192 403 2273 465 lN
2308 403 2637 466 TRULLU.

3559 404 3683 466 534’

382 516 556 589 μιχθῇ
600 530 686 578 τις
713 514 822 569 τῶν
859 514 1363 585 ίερωμένων,ἀλλά
1407 518 1598 592 λαῖκῇ,
1636 519 1965 591 καθαιρεθὴ-

2082 530 2203 570 cum
2231 530 2337 570 non
2373 530 2552 578 sacra,
2593 523 2646 568 at
2677 513 2796 569 laici
2829 513 3043 569 ordinis
3069 513 3270 568 femina
3306 529 3422 570 rem
3462 516 3667 572 habue-

378 625 556 663 σεται.

374 793 606 847 ΔΡΙΣΤ.
695 812 714 846 ι
780 793 1064 864 Κληρικδς
1110 794 1300 865 νύμφῃ
1372 793 1508 848 Θεοῦ
1560 795 1969 863 συναπτόμενος

498 902 519 936 ο
574 883 975 955 καθαιρείσθω·
1010 888 1039 940 ό
1068 885 1126 939 δὲ
1160 885 1369 951 λαῖκδς,
1416 885 1787 957 ἀφοριζέσθω.
1836 906 1855 939 ι

483 974 528 1027 0
561 974 661 1043 μὲν
691 974 878 1031 κανὼν
909 968 1067 1039 οὗτος
1087 974 1182 1029 τὸν
1221 975 1480 1045 γαμικῶς
1508 962 1850 1046 συναφθέντα
1897 978 1965 1046 τῇ

383 1065 647 1137 παρθένῳ
673 1070 741 1139 τῇ
784 1068 1195 1142 καθιερωθείσῃ
1231 1069 1327 1121 καὶ
1348 1068 1724 1139 νυμφευθείσῃ
1751 1066 1890 1138 Θεῷ,
1916 1068 1968 1121 εί

385 1159 490 1226 μὲν
507 1156 778 1230 κληρικός
814 1160 952 1225 ἐστι,
1016 1159 1274 1232 καθαιρεῖ
1328 1161 1516 1214 αὐτόν·
1570 1161 1620 1214 εί
1667 1160 1726 1214 δὲ
1756 1160 1966 1226 λαῖκὺς,

381 1251 681 1321 ἀφορίζει·
722 1255 751 1305 ό
808 1252 867 1306 δὲ
922 1253 1393 1317 ὀκτωκαιδέκατος
1446 1251 1543 1323 τοῦ
1578 1253 1822 1323 μεγάλου
1854 1255 1967 1307 Βα-

381 1343 588 1397 σιλείου
620 1343 803 1397 κανὼν
834 1344 911 1407 ὡς
941 1344 1128 1415 μοιχὸν
1157 1345 1254 1399 καὶ
1279 1321 1525 1398 τοιοῦτοῖ
1549 1321 1846 1414 λογίζεται,
1867 1344 1967 1399 καὶ⁸

386 1435 475 1498 είς
509 1435 800 1489 κοινωνίαν
823 1436 989 1490 αὐτὸν
1039 1437 1216 1501 ἄλλως
1268 1438 1329 1492 ού
1363 1438 1760 1511 παραδέχεται,
1795 1439 1844 1494 εί
1887 1439 1965 1511 μὴ

379 1526 655 1598 πρότερον
684 1528 783 1599 τῆς
808 1528 1093 1600 ἁμαρτίας
1117 1531 1325 1602 παυθῇ.

982 1625 1225 1679 ΚΑΝΩΝ
1247 1626 1323 1681 E'.

380 1726 404 1762 ε
460 1711 672 1782 Μηδεὶς
704 1713 814 1769 τῶν
866 1717 924 1770 ὲν
958 1717 1223 1789 ἱερατικῷ
1257 1718 1569 1790 καταλόγῳ,
1601 1719 1713 1773 τῶν
1766 1721 1826 1773 ἐν
1884 1720 1963 1790 τῷ

454 1823 475 1856 ε
532 1807 737 1862 κανόνι
770 1809 1184 1880 ,ἐμφερομένων
1256 1812 1594 1866 ἀνυπόπτων
1652 1812 1963 1884 προσώπων

458 1919 479 1952 ι
531 1900 691 1964 ἐκτὸς
716 1901 945 1971 διάγων,
1004 1905 1246 1971 γυναῖκα
1301 1903 1657 1975 κεκτήσθωῆ
1692 1906 1962 1976 θεραπαι-

452 2009 475 2043 ι
528 1992 671 2055 νίδα,
716 1993 779 2046 τὸ
812 1993 1191 2065 ἀνεπίληπτον
1241 1996 1427 2066 ἑαυτῷ
1466 1997 1724 2051 ἐντεῦθεν
1754 1998 1960 2066 τηρῶν.

455 2101 476 2136 ι
526 2084 589 2137 Εί
615 2084 673 2138 δὲ
706 2087 1043 2157 παραϐαίνει
1067 2104 1152 2150 τις
1175 2087 1242 2142 τά
1274 2089 1408 2158 παρ⁹
1437 2088 1597 2159 ἡμῶν
1643 2089 1960 2159 ὁρισθέντα,

452 2195 474 2228 ι
528 2177 926 2249 καθαιρείσθω.
960 2178 1034 2232 Τὸ
1077 2181 1210 2233 αὐτὸ
1241 2180 1299 2234 δὲ
1334 2180 1491 2235 τοῦτο
1525 2181 1620 2235 καὶ
1665 2182 1717 2235 oi
1775 2182 1964 2236 εύνοῦο

450 2287 474 2320 ε
530 2284 619 2338 χοι
669 2269 1317 2339 παραφυλαττέσθωσαν,
1362 2270 1425 2324 τὸ
1480 2272 1776 2342 ἄμεμπτον
1834 2276 1964 2327 ἐαυ-

456 2377 478 2410 σ
532 2361 648 2424 τοῖς
695 2362 1114 2433 προνοούμενοι·
1157 2350 1597 2434 παραϐαίνοντες
1649 2365 1730 2428 δὲ,
1766 2367 1814 2419 εί
1864 2366 1965 2437 μὲν

452 2470 473 2501 ι
529 2451 789 2523 κληρικοὶ
844 2452 978 2520 εἷεν,
1049 2456 1554 2528 καθαιρείσθωσαν,
1586 2456 1727 2510 εἰδὲ
1760 2458 1961 2527 λαῖκοὶ,

458 2564 477 2596 ι
527 2545 1016 2617 ἀφοριζέσθωσαν.
1054 2566 1073 2600 ι

463 2638 662 2694 ΒΑΔΣ.
698 2641 790 2693 Ἐν
821 2639 899 2709 τῷ
923 2641 1097 2711 τρίτῳ
1120 2641 1310 2696 κανόνι
1339 2641 1444 2711 τῆς
1474 2642 1533 2695 ὲν
1562 2642 1773 2713 Νικαίᾳ
1809 2643 1965 2715 πρώ-

375 2746 486 2800 της
524 2730 750 2785 συνόδου
802 2732 1149 2803 πλατύτερον
1200 2732 1528 2803 ἐγράψαμεν
1559 2734 1687 2805 περὶ
1716 2726 1792 2788 ὧν
1823 2752 1965 2805 φησι

384 2820 489 2875 καὶ
521 2820 551 2874 ὁ
578 2819 772 2890 παρὼν
824 2821 1030 2877 κανών·
1081 2821 1177 2875 καὶ
1212 2822 1366 2892 ζήτει
1397 2820 1467 2874 τά
1505 2822 1567 2874 ὲν
1605 2822 1801 2893 ἐκείνῳ
1859 2840 1965 2876 πα-

373 2913 761 2985 ραγραφέντα.
823 2914 938 2969 Καὶ
975 2914 1287 2986 σημείωσαι
1318 2915 1382 2967 ἐκ
1414 2915 1636 2969 πάντων
1665 2916 1750 2969 ὅτι
1792 2916 1889 2968 καὶ
1912 2917 1962 2969 οί

372 3007 628 3079 εὐνοῦχοι
687 3010 1047 3081 ἀφορίζονται
1112 3008 1255 3081 μετά
1322 3011 1605 3080 γυναικῶν
1666 3009 1963 3081 ἀλλοτρίων

376 3101 789 3165 συνοικοῦντες.

2084 608 2189 673 rit,
2248 608 2603 679 depositionis
2658 606 2880 662 multam
2938 607 3294 662 nihilominus
3363 623 3467 662 non
3532 609 3667 664 ell‘u-

2081 700 2211 767 giet.

2080 790 2307 845 ARIST.
2347 809 2365 843 ι
2414 789 2659 845 Clericus
2702 790 2792 846 Dei
2826 804 3037 859 sponsae
3080 791 3403 860 eonjunctus
3441 792 3667 860 deponi-

2329 892 2447 937 tur:
2469 883 2641 937 laicus
2661 890 2840 937 autem
2862 884 3389 938 excommunieetur.
3423 902 3441 935 ι

2152 973 2251 1031 llic
2286 976 2503 1046 quidem
2544 990 2717 1033 canon
2757 990 2904 1038 eum,
2940 975 3031 1044 qui
3081 976 3275 1045 virgini
3328 986 3692 1032 consecratae-

2097 1075 2152 1121 ct
2199 1069 2544 1138 desponsatas
2594 1068 2704 1123 Deo
2744 1067 2933 1138 copula
2984 1068 3376 1123 matrimoniali
3432 1070 3665 1137 conjun-

2077 1163 2245 1232 gitur,
2291 1162 2337 1219 si
2363 1162 2577 1232 quidem
2608 1163 2840 1218 clericus
2872 1172 2973 1229 est,
3011 1163 3280 1231 deponit:
3333 1163 3417 1216 sin
3464 1163 3660 1229 laicus,

2074 1255 2537 1313 excommunicat.
2592 1255 2664 1309 At
2698 1256 2941 1311 decinms
2987 1262 3212 1310 octavus
3250 1255 3433 1310 Basilii
3484 1259 3681 1326 magni

2075 1360 2255 1403 canon
2320 1348 2479 1403 talem
2521 1357 2579 1403 ut
2636 1349 2943 1404 adulterum
3006 1357 3255 1417 reputat,
3311 1365 3549 1419 cumque
3595 1353 3663 1403 ad

2076 1439 2514 1496 communionem
2569 1456 2674 1497 non
2718 1441 2878 1498 aliter
2909 1441 3170 1508 admittit,
3216 1444 3319 1496 nisi
3354 1459 3383 1497 a
3430 1452 3659 1512 peccato

2075 1531 2226 1601 prius
2261 1535 2582 1591 cessaverit.

2690 1625 2924 1681 CANON
2980 1625 3046 1678 V.

2080 1730 2097 1763 ι
2142 1711 2328 1768 Nullus
2370 1729 2559 1771 eorum
2598 1717 2689 1788 qui
2726 1719 2778 1772 in
2819 1719 3144 1773 sacerdotali
3189 1722 3438 1790 eatologo
3467 1736 3659 1775 recen-

2150 1824 2169 1857 ι
2206 1814 2415 1875 sentur,
2444 1817 2595 1863 extra
2632 1826 2748 1876 eas,
2776 1826 2895 1881 qua:
2924 1812 2976 1866 in
3010 1828 3214 1868 canone
3250 1815 3582 1879 inseruntur,
3627 1832 3657 1868 a

2148 1918 2165 1951 ‹
2205 1900 2511 1971 suspicione
2538 1901 2742 1959 alienas
2786 1919 3066 1973 personas,
3110 1907 3333 1977 degens,
3378 1906 3657 1960 mulierem

2148 2006 2167 2041 ‹
2210 1990 2483 2057 possideat
2529 1992 2611 2046 vel
2651 1993 2924 2057 ancillam,
2973 2009 3032 2050 se
3063 1995 3191 2050 nulli
3246 1995 3658 2066 reprehensioni

2146 2097 2164 2129 ‹
2211 2080 2504 2135 obnoxium
2552 2097 2619 2137 ex
2652 2082 2756 2137 hoc
2783 2099 3027 2139 servans.
3066 2084 3122 2140 Si
3155 2085 3277 2154 quis
3318 2095 3495 2140 autem
3533 2100 3655 2154 quae

2147 2190 2164 2221 ι
2206 2185 2235 2224 a
2267 2172 2425 2227 nobis
2478 2173 2700 2229 deﬁnita
2759 2186 2886 2231 sunt
2931 2177 3266 2242 transilierit,
3324 2178 3654 2246 deponatur.

2146 2282 2164 2315 ι
2204 2263 2317 2321 Hoc
2345 2265 2521 2334 ipsum
2551 2276 2726 2321 autem
2756 2268 2916 2322 etiam
2940 2269 3174 2322 eunuchi
3210 2277 3447 2334 servent,
3484 2278 3543 2322 ut
3570 2268 3652 2322 ἰη-

2145 2374 2165 2408 ‹
2204 2357 2403 2426 culpati
2446 2359 2552 2414 sint
2601 2361 2967 2428 providentes.
3008 2360 3107 2426 Qui
3140 2370 3316 2415 autem
3356 2369 3654 2430 transgre-

2145 2466 2165 2500 ι
2204 2450 2449 2515 diuntur,
2486 2451 2529 2504 si
2565 2451 2673 2503 sint
2707 2450 2923 2519 quidem
2955 2450 3162 2516 clerici,
3191 2450 3567 2519 deponantur:
3599 2450 3643 2504 si

2145 2557 2164 2592 ι
2200 2556 2331 2596 vero
2355 2542 2502 2608 laici,
2530 2552 2904 2611 segregentur.
2929 2562 2949 2595 ι

2141 2633 2334 2689 BALS.
2370 2632 2427 2687 ln
2466 2634 2499 2686 5
2533 2649 2658 2689 can.
2689 2633 2876 2703 primm
2904 2649 3024 2704 syn.
3057 2632 3292 2689 Nicaeum
3321 2633 3496 2687 fusius
3525 2634 3660 2688 scri-

2067 2721 2271 2793 psimus
2315 2721 2382 2775 de
2426 2721 2493 2777 iis
2545 2737 2666 2792 quae
2710 2722 2843 2777 dicit
2872 2738 3113 2791 prmsens
3150 2738 3325 2777 canon
3354 2764 3368 2788 ,
3397 2733 3448 2776 et
3478 2737 3661 2790 quaere

2066 2828 2186 2885 qute
2234 2813 2286 2866 in
2344 2812 2433 2869 illo
2475 2815 2749 2883 adscripta
2797 2824 2945 2869 sunt.
2994 2814 3059 2868 Et
3095 2824 3223 2868 nota
3268 2830 3333 2869 ex
3378 2814 3658 2880 onmibus,

2066 2907 2209 2976 quod
2248 2906 2415 2961 etiam
2464 2906 2703 2961 eunuchi
2729 2917 3104 2979 segregantur,
3149 2907 3241 2977 qui
3286 2922 3409 2963 cum
3466 2908 3659 2963 alienis

2070 2997 2386 3055 mulieribus
2417 2997 2758 3054 cohabitant.

451 3193 701 3249 ΖΩΝΑΡ.
755 3194 838 3249 Τά
868 3195 1008 3249 αύτά
1038 3194 1137 3249 καὶ
1169 3198 1198 3250 ό
1224 3195 1408 3266 τρίτος
1429 3194 1614 3250 κανὼν
1638 3197 1739 3265 τῆς
1769 3197 1826 3250 ἐν
1851 3199 1962 3252 Νι-

2136 3177 2392 3233 ZONAR.
2427 3180 2695 3247 Quoniam
2734 3180 2921 3234 eadem
2964 3180 3067 3234 hoc
3100 3179 3218 3234 loco
3243 3194 3365 3249 quze
3417 3179 3652 3237 Nemeae

373 3286 516 3356 καίᾳ
544 3286 769 3359 πρώτης
798 3288 1021 3344 συνόδου
1060 3288 1325 3356 ὡρίσατο,
1355 3288 1453 3342 καὶ
1478 3287 1745 3361 ζητητέον
1773 3290 1844 3344 τὰ
1902 3291 1962 3345 ὲν

374 3376 578 3448 ἐκείνῳ
606 3379 730 3450 είρη
741 3380 898 3448 μένα.

372 3468 606 3525 ΔΡΙΣΤ.
674 3491 694 3525 ι
740 3473 854 3526 Καὶ
909 3472 1164 3544 εὐνοῦχος
1232 3476 1417 3543 ίερευς
1486 3473 1849 3543 θεραπαινίδα
1928 3476 1963 3546 ἢ

460 3579 480 3614 ι
528 3561 745 3635 ἑτέραν,
775 3565 921 3636 πλὴν
979 3565 1091 3619 τῶν
1122 3567 1473 3630 ἀνυπόπτων,
1520 3565 1597 3638 μὴ
1650 3566 1962 3638 κεκτήσθω,

458 3673 478 3702 ε
526 3656 863 3726 προσώπων.

452 3746 531 3799 Τὸ
558 3746 922 3808 ἐπεισάκτους
951 3745 1098 3816 ἔχειν
1138 3747 1267 3811 τοὺς
1296 3747 1634 3817 ίερωμένους
1666 3752 1965 3818 γυναῖκας,

373 3836 486 3894 κᾶν
517 3836 767 3907 εὐνοῦχοί
801 3838 928 3900 εἱσι,
960 3838 1070 3891 κᾶν
1098 3837 1243 3905 ἄγαν
1275 3840 1529 3909 γηραιοὶ,
1572 3840 1669 3894 καὶ
1710 3841 1739 3893 ό
1769 3841 1965 3910 παρὼν

374 3930 566 3987 κανὼν
596 3931 692 3984 καὶ
724 3933 758 4001 ἡ
782 3930 877 3983 τοῦ
910 3930 1152 4000 μεγάλου
1186 3929 1476 4001 Βασιλείου
1498 3931 1637 4003 πρὸς
1661 3931 1965 4005 Γρηγόριον

373 4023 759 4094 πρεσϐύτερον
787 4022 1045 4093 ἐπιστολὴ
1077 4021 1302 4088 κωλύει,
1338 4025 1389 4075 εί
1453 4024 1528 4093 μή
1584 4040 1690 4075 που
1722 4024 1833 4077 τῶν
1876 4025 1968 4077 ἀν-

374 4117 640 4169 υπόπτων
678 4116 988 4185 προσώπων
1018 4115 1157 4166 εἰσὶν
1185 4113 1242 4167 αἱ
1271 4115 1550 4181 γυναῖκες,
1574 4112 1685 4167 οἷον
1707 4113 1965 4184 μητέρες,

378 4204 639 4273 ἀδελφαὶ,
675 4204 770 4258 καὶ
832 4204 970 4275 πρὸς
1016 4201 1228 4273 πατρὸς
1272 4203 1307 4272 ἢ
1362 4203 1500 4271 πρὸς
1544 4202 1750 4273 μητρὸς
1796 4203 1964 4268 θεῖαι,

378 4299 483 4352 καὶ
521 4297 679 4351 ἄλλαι
726 4295 875 4359 τινὲς
906 4294 1179 4348 τοιαῦται.
1232 4295 1373 4358 Τοὺς
1424 4294 1483 4348 δὲ
1518 4294 1967 4365 παραϐαίνοντας

377 4391 451 4443 τά
498 4389 788 4458 ὁρισθέντα
838 4386 1231 4456 καθαιρεῖσθαι
1303 4387 1765 4457 προστάττουσιν.
1842 4388 1967 4441 Ἐπὶ

377 4482 440 4535 δὲ
470 4482 580 4534 τῶν
625 4480 905 4549 εὐνούχων
958 4478 1020 4531 τὸ
1052 4478 1214 4532 πλέον
1246 4481 1275 4532 ὁ
1298 4477 1490 4549 παρὼν
1511 4478 1713 4546 ἐπάγει
1755 4478 1961 4545 κανὼν,

2071 3284 2288 3339 quoque
2349 3271 2539 3338 primm
2582 3272 2775 3343 synodi
2824 3285 3036 3327 canone
3088 3273 3247 3328 tertio
3303 3272 3655 3337 deﬁniuntur,

2070 3360 2196 3414 vide
2224 3375 2343 3427 quae
2368 3361 2439 3415 ibi
2474 3361 2735 3416 diximus.

2069 3450 2300 3508 ARIST.
2344 3471 2363 3504 ι
2409 3452 2708 3508 Eunuchus
2735 3454 2899 3507 etiam
2940 3453 3201 3509 sacerdos
3249 3454 3523 3518 ancillam,
3571 3452 3658 3509 vel

2151 3563 2170 3596 ι
2216 3545 2402 3610 aliam,
2425 3546 2666 3614 exceptis
2691 3547 2778 3608 iis,
2813 3547 2867 3600 in
2892 3561 3028 3616 quas
3056 3547 3201 3601 nulla
3235 3546 3656 3615 caditsusliieio,

2142 3648 2166 3688 ι
2210 3637 2484 3706 personis,
2520 3652 2586 3690 ne
2615 3639 2915 3705 possideat.
2956 3657 2976 3691 ι

2142 3726 2403 3783 Sacratos
2449 3729 2785 3783 introductas
2825 3729 3026 3784 habere
3075 3728 3349 3791 mulieres,
3397 3730 3523 3785 licet
3560 3746 3656 3785 eu-

2072 3820 2232 3874 nuchi
2287 3820 2420 3884 sint,
2480 3831 2575 3874 aut
2619 3821 2913 3874 admodum
2954 3836 3134 3887 senes,
3174 3833 3229 3875 et
3271 3836 3511 3889 praesens
3558 3837 3654 3876 ea-

2069 3927 2202 3974 non,
2233 3923 2287 3966 et
2317 3911 2509 3968 Easilii
2560 3912 2742 3981 magni
2789 3913 2857 3965 ad
2900 3912 3226 3982 Gregorium
3272 3912 3651 3983 presbyterum

2069 4001 2296 4070 epistola
2334 4002 2605 4070 prohibet,
2639 4001 2743 4054 nisi
2778 4000 2920 4056 forte
2945 4002 3202 4055 mulieres
3251 4003 3361 4054 sint
3408 4017 3654 4069 personat:

2068 4102 2223 4147 extra
2244 4107 2461 4147 omnem
2484 4093 2811 4161 suspicionis
2836 4092 3006 4147 aleam
3031 4092 3240 4162 positae,
3267 4104 3394 4161 puta
3425 4105 3651 4154 matres.

2070 4200 2310 4251 sorores,
2362 4186 2562 4250 amita),
2602 4193 2944 4249 materterat,
2975 4196 3029 4239 et
3064 4185 3328 4252 ejusmodi
3368 4185 3506 4240 alite.
3549 4186 3653 4240 Eos

2070 4286 2273 4341 autem,
2300 4278 2388 4345 qui
2420 4277 2534 4331 hzee
2560 4278 2776 4331 decreta
2804 4276 3186 4341 transilieriut»,
3212 4277 3411 4346 deponi
3437 4277 3649 4344 jnbent.

2072 4369 2148 4423 De
2192 4369 2458 4424 eunuchis
2508 4379 2686 4422 autem
2719 4369 2840 4438 plus
2870 4368 3036 4422 etiam
3086 4369 3235 4422 addit
3286 4370 3373 4423 hic
3413 4384 3655 4437 praesens

2070 4477 2269 4526 canon,
2310 4463 2454 4531 quod
2482 4462 2607 4515 licet
2640 4462 2766 4515 laici
2787 4462 2918 4526 sint,
2951 4470 3005 4515 et
3028 4475 3133 4514 una
3155 4475 3279 4515 cum
3314 4462 3654 4525 mulieribus,

377 4573 591 4628 ὄτικᾶν
619 4569 1056 4635 λαῖκοίείσι,καὶ
1091 4571 1386 4624 συνοικῶσι
1419 4568 1637 4639 γυναιξὶ
1674 4569 1749 4641 μὴ
1779 4568 1965 4631 οὔσαις

2078 4570 2196 4623 qua:
2227 4569 2331 4608 non
2359 4561 2570 4608 suntex
2593 4553 2839 4623 cognatis
2883 4553 3003 4607 istis
3031 4554 3281 4621 personis
3311 4568 3529 4608 omnem
3564 4567 3659 4607 su-

381 4667 496 4721 ἀπδ
536 4665 650 4717 τῶν
688 4663 1025 4719 ἀνυπόπτων
1066 4664 1413 4733 συγγενικῶν
1464 4661 1795 4733 προσώπων,
1830 4661 1967 4729 ἄφο-

383 4757 654 4830 ρίζονται.

1023 4846 1264 4900 ΚΑΝΩΝ
1305 4845 1397 4912 ς’.

384 4962 411 4998 ε
465 4942 690 5011 Ἐπειδὴ
720 4941 869 5012 ποιρά
908 4942 1022 5004 τοῖς
1072 4940 1456 5003 ἀποστολικοῖς
1495 4940 1720 4996 κανόσιν
1751 4943 1969 5012 εἴρηται

462 5052 482 5083 ‹
530 5032 642 5085 τῶν
686 5033 767 5096 είς
801 5031 1008 5102 κλῆρον
1042 5029 1476 5101 προσαγομένων
1512 5030 1745 5100 ἀγάμων
1772 5033 1969 5101 μόνους

462 5145 481 5178 ι
528 5122 886 5192 ἀναγνώστας
916 5123 1010 5176 καὶ
1029 5123 1240 5191 ψάλτας
1258 5122 1479 5190 γαμεῖν·
1504 5120 1595 5174 καί
1625 5123 1789 5192 ἡμεῖς
1811 5121 1971 5175 τοῦτο

452 5234 472 5267 ι
532 5213 1056 5283 παραφυλάττοντες
1083 5209 1346 5281 ὁρίζομεν
1376 5210 1487 5263 ἀπὸ
1525 5211 1621 5265 τοῦ
1655 5212 1752 5263 νῦν
1788 5213 1967 5283 μηδα-

460 5325 480 5361 ι
540 5306 657 5375 μῶς
708 5304 1064 5360 ὑποδιάκονον
1113 5303 1146 5373 ἢ
1195 5303 1444 5356 διάκονον
1501 5302 1534 5373 ἦ
1595 5304 1970 5375 πρεσϐύτερον

459 5418 479 5452 ε
540 5397 679 5467 μετά
719 5398 819 5469 τὴν
864 5397 951 5450 ἐπ’
1001 5394 1150 5464 αὐτῷ
1201 5392 1542 5464 χειροτονίαν
1581 5393 1731 5463 ἔχειν
1786 5393 1972 5448 ἄδειαν

460 5509 479 5543 ι
529 5489 706 5558 ἑαυτῷ
723 5490 977 5559 συνιστᾷν
1001 5486 1357 5541 συνοικέσιον.
1380 5485 1443 5538 Εἰ
1468 5484 1525 5538 δὲ
1541 5484 1971 5555 τοῦτοτολμήσοι

457 5604 475 5636 ι
534 5584 820 5651 ποιυῆσαι,
864 5580 1235 5650 καθαιρείσθω
1268 5576 1380 5649 (59)
1401 5593 1415 5605 '
1442 5577 1491 5629 εί
1519 5576 1574 5629 δὲ
1608 5575 1853 5646 βούλοιτό
1886 5593 1971 5639 τις

2076 4646 2377 4716 spicionem
2415 4645 2824 4716 ellugientibus,
2880 4645 3235 4711 cohabitent,
3278 4648 3660 4702 excommuni-

2077 4748 2293 4794 cantur.

2643 4832 2727 4886 CA
2741 4830 2878 4886 NON
2933 4829 3018 4885 Vl.

2083 4946 2103 4977 ‹
2149 4916 2418 4991 Quoniam
2454 4926 2508 4979 in
2565 4924 2880 4993 apostolicis
2926 4924 3227 4978 canonibns
3286 4925 3487 4978 dictum
3538 4933 3659 4987 est,

2155 5038 2173 5070 ς
2218 5032 2408 5074 eorum
2453 5017 2546 5085 qui
2582 5032 2687 5070 non
2715 5016 2875 5071 ducta
2902 5032 3072 5071 uxore
3112 5017 3164 5069 in
3197 5017 3402 5071 elerum
3443 5032 3662 5087 promo-

2159 5131 2176 5163 ι
2223 5119 2444 5175 ventur,
2474 5110 2620 5165 solos
2645 5111 2879 5164 lectores
2901 5119 2955 5165 et
2977 5120 3228 5164 cantores
3253 5125 3473 5164 uxorem
3503 5125 3663 5179 posse

2160 5223 2177 5253 r
2224 5204 2421 5257 ducere
2449 5220 2461 5255 :
2493 5211 2545 5255 et
2587 5217 2684 5255 nos
2719 5202 2817 5256 hoc
2846 5211 3126 5255 servantes
3148 5244 3162 5263 ,
3203 5202 3572 5264 decernimus,
3606 5211 3663 5256 ut

2159 5316 2175 5348 ι
2220 5295 2479 5364 deinceps
2522 5293 2653 5347 nulli
2704 5294 2920 5362 penitus
2952 5293 3328 5363 hypodiaeono
3356 5334 3370 5356 ,
3416 5294 3497 5345 vel
3548 5294 3663 5348 dia-

2158 5409 2176 5440 ‹
2224 5404 2385 5451 cono,
2440 5386 2521 5441 vel
2564 5385 2903 5457 presbytero,
2936 5395 3058 5454 post
3104 5384 3190 5440 sui
3234 5383 3659 5446 ordinationem,

2162 5502 2179 5532 ι
2227 5478 2539 5547 coniugium
2580 5478 2915 5531 contrahere
2968 5476 3153 5530 liceat.
3186 5474 3244 5528 Si
3288 5482 3467 5527 autem
3503 5474 3661 5527 fuerit

2162 5592 2180 5624 ι
2231 5573 2332 5627 hoc
2366 5585 2530 5625 ausus
2561 5568 2759 5633 facere,
2782 5569 3107 5636 deponatur.
3138 5565 3193 5619 Si
3218 5566 3341 5635 quis
3366 5575 3542 5617 autem
3568 5579 3661 5619 co-

1590 5671 1793 5734 Guill.
1826 5670 2160 5750 Beveregii
2206 5676 2401 5731 notat.

466 5776 583 5847 (59)
623 5775 1050 5847 Καοαιρείσθω.
1080 5771 1536 5847 llarmenopulus
1558 5784 1784 5847 sensum
1812 5772 1979 5846 hujus

385 5841 623 5905 canonis
654 5847 896 5904 breviter
956 5846 1036 5901 sic
1091 5844 1369 5915 exprimit,
1403 5841 1607 5913 ἱερεὺς,
1638 5841 1670 5911 ἦ
1703 5842 1974 5909 διάκονος,

2088 5772 2120 5840 ἦ
2153 5769 2513 5828 ὑποδιάκονος
2544 5766 2684 5834 μετά
2730 5764 2828 5836 τὴν
2859 5760 3195 5840 χειροτονίαν
3227 5759 3660 5840 γήμςιιιςκκαθοιι⁴

2090 5830 2311 5911 ρείσθω.
2369 5830 2628 5895 Sacerdos
2689 5830 2796 5891 aui
2841 5830 3125 5897 diaconus,
3183 5841 3277 5885 aut
3304 5830 3665 5886 subdiaconus
