4078 6382
506 371 612 435 539

580 504 599 536 ι
642 485 901 541 invitatus
950 483 1141 551 fueris,
1189 484 1241 540 in
1301 485 1491 541 ultimo
1520 485 1640 543 loco
1686 485 1986 547 accumbe,
2018 489 2079 535 ut
2107 484 2153 542 Α

535 608 548 620 ι
583 597 601 629 ι
647 579 867 647 quando
910 580 1117 634 venerit
1158 579 1247 649 qui
1305 589 1355 635 te
1416 580 1707 647 invitavit,
1755 580 1901 635 dicat
1950 578 2075 642 tibi,

582 689 600 721 ι
641 672 849 735 Amice,
901 671 1136 727 ascende
1188 672 1385 739 altius;
1440 683 1568 728 tunc
1604 673 1709 729 erit
1757 673 1853 729 tibi
1905 672 2077 745 gloria

576 778 595 811 σ
633 775 814 815 coram
850 761 914 816 iis
940 762 1031 830 qui
1072 772 1248 817 tecum
1278 764 1624 818 accumbunt.
1658 764 1797 817 Nam
1828 761 2078 834 quisquis

573 870 593 902 ι
632 867 691 908 se
729 853 985 915 extollit,
1035 854 1410 910 liuiniliabitur
1436 894 1453 921 ,
1488 865 1539 910 et
1573 855 1665 925 qui
1702 870 1761 911 se
1801 855 2072 917 huntiliat,

573 964 592 995 ι
635 945 1047 999 exaltabitur".
1088 964 1107 999 ι
1142 946 1254 1002 Hoc
1289 947 1462 1017 ipsum
1495 956 1672 1003 autem
1697 948 1861 1003 etiam
1890 962 2075 1003 serva-

571 1052 589 1083 ι
626 1035 771 1088 bitur
816 1037 867 1089 in
900 1036 1120 1106 reliquis
1154 1038 1325 1093 sacris
1352 1039 1636 1095 ordinibus
1670 1054 1686 1092 :
1726 1038 2072 1109 quandoqui-

573 1142 590 1174 ι
628 1125 747 1178 dem
769 1126 1117 1180 saecularibus
1143 1141 1237 1182 seu
1263 1128 1913 1198 mundanisfdignitalibus
1949 1127 2063 1197 spi-

573 1233 591 1266 ‹
632 1215 817 1272 ritales
844 1218 1251 1284 praastantiores
1276 1232 1400 1275 esse
1430 1220 1657 1275 scimus.
1691 1238 1711 1271 ι

563 1478 645 1534 BA
656 1480 757 1537 LS.
785 1481 1033 1540 Decimus
1053 1494 1271 1541 octavus
1292 1499 1465 1541 canon
1487 1499 1604 1555 syn.
1625 1485 1814 1555 prima:
1840 1484 2070 1541 Nicaanaa

485 1572 640 1639 jubet
669 1574 861 1644 deponi
896 1577 1148 1632 diaconos
1177 1579 1266 1646 qui
1300 1578 1489 1633 sedent
1526 1578 1578 1632 iu
1617 1579 1793 1633 medio
1836 1580 2061 1649 presby-

490 1671 749 1716 terorum.
787 1665 1027 1719 Praesens
1057 1675 1233 1729 autem
1268 1682 1441 1721 canon
1477 1683 1570 1722 eos
1599 1669 1688 1737 qui
1720 1668 1799 1723 sic
1831 1669 2058 1731 faciunt,

484 1768 549 1807 ex
633 1758 847 1823 prOprii
909 1758 1077 1827 gradu
1140 1758 1297 1823 dejici
1380 1760 1550 1830 jubet.
1630 1760 1685 1813 Si
1744 1761 1891 1815 enim
1944 1761 2063 1815 aliis

489 1842 629 1897 forte
661 1845 900 1900 diaconis
921 1848 972 1900 in
1003 1850 1167 1917 gradu
1199 1849 1350 1918 prior
1379 1859 1491 1904 erat
1521 1850 1611 1919 qui
1637 1865 1695 1905 se
1726 1851 2062 1920 impudenter

485 1935 670 2001 gessit.
705 1946 759 1990 et
789 1946 912 1992 ante
939 1940 1283 2010 presbyteros
1305 1942 1464 2009 sedit,
1509 1944 1559 1996 in
1593 1942 1845 1997 ultimum
1888 1943 2063 1999 locum

489 2026 823 2092 demittetur,
857 2039 909 2083 et
937 2034 1041 2083 erit
1075 2032 1127 2085 in
1160 2033 1324 2102 gradu
1354 2035 1593 2088 omnium
1631 2036 1834 2102 infimo,
1868 2052 1969 2092 nec
2014 2039 2063 2091 id

486 2117 629 2183 quod
662 2119 822 2173 habet
854 2121 1084 2177 oﬂicium
1128 2124 1555 2180 ecclesiasticum
1599 2143 1690 2182 seu
1742 2130 1977 2200 dignitas
2012 2131 2060 2184 ei

491 2210 750 2275 proderit.
782 2211 875 2266 Sin
906 2222 1083 2267 autem
1111 2229 1138 2267 a
1172 2231 1270 2270 suo
1295 2217 1598 2285 patriarcha
1634 2219 1718 2274 vel
1749 2220 2062 2289 metropoli-

481 2308 609 2353 tano
638 2301 690 2355 iu
722 2302 954 2372 aliquam
986 2307 1171 2360 urbem
1194 2309 1388 2362 missus
1416 2310 1601 2375 fuerit,
1623 2321 1679 2364 ut
1707 2311 1887 2366 locum
1916 2312 2059 2369 illius

481 2391 808 2459 repleturus,
845 2404 974 2452 tunc
1001 2399 1247 2466 perinde,
1276 2415 1339 2455 ac
1368 2402 1456 2469 qui
1492 2403 1681 2471 ipsum.
1699 2404 1865 2465 misit.
1895 2421 2059 2476 repu-

480 2483 686 2537 tabitur
706 2494 759 2539 et
791 2485 1168 2544 honorabitur.
1217 2490 1501 2556 Quomodo
1533 2508 1664 2549 vero
1722 2494 1788 2549 18
1838 2499 2054 2566 quidem

478 2587 651 2629 canon
682 2575 799 2632 Nic.
832 2593 951 2647 syn.
982 2594 1128 2645 eum,
1167 2580 1258 2652 qui
1301 2580 1355 2636 in
1390 2584 1566 2638 medio
1619 2589 2054 2657 presbyterorum

477 2665 638 2729 sedit,
667 2667 949 2724 diaconum
981 2670 1359 2741 deponendum
1404 2676 1535 2731 dicit
1575 2692 1590 2729 :
1625 2676 1713 2732 hic
1741 2690 1918 2734 autem
1972 2681 2053 2737 le-

473 2756 594 2810 vius
620 2757 670 2811 in
702 2774 823 2812 eum
858 2760 1262 2832 animadvertit,
1298 2781 1489 2836 nempe
1552 2767 1905 2826 dintissione?
1953 2772 2054 2827 So-

477 2846 642 2903 lutio.
679 2848 771 2906 llle
802 2852 1019 2921 quidem
1069 2870 1243 2910 canon
1283 2856 1351 2912 de
1383 2858 1449 2913 iis
1482 2861 1572 2929 qui
1603 2862 1659 2915 in
1697 2877 1853 2917 sacro
1883 2864 2050 2920 tribu-

1762 367 2045 430 THEOD.
2077 364 2486 438 BALSAMON

3651 374 3758 437 540

2260 507 2279 538 ι
2315 489 2487 542 ἐλθὼν
2527 490 2557 543 6
2608 490 2668 544 σὲ
2712 488 2809 544 καὶ
2852 486 3016 542 αὐτὸν
3061 486 3296 549 καλέσας
3336 484 3453 555 ὲρεῖ
3491 501 3611 539 σοι·
3660 487 3762 547 Δὸς

2264 601 2281 631 ι
2322 582 2497 653 τούτῳ
2529 583 2693 637 τόπον
2712 597 2724 610 ·
2756 582 2851 635 καὶ
2878 582 3000 634 τότε
3031 578 3169 650 ἄρξῃ
3208 579 3347 647 μετὰ
3376 580 3638 649 αἰσχύνης
3667 579 3763 632 τὸν

2256 687 2275 719 ι
2316 671 2542 741 ἔσχατον
2590 673 2758 726 τόπον
2810 672 3097 741 κατέχειν·
3159 669 3273 722 ἀλλ’
3331 670 3459 723 ὅταν
3516 671 3760 741 κληθῇς,

2259 782 2277 812 ε
2311 764 2550 819 ἀνάπεσε
2598 768 2678 828 εἰς
2723 767 2816 819 τὸν
2850 764 3078 834 ἔσχατον
3109 765 3294 830 τόπον,
3322 765 3405 816 ἵνα
3460 766 3588 817 ὅταν
3630 765 3763 837 ἔλθῃ

2280 875 2298 907 ι
2342 858 2649 927 κεκληκὼς,
2679 857 2810 931 εἴπῃ
2853 875 2970 923 σοι,
3003 857 3152 914 Φίλε.
3190 856 3570 928 προσανάϐηθι
3605 857 3751 910 ἀνώ-

2258 966 2281 999 ι
2320 966 2513 1020 τερον’
2561 951 2684 1003 τότε
2731 951 2884 1004 ἔσται
2917 967 2999 1006 σοι
3029 949 3153 1015 δόξα
3203 950 3435 1001 ἐνώπιον
3481 950 3591 1002 τῶν
3635 967 3767 1003 συν-

2253 1056 2273 1090 ι
2308 1041 2686 1110 ανακειμένων
2718 1058 2821 1095 σοι.
2864 1042 2985 1094 Ὀτι
3017 1042 3125 1103 πᾶς
3172 1044 3200 1094 6
3229 1041 3381 1108 ὑψῶν
3427 1041 3621 1094 ἑαυτὸν
3656 1058 3760 1094 τα-

2252 1147 2273 1181 ο
2309 1132 2710 1203 πεινωθήσεται
2732 1149 2748 1167 ο
2782 1134 2875 1187 καὶ
2905 1136 2932 1187 6
2966 1134 3242 1187 ταπεινῶν
3276 1134 3651 1203 ὑψωθήσεται.
3684 1133 3764 1187 Τὸ

2251 1240 2271 1275 t
2309 1222 2365 1275 δὲ
2394 1223 2527 1277 αὐτὸ
2552 1224 2959 1295 φυλαχθήσεται
2990 1227 3086 1279 καὶ
3116 1226 3208 1279 ἐπὶ
3237 1226 3347 1279 τῶν
3374 1224 3579 1280 λοιπῶν
3596 1227 3763 1297 ἱερῶν

2251 1330 2272 1366 t
2302 1314 2600 1385 ταγμάτων
2621 1333 2636 1347 ·
2674 1317 2861 1388 ἐπειδὴ
2888 1317 2996 1373 τῶν
3031 1318 3172 1371 κατὰ
3216 1318 3308 1370 τὸν
3342 1318 3549 1387 κόσμον
3587 1320 3757 1386 ἀξιω-

2248 1419 2270 1455 σ
2306 1403 2495 1473 μάτων
2540 1406 2827 1477 κρείττονα
2871 1408 2941 1461 τὰ
2970 1408 3314 1477 πνευματκὰ
3340 1409 3699 1480 ἐπιστάμεθα.
3734 1430 3753 1462 ι

2243 1496 2440 1549 ΒΑΛΣ.
2483 1496 2542 1550 '0
2577 1496 2648 1568 ιη’
2690 1500 2871 1553 κανὼν
2906 1502 3005 1570 τῆς
3036 1501 3091 1553 ὲν
3136 1500 3341 1572 Νικαίᾳ
3376 1501 3597 1571 πρώτης
3631 1520 3761 1557 συν-

2168 1586 2290 1640 όδου
2360 1589 2743 1659 καθαιρεῖσθαί
2778 1610 2910 1662 φησι
2940 1593 3065 1655 τοὺς
3089 1594 3149 1645 ἐν
3175 1594 3327 1661 μέσῳ
3359 1594 3760 1665 πρεσϐυτέρων

2172 1680 2571 1750 καθεζομένους
2617 1683 2919 1745 διακόνους.
2967 1684 3028 1736 '0
3078 1684 3136 1737 δὲ
3185 1683 3374 1753 παρὼν
3399 1684 3581 1739 κανὼν
3627 1689 3759 1751 τοὺς

2102 1812 2145 1869 Β
2172 1769 2315 1824 οὕτω
2337 1772 2626 1837 ποιοῦντας
2652 1774 3079 1839 ύποὸιὸάζεσθαι
3105 1776 3169 1829 ἔκ
3192 1774 3285 1828 τοῦ
3310 1777 3516 1830 οἰκείου
3542 1777 3756 1848 βαθμοῦ

2173 1863 2630 1931 παρακελεύεται.
2674 1866 2733 1918 Εἰ
2770 1866 2878 1936 γάρ
2926 1868 3091 1937 τυχὸν
3121 1868 3232 1921 τῶν
3271 1868 3451 1922 ἄλλων
3488 1868 3757 1923 διακόνων

2168 1954 2655 2025 προϐαθμιώτερος
2696 1953 2763 2028 ἦν
2803 1959 2831 2010 6
2871 1959 3330 2029 ἁναιδευσάμενος
3381 1961 3475 2014 καὶ
3506 1963 3611 2032 πρὸ
3644 1963 3756 2015 τῶν

2171 2049 2563 2119 πρεσϐυτέρων
2604 2051 2857 2117 καθίσας,
2912 2052 3373 2123 κατενεχθήσεται
3425 2055 3506 2116 εἰς
3537 2053 3628 2107 τὸν
3660 2053 3757 2106 ἔσ-

2163 2154 2327 2207 χατον
2374 2140 2574 2205 τόπον,
2627 2140 2722 2195 καὶ
2781 2141 2939 2193 ἔσται
2995 2141 3213 2194 πάντων
3258 2142 3617 2213 ύποόάθμιος,
3676 2146 3754 2215 μὴ

2160 2228 2543 2298 ὠφελούμενος
2590 2233 2655 2283 ὲκ
2701 2230 2796 2284 τοῦ
2842 2230 2994 2301 αύτῷ
3033 2232 3328 2301 προσόντος
3381 2234 3514 2295 ἴσως
3548 2233 3754 2302 ἐκκλη-

2162 2323 2445 2375 σιαστικοῦ
2483 2322 2739 2393 όφφικίου
2782 2324 2900 2395 ἦτοι
2941 2322 3271 2393 ἀξιώματος.
3306 2324 3367 2375 Εἰ
3408 2323 3464 2375 δὲ
3503 2324 3613 2376 ἀπὸ
3656 2326 3753 2378 τοῦ

2158 2414 2362 2467 οἰκείου
2411 2416 2757 2485 πατριάρχου
2799 2416 2832 2485 ἢ
2883 2415 3286 2487 μητροπολίτου
3332 2415 3389 2467 έν
3439 2432 3549 2468 τινι
3597 2416 3754 2468 πόλει

2161 2505 2356 2577 σταλῇ,
2393 2507 2470 2570 ὡς
2497 2507 2588 2559 τὸν
2617 2505 2782 2559 τόπον
2804 2507 3018 2559 ἐκείνου
3051 2505 3490 2576 άναπληρὼσων,
3520 2507 3643 2558 τότε
3673 2508 3751 2570 ὡς

2156 2596 2316 2659 αὐτὸς
2339 2598 2368 2650 6
2399 2597 2618 2661 στείλας
2647 2597 2809 2651 αὐτὸν
2829 2598 3213 2667 λογισθήσεται
3242 2599 3333 2649 καὶ
3358 2597 3745 2667 τιμηθήσεται.

2155 2686 2279 2750 Πῶς
2322 2686 2414 2740 οὖν
2445 2690 2471 2740 6
2526 2688 2624 2757 μὲν
2672 2687 2739 2752 ιη’
2804 2687 2984 2741 κανὼν
3024 2688 3123 2758 τῆς
3167 2689 3224 2740 ὲν
3266 2688 3471 2760 Νικαίᾳ
3525 2689 3746 2742 συνόδου

2153 2782 2545 2852 καθαιρεῖσθαι
2581 2802 2715 2854 φησι
2753 2784 2849 2837 τὸν
2874 2786 2933 2837 ἐν
2968 2785 3120 2855 μέσῳ
3155 2783 3546 2854 πρεσϐυτέρων
3584 2784 3746 2837 καθί-

2155 2892 2325 2929 σαντα
2353 2875 2623 2943 διάκονον,
2656 2871 2817 2939 οὗτος
2844 2876 2899 2930 δὲ
2931 2876 3265 2947 κουφότερον
3296 2876 3517 2941 κολάζει
3552 2877 3741 2941 αὐτὸν,

477 2938 583 2992 nali
621 2948 863 3011 tempore
895 2944 1148 3001 sacriﬁcii
1178 2962 1241 3003 se
1272 2948 1610 3018 impudenter
1641 2966 1924 3023 gesserunt
1950 3000 1964 3024 ,
1995 2967 2049 3013 et

2151 2967 2316 3038 ἤγουν
2334 2967 2421 3022 διὰ
2447 2938 2860 3039 ὑποὸιύασμοῦξ;
2890 2938 3101 3034 Λύσις.
3142 2938 3376 3030 ’ἐκεῖνος
3405 2938 3746 3037 μένεόξκανὼν

474 3040 602 3083 ante
633 3033 944 3089 sacerdmes
990 3038 1266 3103 sederunt,
1304 3039 1573 3110 loquitur;
1626 3046 1691 3100 de
1735 3045 2044 3117 huiusmodi

2150 3060 2279 3127 περὶ
2312 3060 2421 3114 τῶν
2450 3063 2530 3125 εἰς
2560 3061 2620 3113 τὸ
2655 3060 2808 3131 βῆμα
2843 3062 2901 3114 ὲν
2932 3060 3248 3132 ἱερουργίας
3288 3060 3467 3131 καιρῷ
3489 3059 3745 3113 άναιδευ-

470 3119 615 3174 enim
648 3124 871 3179 omnino
902 3128 1143 3193 disserit,
1186 3131 1396 3187 scilicet
1435 3135 1501 3188 de
1542 3137 1608 3192 iis
1644 3138 1909 3209 diaconis,
1952 3145 2044 3211 qui

2154 3153 2407 3221 σαμένων
2436 3153 2528 3205 καὶ
2560 3151 2666 3223 πρὸ
2696 3153 2807 3206 τῶν
2831 3152 3021 3222 ἱερέων
3051 3152 3397 3206 καθισάντων
3426 3150 3627 3219 φησίνο
3656 3151 3743 3203 ὅτι

470 3211 843 3269 sacerdotibus
867 3221 1301 3277 communionem
1344 3227 1623 3293 porrigunt
1648 3272 1664 3297 ,
1713 3242 1768 3286 et
1804 3238 2046 3301 quaedam

471 3302 577 3355 alia
608 3301 871 3369 ejusmodi
923 3309 1141 3378 indigna
1181 3312 1409 3370 faciunt.
1464 3318 1708 3378 Praesens
1743 3336 1925 3379 autem
1956 3341 2049 3381 ca-

472 3408 578 3446 non
616 3394 857 3464 loquitur
879 3401 944 3456 de
968 3404 1343 3477 diaconis,qui
1378 3422 1531 3466 extra
1564 3429 1775 3469 sacrum
1814 3416 2049 3472 tribu'nai

474 3484 528 3575 in
584 3490 773 3554 quavis
808 3494 1065 3551 cathedra
1114 3510 1240 3555 ante
1285 3506 1629 3575 presbyteros
1675 3509 1949 3573 sederunt,
1995 3520 2050 3564 et

467 3574 591 3628 ideo
620 3578 698 3633 eis
723 3579 896 3638 lenius
928 3588 1249 3656 supplicium
1282 3574 1492 3664 inﬂigit.
1528 3594 1711 3651 Ofﬁcia
1743 3609 1923 3652 autem
1952 3616 2042 3655 ec-

465 3669 769 3727 clesiastica
804 3676 1058 3733 dicuntur
1085 3683 1432 3752 ἀρχοντίκια.
1495 3688 1684 3744 Canon
1731 3702 1912 3745 autem
1969 3694 2049 3748 id-

463 3754 643 3830 ipsum
664 3766 950 3824 vultetiam
975 3778 1179 3830 servari
1206 3778 1257 3831 in
1285 3779 1402 3833 aliis
1430 3781 1601 3836 sacris
1623 3784 1905 3841 ordinibus
1936 3802 1950 3839 :
1982 3802 2046 3841 ne

466 3853 591 3920 quis
619 3856 879 3926 dignitate
912 3863 997 3916 vel
1026 3865 1206 3922 oﬂicio
1257 3868 1452 3936 fretus,
1484 3874 1746 3932 adversus
1781 3877 1915 3933 alios
1946 3894 2043 3934 ex-

479 3942 719 4038 tollatur,
773 3960 827 4004 et
878 3954 1141 4012 adversus
1176 3976 1268 4016 eos
1312 3963 1405 4030 qui
1452 3964 1629 4020 altiori
1675 3970 1843 4038 gradu
1896 3979 2043 4034 sunt,

467 4031 759 4127 cﬂeratur;
800 4042 1202 4112 hypodiaconus
1249 4052 1387 4108 forte
1418 4057 1682 4113 adversus
1711 4060 1996 4116 diaconum
2026 4100 2043 4127 ,

466 4125 550 4179 vel
582 4127 752 4183 lector
780 4135 1042 4193 adversus
1068 4141 1522 4210 liypodiaconum.
1554 4149 1871 4220 Spirituales
1897 4157 2043 4208 enim

469 4216 762 4310 dignitates
790 4229 1163 4299 saecularibus,
1217 4234 1412 4306 inquit,
1444 4250 1570 4295 sunt
1594 4216 2042 4310 'praastantiores.

461 4304 601 4363 Nota
636 4328 763 4369 vero
801 4321 941 4385 quod
984 4323 1144 4376 etiam
1195 4339 1225 4379 e
1260 4332 1511 4396 praesenti
1558 4347 1770 4389 canone
1811 4337 2046 4392 manife-

462 4409 605 4455 stum
638 4414 721 4458 est
742 4409 1108 4468 ecclesiastica
1144 4416 1322 4473 ofﬁcia
1358 4422 1473 4475 sive
1502 4424 1794 4493 dignitates
1837 4429 2039 4496 gradus

462 4506 586 4546 esse
614 4497 1039 4571 ecclesiasticos,
1068 4513 1126 4559 ut
1172 4509 1449 4564 diaconica
1498 4522 1553 4566 et
1606 4527 1820 4572 caatera.
1873 4518 2040 4576 Miror

459 4593 640 4638 autem
666 4600 956 4658 quomodo,
983 4610 1104 4649 cum
1125 4613 1296 4653 canon
1322 4610 1523 4659 statuat
1545 4620 1688 4674 eum,
1716 4611 1807 4679 qui
1839 4612 2038 4671 missus

458 4684 561 4739 est,
582 4676 828 4737 obtinere
864 4684 1036 4739 locum
1067 4692 1328 4748 mittentis
1352 4697 1492 4764 quod
1522 4700 1588 4753 ad
1619 4676 1876 4759 honorem
1906 4708 2038 4761 atti-

460 4778 570 4830 net,
614 4769 970 4840 Gortynensis
999 4778 1288 4851 episcopus
1327 4785 1575 4856 Basilius,
1604 4794 1694 4860 qui
1724 4794 1775 4847 in
1812 4797 1913 4851 hac
1946 4814 2038 4869 sy-

459 4861 600 4915 nodo
642 4865 804 4919 totius
834 4868 1093 4924 Romanaa
1119 4872 1377 4931 Ecclesia:
1408 4879 1523 4947 iure
1555 4900 1792 4953 praesens
1821 4861 2032 4955 aderat,

459 4960 581 5049 post
605 4963 837 5020 quatuor
868 4961 1205 5025 patriarchas
1222 4978 1273 5020 et
1297 4975 1555 5037 quosdam
1585 4981 2033 5049 metropolitauos

456 5042 849 5113 subscripsisse
874 5048 1166 5109 invenitur.
1202 5057 1327 5123 Sed,
1362 5072 1418 5116 ut
1452 5077 1535 5120 est
1574 5042 1869 5137 probabile,
1922 5074 2035 5142 ipse

457 5148 674 5205 quoque
698 5148 813 5192 erat
843 5156 994 5211 papa:
1035 5145 1264 5217 legatus,
1292 5164 1345 5208 et
1378 5156 1497 5211 ideo
1538 5159 1861 5232 subscripsit
1911 5176 2031 5234 post

529 5316 574 5347 '°
613 5316 751 5377 Luc.
787 5337 895 5392 xiv,
928 5323 962 5379 8
998 5336 1057 5383 et
1099 5343 1255 5401 seqq.

2156 3244 2246 3297 καὶ
2268 3244 2517 3315 περὶτῶν
2533 3244 2791 3299 τοιούτων
2813 3244 2924 3313 (65)
2945 3244 3141 3305 διόλου.
3163 3243 3475 3310 διαλέγεται
3493 3241 3742 3311 δηλονότι

2153 3336 2284 3406 περί
2311 3336 2574 3390 διακόνων
2599 3337 2987 3405 μεταδιδόντων
3014 3334 3219 3407 ἰερεῦσι
3242 3336 3336 3388 καί⁵
3356 3335 3488 3387 ἄλλα
3512 3334 3741 3387 τοιαῦτα

2152 3428 2349 3493 ἀνάξια
2374 3429 2854 3497 διαπραττομένων
2876 3443 2889 3457 ⁶
2915 3430 2943 3481 6
2963 3429 3019 3481 δὲ
3044 3426 3237 3498 παρὼν
3266 3426 3446 3480 κανὼν
3473 3426 3600 3495 περὶ
3627 3425 3741 3478 τῶν

2151 3522 2310 3585 ἐκτὸς
2347 3522 2444 3591 τοιξ
2475 3522 2718 3591 βήματος
2752 3522 2810 3573 ἐν
2843 3520 3082 3591 τυχούσῃ
3116 3520 3355 3590 καθέδρᾳ
3394 3517 3739 3571 καθισάντων

2149 3586 2562 3680 διακόνωνοπρλλ
2587 3612 2699 3665 τῶν
2730 3586 3154 3682 πρεσϐυτέρων
3190 3612 3282 3663 καί⁹
3327 3586 3416 3663 διὰ
3444 3610 3603 3663 τοῦτο
3641 3626 3738 3677 με-

2149 3702 2454 3773 τριωτέραν
2490 3702 2686 3769 ἐπάγει
2708 3703 2809 3773 τὴν
2846 3702 3086 3754 κόλασιν.
3137 3700 3396 3768 Ὀφφίκια
3429 3699 3610 3768 μέντοι
3641 3702 3740 3753 ὲκ-

2150 3794 2517 3863 κλησιαστικὰ
2560 3793 2810 3862 λέγονται
2865 3794 2933 3847 τά
2991 3792 3330 3862 ἁρχοντίκια.
3383 3790 3455 3844 Τὸ
3500 3790 3633 3844 αὐτὸ
3678 3791 3737 3843 δὲ

2148 3890 2371 3956 κρατεῖν
2400 3887 2649 3957 βούλεται
2683 3890 2711 3941 6
2750 3886 2935 3941 κανὼν
2971 3887 3062 3938 καὶ
3093 3884 3188 3938 ἐπὶ
3216 3884 3324 3937 τῶν
3357 3882 3530 3936 ἄλλων
3568 3881 3734 3951 ἱερῶν

2146 3981 2474 4049 ταγμάτων,
2529 3978 2668 4032 ὥστε
2712 3980 2945 4050 μήτινα
3001 3977 3276 4046 ἀξιώματι
3336 3974 3642 4045 θαρροῦντα
3700 3975 3731 4043 ἢ

2150 4069 2393 4138 ὀφφικίῳ
2423 4069 2853 4139 κατεπαίρεσθαι
2878 4068 2990 4121 τῶν
3018 4068 3213 4131 ἄλλων,
3247 4068 3342 4120 καὶ
3368 4064 3732 4137 θρασύνεσθαι

2148 4159 2289 4211 κατὰ
2322 4158 2431 4211 τῶν
2466 4156 2969 4227 ὑποδαθμιωτέρων
3000 4155 3113 4227 (64)
3157 4153 3347 4219 αὐτοῦ,
3379 4153 3730 4207 ύποδιάκονον

2144 4250 2308 4317 τυχὸν
2360 4249 2500 4303 κατά
2534 4247 2818 4313 διακόνου,
2857 4247 2887 4318 ἦ
2930 4247 3284 4316 ἀναγνώστην
3321 4247 3460 4298 κατὰ
3504 4245 3725 4319 ύποδιαο

2145 4342 2325 4396 κόνου.
2347 4341 2591 4409 Κρείττω
2614 4339 2743 4409 γὰρ,
2759 4337 3070 4407 ερησὶν,εἰσὶ
3094 4338 3162 4391 τά
3190 4337 3537 4405 πνευματικὰ
3564 4334 3729 4400 ἀξιώ-

2150 4451 2293 4503 ματα
2331 4432 2441 4486 τῶν
2474 4431 2777 4501 κοσμικῶν.
2810 4430 3122 4497 Σημείωσαι
3154 4428 3210 4481 δὲ
3243 4429 3325 4480 ὅτι
3366 4428 3458 4479 καὶ
3489 4426 3598 4478 ἀπὸ
3632 4424 3726 4478 τοῦ

2149 4526 2416 4595 παρόντος
2446 4522 2670 4584 κανόνος
2703 4519 3039 4591 παρίσταται
3067 4518 3135 4570 τὰ
3169 4517 3599 4587 ὲκκλησιαστικά
3628 4515 3728 4587 ἀρ-

2145 4615 2390 4685 χοντίκια
2428 4615 2547 4685 ἦτοι
2578 4610 2866 4681 ἀξιώματα.
2895 4608 3139 4680 βαθμοὺς
3170 4605 3311 4660 εἶναι
3338 4607 3724 4676 ἐκκλησιαστι-

2143 4709 2294 4772 κοὺς,
2335 4707 2410 4769 ὼς
2446 4706 2513 4758 τὰ
2546 4703 2830 4756 διακονικὰ
2869 4702 2963 4754 καὶ
3008 4702 3075 4752 τὰ
3115 4700 3299 4753 λοιπά.
3345 4698 3623 4765 Θαυμάζω
3670 4697 3727 4750 δὲ

2142 4798 2275 4859 πῶς,
2335 4796 2427 4849 τοῦ
2482 4795 2708 4856 κανόνος
2766 4791 3143 4860 διοριζομένου
3200 4790 3290 4841 τὸν
3342 4786 3717 4839 ἀποσταλέντα

2141 4890 2359 4959 ἐπέχειν
2389 4888 2478 4940 τὸν
2512 4888 2678 4940 τόπον
2711 4883 2802 4938 τοῦ
2840 4881 3259 4942 ἀποστείλαντος
3295 4882 3419 4934 ὅσον
3448 4878 3595 4931 κατὰ
3625 4877 3723 4945 τὴν

2138 4980 2329 5051 τιμὴν,
2367 4980 2395 5030 ὁ
2424 4978 2723 5039 ἐπίσκοπος
2771 4976 2882 5029 τῶν
2914 4972 3254 5044 Γορτυναίων
3284 4970 3567 5031 Βασίλειος
3617 4987 3722 5020 πα-

2141 5070 2447 5141 ρουσιάξων
2494 5070 2553 5122 ὲν
2593 5072 2659 5136 τῇ
2704 5067 2907 5137 συνόδῳ
2945 5065 3116 5134 ταύτῃ
3164 5063 3360 5132 δικαίῳ
3405 5062 3584 5131 πάσης
3630 5060 3725 5127 τῆς

2149 5161 2481 5234 Ἐκκλησίας
2541 5157 2762 5231 Ῥώμης
2818 5158 3140 5226 εὑρίσκεται
3198 5152 3523 5225 ὑπογράψας
3579 5150 3718 5219 μετὰ

1640 5452 1836 5513 Guill.
1863 5456 2189 5537 Beveregii
2224 5464 2410 5520 notua.

532 5564 645 5635 (63)
669 5567 792 5622 Ὀτι
818 5568 921 5647 grai
949 5573 1080 5647 περί
1106 5571 1224 5647 τῷν
1264 5576 1571 5647 τοιούτων.
1601 5576 1723 5631 ΙΙωο
1760 5594 1934 5647 usque
1963 5581 2029 5635 ad

453 5634 944 5707 διαπραττομένων
972 5634 1242 5696 inclusive
1269 5645 1321 5696 in
1345 5645 1640 5700 l‘arisiensi
1669 5634 1910 5703 editione
1932 5634 2027 5703 de-

460 5705 868 5781 sidcrata.‘ex_
926 5725 1031 5781 ms.
1074 5712 1518 5781 Atncrbachiano
1579 5715 1873 5781 habentur,
1934 5720 2025 5771 ubi

459 5774 621 5828 etiam
675 5791 774 5845 pro
846 5778 1292 5850 άναιδεσαμένων
1383 5784 1547 5853 paulo
1609 5793 1771 5851 ante,
1831 5774 2035 5843 rectius

2139 5580 2924 5653 legitur,6va_tﬁsucauéijh_
3091 5645 3104 5653 .
3283 5644 3331 5653 --
3446 5643 3487 5653 -η
3572 5610 3615 5653 ’-

2212 5643 2324 5722 (64)
2347 5643 2511 5722 Κατὰ
2542 5652 2660 5722 τῶν
2688 5643 3258 5722 ὖποᾼϐαθμιωτέρωνη
3283 5644 3382 5722 Ms.
3424 5643 3720 5722 [Etnnien-

2137 5716 2380 5789 sis'le'git
2430 5719 2958 5790 προϐαθμιωτέρων,
3026 5732 3191 5785 quant
3249 5716 3536 5770 lectimwm
3601 5717 3714 5781 ipse

2142 5791 2305 5847 ctiam
2326 5793 2479 5845 locus
2507 5791 2766 5859 postulat.
