4078 6418
357 444 460 511 541

1418 442 1498 502 li'i
1531 444 1705 506 CAN.
1742 445 1855 504 VII
1897 445 2103 510 CONC.
2144 448 2228 511 IN
2257 447 2578 509 TRULLO.

3525 450 3633 515 5i?

355 558 483 617 τοὺς
519 552 791 622 τέσσαρας
827 548 1176 621 πατριάρχας
1204 548 1298 604 καί
1326 566 1481 612 τινας
1512 548 1941 621 μητροπολίτας.

2051 554 2414 624 patriarchas;
2463 555 2602 610 sicut
2643 561 2695 607 et
2724 552 2906 607 czeteri
2940 551 3126 623 legati,
3155 554 3366 611 scilicet
3398 554 3632 611 Thessa-

370 642 513 698 Ἀλλ’
540 642 614 704 ὡς
645 639 791 693 ἔοικε
823 641 915 693 καὶ
937 640 1097 702 αὐτὸς
1124 639 1352 709 λεγάτος
1374 634 1443 708 ἦν
1459 639 1554 693 τοῦ
1583 638 1784 691 πάππα
1804 655 1818 670 ·
1852 639 1945 693 καλ⁵

358 736 453 790 διὰ
485 734 647 787 τοῦτο
679 733 817 805 μετὰ
844 734 969 796 τοὺς
996 733 1345 802 πατριάρχας
1376 731 1716 801 ὑπέγραψεν,
1749 729 1941 803 ὥσπερ

354 829 452 882 καὶ
483 830 530 880 οἱ
557 828 734 881 λοιποὶ
767 826 1008 895 λεγάτοι,
1050 825 1171 894 ἦτοι
1203 829 1228 877 ό
1259 824 1683 892 Θεσσαλονίκης,
1709 824 1736 876 ὁ
1776 820 1945 894 Ἦρα-

357 920 545 977 κλείας
574 920 668 970 καὶ
696 917 899 984 ἕτεροι.
935 917 991 968 '0
1019 916 1073 968 δὲ
1098 914 1447 986 χαρτοφύλαξ
1474 915 1566 984 τῆς
1600 918 1947 967 Κωνσταντι·

354 1009 686 1072 νουπόλεως,
706 1009 853 1070 ὅπως
871 1007 1212 1078 προκάθηται
1234 1005 1341 1059 τῶν
1361 1007 1685 1077 ἀρχιερέων,
1702 1006 1946 1070 διάκονος

355 1100 454 1165 ὣν,
484 1099 698 1168 εἴρηται
734 1099 790 1149 ἐν
833 1096 912 1165 τῷ
958 1102 1024 1165 ιη’
1073 1095 1261 1161 κανόν,
1298 1097 1397 1164 τῆς
1435 1096 1660 1165 πρώτης
1703 1096 1943 1150 συνόδου.

356 1190 674 1259 Σημείωσαι
713 1187 771 1240 δὲ
797 1188 888 1239 τὸν
916 1185 1117 1238 κανόνα
1144 1185 1371 1252 λέγοντα
1402 1185 1688 1255 κρείττονα
1713 1182 1853 1238 εἶναι
1877 1185 1947 1239 τὰ

355 1280 710 1350 πνευματικὰ
735 1279 1022 1349 ἀξιώματα
1047 1279 1156 1333 τῶν
1180 1278 1321 1332 κατὰ
1347 1280 1551 1347 κόσμον
1580 1279 1906 1347 ἀξιωμάτων
1926 1292 1944 1310 ο

351 1372 498 1442 πλὴν
533 1370 609 1440 μὴ
658 1371 893 1442 ἐλκύσῃς
934 1369 1124 1435 τοῦτο,
1165 1370 1240 1433 ὥς
1268 1388 1412 1433 τινες
1442 1366 1623 1433 εἷπον,
1659 1371 1822 1440 χάριν
1851 1369 1945 1422 τοῦ

353 1467 734 1537 προτιμᾶσθαι
770 1464 838 1516 τὰ
868 1462 1302 1533 ἑκκλησιαστικὰ
1332 1463 1623 1533 ἀξιώματα
1649 1465 1755 1515 τῶν
1788 1464 1947 1533 βασι.

349 1555 543 1609 λικῶν.
591 1555 963 1626 Ἐρμήνευσον
988 1553 1143 1606 τοῦτο
1168 1558 1246 1615 εἰς
1285 1555 1413 1617 τοὺς
1443 1554 1948 1622 καταυθαδιαζομέ-

350 1667 479 1711 νους
500 1648 665 1718 τυχὶν
698 1647 1086 1709 ὑποδιακόνους
1118 1646 1260 1700 κατὰ
1284 1646 1569 1713 διακόνων,
1606 1646 1637 1716 ἦ
1667 1647 1949 1710 διακόνους

354 1741 504 1795 κατὰ
539 1740 964 1809 πρεσϐυτέρωνο
993 1740 1087 1792 καὶ
1126 1739 1247 1792 εἰπὲ
1281 1739 1365 1792 ὅτι
1386 1778 1401 1802 ,
1431 1741 1479 1793 εί
1518 1740 1574 1791 ὲν
1604 1742 1717 1801 τοῖς
1746 1755 1944 1806 κοσμι-

348 1834 470 1896 κοῖς
507 1829 817 1898 ἀξιώμασιν
846 1830 947 1883 οὐκ
982 1830 1160 1895 ἔξεστι
1191 1830 1269 1902 τῷ
1298 1832 1484 1902 ἥττονι
1511 1828 1639 1900 ἀξίᾳ
1667 1830 1780 1881 ὄντι
1812 1847 1946 1898 προ-

2048 646 2345 704 lonicensis
2397 647 2683 717 episcopus
2731 657 2785 701 et
2832 644 3203 703 Ileraeleanus
3239 658 3292 703 et
3326 648 3442 703 alii.
3492 649 3633 703 Con-

2049 741 2576 810 stantinopolitanus
2627 748 2808 817 autem
2865 739 3292 810 chartophylax,
3362 742 3634 810 quomodo

2049 846 2172 885 cum
2205 831 2276 885 sit
2305 830 2587 895 diaconus,
2633 840 2758 883 ante
2791 830 3060 885 antistites
3111 833 3281 896 sedet,
3325 830 3379 884 in
3432 831 3622 899 prium

2051 920 2242 991 synodi
2276 920 2343 973 18
2371 935 2492 974 can.
2537 920 2738 973 dictum
2770 928 2868 973 est.
2909 917 3040 971 Nota
3075 926 3250 972 autem
3286 927 3339 973 et
3367 934 3630 973 canonem

2048 1012 2142 1083 qui
2169 1011 2324 1073 dicit,
2354 1011 2661 1081 Spirituales
2704 1011 2997 1080 dignitates
3042 1024 3164 1064 esse
3218 1012 3627 1077 praestantiores

2050 1107 2401 1164 saecularibus
2430 1105 2802 1176 dignitatibus.
2836 1104 2941 1158 Sed
2973 1120 3038 1156 ne
3066 1104 3169 1157 hoc
3196 1118 3261 1158 eo
3286 1105 3541 1167 traxeris,
3570 1114 3631 1158 ut

2050 1196 2300 1252 nonnulli
2341 1195 2615 1257 dicebant,
2648 1195 2714 1247 ad
2748 1194 3148 1249 ecclesiasticas
3191 1193 3480 1262 dignitates
3532 1196 3602 1248 im

2049 1289 2338 1359 peratoriis
2376 1287 2766 1358 praeferendas.
2796 1285 3158 1356 Interpretare
3188 1294 3366 1339 autem
3403 1287 3505 1341 hoc
3535 1287 3627 1341 ad-

2050 1393 2241 1433 versus
2266 1376 2699 1449 hypodiaconos,
2734 1377 2823 1444 qui
2863 1376 3097 1430 fortasce
3130 1378 3363 1444 superbe
3386 1388 3440 1431 et
3478 1375 3628 1432 insoc

2048 1469 2224 1525 lenter
2246 1485 2306 1525 se
2348 1478 2544 1539 gerunt
2582 1468 2844 1524 adversus
2902 1468 3185 1534 diaconos,
3232 1469 3318 1523 vel
3372 1470 3631 1525 diaconos

2048 1561 2139 1630 qu_i
2186 1561 2447 1615 adversus
2492 1559 2835 1631 presbyteros
2870 1577 2883 1616 :
2921 1568 2975 1613 et
3004 1559 3093 1613 die
3120 1598 3135 1623 ,
3172 1558 3312 1625 quod
3349 1560 3392 1614 si
3434 1562 3485 1614 iu
3519 1577 3625 1615 sac-

2050 1649 2324 1705 cularibus
2359 1649 2711 1718 dignitatibus
2739 1664 2846 1702 non
2882 1648 3005 1702 licet
3036 1648 3106 1711 ei,
3138 1649 3231 1717 qui
3280 1658 3361 1702 est
3399 1651 3627 1704 minoris

2051 1740 2347 1810 dignitatis,
2382 1741 2676 1809 prmsidere
2708 1740 2787 1793 vel
2819 1738 3064 1810 praeferri
3096 1739 3169 1801 ei,
3207 1739 3294 1807 qui
3320 1749 3401 1794 est
3427 1742 3631 1807 majore

2049 1832 2316 1901 dignitate
2347 1833 2671 1895 honoratus,
2710 1831 2880 1885 multo
2911 1828 3082 1898 magis
3120 1844 3223 1883 non
3255 1829 3377 1883 licet
3408 1830 3509 1883 hoc
3545 1830 3626 1883 fa-

346 1925 628 1995 καθῆσθαι
678 1924 709 1993 ἦ
754 1922 1127 1993 προτιμᾶσθαι
1177 1922 1271 1975 τοῦ
1318 1921 1526 1993 μείζονι
1573 1923 1940 1991 τετιμημένου

2048 1940 2167 1979 cere
2189 1924 2255 1977 iis
2286 1922 2378 1992 qui
2402 1931 2529 1976 sunt
2549 1921 2931 1977 ecclesiasticis
2952 1919 3308 1989 dignitatibus
3340 1920 3498 1989 165
3528 1920 3624 1975 bo-

346 2017 647 2086 ἁξιώματι,
682 2014 861 2085 πολλῷ
893 2015 1053 2068 πλέον
1087 2016 1187 2068 οὐκ
1219 2013 1397 2079 ἔξεστι
1428 2012 1586 2065 τοῦτο
1615 2015 1789 2064 ποιεῖν
1820 2015 1940 2075 ταῖς

348 2096 834 2177 ἐκκλησιαστικαῖς
854 2104 1033 2171 ἀξίαις
1058 2106 1462 2176 τετιμημένοις,
1489 2103 1555 2167 ἃς
1577 2104 1670 2156 καὶ
1697 2121 1944 2172 πνευμα-

346 2198 537 2257 τικὰςί
564 2198 815 2263 ἐκάλεσε,
845 2198 937 2250 καὶ
981 2196 1319 2267 χρεωστοῦσι
1369 2196 1551 2248 πᾶσαν
1584 2196 1843 2261 εὐταξίαν
1878 2196 1943 2247 ἐκ

346 2290 448 2344 τοῦ
480 2290 897 2359 ἐπαγγέλματος
927 2288 1127 2345 αὐτῶν.
1156 2286 1472 2357 Σημείωσαι
1501 2281 1594 2339 οὖν
1620 2286 1711 2338 τὸν
1741 2286 1944 2339 κανόνα

346 2382 691 2453 ὀνομάζοντα
721 2382 849 2451 περὶ
872 2382 933 2433 τὸ
962 2379 1113 2442 τέλος
1137 2379 1265 2441 τοὺς
1289 2377 1779 2446 ἐκκλησιαστικοὺς
1810 2376 1940 2446 βαθ·

353 2474 497 2545 pob;
548 2474 855 2543 ἀξιώματα.
898 2472 1164 2533 Πολλάκις
1213 2470 1320 2541 γάρ
1356 2474 1435 2535 εἰς
1482 2475 1545 2526 τὸ
1587 2474 1941 2545 δικαστήριον

348 2564 512 2621 εἶπόν
560 2582 707 2629 τινες
757 2566 893 2635 μήτε
945 2564 1074 2627 τοὺς
1133 2563 1626 2634 ἐκκλησιαστικοὺς
1672 2565 1941 2635 ἄρχοντας

349 2660 497 2731 μήτε
530 2658 657 2721 τοὺς
692 2657 1095 2728 μητροπολίτας
1126 2658 1185 2708 ἐν
1213 2656 1588 2726 ἀξιωματικοῦ
1619 2660 1786 2729 μοίρᾳ
1815 2673 1940 2710 συν-

346 2752 667 2816 τάττεσθαι,
730 2752 824 2804 καὶ
874 2750 964 2803 διὰ
1013 2750 1171 2805 τοῦτο
1225 2750 1358 2820 μηδὲ
1397 2750 1621 2803 δυνατὸν
1665 2745 1808 2802 εἶναι
1849 2748 1941 2801 τὸν

348 2845 544 2916 στίχον
592 2844 686 2897 τοῦ
723 2843 1181 2915 ἐκκλησιαστικοῦ
1227 2842 1667 2897 κουϐουκλεισίου
1697 2843 1816 2911 ἦτοι
1846 2841 1941 2895 τοῦ

348 2938 695 3003 ἐπισκόπου,
728 2937 865 2992 ἀλλὰ
897 2935 1177 2993 ταπεινόν.
1222 2934 1377 3006 Ἐμοὶ
1403 2935 1460 2989 δὲ
1493 2934 1649 2989 τοῦτο
1678 2933 1737 2987 οὐ
1770 2933 1939 2990 δοκεῖ.

346 3033 467 3086 Καὶ
494 3031 766 3099 ἀνάγνωθι
788 3031 848 3083 τὸ
882 3036 929 3084 α’
962 3030 1258 3098 κεφάλαιον
1287 3028 1380 3081 τοῦ
1397 3035 1448 3098 η’
1474 3028 1654 3080 τίτλου
1681 3026 1773 3078 τοῦ
1799 3043 1908 3095 παρ
1925 3055 1940 3064 -

346 3129 512 3187 ὄντος
569 3125 979 3194 συντάγματος,
1057 3123 1153 3175 καὶ
1198 3121 1260 3175 τὸ
1320 3122 1501 3173 ἐκεῖσε
1554 3119 1944 3188 καταστρωθὲν

2040 2016 2236 2082 uorati,
2257 2029 2392 2084 quas
2418 2015 2579 2069 etiam
2603 2013 2910 2083 spirituales
2940 2011 3258 2082 appellavitj;
3291 2014 3381 2081 qui
3412 2012 3626 2080 quidem

2038 2123 2107 2161 ex
2139 2121 2235 2161 sua
2259 2106 2592 2174 professione
2625 2105 2821 2159 debent
2854 2117 3075 2155 onmem
3126 2101 3326 2156 bonum
3382 2105 3626 2159 ordinem

2040 2201 2354 2255 observare.
2386 2196 2522 2250 Nota
2554 2211 2682 2265 ergo
2711 2211 3002 2259 canonem,
3034 2199 3124 2265 qui
3154 2198 3300 2254 circa
3332 2196 3491 2250 linem
3529 2211 3629 2249 no-

2044 2292 2215 2346 minat
2275 2288 2677 2345 ecclesiasticos
2731 2289 2933 2358 gradus
2978 2292 3290 2362 dignitates.
3353 2290 3619 2344 Nonnulli

2041 2383 2183 2437 enim
2217 2395 2359 2450 saepe
2386 2381 2439 2434 in
2468 2380 2676 2450 judicio
2702 2384 2905 2448 dixere,
2935 2399 3035 2440 nec
3064 2385 3465 2440 ecclesiasticos
3492 2399 3625 2454 prae-

2041 2474 2233 2537 fectos,
2269 2487 2374 2526 nec
2406 2470 2853 2542 metropolitauos
2875 2475 3016 2529 inter
3038 2466 3329 2546 dignitates
3352 2476 3627 2543 collocari,

2040 2573 2095 2619 et
2125 2572 2410 2633 propterea
2470 2577 2571 2616 nec
2616 2573 2890 2631 potentem
2940 2567 3155 2635 quidem
3197 2581 3321 2622 esse
3357 2566 3629 2620 ecclesia~

2041 2658 2165 2712 stici
2212 2657 2531 2712 cubicularii
2580 2657 2663 2712 vel
2707 2658 2944 2728 episcopi
2994 2660 3264 2727 ordinem,
3302 2660 3396 2714 sed
3436 2660 3619 2712 vilem.

2043 2749 2160 2804 Hoc
2186 2758 2364 2804 autem
2402 2750 2534 2803 mihi
2571 2750 2641 2803 ita
2674 2765 2794 2805 esse
2826 2768 2934 2807 non
2983 2753 3217 2808 videtur.
3253 2752 3316 2807 Et
3365 2753 3483 2822 lege
3515 2752 3610 2820 pri-

2045 2856 2193 2896 mum
2230 2855 2354 2912 cap.
2379 2839 2413 2896 8
2467 2842 2550 2896 tit.
2598 2845 2882 2912 praesentis
2928 2845 3129 2914 operis,
3159 2854 3213 2899 et
3247 2845 3356 2899 illic
3393 2844 3626 2914 positum

2045 2934 2372 3002 scriptisque
2409 2932 2724 2987 mandatum
2772 2934 2959 3001 sancti}
3005 2936 3347 2989 Constantini
3401 2933 3578 3005 Magni

2047 3024 2140 3093 qui
2175 3031 2261 3078 est
2295 3021 2553 3090 apostolis
2581 3022 2831 3091 aequalis,
2862 3024 3167 3087 decretum,
3196 3032 3253 3078 et
3285 3034 3625 3077 commenta-

2048 3116 2188 3169 rium
2224 3113 2293 3169 56
2322 3126 2444 3181 cap.
2475 3113 2632 3178 primi
2668 3114 2749 3165 tit.
2786 3114 3069 3181 praesentis
3097 3114 3299 3183 operis.

347 3218 631 3284 ἔγγραφον
657 3213 932 3282 θέτπισμα
966 3211 1060 3265 τοῦ
1112 3211 1463 3265 ίσαποστόλου
1494 3198 1651 3279 ἁγίου
1695 3209 1931 3278 μεγάλου
1971 3204 2409 3269 Κωνσταντίνου,
2438 3202 2617 3256 καὶτὸ
2645 3203 2856 3273 σχόλιον
2881 3203 2974 3256 τοῦ
3025 3202 3116 3267 λς’
3175 3203 3470 3272 κεφαλαίου
3529 3205 3632 3261 τοῦ

347 3315 401 3363 α’
428 3308 609 3363 τίτλου
640 3306 733 3360 τοῦ
767 3305 1033 3375 παρόντος
1064 3305 1471 3374 συντάγματος.

423 3401 671 3455 ΖΩΝΑΡ.
716 3399 776 3451 '0
808 3396 1280 3459 ὀκτωκαιδέκατος
1312 3393 1493 3447 κανὼν
1520 3394 1621 3464 τῆς
1650 3395 1707 3446 ἐν
1732 3389 1938 3460 Νικαίᾳ

2118 3384 2374 3442 ZONAR.
2407 3382 2486 3439 Ne
2529 3383 2769 3439 medium
2800 3383 2853 3435 in
2897 3391 3337 3454 presbyterorum
3369 3396 3627 3437 consessu

349 3492 585 3565 πρώτης
635 3488 856 3542 συνόδου
904 3486 978 3557 μὴ
1025 3487 1083 3537 ἐν
1132 3485 1280 3554 μέσῳ
1332 3481 1723 3553 πρεσϐυτέρων
1774 3478 1945 3546 καθῆ-

352 3588 483 3640 σθαι
528 3585 655 3648 τοὺς
690 3579 980 3641 διακόνους
1029 3576 1285 3641 κελεύει,¹
1330 3576 1458 3637 τοὺς
1512 3574 1568 3627 δὲ
1612 3573 1685 3643 μὴ
1719 3570 1946 3639 πειθαρ-

352 3678 589 3752 χοῦντας
623 3672 898 3727 παύεσθαι
942 3671 1043 3739 τῆς
1089 3668 1387 3729 διακονίας.
1446 3665 1507 3718 '0
1534 3665 1590 3718 δὲ
1624 3664 1817 3735 παρὼν
1847 3678 1947 3737 καο

354 3770 468 3825 νὼν
503 3769 616 3828 τοῖς
667 3764 914 3825 αὐθαδῶς
954 3762 1062 3832 πρὸ
1094 3760 1204 3813 τῶν
1247 3757 1639 3829 πρεσϐυτέρων
1673 3752 1947 3822 καθῆσθαι

354 3860 804 3929 ὰναιδευομένοις
835 3857 939 3909 οὐκ
970 3855 1247 3908 ἔκπτωσιν
1276 3852 1378 3920 τῆς
1429 3847 1705 3911 διακονίας
1746 3848 1824 3910 είς
1858 3845 1950 3899 κό-

353 3955 520 4008 λασιν
561 3950 660 4019 τῆς
709 3946 1000 4008 αὐθαδείας
1033 3944 1253 4011 ἐπάγει,
1294 3942 1429 3995 ἀλλὰ
1460 3938 1841 4005 ὑποϐιϐασμὸν
1882 3938 1948 3989 ἐκ

352 4043 457 4101 τοῦ
492 4042 696 4098 οἰκείου
742 4037 976 4111 βαθμοῦ.
1003 4038 1065 4089 El
1110 4035 1207 4105 γὰρ
1239 4033 1400 4104 τυχὸν
1428 4032 1536 4085 τῶν
1564 4031 1739 4085 ἄλλων
1766 4028 1947 4083 διακόο

354 4153 469 4192 νων
504 4132 989 4206 προϐαθμιώτερος
1023 4125 1092 4200 ἦν
1128 4130 1156 4179 ό
1184 4125 1670 4193 ἀναιδευσάμενος,
1705 4123 1799 4174 καὶ
1841 4119 1947 4190 πρὸ

353 4230 472 4283 τῶν
515 4226 906 4298 πρεσϐυτέρων
954 4223 1209 4286 καθίσας,
1244 4216 1707 4287 κατενεχθήσεται
1741 4214 1818 4276 είς
1844 4213 1947 4265 τὸν

354 4320 590 4390 ἔσχατον
616 4317 802 4377 τόπον,
835 4314 931 4366 καὶ
965 4311 1119 4364 ἔσται
1151 4311 1368 4364 πάντων
1405 4306 1764 4374 ὑποϐάθμιος.
1795 4304 1857 4356 Εἰ
1891 4302 1947 4355 δὲ

354 4412 470 4467 ὑπὸ
490 4409 584 4464 τοῦ
614 4409 820 4462 οἰκείου
857 4404 1202 4474 πατριάρχου
1236 4402 1267 4473 ἢ
1314 4399 1719 4472 μητροπολίτου
1752 4397 1811 4450 ἐν
1840 4412 1948 4448 τινι

355 4502 515 4556 πόλει
560 4501 753 4569 σταλῇ,
795 4500 872 4560 ὡς
902 4498 992 4551 τὸν
1036 4496 1201 4548 τόπον
1254 4492 1464 4547 ἐκείνου
1514 4487 1944 4560 άναπληρώσων,

355 4596 482 4647 τότε
517 4592 593 4656 ὡς
624 4592 788 4652 αὐτὸς
817 4593 844 4643 ό
876 4588 1092 4649 στείλας
1130 4585 1291 4639 αὑτὸν
1324 4584 1713 4654 λογισθήσεται
1745 4581 1839 4633 καὶ
1870 4596 1951 4631 τι·

361 4685 694 4758 μηθήσεται.
730 4682 861 4745 Πῶς
892 4679 985 4733 οὖν
1016 4682 1043 4732 ὁ
1069 4679 1166 4749 μὲν
1194 4678 1303 4730 τῶν
1332 4676 1573 4729 κανόνων
1596 4673 1684 4727 τὸν
1711 4675 1770 4725 ἐν
1799 4672 1949 4740 μέσῳ

358 4776 753 4849 πρεσϐυτέρων
799 4773 1103 4827 καθίσαντα
1142 4768 1442 4840 βαρύτερον
1474 4766 1721 4829 κολάζει,
1755 4766 1948 4816 παύων

354 4870 526 4924 αὑτὸν
570 4869 668 4936 τῆς
721 4866 1022 4925 διακονίας,
1073 4855 1230 4922 οὗτος
1267 4859 1324 4911 δὲ
1377 4855 1719 4925 κουφοτέραν
1754 4853 1951 4922 ἐπάγει

353 4963 460 5030 τὴν
489 4958 765 5028 τιμωρίαν
797 4957 872 5026 τῷ
915 4952 1307 5025 προκαθίσαντι
1340 4947 1745 5018 πρεσϐυτέρου,
1777 4961 1951 4998 κατα-

356 5053 605 5116 ϐιϐάζων
654 5051 815 5102 αὑτὸν
863 5048 941 5109 είς
984 5045 1075 5096 τὸν
1128 5044 1358 5112 ἔσχατον
1395 5041 1560 5093 τόπον
1599 5037 1693 5091 τοῦ
1746 5036 1950 5089 οἰκείου

358 5144 609 5218 βαθμοῦ;
648 5142 816 5194 Φασὶν
856 5135 948 5192 οὖν
992 5140 1075 5190 ὅτι
1106 5137 1134 5188 ὁ
1172 5134 1277 5205 μέν
1323 5135 1420 5202 τῆς
1464 5131 1692 5202 πρώτης
1730 5129 1949 5182 συνόδου

358 5240 543 5294 κανὼν
576 5234 706 5303 περὶ
725 5233 835 5285 τῶν
871 5232 928 5283 ἐν
962 5230 1167 5299 βήματι
1197 5227 1254 5278 ἐν
1288 5224 1601 5294 ἱερουργίας
1636 5219 1815 5289 καιρῷ
1847 5234 1949 5272 κα-

358 5329 674 5398 θεζομένων
720 5327 778 5377 ἐν
810 5325 957 5395 μέσῳ
995 5319 1390 5392 πρεσϐυτέρων
1420 5318 1604 5386 φησὶν,
1646 5314 1734 5367 ὅτε
1762 5313 1949 5366 διακο-

359 5426 473 5474 νεῖν
513 5417 714 5486 μᾶλλον
760 5414 857 5466 καὶ⁵
909 5410 1208 5481 ὑπηρετεῖν
1247 5409 1359 5467 τοῖς
1400 5404 1639 5475 ἱερεῦσιν
1673 5403 1945 5471 ὀφείλουσι

358 5511 460 5565 καὶ
492 5507 835 5577 παρεστάναι
885 5504 1105 5565 αὐτοῖς’
1151 5504 1178 5554 ό
1211 5500 1267 5552 δὲ
1319 5498 1420 5567 τῆς
1466 5497 1686 5549 συνόδου
1740 5495 1946 5561 ταύτης

358 5600 493 5667 περὶ
521 5598 629 5651 τῶν
663 5599 819 5659 ἐκτὸς
854 5595 1097 5664 βήματος
1129 5592 1185 5643 ἐν
1211 5589 1447 5659 τυχούσῃ
1472 5586 1712 5657 καθέδρᾳ
1737 5602 1946 5656 προκα-

360 5692 634 5747 οισάντων
697 5687 1114 5757 πρεσϐυτέρων.
1178 5680 1462 5751 Πανταχοῦ
1528 5680 1628 5749 μὲν
1672 5681 1780 5746 γὰρ
1836 5679 1945 5739 τοῖς

362 5783 605 5852 ἱερεῦσιν
633 5783 684 5832 οἱ
722 5779 963 5832 διάκονοι
1004 5772 1339 5843 χρεωστοῢσι
1383 5771 1571 5839 τιμὴν,
1623 5769 1860 5840 μάλιστα
1888 5768 1944 5820 δὲ

360 5873 423 5927 ἐν
458 5870 761 5945 ἱερουργίᾳ.
796 5866 1060 5938 Ὀφφίκια
1088 5864 1142 5918 δὲ
1181 5860 1615 5933 ἐκκλησιαστικά
1648 5859 1715 5914 τά
1742 5862 1941 5931 αρχον-

2046 3479 2223 3533 locum
2257 3477 2472 3532 diaconi
2498 3484 2790 3546 occupent,
2829 3475 2895 3529 18
2928 3477 3117 3545 primze
3151 3477 3203 3528 in
3232 3473 3408 3529 Νίσαια
3435 3476 3625 3543 synodi

2045 3582 2254 3624 canone
2279 3568 2626 3621 interdictum
2654 3577 2757 3630 est,
2781 3576 3236 3635 contumacesque
3265 3581 3292 3619 a
3324 3568 3628 3619 ministerio

2049 3659 2224 3714 arceri
2281 3660 2468 3713 eadem
2533 3657 2931 3713 constitutione
2983 3656 3288 3711 decretum.
3349 3656 3446 3711 Hic
3502 3672 3631 3712 vero

2047 3752 2370 3821 canon,qui
2408 3749 2783 3805 honestiorem
2830 3748 3053 3804 sedendi
3106 3748 3282 3802 locum
3332 3751 3628 3818 impudenti

2050 3845 2360 3899 temeritate
2391 3841 2773 3898 sacerdotibus
2808 3840 3177 3910 prteripuerit,
3215 3856 3339 3895 eum
3388 3843 3438 3893 in
3472 3855 3630 3894 arro-

2049 3937 2245 4008 gantiae
2269 3950 2379 3988 sua:
2410 3950 2621 4004 poenam
2650 3948 2757 3989 non
2789 3949 2816 3986 a
2842 3933 3141 3987 ministerio
3166 3933 3386 3999 quidem
3421 3933 3629 4000 repelli,

2050 4027 2143 4079 sed
2178 4026 2244 4079 de
2274 4040 2372 4079 suo
2399 4024 2566 4095 gradu
2610 4021 2891 4078 deturbari
2921 4012 3095 4091 jubet.
3149 4019 3385 4072 Proinde
3432 4020 3477 4073 si
3517 4019 3631 4087 pri-

2048 4131 2198 4171 mum
2249 4114 2393 4170 forte
2445 4116 2623 4169 locum
2674 4114 2818 4168 inter
2859 4113 3118 4166 diaconos
3163 4111 3492 4172 obtinuerat,
3539 4109 3630 4178 qui

2049 4210 2188 4264 adeo
2212 4208 2552 4277 impudenter
2576 4221 2636 4261 se
2664 4206 2804 4277 gerit
2827 4213 2883 4259 et
2910 4213 3037 4258 ante
3062 4202 3413 4273 presbyteros
3452 4203 3629 4264 sedet,

2051 4303 2104 4356 in
2148 4311 2485 4369 postremum
2537 4298 2877 4360 detrudetur,
2916 4295 3230 4360 honoreque
3268 4292 3484 4347 caeteris
3513 4308 3634 4345 om-

2053 4391 2210 4446 nibus
2242 4389 2467 4444 inferior
2501 4388 2809 4443 habebitur.
2840 4386 2896 4441 Si
2926 4401 3084 4456 quem
3115 4396 3292 4438 tamen
3319 4383 3629 4447 diaconum,

2049 4482 2296 4538 muneris
2326 4479 2410 4535 sui
2439 4480 2729 4544 vicarium,
2760 4480 2812 4533 in
2838 4480 3026 4535 urbem
3057 4477 3294 4546 aliquam
3327 4463 3632 4545 patriarcha

2048 4574 2133 4629 vel
2156 4574 2604 4643 metropolitanus
2625 4572 3146 4637 destinarit,debitos
3172 4570 3298 4639 ipsis
3322 4566 3640 4638 praesulibus

2053 4667 2289 4721 honores
2323 4666 2503 4734 legato
2531 4663 2756 4729 deferri,
2788 4663 3089 4732 eodemque
3113 4676 3219 4729 quo
3255 4661 3345 4713 ille
3389 4659 3508 4712 luco
3544 4660 3640 4711 ha-

2055 4758 2171 4812 beri
2225 4758 2425 4827 placet.
2478 4758 2588 4812 Sed
2640 4771 2762 4809 cum
2809 4755 2983 4809 altero
3033 4767 3264 4816 canone,
3305 4752 3394 4820 qui
3429 4750 3641 4804 medius

2056 4849 2200 4902 inter
2223 4849 2575 4920 presbyteros
2600 4848 2927 4912 consederit,
2958 4845 3030 4899 illi
3064 4843 3390 4899 cessationis
3417 4857 3442 4892 a
3475 4840 3640 4893 mini-

2056 4939 2225 4992 sterio
2252 4953 2410 5007 poena
2436 4939 2658 5007 gravior
2686 4936 2889 4991 inflicta
2920 4937 3017 4997 sit,
3049 4950 3152 5003 qua
3186 4935 3397 4987 ratione
3434 4932 3637 4986 factum

2056 5030 2409 5097 arbitremur,
2450 5039 2510 5084 ut
2552 5030 2643 5099 qui
2697 5028 3068 5083 honestiorem
3126 5027 3306 5079 locum
3358 5026 3641 5079 sacerdote

2054 5121 2331 5176 assidente
2362 5121 2666 5190 occuparit,
2713 5134 2834 5174 cum
2886 5132 2951 5173 eo
3001 5118 3088 5170 hic
3116 5130 3290 5169 canon
3347 5112 3637 5169 remissius

2055 5223 2204 5283 agat.
2234 5214 2544 5281 levioreque
2572 5209 3066 5267 animadversionis
3097 5224 3298 5278 genere
3324 5206 3454 5260 nihil
3488 5204 3636 5257 aliud

2054 5321 2216 5375 quam
2252 5316 2583 5374 postremum
2617 5306 2759 5358 inter
2788 5302 2871 5357 sui
2902 5301 3111 5357 ordinis
3142 5299 3391 5353 homines
3412 5296 3639 5367 gradum

2053 5400 2305 5454 obtinere
2329 5397 2558 5466 iubeat?
2605 5397 2662 5452 ld
2696 5396 2866 5469 igitur
2912 5396 2986 5448 ita
3033 5392 3280 5448 nonnulli
3342 5389 3643 5459 explicant,

2053 5501 2115 5545 ut
2142 5493 2208 5545 de
2231 5492 2502 5556 diaconis,
2539 5492 2629 5561 qui
2660 5492 2784 5544 dum
2816 5502 2968 5543 sacra
2997 5485 3256 5556 mysteria
3286 5490 3641 5551 peraguntur,

2059 5586 2110 5638 in
2145 5584 2385 5638 sacrario
2421 5584 2584 5637 medii
2614 5585 2757 5637 inter
2798 5581 3150 5650 presbyteros
3182 5575 3504 5637 consedere,
3532 5587 3642 5640 quo

2057 5675 2275 5744 quidem
2306 5684 2547 5743 tempore
2577 5687 2672 5727 eos
2703 5672 2937 5725 maxime
2962 5667 3338 5722 sacerdotibus
3370 5662 3637 5718 inservire

2055 5775 2223 5834 atque
2276 5771 2459 5818 astare
2511 5771 2849 5832 eportuerat,
2910 5759 3097 5828 primae
3146 5756 3334 5826 synodi
3371 5766 3636 5807 canoncut

2051 5858 2226 5930 accipi
2247 5858 2413 5914 velint
2435 5874 2448 5913 :
2473 5857 2618 5913 hunc
2643 5869 2773 5911 vero
2807 5855 2873 5908 de
2897 5854 2983 5917 iis,
3009 5849 3103 5923 qui
3135 5858 3290 5905 extra
3316 5845 3632 5908 sacrarium,
