4074 6450
446 413 553 477 543

1712 414 1989 476 TUEOD.
2034 412 2435 475 BALSAMON

3632 412 3663 474 5
3672 411 3696 469 4
3710 413 3744 476 »ἰ-

444 526 555 580 alio
600 539 926 594 quocunque
976 538 1261 593 consessu,
1303 526 1602 598 digniorem
1635 526 1737 581 sibi
1767 526 1911 580 inter
1955 538 2043 578 sa-

2149 526 2299 580 τίκια
2344 525 2519 592 λέγει.
2568 523 2643 578 re
2670 524 2803 579 αὐτὸ
2837 527 2896 579 δὲ
2944 526 3173 595 κρατεῖν
3211 524 3464 595 βούλεται
3498 527 3527 579 ὁ
3586 528 3751 580 κανὼ-

446 619 698 673 cerdotes
727 618 905 672 locum
936 620 1264 689 arrogarint,
1296 619 1708 688 intelligendum
1737 631 1857 672 esse
1889 615 2036 669 arbi-

449 718 683 763 trentur.
712 709 847 764 Cum
877 711 1020 766 enim
1047 712 1246 781 ubique
1274 712 1589 765 sacerdotes
1616 708 1790 764 vereri
1823 707 2035 761 diaconi

451 800 705 864 debeant,
740 809 850 853 tum
893 801 941 854 id
974 816 1093 867 eos,
1134 804 1257 855 dum
1299 807 1465 872 opera
1512 801 1592 855 rei
1640 800 1837 855 divinae
1873 799 2038 852 :nini-

452 892 620 943 sterio
652 891 1007 959 impenditur,
1039 904 1302 961 pra‘stare
1351 893 1589 947 maxime
1619 890 1801 946 decet.
1849 887 2037 943 Ollicia

448 996 582 1035 vero
653 984 1023 1040 ecclesiastica
1074 987 1394 1057 ἀρχοντίκια
1440 997 1620 1042 vocat.
1677 984 1821 1039 Idem
1875 997 2039 1052 porro

450 1084 508 1127 ut
541 1075 593 1127 in
625 1076 747 1131 aliis
780 1092 998 1147 quoque
1027 1086 1285 1132 servetur
1323 1077 1499 1132 sacris
1530 1075 1838 1139 ordinibus,
1877 1086 2035 1135 neve,

450 1169 576 1238 quia
614 1171 901 1239 profanam
956 1174 1168 1229 scilicet
1215 1173 1538 1242 dignitatem
1589 1171 2041 1240 magistratumve

449 1262 572 1329 quis
602 1263 869 1328 obtineat,
908 1266 1207 1321 insolenter
1258 1266 1462 1332 efferri,
1525 1280 1590 1320 ac
1643 1264 1698 1319 in
1755 1260 2025 1331 superiori

451 1354 644 1407 ordine
676 1357 1009 1421 constitutis,
1047 1358 1277 1412 diacono
1304 1357 1453 1412 verbi
1502 1371 1667 1413 causa
1704 1354 2040 1425 hypodiaco-

455 1459 578 1508 nos,
614 1456 706 1499 aut
732 1447 855 1501 huic
890 1447 1061 1503 lector
1091 1449 1353 1505 insultare
1414 1462 1615 1504 temere
1671 1449 1892 1512 audeat.
1939 1445 2043 1498 hac

454 1537 843 1592 constitutione
875 1539 1176 1595 decretum.
1232 1543 1326 1597 Est
1365 1541 1737 1597 ecclesiastica
1766 1537 2032 1607 siquidem

450 1626 595 1679 civili
632 1643 955 1701 quacunque
992 1633 1251 1701 dignitate
1282 1634 1650 1702 praestantior.
1707 1632 1875 1701 Cujus
1915 1628 2042 1699 qui-

452 1715 572 1770 dem
602 1724 905 1790 argumenti
936 1740 997 1777 ea
1027 1726 1107 1780 vis
1139 1736 1246 1790 est,
1275 1736 1331 1781 ut
1361 1728 1625 1795 quoniam
1660 1725 1801 1779 inter
1830 1735 1927 1776 eos
1950 1719 2039 1788 qui

450 1810 709 1881 profanos
737 1816 1091 1885 magistratus
1119 1830 1340 1888 gerunt,
1388 1829 1469 1887 et,
1493 1820 1582 1889 qui
1638 1814 1914 1873 inferioris
1960 1817 2045 1868 est

2140 617 2236 668 καὶ
2267 616 2357 668 ἐπὶ
2387 616 2496 667 τῶν
2531 614 2708 668 ἄλλων
2744 615 2907 686 ἱερῶν
2933 616 3257 684 ταγμάτων,
3306 615 3449 669 ὥστε
3495 617 3569 687 μή
3613 635 3737 671 τινα

2140 704 2420 776 ἀξιώματι
2470 706 2722 775 κοσμικῷ
2756 706 3069 779 θαρροῦντα
3102 707 3135 777 ἢ
3166 708 3411 777 ὀφφικίῳ
3473 725 3742 761 καταναι-

2141 798 2398 852 δεύεσθαι
2422 799 2532 852 τῶν
2554 799 2752 862 ἄλλων,
2781 801 2878 854 καὶ
2905 799 3271 871 θρασύνεσθαι
3294 800 3439 853 κατὰ
3466 800 3575 852 τῶν
3600 817 3742 871 προ-

2142 891 2421 963 ϐαθμιωτέ
2431 910 2538 963 ρων
2560 893 2751 957 αὐτοῦ,
2776 893 3307 964 ὑποδιακονοντυχδν
3325 894 3731 948 κατὰδιακόνου

2143 982 2175 1052 ἦ
2200 983 2719 1065 ἀναγνώστηνκατὰ
2746 985 3135 1040 ὑποδιακόνου.
3153 986 3197 1038 Κ
3208 986 3403 1056 ρείττω
3427 990 3558 1056 γὰρ,
3577 988 3749 1058 φησι,

2146 1072 2215 1125 τὰ
2245 1073 2594 1141 πνευματικὰ
2631 1072 2920 1143 ἀξιώματα
2958 1074 3066 1125 τῶν
3101 1073 3407 1141 κοσμικῶν,
3449 1073 3737 1142 μονονουχὶ

2138 1161 2301 1215 τοῦτο
2346 1162 2554 1231 λέγων’
2589 1164 2652 1216 Ei
2695 1164 2753 1216 ἐν
2797 1165 2911 1226 τοῖς
2958 1167 3246 1232 κωμικοῖς
3296 1162 3603 1232 ἀξιώμασιν
3634 1163 3749 1215 οὐκ

2143 1252 2320 1317 ἔξεστι
2348 1255 2427 1324 τῷ
2457 1255 2680 1325 ἥττονος
2738 1252 2897 1319 ἀξίας
2926 1254 3042 1307 δντι
3070 1255 3508 1324 προκαθῆσθαιῆ
3537 1271 3739 1323 προτε-

2138 1346 2405 1415 τιμῆσθαι
2428 1346 2521 1399 τοῦ
2548 1347 2760 1416 μείζονι
2817 1350 3190 1418 τετιμημένου
3221 1348 3524 1417 ἀξιώματι,
3551 1348 3745 1416 πολλῷ.

2143 1437 2306 1491 πλέον
2337 1438 2438 1491 οὐκ
2467 1439 2649 1503 ἔξεστι
2694 1439 2853 1493 τοῦτο
2891 1442 3065 1494 ποιεῖν
3099 1443 3214 1503 τοῖς
3244 1440 3737 1507 ἐκκλησιαστικαῖς

2143 1527 2345 1591 ἀξίως
2366 1528 2775 1598 τετιμημένοις,
2811 1529 2878 1587 ἃς
2909 1530 3004 1581 καὶ
3043 1529 3425 1599 πνευματικὰς
3452 1529 3737 1593 ἐκάλεσεν,

2144 1619 2217 1682 ὡς
2238 1619 2298 1672 οὐ
2319 1621 2459 1674 κατὰ
2485 1621 2833 1691 ἀνθρωπίνην
2851 1621 3009 1691 χάριν
3029 1621 3366 1692 παρέχεσθαι
3389 1619 3743 1688 ὀφειλούσας,

2144 1712 2282 1764 ἀλλὰ
2312 1712 2456 1765 κατὰ
2505 1712 2658 1766 θείαν
2694 1714 2857 1783 χάριν
2886 1714 3174 1787 ἐπικλήσει
3222 1714 3319 1767 τοῦ
3369 1714 3515 1767 θείου
3567 1712 3741 1766 Ilvati-

2149 1818 2339 1872 ματος.

456 1906 760 1976 dignitatis,
830 1912 1151 1969 antesedere
1206 1923 1300 1968 aut
1339 1910 1587 1982 praeferri
1631 1911 1705 1976 ei,
1778 1906 1870 1977 qui
1917 1897 2109 1967 majori
2189 1894 2453 1963 dignitate
2508 1894 2833 1958 honoratur,
2886 1910 2996 1949 non
3041 1896 3201 1962 licet;
3256 1897 3422 1950 multo
3473 1898 3645 1967 magis
3670 1897 3742 1950 iis

452 1996 595 2053 idem
639 2015 747 2056 non
812 2002 995 2070 liceat,
1059 2007 1155 2076 qui
1223 2003 1612 2061 ecclesiasticis
1650 2010 1918 2058 ornantur
1961 1987 2341 2062 dignitatibus,
2389 2003 2527 2056 quas
2622 1988 2789 2043 etiam
2843 1989 3157 2058 spirituales
3219 1998 3396 2044 cauea
3457 1990 3559 2043 hoc
3616 1997 3745 2047 loco

452 2089 721 2157 nominat,
749 2094 948 2165 quippe
973 2111 1093 2166 qua;
1123 2112 1230 2151 ηοιι
1262 2096 1563 2160 hominum,
1593 2095 1687 2149 sed
1714 2091 1807 2146 Dei
1842 2084 2040 2160 gratia,
2078 2076 2316 2147 Spiritus
2347 2077 2525 2133 sancti
2558 2078 2923 2145 invocatione,
2954 2078 3194 2133 conferri
3225 2079 3446 2132 debent.

454 2185 688 2242 ARIST.
728 2206 746 2240 ι
786 2188 1058 2246 Diaconns
1097 2194 1259 2248 etiam
1291 2192 1524 2248 oﬂicium
1580 2198 1884 2252 assecutus,
1928 2179 2036 2238 nisi

2149 2174 2364 2228 AHZT.
2402 2192 2426 2226 ι
2460 2176 2573 2229 Καὶ
2631 2175 2888 2243 ὀφφίκιον
2918 2175 3057 2244 ἔχων
3080 2173 3349 2236 διάκονος,
3388 2173 3436 2225 εί
3465 2173 3539 2244 μὴ
3568 2191 3735 2228 τοπο-

535 2296 556 2332 ι
596 2280 922 2348 patriarchae
952 2283 1034 2338 vel
1067 2285 1308 2355 episcopi
1343 2285 1523 2341 locum
1562 2288 1768 2346 teneat,
1820 2281 1865 2334 si
1912 2286 2040 2339 ante

537 2391 557 2426 ι
594 2375 949 2447 presbyteros
980 2377 1206 2441 sederit.
1238 2380 1482 2434 omnium
1512 2377 1618 2432 erit
1644 2376 1883 2431 intimus.
1907 2391 1929 2424 ι

528 2557 728 2615 Fastus
758 2559 1048 2615 szeculares
1085 2570 1139 2619 et
1167 2560 1374 2627 primos
1408 2558 1697 2614 accubitus
1744 2558 1932 2614 Patres
1960 2558 2041 2613 di-

461 2647 575 2703 vini
633 2648 702 2703 ab
760 2648 1005 2705 Ecclesia
1059 2658 1423 2718 amputantes,
1474 2656 1718 2705 statuunt
1770 2649 2039 2704 neminem

465 2739 859 2805 diaconorum,
913 2738 1295 2810 qualecunque
1360 2740 1793 2797 ecclesiasticum
1848 2740 2047 2796 habeat

465 2830 725 2897 ollicium,
776 2842 905 2887 ante
952 2834 1300 2904 presbyteros
1346 2834 1577 2900 sedere;
1635 2833 1739 2893 nisi
1786 2836 1945 2899 forte,
1990 2842 2050 2888 ut

465 2923 730 2988 vicarius,
777 2925 1104 2994 patriarchas
1153 2926 1236 2983 Sui
1287 2935 1379 2980 aut
1436 2924 1833 2995 metropolitani
1873 2925 2046 2979 vicem

462 3026 639 3087 gerat,
668 3017 720 3071 in
751 3014 914 3072 aliam
950 3017 1228 3072 civitatem
1263 3019 1460 3073 missus
1495 3017 1882 3073 canonicarum
1911 3032 2045 3084 qua.

463 3108 714 3161 rumdam
767 3118 823 3163 et
857 3108 1356 3165 ecclesiasticarum
1408 3123 1573 3163 causa
1610 3110 1990 3178 quiestionum
2028 3124 2041 3161 :

467 3205 601 3252 tunc
626 3198 799 3265 enim,
824 3207 883 3253 ut
916 3199 1063 3258 illius
1090 3200 1270 3255 locum
1310 3200 1544 3272 impleas
1571 3200 1953 3257 honorabitur.
1988 3198 2047 3254 Si

470 3290 595 3357 quis
624 3301 805 3344 autem
842 3291 1106 3348 diaconus
1165 3294 1443 3364 tyrannica
1499 3294 1767 3349 adductus
1799 3291 2050 3355 audacia,

471 3381 635 3453 166
656 3381 817 3438 aliter
849 3397 1013 3439 ausus
1035 3385 1200 3441 fuerit
1231 3401 1395 3455 supra
1421 3386 1798 3456 presbyterum
1834 3385 2045 3449 sedere,

2225 2283 2247 2317 ‹
2289 2265 2534 2334 τηρητὴς
2561 2265 2653 2336 εἴη
2683 2265 3028 2335 πατριάρχου
3063 2265 3096 2333 ἢ
3132 2267 3452 2331 ἐπισκόπου,
3489 2267 3596 2334 πρὸ
3628 2266 3742 2318 τῶν

2226 2376 2245 2408 ι
2288 2357 2685 2428 πρεσὸυτέρων
2743 2356 3133 2427 καθεζόμενος,
3184 2358 3447 2412 ἁπάντων
3486 2359 3741 2430 ἐσχατώο

2154 2467 2177 2501 ι
2218 2465 2373 2519 τερος
2400 2447 2598 2503 ἔσοιτο.
2647 2466 2667 2501 ι

2219 2540 2360 2604 Τοὺς
2392 2542 2693 2611 κοσμικοὺς
2736 2541 2942 2610 τύφους
2976 2542 3070 2595 καὶ
3116 2542 3217 2606 τὰς
3255 2542 3661 2612 πρωτοκλισίας
3686 2543 3747 2596 οῑ

2150 2632 2286 2685 θεῖοι
2336 2633 2580 2701 Πατέρες
2632 2631 2699 2684 ἐκ
2745 2635 2844 2703 τῆς
2899 2633 3229 2704 Ἐκκλησίας
3284 2634 3749 2704 περιαιροῦντεςι

2151 2724 2550 2793 προστάττουσι
2583 2725 2790 2797 μηδένα
2832 2725 2941 2780 τῶν
2969 2726 3256 2789 διακόνων,
3288 2727 3394 2779 κᾶν
3420 2726 3737 2797 οἱανδήποτε

2146 2816 2604 2887 ἐκκλησιαστικὸν
2633 2819 2894 2889 ὀφφίκιον
2926 2818 3049 2890 ἔχῃ,
3079 2818 3189 2872 τῶν
3216 2818 3610 2889 πρεσϐυτέρων
3640 2836 3740 2871 κα-

2150 2908 2404 2971 θέζεσθαι
2442 2910 2667 2978 ἄνωθεν,
2721 2913 2770 2964 εί
2809 2912 2885 2981 μή
2939 2928 3065 2975 που,
3116 2910 3194 2975 ὼς
3227 2911 3627 2981 τοποτηρητὴς,
3673 2911 3751 2964 τὺ»

2152 3000 2448 3070 πρόσωπον
2478 3002 2667 3072 ἐπέχει
2720 3002 2817 3056 τοῦ
2853 3003 3057 3056 οἰκείου
3086 3001 3430 3073 πατριάρχου
3463 3002 3496 3071 ἢ
3532 3018 3742 3070 μητρο-

2150 3093 2409 3160 πολίτου,
2450 3095 2509 3146 ἐν
2543 3094 2707 3166 ἑτέρᾳ.
2767 3095 2922 3148 πόλει
2971 3094 3187 3158 σταλεὶς
3236 3095 3405 3165 χάριν
3437 3092 3747 3146 κανονικῶν

2151 3186 2246 3239 καὶ
2281 3186 2754 3255 ἐκκλησιαστικῶν
2789 3186 3158 3256 ζητημάτωνο
3203 3186 3324 3240 τότε
3360 3186 3492 3255 γὰρ,
3537 3183 3611 3246 ὡς
3646 3184 3743 3237 τὸν

2151 3278 2368 3331 ἐκείνου
2395 3279 2562 3332 τόπον
2587 3279 2943 3349 ἀναπληρῶν,
2973 3278 3360 3349 τιμηθήσεται.
3396 3277 3456 3329 El
3486 3275 3542 3328 δέ
3564 3275 3746 3339 ἄλλως

2151 3367 2419 3437 τολμήσει
2450 3385 2535 3431 τις
2564 3369 2676 3422 τῶν
2700 3370 2985 3432 διακόνων,
3020 3368 3331 3439 τυραννικῷ
3361 3367 3552 3438 θράσει
3590 3365 3746 3438 χρὼο

467 3486 569 3525 suo
596 3476 765 3542 gradu
806 3471 1046 3540 deiectus
1073 3474 1205 3542 erit,
1235 3483 1290 3531 et
1321 3474 1569 3532 omnium
1592 3474 1818 3531 ultimus
1864 3474 2047 3531 diaco-

2158 3474 2356 3527 μενος,
2394 3460 2505 3514 τῶν
2548 3460 2943 3532 πρεσϐυτέρων
2990 3460 3200 3515 ἄνωθεν
3244 3458 3600 3530 καθεσθῆναι,
3650 3458 3747 3513 τοῦ

467 3579 661 3620 nor-tim
683 3569 894 3624 evadet.

1059 3772 1293 3829 CANON
1338 3773 1471 3830 Vill.

478 3922 500 3959 ι
546 3904 601 3958 In
636 3906 886 3960 omnibus
921 3921 1007 3971 ea,
1043 3921 1163 3974 qua:
1199 3922 1228 3961 a
1277 3909 1482 3964 nostris
1536 3910 1742 3966 sanctis
1795 3910 2051 3969 Patribus

551 4016 569 4046 ‹
609 4002 821 4053 decreta
851 4008 998 4064 sunt,
1038 4013 1136 4052 nos
1181 4014 1397 4069 quoque
1448 4011 1562 4056 rata
1606 4018 1671 4056 ac
1724 4004 1875 4057 ﬁrma
1929 4019 2051 4061 esse

552 4108 569 4137 ι
615 4089 877 4150 volentes,
926 4104 1187 4145 canonem
1216 4106 1428 4159 quoque
1472 4108 1811 4161 renovamus,
1846 4096 1936 4165 qui
1969 4098 2054 4165 ju-

551 4199 570 4231 ι
618 4180 711 4234 bet
767 4180 995 4251 singulis
1042 4182 1199 4236 annis
1261 4183 1684 4255 uniuscujusque
1760 4189 2051 4256 provincia:

550 4290 571 4323 ι
618 4273 994 4343 episcoporum
1030 4275 1269 4345 synodos
1297 4276 1434 4341 lieri,
1469 4278 1560 4332 ubi
1600 4282 2053 4350 metropolitauus

552 4381 568 4410 ι
616 4363 904 4433 episc0pus
939 4366 1108 4420 satius
1131 4382 1254 4423 esse
1287 4372 1529 4425 duxerit.
1557 4372 1823 4439 Quoniam
1871 4385 2051 4429 autem

465 4479 479 4489 -
552 4472 571 4505 ι
618 4464 837 4523 propter
897 4456 1107 4525 aliquas
1199 4459 1563 4515 Barbarorum
1613 4463 1950 4520 incursiones
2000 4476 2057 4521 et

551 4566 569 4597 ι
617 4548 875 4614 quasdam
909 4551 1046 4604 alias
1085 4551 1387 4607 incidentes
1419 4568 1635 4621 causas,
1686 4571 1792 4610 non
1830 4568 2058 4624 possunt

555 4655 573 4687 ι
617 4638 706 4705 qui
729 4638 975 4694 ecclesiis
1009 4640 1301 4708 praesident
1330 4643 1570 4709 synodos
1603 4644 1684 4697 bis
1723 4645 1772 4701 in
1809 4661 1952 4702 anno
1977 4646 2057 4700 fa-

558 4747 575 4776 ι
623 4743 768 4791 cere,
805 4731 980 4783 visum
1010 4740 1113 4795 est,
1148 4740 1206 4785 ut
1227 4733 1450 4787 omnino
1482 4736 1646 4790 semel
1676 4735 1729 4790 in
1755 4752 1898 4791 anno
1934 4755 2059 4807 pro-

557 4840 575 4870 ι
626 4829 745 4889 pler
769 4821 1169 4877 ecclesiasticas
1224 4824 1577 4894 qumstiones,
1648 4836 1709 4881 ut
1762 4828 2056 4884 verisimile
2089 4820 2134 4876 D

559 4937 577 4967 ι
622 4928 729 4981 est,
758 4929 1119 4986 emergentes,
1153 4920 1539 4988 praedictorum
1591 4923 1970 4993 episcoporum
2004 4925 2056 4978 in

561 5028 578 5059 ι
628 5024 950 5077 unaquaque
999 5012 1272 5079 provincia
1320 5012 1410 5066 ﬁat
1476 5015 1737 5082 synodus,
1793 5032 1821 5069 a
1871 5027 2061 5073 saneto

561 5120 577 5150 ι
624 5101 845 5157 Pascha:
891 5102 1051 5168 festo,
1100 5112 1156 5158 et
1206 5120 1377 5174 usque
1431 5105 1497 5160 ad
1546 5105 1796 5163 Octobris
1854 5111 2060 5169 mensis
2108 5178 2114 5185 ,

561 5210 580 5243 ι
628 5193 1108 5263 complementum,
1142 5196 1369 5266 singulis
1402 5199 1580 5261 annis,
1620 5200 1673 5252 in
1702 5200 1835 5255 doco
1875 5217 2059 5271 quem,

563 5301 583 5336 ι
629 5293 686 5339 ιιι
737 5287 1051 5353 praedictum
1109 5297 1215 5355 est,
1279 5290 1730 5359 metropolitanus
1778 5295 2064 5362 cpiscopus

569 5395 587 5424 ί
636 5378 898 5445 aptiorem
930 5378 1257 5446 iudicaverit
1289 5397 1301 5432 :
1333 5380 1367 5434 ii
1414 5390 1616 5447 autem,
1665 5385 1754 5453 qui
1801 5401 1904 5439 non
1933 5403 2068 5442 con-

570 5483 589 5516 ‹
636 5467 880 5537 veniunt,
910 5470 1169 5540 episcopi,
1201 5484 1323 5526 cum
1357 5469 1409 5525 in
1438 5473 1552 5529 suis
1574 5475 1883 5530 civitatibus
1908 5485 2074 5545 agant

2164 3551 2300 3607 ἰδίου
2334 3551 2546 3624 βαθμοῦ
2581 3553 3156 3625 καταϐιϐασθήσεται,
3192 3554 3290 3609 καὶ
3329 3554 3550 3608 πάντων
3580 3552 3749 3624 ἐσχα-

2162 3662 2256 3709 τος
2293 3647 2404 3700 τῶν
2433 3648 2699 3702 διακόνων
2719 3649 3031 3719 γενήσεται.

2764 3782 3008 3837 ΚΑΝΩΝ
3058 3780 3143 3835 H’.

2168 3939 2186 3971 ι
2236 3918 2325 3974 Ἐν
2368 3920 2503 3973 πᾶσι
2530 3919 2600 3972 τὰ
2652 3918 2757 3972 ὑπὸ
2795 3919 2904 3971 τῶν
2954 3918 3127 3986 ἁγίων
3165 3917 3427 3988 Πατὲρων
3461 3919 3623 3988 ἡμῶν
3663 3918 3754 3973 θε-

2244 4032 2261 4062 ι
2314 4010 2613 4064 σπισθέντα
2658 4011 2751 4063 καὶ
2778 4012 2942 4080 ἡμεῖς
2970 4012 3193 4080 κρατεῖν
3240 4009 3589 4078 βουλόμενοι,
3621 4011 3755 4063 άνα-

2241 4122 2258 4152 ι
2305 4102 2535 4172 νεοῦμεν
2569 4103 2666 4155 καὶ
2702 4102 2791 4154 τὸν
2821 4103 3025 4155 κανόνα
3068 4103 3159 4155 τὸν
3192 4103 3584 4173 διαγορεύοντα
3623 4090 3756 4155 καθ’

2238 4216 2254 4244 ι
2303 4197 2537 4248 ἕκαστον
2583 4195 2703 4259 ἐτος
2750 4195 3000 4257 συνόδους
3054 4194 3161 4246 τῶν
3192 4195 3430 4263 ἑκάστης
3479 4194 3755 4263 ἐπαρχίας

2239 4306 2257 4335 ι
2305 4286 2555 4351 γίνεσθαι
2600 4283 2938 4350 ἐπισκόπων,
2989 4283 3117 4339 ἔνθα
3164 4285 3230 4338 ἂν
3272 4287 3299 4338 ὁ
3330 4286 3431 4353 τῆς
3472 4285 3754 4354 μητροπό-

2244 4396 2263 4426 ι
2310 4378 2449 4435 λεως
2483 4374 2757 4445 δοκιμάσῃ
2782 4376 3102 4438 ἐπίσκοπος.
3150 4375 3368 4445 Ἐπειδὴ
3405 4375 3461 4427 δὲ
3488 4375 3577 4429 διά
3602 4375 3756 4438 τινάς

2244 4484 2263 4518 ι
2310 4484 2371 4520 τε
2424 4466 2534 4520 τῶν
2598 4466 2890 4537 βαρϐάρων
2937 4466 3261 4535 ἐπιδρομὰς,
3312 4466 3399 4520 διά
3455 4483 3516 4518 τε
3548 4483 3755 4535 προπι-

2242 4579 2258 4607 ‹
2310 4556 2550 4617 πτούσας
2597 4556 2792 4625 ἑτέρας
2842 4555 3043 4619 αίτίας,
3081 4556 3358 4618 ἀδυνάτως
3412 4557 3461 4608 οἱ
3503 4556 3614 4608 τῶν
3663 4558 3753 4610 ἐκ·

2245 4668 2264 4700 ι
2313 4647 2554 4713 κλησιῶν
2602 4647 2854 4717 πρόεδροι
2907 4645 3092 4716 ἔχουσι
3129 4645 3210 4707 δὶς
3244 4646 3338 4698 τοῦ
3375 4645 3623 4699 ἐνιαυτοῦ
3658 4646 3757 4707 τὰς

2249 4759 2268 4792 ι
2316 4740 2567 4802 συνόδους
2609 4739 2912 4803 ποιεῖσθαι,
2940 4735 3139 4801 ἔδοξεν,
3171 4736 3311 4790 ὥστε
3358 4738 3546 4808 τρόπῳ
3594 4740 3760 4791 παντὶ

2243 4852 2260 4883 ι
2311 4831 2459 4898 ἆπαξ
2507 4829 2601 4884 τοῦ
2654 4830 2905 4882 ἐνιαυτοῦ
2941 4830 3053 4899 (65)
3102 4829 3200 4899 τὴν
3240 4830 3349 4881 τῶν
3398 4846 3760 4900 προγεγραμ-

2244 4945 2262 4977 ι
2315 4926 2493 4994 μένων
2523 4922 2842 4976 ἐπισκόπων
2883 4921 2975 4973 διὰ
2997 4921 3084 4986 ζτά
3119 4921 3193 4982 ὡς
3223 4921 3370 4984 εἰκὸς
3403 4921 3759 4988 ἀναφυόμενα

2245 5037 2263 5069 ι
2313 5014 2746 5086 ἐκκλησιαστικὰ
2768 5013 3040 5082 κεφάλαια
3074 5015 3132 5066 ἐν
3162 5012 3369 5084 ἑκάστῃ
3400 5014 3641 5085 ἐπαρχίᾳ
3675 5014 3760 5082 γί-

2246 5129 2264 5162 ι
2309 5108 2498 5162 νεσθαι
2530 5106 2745 5159 σύνοδον
2765 5107 2872 5158 ἀπὸ
2899 5106 2999 5173 τῆς
3030 5104 3191 5171 ἁγίας
3216 5104 3308 5157 τοῦ
3340 5105 3531 5174 Πάσχα
3563 5106 3760 5175 ἑορτῆς

2247 5220 2266 5252 ι
2313 5200 2407 5252 καὶ
2432 5199 2591 5269 μέχρι
2621 5195 3073 5266 συμπληρώσεως
3095 5194 3189 5247 τοῦ
3229 5194 3561 5263 Ὀκτωῦρίου
3593 5193 3760 5262 μηνὸς

2251 5310 2269 5343 ι
2319 5289 2553 5343 ἑκάστου
2581 5289 2736 5356 ἔτους
2763 5292 2905 5346 κατὰ
2934 5290 3029 5343 τὸν
3063 5288 3248 5353 τόπον,
3274 5286 3332 5338 ὃν
3362 5288 3388 5338 ό
3422 5287 3520 5354 τῆς
3560 5300 3763 5352 μητροο

2254 5402 2273 5434 ι
2321 5383 2554 5447 πόλεως,
2579 5382 2723 5435 καθὰ
2751 5380 3100 5452 προείρηται,
3124 5377 3413 5446 δοκιμάσει
3439 5375 3761 5435 ἐπίσκοπος.

2258 5496 2276 5525 ‹
2322 5474 2460 5539 Τοὺς
2492 5475 2548 5528 δὲ
2579 5476 2654 5547 μὴ
2687 5475 2960 5536 συνιόντας
2992 5469 3364 5534 ἐπισκόπους,
3398 5466 3763 5538 ἐνδημοῦντας

1652 5652 1856 5714 Guill.
1897 5652 2228 5730 Beveregii
2271 5662 2461 5717 notua.

579 5770 694 5837 (65)
725 5770 926 5835 Ἀπαξ
960 5771 1069 5827 τοῦ
1106 5772 1407 5827 ἐνιαυτοῦ.
1441 5774 1568 5828 Hmc
1604 5788 1780 5841 usque
1839 5772 1908 5828 ad
1964 5772 2047 5842 γίν

2149 5785 2215 5831 ναι
2289 5778 2509 5833 σύνοδον
2574 5775 2848 5833 inclusive
2888 5773 2944 5828 in
3015 5787 3124 5829 nis.
3175 5770 3610 5828 Amcrbachiano
3655 5786 3767 5827 non

501 5844 627 5904 sine
644 5857 859 5897 summo
886 5845 1113 5900 canonis
1144 5844 1472 5901 detrimento
1497 5843 1719 5899 desunt.
