4074 6390
313 294 429 359 M5

403 519 420 552 ι
466 517 687 568 γοντας,
719 500 812 553 καὶ
844 499 1022 567 πάσης
1053 498 1434 570 ἀπαραιτήτου
1474 504 1566 555 καὶ
1600 500 1912 570 ἀναγκαίας

399 611 415 643 ι
467 591 725 661 ἀσχολίας
786 594 945 655 ὄντας
1005 589 1356 661 ἐλευθέρους,
1415 591 1723 661 ἀδελφικῶς
1787 593 1912 644 ὲπι-

396 702 413 731 ι
457 680 813 751 πλήττεσθαι.

390 772 589 825 ΒΑΛΣ.
636 772 777 841 Περὶ⁹
830 772 925 826 τοῦ
979 773 1097 837 πῶς
1162 775 1256 829 καὶ
1319 778 1449 828 πότε
1499 775 1803 845 ὀφείλουσιν
1865 774 1917 828 οἱ

319 866 619 917 ἐπίσκοποι
680 865 834 936 παρὰ
865 869 980 929 τοῖς
1026 870 1264 938 πρώτοις
1296 868 1478 921 αὐτῶν
1531 868 1912 941 συνέρχεσθαι,

316 957 465 1011 ὥστε
498 957 746 1025 γίνεσθαι
798 965 1073 1023 συνόδους,
1122 961 1215 1012 καὶ
1245 960 1474 1014 λύεσθαι
1507 963 1577 1014 τὰ
1613 962 1913 1029 ἐκκλησια-

317 1052 487 1105 στικὰ
518 1052 838 1121 ζητήματα,
875 1054 1095 1122 εἴρηται
1142 1055 1201 1105 ἐν
1244 1052 1524 1124 διαφόροις
1573 1053 1911 1123 προλαϐοῦσι

310 1142 558 1195 κανόσιν.
596 1142 892 1209 ’Λνάγνωθι
942 1147 1035 1196 καὶ
1062 1160 1186 1211 κεφ.
1234 1142 1283 1212 η’
1304 1143 1482 1196 τίτλου
1518 1142 1572 1213 η’
1620 1144 1715 1197 τοῦ
1760 1161 1910 1216 παρ-

308 1232 467 1295 όντος
527 1234 924 1303 συντάγματος,
972 1235 1066 1285 καὶ
1102 1236 1172 1285 τὰ
1206 1235 1263 1285 ὲν
1300 1233 1472 1303 αὐτῷ.
1511 1234 1574 1286 '0
1614 1234 1670 1287 δὲ
1719 1234 1912 1304 παρὼν

311 1321 504 1373 κανὼν
559 1324 710 1375 οὐδέν
761 1340 811 1374 τι
860 1322 1021 1375 πλέον
1065 1322 1176 1375 τῶν
1208 1323 1387 1376 ἄλλων
1421 1325 1587 1394 φησὶν
1619 1325 1736 1378 ἀλλ’
1775 1327 1807 1395 ἢ
1852 1326 1915 1379 τὸ

310 1412 570 1479 ’γίνεσθαι
622 1412 771 1476 ἅπαξ
818 1412 912 1466 τοῦ
968 1412 1222 1466 ἐνιαυτοῦ
1274 1415 1373 1477 τὰς
1424 1415 1699 1478 συνόδους.
1754 1417 1915 1471 Ἀνά-

310 1503 485 1568 γνωοι
523 1505 618 1556 καὶ
666 1503 768 1573 τῆς
808 1505 850 1556 δ’
912 1503 1134 1557 συνόδου
1186 1506 1389 1559 κανόνα
1431 1502 1519 1568 ιϐ’,
1561 1507 1657 1558 καὶ
1696 1507 1798 1575 τῆς
1863 1513 1914 1560 α’

310 1598 534 1650 συνόδου
584 1600 784 1650 κανόνα
832 1596 895 1664 ε’,
934 1598 1028 1652 καὶ
1082 1599 1190 1651 τῶν
1240 1599 1414 1666 ἁγίων
1451 1600 1768 1653 ἀποστόλων
1813 1618 1911 1654 κα-

309 1689 442 1741 νόνα
465 1686 563 1751 λζ’.
597 1688 758 1742 Εἴποι
789 1692 843 1742 δέ
866 1707 947 1752 τις
971 1688 1081 1761 (66)
1113 1689 1211 1754 ὡς,
1244 1692 1351 1743 τῶν
1383 1692 1702 1745 ἐπισκόπων
1729 1692 1898 1761 ἀναγ-

1350 298 1428 357 ΙΝ
1462 298 1626 360 CAN.
1660 297 1807 359 VIII
1848 299 2056 363 CONC.
2089 302 2175 365 IN
2217 304 2539 371 TRULLO.

403 428 421 463 ι
464 410 588 489 ταῖς
622 409 833 464 ἑαυτῶν
883 408 1095 473 πόλεσι,
1144 408 1239 463 καὶ
1299 408 1478 465 ταῦτα
1508 412 1567 464 ὲν
1602 411 1761 482 ὑγεία
1791 412 1909 465 διά·
1942 422 1983 476 Λ

3505 317 3609 381 516

2092 434 2111 467 ι
2153 428 2207 473 et
2241 423 2355 474 sani
2383 424 2514 487 sint,
2536 434 2589 477 et
2616 424 2684 478 ab
2712 427 2861 480 omni
2890 426 3184 484 inevitabili
3209 422 3605 490 et’necessario

2100 528 2117 560 ι
2163 511 2377 581 negotio
2408 512 2586 580 liberi,
2623 514 2862 573 fraterne
2891 520 3279 590 corripiantur.
3325 539 3345 575 ι

2093 777 2286 833 BALS.
2312 778 2594 846 Quomodo
2625 790 2674 833 et
2705 781 2924 849 quando
2966 783 3198 838 debeant
3249 787 3487 857 episc0pi
3534 794 3601 844 ad

2025 886 2154 926 suos
2183 871 2387 940 primos
2412 871 2729 935 convenire,
2762 882 2815 925 ut
2839 874 3032 939 synodi
3065 875 3385 940 habeantur,
3428 887 3480 930 et
3507 894 3601 932 ec-

2015 962 2335 1017 clesiasticae
2368 962 2696 1031 qumstioues
2720 964 3018 1027 solvantur,
3055 967 3106 1017 in
3133 966 3361 1021 diversis
3393 984 3599 1037 praece-

2015 1054 2272 1109 dentibus
2297 1054 2597 1107 canonibus
2629 1054 2828 1108 dictum
2862 1066 2967 1109 est.
3010 1056 3148 1126 Lege
3172 1066 3226 1111 et
3251 1070 3410 1127 caput
3439 1070 3597 1114 octa-

2012 1160 2137 1198 vum
2175 1145 2311 1200 tituli
2352 1146 2529 1200 octavi
2563 1147 2848 1215 praesentis
2876 1150 3077 1215 operis.
3110 1157 3163 1202 et
3208 1166 3329 1218 qua:
3356 1151 3426 1202 ibi
3460 1153 3599 1204 scri-

2013 1246 2100 1305 pta
2139 1247 2285 1292 sunt.
2315 1235 2564 1291 Praesens
2597 1246 2779 1291 autem
2804 1254 2977 1291 canon
3006 1238 3140 1292 nihil
3170 1239 3287 1309 plus
3313 1256 3474 1307 quam
3505 1243 3595 1295 alii

2014 1329 2169 1393 dicit,
2201 1339 2566 1397 praeterquam
2597 1338 2653 1381 Iit
2704 1330 2873 1383 semel
2907 1330 3036 1383 fiant
3086 1331 3138 1384 in
3180 1348 3323 1385 anno
3379 1335 3596 1402 synodi.

2015 1421 2156 1489 Lege
2189 1430 2244 1474 et.
2278 1431 2487 1490 quarta:
2543 1422 2735 1489 synodi
2791 1437 2988 1477 canon.
3043 1422 3311 1476 decimum
3370 1440 3593 1488 nonum,

2011 1523 2062 1568 et
2094 1514 2279 1583 prima:
2311 1512 2506 1578 synodi
2550 1527 2814 1566 canonem
2864 1515 3134 1579 quintum,
3180 1526 3233 1568 et
3284 1526 3595 1569 sanctorum

2014 1605 2377 1673 apostolorum
2408 1620 2673 1659 canonem
2722 1606 3061 1659 tricesimum
3094 1607 3407 1675 septimum.
3444 1607 3598 1661 Dient

2015 1705 2196 1749 autem
2248 1710 2356 1748 non
2401 1708 2582 1758 nemo,
2640 1696 2781 1761 quod
2837 1711 2960 1748 cum
3014 1696 3252 1765 episcopi
3299 1700 3595 1765 quotannis

316 1779 641 1850 καζομένων
674 1781 824 1851 παρὰ
852 1754 1421 1851 τοῖς-μητροπολίτας
1450 1783 1681 1850 ὲτησίως
1714 1754 1894 1855 συνέρα

2009 1790 2149 1857 apud
2184 1788 2631 1858 metropolitanos
2664 1789 2960 1843 convenire
2992 1798 3278 1857 cogantur,
3314 1799 3592 1857 metropo-

317 1871 541 1938 χεσοαι,
572 1872 621 1924 οἱ
657 1873 1058 1943 μητροπολῖται
1089 1874 1189 1927 οὐκ
1214 1875 1728 1944 ἀναγκασθήσονται
1751 1877 1902 1947 παρὰ

310 1960 392 2029 τῷ
442 1964 760 2036 πατριάρχῃ
810 1964 1110 2020 συνελθεῖν.
1167 1967 1238 2018 Ἦ
1283 1966 1392 2037 γὰρ
1427 1962 1574 2021 οὗτοι
1606 1970 1756 2039 παρὰ
1788 1987 1897 2022 πα-

304 2050 549 2122 τριάρχῃ
585 2054 957 2123 συνέρχονται,
1005 2056 1099 2107 καὶ
1142 2056 1437 2126 συμϐαίνει
1464 2056 1563 2119 τὰς
1591 2059 1699 2112 τῶν
1732 2061 1903 2128 ἐπαρ-

312 2143 532 2216 χιωτῶν
557 2147 880 2199 ἐπισκόπων
904 2148 1155 2212 συνόδους
1180 2150 1519 2219 ἀπράκτους,
1547 2150 1580 2221 ἢ
1602 2136 1671 2203 οὐ
1708 2152 1900 2224 συνέρ-

312 2253 526 2305 χονται,
566 2238 661 2290 καὶ
698 2238 754 2290 ai
788 2241 1189 2311 πατριαρχικαὶ
1223 2241 1433 2294 σύνοδοι
1463 2242 1524 2295 οὐ
1553 2246 1897 2313 γενήσονται.

304 2328 422 2381 Καὶ
451 2327 628 2382 ταῦτα
659 2328 759 2398 μὲν
790 2332 920 2391 ἴσως
953 2333 1068 2401 ἐρεῖ
1104 2346 1219 2395 τις’
1259 2332 1323 2385 σὺ
1379 2333 1435 2386 δὲ
1467 2334 1741 2402 ἀνάγνωθι
1780 2338 1901 2388 ὲπι-

316 2421 728 2491 στατικώτερον
794 2422 852 2475 τὸ
905 2420 954 2476 κ’
1009 2424 1205 2492 κεφάλ.
1258 2425 1352 2477 τοῦ
1402 2424 1452 2478 α’
1487 2427 1670 2481 τίτλου
1713 2429 1809 2484 τοῦ
1851 2440 1899 2497 γ’

304 2510 518 2580 βιϐλίου
552 2510 710 2581 λέγον
742 2514 797 2566 ὲν
837 2515 994 2585 μέρει
1022 2516 1198 2579 οὕτως
1220 2533 1236 2549 ο
1271 2517 1585 2589 Κελεύομεν
1613 2522 1749 2574 πᾶσι
1778 2523 1903 2593 τρό-

303 2618 435 2661 ποις
491 2602 619 2672 μίαν
665 2602 888 2658 σύνοδον
941 2606 1189 2674 γίνεσθαι
1231 2609 1354 2662 καθ’
1402 2609 1635 2663 ἕκαστον
1690 2612 1809 2677 ἔτος
1842 2615 1899 2666 ὲν

301 2694 516 2766 ἑκάστῃ
564 2697 805 2767 ἐπαρχίᾳ
850 2697 882 2767 ἦ
936 2699 1012 2768 τῷ
1059 2700 1266 2771 ἰουνίῳ
1308 2702 1341 2771 ἢ
1401 2702 1477 2773 τῷ
1536 2705 1898 2776 Σεπτεμϐρίῳ

304 2788 467 2855 μηνὶ,
500 2788 596 2839 καὶ
652 2789 892 2843 συνιέναι
948 2790 1101 2861 παρὰ
1158 2792 1257 2860 μὲν
1288 2795 1399 2854 τοῖς
1453 2798 1895 2866 μακαριωτάτοις

304 2879 683 2951 πατριάρχαις
718 2882 961 2944 ἐκείνους
1007 2883 1136 2946 τοὺς
1179 2883 1310 2955 παρ’
1342 2884 1523 2938 αὐτῶν
1554 2904 1897 2958 χειροτονου-

304 2969 528 3039 μένους,
580 2971 656 3043 μὴ
703 2971 926 3042 ἔχοντας
969 2974 1026 3027 δὲ
1072 2974 1286 3029 δίκαιον
1328 2976 1526 3040 ἄλλους
1561 2979 1897 3043 ἐπισκόπους

2006 1881 2159 1936 litani
2209 1881 2350 1949 apud
2391 1880 2756 1949 patriarcham
2807 1880 3105 1935 convenire
3154 1894 3259 1933 non
3303 1893 3590 1950 cogentur.

2005 1971 2104 2027 Vel
2134 1972 2280 2026 enim
2319 1971 2393 2026 illi
2432 1971 2573 2041 apud
2608 1971 2977 2040 patriarcham
3009 1972 3356 2036 conveniunt,
3386 1983 3592 2041 etpro-

2005 2064 2315 2120 vincialium
2351 2062 2732 2133 episcoporum
2757 2065 2996 2133 synodos
3025 2078 3249 2118 cessare
3282 2080 3380 2118 usu
3416 2065 3586 2129 venit,

2004 2157 2088 2211 vel
2115 2172 2219 2211 non
2250 2158 2600 2219 conveniunt,
2631 2163 2683 2209 et
2714 2153 3037 2224 patriarcha;
3062 2154 3254 2224 synodi
3285 2170 3390 2208 non
3437 2156 3587 2210 ﬁent.

2004 2251 2073 2305 Et
2100 2250 2212 2303 hazc
2237 2248 2453 2317 quidem
2487 2246 2638 2300 dicat
2662 2245 2884 2315 aliquis,
2919 2246 3211 2301 verisimile
3242 2254 3347 2300 est.
3378 2246 3457 2300 Tu
3492 2262 3590 2299 au-

2005 2349 2111 2395 tem
2139 2339 2451 2409 diligentius
2486 2337 2601 2405 lege
2628 2347 2794 2407 caput
2850 2338 3170 2391 vicesimum
3230 2338 3370 2391 tituli
3425 2338 3585 2408 primi

2003 2430 2097 2485 lib.
2152 2430 2319 2495 tertii,
2359 2428 2475 2483 haec
2510 2444 2573 2481 ex
2608 2438 2761 2496 parte
2813 2426 3024 2485 dicens.
3050 2425 3380 2483 Omnimodo
3424 2445 3585 2484 unam

2002 2522 2271 2592 synodqu
2294 2519 2588 2588 quotannis
2616 2518 2881 2573 celebrari
2912 2518 3234 2573 mandamus
3266 2520 3320 2574 in
3347 2537 3590 2591 unaqua-

2002 2628 2108 2683 que
2139 2611 2444 2682 provincia,
2479 2609 2561 2664 vel
2607 2608 2770 2663 Juuio
2803 2608 2886 2663 vel
2922 2608 3228 2676 Septembri
3277 2628 3485 2676 mense,
3534 2623 3589 2667 et

2003 2718 2098 2758 eos
2128 2703 2219 2770 qui
2260 2702 2326 2755 ab
2358 2700 2465 2754 illis
2498 2698 2844 2761 ordinantur,
2896 2698 3038 2753 alios
3080 2711 3260 2754 autem
3296 2702 3586 2772 episeOpos

2001 2793 2291 2848 ordinandi
2314 2792 2404 2862 jus
2434 2806 2539 2844 non
2576 2790 2775 2844 habent
2799 2794 2939 2857 apud
2975 2792 3318 2847 beatissimos
3348 2796 3582 2863 patriar-

2002 2888 2134 2942 chas
2165 2886 2480 2939 convenire.
2515 2881 2669 2950 Apud
2703 2881 3148 2949 religiosissimos
3177 2893 3355 2938 autem
3386 2897 3585 2940 metro-

2004 2980 2278 3051 politanos
2325 2976 2588 3044 cujusque
2634 2975 2927 3045 provincia:
2972 2976 3061 3043 qui
3113 2976 3182 3029 ab
3232 2977 3298 3031 iis
3343 2979 3583 3033 ordinati

300 3065 636 3133 χειροτονεῖν
663 3064 811 3136 (67)·
869 3065 1018 3137 παρὰ
1061 3066 1117 3120 δὲ
1159 3068 1275 3130 τοῖς
1322 3070 1643 3134 ὁσιωτάτοις
1684 3087 1892 3143 μητρο-

2000 3081 2149 3130 sunt.
2178 3068 2317 3125 Nota
2349 3069 2512 3139 igitur
2536 3083 2603 3123 ex
2631 3069 2732 3122 hac
2761 3065 2985 3121 Novella
3014 3082 3178 3137 quam
3209 3070 3278 3123 oh
3312 3086 3424 3124 rem
3454 3086 3585 3140 pro.

1508 3181 1717 3247 Guiil.
1762 3186 2099 3266 Beveregii
2131 3192 2321 3246 notua.

376 3291 493 3362 (66)
515 3289 687 3362 Εἴποι
721 3286 789 3340 δέ
816 3304 927 3353 τις.
960 3286 1086 3362 Haec
1111 3303 1286 3356 usque
1309 3288 1373 3342 ad
1400 3288 1560 3362 tinem
1586 3290 1770 3362 hujus
1804 3294 1893 3347 in.

302 3358 725 3432 terpretationis
756 3358 1175 3432 nunc_primui_u
1231 3374 1297 3413 ex
1332 3375 1437 3432 _ms.
1482 3358 1807 3432 Bodleiano
1838 3365 1891 3417 in

303 3426 490 3488 Inc-eui
525 3428 717 3498 Graece
746 3426 1302 3498 CQtIitIlit|IS:_GrZBCO
1331 3428 1576 3497 inquam,
1622 3435 1767 3498 nam;
1791 3431 1895 3485 La.

299 3505 422 3556 tine
442 3500 676 3553 antehac
710 3497 764 3549 in
784 3494 1033 3550 Gulielmi
1064 3496 1267 3551 Morelii
1295 3494 1533 3552 editione
1555 3500 1700 3553 edita
1735 3494 1887 3555 sunt.

300 3569 622 3638 Quinetiam
657 3568 711 3621 in
749 3580 851 3619 ms.
882 3567 1320 3620 Amerbachiano
1375 3568 1653 3637 leguntur,
1696 3578 1890 3625 eodem

301 3643 494 3703 wodo,
522 3653 628 3709 quo
650 3638 703 3689 iu
732 3646 961 3709 nostro;
994 3638 1099 3690 nisi
1129 3639 1273 3706 quod
1309 3653 1407 3707 pro
1451 3638 1775 3709 ἀπράκτους
1810 3642 1885 3695 ibi

301 3714 492 3782 legato
504 3723 545 3782 τί
570 3707 905 3782 νᾴπρακτείν.

375 3773 489 3850 (67)
524 3778 617 3843 Μὴ
652 3773 1024 3850 ἔχοντας-δὲ
1070 3775 1308 3850 δίκαιον
1359 3775 1591 3844 ἄλλους
1645 3777 1889 3850 ἐπισκό-

298 3844 874 3916 πους-χειροτονεῖν.
911 3845 1145 3916 Etiamsi
1164 3846 1280 3899 haec
1330 3856 1595 3901 constans
1646 3850 1718 3902 sit
1777 3849 1883 3903 loci

300 3915 542 3989 hujusce
575 3916 760 3978 lectio,
797 3930 902 3968 non
940 3915 1105 3989 modo
1137 3915 1482 3989 in_omnibu_s
1533 3916 1877 3989 Balsamonis

298 3984 589 4047 codicibus
627 4000 762 4040 mss.
790 4000 979 4038 verum
1010 3985 1174 4053 etiam
1206 3986 1258 4038 in
1296 3987 1413 4053 ipsa
1443 3984 1743 4040 Iustiniani
1774 4003 1876 4042 no-

302 4061 450 4115 vclla
477 4058 577 4111 157
612 4070 736 4123 cap.
767 4053 824 4117 4,
850 4053 1066 4109 undein
1102 4052 1334 4109 Basilica
1364 4070 1392 4106 a
1436 4054 1764 4111 Balsainone
1806 4059 1884 4110 ci-

301 4141 421 4184 tata
459 4135 669 4181 relatus
695 4136 779 4179 est
800 4124 917 4194 (sed
951 4124 1204 4178 hodieibi
1232 4138 1339 4176 non
1368 4127 1591 4194 exstat),
1631 4126 1883 4193 suspicor

302 4211 495 4253 tamen
528 4198 785 4250 mendum
813 4193 867 4247 in
891 4210 1012 4248 eum
1044 4194 1351 4261 irrepsisse.
1382 4193 1544 4248 Juxta
1572 4197 1713 4248 hanc
1735 4196 1880 4248 enim

304 4269 605 4324 lectionem
640 4265 852 4332 iussum
885 4271 969 4334 est
995 4262 1063 4317 ab
1096 4263 1452 4331 imperatore,
1515 4273 1575 4317 ut
1616 4266 1760 4332 apud
1787 4281 1882 4334 pa-

307 4339 587 4393 triarchas
612 4334 878 4404 cujusque
907 4333 1210 4404 dimceseos
1241 4334 1486 4402 episcopi
1539 4334 1607 4388 ab
1637 4335 1707 4388 iis
1734 4333 1885 4388 ordi-

2001 3290 2255 3360 κέφαλοι,
2290 3298 2432 3341 utex
2465 3286 2579 3354 ipsa
2609 3286 3028 3360 episcopatuum
3059 3289 3253 3343 notitia
3305 3300 3521 3347 constat
3563 3314 3577 3351 :

2043 3358 2095 3415 ιιὶ
2130 3361 2362 3430 proinde
2394 3372 2495 3410 nec
2527 3371 2555 3409 a
2581 3358 2891 3430 patriarcha
2922 3359 3112 3427 aliquo
3152 3361 3393 3415 ordinati
3424 3371 3578 3421 sunt.

2051 3426 2209 3485 eréor
2229 3428 2437 3498 itaque,
2464 3442 2532 3480 ne
2561 3428 2635 3502 pi)
2662 3427 2765 3479 hoe.
2793 3426 2913 3481 loco
2944 3426 3042 3502 pro
3068 3430 3163 3481 καὶ
3192 3431 3453 3502 mendose
3483 3448 3581 3502 po-

2002 3511 2201 3572 natur;
2233 3507 2292 3550 ut
2327 3496 2535 3572 sensus
2564 3496 2657 3560 sit,
2696 3511 2793 3551 eos
2814 3496 2965 3572 apud
2995 3500 3335 3572 patriarchas
3387 3502 3441 3556 in
3483 3496 3579 3572 sy-

2000 3570 2147 3625 nodo
2174 3567 2826 3641 quotanniscongregari
2851 3568 3427 3641 deberehEpiscopos.
3482 3567 3577 3641 qui

1999 3642 2065 3694 ab
2098 3636 2227 3707 ipsis
2263 3636 2499 3709 ordinati
2518 3644 2659 3698 sunt,
2696 3645 2745 3689 et
2804 3637 2963 3709 alios,
2992 3638 3280 3691 ordinandi
3306 3636 3577 3709 episcopos

1988 3711 2082 3778 jus
2113 3706 2328 3780 habent,
2368 3706 2623 3780 _l_ioe_est,
2677 3708 3155 3780 metropolitanos,
3176 3710 3268 3776 qui
3318 3706 3374 3764 et
3400 3725 3430 3764 a
3482 3706 3579 3780 pa-

1997 3775 2257 3833 triarcbis
2285 3775 2523 3848 ordinati
2550 3783 2801 3848 _sunt,_et
2834 3775 2937 3846 ipsi
2971 3778 3108 3832 alios
3131 3775 3425 3848 episcOpos
3469 3775 3567 3834 or-

1994 3850 2279 3903 dinarunt.
2311 3845 2403 3917 Sic
2430 3844 2922 3917 quideiirPliotius
2952 3844 3180 3917 legisse'
3212 3844 3448 3916 videtur,
3493 3865 3562 3904 eo

1990 3918 2137 3989 quod
2167 3919 2310 3989 hanc
2331 3915 2497 3970 etiam
2524 3915 2792 3989 novellam
2827 3915 3093 3989 producat
3123 3917 3192 3971 ad
3229 3915 3575 3987 probandum

1986 3984 2539 4058 metropolitanorum
2579 3984 2824 4058 synodos
2857 3987 3001 4054 apud
3034 3984 3434 4058 patriarcham,
3460 3991 3574 4058 epi-

1984 4052 2281 4127 scoporum
2315 4052 2460 4127 apud
2493 4052 2949 4127 metropolitanos
2984 4052 3332 4125 péragendas
3390 4052 3517 4113 esse
3554 4074 3571 4123 ;

1982 4122 2240 4198 γενέσθαι
2264 4122 2515 4198 συνόδους
2544 4123 2961 4198 μητροπολιτῷν
2984 4122 3274 4198 παρὲἶτοίς
3303 4122 3576 4198 πατριάρὲ

1982 4213 2127 4266 χαις,
2160 4196 2256 4266 καὶ
2292 4193 2401 4246 τῶν
2428 4193 2747 4266 ἐπισκόπων
2780 4195 2932 4266 παρά
2961 4193 3075 4266 τοῖς
3111 4193 3567 4264 μητροπολίταις.

1987 4262 2152 4320 Phot.
2185 4265 2488 4318 Nomocan.
2525 4264 2608 4315 tit.
2642 4262 2696 4324 8.
2724 4277 2848 4332 cap.
2870 4262 2873 4263 ⁷
2899 4264 2952 4317 8.
2997 4262 3209 4319 δοιΓηίι
3233 4262 3370 4333 quid
3402 4267 3570 4320 dissi-

1992 4340 2291 4397 mulemus,
2330 4334 2435 4386 hoc
2463 4336 2655 4403 saltem
2685 4348 2784 4401 pro
2816 4333 2987 4386 altera
3012 4342 3065 4387 et
3088 4334 3299 4403 vulgari
3335 4336 3573 4389 lectione

307 4409 543 4481 nati,_et
579 4401 804 4481 qui—non
836 4404 1038 4456 habent
1059 4403 1149 4481 jus
1190 4405 1330 4456 alios
1389 4404 1678 4481 episcopos
1732 4404 1885 4481 ordif
1917 4422 1965 4481 ο
1993 4406 2101 4481 dici
2131 4414 2328 4481 potest,
2383 4402 2530 4481 quod
2558 4401 2712 4481 juxta
2741 4418 2862 4481 eam
2917 4404 3157 4481 episcopi
3191 4401 3570 4481 'suiIraganci,

310 4477 500 4539 nandi,
528 4476 825 4544 quotannis
858 4476 1223 4544 conveniant;
1244 4474 1487 4541 episcopi
1514 4485 1696 4525 autem
1738 4474 1883 4543 apud

309 4542 960 4611 suos-metropolitanos.
997 4542 1288 4596 Enimvero
1320 4546 1539 4610 quinam
1572 4545 1646 4597 illi
1670 4542 1886 4611 episco-

308 4619 368 4687 pi
408 4631 533 4670 esse
562 4614 934 4687 possunt,_qui
964 4629 991 4663 a
1046 4612 1405 4687 patriarchis‘
1433 4614 1671 4687 ordinati
1722 4624 1883 4687 sunt,

309 4682 370 4741 et
392 4682 575 4739 tamen
597 4684 1036 4750 aliosepiscopos
1069 4682 1357 4735 ordinandi
1388 4682 1478 4751 jus
1504 4698 1612 4735 non
1645 4683 1881 4736 habent;

312 4756 383 4809 lat
419 4764 679 4823 praeterea
714 4755 937 4820 quinam
970 4768 1036 4805 ex
1069 4752 1206 4818 lege,
1248 4764 1354 4803 tam
1412 4751 1679 4806 canonica
1719 4769 1881 4819 quam

309 4826 488 4885 civili.
524 4823 667 4894 apud
714 4824 1057 4894 patriarchas
1094 4824 1391 4875 convenire
1422 4823 1646 4894 debent,
1687 4832 1885 4894 praeter

314 4891 822 4964 metropoiitanns?
864 4891 937 4944 At
960 4906 1151 4943 omnes
1194 4892 1630 4964 metropolitani,
1661 4906 1733 4964 eo
1765 4893 1885 4960 ipso

312 4961 740 5035 llOlliIll-e,jqumi
775 4969 906 5015 sunt
936 4961 1368 5035 metropolitapi.
1393 4962 1552 5035 alios
1586 4961 1883 5029 episcopos

315 5013 973 5102 ord—iii—andi‘potes‘tatetu7
995 5013 1215 5082 habent.
1261 5013 1379 5082 Non
1422 5045 1507 5082 mc
1539 5013 1696 5102 latet,
1725 5013 1881 5102 non;

316 5103 505 5159 nullos
537 5100 706 5157 fuisse
729 5100 1183 5169 archiepiscopos
1210 5108 1264 5152 et
1286 5100 1761 5168 metropolitanos,
1789 5100 1883 5168 qui

317 5179 504 5229 nullos
532 5173 635 5227 sibi
670 5163 946 5240 subjectos
964 5163 1649 5240 episcoposjhabuéruut;
1694 5163 1885 5223 verum

312 5243 644 5305 Justiuiani,
676 5256 706 5294 a
729 5238 836 5311 quo
862 5247 948 5293 est
992 5240 1105 5291 hiec
1137 5238 1369 5302 novella,
1405 5240 1742 5311 temporibus
1778 5240 1886 5291 hu-

309 5313 561 5383 jusmodi
612 5308 1151 5383 archiespicoporum
1209 5317 1279 5383 et‘
1314 5308 1883 5383 metropolitanorum,

316 5378 524 5454 quibus
554 5382 688 5435 nulli
726 5378 993 5454 suberant
1040 5378 1295 5454 episcopi
1339 5378 1599 5454 dignitas,
1638 5379 1883 5454 nondum

318 5449 577 5509 instituta
605 5458 748 5513 erat,
782 5452 875 5505 sed
906 5464 937 5500 a
989 5449 1387 5518 posterioribus
1458 5449 1886 5516 imperatoribus

316 5528 634 5578 introducta
675 5530 780 5575 est.
829 5518 1079 5589 Episcopi
1133 5529 1317 5589 autem
1364 5518 1542 5579 ουτοι,
1594 5518 1884 5582 Messenae,

320 5592 674 5662 Paiii,Apri,
742 5606 770 5643 a
820 5588 1140 5662 Balsamoue
1194 5588 1263 5641 ad
1311 5603 1466 5662 suam
1530 5589 1883 5662 astruendam

320 5658 635 5734 opinionem
681 5661 1116 5734 commemorati,
1151 5674 1251 5734 nec
1306 5658 1708 5734 archiepiscopi
1760 5672 1887 5734 pro-

320 5729 437 5801 p'rie
470 5742 651 5797 erant,
677 5746 780 5787 nec
807 5729 1237 5798 metropolitani,
1265 5731 1359 5784 sed
1411 5732 1651 5799 episcopi
1721 5730 1885 5781 αὺτο-

1991 4476 2109 4529 sive
2134 4472 2525 4543 provinciales
2556 4472 2885 4543 patriarchae
2918 4474 3175 4541 alicujus,
3211 4472 3412 4543 quibus
3460 4490 3569 4529 noa

1991 4545 2095 4599 sub
2124 4542 2453 4613 patriarcha:
2482 4542 2578 4613 sed
2612 4543 3019 4613 metropolitani
3072 4542 3291 4597 nomine
3350 4554 3570 4613 praeest,

1989 4611 2140 4683 apud
2157 4629 2283 4669 eum
2321 4611 2621 4665 convenire
2650 4612 2847 4683 debent
2882 4630 2897 4665 :
2931 4611 2989 4666 hi
3016 4614 3165 4666 enim
3204 4616 3273 4666 ab
3313 4611 3378 4666 eo
3443 4617 3568 4682 qui-

1989 4682 2114 4738 dem
2154 4692 2417 4749 tanquam
2447 4694 2477 4732 a
2510 4682 2933 4749 metropolitano
2978 4683 3213 4736 ordinati
3264 4692 3416 4747 sunt,
3471 4684 3569 4737 sed

1990 4754 2129 4807 alios
2158 4761 2342 4806 tamen
2392 4749 2703 4818 episcopos,
2762 4752 3311 4820 metropolitanorum
3388 4768 3568 4816 more,

1989 4821 2284 4876 ordinandi
2323 4828 2649 4889 potestatem
2679 4835 2787 4873 non
2838 4821 3061 4875 habent.
3115 4822 3319 4889 Etipse
3342 4823 3563 4889 quidem

1987 4890 2335 4945 Justinianus
2363 4890 2491 4942 huic
2520 4889 2959 4956 interpretationi
2990 4892 3176 4944 favere
3210 4892 3447 4950 videtur,
3476 4892 3569 4943 ubi

1988 4960 2046 5015 in
2076 4963 2248 5014 altera
2272 4958 2483 5011 novella
2506 4958 2656 5028 jubet
2690 4974 3105 5028 unumquemque
3121 4960 3330 5012 beatum
3363 4962 3569 5012 archie-

1987 5032 2258 5100 piscopum
2289 5037 2338 5081 et
2370 5027 2756 5100 patrium/tam,
2795 5040 2843 5100 et
2869 5027 3263 5097 metrOpoh'tam
3291 5032 3571 5082 sanctissi-

1990 5096 2102 5153 iuos
2135 5096 2401 5167 episcopos
2438 5096 2531 5149 sub
2570 5112 2624 5148 se
2658 5099 2973 5150 constitutos
2996 5096 3049 5151 in
3079 5100 3260 5152 eadem
3294 5101 3569 5166 provincia

1994 5173 2156 5223 semel
2187 5176 2280 5221 aut
2316 5167 2548 5236 secundo
2574 5181 2665 5232 per
2694 5169 2933 5236 singulos
2966 5185 3136 5221 annos
3168 5169 3238 5221 ad
3267 5185 3323 5223 se
3371 5184 3568 5222 convo-

1989 5255 2137 5297 care.
2166 5237 2369 5292 Justin.
2390 5234 2582 5289 Novel.
2607 5236 2732 5300 125,
2756 5234 2878 5305 cap.
2904 5238 2992 5292 10.
3023 5238 3123 5292 Hic
3136 5240 3305 5303 enim,
3336 5247 3401 5292 ut
3422 5238 3574 5291 vide-

1992 5326 2052 5363 re
2084 5318 2329 5372 est,non
2386 5307 2567 5361 solum
2625 5309 3022 5377 archiepiscopi
3076 5318 3128 5361 et
3187 5308 3573 5377 metropolita',

1989 5380 2087 5434 sed
2115 5392 2169 5434 et
2196 5378 2523 5447 patriarcha:
2552 5376 2836 5444 episeopos
2858 5375 3061 5432 habent
3081 5377 3184 5432 sub
3207 5392 3265 5430 se
3296 5379 3350 5429 in
3376 5375 3569 5431 eadem

1991 5448 2288 5518 provincia
2314 5448 2673 5518 constitutos,
2706 5462 2846 5514 quos
2876 5448 2942 5501 ad
2966 5448 3233 5518 synodum
3266 5458 3576 5518 convocare

1990 5516 2317 5592 debent._Et
2351 5517 2440 5592 sic
2462 5516 2682 5592 quidem
2717 5516 3026 5592 Romanus,
3066 5516 3467 5592 Antiochenus,
3518 5522 3574 5592 et

1988 5589 2400 5644 Alexandrinus
2430 5586 2785 5651 habuerunt;
2824 5589 2919 5641 sed
2951 5601 3058 5638 non
3093 5587 3221 5638 item
3249 5586 3576 5638 Constanti-

1988 5659 2342 5728 nopolitanus
2396 5668 2450 5709 et
2477 5654 3030 5728 Hierosolymitanus.
3067 5654 3148 5707 Illi
3179 5658 3575 5728 enim_metro-

1990 5724 2217 5799 poiitani
2246 5729 2569 5798 priusquam
2617 5724 2948 5795 patriarcha:
2978 5724 3227 5799 fuerunt
3257 5742 3271 5781 :
3300 5724 3352 5779 bi
3383 5733 3564 5778 autem
