4074 6392
343 306 450 375 549

419 443 437 478 ι
471 437 590 494 ριον
628 419 797 490 ἔχειν.
849 417 912 471 Et
944 415 1054 486 γάρ
1105 414 1184 486 τῷ
1213 415 1444 483 τοιούτῳ
1477 412 1706 465 είσιέναι
1750 412 1808 463 ἐν
1843 427 1934 462 κα-
1965 415 2013 474 Α

423 536 440 568 ι
479 514 691 583 πηλείῳ
721 513 823 565 οὐκ
873 510 1298 575 ἐπιτέτραπται,
1331 505 1484 576 πόσῳ
1532 504 1732 574 μᾶλλον
1760 502 1938 565 ἄλλοις

423 623 441 654 ι
479 603 534 652 ἐν
587 599 765 667 τούτῳ
813 596 1223 658 διακονεῖσθαι,
1275 593 1426 648 καὶᾶ.
1463 593 1538 663 μὴ
1589 593 1746 662 θέμις
1790 592 1940 663 αὐτῷ

423 713 440 741 ι
469 693 740 760 ἐγχειρεῖν
766 706 781 752 ς
814 691 874 742 El
897 691 1027 743 δέτι
1059 686 1301 741 τοιοῦτον
1325 686 1700 759 διαπράξοιτο,
1737 685 1770 756 ἢ
1799 701 1940 738 παυ-

425 803 443 834 ι
484 783 690 849 σάσθω,
719 779 1162 852 ἢκαθαιρείσθω.
1205 798 1224 833 ι

423 875 616 929 ΒᾹΛΣ.
664 874 725 926 '0
788 873 888 942 μὲν
919 871 994 925 νδ¹
1049 871 1232 926 κανὼν
1266 871 1373 925 τῶν
1419 870 1592 938 ἁγίων
1623 869 1940 924 ἀποστόλων

343 965 703 1038 ἀφορίζεσθαι
746 966 893 1034 λέγει
926 965 1051 1027 τοὺς
1082 964 1362 1026 ἐσθίοντας
1405 963 1463 1016 ἐν
1497 961 1778 1032 καπηλείῳ
1812 962 1943 1031 κλη-

348 1058 570 1128 ρικούς·
603 1059 629 1109 ὁ
683 1057 738 1108 δὲ
782 1054 972 1126 παρὼν
1003 1055 1301 1123 διορίζεται
1355 1053 1431 1122 μὴ
1488 1052 1635 1121 ἔχειν
1683 1052 1942 1122 κληρικὸν

347 1149 655 1219 καπηλικὸν
689 1149 1075 1219 ἐργαστήριον,
1106 1148 1271 1217 ἤγουν
1295 1146 1370 1217 μὴ
1400 1147 1646 1215 ἐνεργεῖν
1666 1143 1941 1214 ἐμπορίαν

347 1242 686 1312 καπηλικήν.
729 1244 790 1294 Εἰ
823 1243 930 1312 γὰρ
959 1243 1100 1295 κατά
1133 1243 1456 1295 δεσποτείαν
1489 1242 1602 1311 ἔχει
1632 1239 1941 1309 καπηλικὸν

348 1332 737 1402 ἐργαστήριον,
780 1333 873 1384 καὶ
904 1334 1040 1402 πρδς
1069 1332 1292 1402 ἐτέρους
1321 1332 1481 1386 τοῦτο
1509 1331 1779 1392 ἐκδίδωσι,
1816 1347 1942 1384 και-

353 1422 442 1473 νὸν
466 1421 568 1474 οὐκ
610 1420 746 1476 ἐστι.
781 1423 951 1475 Τοῦτο
977 1424 1082 1492 γὰρ
1108 1424 1202 1477 καὶ
1248 1421 1401 1492 ποιρά
1429 1413 1811 1493 μοναστηρίων
1845 1419 1943 1474 καὶ

349 1512 661 1582 ἐκκλησιῶν
692 1512 965 1584 διαφόρων
981 1513 1188 1579 γίνεται
1214 1529 1229 1544 ⁸
1266 1513 1405 1568 ὥστε
1437 1515 1496 1566 τὸ
1527 1513 1673 1584 ἔχειν
1705 1512 1942 1566 ἐνταῦθα

349 1603 474 1655 ἀντὶ
501 1602 597 1655 τ,ὖ
626 1603 875 1672 ἐνεργεῖν
943 1603 1276 1673 ἐκλάμόανε.
1323 1604 1478 1657 Ἐπεὶ
1525 1604 1582 1657 δὲ
1611 1604 1800 1674 ἐτερὸν
1825 1605 1942 1656 ἐστι

351 1690 415 1742 τὸ
445 1691 789 1762 είσέρχεσθαι
843 1694 902 1744 ἐν
939 1692 1224 1764 καπηλείῳ
1277 1693 1547 1764 ἀλλοτρίῳ
1579 1693 1672 1746 καὶ
1714 1692 1940 1758 ἐσθίειν,

1374 302 1457 364 ΙΝ
1481 298 1644 362 CAN.
1686 299 1772 359 IX
1810 297 2022 361 CONC.
2067 297 2143 359 ΙΝ
2191 297 2519 361 TRULLO.

3513 303 3622 370 550

2119 429 2138 462 ι
2176 409 2233 464 Si
2269 412 2319 464 ei
2350 411 2497 464 enim
2525 407 2578 463 in
2605 423 2909 478 cauponam
2948 410 3159 482 ingredi
3215 428 3322 469 non
3377 423 3463 470 est
3505 431 3629 484 pera

2125 519 2144 552 ι
2185 502 2436 567 missum,
2463 515 2666 572 quanto
2699 503 2873 570 magis
2898 512 2952 556 et
2981 503 3101 558 aliis
3129 504 3181 558 in
3207 521 3270 559 ea
3301 507 3633 571 ministrare,

2123 613 2142 648 ι
2183 609 2272 660 ea,
2300 609 2419 662 quae
2451 609 2557 647 non
2587 593 2712 648 licet
2739 594 2840 665 ipsi
2880 596 3156 650 tractare?
3183 597 3238 651 Si
3273 599 3403 667 quid
3451 610 3633 656 autem

2125 705 2144 740 ι
2185 686 2292 742 tale
2324 687 2533 752 fecerit,
2569 687 2650 741 vel
2678 695 2875 751 cesset,
2919 687 3003 741 vel
3039 688 3359 758 deponatur.
3395 709 3416 743 ι

2120 864 2314 921 B.\LS.
2391 865 2884 936 Quinquagesimus
2963 875 3191 936 quartus
3263 869 3633 938 apostolorum

2049 975 2222 1014 canon
2252 959 2479 1013 clericos
2511 960 2783 1031 segregari
2823 959 2998 1027 jubet,
3033 961 3125 1030 qui
3174 961 3225 1014 in
3272 975 3515 1031 caupona
3543 975 3636 1016 co-

2051 1051 2292 1107 medunt.
2324 1049 2576 1104 Decernit
2610 1062 2789 1105 autem
2821 1068 3060 1121 prmsens
3095 1066 3296 1117 canon,
3354 1068 3422 1107 ne
3476 1053 3638 1108 cleri—

2049 1158 2146 1196 cus
2177 1143 2380 1197 babeat
2407 1143 2732 1211 cauponiam
2758 1143 3056 1207 oﬂicinam,
3088 1145 3200 1198 sive
3226 1159 3292 1198 ne
3314 1147 3636 1214 cauponiam

2052 1245 2412 1289 mercaturam
2449 1245 2724 1289 exet‘ceat.
2755 1234 2810 1288 Si
2842 1236 2985 1289 enim
3021 1237 3346 1304 cauponiatn
3374 1236 3640 1291 oﬂicinant

2050 1325 2103 1378 in
2136 1325 2376 1379 dominio
2404 1324 2588 1389 habet,
2619 1335 2673 1379 et
2702 1340 2822 1380 eam
2860 1327 2984 1382 aliis
3027 1328 3225 1394 elocat,
3272 1344 3470 1384 novum
3525 1346 3632 1384 non

2050 1426 2150 1472 est.
2187 1415 2300 1472 Hoc
2328 1417 2471 1472 enim
2503 1417 2666 1469 etiam
2719 1417 2858 1486 apud
2913 1420 3242 1474 monasteria
3291 1429 3345 1474 et
3393 1421 3639 1474 diversas

2053 1507 2110 1561 fit
2140 1506 2426 1562 ecclesias.
2456 1506 2844 1574 Quamobrem,
2876 1508 3080 1564 habere
3120 1510 3229 1575 hic,
3274 1527 3371 1579 pro
3399 1525 3464 1567 eo
3498 1511 3640 1580 quod

2049 1611 2133 1655 est
2162 1614 2442 1663 exercere,
2479 1602 2687 1670 accipe.
2749 1603 3018 1669 Quoniam
3053 1612 3233 1659 autem
3271 1605 3417 1661 aliud
3452 1617 3536 1662 est
3585 1607 3639 1662 in

2053 1691 2283 1746 alienam
2341 1707 2647 1762 cauponam
2698 1693 2905 1760 ingredi
2945 1703 2998 1748 et
3041 1697 3350 1761 comedere,
3408 1706 3462 1752 et
3495 1698 3642 1753 aliud

355 1782 452 1834 καὶ
483 1782 672 1852 ἕτερον
705 1781 767 1834 τὸ
796 1781 1200 1852 ἐμπορεύεσθαι
1251 1783 1564 1852 καπηλικήν
1614 1784 1831 1854 τέχνην,
1888 1785 1945 1836 ἐν

2061 1783 2432 1851 :auponariam
2465 1799 2729 1838 exercere
2767 1799 2783 1837 :
2821 1784 2874 1837 in
2919 1800 3129 1839 canone
3158 1787 3376 1855 quidem
3421 1798 3644 1857 aposto-

358 1873 459 1943 μὲν
490 1873 568 1943 τῷ
602 1874 949 1944 ἀποστολικῷ
1009 1875 1194 1928 κανόνι
1247 1875 1608 1945 ἀφορίζεσθαι
1669 1892 1802 1944 φησι
1853 1875 1944 1927 τὸν

355 1966 609 2018 ἐσθίοντα
639 1968 696 2018 ἐν
728 1966 1013 2036 καπηλείῳ
1047 1966 1309 2036 κληρικδν
1335 2006 1350 2028 ,
1412 1966 1506 2018 καὶ
1543 1966 1680 2036 μετὰ
1725 1982 1944 2036 παραγ-

358 2057 544 2126 γελίαν
579 2056 654 2128 μὴ
686 2057 1092 2126 διορθούμενον,
1116 2056 1331 2121 πάντως
1365 2059 1450 2112 διὰ
1483 2061 1542 2110 τὸ
1571 2059 1944 2130 μετριώτερον

356 2150 455 2203 τοῦ
485 2151 920 2220 ἁμαρτήματος·
954 2149 1044 2204 τὸν
1069 2150 1124 2202 δὲ
1175 2151 1503 2221 ἐνεργοῦντα
1549 2151 1812 2222 κληρικδν
1842 2171 1944 2206 καις

358 2241 596 2310 πηλικδν
621 2241 1006 2310 ἐργαστήριον,
1034 2242 1107 2311 μὴ
1147 2241 1529 2311 διορθούμενον
1563 2243 1698 2312 μετά
1733 2261 1950 2314 παραγε-

371 2334 568 2401 ίελέαν,
603 2331 987 2402 καθαιρεῖσθαί
1020 2350 1186 2402 φησιν
1209 2335 1236 2385 ὁ
1271 2333 1465 2404 παρὼν
1487 2333 1688 2402 κανὼν,
1729 2337 1947 2398 πάντως

361 2426 454 2478 διὰ
474 2427 533 2477 τδ
571 2425 873 2494 βαρύτερον
921 2425 1014 2478 τοῦ
1047 2426 1466 2496 ἁμαρτήματος.
1524 2427 1826 2493 Ἀνάγνωθι
1881 2429 1951 2482 τὰ

364 2517 800 2587 παρηραφέντα
835 2519 893 2570 ἐν
945 2517 1021 2587 τῷ
1055 2517 1276 2588 ῥηθέντι
1331 2518 1404 2571 νδ¹
1447 2519 1795 2590 ἀποστολικῷ
1850 2538 1952 2574 κα-

362 2611 502 2675 νόνι,
535 2611 628 2662 καὶ
687 2609 907 2662 συνόδου
968 2608 1287 2674 Λαοδικείας
1349 2611 1552 2664 κανόνα
1584 2609 1684 2676 κδ’,
1734 2614 1952 2667 συνόδου

366 2700 734 2771 Καρθαγένης
767 2704 968 2755 κανόνα
1010 2699 1085 2771 μ’,
1137 2703 1231 2755 καὶ
1265 2702 1472 2773 βιϐλίου
1506 2701 1548 2756 δ’
1601 2704 1709 2756 τῶν
1740 2703 1956 2758 Βασιλι-

369 2793 484 2845 κῶν
508 2792 688 2844 τίτλου
739 2797 788 2843 α’
829 2807 957 2859 κεφ.
1012 2792 1358 2854 τελευταῖον,
1409 2793 1546 2863 ὅπερ
1599 2794 1954 2864 κατεστρώθη

366 2883 568 2949 ἔξωθεν
597 2882 691 2936 τοῦ
737 2879 810 2935 λε’
835 2898 960 2952 κεφ.
992 2881 1085 2936 τοῦ
1109 2881 1153 2937 θ’
1207 2882 1384 2938 τίτλου
1410 2884 1503 2938 τοῦ
1536 2885 1802 2955 παρόντος
1835 2903 1959 2939 συν-

365 2975 675 3043 τάγματος.
1391 3015 1393 3017 ,

446 3067 691 3119 ΖΩΝΑΡ.
725 3065 799 3119 Τὸ
827 3064 972 3136 ἔχειν
1021 3065 1329 3136 καπηλικὸν
1373 3067 1736 3138 ἐργαστήριον
1766 3068 1960 3141 κληρι-

368 3161 470 3213 κδν
503 3161 724 3230 νοητέον
765 3159 827 3213 τὸ
860 3159 926 3211 δι’
958 3158 1156 3212 ἐαυτοῦ
1211 3160 1455 3228 ἐνεργεῖν
1501 3161 1668 3214 αὐτὸν
1701 3163 1761 3214 ἐν
1805 3162 1958 3232 αὐτῷ

369 3253 813 3324 καὶύπηρετεῖν.
873 3254 946 3305 Οὐ
999 3253 1107 3323 γάρ
1137 3251 1453 3323 εὔσχημον,
1505 3253 1642 3306 ἀλλὰ
1688 3255 1780 3307 καὶ
1836 3254 1960 3310 λίαν

371 3348 523 3398 ἐστὶν
555 3346 803 3416 ἀπρεπὲς
835 3345 894 3396 τὸ
929 3343 1232 3414 καπηλείου
1275 3344 1646 3413 προΐστασθαι
1677 3340 1958 3414 κληρικὺν,

372 3438 470 3489 καὶ
497 3437 624 3497 τοὺς
661 3437 742 3497 ei;
770 3435 903 3488 αὐτὸ
933 3434 1201 3496 εἰσιόντας
1255 3433 1637 3504 ὑποδέχεσθαι,
1679 3434 1776 3486 καὶ
1812 3433 1960 3504 βρώ-

372 3546 525 3598 ματα
558 3526 912 3596 παρατιθέναι
936 3525 1139 3589 αὐτοῖς,
1179 3525 1273 3578 καὶ
1301 3520 1444 3577 οἶνον
1474 3525 1716 3593 ἐγχέειν.
1747 3517 1820 3595 ’ᾩ
1852 3525 1964 3594 γὰρ

369 3621 758 3692 ἀπηγόρευται
784 3619 844 3670 τὸ
860 3617 997 3680 ὅλως
1027 3619 1104 3679 είς
1137 3616 1430 3688 καπηλεῖον
1448 3617 1794 3686 εἰσέρχεσθαι
1823 3615 1967 3669 κατᾶ

370 3715 467 3765 τὸν
496 3711 568 3764 νδ⁸
603 3710 803 3764 κανόνα
846 3709 956 3761 τῶν
984 3707 1154 3776 ἁγίων
1185 3707 1524 3770 ἀποστόλων,
1580 3707 1697 3770 πῶς
1721 3701 1877 3769 οὗτος
1907 3709 1966 3758 ἐν

372 3804 528 3872 αὐτῷ
556 3800 820 3872 διηνεκῶς
848 3801 1001 3853 ἔσται
1022 3799 1494 3867 ἀναστρεφόμενος
1518 3813 1533 3862 ;
1563 3797 1668 3850 Τόν
1714 3813 1773 3849 τε
1807 3794 1965 3849 τοῦτο

373 3894 639 3949 ποιοῦντα
667 3892 700 3963 ἢ
734 3891 1004 3946 παύεσθαι
1041 3890 1286 3961 βούλεται
1317 3893 1344 3942 ὁ
1381 3887 1564 3942 κανὼν
1594 3890 1626 3958 ἢ
1680 3888 1965 3958 καθαιρεῖ-

375 3990 528 4043 σθαι.
562 3989 625 4040 Εἰ
653 3988 711 4041 δέ
739 4005 824 4048 τις
867 3986 1126 4056 κληρικὸς
1156 3985 1366 4038 τοιοῦτο
1419 3983 1786 4053 ἐργαστήριον
1821 3983 1962 4052 ἔχων

375 4082 558 4150 ἐτέρῳ
591 4077 722 4135 αὐτὸ
752 4075 1108 4148 ἐκμισθώσει,
1142 4077 1271 4146 περὶ
1297 4075 1395 4146 τὴν
1444 4075 1650 4128 οίκείαν
1683 4074 1958 4127 κατάστα-

378 4191 468 4229 σιν
501 4174 560 4227 οὐ
595 4171 764 4243 βλαϐή
773 4189 945 4224 σεται.

2049 1871 2154 1926 lico
2183 1873 2464 1937 clericum,
2494 1875 2586 1944 qui
2615 1874 2667 1930 in
2693 1890 2945 1944 caupona
2988 1878 3242 1942 comedit,
3300 1889 3354 1932 et
3389 1891 3512 1946 post
3544 1880 3642 1936 de-

2050 1963 2446 2019 nuntiationem
2517 1981 2622 2019 non
2692 1967 3028 2034 corrigitur,
3088 1984 3156 2022 eo
3219 1969 3441 2024 omnino
3492 1973 3637 2040 quod

2050 2061 2328 2120 peccatum
2376 2054 2446 2107 sit
2475 2053 2666 2120 levius,
2704 2057 3100 2125 segregandum
3153 2059 3302 2113 dicit.
3356 2059 3632 2115 Clericum

2052 2150 2234 2194 autem
2294 2141 2386 2210 qui
2412 2143 2731 2211 cauponiam
2771 2143 3055 2198 tabernam
3091 2155 3335 2213 exercet,
3367 2162 3468 2202 nec
3520 2156 3645 2217 post

2053 2233 2515 2288 denuntiationem
2552 2236 2866 2305 corrigitur,
2898 2251 3136 2305 prresens
3160 2251 3358 2305 canon,
3384 2240 3640 2308 quoniam

2054 2325 2272 2392 gravius
2301 2326 2522 2381 omnino
2551 2337 2837 2396 peccatum
2877 2340 2979 2395 est,
3035 2331 3166 2384 dicit
3208 2346 3332 2386 esse
3371 2332 3651 2398 deponen-

2055 2415 2204 2470 dum.
2241 2417 2383 2488 Lege
2416 2435 2534 2488 quae
2584 2420 2815 2490 ascripta
2876 2432 3006 2476 sunt
3041 2423 3092 2477 in
3125 2424 3272 2478 dicto
3312 2425 3651 2495 quinquage-

2057 2508 2195 2562 simo
2231 2518 2425 2577 quarto
2465 2526 2676 2565 canone
2710 2515 3034 2582 apostolico,
3072 2525 3126 2569 et
3175 2518 3364 2585 synodi
3415 2516 3641 2572 Laodic.

2057 2613 2181 2651 eun.
2215 2598 2285 2652 Ἡ
2316 2601 2505 2670 synod.
2538 2602 2725 2657 Carth.
2765 2619 2972 2660 canone
3004 2606 3072 2660 40
3108 2617 3161 2661 et
3207 2608 3242 2662 4
3273 2605 3393 2662 libri
3428 2607 3648 2661 Basilic.

2060 2691 2143 2744 tit.
2183 2692 2340 2759 pritni
2377 2707 2497 2760 Cap.
2535 2695 2781 2749 ultimum
2814 2698 2956 2766 quod
2990 2711 3144 2752 extra
3182 2699 3250 2753 35
3291 2713 3414 2768 cap.
3448 2698 3480 2754 9
3544 2701 3630 2753 tit.

2060 2783 2340 2849 praesentis
2364 2783 2564 2853 operis,
2599 2787 2834 2855 positum
2866 2800 2966 2843 est.

2133 3067 2389 3123 ZONAR.
2424 3067 2578 3134 Quod
2607 3068 2928 3138 cauponiam
2959 3068 3176 3122 domum
3216 3069 3418 3125 habere
3462 3070 3650 3128 clerici

2068 3160 2169 3214 hoc
2197 3172 2406 3213 canone
2436 3158 2811 3227 prohibentur,
2845 3157 2898 3211 id
2931 3158 3005 3211 ita
3037 3157 3417 3228 accipiendum
3443 3170 3547 3226 est,
3597 3172 3655 3214 ut

2065 3248 2144 3303 eis
2172 3247 2419 3302 videlicet
2445 3261 2641 3317 operas
2672 3247 2724 3299 in
2758 3261 3003 3316 caupona
3056 3246 3254 3306 locare.
3285 3247 3510 3317 ejusque
3550 3252 3655 3302 mi-

2066 3338 2308 3394 nisteriis
2336 3337 2611 3392 inservire
2635 3352 2701 3391 ne
2732 3336 2911 3392 liceat.
2951 3335 3133 3407 Turpe
3172 3339 3458 3407 siquidem,
3493 3349 3656 3409 atque

2063 3430 2130 3482 ab
2164 3428 2371 3482 ordinis
2397 3428 2660 3498 dignitate
2685 3428 3033 3484 vehementer
3053 3430 3313 3494 alienum,
3337 3433 3656 3484 exercenda:

2063 3536 2324 3589 cauponae
2365 3519 2627 3575 clericum
2661 3521 2979 3589 praesidere,
3034 3521 3370 3590 excipiendis
3419 3523 3655 3576 homini-

2065 3615 2188 3679 lms,
2219 3613 2555 3683 apponendis
2587 3612 2812 3668 ferculis
2853 3621 3054 3685 praesto
3097 3629 3238 3677 esse,
3276 3615 3657 3685 pincernaaque

2066 3705 2470 3774 quodammodo
2500 3719 2722 3775 operam
2764 3719 2829 3760 ac
2867 3705 3170 3761 ministeria
3212 3705 3516 3775 lmSpitibns
3551 3723 3655 3762 ex-

2073 3797 2280 3850 hibere.
2313 3795 2411 3850 Cui
2444 3796 2588 3850 enim
2624 3803 2681 3850 ιιι
2723 3795 3022 3865 apostolico
3065 3812 3277 3851 canone
3315 3799 3652 3868 quinquage-

2070 3887 2211 3939 simo
2258 3896 2456 3955 quarto
2505 3885 2708 3940 videre-
2741 3894 2848 3953 est,
2907 3887 2972 3940 ad
3032 3902 3338 3956 cauponam
3393 3888 3659 3941 divertere

2070 3979 2295 4032 omnino
2333 3991 2439 4032 non
2473 3976 2821 4046 permissum,
2859 3993 2967 4047 quo
2997 3988 3155 4046 pacto
3185 3977 3304 4030 talis
3358 3977 3409 4031 in
3443 3993 3508 4031 eo
3535 3993 3658 4046 per-

2066 4080 2230 4140 petuo
2287 4069 2631 4123 versabitur?
2689 4070 2788 4135 Qui
2845 4070 3008 4139 igitur
3053 4071 3105 4124 id
3157 4070 3369 4135 fecerit,
3433 4083 3525 4124 aut
3591 4075 3659 4125 ah

2065 4176 2130 4215 eo
2164 4161 2410 4216 instituto
2447 4175 2684 4225 cessare,
2717 4172 2808 4214 aut
2835 4160 3176 4228 depositione
3211 4162 3428 4215 multari
3483 4177 3656 4215 canon

369 4269 552 4337 jubet.
589 4269 811 4323 Domqu
846 4276 1022 4320 tamen
1103 4263 1364 4334 ejusmodi
1424 4264 1643 4328 habere,
1693 4275 1757 4315 ac
1840 4259 2021 4314 loc.tre
2057 4258 2234 4322 alteri,
2277 4255 2491 4312 clericis
2533 4269 2749 4325 quoque
2785 4255 2900 4310 sine
2947 4255 3053 4308 ulla
3109 4255 3394 4325 dignitatis
3440 4257 3655 4327 jactura

373 4374 696 4418 concessum
727 4365 832 4413 651.
879 4389 886 4400 ν

378 4457 606 4514 ΑΡΙΣΤ.
668 4473 689 4508 ς
732 4453 794 4506 Ei
826 4448 1125 4505 είσιέναιέν
1151 4445 1432 4517 καπηλείῳ
1460 4445 1765 4499 κεκώλυται
1793 4444 1955 4515 κληρι

2061 4442 2313 4498 ιΑῐὶιδτ.
2377 4460 2396 4493 ι
2439 4441 2496 4496 Si
2541 4455 2840 4510 cauponam
2885 4439 3090 4511 ingredi
3149 4441 3466 4509 prohibetur
3506 4442 3664 4498 cleri-

456 4568 476 4601 ι
518 4549 635 4612 κὸς,
690 4546 782 4599 καὶ
812 4543 960 4613 ἐχειν
1008 4539 1384 4610 κωλυθήσεται
1435 4537 1639 4607 μᾶλλον
1663 4553 1677 4569 ο
1714 4537 1748 4607 ἢ
1781 4537 1966 4590 τοίνυν

460 4663 483 4696 ι
522 4640 913 4708 παυθήσονται,
939 4633 971 4705 ἢ
999 4629 1515 4702 καθαιρεθήσονται.
1561 4645 1580 4679 ι

450 4734 569 4788 Οὐκ
591 4729 766 4794 ἔξεστι
790 4725 1052 4798 κληρικὸν
1081 4723 1385 4794 καπηλικὸν
1409 4722 1774 4793 ἐργαστήριον
1793 4719 1959 4792 ἐχειν,

377 4831 476 4884 καὶ
505 4825 748 4895 ἐνεργεῖν
779 4822 835 4874 ἐν
887 4817 1072 4888 αὐτῷ’
1123 4817 1175 4869 εἰ
1221 4816 1328 4886 γὰρ
1361 4813 1668 4868 κεκώλυται
1715 4815 1773 4866 ἐν
1808 4811 1968 4866 ἀλλο-

377 4919 519 4992 τρίῳ
538 4913 821 4985 καπηλείῳ
856 4907 1224 4980 είσέρχεσθαι,
1255 4909 1304 4960 εί
1341 4906 1418 4977 μὴ
1446 4905 1513 4959 δι’
1536 4905 1784 4974 ἀνάγκην
1806 4903 1967 4957 τοῦτο

382 5013 624 5081 ποιήσει,
659 5005 838 5075 πολλῷ
872 5004 1034 5056 πλέον
1055 5001 1199 5072 ἔχειν
1221 5000 1384 5054 αὐτὸν
1406 4997 1698 5068 καπηλεῖον
1721 4996 1782 5048 οὐ
1838 4997 1967 5067 χρὴ,

380 5109 482 5162 καὶ
511 5104 694 5165 ἄλλοις
725 5102 783 5154 ἐν
823 5098 1000 5169 τούτῳ
1033 5097 1321 5151 διακονεῖν.
1370 5094 1429 5147 Ὀ
1457 5094 1514 5146 δὲ
1541 5090 1759 5161 τολμῶν
1806 5088 1965 5144 τοῦτο

2152 4556 2171 4588 ι
2211 4551 2327 4597 cus,
2359 4544 2414 4590 et
2444 4535 2644 4589 habere
2681 4533 2851 4602 magis
2897 4532 3272 4601 prohibebitur
3304 4551 3318 4588 :
3352 4534 3431 4590 vel
3480 4535 3662 4606 itaque

2155 4646 2174 4680 ι
2209 4628 2496 4692 desistant,
2531 4625 2616 4680 vel
2647 4625 3006 4695 deponantur.

2147 4718 2265 4773 Non
2295 4719 2419 4773 licet
2444 4717 2646 4772 clerico
2680 4716 3066 4784 cauponariam
3111 4716 3311 4771 habere
3365 4715 3660 4784 ollicinam,

2074 4813 2214 4868 etin
2242 4826 2305 4865 ea
2342 4809 2582 4880 operari.
2641 4807 2697 4862 Si
2749 4809 2894 4862 enim
2943 4808 3172 4863 alterius
3234 4824 3535 4876 cauponam
3579 4812 3663 4865 in-

2074 4904 2221 4975 gredi
2254 4901 2591 4972 prohibetur,
2623 4899 2724 4954 nisi
2763 4898 2991 4953 forsitan
3025 4899 3094 4954 ob
3128 4903 3502 4958 necessitatem
3531 4903 3662 4958 illud

2075 4997 2318 5050 fecerit:
2393 4993 2561 5047 multo
2620 4991 2793 5060 magis
2864 5005 2987 5044 eum
3043 4991 3204 5062 168
3270 4993 3469 5047 habere
3535 5009 3666 5046 catt-

2074 5101 2268 5156 ponam
2304 5095 2360 5138 et
2400 5084 2522 5139 aliis
2561 5088 2616 5137 in
2665 5097 2727 5137 ea
2763 5082 3074 5138 ministrare
3118 5098 3224 5138 non
3289 5094 3526 5155 oportet.
3561 5084 3664 5153 Qui

1591 5233 1796 5298 Guill.
1839 5226 2175 5307 Beveregii
2211 5232 2400 5288 notas.

376 5381 632 5448 ὀφφίκια,
668 5374 700 5443 ἢ
728 5371 1105 5450 aput-09:23:;
1137 5367 1438 5450 ἐνεργείας,
1466 5365 1497 5435 ἢ
1531 5379 1951 5450 κονριτωρειαξ

379 5432 509 5510 Ᾰεᾷῖίς
557 5432 852 5514 κληρικοὺέ
899 5432 1242 5514 ἐπισκήπτει
1285 5437 1371 5488 διὰ
1431 5432 1820 5514 σημειώματος
1879 5432 1953 5511 μὴ

381 5504 766 5586 ἀναδέχεσθαι.
801 5504 1132 5586 _Patriarclia
1197 5508 1367 5586 Lucas
1415 5504 1955 5586 etiannseplasiarias

382 5573 644 5659 olﬁcm'as,
671 5593 762 5636 aut
793 5581 1093 5659 balnearia}
1119 5599 1148 5630 ιι
1173 5576 1595 5659 clericiseurari
1640 5590 1732 5659 per
1787 5573 1962 5659 αᾳηοο

385 5644 642 5714 tationem
676 5653 837 5707 vetuit
859 5666 877 5704 :
912 5651 1068 5704 veluti
1108 5665 1222 5715 quae
1262 5649 1403 5715 turpi
1430 5646 1576 5699 lucro
1602 5653 1651 5698 et
1684 5644 1957 5694 mendacia

390 5730 717 5783 occasionem
748 5724 1000 5791 prtcbent.
1055 5717 1333 5772 Interdicit
1386 5718 1540 5770 etiam
1579 5716 1842 5775 diawnis,
1902 5727 1964 5763 ne

2063 5356 2378 5412 medicinam
2413 5354 2659 5423 faciant:
2688 5364 2738 5409 et
2765 5355 3117 5423 segregationi
3181 5355 3397 5422 subjicit
3439 5354 3661 5410 clericos

2065 5431 2156 5498 qui
2193 5425 2469 5498 mundana
2502 5425 2829 5498 publicaque
2860 5426 3093 5498 negotia
3155 5433 3410 5498 tractant.
3469 5423 3664 5498 Iitiaem

2068 5493 2380 5567 patriarcha
2418 5495 2642 5567 Michael
2699 5493 3056 5567 dncltialinus
3119 5511 3210 5567 per
3257 5493 3662 5567 adnotationem

2080 5569 2324 5632 mandat,
2354 5576 2410 5618 ut
2443 5565 2622 5618 clerici
2647 5565 2813 5633 ofﬁcia
2877 5564 3183 5622 swcularia.
3223 5564 3299 5616 vel
3351 5573 3661 5618 exartorum

2082 5637 2285 5699 munia,
2323 5635 2740 5688 t'elcuratormn
2805 5649 2906 5686 non
2964 5634 3283 5699 suscipiant.
3326 5635 3660 5705 HarntenOp.

2077 5708 2224 5778 Epit.
2260 5723 2382 5761 can.
2416 5713 2553 5760 sect.
2588 5705 2621 5757 5
2685 5706 2768 5758 tit.
2796 5705 2845 5758 2.
