4074 6450
386 307 488 375 551

1647 291 1923 353 ΤΗΕΟῙ).
1955 285 2354 349 BALSAMON

3534 281 3639 346 552

384 423 489 477 hoc
517 429 697 474 autem
728 417 906 472 facere
930 427 1091 469 ausus
1118 409 1298 469 fuerit,
1326 416 1379 461 et
1421 420 1635 462 cessare
1687 420 1791 459 non
1836 416 1959 475 per-

2093 398 2350 468 ιράττειν,
2402 395 2495 449 καὶ
2538 393 2615 465 μὴ
2640 393 2931 448 ὑπακούων
2974 392 3275 465 παυθῆναι,
3319 393 3655 467 καθαιρεθήσ

385 520 664 575 suadetur,
701 510 1014 579 deponetur.

1005 594 1235 651 CANON
1274 593 1343 647 Χ.

393 710 413 743 ι
457 690 777 761 Episcopus,
811 688 895 743 vel
930 688 1235 756 presbyter,
1272 682 1354 736 vel
1400 681 1680 747 diaconus,
1714 677 1803 746 qui
1840 691 1969 731 usu-

467 804 484 835 ι
522 798 633 846 ras,
665 785 744 835 vel
787 796 908 849 quze
959 779 1211 832 dicuntur
1238 774 1568 836 centesimae,
1600 770 1819 839 accipit,
1883 765 1968 821 vel

466 895 483 926 ι
524 881 719 935 cesset,
749 873 832 925 vel
861 871 1179 938 deponatur.
1220 884 1240 919 ι

464 964 659 1019 BALS.
723 963 778 1013 In
831 962 1044 1015 decimo
1094 959 1324 1027 septimo
1367 968 1574 1009 canone
1615 951 1803 1021 primm
1847 964 1970 1019 syn.

393 1058 526 1109 satis
555 1056 872 1123 scripsimus
902 1053 967 1105 de
989 1049 1239 1104 oumibus
1262 1045 1656 1105 sacerdotibus,
1683 1057 1777 1095 seu
1804 1041 1974 1094 sacris

400 1148 627 1201 initiatis
684 1147 773 1213 qui
821 1158 1015 1197 usuras
1071 1141 1366 1209 accipiunt,
1417 1136 1501 1189 vel
1559 1133 1775 1203 aliquod
1829 1131 1972 1185 aliud

399 1251 553 1306 turpe
587 1237 795 1289 lucrum
828 1235 928 1288 sibi
960 1233 1286 1301 excogitant.
1327 1230 1393 1283 Et
1442 1230 1560 1297 lege
1608 1241 1727 1297 qua:
1776 1224 1827 1276 in
1886 1223 1975 1276 illo

399 1334 603 1399 scripta
637 1337 798 1391 sunt;
839 1336 892 1378 et
947 1325 1190 1377 invenies
1229 1322 1556 1377 solutionem
1604 1315 1975 1385 repugnantia:

397 1437 516 1492 quae
542 1435 661 1473 esse
692 1416 1054 1471 videturillius
1073 1414 1296 1468 canonis
1314 1424 1367 1466 et
1396 1412 1697 1479 praesentis.
1728 1411 1975 1463 Praesens

399 1514 542 1567 enim
601 1524 798 1575 canon,
835 1517 888 1561 et
946 1506 1281 1574 apostolicus
1338 1503 1407 1556 44
1451 1502 1533 1555 vel
1592 1514 1829 1565 cessare,
1891 1499 1974 1551 vel

402 1603 596 1672 deponi
654 1602 845 1669 jubent
895 1614 1016 1654 eum
1063 1599 1152 1667 qui
1208 1597 1311 1651 tale
1361 1594 1486 1664 quid
1519 1593 1666 1647 facit.
1727 1593 1978 1647 Decimus

401 1694 661 1762 septimus
692 1704 870 1745 autem
908 1705 1080 1743 canon
1118 1688 1304 1756 primae.
1355 1685 1551 1755 synodi
1602 1699 1725 1738 eum
1780 1684 1972 1753 deponi

400 1784 571 1854 jubet.
604 1783 747 1853 Lege
774 1792 829 1837 et
856 1783 923 1836 27
956 1796 1077 1852 cap.
1123 1782 1156 1834 9
1182 1782 1266 1833 tit.
1298 1784 1576 1849 praesentis
1597 1779 1799 1847 operis.

474 1956 727 2012 ZONAR.
765 1955 971 2011 Usuras
1019 1956 1263 2024 exigere,
1320 1970 1423 2009 non
1481 1952 1720 2024 episcopi
1780 1952 1981 2018 solum,

401 2050 727 2120 presbyteri,
756 2056 810 2102 et
835 2046 1070 2111 diaconi,
1098 2048 1190 2100 sed
1224 2055 1281 2101 et
1334 2061 1523 2101 onmes
1555 2048 1605 2099 in
1649 2059 1858 2100 canone
1893 2058 1983 2099 re-

404 2141 623 2205 censiti,
657 2142 840 2211 primae
868 2138 1058 2208 synodi
1089 2138 1298 2191 decimo
1325 2139 1554 2204 septimo
1577 2150 1783 2190 canone
1801 2136 1984 2206 prohi-

406 2236 622 2289 bentur.
658 2233 733 2287 lbi
765 2248 884 2295 nos,
908 2241 961 2286 et
983 2231 1111 2301 quid
1142 2231 1438 2284 centesima
1461 2230 1530 2284 sit
1570 2230 1981 2299 explicavimus,

407 2337 463 2381 et
495 2327 689 2390 fusius,
727 2341 847 2394 qua:
867 2326 931 2379 ad
964 2325 1134 2393 ipsius
1164 2323 1389 2378 canonis
1416 2323 1832 2390 explicationem
1864 2337 1982 2392 per-

414 2424 608 2484 tinent,
641 2419 880 2473 exsecuti
916 2433 1125 2471 sumus.
1158 2417 1237 2471 Ad
1287 2432 1350 2470 ea
1384 2418 1547 2485 igitur
1596 2416 1854 2469 lectorem
1902 2429 1987 2468 re-

407 2512 695 2566 mittimus.
726 2510 830 2564 Sed
863 2522 917 2564 et
946 2510 1156 2573 eadem,
1194 2524 1313 2577 qua:
1345 2510 1445 2563 hoc
1491 2509 1630 2572 loco,
1674 2506 1988 2561 Laodicenze

407 2618 623 2672 quoque
650 2602 837 2671 synodi
875 2610 1073 2669 quarto
1113 2614 1319 2653 canone
1360 2598 1772 2669 pi‘wcipiuntur.

408 2690 640 2745 ARIST.
710 2692 1095 2760 «Episcopus,
1134 2692 1418 2761 presbyter
1472 2700 1527 2743 et
1578 2688 1841 2744 diaconus
1893 2690 1986 2759 qui

485 2799 509 2830 ι
550 2796 741 2835 usuras
792 2780 1009 2850 accipit,
1042 2780 1147 2835 nisi
1196 2790 1392 2845 cesset,
1417 2782 1742 2849 deponatur.
1791 2797 1811 2831 ι
1850 2777 1986 2834 Per-

482 2876 723 2945 spicum.

1002 2960 1231 3016 CANON
1272 2960 1366 3016 XI.

2073 505 2248 541 σεται.

2680 578 2922 631 ΚΑΝΩΝ
2961 575 3019 633 1’.

2076 691 2098 727 ε
2136 673 2484 739 Ἐπίσκοπος,
2515 672 2549 743 ἢ
2582 671 2977 742 πρεσϐύτερος,
3015 670 3344 742 ἦδιᾶκονος,
3378 671 3572 734 τόκους
3619 671 3654 741 ἢ

2152 782 2173 817 ι
2209 764 2308 827 τὰς
2329 763 2628 833 λεγομένας
2661 762 2961 825 ἐκατοστὰς
3016 762 3332 832 λαμϐάνων,
3368 761 3399 813 ἢ
3443 762 3661 815 παυσά-

2151 875 2171 909 ι
2203 861 2334 921 σθω,
2363 856 2395 925 ἢ
2430 854 2829 924 καθαιρείσθω.
2860 874 2880 905 ι

2146 952 2342 1017 ΒΑΛΣ.
2394 952 2483 1003 Ἐν
2508 949 2587 1019 τῷ
2640 950 2705 1014 ιζ’
2760 948 2947 1002 κανόνι
2977 950 3075 1019 τῆς
3124 947 3171 1002 α’
3205 949 3423 1001 συνόδου
3459 948 3664 1010 ἱκανῶς

2075 1042 2400 1113 ἐγράψαμεν
2425 1044 2553 1110 περὶ
2577 1042 2793 1093 πάντων
2820 1040 2930 1093 τῶν
2958 1040 3289 1111 ἱερωμένων,
3316 1040 3426 1092 τῶν
3446 1039 3662 1108 λαμϐα-

2077 1136 2276 1188 νόντων
2305 1128 2516 1197 τόκους,
2550 1134 2583 1204 ἢ
2620 1135 2713 1185 καὶ
2741 1133 2929 1200 ἕτερόν
2958 1150 3009 1184 τι
3040 1132 3264 1202 αἰσχρὸν
3308 1131 3501 1201 κέρδος
3537 1132 3667 1183 ἐαυ-

2078 1230 2190 1290 τοῖς
2221 1225 2643 1296 ἐπινοουμένων.
2671 1227 2781 1278 Καὶ
2806 1224 3079 1291 ἀνάγνωθι
3117 1224 3186 1275 τὰ
3217 1225 3273 1274 ἐν
3304 1223 3499 1289 ἐκείνῳ
3530 1239 3667 1291 γρα-

2080 1319 2250 1387 φέντα
2272 1336 2284 1349 ·
2320 1322 2412 1372 καὶ
2429 1318 2680 1389 εὑρήσεις
2704 1316 2800 1388 τὴν
2827 1315 2980 1368 λύσιν
3008 1315 3111 1381 τῆς
3143 1314 3406 1384 δοκούσης
3424 1315 3661 1366 ἐναντιο-

2081 1411 2304 1478 φανείας
2325 1410 2534 1462 ἐκείνου
2568 1425 2628 1461 τε
2661 1408 2753 1461 τοῦ
2771 1408 2991 1469 κανόνος
3021 1410 3113 1458 καὶ
3148 1405 3241 1457 τοῦ
3278 1406 3563 1474 παρόντος.
3604 1408 3665 1458 Ὀ

2084 1508 2185 1573 μὲν
2210 1504 2319 1572 γὰρ
2353 1500 2543 1572 παρὼν
2564 1500 2745 1554 κανὼν
2778 1501 2869 1553 καὶ
2897 1502 2925 1552 ό
2949 1496 3307 1559 ἄποστολικὸς
3345 1498 3425 1566 μδ*
3457 1497 3488 1566 ἢ
3522 1499 3667 1549 παύ-

2086 1597 2282 1650 σασθαι
2314 1597 2346 1667 ἢ
2380 1596 2765 1665 καθαιρεῖσθαί
2802 1612 2935 1665 φησι
2967 1596 3057 1646 τὸν
3085 1592 3325 1646 τοιοῦτόν
3352 1610 3404 1645 τι
3444 1592 3669 1645 ποιοῦνο

2082 1705 2153 1741 τα
2182 1700 2195 1714 '
2234 1686 2346 1740 ὁδέ
2402 1687 2468 1750 ιζ’
2518 1686 2698 1739 κανὼν
2756 1686 2854 1753 τῆς
2896 1686 2945 1737 α’
3001 1686 3219 1737 συνόδου
3274 1684 3663 1751 καθαιρεῖσθαι

2084 1779 2271 1832 τοῦτόν
2297 1795 2485 1849 φησιν.
2532 1777 2831 1844 Ἀνὰγνωθι
2861 1778 2957 1829 καὶ
2996 1777 3056 1828 τὸ
3100 1776 3183 1838 κζ’
3226 1774 3523 1842 κεφάλαιον
3568 1773 3666 1828 τοῦ

2083 1868 2128 1925 θ’
2150 1869 2330 1924 τίτλου
2361 1870 2454 1923 τοῦ
2482 1870 2754 1939 παρόντος
2782 1870 3187 1937 συντάγματος.

2152 1961 2401 2015 ΖΩΝΑΡ.
2449 1961 2508 2013 Ὀ
2538 1960 2592 2013 δὲ
2622 1959 2723 2029 τῆς
2754 1958 2978 2029 πρώτης
3013 1959 3233 2013 συνόδου
3261 1960 3668 2014 ἑπτακαιδέκα-

2084 2072 2175 2117 τος
2202 2052 2380 2107 κανὼν
2418 2054 2477 2106 ού
2506 2053 2629 2116 τοὺς
2652 2053 2983 2116 ἐπισκόπους
3013 2053 3107 2106 καὶ
3132 2054 3543 2124 πρεσϐυτέρους
3574 2054 3672 2105 καὶ⁵

2084 2148 2365 2208 διακόνους
2391 2146 2554 2215 μόνον
2585 2143 2785 2198 κωλύει
2820 2144 3117 2213 λαμϐάνειν
3150 2146 3364 2210 τόκους,
3400 2144 3536 2197 ἀλλὰ
3574 2146 3673 2198 καὶ

2086 2239 2211 2301 τοὺς
2241 2240 2298 2290 ἐν
2325 2238 2401 2308 τῷ
2424 2237 2608 2289 κανόνι
2632 2235 3076 2302 ἐξεταζομένους.
3116 2235 3286 2288 Ἔνθα
3315 2236 3410 2288 καὶ
3433 2236 3487 2289 τί
3517 2237 3670 2289 ἐστιν

2088 2331 2356 2397 ἐκατοστῂ
2384 2329 2751 2400 ἡρμήνευται,
2783 2329 2877 2380 καὶ
2932 2325 3267 2396 πλατύτερον
3296 2328 3364 2379 τὰ
3396 2328 3523 2397 περὶ
3570 2324 3670 2379 τοῦ

2088 2423 2311 2485 κανόνος
2336 2420 2618 2491 ὲξήγηται.
2649 2420 2759 2472 Καὶ
2790 2420 3051 2488 ζητητέον
3080 2419 3284 2471 ἐκεῖνα.
3313 2418 3396 2470 Τὰ
3424 2418 3562 2470 αὐτὰ
3610 2419 3671 2471 δὲ

2088 2516 2186 2568 καὶ
2213 2517 2240 2568 ό
2268 2514 2528 2583 τέταρτος
2578 2510 2758 2565 κανὼν
2795 2512 2894 2581 τῆς
2926 2513 2983 2564 ἐν
3010 2510 3302 2580 Λαοδικείᾳ
3328 2511 3550 2563 συνόδου
3571 2526 3672 2562 κε-

2093 2605 2263 2659 λεύει.

2088 2696 2312 2750 ΔΡΙΣΤ.
2364 2712 2383 2746 ι
2439 2694 2790 2758 Ἐπίσκοπος,
2823 2693 3215 2763 πρεσϐύτερος,
3277 2695 3372 2747 καὶ
3424 2693 3671 2754 διάκονος

2166 2807 2185 2840 ι
2216 2788 2408 2849 τόκους
2445 2785 2761 2856 λαμϐάνων,
2792 2786 2843 2839 εί
2884 2785 2959 2857 μὴ
2986 2784 3667 2857 παύοιτο,καθαιρείσθω.›

2162 2877 2385 2945 Σαφήςο

2689 2968 2928 3020 ΚΛΝΩΝ
2971 2963 3074 3020 1Α’.

421 3076 439 3111 ι
476 3057 643 3114 Nemo
673 3071 860 3112 eorum
903 3056 996 3126 qui
1046 3056 1097 3109 in
1146 3053 1469 3110 sacerdotali
1520 3053 1712 3108 ordine
1761 3068 1985 3109 enume-

2097 3078 2115 3111 ι
2151 3059 2358 3132 Μηδεὶς
2392 3058 2501 3113 τῶν
2533 3060 2590 3112 ἐν
2642 3057 2903 3128 ίερατικῷ
2935 3057 3391 3126 καταλεγομένων
3419 3058 3667 3128 τάγματι

487 3170 506 3202 ‹
545 3162 754 3215 rantur,
788 3148 868 3204 vel
917 3148 1111 3211 laicus,
1144 3144 1455 3201 Iudaeorum
1494 3160 1683 3216 azyma
1713 3145 1985 3213 comedat,

488 3262 506 3294 ι
550 3244 632 3295 vel
669 3242 832 3297 ullam
866 3255 990 3295 cum
1048 3241 1129 3294 eis
1163 3239 1583 3293 familiaritatem
1628 3241 1795 3306 ineat,
1824 3239 1905 3293 vel
1934 3241 1987 3294 in

490 3354 509 3388 ι
546 3335 752 3391 morbis
777 3340 1043 3396 accersat,
1070 3332 1150 3385 vel
1181 3331 1249 3384 ab
1276 3331 1355 3385 eis
1382 3331 1677 3385 medicinas
1736 3331 1989 3401 accipiat,

494 3447 510 3479 ι
554 3428 638 3481 vel
664 3442 767 3479 una
802 3440 923 3479 cum
948 3425 1028 3479 eis
1061 3425 1111 3477 in
1142 3423 1348 3477 balneis
1379 3425 1600 3477 omnino
1646 3423 1880 3477 lavetur.
1932 3424 1989 3478 Si

491 3542 507 3570 ι
549 3520 671 3591 quis
699 3528 879 3572 autem
913 3518 1013 3572 hoc
1055 3514 1235 3571 facere
1266 3530 1551 3584 aggressus
1598 3516 1781 3583 fuerit,
1824 3517 1869 3570 si
1921 3517 1993 3571 sit

490 3631 507 3663 ‹
548 3611 762 3681 quidem
796 3608 1048 3674 clericus,
1098 3608 1441 3677 deponatur:
1487 3607 1535 3663 si
1577 3619 1757 3662 autem
1798 3606 1991 3673 laicus,

490 3722 507 3755 ι
544 3708 879 3772 segregetur.
920 3718 939 3752 ι

483 3792 681 3846 BALS.
750 3788 934 3844 Sancti
967 3785 1158 3844 Patres
1215 3802 1315 3843 nos
1362 3802 1485 3843 cum
1538 3784 1740 3841 Iudaeis
1790 3786 1990 3841 nullam

415 3887 852 3941 communionem
887 3886 1087 3939 habere
1119 3886 1386 3949 volentes,
1440 3891 1689 3937 statuunt
1737 3897 1836 3937 nos
1884 3898 1989 3937 non

413 3977 609 4032 debere
638 3993 758 4032 cum
788 3976 866 4031 eis
897 3975 1035 4030 festa
1086 3975 1385 4039 celebrare,
1436 3989 1535 4028 nec
1579 3974 1848 4043 accipere,
1893 3991 1992 4031 nec

415 4067 719 4127 comedere,
750 4080 871 4133 qua:
905 4079 1050 4119 nunc
1080 4064 1146 4117 ab
1195 4062 1303 4118 illis
1354 4064 1489 4117 fiunt
1528 4078 1741 4134 azyma,
1786 4079 1887 4119 nec
1925 4066 1993 4121 ab

418 4156 486 4211 iis
525 4155 866 4211 medicinam'
901 4155 1169 4223 accipere,
1203 4168 1306 4208 nec
1356 4169 1477 4208 cum
1530 4155 1613 4211 eis
1658 4157 1848 4211 lavari.
1885 4158 1992 4213 Eos

418 4255 595 4303 autem
633 4251 724 4317 qui
758 4257 952 4317 praeter
999 4248 1112 4300 haec
1142 4245 1370 4312 faciunt,
1408 4247 1451 4301 si
1505 4248 1724 4318 quidem
1783 4249 1991 4316 clerici,

420 4339 611 4406 deponi
632 4338 858 4407 jubent:
884 4338 927 4391 si
955 4352 1084 4389 vero
1110 4336 1256 4401 laici,
1283 4340 1577 4408 segregari.
1604 4339 1796 4405 Quaere
1820 4338 1989 4393 Laod.

2167 3171 2186 3203 ι
2222 3153 2256 3223 ἢ
2306 3151 2491 3214 λαῖκὺς
2515 3151 2584 3205 τὰ
2611 3151 2761 3222 παρὰ
2782 3150 2891 3203 τῶν
2909 3149 3181 3203 Ἰουδαίων
3204 3150 3391 3219 ἄζυμα
3420 3150 3672 3212 ἐσθιέτω,

2168 3262 2186 3294 ι
2227 3245 2260 3315 ἢ
2292 3244 2504 3307 τούτοις
2546 3241 3033 3313 προσοικειούσθω,
3062 3241 3095 3312 ἢ
3134 3243 3192 3293 ἐν
3224 3243 3403 3305 νόσοις
3430 3259 3665 3311 προσκαο

2163 3357 2180 3388 ι
2219 3336 2437 3400 λείσθω,
2471 3336 2565 3390 καὶ
2598 3336 2842 3406 ἰατρείας
2877 3335 3008 3406 παρ’
3038 3334 3220 3387 αὐτῶν
3264 3333 3609 3401 λαμϐανέτω,
3638 3333 3672 3404 ἥ

2172 3447 2189 3480 ι
2230 3432 2286 3482 ἐν
2312 3427 2616 3498 βαλανείοις
2640 3426 2851 3488 τούτοις
2874 3424 3154 3487 παντελῶς
3174 3424 3514 3477 συλλουέσθω
3536 3423 3674 3494 (69).

2168 3539 2187 3571 ι
2226 3517 2290 3572 El
2319 3518 2377 3570 δέ
2408 3534 2496 3580 τις
2522 3516 2682 3570 τοῦτο
2726 3515 2934 3585 πρᾶξαι
2967 3514 3300 3585 ἐπιχειροίη,
3329 3516 3379 3567 εί
3409 3517 3508 3585 μὲν
3534 3514 3670 3585 κλη-

2166 3631 2185 3663 ‹
2228 3611 2380 3681 ρικδς
2408 3609 2518 3679 εἴη,
2554 3605 2956 3678 καθαιρείσθωο
2988 3608 3038 3659 εί
3064 3607 3121 3659 δέ
3150 3605 3362 3671 λαῖκδς,
3410 3607 3674 3677 ἀφοριςέ-

2164 3722 2184 3755 ι
2222 3701 2356 3756 σθω.
2398 3721 2418 3754 ι

2163 3794 2361 3847 ΒΑΛΣ.
2390 3790 2679 3863 Μηδεμίαν
2718 3790 3004 3845 κοινωνίαν
3029 3789 3177 3860 ἔχειν
3223 3790 3374 3857 ἡμᾶς
3408 3788 3545 3859 μετὰ
3565 3787 3678 3841 τῶν

2104 3886 2370 3942 Ἰουδαίων
2403 3885 2451 3937 οἱ
2482 3885 2615 3937 θεῖοι
2652 3883 2894 3953 Πατέρες
2941 3881 3205 3946 θέλοντες,
3240 3880 3570 3950 διορίζονται
3596 3880 3673 3948 μὴ

2099 3977 2479 4049 συνεορτάζειν
2528 3975 2737 4038 τούτοις
2801 3975 2971 4045 ἡμᾶς,
3029 3973 3163 4043 μηδέ
3215 3972 3520 4041 λαμϐάνειν
3575 3973 3676 4027 κει)⁸

2094 4071 2297 4124 ἐσθίειν
2332 4070 2409 4125 τὰ,
2433 4067 2564 4137 παρ’
2591 4067 2772 4120 αὐτῶν
2797 4065 3102 4136 τηνικαῦτα
3149 4066 3415 4135 γινόμενα
3466 4066 3676 4135 ἄζυμα,

2099 4164 2234 4234 μηδὲ
2268 4159 2619 4229 ἰατρεύεσθαι
2649 4158 2803 4229 παρὰ
2826 4157 3048 4223 τούτων,
3080 4156 3508 4228 ἣσυλλούεσθαι.
3539 4158 3680 4221 Τοὺς

2094 4254 2152 4308 δέ
2184 4253 2469 4313 ποιοῦντας
2503 4250 2653 4321 παρὰ
2678 4249 2873 4312 ταῦτα,
2904 4247 3206 4318 κληρικοὺς
3232 4248 3331 4316 μὲν
3359 4247 3543 4313 ὄντας,
3576 4264 3683 4299 πα-

2101 4341 2452 4415 ρακελεύεται
2482 4340 2887 4409 καθαιρεῖσθαι,
2919 4338 3142 4401 λαῖκοὺς
3174 4338 3253 4400 δὲ,
3286 4336 3677 4405 ἀφορίζεσθαι.

418 4444 538 4500 syn.
565 4444 688 4484 can.
720 4428 809 4493 51,
844 4427 934 4492 52,
968 4428 1059 4488 '57.
1082 4430 1151 4484 58
1198 4439 1251 4482 et
1285 4440 1600 4485 sanctorum
1625 4430 1986 4497 apostolorum

2099 4437 2261 4502 Ζήτει
2292 4434 2389 4502 τῆς
2430 4433 2489 4486 ἐν
2508 4431 2803 4501 Λαοδικείᾳ
2833 4429 3054 4482 συνόδου
3082 4429 3286 4484 κανόνα
3338 4428 3443 4495 λα’,
3471 4428 3570 4498 λβ’,
3603 4425 3683 4493 λζ’

419 4535 684 4575 canonem
724 4518 816 4585 70,
859 4528 914 4574 et
957 4519 1075 4590 ejus
1119 4520 1644 4590 interpretationem.
1700 4520 1810 4575 Nec
1852 4522 1994 4577 dicat

420 4611 716 4681 quispiam,
742 4610 884 4677 quod
938 4610 1027 4663 illa
1073 4623 1261 4680 azyma
1313 4611 1467 4663 vetiti
1527 4617 1653 4662 sunt
1707 4609 1994 4663 comedere

418 4716 537 4770 quae
580 4702 781 4755 dantur
827 4703 895 4754 ab
947 4701 1238 4764 haereticis,
1278 4714 1383 4754 non
1433 4709 1616 4751 autem
1666 4699 1992 4754 sacrificium

421 4791 601 4846 facere
633 4806 729 4861 per
765 4807 978 4863 azyma,
1010 4792 1093 4846 vel
1140 4790 1385 4844 absolute
1436 4790 1722 4844 comedere
1768 4803 1993 4859 azyma;

419 4884 675 4954 quoniam
713 4898 810 4936 nos
839 4896 1055 4952 quoque
1101 4880 1316 4935 diverso
1366 4880 1525 4933 modo
1581 4894 1771 4951 azyma
1813 4894 1997 4936 come-

420 4974 618 5038 dimus,
675 4988 794 5040 qua;
846 4975 1097 5028 dicuntur
1144 4969 1537 5025 λειπανάϐατα.
1598 4972 1798 5026 Audiet
1849 4972 1992 5026 enim

422 5066 565 5136 quod
607 5081 710 5119 non
745 5079 933 5134 azyma
966 5062 1253 5117 comedere
1284 5061 1355 5115 sit
1384 5062 1735 5131 prohibitum,
1775 5062 1870 5119 sed
1901 5077 1995 5133 per

422 5171 611 5227 azyma
664 5170 815 5210 more
860 5152 1087 5208 Judaico
1146 5151 1279 5205 festa
1349 5151 1645 5207 celebrare.
1703 5150 1858 5217 Quod
1911 5164 1996 5209 est

422 5261 603 5304 autem
663 5252 837 5316 majus
890 5247 1089 5302 festum
1152 5246 1434 5300 incruento
1496 5246 1790 5310 saerillcio,
1847 5248 1994 5316 quod

2102 4525 2198 4578 καὶ
2219 4522 2304 4593 λη’
2336 4562 2350 4587 ,
2386 4524 2479 4575 καὶ
2511 4522 2621 4576 τῶν
2656 4522 2826 4590 ἁγίων
2872 4521 3186 4575 ἀποστόλων
3232 4520 3435 4574 κανόνα
3477 4517 3539 4585 ο⁹,
3586 4520 3684 4573 καὶ

2099 4617 2200 4686 τὴν
2228 4614 2525 4684 ἑρμηνείαν
2556 4613 2744 4669 αὑτοῦ.
2776 4612 2887 4667 Καὶ
2929 4612 3003 4682 μή
3037 4628 3122 4674 τις
3159 4610 3364 4678 λεγέτω
3393 4612 3468 4674 ὡς
3498 4610 3683 4662 ἐκεῖνα

2104 4710 2171 4762 τὰ
2202 4706 2387 4776 ἄζυμα
2412 4705 2768 4775 ἐκωλύθησαν
2803 4704 3084 4757 ἐσθίεσθαι
3108 4704 3177 4757 τὰ
3212 4704 3363 4773 παρὰ
3386 4703 3496 4755 τῶν
3528 4704 3681 4771 αἱρε-

2102 4800 2273 4854 τικῶν
2294 4800 2568 4871 διδόμενα,
2594 4800 2653 4853 ού
2684 4799 2792 4869 μὴν
2825 4798 2885 4851 τὸ
2911 4798 3163 4865 γίνεσθαι
3212 4795 3401 4850 θυσίαν
3430 4796 3517 4849 διὰ
3551 4794 3683 4857 ἀζύ-

2106 4905 2241 4959 μων,
2273 4889 2305 4959 ἥ
2342 4890 2528 4952 ἁπλῶς
2572 4888 2633 4941 τὸ
2666 4889 2868 4941 ἐσθίειν
2892 4886 3111 4955 ἄξυμαο
3140 4888 3225 4940 ὃτι
3268 4886 3361 4939 καὶ
3389 4886 3550 4955 ἡμεῖς
3569 4884 3683 4937 δια-

2104 4981 2281 5049 φόρως
2301 4982 2553 5050 ἐσθίομεν
2571 4981 2755 5050 ἄζυμα
2774 4982 2842 5034 τὰ
2860 4980 3129 5050 λεγόμενα
3149 4977 3525 5031 λειπανὰϐατα
3544 4976 3679 5048 (70).

2115 5072 2361 5126 Ἀκούσει
2410 5074 2518 5143 γὰρ
2546 5073 2618 5136 ὡς
2651 5074 2713 5126 ού
2763 5074 2823 5127 τὸ
2875 5073 3076 5127 ἐσθίειν
3131 5072 3318 5141 ἄζυμα
3348 5069 3681 5136 κεκώλυται,

2103 5163 2239 5217 ἀλλὰ
2265 5163 2323 5216 τὸ
2353 5164 2440 5217 διὰ
2470 5163 2695 5234 ἀζύμων
2727 5165 2867 5217 κατὰ
2894 5164 3022 5228 τοὺς
3071 5164 3359 5227 Ἰουδαίους
3379 5162 3681 5233 ἑορτάζειν.

2107 5252 2245 5304 Ποία
2270 5253 2327 5305 δέ
2367 5252 2571 5320 μείζων
2601 5252 2763 5324 ἑορτὴ
2799 5253 2897 5323 τῆς
2916 5252 3258 5323 ἁναιμὰκτου
3285 5252 3478 5316 θυσίας
3512 5252 3682 5318 ἐστὶν,

1651 5338 1843 5401 Guill.
1878 5342 2215 5423 Beveregii
2250 5356 2444 5408 nota).

495 5443 605 5510 (69)
651 5442 751 5495 Ἐν
778 5441 1140 5506 βαλανείοις
1190 5442 1423 5507 τούτοις
1481 5442 1793 5508 παντελῶς
1848 5447 2004 5497 συλ-

425 5513 722 5567 λουέσθω.
765 5511 869 5582 Mys.
925 5512 1399 5582 Amerbacliianus
1450 5513 1577 5581 legit
1604 5516 1661 5566 ἐν
1700 5514 2000 5582 βαλανείοις

426 5583 701 5641 παντελῶς
732 5581 958 5643 τούτους
993 5580 1349 5652 λαμϐανέτω.
1384 5580 1521 5635 δθίι
1550 5580 1743 5637 omnes
1800 5583 1998 5652 reliqui

425 5652 784 5771 codicesluma
823 5666 947 5704 cum
988 5650 1383 5722 interpretibus
1422 5653 1475 5706 in
1524 5662 1714 5709 nostra
1760 5650 1998 5709 lectione

425 5735 625 5771 censen
657 5730 793 5771 umt.

425 5730 793 5774 οοιιδειιιιιιιιι.

2185 5448 2297 5518 (70)
2354 5449 2797 5505 Λειπιινάϐατα.
2835 5449 2970 5513 Hoc,
3022 5451 3076 5503 ni
3129 5448 3309 5511 fallor,
3356 5448 3680 5503 vocabulum

2111 5517 2239 5572 alibi
2267 5517 2371 5571 non
2394 5522 2658 5574 occurrit.
2695 5519 2770 5573 Ex
2801 5521 2904 5574 hoc
2943 5529 3124 5574 autem
3181 5520 3521 5574 Ba'lsaumnis
3564 5520 3683 5571 loco

2110 5597 2326 5666 constat
2361 5591 2582 5666 aliquod
2621 5592 2737 5666 cibi
2767 5592 2889 5666 sine
2911 5589 3198 5666 fermento
3219 5592 3456 5645 confecti
3508 5603 3684 5660 genus

2111 5660 2185 5711 ita
2228 5661 2434 5714 dictum
2469 5661 2662 5726 fuisse,
2700 5660 2906 5715 Graecis
2935 5660 3097 5731 vulgo
3119 5662 3406 5715 usitatum.
