4074 6404
364 372 471 431 553

790 329 829 371 ⁸
1408 355 1490 417 IN
1526 351 1691 415 CAN.
1727 348 1844 410 xu
1878 344 2091 407 CONC.
2127 344 2211 406 IN
2241 343 2573 406 TRULLO.

3529 340 3634 406 554

362 486 429 555 iis
459 482 488 533 6
516 480 722 547 Κύριος
758 476 913 546 ἡμῶν
962 473 1154 542 Ιησοῦς
1185 470 1423 542 Χριστὸς
1476 469 1611 538 ἡμῖν
1657 463 1942 535 παρέδωκε

2058 458 2308 516 Dominus
2365 471 2558 517 noster
2612 458 2768 515 Jesus
2814 457 3064 514 Christus
3114 458 3339 513 tradidit
3392 446 3637 530 tempore

364 574 506 628 κατὰ
530 573 623 625 τὸν
650 566 842 640 καιρὸν
886 565 982 620 τοῦ
1014 566 1248 619 θανάτου
1278 560 1447 617 αὑτοῦ
1476 559 1573 614 καὶ
1597 557 1702 628 τῆς
1726 556 1947 624 Πασχαο

361 666 481 718 λίου
511 663 739 733 ὲορτῆς;
768 661 888 734 Ὀτι
940 658 997 711 δὲ
1022 657 1142 711 οὐδὲ
1178 658 1259 718 είς
1288 651 1417 707 νοῦν
1443 647 1575 723 ἦλθε
1602 650 1718 711 τοῖς
1768 645 1950 714 ἁγίοις

364 755 613 828 Πατράσι
633 754 692 807 16
724 751 1001 824 ἑορτάζειν
1018 751 1164 821 ἡμᾶς
1178 747 1268 801 διὰ
1297 744 1545 816 ἀζύμων,
1576 739 1761 803 καθὼς
1788 736 1948 791 τοῦτο

363 848 463 901 καὶ
498 844 649 916 παρὰ
692 842 803 896 τῶν
836 840 1110 895 Ἰουδαίων
1161 838 1397 907 γίνεται,
1453 834 1562 888 τῶν
1613 830 1949 904 ὀρισθέντων

370 943 512 1011 μετὰ
554 937 729 1010 ἀμνοῦ
763 936 856 991 καὶ
883 935 1109 1004 ἀζύμων
1144 933 1239 987 καὶ
1274 930 1542 1002 πικρίδων
1570 927 1671 993 τὴν
1689 925 1786 979 τοῦ
1832 923 1947 979 Πά-

366 1049 472 1101 σχα
502 1033 677 1083 ποιεῖν
706 1028 922 1099 ἑορτὴν,
966 1027 1123 1097 δῆλόν
1150 1026 1299 1078 ἐστιν
1325 1023 1433 1077 ἀπὸ
1466 1020 1562 1074 τοῦ
1591 1017 1946 1090 καταργῆσαι

365 1125 561 1186 αὐτοὺς
626 1125 807 1177 πᾶσαν
854 1118 1167 1190 Ἰουδαῖκὴν
1212 1117 1407 1187 ἑορτὴν
1458 1114 1547 1169 διὰ
1604 1113 1733 1175 τοὺς
1786 1108 1952 1163 Λατί-

368 1234 497 1279 νους
531 1212 644 1285 (71)
677 1215 807 1276 τοὺς
859 1207 1216 1282 ἑορτάζοντας
1274 1206 1414 1277 μετὰ
1442 1204 1694 1274 ἀζύμων,
1731 1202 1828 1257 καὶ
1854 1199 1945 1253 διὰ

367 1309 499 1370 τοὺς
536 1306 959 1375 ίατρευομένους
988 1301 1141 1372 παρὰ
1182 1298 1472 1363 Ἰουδαίων,
1505 1296 1539 1367 ἢ
1570 1292 1774 1349 λοιπῶν
1802 1293 1954 1361 αἱρε-

365 1399 539 1453 τικῶν
558 1414 574 1429 ο
605 1399 805 1461 πάντες
834 1396 943 1465 γὰρ
963 1388 1110 1448 οὗτοι
1133 1391 1509 1461 ἀφωρισμένοι
1533 1387 1691 1441 είσίν.
1708 1386 1953 1458 Σημείω-

371 1511 463 1547 σαι
492 1492 588 1545 τὸν
619 1490 866 1561 παρόντα
896 1488 1104 1543 κανόνα
1130 1486 1452 1543 διδάσκοντα
1502 1483 1630 1553 περὶ
1675 1480 1785 1538 τῶν
1815 1477 1952 1543 ἀζύ-

371 1604 488 1654 μων
513 1602 527 1614 ·
558 1585 652 1637 καὶ
674 1584 755 1635 ότι
786 1582 833 1634 οἱ
870 1579 1024 1647 παρὰ
1062 1576 1335 1633 Ἰουδαίων
1369 1575 1404 1646 ἢ
1438 1573 1617 1629 ἄλλων
1649 1568 1948 1645 αἱρετικῶν

370 1678 752 1746 ἰατρευόμενοι
782 1672 1127 1735 κολάζονται.

440 1766 683 1823 ΖΩΝΑΡ.
745 1765 913 1820 Καὶὸ
948 1761 1352 1833 ἐϐδομηκοστὸς
1398 1758 1579 1815 κανὼν
1630 1758 1742 1811 τῶν
1779 1755 1953 1826 ἁγίων

368 1860 686 1915 ἀποστόλων
723 1856 893 1929 ὁρίζει
925 1858 1063 1928 μήτε
1095 1853 1482 1927 συνεορτάζειν
1507 1854 1622 1916 τοίς
1650 1850 1951 1914 Ἰουδαίοις,

373 1956 510 2023 μήτε
539 1951 665 2004 τινὰ
695 1950 826 2020 παρ’
873 1950 1053 2003 αὐτῶν
1082 1947 1334 2018 δέχεσθαι
1371 1946 1522 2013 ξένια
1553 1944 1665 1998 τῶν
1700 1942 1834 2015 παρ’
1858 1940 1958 1995 a6-

373 2053 488 2108 τοῖς
512 2042 737 2113 ἑορτῶν.
789 2035 956 2103 Οὗτος
994 2039 1049 2092 δὲ
1074 2042 1101 2091 ὁ
1132 2036 1311 2092 κανὼν
1350 2035 1473 2089 οὐδὲ
1497 2031 1831 2088 οἰκειοῦσθαι
1858 2028 1958 2084 αύ-

365 2142 503 2201 τοίς,
526 2136 646 2190 ἀντὶ
671 2132 763 2188 τοῦ
791 2131 1124 2203 φιλιοῦσθαι,
1157 2130 1451 2200 συγχωρεῖ,
1476 2124 1605 2181 οὔτε
1630 2124 1762 2196 παρ’
1776 2121 1956 2177 αὐτῶν

378 2228 729 2299 ἰατρεύεσθαι
762 2224 1075 2287 νοσοῦντας,
1124 2221 1247 2275 οὔτε
1288 2219 1643 2274 συλλούεσθαι
1687 2218 1823 2281 ὅλως
1856 2215 1956 2268 αύ-

369 2324 506 2381 τοίς.
534 2320 643 2371 Καὶ
694 2318 721 2369 6
744 2317 772 2367 λ
782 2312 823 2385 β’
856 2312 1036 2367 κανὼν
1060 2312 1158 2381 τῆς
1179 2314 1238 2365 ὲν
1256 2310 1548 2381 Λαοδικείᾳ
1565 2306 1783 2361 συνόδου
1811 2307 1956 2358 ἁπα-

368 2410 588 2482 γορεύει
648 2408 944 2480 αἱρετικῶν
992 2405 1242 2472 εὐλογίας
1285 2402 1625 2473 λαμϐάνειν·
1677 2398 1772 2453 καὶ
1827 2394 1957 2461 όλζ¹

365 2504 471 2572 τῆς
500 2502 669 2571 αὐτῆς
720 2499 939 2554 συνόδου
984 2496 1165 2550 κανὼν
1217 2495 1314 2550 καὶ
1345 2495 1374 2546 6
1432 2492 1515 2562 λη’
1547 2491 1622 2564 μὴ
1663 2491 1774 2545 δεῖν
1823 2505 1958 2560 φησι

369 2595 528 2664 παρὰ
557 2592 827 2646 Ἰουδαίων
858 2590 891 2661 ἦ
947 2587 1242 2659 αίρετικῶν
1287 2585 1357 2639 τὰ
1403 2582 1735 2655 πεμπόμενα
1766 2582 1959 2652 ἑορτα-

371 2687 538 2740 στικα
573 2684 896 2755 λαμϐάνειν,
940 2681 1075 2751 μηδὲ
1103 2675 1489 2749 συνεορτάζειν
1512 2676 1723 2738 αὐτοῖς,
1761 2672 1795 2744 ἢ
1830 2671 1960 2737 ἄζυ-

372 2797 455 2849 μα
476 2778 799 2848 λαμϐάνειν,
832 2776 928 2827 καὶ
982 2772 1261 2827 κοινωνεῖν
1288 2772 1406 2832 ταῖς
1435 2766 1719 2829 ἀσεϐείαις
1751 2763 1957 2819 αὐτῶν.

384 2872 615 2937 Ἐπάγει
668 2869 725 2921 δὲ
778 2871 806 2920 6
862 2854 1045 2920 κανὼν
1099 2858 1254 2926 οὗτος
1301 2865 1415 2925 τοῖς
1454 2858 1857 2931 παραϐαίνουσι
1885 2853 1955 2907 τὰ

374 2961 664 3031 ὡρισμένα
692 2959 941 3022 κόλασιν,
967 2958 1081 3020 τοῖς
1111 2955 1213 3025 μὲν
1264 2956 1323 3007 ὲν
1373 2953 1564 3023 κλήρῳ
1610 2950 1957 3021 καθαίρεσιν,

375 3059 496 3119 τοῖς
520 3055 577 3109 δὲ
603 3054 814 3117 λαῖκοῖς
850 3050 1176 3122 ἀφορισμόν.

1196 3138 1212 3163 I

374 3326 606 3382 ΑΡΙΣΤ.
665 3344 684 3377 ι
744 3324 963 3391 ’Δζυμα
1003 3318 1275 3373 Ἰουδαίων
1320 3316 1734 3370 ἀπόπτυσταοιό
1775 3313 1831 3367 δὲ
1863 3312 1960 3375 καὶ

463 3437 482 3469 ι
524 3416 743 3485 ἰατροὺς
771 3413 968 3475 αὐτοὺς
1006 3407 1504 3481 προσκαλούμενος,
1541 3404 1574 3476 ἢ
1624 3403 1957 3474 συλλουόμεο

461 3528 480 3561 ι
522 3526 631 3572 νος,
658 3507 956 3568 εκπτωτος.
985 3522 1004 3555 ι

462 3600 703 3670 Οὐδεμία
760 3597 1109 3669 Χριστιανοῖς
1158 3591 1414 3647 κοινωνία
1461 3590 1599 3660 πρὸς
1632 3587 1958 3649 Ἰουδαίους⁶

378 3695 472 3750 διὰ
536 3690 693 3744 τοῦτο
744 3689 875 3758 γοῦν
926 3689 1075 3748 ὅστις
1127 3683 1322 3754 εὑρεθῇ
1388 3681 1457 3735 τὰ
1505 3679 1711 3733 τούτων
1776 3677 1963 3748 ἄζυμα

380 3784 604 3845 ἐσθίων,
659 3780 800 3851 ἢείς
836 3777 1080 3847 ἰατρείαν
1136 3773 1336 3835 αὐτοὺς
1366 3768 1869 3842 προσκαλούμενος,
1926 3767 1960 3837 ἦ

383 3875 777 3944 συλλουόμενος
808 3866 1094 3938 τούτοις,ἢ
1143 3864 1318 3927 ἄλλως
1370 3879 1488 3925 πως
1518 3861 1701 3923 αὐτοῖς
1729 3856 1963 3912 οἰκειού-

386 3987 578 4043 μενος,
612 3970 660 4021 εί
706 3965 804 4036 μὲν
845 3961 1108 4043 κληρικός
1127 3960 1267 4024 ἐστι,
1303 3953 1788 4026 καθαιρεθήσεται,
1822 3950 1873 4004 εί
1901 3949 1960 4004 δὲ

379 4036 597 4124 λαῖκὸς,
624 4036 1075 4127 ἀφορισθήσεται.

988 4139 1230 4196 ΚΑΝΩΝ
1267 4138 1369 4191 IB'.

388 4260 410 4294 ι
438 4240 550 4294 Καὶ
572 4238 728 4293 τοῦτο
746 4237 801 4291 δὲ
820 4238 897 4297 εἰς
927 4216 1128 4302 γνῶσιν
1146 4229 1420 4301 ἡμετέραν
1439 4222 1625 4297 ἦλθεν,
1644 4225 1718 4288 ὡς
1739 4225 1796 4277 ἐν
1818 4241 1879 4278 τε
1900 4224 1964 4293 τῇ

472 4355 491 4386 ι
533 4332 772 4400 Ἀφρικῇ
812 4327 908 4381 καὶ
941 4324 1115 4394 Λιϐύῃ
1166 4322 1258 4375 καὶ
1288 4319 1497 4389 ἑτέροις
1543 4324 1733 4380 τόποις
1764 4318 1817 4370 οἱ
1858 4316 1970 4370 τῶν

469 4445 488 4477 ι
530 4412 709 4476 ἐκεῖσε
766 4417 1169 4487 θεοφιλέστατοι
1219 4411 1474 4482 πρόεδροι
1523 4409 1795 4462 συνοικεῖν
1841 4408 1964 4469 ταῖς

468 4537 487 4572 ‹
523 4516 684 4578 ἰδίαις
713 4513 984 4582 γαμεταῖς
1024 4509 1119 4561 καὶ
1151 4505 1291 4576 μετὰ
1320 4506 1419 4574 τὴν
1450 4502 1536 4554 ἐπ’
1564 4501 1757 4563 αὐτοὺς
1776 4499 1967 4570 προελ.
1997 4488 2043 4544 1)

466 4630 486 4663 ι
518 4607 715 4662 θυῦσαν
739 4602 1071 4676 χειροτονίαν
1135 4596 1246 4669 (72)
1293 4597 1356 4649 ού
1404 4592 1767 4667 παρῃτοῦντο,
1798 4592 1969 4663 πρόσ-

467 4719 489 4753 ¢
524 4716 714 4769 κομμα
743 4700 853 4757 τοῖς
900 4690 1150 4746 ἐντεῦθεν
1190 4688 1368 4749 ἄλλοις
1395 4686 1634 4749 τιθέντες
1669 4684 1764 4738 καὶ
1806 4686 1970 4739 σκάν-

465 4813 484 4845 ι
517 4793 697 4847 δαλον.
728 4786 934 4865 Πολλῆς
956 4783 1049 4837 οὖν
1076 4785 1209 4853 ἡμῖν
1237 4780 1473 4847 σπουδῆς
1499 4777 1663 4848 οὔσης
1677 4777 1771 4830 τοῦ
1791 4779 1969 4830 πάντα

454 4904 477 4936 ι
520 4884 654 4951 πρὸς
683 4881 951 4950 ὠφέλειαν
980 4876 1088 4929 τῶν
1114 4874 1216 4927 ὑπὸ
1239 4877 1395 4943 χεῖρα
1412 4871 1679 4939 ποιμνίων
1707 4871 1987 4941 διαπράτι

462 4999 481 5031 ς
520 4978 728 5039 τεσθαι,
782 4973 961 5040 ἔδοξεν
1006 4969 1146 5022 ὥστε
1194 4963 1459 5036 μηδαμῶς
1491 4964 1552 5017 16
1584 4961 1831 5016 τοιοῦτον
1864 4964 1972 5017 ἀπὸ

2053 552 2245 608 mortis
2270 566 2383 608 suae
2418 561 2472 607 et
2498 550 2622 607 festi
2662 549 2977 606 Paschalis?
3010 549 3147 616 Quia
3196 559 3375 607 autem
3429 555 3632 607 sauciis

2054 642 2312 699 Patribus
2342 658 2411 699 ne
2434 642 2489 698 in
2516 650 2750 697 mentem
2775 641 2992 711 quidem
3016 641 3165 697 venit
3193 656 3293 696 nos
3321 657 3419 712 per
3438 656 3632 715 azyma

2053 736 2448 801 celebraturos,
2512 736 2969 805 quemadmodum
3027 734 3131 789 hoc
3189 749 3405 807 quoque
3474 735 3536 790 ﬁt
3602 752 3633 791 a

2052 826 2280 893 Judaeis,
2314 825 2511 897 quibus
2540 834 2802 881 statutum
2837 835 2922 883 est
2954 841 3075 881 cum
3101 842 3239 897 agno
3267 837 3321 882 et
3348 829 3554 899 azymis
3581 839 3638 882 et

2054 916 2290 971 lactucis
2314 914 2620 983 agrestibus
2650 915 2870 969 Pascha:
2899 914 3096 971 festum
3148 917 3444 982 celebrare,
3478 933 3544 974 ex
3569 934 3634 973 co

2053 1009 2257 1065 clarum
2294 1007 2438 1076 quod
2493 1022 2656 1063 omne
2703 1007 2901 1062 festum
2950 1006 3233 1064 Iudaicum
3281 1010 3632 1076 aboleveriut,

2052 1112 2277 1173 propter
2310 1103 2531 1159 Latinos
2562 1103 2652 1172 qui
2683 1117 2805 1157 cum
2857 1103 3062 1173 azymis
3092 1101 3226 1156 l‘esta
3258 1103 3553 1168 celebrant,
3582 1116 3638 1159 et

2057 1206 2282 1266 prapter
2307 1196 2525 1266 cosqui
2559 1210 2588 1249 a
2623 1194 2823 1261 Iudaeis
2852 1194 3190 1263 vel'reliquis
3227 1194 3495 1250 haereticis
3520 1212 3638 1250 me-

2053 1285 2360 1343 dicamenta
2397 1288 2674 1356 accipiunt
2710 1272 2950 1342 :‘omnes
2976 1287 3118 1341 enim
3147 1288 3231 1341 isti
3256 1298 3635 1357 segregantur.

2059 1377 2220 1449 169
2270 1377 2406 1432 Nota
2446 1386 2769 1447 prmsentem
2822 1392 3107 1441 canonem,
3167 1378 3259 1447 qui
3307 1380 3374 1433 de
3434 1379 3638 1449 azymis

2055 1470 2313 1538 instruit;
2350 1478 2405 1525 et
2436 1472 2578 1555 qu‘od
2615 1469 2713 1536 illi,
2753 1471 2845 1541 qui
2881 1486 2913 1525 a
2944 1468 3145 1525 Judazis
3190 1470 3277 1524 vel
3309 1472 3472 1527 etiam
3516 1471 3639 1526 aliis

2055 1561 2332 1619 haereticis
2361 1562 2586 1619 medicis
2622 1573 2915 1628 curantur,
2960 1562 3284 1633 puniuntur.

2127 1739 2380 1797 ZONAR.
2411 1741 2494 1797 Ne
2514 1740 2683 1798 festos
2713 1743 2827 1798 dies
2874 1758 2996 1798 cum
3039 1743 3239 1799 Judaeis
3283 1745 3444 1800 simul
3493 1748 3639 1802 cele-

1983 1800 2029 1858 Β
2076 1833 2260 1901 brare,
2292 1849 2430 1890 nere
2450 1835 2767 1889 munuscula
2804 1836 2871 1889 ab
2913 1836 3000 1899 iis,
3021 1837 3408 1893 anniversariis
3448 1853 3635 1894 eorum

2058 1927 2466 1984 celebritatibus
2496 1928 2633 1981 mitti
2663 1928 2819 1984 solita
2845 1969 2860 1992 ,
2894 1929 3142 1998 accipere
3189 1930 3370 1997 liceat,
3414 1942 3632 1987 sanctu-

2059 2035 2181 2076 rum
2216 2021 2382 2075 etiam
2422 2020 2782 2090 apostolorum
2844 2022 3238 2091 septuagesimo
3286 2038 3497 2079 canone
3556 2026 3641 2077 in-

2058 2111 2352 2166 terdictum
2397 2110 2520 2167 fuit.
2562 2109 2677 2166 Hoc
2726 2118 2906 2165 autem
2953 2127 3161 2167 canone
3206 2128 3330 2168 cum
3378 2114 3445 2169 iis
3496 2118 3639 2169 ami-

2059 2203 2245 2258 citiam
2303 2203 2531 2274 iungere
2562 2244 2577 2268 ,
2617 2203 2692 2273 (id
2744 2203 2848 2273 est)
2900 2204 3321 2260 lamiliaritatem
3378 2206 3535 2271 inire,
3587 2218 3644 2262 et

2058 2294 2274 2350 illorum
2310 2311 2475 2363 opera
2507 2305 2832 2366 aegrotantes
2854 2298 3055 2360 curari,
3086 2304 3140 2352 et
3166 2297 3355 2351 eodem
3374 2314 3497 2353 cum
3531 2299 3641 2355 illis

2059 2388 2252 2442 balneo
2286 2389 2361 2441 uti
2397 2387 2621 2447 omnino
2654 2387 3030 2455 prohibemur.
3061 2386 3449 2442 Hmreticurum
3474 2389 3636 2443 etiam

2058 2478 2464 2533 ben’edictiones
2496 2477 2823 2533 Laodicenae
2878 2480 3079 2549 synodi
3117 2479 3427 2535 tricesimus
3451 2488 3645 2535 sectiu-

2059 2567 2162 2625 dus
2193 2584 2367 2624 canon
2405 2570 2654 2638 accipere
2692 2580 2858 2624 vetat.
2897 2570 3151 2639 Ejusdem
3180 2552 3397 2641 quoque
3447 2573 3639 2641 synodi

2061 2662 2131 2717 57
2171 2672 2223 2718 ει
2256 2664 2378 2719 583
2420 2661 2622 2717 Iudaeis
2668 2663 2752 2717 vel
2800 2663 3072 2717 haereticis
3118 2664 3286 2718 missa
3332 2679 3399 2718 ex
3450 2665 3645 2719 festivo

2062 2764 2329 2825 apparatu
2358 2756 2519 2809 xenia
2560 2756 2822 2825 recipere,
2872 2765 2965 2809 aut
3018 2771 3139 2811 cum
3192 2757 3272 2811 eis
3318 2756 3485 2812 festos
3528 2758 3645 2812 dies

2061 2846 2360 2911 celebrare,
2396 2856 2487 2899 aut
2521 2858 2710 2916 azyma
2745 2846 2814 2900 ab
2864 2846 2970 2901 illis
3015 2847 3287 2916 accipere,
3344 2860 3646 2917 eorumque

2059 2936 2293 3004 proinde
2350 2938 2612 3005 impietati
2677 2939 3080 3009 communicare
3150 2949 3314 3007 negat
3367 2949 3639 3009 oportere.

2064 3026 2255 3082 lmlicit
2286 3037 2468 3083 autem
2495 3030 2585 3084 hic
2615 3044 2791 3084 canon
2825 3044 2930 3084 non
2962 3029 3465 3099 obtemperantibus
3500 3031 3647 3085 mul-

1979 3154 2027 3218 C
2075 3132 2218 3186 tam,
2268 3122 2483 3177 clericis
2532 3121 2753 3193 quidem
2802 3121 3191 3192 depositionem
3221 3160 3237 3186 ,
3301 3122 3456 3177 laicis
3513 3137 3645 3177 vero

2065 3214 2519 3283 segregationem.

2062 3306 2292 3361 ARIST.
2327 3327 2346 3358 ι
2388 3308 2588 3379 Azyma
2616 3304 2851 3361 Judaica
2896 3316 3024 3361 sunt
3098 3307 3424 3377 respuenda.
3475 3306 3646 3373 Quiu-

2140 3417 2158 3450 ‹
2199 3398 2363 3455 etiam
2397 3398 2485 3467 qui
2523 3413 2617 3453 eos
2664 3399 2906 3454 medicos
2933 3398 3192 3464 accersit,
3224 3399 3306 3453 vel
3349 3414 3454 3453 uua
3504 3414 3627 3453 cum

2139 3513 2157 3544 ι
2202 3492 2268 3546 iis
2300 3492 2466 3555 lavat,
2493 3492 2805 3562 deponitur.
2840 3510 2862 3544 ι

2133 3584 2290 3638 Nulla
2341 3594 2427 3638 est
2473 3583 2803 3640 Christianis
2850 3599 2975 3639 cum
3048 3583 3248 3639 Juda’is
3304 3583 3639 3636 communio.

2064 3672 2354 3745 Propterea
2399 3674 2584 3743 itaque
2627 3673 2943 3747 quicunque
2991 3688 3181 3728 eorum
3230 3688 3419 3744 azyma
3459 3687 3643 3727 come.

2065 3767 2214 3832 dere,
2268 3775 2367 3820 aut
2409 3767 2475 3820 ad
2523 3764 2938 3820 medicationem
2988 3780 3089 3820 eos
3128 3780 3344 3829 vocare,
3384 3774 3477 3818 aut
3518 3780 3641 3819 cum

2066 3860 2134 3913 iis
2186 3872 2290 3912 una
2343 3857 2543 3920 lavare,
2595 3864 2690 3909 aut
2730 3854 2889 3909 aliter
2930 3871 3051 3910 cum
3104 3856 3171 3911 iis
3216 3855 3640 3910 familiaritatem

2068 3950 2208 4004 inire
2237 3948 2697 4018 deprehendatur,
2725 3947 2769 4002 si
2804 3947 3020 4015 quidem
3060 3936 3301 4002 clericus
3331 3956 3437 4013 est,
3479 3949 3645 4016 depo-

2068 4050 2248 4106 netur,
2281 4043 2324 4096 si
2358 4056 2487 4096 vero
2512 4040 2705 4103 laicus,
2735 4039 3325 4094 exeommunicabilur.

2655 4130 2888 4187 CANON
2928 4131 3045 4188 XII.

2076 4245 2097 4279 ι
2134 4227 2303 4281 Porro
2337 4225 2441 4279 hoc
2472 4239 2689 4293 quoque
2717 4226 2782 4277 ad
2798 4209 3050 4278 'nostram
3103 4224 3466 4295 cognitionem
3490 4225 3643 4295 {per-

2153 4338 2171 4371 ι
2213 4302 2389 4385 venit;
2413 4317 2558 4388 quod
2592 4318 2644 4370 in
2694 4316 2881 4371 Africa
2916 4326 2971 4371 et
3018 4314 3186 4387 Libya
3232 4326 3288 4370 et
3330 4315 3449 4372 aliis
3487 4316 3641 4381 locis,

2150 4431 2171 4465 ι
2211 4412 2431 4482 quidam
2463 4426 2529 4466 ex
2556 4411 2642 4474 iis,
2673 4409 2906 4477 quiillic
2931 4419 3058 4464 sunt
3090 4408 3481 4479 religiosissimi
3508 4425 3645 4479 pra:-

2151 4526 2169 4558 ι
2210 4507 2375 4569 sules,
2408 4518 2528 4557 cum
2555 4501 2791 4572 propriis
2819 4501 3100 4566 uxoribus,
3157 4502 3317 4555 etiam
3357 4512 3642 4572 postquam

2151 4619 2168 4651 ι
2212 4599 2278 4653 ad
2309 4613 2403 4652 eos
2437 4595 2702 4665 processit
2747 4593 3043 4656 ordinatio,
3079 4608 3182 4646 una
3242 4594 3486 4648 habitare
3538 4610 3644 4648 non

2151 4710 2170 4744 ι
2211 4696 2494 4752 recusant,
2528 4699 2591 4740 ex
2626 4700 2692 4739 eo
2724 4682 2935 4754 populis
2984 4682 3368 4737 oﬂcndiculum
3397 4692 3452 4736 et
3492 4699 3649 4739 scau-

2154 4802 2173 4835 ι
2217 4781 2396 4836 dalum
2433 4779 2742 4833 all‘erentes.
2765 4775 2898 4831 Cum
2925 4776 3107 4845 itaque
3134 4774 3373 4828 studium
3402 4786 3645 4828 nostrum

2151 4892 2169 4924 ι
2210 4873 2267 4925 ἰιι
2294 4886 2359 4925 eo
2391 4879 2721 4937 magnopere
2749 4864 2977 4924 laboret,
3035 4874 3094 4916 ut
3137 4862 3317 4918 omnia
3366 4860 3432 4913 ad
3469 4864 3649 4930 gregis

2158 4983 2176 5016 ι
2218 4963 2272 5016 in
2326 4974 2517 5014 manus
2556 4966 2769 5012 nostras
2818 4954 2999 5009 traditi
3056 4954 3320 5023 nobisque
3364 4954 3641 5008 commissi

1620 5081 1819 5146 Guill.
1871 5080 2202 5162 Beveregii
2234 5084 2422 5140 noue.

463 5223 574 5293 (τι)
595 5221 694 5275 Διὰ
715 5219 854 5293 τοὺς
880 5212 1336 5293 Λατίνουςδὶεφ
1359 5222 1532 5293 usque
1553 5208 1620 5287 ad
1651 5210 1970 5293 αφωρισμέ-

388 5278 627 5351 νοξεὶσίν
658 5278 937 5347 inclusive,
972 5303 1037 5353 ex
1063 5278 1165 5336 ms.
1190 5279 1483 5353 Bodleiano
1516 5278 1641 5331 huic
1669 5278 1789 5353 loco
1819 5278 1969 5335 iuse-

399 5350 638 5420 ruimus.
668 5360 774 5414 Sed
811 5360 864 5412 in
886 5350 1075 5409 codice
1092 5350 1656 5420 Amcrbachiano‘non
1682 5350 1962 5417 leguntur.

393 5418 507 5489 Nec
541 5433 757 5500 quidem
803 5429 975 5498 ipsius
1038 5422 1403 5500 llalsamonis,
1451 5418 1545 5472 sed
1598 5418 1965 5498 descriptoris

398 5488 639 5569 alicujus
672 5488 835 5554 verba
866 5514 986 5553 esse
1029 5494 1299 5555 videntur,
1353 5503 1407 5541 et
1441 5489 1685 5555 margine
1744 5488 1800 5543 in
1846 5500 1964 5542 tex-

396 5587 511 5629 tum
549 5572 927 5643 trzmscrip‘tan
982 5638 995 5643 _
1086 5638 1097 5643 _
1191 5634 1203 5643 _
1292 5623 1311 5643 ,
1467 5634 1524 5643 ,Α
1572 5628 1597 5639 ..

435 5644 548 5713 (7'2)
578 5640 735 5713 Μεζξι
767 5634 882 5707 τὴν
904 5638 996 5713 ἐπ’
1033 5634 1253 5713 αύτοὺς
1291 5634 1723 5713 ξπροενῇθοῦσαις
1771 5646 1967 5713 xteth-

396 5698 627 5770 τὸτιίίλν.
664 5710 771 5765 Ms.
803 5698 1438 5779 Amerhachmnushunc
1467 5703 1646 5779 locum
1675 5698 1756 5779 sic
1786 5701 1961 5779 ~legit,

401 5784 543 5855 μετὰ
584 5784 682 5853 τὴν
711 5780 797 5831 ἐπ’
856 5778 1053 5839 αὐτοὺς
1108 5774 1463 5845 χειροτονίαν.
1511 5773 1610 5830 οὐκ
1660 5772 1960 5833 αἰτοῦνται,

670 5918 679 5923 -
729 5879 1004 5937 PATROL.
1053 5876 1167 5933 (in.
1215 5867 1593 5933 CXXXV”.

2079 5209 2418 5279 πρόσκομμα
2447 5196 2539 5279 οῦν
2562 5199 2776 5279 πολλοῖς
2798 5215 2857 5252 τε
2884 5198 3063 5279 ἄλλοις
3094 5197 3648 5279 τίθενταικαὶ-σκαν-

2076 5266 2257 5339 δάλον,
2290 5266 2423 5343 ἡμῖν
2464 5272 2521 5324 δὲ
2558 5272 2760 5343 πολλῆς
2794 5268 3031 5333 σπουδῆς
3052 5266 3252 5343 ὀύσης,
3301 5278 3404 5320 etc.
3445 5266 3644 5343 V_crum

2076 5365 2174 5419 pro
2195 5338 2472 5419 αἰτοῦνται
2502 5342 2790 5419 legendum
2821 5346 3006 5408 procul
3032 5339 3196 5419 dubio
3227 5338 3647 5419 παραιτοῦνται,

2073 5409 2159 5472 vel
2195 5409 2664 5483 παρῃτοῦντοίιιιὶ
2692 5412 2751 5483 in
2786 5419 2973 5462 nostro
3013 5424 3117 5461 ms.
3156 5409 3371 5483 legitur}
3408 5423 3506 5476 pro
3533 5426 3645 5483 qu_o

2075 5490 2132 5542 in
2151 5475 2390 5541 editi-one
2410 5481 2704 5536 Parisiensi
2726 5484 2994 5549 scriptum
3024 5488 3108 5531 est
3134 5475 3564 5547 παρατίθενται.’
3583 5480 3646 5535 Et

2078 5557 2303 5626 quidem
2374 5555 2426 5605 in
2464 5547 2855 5626 _varianti_b_us‘
2898 5547 3128 5601 Zonaras
3196 5548 3525 5626 lectionibus
3582 5566 3649 5604 ex

2073 5619 2180 5682 ms.
2231 5624 2392 5680 etiam
2449 5623 2884 5679 Amcrbachiano
2943 5630 3085 5673 recte
3140 5619 3397 5671 scribitur
3439 5633 3647 5687 καραι-

2071 5714 2308 5751 τουνται.

3263 5842 3331 5905 18
