  <div class='ocr_page' id='page_1' title='image "/cluster/home/n/w/nwhite01/storage/ocr_20150623/137:no.1/coo.31924054870427/286.png"; bbox 0 0 4074 6404; ppageno 0'>
   <div class='ocr_carea' id='block_1_1' title="bbox 439 314 834 388">
    <p class='ocr_par' dir='ltr' id='par_1_1' title="bbox 439 314 834 388">
     <span class='ocr_line' id='line_1_1' title="bbox 439 314 834 388; baseline -0.003 -1"><span class='ocrx_word' id='word_1_1' title='bbox 439 325 539 388; x_wconf 78' lang='grc'><strong>557</strong></span> <span class='ocrx_word' id='word_1_2' title='bbox 802 314 834 352; x_wconf 81' lang='grc'><strong><em>⁸</em></strong></span> 
     </span>
    </p>
   </div>
   <div class='ocr_carea' id='block_1_2' title="bbox 1483 291 2636 389">
    <p class='ocr_par' dir='ltr' id='par_1_2' title="bbox 1483 291 2636 389">
     <span class='ocr_line' id='line_1_2' title="bbox 1483 291 2636 389; baseline -0.002 -2"><span class='ocrx_word' id='word_1_3' title='bbox 1483 328 1566 389; x_wconf 91' lang='lat' dir='ltr'><strong>1N</strong></span> <span class='ocrx_word' id='word_1_4' title='bbox 1597 327 1760 388; x_wconf 84' lang='lat' dir='ltr'><strong>CAN.</strong></span> <span class='ocrx_word' id='word_1_5' title='bbox 1807 325 1924 386; x_wconf 80' lang='lat' dir='ltr'><strong>x11</strong></span> <span class='ocrx_word' id='word_1_6' title='bbox 1965 324 2172 388; x_wconf 89' lang='lat' dir='ltr'><strong>CONC.</strong></span> <span class='ocrx_word' id='word_1_7' title='bbox 2203 325 2284 387; x_wconf 92' lang='lat' dir='ltr'><strong>IN</strong></span> <span class='ocrx_word' id='word_1_8' title='bbox 2316 291 2636 388; x_wconf 83' lang='lat' dir='ltr'><strong>TRULLO.</strong></span> 
     </span>
    </p>
   </div>
   <div class='ocr_carea' id='block_1_3' title="bbox 3573 315 3677 378">
    <p class='ocr_par' dir='ltr' id='par_1_3' title="bbox 3573 315 3677 378">
     <span class='ocr_line' id='line_1_3' title="bbox 3573 315 3677 378; baseline -0.01 0"><span class='ocrx_word' id='word_1_9' title='bbox 3573 315 3677 378; x_wconf 86' lang='lat'><strong>558</strong></span> 
     </span>
    </p>
   </div>
   <div class='ocr_carea' id='block_1_4' title="bbox 434 428 2010 512">
    <p class='ocr_par' dir='ltr' id='par_1_4' title="bbox 434 440 2006 512">
     <span class='ocr_line' id='line_1_4' title="bbox 434 440 2006 512; baseline -0.002 -18"><span class='ocrx_word' id='word_1_10' title='bbox 434 441 771 512; x_wconf 76' lang='grc' dir='ltr'><strong>χειροτονίαν</strong></span> <span class='ocrx_word' id='word_1_11' title='bbox 831 441 1100 494; x_wconf 79' lang='grc' dir='ltr'>συνοικεῖν</span> <span class='ocrx_word' id='word_1_12' title='bbox 1140 442 1258 504; x_wconf 83' lang='grc' dir='ltr'>ταῖς</span> <span class='ocrx_word' id='word_1_13' title='bbox 1291 441 1398 510; x_wconf 81' lang='grc' dir='ltr'><strong>πρὸ</strong></span> <span class='ocrx_word' id='word_1_14' title='bbox 1432 440 1532 510; x_wconf 80' lang='grc' dir='ltr'>τῆς</span> <span class='ocrx_word' id='word_1_15' title='bbox 1566 441 1869 511; x_wconf 75' lang='grc' dir='ltr'>ἱερωσύνης</span> <span class='ocrx_word' id='word_1_16' title='bbox 1905 456 2006 507; x_wconf 84' lang='grc' dir='ltr'>γυ-</span> 
     </span>
    </p>
   </div>
   <div class='ocr_carea' id='block_1_5' title="bbox 2114 428 3678 512">
    <p class='ocr_par' dir='ltr' id='par_1_5' title="bbox 2114 428 3678 504">
     <span class='ocr_line' id='line_1_5' title="bbox 2114 428 3678 504; baseline -0.009 -14"><span class='ocrx_word' id='word_1_17' title='bbox 2114 453 2237 493; x_wconf 88' lang='lat' dir='ltr'><strong>vero</strong></span> <span class='ocrx_word' id='word_1_18' title='bbox 2287 452 2526 504; x_wconf 86' lang='lat' dir='ltr'><strong>canone,</strong></span> <span class='ocrx_word' id='word_1_19' title='bbox 2572 437 2667 490; x_wconf 91' lang='lat' dir='ltr'><strong>ubi</strong></span> <span class='ocrx_word' id='word_1_20' title='bbox 2722 432 3058 488; x_wconf 90' lang='lat' dir='ltr'><strong>renuntiatus</strong></span> <span class='ocrx_word' id='word_1_21' title='bbox 3123 429 3320 500; x_wconf 84' lang='lat' dir='ltr'><strong>aliquis</strong></span> <span class='ocrx_word' id='word_1_22' title='bbox 3391 428 3678 497; x_wconf 72' lang='lat' dir='ltr'><strong>episcopus</strong></span> 
     </span>
    </p>
   </div>
   <div class='ocr_carea' id='block_1_6' title="bbox 438 530 2006 601">
    <p class='ocr_par' dir='ltr' id='par_1_6' title="bbox 438 530 2006 601">
     <span class='ocr_line' id='line_1_6' title="bbox 438 530 2006 601; baseline -0.003 -15"><span class='ocrx_word' id='word_1_23' title='bbox 438 535 606 599; x_wconf 70' lang='grc' dir='ltr'>ναιξὶν</span> <span class='ocrx_word' id='word_1_24' title='bbox 645 534 842 598; x_wconf 79' lang='grc' dir='ltr'>αὐτῶν,</span> <span class='ocrx_word' id='word_1_25' title='bbox 904 533 998 586; x_wconf 85' lang='grc' dir='ltr'><strong>καί</strong></span> <span class='ocrx_word' id='word_1_26' title='bbox 1037 549 1200 600; x_wconf 77' lang='grc' dir='ltr'>φασιν</span> <span class='ocrx_word' id='word_1_27' title='bbox 1249 533 1298 585; x_wconf 80' lang='lat' dir='ltr'><strong>oi</strong></span> <span class='ocrx_word' id='word_1_28' title='bbox 1343 531 1534 585; x_wconf 80' lang='grc' dir='ltr'>τοῦτον</span> <span class='ocrx_word' id='word_1_29' title='bbox 1598 530 1884 601; x_wconf 87' lang='grc' dir='ltr'>ὲκθέμενοι</span> <span class='ocrx_word' id='word_1_30' title='bbox 1915 531 2006 583; x_wconf 84' lang='grc' dir='ltr'><strong>τὸν</strong></span> 
     </span>
    </p>
   </div>
   <div class='ocr_carea' id='block_1_7' title="bbox 435 623 2011 694">
    <p class='ocr_par' dir='ltr' id='par_1_7' title="bbox 435 623 2011 694">
     <span class='ocr_line' id='line_1_7' title="bbox 435 623 2011 694; baseline -0.002 -15"><span class='ocrx_word' id='word_1_31' title='bbox 435 629 636 680; x_wconf 82' lang='grc' dir='ltr'>κανόνα</span> <span class='ocrx_word' id='word_1_32' title='bbox 689 628 771 679; x_wconf 79' lang='grc' dir='ltr'><strong>ὅτι</strong></span> <span class='ocrx_word' id='word_1_33' title='bbox 827 625 940 678; x_wconf 89' lang='grc' dir='ltr'>Ούκ</span> <span class='ocrx_word' id='word_1_34' title='bbox 1000 624 1399 693; x_wconf 84' lang='grc' dir='ltr'><strong>ἀνατρέποντες</strong></span> <span class='ocrx_word' id='word_1_35' title='bbox 1434 625 1503 679; x_wconf 82' lang='grc' dir='ltr'>τὰ</span> <span class='ocrx_word' id='word_1_36' title='bbox 1537 623 2011 694; x_wconf 83' lang='grc' dir='ltr'>νενομοθετημένα</span> 
     </span>
    </p>
   </div>
   <div class='ocr_carea' id='block_1_8' title="bbox 435 713 2007 785">
    <p class='ocr_par' dir='ltr' id='par_1_8' title="bbox 435 713 2007 785">
     <span class='ocr_line' id='line_1_8' title="bbox 435 713 2007 785; baseline -0.001 -18"><span class='ocrx_word' id='word_1_37' title='bbox 435 718 550 778; x_wconf 86' lang='grc' dir='ltr'>τοῖς</span> <span class='ocrx_word' id='word_1_38' title='bbox 595 713 917 776; x_wconf 83' lang='grc' dir='ltr'>ἀποστόλοις</span> <span class='ocrx_word' id='word_1_39' title='bbox 960 713 1055 767; x_wconf 78' lang='grc' dir='ltr'><strong>καὶ</strong></span> <span class='ocrx_word' id='word_1_40' title='bbox 1117 713 1661 785; x_wconf 82' lang='grc' dir='ltr'>ἀντινομοθετοῦντες</span> <span class='ocrx_word' id='word_1_41' title='bbox 1721 713 2007 784; x_wconf 84' lang='grc' dir='ltr'><strong>κωλύομεν</strong></span> 
     </span>
    </p>
   </div>
   <div class='ocr_carea' id='block_1_9' title="bbox 434 803 1993 874">
    <p class='ocr_par' dir='ltr' id='par_1_9' title="bbox 434 803 1993 874">
     <span class='ocr_line' id='line_1_9' title="bbox 434 803 1993 874; baseline 0.001 -18"><span class='ocrx_word' id='word_1_42' title='bbox 434 807 546 866; x_wconf 80' lang='grc' dir='ltr'>τοῖς</span> <span class='ocrx_word' id='word_1_43' title='bbox 599 803 924 866; x_wconf 72' lang='grc' dir='ltr'>ἐπισκόποις</span> <span class='ocrx_word' id='word_1_44' title='bbox 965 805 1066 874; x_wconf 81' lang='grc' dir='ltr'><strong>τὴν</strong></span> <span class='ocrx_word' id='word_1_45' title='bbox 1114 803 1256 872; x_wconf 81' lang='grc' dir='ltr'><strong>μετά</strong></span> <span class='ocrx_word' id='word_1_46' title='bbox 1282 803 1392 856; x_wconf 85' lang='grc' dir='ltr'><strong>τῶν</strong></span> <span class='ocrx_word' id='word_1_47' title='bbox 1424 803 1707 874; x_wconf 86' lang='grc' dir='ltr'>προτέρων</span> <span class='ocrx_word' id='word_1_48' title='bbox 1741 803 1993 874; x_wconf 77' lang='grc' dir='ltr'>συμϐίων</span> 
     </span>
    </p>
   </div>
   <div class='ocr_carea' id='block_1_10' title="bbox 435 893 2004 964">
    <p class='ocr_par' dir='ltr' id='par_1_10' title="bbox 435 893 2004 964">
     <span class='ocr_line' id='line_1_10' title="bbox 435 893 2004 964; baseline 0 -16"><span class='ocrx_word' id='word_1_49' title='bbox 435 894 615 948; x_wconf 83' lang='grc' dir='ltr'>αὐτῶν</span> <span class='ocrx_word' id='word_1_50' title='bbox 671 894 1008 964; x_wconf 81' lang='grc' dir='ltr'>συνοίκησιν,</span> <span class='ocrx_word' id='word_1_51' title='bbox 1070 893 1207 962; x_wconf 87' lang='grc' dir='ltr'><strong>ἀλλά</strong></span> <span class='ocrx_word' id='word_1_52' title='bbox 1265 894 1512 959; x_wconf 88' lang='grc' dir='ltr'>θέλοντες</span> <span class='ocrx_word' id='word_1_53' title='bbox 1570 897 1671 964; x_wconf 85' lang='grc' dir='ltr'>τὴν</span> <span class='ocrx_word' id='word_1_54' title='bbox 1725 897 2004 964; x_wconf 79' lang='grc' dir='ltr'>σωτηρίαν</span> 
     </span>
    </p>
   </div>
   <div class='ocr_carea' id='block_1_11' title="bbox 435 971 2005 1055">
    <p class='ocr_par' dir='ltr' id='par_1_11' title="bbox 435 971 2005 1055">
     <span class='ocr_line' id='line_1_11' title="bbox 435 971 2005 1055; baseline 0.001 -20"><span class='ocrx_word' id='word_1_55' title='bbox 435 983 544 1036; x_wconf 85' lang='grc' dir='ltr'><strong>τῶν</strong></span> <span class='ocrx_word' id='word_1_56' title='bbox 564 981 728 1048; x_wconf 85' lang='grc' dir='ltr'>λαῶν,</span> <span class='ocrx_word' id='word_1_57' title='bbox 761 983 854 1034; x_wconf 71' lang='grc' dir='ltr'>καὶ</span> <span class='ocrx_word' id='word_1_58' title='bbox 875 971 973 1054; x_wconf 78' lang='grc' dir='ltr'>τὴν</span> <span class='ocrx_word' id='word_1_59' title='bbox 1005 983 1098 1035; x_wconf 71' lang='grc' dir='ltr'>ἐπὶ</span> <span class='ocrx_word' id='word_1_60' title='bbox 1122 983 1183 1036; x_wconf 80' lang='grc' dir='ltr'><strong>τὸ</strong></span> <span class='ocrx_word' id='word_1_61' title='bbox 1205 985 1454 1055; x_wconf 82' lang='grc' dir='ltr'>κρεῖττον</span> <span class='ocrx_word' id='word_1_62' title='bbox 1483 985 1667 1038; x_wconf 78' lang='grc' dir='ltr'>αὐτῶν</span> <span class='ocrx_word' id='word_1_63' title='bbox 1696 987 2005 1055; x_wconf 75' lang='grc' dir='ltr'>προκοπὴν,</span> 
     </span>
    </p>
   </div>
   <div class='ocr_carea' id='block_1_12' title="bbox 437 1063 2004 1148">
    <p class='ocr_par' dir='ltr' id='par_1_12' title="bbox 437 1063 2004 1148">
     <span class='ocr_line' id='line_1_12' title="bbox 437 1063 2004 1148; baseline 0.001 -20"><span class='ocrx_word' id='word_1_64' title='bbox 437 1076 531 1128; x_wconf 83' lang='grc' dir='ltr'><strong>καὶ</strong></span> <span class='ocrx_word' id='word_1_65' title='bbox 565 1073 706 1128; x_wconf 84' lang='grc' dir='ltr'>ὥστε</span> <span class='ocrx_word' id='word_1_66' title='bbox 740 1077 814 1145; x_wconf 83' lang='grc' dir='ltr'>μή</span> <span class='ocrx_word' id='word_1_67' title='bbox 846 1063 974 1128; x_wconf 62' lang='grc' dir='ltr'>τινα</span> <span class='ocrx_word' id='word_1_68' title='bbox 1007 1075 1199 1147; x_wconf 82' lang='grc' dir='ltr'>μῶμον</span> <span class='ocrx_word' id='word_1_69' title='bbox 1242 1077 1305 1129; x_wconf 85' lang='grc' dir='ltr'>ὲκ</span> <span class='ocrx_word' id='word_1_70' title='bbox 1342 1075 1535 1130; x_wconf 88' lang='grc' dir='ltr'>τούτου</span> <span class='ocrx_word' id='word_1_71' title='bbox 1572 1076 2004 1148; x_wconf 77' lang='grc' dir='ltr'>προστρίϐεσθαι</span> 
     </span>
    </p>
   </div>
   <div class='ocr_carea' id='block_1_13' title="bbox 436 1165 2006 1239">
    <p class='ocr_par' dir='ltr' id='par_1_13' title="bbox 436 1165 2006 1239">
     <span class='ocr_line' id='line_1_13' title="bbox 436 1165 2006 1239; baseline 0.003 -22"><span class='ocrx_word' id='word_1_72' title='bbox 436 1169 503 1236; x_wconf 84' lang='grc' dir='ltr'>τῇ</span> <span class='ocrx_word' id='word_1_73' title='bbox 551 1165 846 1238; x_wconf 80' lang='grc' dir='ltr'>ἱερωσύνῃ,</span> <span class='ocrx_word' id='word_1_74' title='bbox 877 1169 1163 1238; x_wconf 78' lang='grc' dir='ltr'>μονονουχὶ</span> <span class='ocrx_word' id='word_1_75' title='bbox 1193 1167 1351 1221; x_wconf 82' lang='grc' dir='ltr'>τοῦτο</span> <span class='ocrx_word' id='word_1_76' title='bbox 1381 1168 1650 1235; x_wconf 86' lang='grc' dir='ltr'>λέγοντες,</span> <span class='ocrx_word' id='word_1_77' title='bbox 1679 1170 1762 1222; x_wconf 83' lang='grc' dir='ltr'><strong>ὅτι</strong></span> <span class='ocrx_word' id='word_1_78' title='bbox 1795 1171 1844 1222; x_wconf 85' lang='grc' dir='ltr'><strong>οί</strong></span> <span class='ocrx_word' id='word_1_79' title='bbox 1904 1169 2006 1239; x_wconf 83' lang='grc' dir='ltr'><strong>μὲν</strong></span> 
     </span>
    </p>
   </div>
   <div class='ocr_carea' id='block_1_14' title="bbox 440 1259 2008 1332">
    <p class='ocr_par' dir='ltr' id='par_1_14' title="bbox 440 1259 2008 1332">
     <span class='ocr_line' id='line_1_14' title="bbox 440 1259 2008 1332; baseline 0.004 -23"><span class='ocrx_word' id='word_1_80' title='bbox 440 1259 573 1311; x_wconf 84' lang='grc' dir='ltr'>θεῖοι</span> <span class='ocrx_word' id='word_1_81' title='bbox 609 1259 924 1324; x_wconf 81' lang='grc' dir='ltr'>ἀπόστολοι,</span> <span class='ocrx_word' id='word_1_82' title='bbox 959 1261 1135 1331; x_wconf 81' lang='grc' dir='ltr'>ἀρχὴν</span> <span class='ocrx_word' id='word_1_83' title='bbox 1184 1260 1411 1330; x_wconf 84' lang='grc' dir='ltr'>ἐχούσης</span> <span class='ocrx_word' id='word_1_84' title='bbox 1454 1266 1555 1332; x_wconf 77' lang='grc' dir='ltr'><strong>τῆς</strong></span> <span class='ocrx_word' id='word_1_85' title='bbox 1605 1264 1862 1328; x_wconf 84' lang='grc' dir='ltr'>πίστεως,</span> <span class='ocrx_word' id='word_1_86' title='bbox 1913 1266 2008 1316; x_wconf 73' lang='grc' dir='ltr'><strong>καὶ</strong></span> 
     </span>
    </p>
   </div>
   <div class='ocr_carea' id='block_1_15' title="bbox 432 1349 1999 1422">
    <p class='ocr_par' dir='ltr' id='par_1_15' title="bbox 432 1349 1999 1422">
     <span class='ocr_line' id='line_1_15' title="bbox 432 1349 1999 1422; baseline 0.004 -23"><span class='ocrx_word' id='word_1_87' title='bbox 432 1349 527 1401; x_wconf 84' lang='grc' dir='ltr'>τοῦ</span> <span class='ocrx_word' id='word_1_88' title='bbox 547 1349 693 1401; x_wconf 82' lang='grc' dir='ltr'>θείου</span> <span class='ocrx_word' id='word_1_89' title='bbox 715 1349 1068 1420; x_wconf 80' lang='grc' dir='ltr'>κηρύγματος</span> <span class='ocrx_word' id='word_1_90' title='bbox 1093 1349 1244 1403; x_wconf 71' lang='grc' dir='ltr'>οὔπω</span> <span class='ocrx_word' id='word_1_91' title='bbox 1264 1351 1686 1417; x_wconf 68' lang='grc' dir='ltr'>πλατυνθέντος,</span> <span class='ocrx_word' id='word_1_92' title='bbox 1717 1370 1999 1422; x_wconf 86' lang='grc' dir='ltr'>συγκατα-</span> 
     </span>
    </p>
   </div>
   <div class='ocr_carea' id='block_1_16' title="bbox 432 1440 2007 1516">
    <p class='ocr_par' dir='ltr' id='par_1_16' title="bbox 432 1440 2007 1516">
     <span class='ocr_line' id='line_1_16' title="bbox 432 1440 2007 1516; baseline 0.004 -25"><span class='ocrx_word' id='word_1_93' title='bbox 432 1440 798 1509; x_wconf 82' lang='grc' dir='ltr'>6ατικώτερον</span> <span class='ocrx_word' id='word_1_94' title='bbox 825 1440 1114 1496; x_wconf 79' lang='grc' dir='ltr'>διετίθεντο</span> <span class='ocrx_word' id='word_1_95' title='bbox 1146 1441 1280 1511; x_wconf 63' lang='grc' dir='ltr'>πρὶς</span> <span class='ocrx_word' id='word_1_96' title='bbox 1315 1442 1441 1504; x_wconf 83' lang='grc' dir='ltr'>τοὺς</span> <span class='ocrx_word' id='word_1_97' title='bbox 1466 1447 1530 1514; x_wconf 83' lang='grc' dir='ltr'>τῇ</span> <span class='ocrx_word' id='word_1_98' title='bbox 1559 1446 1737 1497; x_wconf 76' lang='grc' dir='ltr'>πίστει</span> <span class='ocrx_word' id='word_1_99' title='bbox 1767 1461 2007 1516; x_wconf 82' lang='grc' dir='ltr'>προσερ-</span> 
     </span>
    </p>
   </div>
   <div class='ocr_carea' id='block_1_17' title="bbox 431 1533 2003 1606">
    <p class='ocr_par' dir='ltr' id='par_1_17' title="bbox 431 1533 2003 1606">
     <span class='ocr_line' id='line_1_17' title="bbox 431 1533 2003 1606; baseline 0.004 -22"><span class='ocrx_word' id='word_1_100' title='bbox 431 1533 718 1603; x_wconf 77' lang='grc' dir='ltr'>χομένους,</span> <span class='ocrx_word' id='word_1_101' title='bbox 776 1535 870 1604; x_wconf 62' lang='grc' dir='ltr'>καὶ</span> <span class='ocrx_word' id='word_1_102' title='bbox 915 1536 1092 1605; x_wconf 81' lang='grc' dir='ltr'>πάντη</span> <span class='ocrx_word' id='word_1_103' title='bbox 1163 1535 1407 1606; x_wconf 81' lang='grc' dir='ltr'>ἀπῄτουν</span> <span class='ocrx_word' id='word_1_104' title='bbox 1472 1538 1533 1586; x_wconf 75' lang='grc' dir='ltr'>τὸ</span> <span class='ocrx_word' id='word_1_105' title='bbox 1587 1537 1810 1604; x_wconf 86' lang='grc' dir='ltr'>τέλειον,</span> <span class='ocrx_word' id='word_1_106' title='bbox 1886 1538 2003 1592; x_wconf 79' lang='grc' dir='ltr'>ἀλλ’</span> 
     </span>
    </p>
   </div>
   <div class='ocr_carea' id='block_1_18' title="bbox 433 1623 2005 1695">
    <p class='ocr_par' dir='ltr' id='par_1_18' title="bbox 433 1623 2005 1695">
     <span class='ocr_line' id='line_1_18' title="bbox 433 1623 2005 1695; baseline 0.004 -21"><span class='ocrx_word' id='word_1_107' title='bbox 433 1624 699 1677; x_wconf 81' lang='grc' dir='ltr'>ἐνεδίδουν</span> <span class='ocrx_word' id='word_1_108' title='bbox 754 1627 822 1695; x_wconf 82' lang='grc' dir='ltr'>τῇ</span> <span class='ocrx_word' id='word_1_109' title='bbox 871 1623 1133 1695; x_wconf 73' lang='grc' dir='ltr'>ἀσθενείᾳ</span> <span class='ocrx_word' id='word_1_110' title='bbox 1171 1623 1349 1678; x_wconf 77' lang='grc' dir='ltr'>αὐτῶν</span> <span class='ocrx_word' id='word_1_111' title='bbox 1384 1627 1477 1678; x_wconf 73' lang='grc' dir='ltr'>καὶ</span> <span class='ocrx_word' id='word_1_112' title='bbox 1534 1630 1648 1690; x_wconf 85' lang='grc' dir='ltr'>τοῖς</span> <span class='ocrx_word' id='word_1_113' title='bbox 1686 1626 1833 1679; x_wconf 80' lang='grc' dir='ltr'>ἔθεσι</span> <span class='ocrx_word' id='word_1_114' title='bbox 1894 1630 2005 1690; x_wconf 86' lang='grc' dir='ltr'>τοῖς</span> 
     </span>
    </p>
   </div>
   <div class='ocr_carea' id='block_1_19' title="bbox 431 1712 2004 1786">
    <p class='ocr_par' dir='ltr' id='par_1_19' title="bbox 431 1712 2004 1786">
     <span class='ocr_line' id='line_1_19' title="bbox 431 1712 2004 1786; baseline 0.003 -21"><span class='ocrx_word' id='word_1_115' title='bbox 431 1714 666 1777; x_wconf 85' lang='grc' dir='ltr'>ὲθνικοῖς</span> <span class='ocrx_word' id='word_1_116' title='bbox 705 1716 800 1767; x_wconf 75' lang='grc' dir='ltr'><strong>καὶ</strong></span> <span class='ocrx_word' id='word_1_117' title='bbox 848 1712 1201 1778; x_wconf 83' lang='grc' dir='ltr'>Ἰουδαϊκοῖς·</span> <span class='ocrx_word' id='word_1_118' title='bbox 1239 1717 1293 1768; x_wconf 80' lang='grc' dir='ltr'>οῖ</span> <span class='ocrx_word' id='word_1_119' title='bbox 1337 1733 1396 1767; x_wconf 88' lang='grc' dir='ltr'><strong>τε</strong></span> <span class='ocrx_word' id='word_1_120' title='bbox 1441 1715 1550 1786; x_wconf 85' lang='grc' dir='ltr'>γὰρ</span> <span class='ocrx_word' id='word_1_121' title='bbox 1589 1718 1697 1770; x_wconf 80' lang='grc' dir='ltr'><strong>τῶν</strong></span> <span class='ocrx_word' id='word_1_122' title='bbox 1735 1717 2004 1771; x_wconf 82' lang='grc' dir='ltr'>Ἰουδαίων</span> 
     </span>
    </p>
   </div>
   <div class='ocr_carea' id='block_1_20' title="bbox 434 1795 2078 1879">
    <p class='ocr_par' dir='ltr' id='par_1_20' title="bbox 434 1795 2078 1879">
     <span class='ocr_line' id='line_1_20' title="bbox 434 1795 2078 1879; baseline 0.003 -22"><span class='ocrx_word' id='word_1_123' title='bbox 434 1806 716 1878; x_wconf 76' lang='grc' dir='ltr'>ἀρχιερεῖς</span> <span class='ocrx_word' id='word_1_124' title='bbox 763 1807 978 1874; x_wconf 72' lang='grc' dir='ltr'>γυναιξὶ</span> <span class='ocrx_word' id='word_1_125' title='bbox 1020 1802 1288 1860; x_wconf 82' lang='grc' dir='ltr'>συνοικεῖν</span> <span class='ocrx_word' id='word_1_126' title='bbox 1320 1811 1812 1878; x_wconf 79' lang='grc' dir='ltr'>συγκεχωρημένον</span> <span class='ocrx_word' id='word_1_127' title='bbox 1859 1806 2004 1879; x_wconf 83' lang='grc' dir='ltr'>εἶχον</span> <span class='ocrx_word' id='word_1_128' title='bbox 2036 1795 2078 1850; x_wconf 78' lang='grc' dir='ltr'><strong>Β</strong></span> 
     </span>
    </p>
   </div>
   <div class='ocr_carea' id='block_1_21' title="bbox 433 1888 2002 1977">
    <p class='ocr_par' dir='ltr' id='par_1_21' title="bbox 433 1888 2002 1977">
     <span class='ocr_line' id='line_1_21' title="bbox 433 1888 2002 1977; baseline 0.004 -27"><span class='ocrx_word' id='word_1_129' title='bbox 433 1899 500 1950; x_wconf 82' lang='grc' dir='ltr'>ὲκ</span> <span class='ocrx_word' id='word_1_130' title='bbox 528 1899 624 1951; x_wconf 86' lang='grc' dir='ltr'><strong>τοῦ</strong></span> <span class='ocrx_word' id='word_1_131' title='bbox 671 1899 860 1969; x_wconf 85' lang='grc' dir='ltr'>νόμου,</span> <span class='ocrx_word' id='word_1_132' title='bbox 917 1902 1012 1952; x_wconf 65' lang='grc' dir='ltr'><strong>καὶ¹</strong></span> <span class='ocrx_word' id='word_1_133' title='bbox 1068 1888 1181 1977; x_wconf 68' lang='grc' dir='ltr'>τοῖς</span> <span class='ocrx_word' id='word_1_134' title='bbox 1245 1898 1516 1968; x_wconf 86' lang='grc' dir='ltr'>Ἑλλήνων</span> <span class='ocrx_word' id='word_1_135' title='bbox 1565 1899 1914 1969; x_wconf 83' lang='grc' dir='ltr'>ἀρχιερεῦσιν</span> <span class='ocrx_word' id='word_1_136' title='bbox 1975 1905 2002 1956; x_wconf 84' lang='grc' dir='ltr'>ὁ</span> 
     </span>
    </p>
   </div>
   <div class='ocr_carea' id='block_1_22' title="bbox 429 1987 2006 2063">
    <p class='ocr_par' dir='ltr' id='par_1_22' title="bbox 429 1987 2006 2063">
     <span class='ocr_line' id='line_1_22' title="bbox 429 1987 2006 2063; baseline 0.002 -20"><span class='ocrx_word' id='word_1_137' title='bbox 429 1992 610 2060; x_wconf 83' lang='grc' dir='ltr'>γάμος</span> <span class='ocrx_word' id='word_1_138' title='bbox 631 1991 907 2056; x_wconf 83' lang='grc' dir='ltr'>ἀκώλυτος</span> <span class='ocrx_word' id='word_1_139' title='bbox 935 1987 1000 2062; x_wconf 79' lang='grc' dir='ltr'>ἦν</span> <span class='ocrx_word' id='word_1_140' title='bbox 1026 2009 1039 2022; x_wconf 76' lang='grc'><strong><em>⁸</em></strong></span> <span class='ocrx_word' id='word_1_141' title='bbox 1075 1993 1200 2062; x_wconf 81' lang='grc' dir='ltr'>ἄρτι</span> <span class='ocrx_word' id='word_1_142' title='bbox 1231 1991 1289 2044; x_wconf 81' lang='grc' dir='ltr'><strong>δὲ</strong></span> <span class='ocrx_word' id='word_1_143' title='bbox 1312 1991 1407 2047; x_wconf 85' lang='grc' dir='ltr'>τοῦ</span> <span class='ocrx_word' id='word_1_144' title='bbox 1460 1993 1817 2063; x_wconf 79' lang='grc' dir='ltr'>κηρύγματος</span> <span class='ocrx_word' id='word_1_145' title='bbox 1868 1995 2006 2049; x_wconf 87' lang='grc' dir='ltr'>πλα-</span> 
     </span>
    </p>
   </div>
   <div class='ocr_carea' id='block_1_23' title="bbox 428 2080 2006 2153">
    <p class='ocr_par' dir='ltr' id='par_1_23' title="bbox 428 2080 2006 2153">
     <span class='ocr_line' id='line_1_23' title="bbox 428 2080 2006 2153; baseline 0.005 -24"><span class='ocrx_word' id='word_1_146' title='bbox 428 2080 718 2142; x_wconf 83' lang='grc' dir='ltr'>τυνθέντος</span> <span class='ocrx_word' id='word_1_147' title='bbox 771 2081 866 2133; x_wconf 77' lang='grc' dir='ltr'><strong>καὶ</strong></span> <span class='ocrx_word' id='word_1_148' title='bbox 908 2083 990 2145; x_wconf 83' lang='grc' dir='ltr'>εἰς</span> <span class='ocrx_word' id='word_1_149' title='bbox 1041 2083 1278 2153; x_wconf 84' lang='grc' dir='ltr'>κρείττω</span> <span class='ocrx_word' id='word_1_150' title='bbox 1330 2083 1670 2135; x_wconf 86' lang='grc' dir='ltr'>κατάστασιν</span> <span class='ocrx_word' id='word_1_151' title='bbox 1720 2085 1814 2136; x_wconf 71' lang='grc' dir='ltr'><strong>καὶ</strong></span> <span class='ocrx_word' id='word_1_152' title='bbox 1852 2081 2006 2148; x_wconf 82' lang='grc' dir='ltr'>τάξιν</span> 
     </span>
    </p>
   </div>
   <div class='ocr_carea' id='block_1_24' title="bbox 430 2169 2002 2243">
    <p class='ocr_par' dir='ltr' id='par_1_24' title="bbox 430 2169 2002 2243">
     <span class='ocr_line' id='line_1_24' title="bbox 430 2169 2002 2243; baseline 0.004 -22"><span class='ocrx_word' id='word_1_153' title='bbox 430 2169 538 2222; x_wconf 86' lang='grc' dir='ltr'><strong>τῶν</strong></span> <span class='ocrx_word' id='word_1_154' title='bbox 569 2170 779 2224; x_wconf 83' lang='grc' dir='ltr'>πιστῶν</span> <span class='ocrx_word' id='word_1_155' title='bbox 804 2171 1165 2243; x_wconf 86' lang='grc' dir='ltr'>ὲληλυθότων,</span> <span class='ocrx_word' id='word_1_156' title='bbox 1197 2171 1419 2242; x_wconf 75' lang='grc' dir='ltr'>καὶτῆς</span> <span class='ocrx_word' id='word_1_157' title='bbox 1449 2173 1816 2242; x_wconf 82' lang='grc' dir='ltr'>εὐαγγελικῆς</span> <span class='ocrx_word' id='word_1_158' title='bbox 1847 2174 2002 2228; x_wconf 88' lang='grc' dir='ltr'>πολι-</span> 
     </span>
    </p>
   </div>
   <div class='ocr_carea' id='block_1_25' title="bbox 434 2262 2005 2337">
    <p class='ocr_par' dir='ltr' id='par_1_25' title="bbox 434 2262 2005 2337">
     <span class='ocr_line' id='line_1_25' title="bbox 434 2262 2005 2337; baseline 0.004 -24"><span class='ocrx_word' id='word_1_159' title='bbox 434 2262 590 2324; x_wconf 86' lang='grc' dir='ltr'>τείας</span> <span class='ocrx_word' id='word_1_160' title='bbox 619 2263 983 2334; x_wconf 78' lang='grc' dir='ltr'>ὲπιδιδούσης,</span> <span class='ocrx_word' id='word_1_161' title='bbox 1019 2265 1219 2334; x_wconf 81' lang='grc' dir='ltr'>χρῆναί</span> <span class='ocrx_word' id='word_1_162' title='bbox 1255 2281 1387 2332; x_wconf 84' lang='grc' dir='ltr'>φασι</span> <span class='ocrx_word' id='word_1_163' title='bbox 1417 2268 1516 2318; x_wconf 72' lang='grc' dir='ltr'><strong>καὶ</strong></span> <span class='ocrx_word' id='word_1_164' title='bbox 1561 2266 1690 2328; x_wconf 80' lang='grc' dir='ltr'>τοὺς</span> <span class='ocrx_word' id='word_1_165' title='bbox 1723 2267 2005 2337; x_wconf 82' lang='grc' dir='ltr'>ἀρχιερεῖς</span> 
     </span>
    </p>
   </div>
   <div class='ocr_carea' id='block_1_26' title="bbox 430 2355 2001 2428">
    <p class='ocr_par' dir='ltr' id='par_1_26' title="bbox 430 2355 2001 2428">
     <span class='ocr_line' id='line_1_26' title="bbox 430 2355 2001 2428; baseline 0.003 -22"><span class='ocrx_word' id='word_1_166' title='bbox 430 2355 526 2406; x_wconf 85' lang='grc' dir='ltr'><strong>τὸν</strong></span> <span class='ocrx_word' id='word_1_167' title='bbox 554 2357 750 2408; x_wconf 88' lang='grc' dir='ltr'>οἰκεῖον</span> <span class='ocrx_word' id='word_1_168' title='bbox 789 2355 900 2426; x_wconf 85' lang='grc' dir='ltr'>βίον</span> <span class='ocrx_word' id='word_1_169' title='bbox 937 2358 1071 2426; x_wconf 86' lang='grc' dir='ltr'>πρὸς</span> <span class='ocrx_word' id='word_1_170' title='bbox 1104 2358 1308 2427; x_wconf 76' lang='grc' dir='ltr'>ἀκριϐῆ</span> <span class='ocrx_word' id='word_1_171' title='bbox 1361 2355 1718 2428; x_wconf 69' lang='grc' dir='ltr'>σωφροσύνην</span> <span class='ocrx_word' id='word_1_172' title='bbox 1753 2356 2001 2410; x_wconf 85' lang='grc' dir='ltr'>ἀπευθύ-</span> 
     </span>
    </p>
   </div>
   <div class='ocr_carea' id='block_1_27' title="bbox 431 2445 1995 2520">
    <p class='ocr_par' dir='ltr' id='par_1_27' title="bbox 431 2445 1995 2520">
     <span class='ocr_line' id='line_1_27' title="bbox 431 2445 1995 2520; baseline 0.003 -24"><span class='ocrx_word' id='word_1_173' title='bbox 431 2462 570 2512; x_wconf 85' lang='grc' dir='ltr'>νειν,</span> <span class='ocrx_word' id='word_1_174' title='bbox 604 2446 680 2510; x_wconf 86' lang='grc' dir='ltr'>ὡς</span> <span class='ocrx_word' id='word_1_175' title='bbox 711 2447 787 2516; x_wconf 84' lang='grc' dir='ltr'>μὴ</span> <span class='ocrx_word' id='word_1_176' title='bbox 817 2445 979 2516; x_wconf 86' lang='grc' dir='ltr'>μόνον</span> <span class='ocrx_word' id='word_1_177' title='bbox 1013 2448 1315 2518; x_wconf 81' lang='grc' dir='ltr'>ἀλλοτρίων</span> <span class='ocrx_word' id='word_1_178' title='bbox 1348 2448 1653 2520; x_wconf 86' lang='grc' dir='ltr'>ἀπέχεσθαι</span> <span class='ocrx_word' id='word_1_179' title='bbox 1688 2449 1995 2518; x_wconf 82' lang='grc' dir='ltr'>γυναικῶν,</span> 
     </span>
    </p>
   </div>
   <div class='ocr_carea' id='block_1_28' title="bbox 429 2537 2000 2610">
    <p class='ocr_par' dir='ltr' id='par_1_28' title="bbox 429 2537 2000 2610">
     <span class='ocr_line' id='line_1_28' title="bbox 429 2537 2000 2610; baseline 0.003 -22"><span class='ocrx_word' id='word_1_180' title='bbox 429 2537 569 2588; x_wconf 76' lang='grc' dir='ltr'>ἀλλὰ</span> <span class='ocrx_word' id='word_1_181' title='bbox 601 2541 696 2590; x_wconf 78' lang='grc' dir='ltr'>καὶ</span> <span class='ocrx_word' id='word_1_182' title='bbox 723 2538 831 2589; x_wconf 82' lang='grc' dir='ltr'>τῶν</span> <span class='ocrx_word' id='word_1_183' title='bbox 872 2539 1133 2609; x_wconf 85' lang='grc' dir='ltr'>πρότερον</span> <span class='ocrx_word' id='word_1_184' title='bbox 1164 2539 1347 2602; x_wconf 79' lang='grc' dir='ltr'>αὐτοῖς</span> <span class='ocrx_word' id='word_1_185' title='bbox 1372 2539 1874 2610; x_wconf 71' lang='grc' dir='ltr'>συνευναζομένων,</span> <span class='ocrx_word' id='word_1_186' title='bbox 1903 2545 2000 2593; x_wconf 77' lang='grc' dir='ltr'>καὶ</span> 
     </span>
    </p>
   </div>
   <div class='ocr_carea' id='block_1_29' title="bbox 433 2627 1996 2702">
    <p class='ocr_par' dir='ltr' id='par_1_29' title="bbox 433 2627 1996 2702">
     <span class='ocr_line' id='line_1_29' title="bbox 433 2627 1996 2702; baseline 0.005 -24"><span class='ocrx_word' id='word_1_187' title='bbox 433 2629 510 2696; x_wconf 85' lang='grc' dir='ltr'><strong>μὴ</strong></span> <span class='ocrx_word' id='word_1_188' title='bbox 549 2627 707 2698; x_wconf 86' lang='grc' dir='ltr'>μόνον</span> <span class='ocrx_word' id='word_1_189' title='bbox 735 2630 897 2700; x_wconf 77' lang='grc' dir='ltr'>εὐνῆς</span> <span class='ocrx_word' id='word_1_190' title='bbox 928 2632 1117 2693; x_wconf 77' lang='grc' dir='ltr'>αὑταῖς</span> <span class='ocrx_word' id='word_1_191' title='bbox 1145 2631 1221 2702; x_wconf 84' lang='grc' dir='ltr'>μὴ</span> <span class='ocrx_word' id='word_1_192' title='bbox 1266 2633 1568 2696; x_wconf 78' lang='grc' dir='ltr'>κοινωνεῖν,</span> <span class='ocrx_word' id='word_1_193' title='bbox 1607 2633 1743 2702; x_wconf 82' lang='grc' dir='ltr'>μηδὲ</span> <span class='ocrx_word' id='word_1_194' title='bbox 1775 2632 1996 2702; x_wconf 82' lang='grc' dir='ltr'>μίξεως,</span> 
     </span>
    </p>
   </div>
   <div class='ocr_carea' id='block_1_30' title="bbox 432 2720 2002 2796">
    <p class='ocr_par' dir='ltr' id='par_1_30' title="bbox 432 2720 2002 2796">
     <span class='ocr_line' id='line_1_30' title="bbox 432 2720 2002 2796; baseline 0.003 -24"><span class='ocrx_word' id='word_1_195' title='bbox 432 2720 572 2773; x_wconf 60' lang='grc' dir='ltr'>αλλὰ</span> <span class='ocrx_word' id='word_1_196' title='bbox 611 2723 743 2792; x_wconf 86' lang='grc' dir='ltr'>μηδὲ</span> <span class='ocrx_word' id='word_1_197' title='bbox 775 2725 1042 2778; x_wconf 83' lang='grc' dir='ltr'>συνοικεῖν</span> <span class='ocrx_word' id='word_1_198' title='bbox 1087 2725 1295 2792; x_wconf 83' lang='grc' dir='ltr'>αὑταῖς,</span> <span class='ocrx_word' id='word_1_199' title='bbox 1351 2727 1443 2778; x_wconf 72' lang='grc' dir='ltr'><strong>καὶ</strong></span> <span class='ocrx_word' id='word_1_200' title='bbox 1490 2727 1547 2778; x_wconf 85' lang='grc' dir='ltr'><strong>ὲν</strong></span> <span class='ocrx_word' id='word_1_201' title='bbox 1595 2727 1660 2796; x_wconf 79' lang='grc' dir='ltr'>τῇ</span> <span class='ocrx_word' id='word_1_202' title='bbox 1694 2725 1831 2796; x_wconf 83' lang='grc' dir='ltr'>αὐτῇ</span> <span class='ocrx_word' id='word_1_203' title='bbox 1867 2741 2002 2778; x_wconf 79' lang='grc' dir='ltr'>κατ-</span> 
     </span>
    </p>
   </div>
   <div class='ocr_carea' id='block_1_31' title="bbox 429 2810 1994 2896">
    <p class='ocr_par' dir='ltr' id='par_1_31' title="bbox 429 2810 1994 2896">
     <span class='ocr_line' id='line_1_31' title="bbox 429 2810 1994 2896; baseline 0.003 -31"><span class='ocrx_word' id='word_1_204' title='bbox 429 2814 580 2884; x_wconf 74' lang='grc' dir='ltr'>οικίᾳ</span> <span class='ocrx_word' id='word_1_205' title='bbox 607 2817 792 2889; x_wconf 75' lang='grc' dir='ltr'>συζῇν.</span> <span class='ocrx_word' id='word_1_206' title='bbox 813 2818 875 2896; x_wconf 80' lang='lat' dir='ltr'><strong>Qi</strong></span> <span class='ocrx_word' id='word_1_207' title='bbox 904 2817 1002 2886; x_wconf 81' lang='grc' dir='ltr'>μὲν</span> <span class='ocrx_word' id='word_1_208' title='bbox 1029 2819 1134 2888; x_wconf 82' lang='grc' dir='ltr'>γὰρ</span> <span class='ocrx_word' id='word_1_209' title='bbox 1157 2818 1286 2882; x_wconf 79' lang='grc' dir='ltr'>ἴσως</span> <span class='ocrx_word' id='word_1_210' title='bbox 1304 2821 1398 2872; x_wconf 70' lang='grc' dir='ltr'><strong>καὶ</strong></span> <span class='ocrx_word' id='word_1_211' title='bbox 1434 2819 1527 2872; x_wconf 77' lang='grc' dir='ltr'>τοῦ</span> <span class='ocrx_word' id='word_1_212' title='bbox 1561 2810 1852 2894; x_wconf 68' lang='grc' dir='ltr'>σωφρόνως</span> <span class='ocrx_word' id='word_1_213' title='bbox 1880 2817 1994 2888; x_wconf 77' lang='grc'><strong>(75)</strong></span> 
     </span>
    </p>
   </div>
   <div class='ocr_carea' id='block_1_32' title="bbox 431 2895 2008 2981">
    <p class='ocr_par' dir='ltr' id='par_1_32' title="bbox 431 2895 2008 2981">
     <span class='ocr_line' id='line_1_32' title="bbox 431 2895 2008 2981; baseline -0.007 -9"><span class='ocrx_word' id='word_1_214' title='bbox 431 2909 710 2978; x_wconf 71' lang='grc' dir='ltr'><strong>ξήσονται,</strong></span> <span class='ocrx_word' id='word_1_215' title='bbox 743 2895 926 2973; x_wconf 66' lang='grc' dir='ltr'>ἄλλως</span> <span class='ocrx_word' id='word_1_216' title='bbox 959 2911 1013 2963; x_wconf 83' lang='grc' dir='ltr'>δὲ</span> <span class='ocrx_word' id='word_1_217' title='bbox 1047 2895 1384 2981; x_wconf 80' lang='grc' dir='ltr'>πρόσκομμα</span> <span class='ocrx_word' id='word_1_218' title='bbox 1409 2914 1503 2965; x_wconf 74' lang='grc' dir='ltr'><strong>καὶ</strong></span> <span class='ocrx_word' id='word_1_219' title='bbox 1532 2911 1830 2964; x_wconf 78' lang='grc' dir='ltr'>σκάνδαλον</span> <span class='ocrx_word' id='word_1_220' title='bbox 1856 2911 2008 2962; x_wconf 76' lang='grc' dir='ltr'>ἔσον-</span> 
     </span>
    </p>
   </div>
   <div class='ocr_carea' id='block_1_33' title="bbox 434 3002 2002 3072">
    <p class='ocr_par' dir='ltr' id='par_1_33' title="bbox 434 3002 2002 3072">
     <span class='ocr_line' id='line_1_33' title="bbox 434 3002 2002 3072; baseline 0 -20"><span class='ocrx_word' id='word_1_221' title='bbox 434 3018 549 3054; x_wconf 87' lang='grc' dir='ltr'>ται.</span> <span class='ocrx_word' id='word_1_222' title='bbox 587 3002 696 3055; x_wconf 76' lang='grc' dir='ltr'><strong>Καὶ</strong></span> <span class='ocrx_word' id='word_1_223' title='bbox 731 3003 1078 3071; x_wconf 82' lang='grc' dir='ltr'>παράγουσιν</span> <span class='ocrx_word' id='word_1_224' title='bbox 1128 3005 1176 3055; x_wconf 83' lang='lat' dir='ltr'><strong>oi</strong></span> <span class='ocrx_word' id='word_1_225' title='bbox 1228 3005 1368 3072; x_wconf 80' lang='grc' dir='ltr'>ἱεροὶ</span> <span class='ocrx_word' id='word_1_226' title='bbox 1404 3004 1648 3072; x_wconf 85' lang='grc' dir='ltr'>Πατέρες</span> <span class='ocrx_word' id='word_1_227' title='bbox 1679 3005 1875 3056; x_wconf 77' lang='grc' dir='ltr'>ἐκεῖνοι</span> <span class='ocrx_word' id='word_1_228' title='bbox 1910 3002 2002 3054; x_wconf 76' lang='grc' dir='ltr'><strong>καὶ</strong></span> 
     </span>
    </p>
   </div>
   <div class='ocr_carea' id='block_1_34' title="bbox 430 3094 2008 3163">
    <p class='ocr_par' dir='ltr' id='par_1_34' title="bbox 430 3094 2008 3163">
     <span class='ocr_line' id='line_1_34' title="bbox 430 3094 2008 3163; baseline -0.001 -16"><span class='ocrx_word' id='word_1_229' title='bbox 430 3095 530 3147; x_wconf 72' lang='grc' dir='ltr'><strong>τον</strong></span> <span class='ocrx_word' id='word_1_230' title='bbox 561 3095 734 3162; x_wconf 87' lang='grc' dir='ltr'>μέγαν</span> <span class='ocrx_word' id='word_1_231' title='bbox 765 3094 978 3148; x_wconf 78' lang='grc' dir='ltr'>Παῦλον</span> <span class='ocrx_word' id='word_1_232' title='bbox 1007 3096 1234 3163; x_wconf 77' lang='grc' dir='ltr'>λέγοντα</span> <span class='ocrx_word' id='word_1_233' title='bbox 1258 3113 1270 3126; x_wconf 88' lang='grc'><strong>·</strong></span> <span class='ocrx_word' id='word_1_234' title='bbox 1320 3096 1715 3163; x_wconf 82' lang='grc' dir='ltr'>Ἀπρόσκοποι</span> <span class='ocrx_word' id='word_1_235' title='bbox 1769 3095 2008 3162; x_wconf 78' lang='grc' dir='ltr'>γίνεσθε</span> 
     </span>
    </p>
   </div>
   <div class='ocr_carea' id='block_1_35' title="bbox 431 3184 2013 3256">
    <p class='ocr_par' dir='ltr' id='par_1_35' title="bbox 431 3184 2013 3256">
     <span class='ocr_line' id='line_1_35' title="bbox 431 3184 2013 3256; baseline 0.001 -17"><span class='ocrx_word' id='word_1_236' title='bbox 431 3185 536 3239; x_wconf 80' lang='grc' dir='ltr'><strong>καί</strong></span> <span class='ocrx_word' id='word_1_237' title='bbox 569 3187 874 3253; x_wconf 83' lang='grc' dir='ltr'>Ἰουδαίοις</span> <span class='ocrx_word' id='word_1_238' title='bbox 909 3188 1006 3241; x_wconf 79' lang='grc' dir='ltr'>καὶ</span> <span class='ocrx_word' id='word_1_239' title='bbox 1035 3189 1302 3256; x_wconf 72' lang='grc' dir='ltr'>Ἕλλησι</span> <span class='ocrx_word' id='word_1_240' title='bbox 1327 3189 1424 3240; x_wconf 74' lang='grc' dir='ltr'>καὶ</span> <span class='ocrx_word' id='word_1_241' title='bbox 1457 3187 1883 3256; x_wconf 77' lang='grc' dir='ltr'>τῇἘκκλησίᾳ</span> <span class='ocrx_word' id='word_1_242' title='bbox 1904 3184 2013 3240; x_wconf 85' lang='grc' dir='ltr'>τοῦ</span> 
     </span>
    </p>
   </div>
   <div class='ocr_carea' id='block_1_36' title="bbox 436 3276 2014 3352">
    <p class='ocr_par' dir='ltr' id='par_1_36' title="bbox 436 3276 2014 3352">
     <span class='ocr_line' id='line_1_36' title="bbox 436 3276 2014 3352; baseline -0.001 -18"><span class='ocrx_word' id='word_1_243' title='bbox 436 3281 613 3345; x_wconf 75' lang='grc' dir='ltr'><strong>Θεόῦ,</strong></span> <span class='ocrx_word' id='word_1_244' title='bbox 641 3281 832 3346; x_wconf 78' lang='grc' dir='ltr'>καθὼς</span> <span class='ocrx_word' id='word_1_245' title='bbox 866 3279 1028 3352; x_wconf 79' lang='grc' dir='ltr'><strong>κάγὼ</strong></span> <span class='ocrx_word' id='word_1_246' title='bbox 1062 3283 1258 3334; x_wconf 71' lang='grc' dir='ltr'>πάντα</span> <span class='ocrx_word' id='word_1_247' title='bbox 1281 3280 1474 3337; x_wconf 78' lang='grc' dir='ltr'>πᾶσιν</span> <span class='ocrx_word' id='word_1_248' title='bbox 1515 3280 1770 3346; x_wconf 82' lang='grc' dir='ltr'>ἀρέσκω,</span> <span class='ocrx_word' id='word_1_249' title='bbox 1796 3279 1882 3348; x_wconf 76' lang='grc' dir='ltr'><strong>μὴ</strong></span> <span class='ocrx_word' id='word_1_250' title='bbox 1917 3276 2014 3346; x_wconf 82' lang='grc' dir='ltr'><strong>ζη-</strong></span> 
     </span>
    </p>
   </div>
   <div class='ocr_carea' id='block_1_37' title="bbox 432 3371 2014 3443">
    <p class='ocr_par' dir='ltr' id='par_1_37' title="bbox 432 3371 2014 3443">
     <span class='ocr_line' id='line_1_37' title="bbox 432 3371 2014 3443; baseline 0 -16"><span class='ocrx_word' id='word_1_251' title='bbox 432 3373 554 3427; x_wconf 74' lang='grc' dir='ltr'><strong>τῶν</strong></span> <span class='ocrx_word' id='word_1_252' title='bbox 578 3375 644 3427; x_wconf 86' lang='grc' dir='ltr'>τὸ</span> <span class='ocrx_word' id='word_1_253' title='bbox 672 3374 930 3443; x_wconf 79' lang='grc' dir='ltr'>ἐμαυτοῦ</span> <span class='ocrx_word' id='word_1_254' title='bbox 953 3373 1286 3442; x_wconf 65' lang='grc' dir='ltr'>συμφέρον,</span> <span class='ocrx_word' id='word_1_255' title='bbox 1347 3374 1506 3427; x_wconf 79' lang='grc' dir='ltr'>ἀλλὰ</span> <span class='ocrx_word' id='word_1_256' title='bbox 1528 3374 1593 3426; x_wconf 86' lang='grc' dir='ltr'>τὸ</span> <span class='ocrx_word' id='word_1_257' title='bbox 1611 3371 1730 3426; x_wconf 70' lang='grc' dir='ltr'>τῶν</span> <span class='ocrx_word' id='word_1_258' title='bbox 1746 3373 2014 3438; x_wconf 68' lang='grc' dir='ltr'>πολλῶν,</span> 
     </span>
    </p>
   </div>
   <div class='ocr_carea' id='block_1_38' title="bbox 435 3459 2022 3535">
    <p class='ocr_par' dir='ltr' id='par_1_38' title="bbox 435 3459 2022 3535">
     <span class='ocr_line' id='line_1_38' title="bbox 435 3459 2022 3535; baseline 0.001 -20"><span class='ocrx_word' id='word_1_259' title='bbox 435 3469 538 3520; x_wconf 69' lang='grc' dir='ltr'><strong>ἵνα</strong></span> <span class='ocrx_word' id='word_1_260' title='bbox 579 3467 838 3521; x_wconf 84' lang='grc' dir='ltr'>σωθῶσι.</span> <span class='ocrx_word' id='word_1_261' title='bbox 885 3459 1145 3534; x_wconf 57' lang='lat' dir='ltr'><strong>Mummi</strong></span> <span class='ocrx_word' id='word_1_262' title='bbox 1161 3484 1278 3532; x_wconf 82' lang='grc' dir='ltr'><strong>μου</strong></span> <span class='ocrx_word' id='word_1_263' title='bbox 1321 3467 1581 3535; x_wconf 74' lang='grc' dir='ltr'>γίνεσθε,</span> <span class='ocrx_word' id='word_1_264' title='bbox 1624 3463 1817 3528; x_wconf 80' lang='grc' dir='ltr'>καθὼς</span> <span class='ocrx_word' id='word_1_265' title='bbox 1861 3463 2022 3533; x_wconf 56' lang='grc' dir='ltr'>κάγὼ</span> 
     </span>
    </p>
   </div>
   <div class='ocr_carea' id='block_1_39' title="bbox 431 3555 2017 3628">
    <p class='ocr_par' dir='ltr' id='par_1_39' title="bbox 431 3555 2017 3628">
     <span class='ocr_line' id='line_1_39' title="bbox 431 3555 2017 3628; baseline -0.002 -16"><span class='ocrx_word' id='word_1_266' title='bbox 431 3559 716 3625; x_wconf 75' lang='grc' dir='ltr'>Χριστοῦ.</span> <span class='ocrx_word' id='word_1_267' title='bbox 746 3555 874 3610; x_wconf 81' lang='grc' dir='ltr'>Εἶτα</span> <span class='ocrx_word' id='word_1_268' title='bbox 905 3561 1015 3622; x_wconf 78' lang='grc' dir='ltr'>τοῖς</span> <span class='ocrx_word' id='word_1_269' title='bbox 1047 3559 1120 3628; x_wconf 84' lang='grc' dir='ltr'>μὴ</span> <span class='ocrx_word' id='word_1_270' title='bbox 1151 3559 1243 3612; x_wconf 78' lang='grc' dir='ltr'>τὸν</span> <span class='ocrx_word' id='word_1_271' title='bbox 1270 3558 1477 3610; x_wconf 87' lang='grc' dir='ltr'>κανόνα</span> <span class='ocrx_word' id='word_1_272' title='bbox 1497 3557 1688 3609; x_wconf 77' lang='grc' dir='ltr'>τοῦτον</span> <span class='ocrx_word' id='word_1_273' title='bbox 1719 3556 2017 3624; x_wconf 84' lang='grc' dir='ltr'>φυλάττου-</span> 
     </span>
    </p>
   </div>
   <div class='ocr_carea' id='block_1_40' title="bbox 435 3649 1670 3722">
    <p class='ocr_par' dir='ltr' id='par_1_40' title="bbox 435 3649 1670 3722">
     <span class='ocr_line' id='line_1_40' title="bbox 435 3649 1670 3722; baseline 0.002 -20"><span class='ocrx_word' id='word_1_274' title='bbox 435 3649 522 3703; x_wconf 82' lang='grc' dir='ltr'><strong>σιν</strong></span> <span class='ocrx_word' id='word_1_275' title='bbox 554 3652 851 3718; x_wconf 79' lang='grc' dir='ltr'>ἐπάγουσιν</span> <span class='ocrx_word' id='word_1_276' title='bbox 879 3652 1159 3722; x_wconf 78' lang='grc' dir='ltr'>ἐπιτίμιον</span> <span class='ocrx_word' id='word_1_277' title='bbox 1189 3653 1287 3721; x_wconf 73' lang='grc' dir='ltr'>τὴν</span> <span class='ocrx_word' id='word_1_278' title='bbox 1322 3651 1670 3720; x_wconf 76' lang='grc' dir='ltr'>καθαίρεσιν.’</span> 
     </span>
    </p>
   </div>
   <div class='ocr_carea' id='block_1_41' title="bbox 2110 517 3677 594">
    <p class='ocr_par' dir='ltr' id='par_1_41' title="bbox 2110 517 3677 594">
     <span class='ocr_line' id='line_1_41' title="bbox 2110 517 3677 594; baseline -0.006 -13"><span class='ocrx_word' id='word_1_279' title='bbox 2110 527 2296 591; x_wconf 82' lang='lat' dir='ltr'><strong>fuerit,</strong></span> <span class='ocrx_word' id='word_1_280' title='bbox 2330 542 2573 592; x_wconf 81' lang='lat' dir='ltr'><strong>uxorem,</strong></span> <span class='ocrx_word' id='word_1_281' title='bbox 2626 526 2669 579; x_wconf 90' lang='lat' dir='ltr'><strong>si</strong></span> <span class='ocrx_word' id='word_1_282' title='bbox 2723 537 2843 594; x_wconf 75' lang='lat' dir='ltr'><strong>qute</strong></span> <span class='ocrx_word' id='word_1_283' title='bbox 2896 522 3131 577; x_wconf 91' lang='lat' dir='ltr'><strong>nondum</strong></span> <span class='ocrx_word' id='word_1_284' title='bbox 3187 519 3358 576; x_wconf 90' lang='lat' dir='ltr'><strong>sacris</strong></span> <span class='ocrx_word' id='word_1_285' title='bbox 3393 517 3677 572; x_wconf 85' lang='lat' dir='ltr'><strong>ordinibus</strong></span> 
     </span>
    </p>
   </div>
   <div class='ocr_carea' id='block_1_42' title="bbox 2108 608 3677 678">
    <p class='ocr_par' dir='ltr' id='par_1_42' title="bbox 2108 608 3677 678">
     <span class='ocr_line' id='line_1_42' title="bbox 2108 608 3677 678; baseline -0.009 -5"><span class='ocrx_word' id='word_1_286' title='bbox 2108 619 2322 673; x_wconf 87' lang='lat' dir='ltr'><strong>initiato</strong></span> <span class='ocrx_word' id='word_1_287' title='bbox 2376 619 2537 673; x_wconf 86' lang='lat' dir='ltr'><strong>ducta</strong></span> <span class='ocrx_word' id='word_1_288' title='bbox 2583 615 2744 678; x_wconf 81' lang='lat' dir='ltr'><strong>foret,</strong></span> <span class='ocrx_word' id='word_1_289' title='bbox 2787 615 2886 669; x_wconf 89' lang='lat' dir='ltr'><strong>sub</strong></span> <span class='ocrx_word' id='word_1_290' title='bbox 2924 614 3113 668; x_wconf 90' lang='lat' dir='ltr'><strong>eodem</strong></span> <span class='ocrx_word' id='word_1_291' title='bbox 3155 619 3296 665; x_wconf 77' lang='lat' dir='ltr'><strong>tento</strong></span> <span class='ocrx_word' id='word_1_292' title='bbox 3345 625 3412 664; x_wconf 86' lang='lat' dir='ltr'><strong>ne</strong></span> <span class='ocrx_word' id='word_1_293' title='bbox 3456 608 3677 675; x_wconf 83' lang='lat' dir='ltr'><strong>habeat,</strong></span> 
     </span>
    </p>
   </div>
   <div class='ocr_carea' id='block_1_43' title="bbox 2108 694 3680 780">
    <p class='ocr_par' dir='ltr' id='par_1_43' title="bbox 2108 694 3680 780">
     <span class='ocr_line' id='line_1_43' title="bbox 2108 694 3680 780; baseline -0.008 -14"><span class='ocrx_word' id='word_1_294' title='bbox 2108 713 2484 766; x_wconf 88' lang='lat' dir='ltr'><strong>constitutum.</strong></span> <span class='ocrx_word' id='word_1_295' title='bbox 2520 709 2586 762; x_wconf 88' lang='lat' dir='ltr'><strong>Et</strong></span> <span class='ocrx_word' id='word_1_296' title='bbox 2612 694 2744 763; x_wconf 53' lang='lat' dir='ltr'><strong>sero</strong></span> <span class='ocrx_word' id='word_1_297' title='bbox 2779 722 2882 761; x_wconf 92' lang='lat' dir='ltr'><strong>non</strong></span> <span class='ocrx_word' id='word_1_298' title='bbox 2912 719 2971 760; x_wconf 87' lang='lat' dir='ltr'><strong>se</strong></span> <span class='ocrx_word' id='word_1_299' title='bbox 2999 706 3180 761; x_wconf 88' lang='lat' dir='ltr'><strong>studio</strong></span> <span class='ocrx_word' id='word_1_300' title='bbox 3219 703 3526 758; x_wconf 65' lang='lat' dir='ltr'><strong>evertendas</strong></span> <span class='ocrx_word' id='word_1_301' title='bbox 3555 719 3680 780; x_wconf 88' lang='lat' dir='ltr'><strong>con-</strong></span> 
     </span>
    </p>
   </div>
   <div class='ocr_carea' id='block_1_44' title="bbox 2109 794 3680 868">
    <p class='ocr_par' dir='ltr' id='par_1_44' title="bbox 2109 794 3680 868">
     <span class='ocr_line' id='line_1_44' title="bbox 2109 794 3680 868; baseline -0.007 -12"><span class='ocrx_word' id='word_1_302' title='bbox 2109 803 2296 857; x_wconf 89' lang='lat' dir='ltr'><strong>trariis</strong></span> <span class='ocrx_word' id='word_1_303' title='bbox 2346 801 2726 857; x_wconf 84' lang='lat' dir='ltr'><strong>sanctionibus</strong></span> <span class='ocrx_word' id='word_1_304' title='bbox 2766 798 2992 868; x_wconf 87' lang='lat' dir='ltr'><strong>apostol.</strong></span> <span class='ocrx_word' id='word_1_305' title='bbox 3055 794 3458 852; x_wconf 79' lang='lat' dir='ltr'><strong>constitutionis</strong></span> <span class='ocrx_word' id='word_1_306' title='bbox 3509 794 3680 847; x_wconf 89' lang='lat' dir='ltr'><strong>addu-</strong></span> 
     </span>
    </p>
   </div>
   <div class='ocr_carea' id='block_1_45' title="bbox 2108 886 3680 964">
    <p class='ocr_par' dir='ltr' id='par_1_45' title="bbox 2108 886 3680 964">
     <span class='ocr_line' id='line_1_45' title="bbox 2108 886 3680 964; baseline -0.01 -13"><span class='ocrx_word' id='word_1_307' title='bbox 2108 906 2245 960; x_wconf 90' lang='lat' dir='ltr'><strong>ctos,</strong></span> <span class='ocrx_word' id='word_1_308' title='bbox 2293 894 2387 950; x_wconf 90' lang='lat' dir='ltr'><strong>sed</strong></span> <span class='ocrx_word' id='word_1_309' title='bbox 2440 893 2763 964; x_wconf 88' lang='lat' dir='ltr'><strong>populorum</strong></span> <span class='ocrx_word' id='word_1_310' title='bbox 2809 891 3005 953; x_wconf 86' lang='lat' dir='ltr'><strong>saluti,</strong></span> <span class='ocrx_word' id='word_1_311' title='bbox 3060 899 3225 957; x_wconf 87' lang='lat' dir='ltr'><strong>atque</strong></span> <span class='ocrx_word' id='word_1_312' title='bbox 3279 886 3332 939; x_wconf 91' lang='lat' dir='ltr'><strong>in</strong></span> <span class='ocrx_word' id='word_1_313' title='bbox 3388 886 3680 938; x_wconf 88' lang='lat' dir='ltr'><strong>virtutibus</strong></span> 
     </span>
    </p>
   </div>
   <div class='ocr_carea' id='block_1_46' title="bbox 2105 974 3680 1058">
    <p class='ocr_par' dir='ltr' id='par_1_46' title="bbox 2105 974 3680 1058">
     <span class='ocr_line' id='line_1_46' title="bbox 2105 974 3680 1058; baseline -0.01 -17"><span class='ocrx_word' id='word_1_314' title='bbox 2105 983 2888 1058; x_wconf 72' lang='lat' dir='ltr'><strong>progressioni&#39;consulentes,</strong></span> <span class='ocrx_word' id='word_1_315' title='bbox 2944 993 3008 1034; x_wconf 86' lang='lat' dir='ltr'><strong>ac</strong></span> <span class='ocrx_word' id='word_1_316' title='bbox 3060 993 3127 1032; x_wconf 90' lang='lat' dir='ltr'><strong>ne</strong></span> <span class='ocrx_word' id='word_1_317' title='bbox 3187 991 3290 1046; x_wconf 88' lang='lat' dir='ltr'><strong>qua</strong></span> <span class='ocrx_word' id='word_1_318' title='bbox 3354 974 3480 1028; x_wconf 89' lang='lat' dir='ltr'><strong>inde</strong></span> <span class='ocrx_word' id='word_1_319' title='bbox 3523 988 3680 1028; x_wconf 88' lang='lat' dir='ltr'><strong>sacro</strong></span> 
     </span>
    </p>
   </div>
   <div class='ocr_carea' id='block_1_47' title="bbox 2109 1068 3682 1142">
    <p class='ocr_par' dir='ltr' id='par_1_47' title="bbox 2109 1068 3682 1142">
     <span class='ocr_line' id='line_1_47' title="bbox 2109 1068 3682 1142; baseline -0.01 -8"><span class='ocrx_word' id='word_1_320' title='bbox 2109 1080 2287 1134; x_wconf 88' lang='lat' dir='ltr'><strong>ordini</strong></span> <span class='ocrx_word' id='word_1_321' title='bbox 2346 1077 2561 1132; x_wconf 85' lang='lat' dir='ltr'><strong>macula</strong></span> <span class='ocrx_word' id='word_1_322' title='bbox 2619 1078 2930 1130; x_wconf 87' lang='lat' dir='ltr'><strong>inureretur</strong></span> <span class='ocrx_word' id='word_1_323' title='bbox 2983 1071 3352 1142; x_wconf 87' lang='lat' dir='ltr'><strong>providentes,</strong></span> <span class='ocrx_word' id='word_1_324' title='bbox 3411 1068 3682 1137; x_wconf 80' lang='lat' dir='ltr'><strong>episcopis</strong></span> 
     </span>
    </p>
   </div>
   <div class='ocr_carea' id='block_1_48' title="bbox 2113 1163 3686 1240">
    <p class='ocr_par' dir='ltr' id='par_1_48' title="bbox 2113 1163 3686 1240">
     <span class='ocr_line' id='line_1_48' title="bbox 2113 1163 3686 1240; baseline -0.009 -13"><span class='ocrx_word' id='word_1_325' title='bbox 2113 1188 2337 1228; x_wconf 82' lang='lat' dir='ltr'><strong>uxorum</strong></span> <span class='ocrx_word' id='word_1_326' title='bbox 2364 1213 2382 1238; x_wconf 94' lang='lat'><strong>,</strong></span> <span class='ocrx_word' id='word_1_327' title='bbox 2416 1187 2550 1240; x_wconf 85' lang='lat' dir='ltr'><strong>quas</strong></span> <span class='ocrx_word' id='word_1_328' title='bbox 2584 1179 2742 1224; x_wconf 82' lang='lat' dir='ltr'><strong>antea</strong></span> <span class='ocrx_word' id='word_1_329' title='bbox 2772 1171 3057 1232; x_wconf 83' lang='lat' dir='ltr'><strong>duxerant,</strong></span> <span class='ocrx_word' id='word_1_330' title='bbox 3106 1163 3432 1219; x_wconf 88' lang='lat' dir='ltr'><strong>commercio</strong></span> <span class='ocrx_word' id='word_1_331' title='bbox 3459 1171 3514 1216; x_wconf 89' lang='lat' dir='ltr'><strong>et</strong></span> <span class='ocrx_word' id='word_1_332' title='bbox 3557 1175 3686 1215; x_wconf 89' lang='lat' dir='ltr'><strong>con-</strong></span> 
     </span>
    </p>
   </div>
   <div class='ocr_carea' id='block_1_49' title="bbox 2107 1259 3681 1321">
    <p class='ocr_par' dir='ltr' id='par_1_49' title="bbox 2107 1259 3681 1321">
     <span class='ocr_line' id='line_1_49' title="bbox 2107 1259 3681 1321; baseline -0.01 0"><span class='ocrx_word' id='word_1_333' title='bbox 2107 1267 2392 1321; x_wconf 80' lang='lat' dir='ltr'><strong>Snetudine</strong></span> <span class='ocrx_word' id='word_1_334' title='bbox 2419 1263 2844 1318; x_wconf 84' lang='lat' dir='ltr'><strong>interdicendum</strong></span> <span class='ocrx_word' id='word_1_335' title='bbox 2886 1259 3185 1318; x_wconf 90' lang='lat' dir='ltr'><strong>censuisse,</strong></span> <span class='ocrx_word' id='word_1_336' title='bbox 3223 1265 3471 1310; x_wconf 89' lang='lat' dir='ltr'><strong>auctores</strong></span> <span class='ocrx_word' id='word_1_337' title='bbox 3516 1267 3681 1308; x_wconf 81' lang='lat' dir='ltr'><strong>cano-</strong></span> 
     </span>
    </p>
   </div>
   <div class='ocr_carea' id='block_1_50' title="bbox 2107 1343 3680 1424">
    <p class='ocr_par' dir='ltr' id='par_1_50' title="bbox 2107 1343 3680 1424">
     <span class='ocr_line' id='line_1_50' title="bbox 2107 1343 3680 1424; baseline -0.01 -13"><span class='ocrx_word' id='word_1_338' title='bbox 2107 1359 2192 1412; x_wconf 91' lang='lat' dir='ltr'><strong>nis</strong></span> <span class='ocrx_word' id='word_1_339' title='bbox 2277 1356 2530 1411; x_wconf 87' lang='lat' dir='ltr'><strong>addidere</strong></span> <span class='ocrx_word' id='word_1_340' title='bbox 2579 1354 2781 1424; x_wconf 86' lang='lat' dir='ltr'><strong>:quasi</strong></span> <span class='ocrx_word' id='word_1_341' title='bbox 2839 1351 3048 1405; x_wconf 85' lang='lat' dir='ltr'><strong>divinos</strong></span> <span class='ocrx_word' id='word_1_342' title='bbox 3113 1347 3320 1404; x_wconf 81' lang='lat' dir='ltr'><strong>scilicet</strong></span> <span class='ocrx_word' id='word_1_343' title='bbox 3390 1343 3680 1414; x_wconf 88' lang='lat' dir='ltr'><strong>apostolos,</strong></span> 
     </span>
    </p>
   </div>
   <div class='ocr_carea' id='block_1_51' title="bbox 2107 1439 3687 1516">
    <p class='ocr_par' dir='ltr' id='par_1_51' title="bbox 2107 1439 3687 1516">
     <span class='ocr_line' id='line_1_51' title="bbox 2107 1439 3687 1516; baseline -0.011 -12"><span class='ocrx_word' id='word_1_344' title='bbox 2107 1460 2363 1506; x_wconf 89' lang='lat' dir='ltr'><strong>nascente</strong></span> <span class='ocrx_word' id='word_1_345' title='bbox 2417 1463 2480 1503; x_wconf 82' lang='lat' dir='ltr'><strong>ac</strong></span> <span class='ocrx_word' id='word_1_346' title='bbox 2518 1454 2825 1516; x_wconf 78' lang='lat' dir='ltr'><strong>emergente</strong></span> <span class='ocrx_word' id='word_1_347' title='bbox 2874 1455 2985 1499; x_wconf 90' lang='lat' dir='ltr'><strong>tum</strong></span> <span class='ocrx_word' id='word_1_348' title='bbox 3029 1443 3267 1512; x_wconf 88' lang='lat' dir='ltr'><strong>primum</strong></span> <span class='ocrx_word' id='word_1_349' title='bbox 3321 1439 3444 1503; x_wconf 83' lang='lat' dir='ltr'><strong>iide,</strong></span> <span class='ocrx_word' id='word_1_350' title='bbox 3511 1452 3687 1506; x_wconf 89' lang='lat' dir='ltr'><strong>neque</strong></span> 
     </span>
    </p>
   </div>
   <div class='ocr_carea' id='block_1_52' title="bbox 2107 1530 3686 1606">
    <p class='ocr_par' dir='ltr' id='par_1_52' title="bbox 2107 1530 3686 1606">
     <span class='ocr_line' id='line_1_52' title="bbox 2107 1530 3686 1606; baseline -0.01 -10"><span class='ocrx_word' id='word_1_351' title='bbox 2107 1543 2284 1596; x_wconf 90' lang='lat' dir='ltr'><strong>adhuc</strong></span> <span class='ocrx_word' id='word_1_352' title='bbox 2337 1542 2517 1595; x_wconf 87' lang='lat' dir='ltr'><strong>sonitu</strong></span> <span class='ocrx_word' id='word_1_353' title='bbox 2549 1531 2742 1593; x_wconf 81' lang='lat' dir='ltr'><strong>divime</strong></span> <span class='ocrx_word' id='word_1_354' title='bbox 2789 1534 3186 1606; x_wconf 70' lang='lat' dir='ltr'><strong>praedicationis</strong></span> <span class='ocrx_word' id='word_1_355' title='bbox 3231 1532 3395 1586; x_wconf 88' lang='lat' dir='ltr'><strong>latius</strong></span> <span class='ocrx_word' id='word_1_356' title='bbox 3434 1530 3686 1598; x_wconf 76' lang='lat' dir='ltr'><strong>evulgato</strong></span> 
     </span>
    </p>
   </div>
   <div class='ocr_carea' id='block_1_53' title="bbox 2108 1626 3684 1700">
    <p class='ocr_par' dir='ltr' id='par_1_53' title="bbox 2108 1626 3684 1700">
     <span class='ocr_line' id='line_1_53' title="bbox 2108 1626 3684 1700; baseline -0.009 -11"><span class='ocrx_word' id='word_1_357' title='bbox 2108 1636 2290 1689; x_wconf 90' lang='lat' dir='ltr'><strong>mitius</strong></span> <span class='ocrx_word' id='word_1_358' title='bbox 2321 1650 2440 1688; x_wconf 89' lang='lat' dir='ltr'><strong>cum</strong></span> <span class='ocrx_word' id='word_1_359' title='bbox 2478 1632 2564 1696; x_wconf 84' lang='lat' dir='ltr'><strong>iis,</strong></span> <span class='ocrx_word' id='word_1_360' title='bbox 2597 1631 2684 1700; x_wconf 91' lang='lat' dir='ltr'><strong>qui</strong></span> <span class='ocrx_word' id='word_1_361' title='bbox 2739 1630 2899 1683; x_wconf 80' lang='lat' dir='ltr'><strong>[idem</strong></span> <span class='ocrx_word' id='word_1_362' title='bbox 2949 1626 3437 1698; x_wconf 80' lang='lat' dir='ltr'><strong>amplecterentur,</strong></span> <span class='ocrx_word' id='word_1_363' title='bbox 3482 1638 3544 1677; x_wconf 87' lang='lat' dir='ltr'><strong>ac</strong></span> <span class='ocrx_word' id='word_1_364' title='bbox 3597 1637 3684 1676; x_wconf 87' lang='lat' dir='ltr'><strong>re-</strong></span> 
     </span>
    </p>
   </div>
   <div class='ocr_carea' id='block_1_54' title="bbox 2109 1705 3729 1796">
    <p class='ocr_par' dir='ltr' id='par_1_54' title="bbox 2109 1705 3729 1796">
     <span class='ocr_line' id='line_1_54' title="bbox 2109 1705 3729 1796; baseline -0.009 -15"><span class='ocrx_word' id='word_1_365' title='bbox 2109 1705 2327 1781; x_wconf 80' lang='lat' dir='ltr'><strong>missius</strong></span> <span class='ocrx_word' id='word_1_366' title='bbox 2352 1724 2549 1796; x_wconf 83' lang='lat' dir='ltr'><strong>egisse,</strong></span> <span class='ocrx_word' id='word_1_367' title='bbox 2579 1737 2682 1776; x_wconf 88' lang='lat' dir='ltr'><strong>nec</strong></span> <span class='ocrx_word' id='word_1_368' title='bbox 2713 1722 2779 1774; x_wconf 79' lang='lat' dir='ltr'><strong>ab</strong></span> <span class='ocrx_word' id='word_1_369' title='bbox 2807 1722 2886 1774; x_wconf 90' lang='lat' dir='ltr'><strong>eis</strong></span> <span class='ocrx_word' id='word_1_370' title='bbox 2933 1733 3124 1772; x_wconf 88' lang='lat' dir='ltr'><strong>omnes</strong></span> <span class='ocrx_word' id='word_1_371' title='bbox 3180 1715 3530 1785; x_wconf 81' lang='lat' dir='ltr'><strong>perfeCtionis</strong></span> <span class='ocrx_word' id='word_1_372' title='bbox 3585 1729 3691 1767; x_wconf 86' lang='lat' dir='ltr'><strong>nu-</strong></span> <span class='ocrx_word' id='word_1_373' title='bbox 3723 1711 3729 1722; x_wconf 77' lang='lat'>‘</span> 
     </span>
    </p>
   </div>
   <div class='ocr_carea' id='block_1_55' title="bbox 2108 1798 3684 1885">
    <p class='ocr_par' dir='ltr' id='par_1_55' title="bbox 2108 1798 3684 1885">
     <span class='ocr_line' id='line_1_55' title="bbox 2108 1798 3684 1885; baseline -0.01 -12"><span class='ocrx_word' id='word_1_374' title='bbox 2108 1834 2290 1874; x_wconf 88' lang='lat' dir='ltr'><strong>meros</strong></span> <span class='ocrx_word' id='word_1_375' title='bbox 2326 1798 2856 1885; x_wconf 42' lang='lat' dir='ltr'><strong>exigentesfaliquid</strong></span> <span class='ocrx_word' id='word_1_376' title='bbox 2883 1820 2992 1866; x_wconf 84' lang='lat' dir='ltr'><strong>tum</strong></span> <span class='ocrx_word' id='word_1_377' title='bbox 3026 1809 3385 1864; x_wconf 87' lang='lat' dir='ltr'><strong>imbecillitati</strong></span> <span class='ocrx_word' id='word_1_378' title='bbox 3415 1807 3684 1874; x_wconf 88' lang='lat' dir='ltr'><strong>ipsorum.</strong></span> 
     </span>
    </p>
   </div>
   <div class='ocr_carea' id='block_1_56' title="bbox 2107 1897 3686 1975">
    <p class='ocr_par' dir='ltr' id='par_1_56' title="bbox 2107 1897 3686 1975">
     <span class='ocr_line' id='line_1_56' title="bbox 2107 1897 3686 1975; baseline -0.011 -8"><span class='ocrx_word' id='word_1_379' title='bbox 2107 1920 2218 1967; x_wconf 82' lang='lat' dir='ltr'><strong>tum</strong></span> <span class='ocrx_word' id='word_1_380' title='bbox 2278 1911 2588 1965; x_wconf 75' lang='lat' dir='ltr'><strong>inveterata:</strong></span> <span class='ocrx_word' id='word_1_381' title='bbox 2643 1906 2782 1975; x_wconf 91' lang='lat' dir='ltr'><strong>apud</strong></span> <span class='ocrx_word' id='word_1_382' title='bbox 2833 1919 3021 1960; x_wconf 88' lang='lat' dir='ltr'><strong>omnes</strong></span> <span class='ocrx_word' id='word_1_383' title='bbox 3061 1911 3288 1972; x_wconf 77' lang='lat' dir='ltr'><strong>gentes,</strong></span> <span class='ocrx_word' id='word_1_384' title='bbox 3338 1911 3496 1969; x_wconf 87' lang='lat' dir='ltr'><strong>atque</strong></span> <span class='ocrx_word' id='word_1_385' title='bbox 3547 1897 3686 1952; x_wconf 85' lang='lat' dir='ltr'><strong>adeo</strong></span> 
     </span>
    </p>
   </div>
   <div class='ocr_carea' id='block_1_57' title="bbox 2106 1988 3684 2072">
    <p class='ocr_par' dir='ltr' id='par_1_57' title="bbox 2106 1988 3684 2072">
     <span class='ocr_line' id='line_1_57' title="bbox 2106 1988 3684 2072; baseline -0.011 -14"><span class='ocrx_word' id='word_1_386' title='bbox 2106 2002 2246 2072; x_wconf 87' lang='lat' dir='ltr'><strong>apud</strong></span> <span class='ocrx_word' id='word_1_387' title='bbox 2297 1989 2442 2072; x_wconf 80' lang='lat' dir='ltr'><strong>ipsos</strong></span> <span class='ocrx_word' id='word_1_388' title='bbox 2497 1998 2732 2061; x_wconf 72' lang='lat' dir='ltr'><strong>Judteos,</strong></span> <span class='ocrx_word' id='word_1_389' title='bbox 2787 1996 3173 2052; x_wconf 87' lang='lat' dir='ltr'><strong>consuetudini</strong></span> <span class='ocrx_word' id='word_1_390' title='bbox 3207 1993 3500 2048; x_wconf 89' lang='lat' dir='ltr'><strong>indulsisse</strong></span> <span class='ocrx_word' id='word_1_391' title='bbox 3538 1988 3684 2044; x_wconf 80' lang='lat' dir='ltr'><strong>amr—</strong></span> 
     </span>
    </p>
   </div>
   <div class='ocr_carea' id='block_1_58' title="bbox 2109 2083 3688 2150">
    <p class='ocr_par' dir='ltr' id='par_1_58' title="bbox 2109 2083 3688 2150">
     <span class='ocr_line' id='line_1_58' title="bbox 2109 2083 3688 2150; baseline -0.008 -2"><span class='ocrx_word' id='word_1_392' title='bbox 2109 2105 2276 2150; x_wconf 90' lang='lat' dir='ltr'><strong>ment.</strong></span> <span class='ocrx_word' id='word_1_393' title='bbox 2345 2092 2479 2146; x_wconf 87' lang='lat' dir='ltr'><strong>Nam</strong></span> <span class='ocrx_word' id='word_1_394' title='bbox 2521 2101 2576 2146; x_wconf 91' lang='lat' dir='ltr'><strong>et</strong></span> <span class='ocrx_word' id='word_1_395' title='bbox 2637 2091 2866 2145; x_wconf 90' lang='lat' dir='ltr'><strong>summis</strong></span> <span class='ocrx_word' id='word_1_396' title='bbox 2941 2087 3254 2143; x_wconf 84' lang='lat' dir='ltr'><strong>Judacorum</strong></span> <span class='ocrx_word' id='word_1_397' title='bbox 3315 2083 3688 2141; x_wconf 87' lang='lat' dir='ltr'><strong>sacerdotibus</strong></span> 
     </span>
    </p>
   </div>
   <div class='ocr_carea' id='block_1_59' title="bbox 2108 2175 3685 2252">
    <p class='ocr_par' dir='ltr' id='par_1_59' title="bbox 2108 2175 3685 2252">
     <span class='ocr_line' id='line_1_59' title="bbox 2108 2175 3685 2252; baseline -0.008 -13"><span class='ocrx_word' id='word_1_398' title='bbox 2108 2200 2310 2239; x_wconf 80' lang='lat' dir='ltr'><strong>uxores</strong></span> <span class='ocrx_word' id='word_1_399' title='bbox 2365 2185 2564 2244; x_wconf 79' lang='lat' dir='ltr'><strong>habere</strong></span> <span class='ocrx_word' id='word_1_400' title='bbox 2621 2196 2720 2252; x_wconf 88' lang='lat' dir='ltr'><strong>per</strong></span> <span class='ocrx_word' id='word_1_401' title='bbox 2771 2181 2916 2250; x_wconf 87' lang='lat' dir='ltr'><strong>leges</strong></span> <span class='ocrx_word' id='word_1_402' title='bbox 2971 2179 3189 2241; x_wconf 88' lang='lat' dir='ltr'><strong>licebat,</strong></span> <span class='ocrx_word' id='word_1_403' title='bbox 3239 2190 3415 2246; x_wconf 85' lang='lat' dir='ltr'><strong>neque</strong></span> <span class='ocrx_word' id='word_1_404' title='bbox 3459 2175 3511 2228; x_wconf 88' lang='lat' dir='ltr'><strong>id</strong></span> <span class='ocrx_word' id='word_1_405' title='bbox 3557 2187 3685 2227; x_wconf 77' lang='lat' dir='ltr'><strong>vero</strong></span> 
     </span>
    </p>
   </div>
   <div class='ocr_carea' id='block_1_60' title="bbox 2106 2270 3681 2333">
    <p class='ocr_par' dir='ltr' id='par_1_60' title="bbox 2106 2270 3681 2333">
     <span class='ocr_line' id='line_1_60' title="bbox 2106 2270 3681 2333; baseline -0.008 0"><span class='ocrx_word' id='word_1_406' title='bbox 2106 2279 2418 2333; x_wconf 66' lang='lat' dir='ltr'><strong>Graacormn</strong></span> <span class='ocrx_word' id='word_1_407' title='bbox 2446 2275 2768 2331; x_wconf 82' lang='lat' dir='ltr'><strong>sacriiiculis</strong></span> <span class='ocrx_word' id='word_1_408' title='bbox 2789 2274 2892 2327; x_wconf 88' lang='lat' dir='ltr'><strong>ulla</strong></span> <span class='ocrx_word' id='word_1_409' title='bbox 2919 2272 3309 2332; x_wconf 80' lang='lat' dir='ltr'><strong>constitutione</strong></span> <span class='ocrx_word' id='word_1_410' title='bbox 3333 2270 3681 2324; x_wconf 89' lang='lat' dir='ltr'><strong>interdictum</strong></span> 
     </span>
    </p>
   </div>
   <div class='ocr_carea' id='block_1_61' title="bbox 2106 2359 3686 2435">
    <p class='ocr_par' dir='ltr' id='par_1_61' title="bbox 2106 2359 3686 2435">
     <span class='ocr_line' id='line_1_61' title="bbox 2106 2359 3686 2435; baseline -0.007 -11"><span class='ocrx_word' id='word_1_411' title='bbox 2106 2371 2226 2424; x_wconf 83' lang='lat' dir='ltr'><strong>fuit.</strong></span> <span class='ocrx_word' id='word_1_412' title='bbox 2272 2367 2428 2422; x_wconf 90' lang='lat' dir='ltr'><strong>Nunc</strong></span> <span class='ocrx_word' id='word_1_413' title='bbox 2453 2383 2583 2422; x_wconf 91' lang='lat' dir='ltr'><strong>vero</strong></span> <span class='ocrx_word' id='word_1_414' title='bbox 2616 2367 2776 2435; x_wconf 78' lang='lat' dir='ltr'><strong>longe</strong></span> <span class='ocrx_word' id='word_1_415' title='bbox 2807 2365 3024 2433; x_wconf 90' lang='lat' dir='ltr'><strong>lateque</strong></span> <span class='ocrx_word' id='word_1_416' title='bbox 3070 2371 3367 2433; x_wconf 77' lang='lat' dir='ltr'><strong>propagata</strong></span> <span class='ocrx_word' id='word_1_417' title='bbox 3403 2359 3686 2429; x_wconf 74' lang='lat' dir='ltr'><strong>religione,</strong></span> 
     </span>
    </p>
   </div>
   <div class='ocr_carea' id='block_1_62' title="bbox 2109 2453 3684 2532">
    <p class='ocr_par' dir='ltr' id='par_1_62' title="bbox 2109 2453 3684 2532">
     <span class='ocr_line' id='line_1_62' title="bbox 2109 2453 3684 2532; baseline -0.009 -14"><span class='ocrx_word' id='word_1_418' title='bbox 2109 2479 2172 2520; x_wconf 87' lang='lat' dir='ltr'><strong>ac</strong></span> <span class='ocrx_word' id='word_1_419' title='bbox 2222 2461 2531 2532; x_wconf 81' lang='lat' dir='ltr'><strong>diligentius</strong></span> <span class='ocrx_word' id='word_1_420' title='bbox 2584 2475 2707 2528; x_wconf 67' lang='lat' dir='ltr'><strong>qua:</strong></span> <span class='ocrx_word' id='word_1_421' title='bbox 2771 2458 2838 2511; x_wconf 91' lang='lat' dir='ltr'><strong>ad</strong></span> <span class='ocrx_word' id='word_1_422' title='bbox 2890 2456 3222 2512; x_wconf 88' lang='lat' dir='ltr'><strong>sanctiorem</strong></span> <span class='ocrx_word' id='word_1_423' title='bbox 3273 2453 3396 2507; x_wconf 69' lang='lat' dir='ltr'><strong>vita:</strong></span> <span class='ocrx_word' id='word_1_424' title='bbox 3439 2467 3684 2507; x_wconf 87' lang='lat' dir='ltr'><strong>normam</strong></span> 
     </span>
    </p>
   </div>
   <div class='ocr_carea' id='block_1_63' title="bbox 2107 2543 3694 2624">
    <p class='ocr_par' dir='ltr' id='par_1_63' title="bbox 2107 2543 3694 2624">
     <span class='ocr_line' id='line_1_63' title="bbox 2107 2543 3694 2624; baseline -0.008 -16"><span class='ocrx_word' id='word_1_425' title='bbox 2107 2556 2379 2624; x_wconf 86' lang='lat' dir='ltr'><strong>pertinent</strong></span> <span class='ocrx_word' id='word_1_426' title='bbox 2406 2551 2733 2614; x_wconf 82' lang='lat' dir='ltr'><strong>constitutis,</strong></span> <span class='ocrx_word' id='word_1_427' title='bbox 2787 2555 3118 2618; x_wconf 80' lang='lat' dir='ltr'><strong>augescente</strong></span> <span class='ocrx_word' id='word_1_428' title='bbox 3169 2545 3339 2599; x_wconf 90' lang='lat' dir='ltr'><strong>indies</strong></span> <span class='ocrx_word' id='word_1_429' title='bbox 3371 2543 3694 2612; x_wconf 76' lang='lat' dir='ltr'><strong>evangelico</strong></span> 
     </span>
    </p>
   </div>
   <div class='ocr_carea' id='block_1_64' title="bbox 2107 2637 3690 2709">
    <p class='ocr_par' dir='ltr' id='par_1_64' title="bbox 2107 2637 3690 2709">
     <span class='ocr_line' id='line_1_64' title="bbox 2107 2637 3690 2709; baseline -0.008 -9"><span class='ocrx_word' id='word_1_430' title='bbox 2107 2646 2277 2708; x_wconf 90' lang='lat' dir='ltr'><strong>cultu,</strong></span> <span class='ocrx_word' id='word_1_431' title='bbox 2312 2637 2711 2704; x_wconf 89' lang='lat' dir='ltr'><strong>Severioribus,</strong></span> <span class='ocrx_word' id='word_1_432' title='bbox 2740 2640 3006 2709; x_wconf 89' lang='lat' dir='ltr'><strong>inquiunt,</strong></span> <span class='ocrx_word' id='word_1_433' title='bbox 3029 2638 3192 2692; x_wconf 81' lang='lat' dir='ltr'><strong>vitam</strong></span> <span class='ocrx_word' id='word_1_434' title='bbox 3224 2650 3372 2689; x_wconf 88' lang='lat' dir='ltr'><strong>suam</strong></span> <span class='ocrx_word' id='word_1_435' title='bbox 3405 2637 3690 2690; x_wconf 82' lang='lat' dir='ltr'><strong>continen-</strong></span> 
     </span>
    </p>
   </div>
   <div class='ocr_carea' id='block_1_65' title="bbox 2109 2727 3689 2807">
    <p class='ocr_par' dir='ltr' id='par_1_65' title="bbox 2109 2727 3689 2807">
     <span class='ocr_line' id='line_1_65' title="bbox 2109 2727 3689 2807; baseline -0.007 -15"><span class='ocrx_word' id='word_1_436' title='bbox 2109 2740 2194 2792; x_wconf 67' lang='lat' dir='ltr'><strong>tia:</strong></span> <span class='ocrx_word' id='word_1_437' title='bbox 2227 2734 2778 2806; x_wconf 77' lang='lat' dir='ltr'><strong>iegibusastringere</strong></span> <span class='ocrx_word' id='word_1_438' title='bbox 2813 2732 2912 2807; x_wconf 84' lang='lat' dir='ltr'><strong>ipsi</strong></span> <span class='ocrx_word' id='word_1_439' title='bbox 2944 2742 3157 2800; x_wconf 88' lang='lat' dir='ltr'><strong>quoque</strong></span> <span class='ocrx_word' id='word_1_440' title='bbox 3201 2727 3445 2798; x_wconf 86' lang='lat' dir='ltr'><strong>episcopi</strong></span> <span class='ocrx_word' id='word_1_441' title='bbox 3473 2729 3689 2786; x_wconf 87' lang='lat' dir='ltr'><strong>debent.</strong></span> 
     </span>
    </p>
   </div>
   <div class='ocr_carea' id='block_1_66' title="bbox 2108 2813 3680 2882">
    <p class='ocr_par' dir='ltr' id='par_1_66' title="bbox 2108 2813 3680 2882">
     <span class='ocr_line' id='line_1_66' title="bbox 2108 2813 3680 2882; baseline -0.003 -3"><span class='ocrx_word' id='word_1_442' title='bbox 2108 2813 2300 2880; x_wconf 62' lang='lat' dir='ltr'><strong>ut&#39;non</strong></span> <span class='ocrx_word' id='word_1_443' title='bbox 2334 2826 2492 2880; x_wconf 85' lang='lat' dir='ltr'><strong>modo</strong></span> <span class='ocrx_word' id='word_1_444' title='bbox 2523 2823 2592 2876; x_wconf 92' lang='lat' dir='ltr'><strong>ab</strong></span> <span class='ocrx_word' id='word_1_445' title='bbox 2623 2823 2812 2878; x_wconf 87' lang='lat' dir='ltr'><strong>alienis</strong></span> <span class='ocrx_word' id='word_1_446' title='bbox 2841 2820 3100 2875; x_wconf 84' lang='lat' dir='ltr'><strong>uxoribus</strong></span> <span class='ocrx_word' id='word_1_447' title='bbox 3129 2822 3461 2882; x_wconf 87' lang='lat' dir='ltr'><strong>abstineant,</strong></span> <span class='ocrx_word' id='word_1_448' title='bbox 3492 2819 3586 2874; x_wconf 90' lang='lat' dir='ltr'><strong>sed</strong></span> <span class='ocrx_word' id='word_1_449' title='bbox 3613 2821 3680 2874; x_wconf 88' lang='lat' dir='ltr'><strong>ab</strong></span> 
     </span>
    </p>
   </div>
   <div class='ocr_carea' id='block_1_67' title="bbox 2108 2911 3688 2984">
    <p class='ocr_par' dir='ltr' id='par_1_67' title="bbox 2108 2911 3688 2984">
     <span class='ocr_line' id='line_1_67' title="bbox 2108 2911 3688 2984; baseline -0.003 -15"><span class='ocrx_word' id='word_1_450' title='bbox 2108 2919 2176 2972; x_wconf 93' lang='lat' dir='ltr'><strong>iis</strong></span> <span class='ocrx_word' id='word_1_451' title='bbox 2219 2931 2455 2984; x_wconf 88' lang='lat' dir='ltr'><strong>quoque,</strong></span> <span class='ocrx_word' id='word_1_452' title='bbox 2504 2931 2640 2981; x_wconf 87' lang='lat' dir='ltr'><strong>quas</strong></span> <span class='ocrx_word' id='word_1_453' title='bbox 2691 2915 2793 2967; x_wconf 88' lang='lat' dir='ltr'><strong>tori</strong></span> <span class='ocrx_word' id='word_1_454' title='bbox 2839 2917 3125 2966; x_wconf 83' lang='lat' dir='ltr'><strong>c0nsor‘tes</strong></span> <span class='ocrx_word' id='word_1_455' title='bbox 3181 2911 3473 2966; x_wconf 89' lang='lat' dir='ltr'><strong>habuere:</strong></span> <span class='ocrx_word' id='word_1_456' title='bbox 3511 2927 3688 2980; x_wconf 87' lang='lat' dir='ltr'><strong>neque</strong></span> 
     </span>
    </p>
   </div>
   <div class='ocr_carea' id='block_1_68' title="bbox 2111 3003 3690 3067">
    <p class='ocr_par' dir='ltr' id='par_1_68' title="bbox 2111 3003 3690 3067">
     <span class='ocr_line' id='line_1_68' title="bbox 2111 3003 3690 3067; baseline -0.005 -5"><span class='ocrx_word' id='word_1_457' title='bbox 2111 3007 2282 3062; x_wconf 86' lang='lat' dir='ltr'><strong>solum</strong></span> <span class='ocrx_word' id='word_1_458' title='bbox 2332 3009 2451 3061; x_wconf 91' lang='lat' dir='ltr'><strong>lecti</strong></span> <span class='ocrx_word' id='word_1_459' title='bbox 2500 3006 2676 3059; x_wconf 72' lang='lat' dir='ltr'><strong>socias</strong></span> <span class='ocrx_word' id='word_1_460' title='bbox 2737 3020 2843 3057; x_wconf 88' lang='lat' dir='ltr'><strong>nou</strong></span> <span class='ocrx_word' id='word_1_461' title='bbox 2905 3005 3221 3067; x_wconf 81' lang='lat' dir='ltr'><strong>admittant,</strong></span> <span class='ocrx_word' id='word_1_462' title='bbox 3273 3003 3368 3058; x_wconf 87' lang='lat' dir='ltr'><strong>sed</strong></span> <span class='ocrx_word' id='word_1_463' title='bbox 3435 3017 3534 3057; x_wconf 84' lang='lat' dir='ltr'><strong>nec</strong></span> <span class='ocrx_word' id='word_1_464' title='bbox 3591 3008 3690 3058; x_wconf 82' lang='lat' dir='ltr'><strong>sub</strong></span> 
     </span>
    </p>
   </div>
   <div class='ocr_carea' id='block_1_69' title="bbox 2113 3095 3689 3164">
    <p class='ocr_par' dir='ltr' id='par_1_69' title="bbox 2113 3095 3689 3164">
     <span class='ocr_line' id='line_1_69' title="bbox 2113 3095 3689 3164; baseline -0.001 -10"><span class='ocrx_word' id='word_1_465' title='bbox 2113 3101 2300 3154; x_wconf 89' lang='lat' dir='ltr'><strong>eodem</strong></span> <span class='ocrx_word' id='word_1_466' title='bbox 2333 3109 2475 3152; x_wconf 88' lang='lat' dir='ltr'><strong>tecto</strong></span> <span class='ocrx_word' id='word_1_467' title='bbox 2505 3108 2599 3150; x_wconf 86' lang='lat' dir='ltr'><strong>aut</strong></span> <span class='ocrx_word' id='word_1_468' title='bbox 2646 3097 2833 3153; x_wconf 88' lang='lat' dir='ltr'><strong>iisdem</strong></span> <span class='ocrx_word' id='word_1_469' title='bbox 2889 3096 3092 3150; x_wconf 67' lang='lat' dir='ltr'><strong>aedibus</strong></span> <span class='ocrx_word' id='word_1_470' title='bbox 3151 3097 3360 3164; x_wconf 75' lang='lat' dir='ltr'><strong>degere‘</strong></span> <span class='ocrx_word' id='word_1_471' title='bbox 3395 3095 3689 3162; x_wconf 79' lang='lat' dir='ltr'><strong>patiuntur.</strong></span> 
     </span>
    </p>
   </div>
   <div class='ocr_carea' id='block_1_70' title="bbox 2121 3192 3684 3262">
    <p class='ocr_par' dir='ltr' id='par_1_70' title="bbox 2121 3192 3684 3262">
     <span class='ocr_line' id='line_1_70' title="bbox 2121 3192 3684 3262; baseline -0.003 -12"><span class='ocrx_word' id='word_1_472' title='bbox 2121 3194 2254 3250; x_wconf 83' lang='lat' dir='ltr'><strong>Nam</strong></span> <span class='ocrx_word' id='word_1_473' title='bbox 2284 3197 2384 3249; x_wconf 90' lang='lat' dir='ltr'><strong>etsi</strong></span> <span class='ocrx_word' id='word_1_474' title='bbox 2412 3194 2526 3248; x_wconf 76' lang='lat' dir='ltr'><strong>fieri</strong></span> <span class='ocrx_word' id='word_1_475' title='bbox 2555 3202 2750 3262; x_wconf 78' lang='lat' dir='ltr'><strong>potest,</strong></span> <span class='ocrx_word' id='word_1_476' title='bbox 2783 3202 2839 3244; x_wconf 91' lang='lat' dir='ltr'><strong>ut</strong></span> <span class='ocrx_word' id='word_1_477' title='bbox 2865 3203 3126 3262; x_wconf 83' lang='lat' dir='ltr'><strong>castos,se</strong></span> <span class='ocrx_word' id='word_1_478' title='bbox 3151 3192 3501 3246; x_wconf 88' lang='lat' dir='ltr'><strong>nihilominus</strong></span> <span class='ocrx_word' id='word_1_479' title='bbox 3524 3202 3684 3260; x_wconf 74' lang='lat' dir='ltr'><strong>atque</strong></span> 
     </span>
    </p>
   </div>
   <div class='ocr_carea' id='block_1_71' title="bbox 2122 3281 3690 3357">
    <p class='ocr_par' dir='ltr' id='par_1_71' title="bbox 2122 3281 3690 3357">
     <span class='ocr_line' id='line_1_71' title="bbox 2122 3281 3690 3357; baseline -0.003 -17"><span class='ocrx_word' id='word_1_480' title='bbox 2122 3288 2362 3357; x_wconf 79' lang='lat' dir='ltr'><strong>integros</strong></span> <span class='ocrx_word' id='word_1_481' title='bbox 2392 3289 2633 3350; x_wconf 78' lang='lat' dir='ltr'><strong>servent,</strong></span> <span class='ocrx_word' id='word_1_482' title='bbox 2668 3283 2788 3337; x_wconf 85' lang='lat' dir='ltr'><strong>aliis</strong></span> <span class='ocrx_word' id='word_1_483' title='bbox 2821 3292 3000 3338; x_wconf 86' lang='lat' dir='ltr'><strong>tamen</strong></span> <span class='ocrx_word' id='word_1_484' title='bbox 3047 3281 3374 3337; x_wconf 79' lang='lat' dir='ltr'><strong>oi&#39;l&#39;endiculo</strong></span> <span class='ocrx_word' id='word_1_485' title='bbox 3423 3294 3477 3336; x_wconf 91' lang='lat' dir='ltr'><strong>et</strong></span> <span class='ocrx_word' id='word_1_486' title='bbox 3529 3298 3690 3335; x_wconf 68' lang='lat' dir='ltr'><strong>svan-</strong></span> 
     </span>
    </p>
   </div>
   <div class='ocr_carea' id='block_1_72' title="bbox 2123 3374 3690 3443">
    <p class='ocr_par' dir='ltr' id='par_1_72' title="bbox 2123 3374 3690 3443">
     <span class='ocr_line' id='line_1_72' title="bbox 2123 3374 3690 3443; baseline -0.005 -10"><span class='ocrx_word' id='word_1_487' title='bbox 2123 3379 2246 3433; x_wconf 92' lang='lat' dir='ltr'><strong>dalo</strong></span> <span class='ocrx_word' id='word_1_488' title='bbox 2294 3385 2476 3431; x_wconf 87' lang='lat' dir='ltr'><strong>erunt.</strong></span> <span class='ocrx_word' id='word_1_489' title='bbox 2532 3377 2650 3442; x_wconf 87' lang='lat' dir='ltr'><strong>Quo</strong></span> <span class='ocrx_word' id='word_1_490' title='bbox 2711 3377 2830 3431; x_wconf 90' lang='lat' dir='ltr'><strong>loco</strong></span> <span class='ocrx_word' id='word_1_491' title='bbox 2881 3389 3134 3443; x_wconf 77' lang='lat' dir='ltr'><strong>magnum</strong></span> <span class='ocrx_word' id='word_1_492' title='bbox 3197 3389 3410 3443; x_wconf 90' lang='lat' dir='ltr'><strong>quoque</strong></span> <span class='ocrx_word' id='word_1_493' title='bbox 3468 3374 3690 3428; x_wconf 73' lang='lat' dir='ltr'><strong>Paulum</strong></span> 
     </span>
    </p>
   </div>
   <div class='ocr_carea' id='block_1_73' title="bbox 2119 3465 3693 3546">
    <p class='ocr_par' dir='ltr' id='par_1_73' title="bbox 2119 3465 3693 3546">
     <span class='ocr_line' id='line_1_73' title="bbox 2119 3465 3693 3546; baseline -0.002 -22"><span class='ocrx_word' id='word_1_494' title='bbox 2119 3470 2297 3524; x_wconf 82' lang='lat' dir='ltr'><strong>sancti</strong></span> <span class='ocrx_word' id='word_1_495' title='bbox 2336 3469 2526 3524; x_wconf 86' lang='lat' dir='ltr'><strong>Patres</strong></span> <span class='ocrx_word' id='word_1_496' title='bbox 2555 3469 2883 3540; x_wconf 88' lang='lat' dir='ltr'><strong>producunt,</strong></span> <span class='ocrx_word' id='word_1_497' title='bbox 2914 3466 3181 3546; x_wconf 80' lang='lat' dir='ltr'><strong>dicentem</strong></span> <span class='ocrx_word' id='word_1_498' title='bbox 3211 3483 3224 3520; x_wconf 93' lang='lat'><strong>:</strong></span> <span class='ocrx_word' id='word_1_499' title='bbox 3255 3465 3381 3521; x_wconf 84' lang='lat' dir='ltr'><strong>Sine</strong></span> <span class='ocrx_word' id='word_1_500' title='bbox 3408 3467 3693 3536; x_wconf 73' lang='lat' dir='ltr'><strong>oﬂensiane</strong></span> 
     </span>
    </p>
   </div>
   <div class='ocr_carea' id='block_1_74' title="bbox 2126 3558 3698 3628">
    <p class='ocr_par' dir='ltr' id='par_1_74' title="bbox 2126 3558 3698 3628">
     <span class='ocr_line' id='line_1_74' title="bbox 2126 3558 3698 3628; baseline -0.004 -12"><span class='ocrx_word' id='word_1_501' title='bbox 2126 3572 2290 3616; x_wconf 81' lang='lat' dir='ltr'><strong>estote</strong></span> <span class='ocrx_word' id='word_1_502' title='bbox 2343 3573 2388 3616; x_wconf 88' lang='lat' dir='ltr'><strong>et</strong></span> <span class='ocrx_word' id='word_1_503' title='bbox 2421 3561 2624 3615; x_wconf 66' lang='lat' dir='ltr'><strong>Juda’is</strong></span> <span class='ocrx_word' id='word_1_504' title='bbox 2653 3568 2701 3614; x_wconf 81' lang='lat' dir='ltr'><strong>et</strong></span> <span class='ocrx_word' id='word_1_505' title='bbox 2742 3559 2967 3625; x_wconf 76' lang='lat' dir='ltr'><strong>ercis,</strong></span> <span class='ocrx_word' id='word_1_506' title='bbox 3015 3569 3061 3613; x_wconf 86' lang='lat' dir='ltr'><strong>et</strong></span> <span class='ocrx_word' id='word_1_507' title='bbox 3104 3558 3356 3613; x_wconf 77' lang='lat' dir='ltr'><strong>Ecclesia:</strong></span> <span class='ocrx_word' id='word_1_508' title='bbox 3385 3560 3498 3621; x_wconf 84' lang='lat' dir='ltr'><strong>Dei,</strong></span> <span class='ocrx_word' id='word_1_509' title='bbox 3521 3576 3698 3628; x_wconf 80' lang='lat' dir='ltr'><strong>quam-</strong></span> 
     </span>
    </p>
   </div>
   <div class='ocr_carea' id='block_1_75' title="bbox 2115 3651 3694 3722">
    <p class='ocr_par' dir='ltr' id='par_1_75' title="bbox 2115 3651 3694 3722">
     <span class='ocr_line' id='line_1_75' title="bbox 2115 3651 3694 3722; baseline -0.004 -14"><span class='ocrx_word' id='word_1_510' title='bbox 2115 3654 2402 3708; x_wconf 83' lang='lat' dir='ltr'><strong>admodum</strong></span> <span class='ocrx_word' id='word_1_511' title='bbox 2456 3664 2503 3706; x_wconf 85' lang='lat' dir='ltr'><strong>et</strong></span> <span class='ocrx_word' id='word_1_512' title='bbox 2561 3669 2653 3722; x_wconf 70' lang='lat' dir='ltr'><strong>ego</strong></span> <span class='ocrx_word' id='word_1_513' title='bbox 2705 3652 3026 3706; x_wconf 76' lang='lat' dir='ltr'><strong>omnibusin</strong></span> <span class='ocrx_word' id='word_1_514' title='bbox 3064 3651 3302 3706; x_wconf 84' lang='lat' dir='ltr'><strong>omnibus</strong></span> <span class='ocrx_word' id='word_1_515' title='bbox 3345 3653 3549 3720; x_wconf 85' lang='lat' dir='ltr'><strong>placeo,</strong></span> <span class='ocrx_word' id='word_1_516' title='bbox 3589 3668 3694 3703; x_wconf 71' lang='lat' dir='ltr'><strong>non</strong></span> 
     </span>
    </p>
   </div>
   <div class='ocr_carea' id='block_1_76' title="bbox 431 3739 3692 3813">
    <p class='ocr_par' dir='ltr' id='par_1_76' title="bbox 431 3739 3692 3813">
     <span class='ocr_line' id='line_1_76' title="bbox 431 3739 3692 3813; baseline -0 -18"><span class='ocrx_word' id='word_1_517' title='bbox 431 3761 604 3798; x_wconf 74' lang='lat' dir='ltr'><strong>meam</strong></span> <span class='ocrx_word' id='word_1_518' title='bbox 635 3745 912 3798; x_wconf 75' lang='lat' dir='ltr'><strong>utilitatem</strong></span> <span class='ocrx_word' id='word_1_519' title='bbox 937 3757 1194 3813; x_wconf 75' lang='lat' dir='ltr'><strong>quwrcns,</strong></span> <span class='ocrx_word' id='word_1_520' title='bbox 1219 3745 1309 3796; x_wconf 83' lang='lat' dir='ltr'><strong>sed</strong></span> <span class='ocrx_word' id='word_1_521' title='bbox 1349 3741 1650 3806; x_wconf 78' lang='lat' dir='ltr'><strong>multorum,</strong></span> <span class='ocrx_word' id='word_1_522' title='bbox 1697 3753 1750 3794; x_wconf 83' lang='lat' dir='ltr'><strong>ut</strong></span> <span class='ocrx_word' id='word_1_523' title='bbox 1795 3742 2066 3796; x_wconf 77' lang='lat' dir='ltr'><strong>salventur</strong></span> <span class='ocrx_word' id='word_1_524' title='bbox 2087 3743 2154 3796; x_wconf 83' lang='grc'><strong>⁷³.</strong></span> <span class='ocrx_word' id='word_1_525' title='bbox 2187 3743 2494 3798; x_wconf 82' lang='lat' dir='ltr'><strong>Imilatores</strong></span> <span class='ocrx_word' id='word_1_526' title='bbox 2533 3745 2634 3798; x_wconf 79' lang='lat' dir='ltr'><strong>mei</strong></span> <span class='ocrx_word' id='word_1_527' title='bbox 2698 3751 2884 3812; x_wconf 76' lang='lat' dir='ltr'><strong>estote,</strong></span> <span class='ocrx_word' id='word_1_528' title='bbox 2950 3743 3087 3796; x_wconf 78' lang='lat' dir='ltr'><strong>sicut</strong></span> <span class='ocrx_word' id='word_1_529' title='bbox 3153 3753 3205 3796; x_wconf 78' lang='lat' dir='ltr'><strong>ct</strong></span> <span class='ocrx_word' id='word_1_530' title='bbox 3249 3759 3374 3811; x_wconf 61' lang='lat' dir='ltr'><strong>ego.</strong></span> <span class='ocrx_word' id='word_1_531' title='bbox 3409 3739 3692 3796; x_wconf 73' lang='lat' dir='ltr'><strong>Christi&quot;-</strong></span> 
     </span>
    </p>
   </div>
   <div class='ocr_carea' id='block_1_77' title="bbox 436 3835 3302 3906">
    <p class='ocr_par' dir='ltr' id='par_1_77' title="bbox 436 3835 3302 3906">
     <span class='ocr_line' id='line_1_77' title="bbox 436 3835 3302 3906; baseline -0.001 -15"><span class='ocrx_word' id='word_1_532' title='bbox 436 3841 718 3893; x_wconf 85' lang='lat' dir='ltr'><strong>Postremo</strong></span> <span class='ocrx_word' id='word_1_533' title='bbox 767 3840 854 3905; x_wconf 89' lang='lat' dir='ltr'><strong>qui</strong></span> <span class='ocrx_word' id='word_1_534' title='bbox 916 3840 1042 3892; x_wconf 85' lang='lat' dir='ltr'><strong>huic</strong></span> <span class='ocrx_word' id='word_1_535' title='bbox 1090 3839 1285 3891; x_wconf 89' lang='lat' dir='ltr'><strong>canoni</strong></span> <span class='ocrx_word' id='word_1_536' title='bbox 1341 3853 1444 3889; x_wconf 90' lang='lat' dir='ltr'><strong>non</strong></span> <span class='ocrx_word' id='word_1_537' title='bbox 1492 3837 2006 3905; x_wconf 80' lang='lat' dir='ltr'><strong>obteniperaverint,</strong></span> <span class='ocrx_word' id='word_1_538' title='bbox 2048 3837 2128 3892; x_wconf 84' lang='lat' dir='ltr'><strong>eis</strong></span> <span class='ocrx_word' id='word_1_539' title='bbox 2165 3839 2518 3906; x_wconf 86' lang='lat' dir='ltr'><strong>depositionis</strong></span> <span class='ocrx_word' id='word_1_540' title='bbox 2551 3837 2774 3892; x_wconf 85' lang='lat' dir='ltr'><strong>multam</strong></span> <span class='ocrx_word' id='word_1_541' title='bbox 2827 3836 3056 3904; x_wconf 80' lang='lat' dir='ltr'><strong>irrogari</strong></span> <span class='ocrx_word' id='word_1_542' title='bbox 3091 3835 3302 3904; x_wconf 83' lang='lat' dir='ltr'><strong>jubeut.</strong></span> 
     </span>
    </p>
   </div>
   <div class='ocr_carea' id='block_1_78' title="bbox 433 3929 2009 4002">
    <p class='ocr_par' dir='ltr' id='par_1_78' title="bbox 433 3929 2009 4002">
     <span class='ocr_line' id='line_1_78' title="bbox 433 3929 2009 4002; baseline -0.005 -14"><span class='ocrx_word' id='word_1_543' title='bbox 433 3933 657 3988; x_wconf 80' lang='grc' dir='ltr'><strong>ΑΡΙΣΤ.</strong></span> <span class='ocrx_word' id='word_1_544' title='bbox 704 3951 720 3983; x_wconf 78' lang='grc' dir='ltr'><strong>ι</strong></span> <span class='ocrx_word' id='word_1_545' title='bbox 755 3933 815 3984; x_wconf 81' lang='grc' dir='ltr'><strong>Εἰ</strong></span> <span class='ocrx_word' id='word_1_546' title='bbox 854 3933 948 3983; x_wconf 80' lang='grc' dir='ltr'><strong>καὶ</strong></span> <span class='ocrx_word' id='word_1_547' title='bbox 1000 3931 1253 3984; x_wconf 87' lang='grc' dir='ltr'>λέλεκται</span> <span class='ocrx_word' id='word_1_548' title='bbox 1285 3931 1358 4002; x_wconf 84' lang='grc' dir='ltr'>μὴ</span> <span class='ocrx_word' id='word_1_549' title='bbox 1392 3929 1678 3989; x_wconf 75' lang='grc' dir='ltr'>ἐκϐάλλειν</span> <span class='ocrx_word' id='word_1_550' title='bbox 1723 3931 2009 3996; x_wconf 81' lang='grc' dir='ltr'>γυναῖκας.</span> 
     </span>
    </p>
   </div>
   <div class='ocr_carea' id='block_1_79' title="bbox 515 4019 2010 4096">
    <p class='ocr_par' dir='ltr' id='par_1_79' title="bbox 515 4019 2010 4096">
     <span class='ocr_line' id='line_1_79' title="bbox 515 4019 2010 4096; baseline -0.003 -20"><span class='ocrx_word' id='word_1_551' title='bbox 515 4043 534 4076; x_wconf 77' lang='grc' dir='ltr'><strong>ι</strong></span> <span class='ocrx_word' id='word_1_552' title='bbox 582 4024 718 4077; x_wconf 70' lang='grc' dir='ltr'>ἀλλὰ</span> <span class='ocrx_word' id='word_1_553' title='bbox 747 4022 969 4096; x_wconf 42' lang='grc' dir='ltr'>τοῆςέπὶ</span> <span class='ocrx_word' id='word_1_554' title='bbox 995 4022 1055 4074; x_wconf 80' lang='grc' dir='ltr'><strong>τὸ</strong></span> <span class='ocrx_word' id='word_1_555' title='bbox 1088 4023 1336 4092; x_wconf 85' lang='grc' dir='ltr'>κρεῖττον</span> <span class='ocrx_word' id='word_1_556' title='bbox 1372 4020 1655 4090; x_wconf 82' lang='grc' dir='ltr'>προκοπῆς</span> <span class='ocrx_word' id='word_1_557' title='bbox 1690 4019 2010 4090; x_wconf 81' lang='grc' dir='ltr'>προμηθού-</span> 
     </span>
    </p>
   </div>
   <div class='ocr_carea' id='block_1_80' title="bbox 513 4109 2010 4186">
    <p class='ocr_par' dir='ltr' id='par_1_80' title="bbox 513 4109 2010 4186">
     <span class='ocr_line' id='line_1_80' title="bbox 513 4109 2010 4186; baseline -0.005 -17"><span class='ocrx_word' id='word_1_558' title='bbox 513 4135 534 4168; x_wconf 71' lang='grc' dir='ltr'><strong>ι</strong></span> <span class='ocrx_word' id='word_1_559' title='bbox 585 4133 758 4186; x_wconf 88' lang='grc' dir='ltr'>μενοι,</span> <span class='ocrx_word' id='word_1_560' title='bbox 816 4114 894 4182; x_wconf 80' lang='grc' dir='ltr'>τῷ</span> <span class='ocrx_word' id='word_1_561' title='bbox 947 4112 1414 4184; x_wconf 81' lang='grc' dir='ltr'>χειροτονουμένῳ</span> <span class='ocrx_word' id='word_1_562' title='bbox 1486 4111 1738 4185; x_wconf 82' lang='grc' dir='ltr'>προέδρῳ</span> <span class='ocrx_word' id='word_1_563' title='bbox 1809 4109 2010 4181; x_wconf 86' lang='grc' dir='ltr'>μηκέτι</span> 
     </span>
    </p>
   </div>
   <div class='ocr_carea' id='block_1_81' title="bbox 515 4201 1686 4274">
    <p class='ocr_par' dir='ltr' id='par_1_81' title="bbox 515 4201 1686 4274">
     <span class='ocr_line' id='line_1_81' title="bbox 515 4201 1686 4274; baseline -0.005 -15"><span class='ocrx_word' id='word_1_564' title='bbox 515 4227 534 4259; x_wconf 78' lang='grc' dir='ltr'><strong>ι</strong></span> <span class='ocrx_word' id='word_1_565' title='bbox 584 4207 854 4260; x_wconf 78' lang='grc' dir='ltr'>συνοικεῖν</span> <span class='ocrx_word' id='word_1_566' title='bbox 881 4206 1104 4274; x_wconf 77' lang='grc' dir='ltr'>γυναικὶ</span> <span class='ocrx_word' id='word_1_567' title='bbox 1135 4201 1618 4274; x_wconf 72' lang='grc' dir='ltr'>παραγγέλλομεν.</span> <span class='ocrx_word' id='word_1_568' title='bbox 1669 4221 1686 4253; x_wconf 72' lang='grc' dir='ltr'><strong>ι</strong></span> 
     </span>
    </p>
   </div>
   <div class='ocr_carea' id='block_1_82' title="bbox 518 4292 2019 4366">
    <p class='ocr_par' dir='ltr' id='par_1_82' title="bbox 518 4292 2019 4366">
     <span class='ocr_line' id='line_1_82' title="bbox 518 4292 2019 4366; baseline -0.001 -15"><span class='ocrx_word' id='word_1_569' title='bbox 518 4299 580 4351; x_wconf 83' lang='grc' dir='ltr'>Ὀ</span> <span class='ocrx_word' id='word_1_570' title='bbox 607 4299 705 4366; x_wconf 81' lang='grc' dir='ltr'>μὲν</span> <span class='ocrx_word' id='word_1_571' title='bbox 735 4296 1090 4358; x_wconf 75' lang='grc' dir='ltr'>ἀποστολικδς</span> <span class='ocrx_word' id='word_1_572' title='bbox 1122 4296 1372 4363; x_wconf 81' lang='grc' dir='ltr'>πέμπτος</span> <span class='ocrx_word' id='word_1_573' title='bbox 1417 4292 1598 4347; x_wconf 85' lang='grc' dir='ltr'>κανὼν</span> <span class='ocrx_word' id='word_1_574' title='bbox 1632 4293 1758 4347; x_wconf 71' lang='grc' dir='ltr'>οὔτε</span> <span class='ocrx_word' id='word_1_575' title='bbox 1797 4297 2019 4350; x_wconf 78' lang='grc' dir='ltr'>ἐπίσκο-</span> 
     </span>
    </p>
   </div>
   <div class='ocr_carea' id='block_1_83' title="bbox 431 4378 2020 4460">
    <p class='ocr_par' dir='ltr' id='par_1_83' title="bbox 431 4378 2020 4460">
     <span class='ocr_line' id='line_1_83' title="bbox 431 4378 2020 4460; baseline -0.003 -15"><span class='ocrx_word' id='word_1_576' title='bbox 431 4378 570 4457; x_wconf 58' lang='grc' dir='ltr'>ῖπον,</span> <span class='ocrx_word' id='word_1_577' title='bbox 602 4389 724 4457; x_wconf 72' lang='grc' dir='ltr'>ούτε</span> <span class='ocrx_word' id='word_1_578' title='bbox 755 4389 1146 4460; x_wconf 75' lang='grc' dir='ltr'>πρεσϐύτερον,</span> <span class='ocrx_word' id='word_1_579' title='bbox 1181 4386 1214 4458; x_wconf 79' lang='grc' dir='ltr'>ἢ</span> <span class='ocrx_word' id='word_1_580' title='bbox 1245 4387 1495 4441; x_wconf 89' lang='grc' dir='ltr'>διάκονον</span> <span class='ocrx_word' id='word_1_581' title='bbox 1536 4387 1637 4457; x_wconf 83' lang='grc' dir='ltr'>τὴν</span> <span class='ocrx_word' id='word_1_582' title='bbox 1681 4387 1878 4442; x_wconf 74' lang='grc' dir='ltr'>ἑαυτοῦ</span> <span class='ocrx_word' id='word_1_583' title='bbox 1921 4405 2020 4457; x_wconf 86' lang='grc' dir='ltr'>γυ-</span> 
     </span>
    </p>
   </div>
   <div class='ocr_carea' id='block_1_84' title="bbox 2121 3925 3697 3994">
    <p class='ocr_par' dir='ltr' id='par_1_84' title="bbox 2121 3925 3697 3994">
     <span class='ocr_line' id='line_1_84' title="bbox 2121 3925 3697 3994; baseline -0.002 -12"><span class='ocrx_word' id='word_1_584' title='bbox 2121 3927 2348 3984; x_wconf 77' lang='lat' dir='ltr'><strong>ARIST.</strong></span> <span class='ocrx_word' id='word_1_585' title='bbox 2389 3951 2407 3982; x_wconf 80' lang='grc' dir='ltr'><strong>ι</strong></span> <span class='ocrx_word' id='word_1_586' title='bbox 2453 3926 2675 3984; x_wconf 75' lang='lat' dir='ltr'><strong>Etiamsi</strong></span> <span class='ocrx_word' id='word_1_587' title='bbox 2707 3930 2907 3984; x_wconf 87' lang='lat' dir='ltr'><strong>dictum</strong></span> <span class='ocrx_word' id='word_1_588' title='bbox 2937 3929 3006 3982; x_wconf 88' lang='lat' dir='ltr'><strong>sit</strong></span> <span class='ocrx_word' id='word_1_589' title='bbox 3038 3943 3236 3983; x_wconf 81' lang='lat' dir='ltr'><strong>uxores</strong></span> <span class='ocrx_word' id='word_1_590' title='bbox 3267 3942 3371 3981; x_wconf 88' lang='lat' dir='ltr'><strong>non</strong></span> <span class='ocrx_word' id='word_1_591' title='bbox 3405 3925 3697 3994; x_wconf 74' lang='lat' dir='ltr'><strong>ejiciendus</strong></span> 
     </span>
    </p>
   </div>
   <div class='ocr_carea' id='block_1_85' title="bbox 2199 4019 3694 4089">
    <p class='ocr_par' dir='ltr' id='par_1_85' title="bbox 2199 4019 3694 4089">
     <span class='ocr_line' id='line_1_85' title="bbox 2199 4019 3694 4089; baseline -0.004 -13"><span class='ocrx_word' id='word_1_592' title='bbox 2199 4043 2216 4076; x_wconf 77' lang='grc' dir='ltr'><strong>ι</strong></span> <span class='ocrx_word' id='word_1_593' title='bbox 2259 4041 2400 4086; x_wconf 86' lang='lat' dir='ltr'><strong>esse,</strong></span> <span class='ocrx_word' id='word_1_594' title='bbox 2429 4023 2780 4077; x_wconf 86' lang='lat' dir='ltr'><strong>nihilominus</strong></span> <span class='ocrx_word' id='word_1_595' title='bbox 2818 4023 2886 4076; x_wconf 88' lang='lat' dir='ltr'><strong>ad</strong></span> <span class='ocrx_word' id='word_1_596' title='bbox 2933 4021 3124 4075; x_wconf 89' lang='lat' dir='ltr'><strong>melius</strong></span> <span class='ocrx_word' id='word_1_597' title='bbox 3168 4019 3532 4089; x_wconf 55' lang='lat' dir='ltr'><strong>progressioiri</strong></span> <span class='ocrx_word' id='word_1_598' title='bbox 3562 4034 3694 4072; x_wconf 87' lang='lat' dir='ltr'><strong>con-</strong></span> 
     </span>
    </p>
   </div>
   <div class='ocr_carea' id='block_1_86' title="bbox 2195 4111 3698 4184">
    <p class='ocr_par' dir='ltr' id='par_1_86' title="bbox 2195 4111 3698 4184">
     <span class='ocr_line' id='line_1_86' title="bbox 2195 4111 3698 4184; baseline -0.001 -18"><span class='ocrx_word' id='word_1_599' title='bbox 2195 4133 2212 4166; x_wconf 82' lang='grc' dir='ltr'><strong>ι</strong></span> <span class='ocrx_word' id='word_1_600' title='bbox 2256 4116 2516 4177; x_wconf 86' lang='lat' dir='ltr'><strong>sulentes,</strong></span> <span class='ocrx_word' id='word_1_601' title='bbox 2555 4115 2770 4184; x_wconf 83' lang='lat' dir='ltr'><strong>praesuli</strong></span> <span class='ocrx_word' id='word_1_602' title='bbox 2799 4115 3074 4180; x_wconf 86' lang='lat' dir='ltr'><strong>ordinato,</strong></span> <span class='ocrx_word' id='word_1_603' title='bbox 3111 4128 3236 4168; x_wconf 86' lang='lat' dir='ltr'><strong>cum</strong></span> <span class='ocrx_word' id='word_1_604' title='bbox 3268 4126 3439 4166; x_wconf 81' lang='lat' dir='ltr'><strong>uxore</strong></span> <span class='ocrx_word' id='word_1_605' title='bbox 3467 4111 3698 4180; x_wconf 83' lang='lat' dir='ltr'><strong>amplius</strong></span> 
     </span>
    </p>
   </div>
   <div class='ocr_carea' id='block_1_87' title="bbox 2200 4205 3343 4273">
    <p class='ocr_par' dir='ltr' id='par_1_87' title="bbox 2200 4205 3343 4273">
     <span class='ocr_line' id='line_1_87' title="bbox 2200 4205 3343 4273; baseline -0.003 -15"><span class='ocrx_word' id='word_1_606' title='bbox 2200 4226 2217 4258; x_wconf 82' lang='grc' dir='ltr'><strong>ι</strong></span> <span class='ocrx_word' id='word_1_607' title='bbox 2262 4225 2329 4262; x_wconf 86' lang='lat' dir='ltr'><strong>ne</strong></span> <span class='ocrx_word' id='word_1_608' title='bbox 2353 4208 2649 4273; x_wconf 77' lang='lat' dir='ltr'><strong>cohabitet,</strong></span> <span class='ocrx_word' id='word_1_609' title='bbox 2683 4209 2736 4260; x_wconf 91' lang='lat' dir='ltr'><strong>in</strong></span> <span class='ocrx_word' id='word_1_610' title='bbox 2766 4206 3035 4261; x_wconf 87' lang='lat' dir='ltr'><strong>mandatis</strong></span> <span class='ocrx_word' id='word_1_611' title='bbox 3074 4205 3286 4260; x_wconf 85' lang='lat' dir='ltr'><strong>damus.</strong></span> <span class='ocrx_word' id='word_1_612' title='bbox 3325 4221 3343 4254; x_wconf 86' lang='grc'><strong>›</strong></span> 
     </span>
    </p>
   </div>
   <div class='ocr_carea' id='block_1_88' title="bbox 2193 4295 3697 4366">
    <p class='ocr_par' dir='ltr' id='par_1_88' title="bbox 2193 4295 3697 4366">
     <span class='ocr_line' id='line_1_88' title="bbox 2193 4295 3697 4366; baseline -0.006 -12"><span class='ocrx_word' id='word_1_613' title='bbox 2193 4301 2426 4366; x_wconf 86' lang='lat' dir='ltr'><strong>Quintus</strong></span> <span class='ocrx_word' id='word_1_614' title='bbox 2462 4314 2593 4354; x_wconf 89' lang='lat' dir='ltr'><strong>sane</strong></span> <span class='ocrx_word' id='word_1_615' title='bbox 2637 4313 2813 4354; x_wconf 78' lang='lat' dir='ltr'><strong>canon</strong></span> <span class='ocrx_word' id='word_1_616' title='bbox 2863 4297 3196 4366; x_wconf 76' lang='lat' dir='ltr'><strong>apostolicus</strong></span> <span class='ocrx_word' id='word_1_617' title='bbox 3240 4309 3339 4350; x_wconf 86' lang='lat' dir='ltr'><strong>nec</strong></span> <span class='ocrx_word' id='word_1_618' title='bbox 3387 4295 3697 4362; x_wconf 84' lang='lat' dir='ltr'><strong>episc0pum</strong></span> 
     </span>
    </p>
   </div>
   <div class='ocr_carea' id='block_1_89' title="bbox 2123 4389 3698 4462">
    <p class='ocr_par' dir='ltr' id='par_1_89' title="bbox 2123 4389 3698 4462">
     <span class='ocr_line' id='line_1_89' title="bbox 2123 4389 3698 4462; baseline -0.004 -18"><span class='ocrx_word' id='word_1_619' title='bbox 2123 4407 2220 4447; x_wconf 88' lang='lat' dir='ltr'><strong>nec</strong></span> <span class='ocrx_word' id='word_1_620' title='bbox 2263 4393 2634 4462; x_wconf 80' lang='lat' dir='ltr'><strong>presbyterum</strong></span> <span class='ocrx_word' id='word_1_621' title='bbox 2680 4405 2780 4444; x_wconf 90' lang='lat' dir='ltr'><strong>nec</strong></span> <span class='ocrx_word' id='word_1_622' title='bbox 2819 4389 3106 4444; x_wconf 84' lang='lat' dir='ltr'><strong>diaconum</strong></span> <span class='ocrx_word' id='word_1_623' title='bbox 3144 4401 3366 4442; x_wconf 80' lang='lat' dir='ltr'><strong>uxorem</strong></span> <span class='ocrx_word' id='word_1_624' title='bbox 3411 4400 3563 4441; x_wconf 90' lang='lat' dir='ltr'><strong>suam</strong></span> <span class='ocrx_word' id='word_1_625' title='bbox 3614 4401 3698 4438; x_wconf 88' lang='lat' dir='ltr'><strong>re-</strong></span> 
     </span>
    </p>
   </div>
   <div class='ocr_carea' id='block_1_90' title="bbox 433 4475 2010 4569">
    <p class='ocr_par' dir='ltr' id='par_1_90' title="bbox 433 4477 2010 4550">
     <span class='ocr_line' id='line_1_90' title="bbox 433 4477 2010 4550; baseline -0.003 -12"><span class='ocrx_word' id='word_1_626' title='bbox 433 4486 602 4538; x_wconf 77' lang='grc' dir='ltr'>ναῖκα</span> <span class='ocrx_word' id='word_1_627' title='bbox 681 4483 951 4550; x_wconf 71' lang='grc' dir='ltr'>προφάσει</span> <span class='ocrx_word' id='word_1_628' title='bbox 1039 4478 1327 4541; x_wconf 79' lang='grc' dir='ltr'>εὐλαϐείας</span> <span class='ocrx_word' id='word_1_629' title='bbox 1396 4477 1681 4531; x_wconf 76' lang='grc' dir='ltr'>ἐκϐάλλειν</span> <span class='ocrx_word' id='word_1_630' title='bbox 1729 4479 2010 4548; x_wconf 67' lang='grc' dir='ltr'>βούλεταν</span> 
     </span>
    </p>
   </div>
   <div class='ocr_carea' id='block_1_91' title="bbox 2114 4475 3700 4569">
    <p class='ocr_par' dir='ltr' id='par_1_91' title="bbox 2124 4475 3700 4551">
     <span class='ocr_line' id='line_1_91' title="bbox 2124 4475 3700 4551; baseline -0.006 -17"><span class='ocrx_word' id='word_1_631' title='bbox 2124 4481 2338 4551; x_wconf 77' lang='lat' dir='ltr'><strong>ligionis</strong></span> <span class='ocrx_word' id='word_1_632' title='bbox 2391 4489 2651 4548; x_wconf 64' lang='lat' dir='ltr'><strong>praetextu</strong></span> <span class='ocrx_word' id='word_1_633' title='bbox 2705 4479 2900 4549; x_wconf 81' lang='lat' dir='ltr'><strong>ejicere</strong></span> <span class='ocrx_word' id='word_1_634' title='bbox 2957 4477 3116 4543; x_wconf 83' lang='lat' dir='ltr'><strong>vult;</strong></span> <span class='ocrx_word' id='word_1_635' title='bbox 3165 4477 3260 4532; x_wconf 87' lang='lat' dir='ltr'><strong>sed</strong></span> <span class='ocrx_word' id='word_1_636' title='bbox 3310 4485 3365 4532; x_wconf 84' lang='lat' dir='ltr'><strong>et</strong></span> <span class='ocrx_word' id='word_1_637' title='bbox 3416 4477 3580 4546; x_wconf 78' lang='lat' dir='ltr'><strong>abeo</strong></span> <span class='ocrx_word' id='word_1_638' title='bbox 3607 4475 3700 4544; x_wconf 80' lang='lat' dir='ltr'><strong>qui</strong></span> 
     </span>
    </p>
   </div>
   <div class='ocr_carea' id='block_1_92' title="bbox 435 4571 2016 4641">
    <p class='ocr_par' dir='ltr' id='par_1_92' title="bbox 435 4571 2016 4641">
     <span class='ocr_line' id='line_1_92' title="bbox 435 4571 2016 4641; baseline -0.002 -14"><span class='ocrx_word' id='word_1_639' title='bbox 435 4575 577 4628; x_wconf 69' lang='grc' dir='ltr'>ἀλλὰ</span> <span class='ocrx_word' id='word_1_640' title='bbox 609 4574 707 4626; x_wconf 80' lang='grc' dir='ltr'>καὶ</span> <span class='ocrx_word' id='word_1_641' title='bbox 736 4574 824 4625; x_wconf 87' lang='grc' dir='ltr'><strong>τὸν</strong></span> <span class='ocrx_word' id='word_1_642' title='bbox 857 4571 1016 4625; x_wconf 80' lang='grc' dir='ltr'>τοῦτο</span> <span class='ocrx_word' id='word_1_643' title='bbox 1049 4571 1311 4624; x_wconf 81' lang='grc' dir='ltr'>ποιοῦντα</span> <span class='ocrx_word' id='word_1_644' title='bbox 1343 4572 1597 4641; x_wconf 53' lang='grc' dir='ltr'>ἐπιτιμᾷ,</span> <span class='ocrx_word' id='word_1_645' title='bbox 1625 4576 1720 4624; x_wconf 74' lang='grc' dir='ltr'><strong>καὶ</strong></span> <span class='ocrx_word' id='word_1_646' title='bbox 1749 4572 2016 4641; x_wconf 77' lang='grc' dir='ltr'>ἀδιόρθω-</span> 
     </span>
    </p>
   </div>
   <div class='ocr_carea' id='block_1_93' title="bbox 435 4661 2018 4738">
    <p class='ocr_par' dir='ltr' id='par_1_93' title="bbox 435 4661 2018 4738">
     <span class='ocr_line' id='line_1_93' title="bbox 435 4661 2018 4738; baseline -0.002 -14"><span class='ocrx_word' id='word_1_647' title='bbox 435 4689 536 4724; x_wconf 85' lang='grc' dir='ltr'><strong>τον</strong></span> <span class='ocrx_word' id='word_1_648' title='bbox 568 4669 798 4738; x_wconf 78' lang='grc' dir='ltr'>μένοντα</span> <span class='ocrx_word' id='word_1_649' title='bbox 826 4667 1085 4738; x_wconf 81' lang='grc' dir='ltr'>καθαιρεῖ</span> <span class='ocrx_word' id='word_1_650' title='bbox 1110 4681 1125 4698; x_wconf 79' lang='grc' dir='ltr'><strong>ο</strong></span> <span class='ocrx_word' id='word_1_651' title='bbox 1164 4661 1320 4728; x_wconf 69' lang='grc' dir='ltr'>οὗτος</span> <span class='ocrx_word' id='word_1_652' title='bbox 1367 4666 1426 4720; x_wconf 80' lang='grc' dir='ltr'><strong>δὲ</strong></span> <span class='ocrx_word' id='word_1_653' title='bbox 1485 4670 1513 4720; x_wconf 87' lang='grc' dir='ltr'>ὁ</span> <span class='ocrx_word' id='word_1_654' title='bbox 1545 4667 1729 4721; x_wconf 86' lang='grc' dir='ltr'>κανὼν</span> <span class='ocrx_word' id='word_1_655' title='bbox 1775 4669 1836 4721; x_wconf 83' lang='grc' dir='ltr'><strong>οὑ</strong></span> <span class='ocrx_word' id='word_1_656' title='bbox 1882 4687 2018 4738; x_wconf 82' lang='grc' dir='ltr'>συγ-</span> 
     </span>
    </p>
   </div>
   <div class='ocr_carea' id='block_1_94' title="bbox 434 4758 2018 4833">
    <p class='ocr_par' dir='ltr' id='par_1_94' title="bbox 434 4758 2018 4833">
     <span class='ocr_line' id='line_1_94' title="bbox 434 4758 2018 4833; baseline 0 -20"><span class='ocrx_word' id='word_1_657' title='bbox 434 4765 612 4833; x_wconf 88' lang='grc' dir='ltr'><strong>χωρεῖ</strong></span> <span class='ocrx_word' id='word_1_658' title='bbox 649 4763 763 4823; x_wconf 84' lang='grc' dir='ltr'>τοῖς</span> <span class='ocrx_word' id='word_1_659' title='bbox 824 4760 1143 4820; x_wconf 73' lang='grc' dir='ltr'>ἐπισκόποις</span> <span class='ocrx_word' id='word_1_660' title='bbox 1177 4758 1319 4828; x_wconf 84' lang='grc' dir='ltr'><strong>μετά</strong></span> <span class='ocrx_word' id='word_1_661' title='bbox 1358 4758 1458 4828; x_wconf 78' lang='grc' dir='ltr'>τὴν</span> <span class='ocrx_word' id='word_1_662' title='bbox 1493 4760 1588 4812; x_wconf 73' lang='grc' dir='ltr'>ἐπὶ</span> <span class='ocrx_word' id='word_1_663' title='bbox 1645 4759 1832 4824; x_wconf 77' lang='grc' dir='ltr'>αὐτοῖς</span> <span class='ocrx_word' id='word_1_664' title='bbox 1883 4778 2018 4832; x_wconf 83' lang='grc' dir='ltr'>προ-</span> 
     </span>
    </p>
   </div>
   <div class='ocr_carea' id='block_1_95' title="bbox 438 4850 2019 4920">
    <p class='ocr_par' dir='ltr' id='par_1_95' title="bbox 438 4850 2019 4920">
     <span class='ocr_line' id='line_1_95' title="bbox 438 4850 2019 4920; baseline -0.002 -13"><span class='ocrx_word' id='word_1_665' title='bbox 438 4851 707 4907; x_wconf 75' lang='grc' dir='ltr'>ελθοῦσαν</span> <span class='ocrx_word' id='word_1_666' title='bbox 759 4853 858 4920; x_wconf 82' lang='grc' dir='ltr'><strong>τῆς</strong></span> <span class='ocrx_word' id='word_1_667' title='bbox 932 4850 1243 4917; x_wconf 72' lang='grc' dir='ltr'>ἐπισκοπῆς</span> <span class='ocrx_word' id='word_1_668' title='bbox 1292 4851 1637 4920; x_wconf 83' lang='grc' dir='ltr'>χειροτονίαν</span> <span class='ocrx_word' id='word_1_669' title='bbox 1681 4851 1804 4915; x_wconf 81' lang='grc' dir='ltr'>ταῖς</span> <span class='ocrx_word' id='word_1_670' title='bbox 1857 4851 2019 4916; x_wconf 72' lang='grc' dir='ltr'>ἰδίαις</span> 
     </span>
    </p>
   </div>
   <div class='ocr_carea' id='block_1_96' title="bbox 442 4943 2015 5017">
    <p class='ocr_par' dir='ltr' id='par_1_96' title="bbox 442 4943 2015 5017">
     <span class='ocr_line' id='line_1_96' title="bbox 442 4943 2015 5017; baseline -0.001 -20"><span class='ocrx_word' id='word_1_671' title='bbox 442 4944 722 4998; x_wconf 77' lang='grc' dir='ltr'>συνοικεῖν</span> <span class='ocrx_word' id='word_1_672' title='bbox 754 4944 1049 5011; x_wconf 79' lang='grc' dir='ltr'>γαμεταῖς,</span> <span class='ocrx_word' id='word_1_673' title='bbox 1081 4943 1182 4994; x_wconf 84' lang='grc' dir='ltr'><strong>οὐκ</strong></span> <span class='ocrx_word' id='word_1_674' title='bbox 1212 4943 1300 5017; x_wconf 60' lang='grc' dir='ltr'><strong>ἐπ’</strong></span> <span class='ocrx_word' id='word_1_675' title='bbox 1328 4943 1585 5012; x_wconf 85' lang='grc' dir='ltr'>ἁθετήσει</span> <span class='ocrx_word' id='word_1_676' title='bbox 1611 4943 1707 4994; x_wconf 70' lang='grc' dir='ltr'><strong>καὶ</strong></span> <span class='ocrx_word' id='word_1_677' title='bbox 1733 4945 2015 5015; x_wconf 83' lang='grc' dir='ltr'>ἀνατροπῇ</span> 
     </span>
    </p>
   </div>
   <div class='ocr_carea' id='block_1_97' title="bbox 441 5032 2023 5103">
    <p class='ocr_par' dir='ltr' id='par_1_97' title="bbox 441 5032 2023 5103">
     <span class='ocr_line' id='line_1_97' title="bbox 441 5032 2023 5103; baseline 0 -16"><span class='ocrx_word' id='word_1_678' title='bbox 441 5035 556 5087; x_wconf 68' lang='grc' dir='ltr'><strong>τῶν</strong></span> <span class='ocrx_word' id='word_1_679' title='bbox 612 5033 986 5086; x_wconf 81' lang='grc' dir='ltr'>ἁποστολικῶν</span> <span class='ocrx_word' id='word_1_680' title='bbox 1039 5032 1561 5102; x_wconf 83' lang='grc' dir='ltr'>νενομοθετημένων</span> <span class='ocrx_word' id='word_1_681' title='bbox 1615 5033 1779 5087; x_wconf 78' lang='grc' dir='ltr'>τοῦτο</span> <span class='ocrx_word' id='word_1_682' title='bbox 1827 5035 2023 5103; x_wconf 84' lang='grc' dir='ltr'>ποιῶν,</span> 
     </span>
    </p>
   </div>
   <div class='ocr_carea' id='block_1_98' title="bbox 444 5124 2026 5197">
    <p class='ocr_par' dir='ltr' id='par_1_98' title="bbox 444 5124 2026 5197">
     <span class='ocr_line' id='line_1_98' title="bbox 444 5124 2026 5197; baseline -0.001 -17"><span class='ocrx_word' id='word_1_683' title='bbox 444 5128 588 5182; x_wconf 69' lang='lat' dir='ltr'><strong>em</strong></span> <span class='ocrx_word' id='word_1_684' title='bbox 620 5127 718 5196; x_wconf 77' lang='grc' dir='ltr'><strong>τῆς</strong></span> <span class='ocrx_word' id='word_1_685' title='bbox 749 5127 1026 5197; x_wconf 81' lang='grc' dir='ltr'>σωτηρίας</span> <span class='ocrx_word' id='word_1_686' title='bbox 1056 5125 1152 5178; x_wconf 76' lang='grc' dir='ltr'><strong>καὶ</strong></span> <span class='ocrx_word' id='word_1_687' title='bbox 1183 5124 1283 5193; x_wconf 85' lang='grc' dir='ltr'>τῆς</span> <span class='ocrx_word' id='word_1_688' title='bbox 1324 5125 1418 5176; x_wconf 75' lang='grc' dir='ltr'>ἐπὶ</span> <span class='ocrx_word' id='word_1_689' title='bbox 1451 5124 1511 5176; x_wconf 84' lang='grc' dir='ltr'>τὸ</span> <span class='ocrx_word' id='word_1_690' title='bbox 1538 5127 1791 5195; x_wconf 85' lang='grc' dir='ltr'>κρεῖττον</span> <span class='ocrx_word' id='word_1_691' title='bbox 1825 5143 2026 5196; x_wconf 84' lang='grc' dir='ltr'>προκο-</span> 
     </span>
    </p>
   </div>
   <div class='ocr_carea' id='block_1_99' title="bbox 445 5217 2021 5290">
    <p class='ocr_par' dir='ltr' id='par_1_99' title="bbox 445 5217 2021 5290">
     <span class='ocr_line' id='line_1_99' title="bbox 445 5217 2021 5290; baseline -0.001 -17"><span class='ocrx_word' id='word_1_692' title='bbox 445 5222 561 5290; x_wconf 79' lang='grc' dir='ltr'>πῆς</span> <span class='ocrx_word' id='word_1_693' title='bbox 581 5221 675 5272; x_wconf 75' lang='grc' dir='ltr'>τοῦ</span> <span class='ocrx_word' id='word_1_694' title='bbox 733 5219 864 5272; x_wconf 77' lang='grc' dir='ltr'>λαοῦ</span> <span class='ocrx_word' id='word_1_695' title='bbox 909 5217 1384 5289; x_wconf 83' lang='grc' dir='ltr'>προμηθούμενος,</span> <span class='ocrx_word' id='word_1_696' title='bbox 1426 5217 1521 5269; x_wconf 73' lang='grc' dir='ltr'><strong>καὶ</strong></span> <span class='ocrx_word' id='word_1_697' title='bbox 1569 5217 1663 5270; x_wconf 84' lang='grc' dir='ltr'>τοῦ</span> <span class='ocrx_word' id='word_1_698' title='bbox 1714 5217 1789 5289; x_wconf 75' lang='grc' dir='ltr'>μὴ</span> <span class='ocrx_word' id='word_1_699' title='bbox 1837 5219 2021 5272; x_wconf 79' lang='grc' dir='ltr'>δοῦναι</span> 
     </span>
    </p>
   </div>
   <div class='ocr_carea' id='block_1_100' title="bbox 449 5309 2026 5381">
    <p class='ocr_par' dir='ltr' id='par_1_100' title="bbox 449 5309 2026 5381">
     <span class='ocr_line' id='line_1_100' title="bbox 449 5309 2026 5381; baseline 0.004 -22"><span class='ocrx_word' id='word_1_700' title='bbox 449 5311 644 5381; x_wconf 53' lang='lat' dir='ltr'><strong>primm</strong></span> <span class='ocrx_word' id='word_1_701' title='bbox 665 5329 781 5364; x_wconf 89' lang='grc' dir='ltr'>τινα</span> <span class='ocrx_word' id='word_1_702' title='bbox 805 5310 942 5364; x_wconf 68' lang='grc' dir='ltr'>κλτὰ</span> <span class='ocrx_word' id='word_1_703' title='bbox 961 5310 1060 5379; x_wconf 77' lang='grc' dir='ltr'>τῆς</span> <span class='ocrx_word' id='word_1_704' title='bbox 1087 5309 1366 5379; x_wconf 80' lang='grc' dir='ltr'>ἱερατικῆς</span> <span class='ocrx_word' id='word_1_705' title='bbox 1384 5311 1795 5375; x_wconf 84' lang='grc' dir='ltr'>καταστάσεως.</span> <span class='ocrx_word' id='word_1_706' title='bbox 1822 5313 2026 5367; x_wconf 77' lang='grc' dir='ltr'>Πάντα</span> 
     </span>
    </p>
   </div>
   <div class='ocr_carea' id='block_1_101' title="bbox 525 5415 1661 5513">
    <p class='ocr_par' dir='ltr' id='par_1_101' title="bbox 525 5415 1661 5513">
     <span class='ocr_line' id='line_1_101' title="bbox 525 5415 1661 5513; baseline -0.004 -9"><span class='ocrx_word' id='word_1_707' title='bbox 525 5451 616 5504; x_wconf 70' lang='grc' dir='ltr'>τοι</span> <span class='ocrx_word' id='word_1_708' title='bbox 658 5450 785 5504; x_wconf 81' lang='lat' dir='ltr'><strong>Cor.</strong></span> <span class='ocrx_word' id='word_1_709' title='bbox 824 5466 878 5513; x_wconf 77' lang='grc' dir='ltr'><strong>ιι,</strong></span> <span class='ocrx_word' id='word_1_710' title='bbox 915 5449 1107 5504; x_wconf 57' lang='lat' dir='ltr'><strong>rit—55.</strong></span> <span class='ocrx_word' id='word_1_711' title='bbox 1183 5449 1230 5480; x_wconf 69' lang='grc' dir='ltr'>τε</span> <span class='ocrx_word' id='word_1_712' title='bbox 1260 5447 1278 5502; x_wconf 93' lang='lat' dir='ltr'><strong>l</strong></span> <span class='ocrx_word' id='word_1_713' title='bbox 1306 5447 1436 5503; x_wconf 89' lang='lat' dir='ltr'><strong>Cor.</strong></span> <span class='ocrx_word' id='word_1_714' title='bbox 1469 5415 1544 5511; x_wconf 69' lang='grc' dir='ltr'>ινᾷ</span> <span class='ocrx_word' id='word_1_715' title='bbox 1574 5447 1661 5501; x_wconf 80' lang='lat' dir='ltr'><strong>is.</strong></span> 
     </span>
    </p>
   </div>
   <div class='ocr_carea' id='block_1_102' title="bbox 2123 4568 3700 4642">
    <p class='ocr_par' dir='ltr' id='par_1_102' title="bbox 2123 4568 3700 4642">
     <span class='ocr_line' id='line_1_102' title="bbox 2123 4568 3700 4642; baseline -0.007 -12"><span class='ocrx_word' id='word_1_716' title='bbox 2123 4577 2226 4630; x_wconf 89' lang='lat' dir='ltr'><strong>hoc</strong></span> <span class='ocrx_word' id='word_1_717' title='bbox 2262 4575 2458 4629; x_wconf 80' lang='lat' dir='ltr'><strong>fecerit</strong></span> <span class='ocrx_word' id='word_1_718' title='bbox 2502 4586 2694 4642; x_wconf 76' lang='lat' dir='ltr'><strong>ptenas</strong></span> <span class='ocrx_word' id='word_1_719' title='bbox 2744 4572 2916 4640; x_wconf 91' lang='lat' dir='ltr'><strong>petit;</strong></span> <span class='ocrx_word' id='word_1_720' title='bbox 2956 4585 3192 4639; x_wconf 88' lang='lat' dir='ltr'><strong>eumque</strong></span> <span class='ocrx_word' id='word_1_721' title='bbox 3249 4570 3293 4622; x_wconf 89' lang='lat' dir='ltr'><strong>si</strong></span> <span class='ocrx_word' id='word_1_722' title='bbox 3347 4568 3543 4637; x_wconf 75' lang='lat' dir='ltr'><strong>corrigi</strong></span> <span class='ocrx_word' id='word_1_723' title='bbox 3597 4581 3700 4620; x_wconf 84' lang='lat' dir='ltr'><strong>non</strong></span> 
     </span>
    </p>
   </div>
   <div class='ocr_carea' id='block_1_103' title="bbox 2124 4661 3698 4741">
    <p class='ocr_par' dir='ltr' id='par_1_103' title="bbox 2124 4661 3698 4741">
     <span class='ocr_line' id='line_1_103' title="bbox 2124 4661 3698 4741; baseline -0.01 -15"><span class='ocrx_word' id='word_1_724' title='bbox 2124 4680 2324 4741; x_wconf 84' lang='lat' dir='ltr'><strong>potest,</strong></span> <span class='ocrx_word' id='word_1_725' title='bbox 2363 4668 2608 4738; x_wconf 83' lang='lat' dir='ltr'><strong>deponit.</strong></span> <span class='ocrx_word' id='word_1_726' title='bbox 2644 4667 2744 4721; x_wconf 87' lang='lat' dir='ltr'><strong>Hic</strong></span> <span class='ocrx_word' id='word_1_727' title='bbox 2783 4675 2964 4720; x_wconf 89' lang='lat' dir='ltr'><strong>autem</strong></span> <span class='ocrx_word' id='word_1_728' title='bbox 3004 4678 3180 4718; x_wconf 89' lang='lat' dir='ltr'><strong>canon</strong></span> <span class='ocrx_word' id='word_1_729' title='bbox 3227 4661 3514 4731; x_wconf 83' lang='lat' dir='ltr'><strong>episcopis,</strong></span> <span class='ocrx_word' id='word_1_730' title='bbox 3559 4671 3698 4728; x_wconf 87' lang='lat' dir='ltr'><strong>post-</strong></span> 
     </span>
    </p>
   </div>
   <div class='ocr_carea' id='block_1_104' title="bbox 2125 4753 3703 4832">
    <p class='ocr_par' dir='ltr' id='par_1_104' title="bbox 2125 4753 3703 4832">
     <span class='ocr_line' id='line_1_104' title="bbox 2125 4753 3703 4832; baseline -0.009 -14"><span class='ocrx_word' id='word_1_731' title='bbox 2125 4778 2286 4832; x_wconf 79' lang='lat' dir='ltr'><strong>quam</strong></span> <span class='ocrx_word' id='word_1_732' title='bbox 2313 4762 2378 4816; x_wconf 86' lang='lat' dir='ltr'><strong>ad</strong></span> <span class='ocrx_word' id='word_1_733' title='bbox 2410 4761 2774 4831; x_wconf 88' lang='lat' dir='ltr'><strong>episcopatum</strong></span> <span class='ocrx_word' id='word_1_734' title='bbox 2818 4756 3058 4812; x_wconf 88' lang='lat' dir='ltr'><strong>ordinati</strong></span> <span class='ocrx_word' id='word_1_735' title='bbox 3085 4765 3235 4820; x_wconf 92' lang='lat' dir='ltr'><strong>sunt,</strong></span> <span class='ocrx_word' id='word_1_736' title='bbox 3281 4770 3384 4806; x_wconf 88' lang='lat' dir='ltr'><strong>una</strong></span> <span class='ocrx_word' id='word_1_737' title='bbox 3420 4768 3542 4807; x_wconf 90' lang='lat' dir='ltr'><strong>cum</strong></span> <span class='ocrx_word' id='word_1_738' title='bbox 3590 4753 3703 4806; x_wconf 72' lang='lat' dir='ltr'><strong>Suis</strong></span> 
     </span>
    </p>
   </div>
   <div class='ocr_carea' id='block_1_105' title="bbox 2127 4847 3700 4920">
    <p class='ocr_par' dir='ltr' id='par_1_105' title="bbox 2127 4847 3700 4920">
     <span class='ocr_line' id='line_1_105' title="bbox 2127 4847 3700 4920; baseline -0.008 -14"><span class='ocrx_word' id='word_1_739' title='bbox 2127 4854 2442 4909; x_wconf 87' lang='lat' dir='ltr'><strong>cohabitare</strong></span> <span class='ocrx_word' id='word_1_740' title='bbox 2482 4852 2740 4906; x_wconf 83' lang='lat' dir='ltr'><strong>uxoribus</strong></span> <span class='ocrx_word' id='word_1_741' title='bbox 2769 4866 2876 4904; x_wconf 92' lang='lat' dir='ltr'><strong>non</strong></span> <span class='ocrx_word' id='word_1_742' title='bbox 2909 4847 3216 4920; x_wconf 86' lang='lat' dir='ltr'><strong>permittit;</strong></span> <span class='ocrx_word' id='word_1_743' title='bbox 3268 4863 3371 4900; x_wconf 84' lang='lat' dir='ltr'><strong>nnu</strong></span> <span class='ocrx_word' id='word_1_744' title='bbox 3417 4847 3469 4899; x_wconf 92' lang='lat' dir='ltr'><strong>in</strong></span> <span class='ocrx_word' id='word_1_745' title='bbox 3515 4861 3700 4899; x_wconf 85' lang='lat' dir='ltr'><strong>eorum</strong></span> 
     </span>
    </p>
   </div>
   <div class='ocr_carea' id='block_1_106' title="bbox 2131 4943 3698 5015">
    <p class='ocr_par' dir='ltr' id='par_1_106' title="bbox 2131 4943 3698 5015">
     <span class='ocr_line' id='line_1_106' title="bbox 2131 4943 3698 5015; baseline -0.008 -17"><span class='ocrx_word' id='word_1_746' title='bbox 2131 4963 2250 5015; x_wconf 69' lang='lat' dir='ltr'><strong>qua:</strong></span> <span class='ocrx_word' id='word_1_747' title='bbox 2308 4945 2606 5013; x_wconf 86' lang='lat' dir='ltr'><strong>apostolice</strong></span> <span class='ocrx_word' id='word_1_748' title='bbox 2673 4952 2800 4997; x_wconf 88' lang='lat' dir='ltr'><strong>sunt</strong></span> <span class='ocrx_word' id='word_1_749' title='bbox 2855 4943 3153 4997; x_wconf 84' lang='lat' dir='ltr'><strong>constituta</strong></span> <span class='ocrx_word' id='word_1_750' title='bbox 3225 4950 3590 5004; x_wconf 84' lang='lat' dir='ltr'><strong>contemptum</strong></span> <span class='ocrx_word' id='word_1_751' title='bbox 3653 4951 3698 4988; x_wconf 76' lang='lat' dir='ltr'><strong>cz</strong></span> 
     </span>
    </p>
   </div>
   <div class='ocr_carea' id='block_1_107' title="bbox 2127 5032 3702 5104">
    <p class='ocr_par' dir='ltr' id='par_1_107' title="bbox 2127 5032 3702 5104">
     <span class='ocr_line' id='line_1_107' title="bbox 2127 5032 3702 5104; baseline -0.007 -13"><span class='ocrx_word' id='word_1_752' title='bbox 2127 5037 2462 5091; x_wconf 82' lang='lat' dir='ltr'><strong>eversionem</strong></span> <span class='ocrx_word' id='word_1_753' title='bbox 2497 5036 2636 5090; x_wconf 82' lang='lat' dir='ltr'><strong>illud</strong></span> <span class='ocrx_word' id='word_1_754' title='bbox 2659 5036 2887 5100; x_wconf 79' lang='lat' dir='ltr'><strong>faciens,</strong></span> <span class='ocrx_word' id='word_1_755' title='bbox 2935 5036 3029 5088; x_wconf 88' lang='lat' dir='ltr'><strong>sed</strong></span> <span class='ocrx_word' id='word_1_756' title='bbox 3073 5035 3253 5104; x_wconf 87' lang='lat' dir='ltr'><strong>populi</strong></span> <span class='ocrx_word' id='word_1_757' title='bbox 3302 5033 3494 5087; x_wconf 80' lang='lat' dir='ltr'><strong>salutis</strong></span> <span class='ocrx_word' id='word_1_758' title='bbox 3541 5043 3594 5085; x_wconf 88' lang='lat' dir='ltr'><strong>et</strong></span> <span class='ocrx_word' id='word_1_759' title='bbox 3639 5032 3702 5082; x_wconf 88' lang='lat' dir='ltr'><strong>ad</strong></span> 
     </span>
    </p>
   </div>
   <div class='ocr_carea' id='block_1_108' title="bbox 2131 5113 3706 5198">
    <p class='ocr_par' dir='ltr' id='par_1_108' title="bbox 2131 5113 3706 5198">
     <span class='ocr_line' id='line_1_108' title="bbox 2131 5113 3706 5198; baseline -0.004 -16"><span class='ocrx_word' id='word_1_760' title='bbox 2131 5129 2353 5182; x_wconf 71' lang='lat' dir='ltr'><strong>tut-liora</strong></span> <span class='ocrx_word' id='word_1_761' title='bbox 2378 5127 2792 5198; x_wconf 75' lang='lat' dir='ltr'><strong>progressionis</strong></span> <span class='ocrx_word' id='word_1_762' title='bbox 2825 5113 3015 5181; x_wconf 84' lang='lat' dir='ltr'><strong>curam</strong></span> <span class='ocrx_word' id='word_1_763' title='bbox 3062 5141 3280 5194; x_wconf 77' lang='lat' dir='ltr'><strong>gerens,</strong></span> <span class='ocrx_word' id='word_1_764' title='bbox 3326 5133 3382 5176; x_wconf 91' lang='lat' dir='ltr'><strong>et</strong></span> <span class='ocrx_word' id='word_1_765' title='bbox 3422 5140 3487 5176; x_wconf 83' lang='lat' dir='ltr'><strong>ne</strong></span> <span class='ocrx_word' id='word_1_766' title='bbox 3531 5132 3706 5176; x_wconf 76' lang='lat' dir='ltr'><strong>status</strong></span> 
     </span>
    </p>
   </div>
   <div class='ocr_carea' id='block_1_109' title="bbox 2132 5213 3702 5289">
    <p class='ocr_par' dir='ltr' id='par_1_109' title="bbox 2132 5213 3702 5289">
     <span class='ocr_line' id='line_1_109' title="bbox 2132 5213 3702 5289; baseline -0.007 -15"><span class='ocrx_word' id='word_1_767' title='bbox 2132 5220 2486 5275; x_wconf 85' lang='lat' dir='ltr'><strong>sacerdotalis</strong></span> <span class='ocrx_word' id='word_1_768' title='bbox 2515 5221 2713 5288; x_wconf 84' lang='lat' dir='ltr'><strong>probro</strong></span> <span class='ocrx_word' id='word_1_769' title='bbox 2748 5220 2931 5289; x_wconf 83' lang='lat' dir='ltr'><strong>aliquo</strong></span> <span class='ocrx_word' id='word_1_770' title='bbox 2957 5217 3283 5272; x_wconf 75' lang='lat' dir='ltr'><strong>afﬁceretur.</strong></span> <span class='ocrx_word' id='word_1_771' title='bbox 3318 5213 3513 5268; x_wconf 77' lang='lat' dir='ltr'><strong>Omnia</strong></span> <span class='ocrx_word' id='word_1_772' title='bbox 3544 5213 3702 5272; x_wconf 78' lang='lat' dir='ltr'><strong>enim,</strong></span> 
     </span>
    </p>
   </div>
   <div class='ocr_carea' id='block_1_110' title="bbox 2133 5304 3700 5382">
    <p class='ocr_par' dir='ltr' id='par_1_110' title="bbox 2133 5304 3700 5382">
     <span class='ocr_line' id='line_1_110' title="bbox 2133 5304 3700 5382; baseline -0.006 -16"><span class='ocrx_word' id='word_1_773' title='bbox 2133 5311 2310 5380; x_wconf 85' lang='lat' dir='ltr'><strong>inquit</strong></span> <span class='ocrx_word' id='word_1_774' title='bbox 2359 5312 2574 5366; x_wconf 86' lang='lat' dir='ltr'><strong>divinus</strong></span> <span class='ocrx_word' id='word_1_775' title='bbox 2631 5311 2946 5382; x_wconf 86' lang='lat' dir='ltr'><strong>Apostolus,</strong></span> <span class='ocrx_word' id='word_1_776' title='bbox 3003 5311 3070 5365; x_wconf 88' lang='lat' dir='ltr'><strong>ad</strong></span> <span class='ocrx_word' id='word_1_777' title='bbox 3105 5311 3196 5364; x_wconf 82' lang='lat' dir='ltr'><strong>Dei</strong></span> <span class='ocrx_word' id='word_1_778' title='bbox 3240 5308 3467 5378; x_wconf 83' lang='lat' dir='ltr'><strong>gloriam</strong></span> <span class='ocrx_word' id='word_1_779' title='bbox 3519 5304 3700 5374; x_wconf 76' lang='lat' dir='ltr'><strong>facile,</strong></span> 
     </span>
    </p>
   </div>
   <div class='ocr_carea' id='block_1_111' title="bbox 1603 5559 2407 5636">
    <p class='ocr_par' dir='ltr' id='par_1_111' title="bbox 1603 5559 2407 5636">
     <span class='ocr_line' id='line_1_111' title="bbox 1603 5559 2407 5636; baseline -0.006 -13"><span class='ocrx_word' id='word_1_780' title='bbox 1603 5561 1810 5623; x_wconf 87' lang='lat' dir='ltr'><strong>Guill.</strong></span> <span class='ocrx_word' id='word_1_781' title='bbox 1849 5559 2182 5636; x_wconf 82' lang='lat' dir='ltr'><strong>Beveregii</strong></span> <span class='ocrx_word' id='word_1_782' title='bbox 2221 5569 2407 5620; x_wconf 76' lang='lat' dir='ltr'><strong>noue.</strong></span> 
     </span>
    </p>
   </div>
   <div class='ocr_carea' id='block_1_112' title="bbox 459 5660 2010 5761">
    <p class='ocr_par' dir='ltr' id='par_1_112' title="bbox 459 5660 2010 5761">
     <span class='ocr_line' id='line_1_112' title="bbox 459 5660 2010 5761; baseline -0.005 -17"><span class='ocrx_word' id='word_1_783' title='bbox 459 5703 464 5708; x_wconf 85' lang='lat'><strong><em>‘</em></strong></span> <span class='ocrx_word' id='word_1_784' title='bbox 524 5690 638 5761; x_wconf 74' lang='lat'><strong>(75)</strong></span> <span class='ocrx_word' id='word_1_785' title='bbox 695 5691 758 5743; x_wconf 81' lang='lat' dir='ltr'><strong>Ol</strong></span> <span class='ocrx_word' id='word_1_786' title='bbox 783 5689 907 5759; x_wconf 74' lang='grc' dir='ltr'><strong>μὲν·</strong></span> <span class='ocrx_word' id='word_1_787' title='bbox 933 5685 1042 5756; x_wconf 69' lang='grc' dir='ltr'>γὰρ</span> <span class='ocrx_word' id='word_1_788' title='bbox 1084 5703 1230 5761; x_wconf 76' lang='grc' dir='ltr'>ισως</span> <span class='ocrx_word' id='word_1_789' title='bbox 1259 5703 1360 5740; x_wconf 81' lang='grc' dir='ltr'><strong>και</strong></span> <span class='ocrx_word' id='word_1_790' title='bbox 1389 5687 1494 5742; x_wconf 81' lang='grc' dir='ltr'>τοῦ</span> <span class='ocrx_word' id='word_1_791' title='bbox 1527 5660 1870 5755; x_wconf 54' lang='grc' dir='ltr'>σωφρόκως.</span> <span class='ocrx_word' id='word_1_792' title='bbox 1915 5681 2010 5736; x_wconf 78' lang='lat' dir='ltr'><strong>Ret</strong></span> 
     </span>
    </p>
   </div>
   <div class='ocr_carea' id='block_1_113' title="bbox 2114 5660 3705 5761">
    <p class='ocr_par' dir='ltr' id='par_1_113' title="bbox 2115 5685 3705 5760">
     <span class='ocr_line' id='line_1_113' title="bbox 2115 5685 3705 5760; baseline 0.001 -19"><span class='ocrx_word' id='word_1_793' title='bbox 2115 5701 2172 5740; x_wconf 37' lang='lat' dir='ltr'><strong>si</strong></span> <span class='ocrx_word' id='word_1_794' title='bbox 2207 5690 2260 5742; x_wconf 91' lang='lat' dir='ltr'><strong>in</strong></span> <span class='ocrx_word' id='word_1_795' title='bbox 2335 5686 2524 5743; x_wconf 81' lang='lat' dir='ltr'><strong>codice</strong></span> <span class='ocrx_word' id='word_1_796' title='bbox 2590 5687 3028 5743; x_wconf 82' lang='lat' dir='ltr'><strong>Amerbachiauo</strong></span> <span class='ocrx_word' id='word_1_797' title='bbox 3077 5685 3292 5754; x_wconf 71' lang='lat' dir='ltr'><strong>legitur,</strong></span> <span class='ocrx_word' id='word_1_798' title='bbox 3339 5687 3388 5738; x_wconf 78' lang='lat' dir='ltr'><strong>oi</strong></span> <span class='ocrx_word' id='word_1_799' title='bbox 3448 5688 3552 5758; x_wconf 79' lang='grc' dir='ltr'>μὲν</span> <span class='ocrx_word' id='word_1_800' title='bbox 3595 5689 3705 5760; x_wconf 79' lang='grc' dir='ltr'>γὰρ</span> 
     </span>
    </p>
   </div>
   <div class='ocr_carea' id='block_1_114' title="bbox 453 5759 1394 5829">
    <p class='ocr_par' dir='ltr' id='par_1_114' title="bbox 453 5759 1394 5829">
     <span class='ocr_line' id='line_1_114' title="bbox 453 5759 1394 5829; baseline -0.003 -12"><span class='ocrx_word' id='word_1_801' title='bbox 453 5759 552 5818; x_wconf 66' lang='grc' dir='ltr'><strong>καὶ</strong></span> <span class='ocrx_word' id='word_1_802' title='bbox 583 5761 754 5823; x_wconf 78' lang='grc' dir='ltr'>οὕτως</span> <span class='ocrx_word' id='word_1_803' title='bbox 786 5761 1077 5829; x_wconf 55' lang='grc' dir='ltr'>σωφρόνως</span> <span class='ocrx_word' id='word_1_804' title='bbox 1105 5759 1394 5828; x_wconf 73' lang='grc' dir='ltr'>ζήσονται..</span> 
     </span>
    </p>
   </div>
  </div>
