4074 6392
371 375 466 440 561

1394 394 1477 454 ΙΝ
1514 397 1682 457 CAN.
1728 400 1873 459 XIII
1899 401 2109 463 CDNC-
2143 403 2223 462 IN
2257 404 2587 465 THULLO.

3498 402 3621 471 562i

438 490 637 545 ΒΛΛΣ.
691 493 1044 560 Κωλύσαντες
1091 500 1136 551 oi
1180 499 1323 581 θεῖοι
1364 503 1602 574 Πατέρες
1647 510 1771 572 τοὺς
1828 515 1930 563 ἐπι-

2121 514 2313 569 BALS.
2335 517 2465 569 Cum
2499 514 2905 582 prohibuissent
2929 518 3101 573 sancti
3140 518 3327 574 Patres
3349 520 3622 588 episropes

369 582 611 645 σκόπους
661 586 801 653 μετὰ
832 587 933 656 τὴν
978 593 1313 659 χειροτονίαν
1346 598 1463 658 ταῖς
1506 599 1734 663 οἰκείαις
1766 619 1942 656 συνοι-

365 676 485 726 κεῖν
515 674 784 741 γυναιξὶν,
835 679 1313 736 ὑποδιαστέλλουσι
1345 687 1413 740 τὰ
1463 691 1593 759 περὶ
1627 693 1734 746 τῶν
1763 694 1945 748 διακόο

366 782 477 818 νων
528 769 622 819 καὶ
669 770 778 822 τῶν
826 771 1053 839 ἱερέων·
1100 774 1198 827 καὶ
1239 776 1611 846 διορθούμενοι
1650 782 1837 855 ὥσπερ
1884 787 1945 840 τὸ

364 859 653 927 γινόμενον
679 864 841 932 χάριν
866 862 1071 918 τούτων
1103 868 1184 929 είς
1223 868 1323 937 τὴν
1351 870 1461 924 τῶν
1497 871 1784 942 Ῥωμαίων
1820 877 1941 929 Ἑκ-

363 951 617 1019 κλησίαν,
644 954 885 1021 δηλονότι
913 957 972 1010 τὸ
997 961 1406 1028 ἀναγκάζεσθαι
1435 964 1528 1018 καὶ
1551 965 1772 1031 τούτους
1806 969 1945 1037 μετὰ

362 1045 465 1112 τὴν
493 1046 826 1114 χειροτονίαν
852 1050 1079 1120 ἀπέχειν
1114 1056 1177 1105 ἐκ
1204 1055 1309 1106 τῶν
1339 1056 1602 1128 πρότερον
1630 1061 1944 1132 συζευχθει-

366 1136 477 1187 σῶν
512 1139 694 1200 αὐτοῖς
736 1143 1041 1206 γυναικῶν*
1095 1146 1520 1211 ἀναστέλλοντες
1571 1150 1631 1202 δὲ
1681 1151 1774 1203 καὶ
1815 1152 1943 1214 τοὺς

362 1229 497 1301 facta;
546 1229 841 1299 μέλλοντας
871 1236 1047 1288 εἰπεῖν
1094 1238 1398 1302 κωλύεσθαι
1431 1240 1526 1292 καὶ
1554 1240 1779 1305 τούτους
1812 1259 1939 1295 συν-

359 1324 504 1375 εῖναι
549 1325 671 1387 ταῖς
712 1325 945 1389 οἰκείαις
989 1328 1259 1396 γυναιεὲν,
1290 1329 1478 1403 ὥσπερ
1509 1333 1574 1403 δὴ
1606 1334 1943 1390 κεκώλυνται

364 1412 465 1463 καὶ
495 1413 544 1465 oi
584 1414 898 1486 ἀρχιερεῖς,
952 1417 1281 1490 διορίζονται
1314 1424 1441 1485 τοὺς
1486 1423 1669 1488 ἀξίους
1698 1442 1943 1495 χειροτο-

367 1504 489 1565 νίας
530 1505 605 1574 μὴ
651 1506 1114 1577 ἀποζευγνύεσθαι
1153 1514 1217 1565 ἐκ
1244 1512 1354 1566 τῶν
1386 1517 1665 1586 προτέρων
1693 1521 1943 1588 νομίμων

359 1594 634 1660 γυναικῶν
669 1596 876 1651 αὐτῶν.
921 1600 1278 1669 Προστιθέασι
1320 1603 1377 1657 δὲ
1406 1606 1482 1676 μὴ
1515 1608 1661 1676 ἔχειν
1711 1609 1940 1674 τούτους

358 1685 461 1755 τὴν
505 1689 645 1757 μετά
685 1688 795 1742 τῶν
848 1691 1132 1761 ὁμοζύγων
1164 1694 1343 1749 αὐτῶν
1381 1700 1678 1767 συνάφειαν
1710 1703 1940 1772 ἀδιάφο-

362 1796 492 1849 ρον·
539 1780 675 1835 ἀλλὰ
721 1783 1133 1841 ἀποδιίστασθαι
1171 1787 1375 1842 τούτων
1423 1793 1565 1845 κατὰ
1602 1794 1695 1847 τὸν
1749 1796 1942 1863 καιρὸν

355 1870 458 1939 τῆς
506 1871 807 1942 ἐφημερίας
835 1874 1035 1942 αὐτῶν,
1082 1876 1248 1946 ἧγουν
1300 1877 1423 1932 καθ’
1450 1878 1544 1944 οὒς
1590 1881 1937 1953 ίερουργοῦσι

357 1964 621 2031 καιρούςο
666 1963 852 2034 ὥσπερ
902 1965 1059 2019 τοῦτο
1113 1967 1405 2037 διωρίσατο
1459 1971 1555 2023 καὶ
1613 1973 1647 2043 ή
1683 1974 1741 2026 ἐν
1786 1974 1937 2044 Καρ.-

356 2055 561 2126 θαγένῃ
599 2056 814 2119 σύνοδος
863 2057 920 2110 ἐν
967 2056 1046 2127 τῷ
1073 2056 1121 2125 γ’
1153 2057 1248 2111 καὶ
1281 2057 1360 2112 κε’
1408 2060 1502 2115 καὶ
1534 2060 1575 2113 o'
1605 2064 1813 2130 κανόνι,
1841 2066 1937 2118 καὶ

350 2146 454 2215 ὀγ¹
490 2146 672 2202 κανὼν
701 2147 795 2202 τοῦ
829 2149 1263 2220 ἀρχιεπισκόπου
1305 2151 1711 2223 Ἀλεξανδρείας
1751 2160 1936 2213 Διονυ-

352 2238 497 2294 σίου.
529 2240 667 2304 Τοὺς
711 2241 768 2294 δὲ
805 2242 1128 2311 τολμῶντας
1157 2245 1483 2313 ἀποστερεῖν
1524 2250 1661 2316 μετά
1693 2251 1790 2316 τὴν
1824 2268 1935 2319 χει-

353 2331 607 2401 ροτονίαν
645 2332 771 2395 τοὺς
808 2332 1089 2395 διακόνους
1130 2334 1225 2386 καὶ
1276 2335 1402 2397 τοὺς
1438 2337 1603 2405 ἱερεῖς
1647 2337 1745 2405 τῆς
1798 2338 1936 2407 μετά

347 2422 463 2476 τῶν
498 2424 779 2495 προτέρων
810 2425 1055 2496 νομίμων
1105 2427 1384 2494 γυναικῶν
1419 2429 1601 2481 αὐτῶν
1638 2430 1936 2498 συναφείας

342 2501 730 2585 καθαιρεῖσθαί
766 2533 919 2584 φασι.
952 2518 1187 2585 Προσέτι
1218 2536 1280 2587 γε
1314 2520 1421 2592 μὴν
1450 2522 1545 2575 καὶ
1580 2522 1778 2583 αὐτοὺς
1807 2522 1935 2587 τοὺς

344 2608 886 2677 χειροτονουμένους,
924 2613 1196 2683 προφάσει
1228 2616 1517 2682 εὐλαϐείας
1540 2616 1637 2682 τὰς
1669 2622 1934 2686 γυναῖκας

344 2700 530 2754 αὐτῶν
573 2700 955 2770 ἐκϐάλλοντας,
1007 2705 1361 2776 ἀφορίζεσθαι
1407 2709 1771 2780 διορίζονται·
1809 2712 1934 2764 ἐπι·-

344 2793 611 2859 μένοντας
639 2791 695 2844 δὲ
730 2790 807 2860 τῷ
827 2794 1002 2864 κακῷ,
1031 2796 1199 2865 ἤγουν
1232 2800 1306 2867 μὴ
1343 2798 1932 2869 προσλαμϐανομένους

341 2884 573 2949 ταύτας,
605 2887 698 2939 καὶ
724 2886 1122 2956 καθαιρεῖσθαι.
1165 2888 1422 2953 ’Υπέξελέ
1455 2909 1546 2961 μοι
1573 2893 1699 2955 τοὺς
1728 2895 1785 2945 ἐν
1811 2894 1934 2956 ταῖς

345 2975 718 3046 βαρϐαρικαῖς
768 2978 1092 3047 ἐκκλησίαις
1132 2980 1318 3051 ἱερεῖς.
1358 2982 1468 3035 Καὶ
1515 2984 1793 3051 ἀνάγνωθι
1836 2986 1931 3039 τὸν

336 3070 370 3122 λ
422 3071 622 3123 κανόνα
648 3071 749 3139 τῆς
777 3072 1061 3143 παρούσης
1095 3073 1312 3126 συνόδου
1344 3075 1474 3144 περὶ¹
1502 3074 1707 3130 τούτων
1735 3076 1932 3147 θεσμο-

337 3163 627 3220 θετοῦντα.
682 3166 774 3231 Μὴ
827 3164 1161 3235 ἐναντιωθῇς
1213 3165 1270 3218 δὲ
1309 3165 1387 3235 τῷ
1432 3172 1481 3234 γ’
1527 3171 1713 3222 κανόνι
1740 3168 1841 3239 τῆς
1871 3170 1927 3221 ἐν

336 3244 679 3327 Καρθαγένῃ
703 3256 943 3321 συνόδου,
966 3257 1181 3323 λέγοντι
1202 3256 1507 3312 κωλύεσθαι
1531 3258 1631 3327 τῆς
1660 3262 1799 3329 μετά
1822 3261 1931 3315 τῶν

337 3348 631 3417 ὁμοζύγων
683 3350 863 3403 αὐτῶν
925 3353 1222 3419 συναφείας
1279 3354 1420 3411 κατά
1469 3354 1563 3406 τὸν
1606 3354 1801 3426 καιρὸν
1835 3356 1935 3427 τῆς

335 3442 651 3510 ἐφημερίας
704 3443 885 3497 αὐτῶν
937 3444 1303 3508 ἐπισκόπους,
1363 3447 1771 3518 πρεσϐυτέρους
1834 3450 1932 3503 καὶ

333 3534 643 3597 διακόνους.
688 3537 748 3588 Ὀ
773 3536 882 3606 γὰρ
927 3535 971 3589 δ’
998 3536 1177 3591 κανὼν
1210 3538 1313 3608 τῆς
1360 3540 1530 3609 αὐτῆς
1561 3542 1804 3607 συνόδου,
1835 3544 1931 3596 καὶ

332 3629 363 3679 ὁ
399 3633 505 3692 κε’,
548 3629 641 3681 καὶ
670 3629 699 3680 ό
734 3627 948 3699 παρὼν,
987 3630 1083 3683 καὶ
1112 3632 1236 3694 τοὺς
1277 3626 1661 3696 ὑποδιακόνους
1698 3637 1928 3705 προστί-

337 3719 468 3789 θησι
502 3719 637 3790 (76).
672 3720 988 3792 Σημείωσαι
1020 3722 1130 3776 ἀπὸ
1156 3723 1249 3775 τοῦ
1281 3725 1548 3794 παρόντος
1591 3726 1815 3790 κανόνος
1844 3729 1925 3786 ὅτι

331 3809 744 3875 ἀναγκάζονται
784 3813 834 3863 oi
888 3813 1074 3881 ἱερεῖς,
1122 3813 1217 3865 καὶ
1243 3813 1291 3866 oi
1318 3813 1556 3867 διάκονοι
1590 3815 1681 3868 καὶ
1710 3817 1759 3868 oi
1790 3818 1925 3870 ὑπο-

328 3900 596 3967 διάκονυι,
622 3903 696 3965 ὡς
712 3901 779 3955 τὰ
802 3902 923 3973 ἱερὰ
944 3903 1470 3973 μεταχειριζόμενοι,
1490 3905 1792 3975 ἀπέχεσθαι
1815 3907 1925 3961 τῶν

2045 620 2165 658 Cum
2202 606 2435 673 propriis
2467 605 2725 660 uxoribus
2755 607 3001 660 habitare
3032 617 3153 675 post
3185 609 3613 669 ordinationem,

2045 697 2109 749 de
2149 696 2394 751 diaconis
2426 708 2477 750 et
2506 698 2876 752 sacerdotibus
2906 700 3382 767 subdistinguunt;
3425 710 3479 752 et
3522 715 3621 751 ve-

2046 787 2141 840 luti
2174 787 2508 855 corrigentes
2550 791 2690 857 quod
2734 804 2794 843 ea
2825 791 2891 843 de
2941 806 3102 844 cauea
3154 793 3211 842 lit
3262 792 3314 843 in
3371 791 3610 843 Romana

2045 877 2314 943 Ecclesia,
2350 878 2561 933 scilicet
2586 880 2735 948 quod.
2765 887 2819 933 et
2860 880 2895 933 ii
2931 893 3046 947 post
3081 881 3477 934 ordinatiom-m
3522 896 3617 932 co-

2045 980 2243 1040 gattltlr
2268 986 2297 1024 a
2335 972 2486 1039 prius
2510 973 2624 1026 'sibi
2660 973 2971 1041 conjunctis
3006 974 3266 1025 uxoribus
3303 974 3611 1027 abstinere:

2048 1063 2407 1130 reprimentes
2463 1076 2643 1117 autem
2704 1076 2761 1119 et
2815 1079 2928 1128 eos,
2985 1064 3074 1132 qui
3136 1062 3371 1116 fortasse
3420 1063 3613 1114 dicturi

2043 1168 2200 1209 erant
2236 1156 2512 1225 prohiberi
2547 1168 2600 1211 et
2650 1157 2770 1210 illos
2817 1171 2938 1210 cum
2989 1157 3104 1209 suis
3136 1155 3395 1208 uxoribus
3444 1155 3611 1214 coire,

2044 1247 2501 1316 quemadmodum
2534 1250 2892 1317 prohibentur.
2909 1257 2963 1302 et
2979 1247 3285 1311 antistites;
3317 1246 3615 1299 decernunt

2043 1357 2155 1404 eos.
2198 1344 2287 1411 qui
2323 1354 2379 1396 ut
2407 1345 2730 1397 ordinentur
2763 1343 2909 1411 digni
2941 1352 3089 1405 sunt,
3121 1357 3151 1396 a
3194 1340 3468 1410 prioribus
3499 1342 3621 1392 suis

2045 1434 2297 1503 legitimis
2322 1434 2584 1490 uxoribus
2638 1451 2743 1489 non
2798 1435 3064 1504 separari.
3114 1432 3390 1502 Adjiciunt
3438 1442 3616 1485 autem

2044 1540 2138 1579 eos
2172 1542 2275 1581 non
2306 1541 2427 1581 cum
2468 1528 2583 1581 suis
2617 1527 2944 1596 conjugibus
2977 1527 3418 1595 conjunctionem
3451 1524 3623 1577 indis-

2047 1617 2377 1670 criminatim
2410 1617 2730 1683 habituros;
2763 1618 2854 1671 sed
2883 1619 2951 1671 ab
2995 1617 3064 1671 i-is
3111 1616 3456 1670 abstenturos
3485 1613 3624 1667 vicis

2050 1721 2159 1760 sure
2190 1717 2456 1776 tempore,
2487 1722 2552 1762 eo
2598 1708 2805 1763 scilicet
2834 1715 3075 1776 tempore
3119 1720 3228 1775 quo
3266 1706 3571 1759 sacriﬁcant
3600 1721 3616 1756 :

2048 1799 2190 1852 sicut
2226 1798 2329 1853 hoc
2358 1800 2563 1853 detiuiit
2592 1810 2649 1854 et
2674 1798 3121 1868 Carthaginiensis
3151 1799 3389 1867 synodus
3416 1797 3466 1849 in
3500 1797 3534 1849 5
3562 1806 3619 1849 et.

1974 1873 2014 1929 Β
2043 1889 2114 1943 25
2145 1898 2197 1943 et
2227 1889 2294 1943 70
2346 1906 2471 1944 can.
2525 1900 2579 1951 et
2631 1890 2665 1943 5
2698 1906 2873 1945 canon
2932 1888 3185 1960 Dionysii
3222 1886 3622 1957 archiepiscopi

2040 1982 2412 2037 Alexandrini.
2444 1983 2546 2038 Eos
2573 1994 2774 2047 autem,
2807 1983 2900 2052 qui
2936 1982 3163 2036 audeant
3216 1990 3335 2050 post
3386 1981 3610 2034 ordina-

2041 2074 2239 2129 tionem
2276 2076 2532 2130 diaconos
2566 2085 2621 2130 ct
2664 2077 2979 2131 sacerdotes
3026 2090 3147 2129 cum
3185 2072 3454 2143 prioribus
3504 2071 3617 2123 suis

2042 2166 2297 2236 legitimis
2329 2167 2594 2221 uxoribus
2624 2166 3018 2221 consuetudine
3057 2165 3296 2235 privare,
3342 2160 3618 2230 depbnen-
3650 2167 3655 2173 '

2037 2259 2136 2313 dos
2168 2259 2373 2313 dicunt.
2406 2261 2678 2322 Praeterea
2719 2259 2877 2329 172
2904 2267 3082 2311 autem
3121 2264 3176 2310 et
3208 2257 3355 2326 ipsos
3386 2255 3476 2322 qui
3525 2270 3617 2307 or-

2040 2349 2322 2413 dinantur,
2347 2365 2475 2404 snas
2499 2365 2698 2405 uxores
2720 2349 2939 2417 pietatis
2968 2358 3227 2418 praetextu
3254 2346 3611 2415 expellentcs,

2040 2443 2403 2512 scgregandos
2453 2450 2740 2497 statuunt:
2780 2441 2860 2496 sin
2922 2449 3100 2492 autem
3138 2438 3189 2491 in
3245 2437 3386 2491 malo
3437 2435 3613 2505 persi-

2036 2543 2200 2598 stant,
2254 2548 2345 2588 seu
2386 2548 2479 2588 cas
2537 2548 2643 2587 non
2718 2531 3006 2599 accipiant,
3057 2530 3219 2584 etiam
3244 2528 3613 2600 deponendos.

2046 2627 2246 2697 Excipe
2278 2615 2413 2681 mihi
2447 2629 2775 2690 sacerdotes,
2825 2625 2917 2696 qui
2948 2633 3076 2680 sunt
3114 2624 3165 2678 in
3212 2622 3460 2679 ecclesiis
3492 2622 3619 2675 bar-

2036 2720 2262 2775 baricis.
2297 2720 2439 2788 Lege
2470 2728 2523 2774 et
2554 2720 2623 2773 50
2650 2734 2912 2773 canonem
2960 2717 3123 2786 hujus
3168 2716 3358 2783 synodi
3416 2715 3479 2768 de
3530 2713 3624 2767 his

2043 2828 2257 2883 quoque
2313 2820 2659 2867 statuentem.
2710 2808 2787 2863 Ne
2827 2825 3129 2879 repugnare
3185 2818 3362 2861 autem
3413 2807 3609 2885 existi-_

2044 2920 2157 2959 mes
2188 2904 2221 2958 5
2253 2920 2375 2958 can.
2412 2903 2599 2956 Cartb.
2643 2917 2767 2972 syn.
2815 2902 3040 2963 dicenti,
3082 2894 3357 2968 prohiberi
3405 2916 3431 2952 ο
3484 2915 3613 2953 con-

2033 2995 2321 3064 junctione
2346 3010 2465 3048 cum
2504 2994 2620 3048 suis
2675 2992 2951 3055 uxoribus,
3002 2992 3135 3044 vicis
3185 3006 3297 3043 sua:
3350 2999 3610 3057 tempore,

2039 3082 2723 3153 episcopos,'presbyteros
2759 3090 2811 3133 et
2845 3080 3120 3133 diaconos.
3162 3078 3414 3145 Ejusdem
3464 3078 3610 3130 enim

2036 3177 2227 3246 synodi
2265 3190 2437 3228 canon
2472 3175 2506 3228 4
2540 3184 2594 3228 et
2629 3173 2697 3226 9.5
2733 3180 2787 3226 et
2826 3186 3088 3240 praesens,
3127 3170 3290 3223 etiam
3350 3170 3615 3236 hypodia—

2034 3284 2203 3321 conos
2232 3268 2442 3336 adjicit.
2469 3267 2604 3321 Nota
2656 3282 2723 3321 ex
2763 3264 3013 3333 praesenti
3054 3278 3282 3326 canone,
3332 3264 3474 3329 quod
3524 3275 3613 3313 sa-

2032 3363 2277 3414 cerdotes
2324 3371 2378 3414 et
2422 3360 2635 3414 diaconi
2679 3370 2734 3414 et
2779 3355 3166 3428 bypodiaconi,
3218 3364 3276 3408 ut
3312 3355 3402 3422 qui
3452 3367 3609 3408 sacra

2034 3461 2292 3517 tractarat;
2324 3469 2352 3505 a
2383 3452 2496 3506 suis
2529 3450 2841 3506 abstineant
2872 3448 3134 3503 uxoribus
3163 3447 3359 3500 vicium
3389 3460 3609 3497 suarum

2042 3546 2379 3614 temporibus
2412 3562 2632 3602 necesse
2661 3554 2764 3599 est.
2798 3544 2897 3610 Qui
2933 3544 3115 3612 itaque
3156 3550 3412 3609 perpetuo
3440 3546 3494 3590 et
3529 3536 3612 3590 in-

2038 3640 2158 3693 dies
2214 3641 2605 3709 prOpemodum
2645 3639 2978 3695 ministrant.
3022 3646 3077 3689 et
3116 3648 3269 3687 sacra
3318 3631 3609 3699 allinguttl,

2036 3722 2275 3795 quonam
2314 3729 2472 3781 modo
2497 3743 2554 3781 se
2579 3726 2958 3782 excusabunt?
2988 3724 3132 3795 Lege
3164 3729 3217 3777 ct
3252 3722 3306 3786 5,
3331 3720 3402 3774 25
3443 3730 3494 3772 ct
3542 3719 3616 3770 70

2033 3837 2158 3875 can.
2189 3820 2378 3890 synodi
2416 3819 2867 3890 Carthaginensis
2915 3830 2970 3874 et
3020 3832 3143 3886 quae
3174 3816 3229 3869 in
3289 3816 3355 3868 iis
3404 3814 3609 3881 scripta

2031 3920 2176 3968 sunt.

329 3993 485 4050 ἰδίων
523 3995 799 4063 γυναικῶν
834 3994 978 4048 κατὰ
1007 3994 1133 4053 τοὺς
1181 3996 1408 4064 καιροὺς
1452 3995 1560 4049 τῶν
1591 3999 1913 4069 ἐφημεριῶν
1952 4004 2264 4084 αὐτῶν..οί
2309 4004 2441 4072 γοῦν
2482 4005 2550 4060 δι’
2592 4005 2713 4073 ὅλου
2765 4004 2861 4056 καὶ
2911 4002 3097 4071 σχεδὸν
3178 3999 3300 4054 καθ’
3371 3999 3613 4067 ἑκάστην

338 4087 794 4158 λειτουργοῦντες
832 4086 928 4140 καὶ
959 4086 1322 4155 ψηλαφῶντες
1373 4087 1620 4156 τὰ.ἆγια
1670 4088 1724 4143 τί
1771 4092 2236 4170 ἀπολογήσονται;
2284 4096 2621 4167 ’Λνάγνωσον
2650 4096 2744 4150 καὶ
2774 4095 2841 4163 γ’,
2878 4102 2955 4149 κε’

324 4183 391 4234 ἐν
424 4180 753 4249 Καρθαγένῃ
785 4181 1004 4233 συνόδου
1038 4182 1132 4234 καὶ
1160 4182 1228 4234 τὰ
1259 4182 1319 4234 ἐν
1352 4182 1564 4247 αὐτοῖς.

403 4274 655 4331 ΖΩΝΑΡ.
702 4275 791 4327 Ἐν
839 4276 905 4343 τῇ
967 4274 1256 4343 Ῥωμαίων
1309 4276 1607 4350 Ἐκκλησία
1658 4282 1823 4348 φασὶν
1869 4286 1921 4337 οί

325 4370 469 4422 θεῖοι
505 4369 748 4438 Πατέρες
796 4367 918 4430 ἕθος
949 4368 1258 4439 κρατῆσαι,
1289 4370 1384 4422 καὶ
1412 4371 1487 4433 ὡς
1531 4372 1733 4427 κανόνα
1773 4374 1923 4428 ἐκεί-ν

327 4478 449 4522 νοις
511 4458 796 4530 κρίνεσθαι
854 4461 980 4522 τοὺς
1033 4462 1544 4532 χειροτονουμένους
1598 4465 1763 4532 ἱερεῖς
1825 4468 1921 4521 καὶ

326 4550 623 4614 διακόνους
676 4550 1023 4604 συντίθεσθαι
1056 4553 1152 4605 καὶ
1179 4553 1462 4623 ὁμολογεῖν
1506 4556 1807 4626 ἀπέχεσθαι
1832 4575 1919 4611 τε-

326 4642 500 4705 λείως
538 4642 677 4712 μετὰ
729 4643 829 4712 τὴν
877 4644 1212 4713 χειροτονίαν
1270 4646 1379 4698 τῶν
1428 4648 1694 4717 πρότερον
1733 4650 1917 4715 αὐτοῖς

331 4734 741 4805 συζευχθεισῶν
788 4736 1088 4803 γυναικῶν.
1122 4737 1291 4790 Τοῦτο
1336 4738 1392 4797 δὲ
1425 4741 1588 4809 ἡμεῖς
1622 4741 1723 4795 οὐκ
1748 4744 1915 4795 ἀπαι-

331 4830 560 4900 τοῦμεν.
595 4831 779 4898 φασὶν,
810 4829 946 4883 ἀλλά
974 4828 1052 4898 τῷ
1086 4831 1272 4884 κανόνι
1302 4832 1378 4901 τῷ
1417 4832 1759 4903 ἀποστολικῷ
1785 4836 1917 4888 ἀκοο

332 4919 682 4987 λουθοῦντες,
713 4924 783 4976 τά
806 4921 1014 4990 νόμιμα
1045 4921 1355 4975 συνοικέσια
1378 4921 1486 4975 τῶν
1512 4924 1594 4986 εἰς
1617 4924 1918 4994 ἱερωσύνην

325 5017 649 5084 ἐρχομένων
697 5016 922 5086 κρατεῖν
976 5012 1312 5082 βουλόμεθα,
1364 5016 1459 5066 καὶ
1492 5016 1761 5086 ίερωμένα
1804 5016 1916 5087 (77)

325 5103 473 5160 εἶναι
496 5106 590 5163 καὶ
616 5106 896 5174 ἀδιάλυτα,
922 5108 1016 5159 καὶ
1036 5106 1135 5159 οὐκ
1157 5104 1566 5175 ἀποστεροῦμεν
1600 5108 1796 5171 αὐτοὺς
1816 5108 1918 5179 τῆς

329 5200 479 5271 πρδς
511 5199 777 5268 ἀλλήλους
809 5198 1105 5268 συναφείας
1135 5198 1226 5251 καὶ
1280 5199 1416 5269 μετά
1444 5198 1533 5251 τὸν
1571 5203 1917 5271 προσήκοντα

328 5292 530 5363 καιρὸν
561 5292 800 5361 ὁμιλίας.
835 5295 930 5356 Ὃς
961 5293 1143 5346 τοίνυν
1171 5291 1323 5357 ἄξιος
1354 5293 1549 5363 φανείη
1578 5296 1914 5365 χειροτονίας
1940 5300 1944 5305 ’

3016 4096 3111 4149 καὶ
3178 4092 3218 4148 ο⁹
3253 4095 3450 4147 κανόνα
3513 4092 3610 4161 τῆς

2101 4283 2353 4338 ZONAR.
2387 4284 2444 4337 In
2478 4282 2719 4336 Romana
2754 4280 2992 4335 Ecclesia
3038 4294 3241 4332 morem
3278 4275 3598 4337 invaluisse,

2027 4375 2248 4445 vimque
2272 4376 2328 4428 in
2358 4389 2419 4428 ea
2451 4373 2585 4442 legis
2617 4372 2863 4426 obtinere
2889 4371 3053 4424 divini
3092 4370 3278 4424 Patres
3329 4369 3499 4428 aiunt,
3532 4375 3591 4417 ut

2034 4469 2352 4538 quicunque
2385 4465 2721 4526 sacerdotes,
2758 4473 2851 4517 aut
2877 4464 3090 4517 diaconi
3124 4464 3279 4523 tiuut,
3315 4462 3416 4514 sibi
3470 4462 3607 4515 nihil

2030 4561 2083 4615 in
2130 4572 2407 4629 posterum
2468 4574 2590 4612 cmn
2642 4556 2924 4621 uxoribus,
2975 4556 3172 4623 quibus
3228 4563 3355 4607 ante
3410 4540 3608 4609 sociati

2029 4652 2269 4714 fuerant,
2298 4648 2530 4717 amplius
2564 4649 2788 4701 omnino
2822 4645 3136 4700 commercii
3170 4643 3284 4697 fore
3314 4645 3608 4712 proﬁtean-

2033 4753 2139 4809 tur,
2173 4752 2224 4796 et
2259 4741 2578 4809 spondeam.
2616 4737 2684 4791 At
2712 4753 2837 4803 nos,
2869 4738 3140 4807 inquiunt.
3175 4737 3304 4807 nihil
3343 4738 3605 4802 ejusmodi

2028 4833 2390 4903 postulamus,
2421 4846 2608 4883 verum
2642 4830 2945 4898 apostolico
2976 4843 3185 4881 canone
3234 4827 3433 4893 edocti,
3477 4845 3609 4883 con-

2028 4935 2258 4979 tractum
2301 4939 2423 4977 cum
2465 4924 2613 4991 justa
2657 4936 2829 4974 uxore
2878 4920 3132 4974 connubii
3175 4918 3373 4985 foedus,
3426 4929 3603 4975 ratum

2024 5015 2459 5083 inviolatumque
2514 5027 2636 5067 esse
2701 5013 2972 5074 volumus,
3036 5024 3213 5079 neque
3260 5027 3367 5079 quo
3424 5011 3605 5065 minus

2030 5122 2212 5164 mutua
2257 5108 2400 5162 inter
2433 5122 2491 5161 se
2519 5107 2934 5169 consuetudine,
2959 5120 3383 5173 congressuque.
3418 5103 3601 5158 habita

2028 5198 2386 5254 nihilominus
2418 5206 2724 5266 temporum
2758 5196 2991 5261 ratione,
3022 5196 3282 5264 conjuges
3310 5196 3601 5265 perfruan-

2029 5304 2135 5354 tur.
2169 5292 2541 5363 prohibemus.
2579 5291 2634 5345 Si
2675 5290 2795 5361 quis
2832 5290 2996 5391 igitur
3034 5305 3191 5346 sacro
3222 5304 3281 5344 se
3316 5288 3598 5359 presbyte-

1014 5438 1049 5483 ι
1460 5500 1463 5503 λ
1564 5429 1754 5493 Guill.
1791 5418 2125 5510 Beveregii
2171 5437 2365 5493 noue.

406 5560 519 5629 (76)
545 5559 886 5629 Σημείωσαι
908 5557 1026 5612 ἀπὸ
1052 5557 1158 5629 τοῦ
1179 5559 1476 5629 παρόντος
1493 5560 1775 5623 κανόνος.
1792 5557 1915 5613 Ηωο

2036 5573 2136 5611 esse
2164 5568 2450 5627 pr0pterea
2475 5557 2643 5626 quod,
2675 5572 2796 5629 qua;
2825 5555 3112 5629 Balsamon
3153 5552 3313 5629 dixit,
3345 5550 3433 5605 hic
3488 5564 3588 5629 re:-

332 5627 512 5701 usque
547 5627 820 5701 adﬁnem
854 5627 1018 5696 hujus
1047 5627 1396 5701 balsamouis
1439 5628 1913 5701 interpretationis

332 5719 401 5758 ex
423 5696 544 5757 'ms.
580 5696 873 5753 Bodleiano
902 5698 1298 5766 supplevimus,
1333 5714 1508 5767 neque
1534 5700 1679 5753 enim
1714 5700 1765 5751 in
1793 5699 1910 5752 edi-

334 5775 487 5826 tione
524 5770 824 5837 Parisiensi
859 5769 1153 5827 habentur,
1190 5783 1365 5837 neque
1398 5769 1563 5820 etiam
1607 5770 1660 5820 in
1720 5769 1911 5823 codice

335 5831 803 5899 Amerbachiano.
841 5837 945 5894 Sed
995 5840 1245 5908 suspicor
1277 5831 1359 5894 'ea
1419 5838 1762 5895 Balsamonis
1803 5854 1909 5893 non

2015 5621 2303 5697 petuntur,
2352 5636 2405 5681 et
2458 5621 2706 5682 canones
2758 5625 3222 5697 Carthaginenses
3283 5621 3465 5675 denuo
3515 5621 3595 5674 ci-

2015 5694 2223 5759 iantur,
2260 5697 2351 5763 qui
2383 5714 2410 5749 a
2442 5697 2767 5749 Balsamonc
2790 5704 2918 5758 ante
2938 5694 3088 5763 citati
3126 5699 3275 5745 sunt.

2085 5768 2199 5836 (77)
2218 5760 2549 5837 'Iépwyéra.
2571 5761 3177 5837 llenricianuszcnara:
3199 5761 3373 5837 codex
3387 5760 3602 5817 rectius

2009 5832 2139 5911 legit
2169 5832 2482 5910 ἐρῤὡμένα.
2513 5836 2611 5892 Ms.
2643 5835 2893 5891 Gallandi
2925 5832 3325 5905 ἡδραιωμένα..
