4074 6402
461 384 566 447 563

1719 344 1994 445 THEOD.
2023 382 2425 445 BALSAMON

3600 380 3705 444 564

460 504 635 560 ratus,
686 500 777 550 aut
829 495 1165 558 diaconatus.
1216 501 1310 550 aut
1357 494 1786 551 subdiaconatus
1833 496 2022 549 ordine

2130 497 2495 569 πρεσϐυτέρου
2517 500 2851 574 ἢδιακόνουῆ
2873 501 3224 557 ὕποδιακόνου
3246 500 3385 570 Ξχων
3396 497 3631 568 γυναῖκα
3642 500 3707 549 οὐ

459 588 679 657 dignum
720 588 979 658 praebeat,
1040 589 1187 659 eligi,
1240 590 1486 658 quamvis
1535 590 1688 644 uxori
1722 590 2022 660 alligatum,

458 679 606 734 nulla
646 696 709 734 ex
738 695 803 735 eo
835 680 1052 734 divortii
1092 677 1344 749 imposita
1382 682 1707 737 necessitate
1751 682 2023 737 hominem

460 770 643 825 licebit
673 789 686 825 :
728 786 793 825 ne
819 771 1021 841 alioqui
1064 774 1303 843 nuptias,
1338 789 1474 843 quas
1525 782 1581 829 et
1616 790 1713 828 suo
1746 775 1860 844 ipse
1889 789 2025 828 eon-

459 871 648 931 spectu
709 862 970 918 Dominus
1028 866 1355 927 honestavit,
1406 879 1461 920 et
1497 866 1772 921 miraculis
1825 867 2024 921 ibidem

456 956 616 1010 editis
668 957 1035 1021 consecravit,
1083 958 1390 1027 improbare
1436 959 1737 1014 videamur.
1789 957 2023 1026 Quarum

407 1118 411 1123 ‘
464 1048 680 1116 quidem
714 1049 876 1102 etiam
906 1052 1279 1114 sanctitatem,
1316 1051 1438 1106 aliis
1479 1067 1697 1122 quoque
1747 1068 2025 1107 sacrarum

462 1138 791 1197 Litterarum
839 1141 1179 1196 testimoniis
1212 1156 1453 1197 asserere
1507 1143 1773 1197 nituntur.
1824 1142 2029 1200 Deinde

459 1230 605 1299 quod
660 1230 713 1283 in
750 1231 1060 1285 eonnnbiali
1118 1232 1307 1301 copula
1351 1234 1613 1301 temporis
1660 1235 1923 1290 rationem
1961 1237 2029 1291 ab

404 1394 409 1399 θ
460 1322 687 1376 initiatis
716 1324 1016 1378 habendam
1051 1340 1172 1379 esse
1206 1335 1363 1391 antea
1397 1326 1604 1381 dictum
1639 1336 1739 1392 est,
1769 1328 1821 1382 id
1863 1344 2027 1394 nunc,

394 1424 397 1425 ν
461 1411 627 1466 allato
657 1413 844 1481 synodi
873 1414 1325 1485 Carthaginensis
1356 1418 1597 1480 decreto,
1628 1417 1788 1485 quale
1829 1420 1901 1473 sit
1930 1435 2028 1473 ex-

459 1505 711 1573 plicant:
751 1522 859 1577 quo
892 1508 1104 1563 scilicet
1148 1511 1346 1578 quibus
1388 1514 1796 1567 traetandarum
1849 1527 2027 1566 rerum

461 1612 740 1653 sacrarum
796 1616 927 1655 cura
988 1602 1317 1658 demandata
1366 1613 1473 1668 est,
1535 1620 1630 1675 per
1680 1605 1829 1661 vices
1879 1621 2029 1669 suas,

460 1694 865 1763 constitutaque
891 1695 1030 1765 ipsis
1064 1696 1227 1750 divini
1258 1698 1545 1753 ministerii
1570 1708 1835 1767 tempora,
1863 1698 2033 1753 absti-

463 1798 593 1837 nere
626 1784 694 1838 ab
734 1800 963 1840 uxorum
1006 1788 1334 1858 contagione
1372 1787 1659 1856 jubentur.
1689 1788 1840 1855 Quod
1886 1789 2027 1844 idem

458 1873 819 1930 Alexandrini
852 1894 1072 1948 quoque
1102 1881 1496 1948 archiepisc0pi
1530 1881 1773 1951 Dionysii
1822 1896 2029 1936 canone

459 1968 622 2021 tertio
672 1970 939 2026 sancitum
1002 1982 1109 2026 est.
1161 1972 1313 2039 Quod
1364 1973 1410 2027 si
1459 1973 1550 2043 qui
1583 1973 1931 2027 nihilominus
1961 1974 2029 2028 ab

406 2052 411 2057 ’
459 2061 646 2115 uxoris
678 2062 937 2143 legitimae
975 2066 1411 2131 eonsociatione,
1456 2076 1509 2120 et
1551 2068 1901 2130 commercio,
1937 2082 2028 2120 sa—

457 2153 733 2220 cerdotes,
769 2166 861 2209 aut
888 2157 1171 2223 diaconos,
1214 2168 1308 2212 aut
1346 2159 1750 2227 bypodiaconos
1799 2170 2030 2215 conetur

458 2246 751 2311 abducere,
790 2248 1168 2317 depositionis,
1200 2266 1319 2319 quae
1369 2252 1605 2307 maxima
1657 2267 1778 2308 esse
1828 2264 2027 2321 potest,

455 2339 661 2395 homini
695 2357 909 2411 pennam
942 2343 1132 2399 Patres
1181 2345 1525 2400 denuntiant.
1576 2347 1684 2401 Sed
1728 2360 1825 2400 nec
1858 2348 2029 2402 sacris

453 2432 738 2489 ordinibus
770 2435 1018 2499 initiatis,
1048 2452 1186 2505 quos
1221 2437 1482 2502 diximus,
1523 2453 1720 2493 uxores
1752 2452 1878 2493 suas
1907 2438 2031 2493 reli-

455 2526 632 2591 gionis
677 2526 904 2580 obtentu
963 2529 1253 2596 repudiare
1296 2530 1643 2599 permissum,
1675 2530 1805 2597 quin
1846 2542 2027 2596 segre-

453 2616 569 2683 gari
623 2616 798 2683 primo
830 2658 845 2681 ,
896 2619 941 2674 si
979 2619 1030 2673 id
1069 2619 1329 2685 fecerint,
1361 2634 1424 2673 ac
1454 2620 1553 2674 nisi
1587 2630 1773 2689 postea
1823 2629 2026 2674 mutata

457 2708 732 2761 sententia
763 2709 977 2763 easdem
1021 2710 1358 2775 reduxerint,
1392 2725 1486 2764 eos
1516 2710 1711 2781 deponi
1766 2718 2026 2777 prmterea

446 2798 662 2867 jubent.

451 2890 679 2946 ARIST.
722 2910 741 2943 ι
780 2892 1004 2948 Etiamsi
1038 2894 1265 2949 Romani
1301 2912 1447 2960 eum,
1486 2898 1573 2964 qui
1626 2897 1888 2951 diaconus
1944 2898 2026 2951 vel

531 3003 550 3034 ‹
597 2985 882 3057 presbyter
910 2988 1191 3043 ordinatus
1219 2999 1322 3053 est,
1359 3003 1583 3043 uxorem
1636 3004 1789 3043 suam
1845 2988 2030 3043 dimit-

529 3093 551 3126 ε
592 3087 706 3133 tere
723 3078 907 3145 velint,
929 3096 1025 3135 nos
1046 3091 1224 3135 tamen
1243 3081 1592 3136 diaeonorum
1610 3092 1663 3136 et
1683 3080 2027 3151 presbytero-

527 3187 546 3219 ι
589 3185 707 3224 rum
739 3172 986 3241 conjugis
1007 3172 1421 3242 rata,firmaque
1444 3189 1662 3229 manere
1685 3173 1952 3228 volumus.
1999 3190 2017 3223 ι
2048 3182 2094 3244 C

527 3260 593 3313 Et
625 3261 750 3315 siin
801 3262 1050 3316 Eet-lesia
1092 3262 1253 3317 Rom.
1288 3274 1346 3316 ut
1399 3265 1452 3317 in
1500 3279 1625 3319 ean.
1686 3264 1879 3319 ordine
1924 3264 2026 3319 hoc

451 3351 715 3415 obtinuit,
745 3361 805 3407 ut
829 3355 920 3422 qui
959 3356 1026 3407 ad
1062 3356 1505 3424 presbyteratum
1536 3365 1627 3409 aut
1678 3356 2023 3410 diaconatum

449 3456 537 3499 est
565 3448 965 3514 promovendos
992 3456 1119 3503 ante
1146 3449 1552 3502 ordinationem
1590 3448 1931 3513 confiteatur,
1968 3464 2026 3503 se

452 3551 559 3590 non
588 3538 820 3604 amplius
851 3540 1004 3593 uxori
1051 3555 1162 3593 sua:
1194 3540 1478 3609 conjungi,
1529 3539 1624 3594 sed
1655 3522 2024 3593 omnem'cum

450 3643 514 3681 ea
549 3632 988 3699 congressionem
1025 3631 1320 3687 dissolvere
1353 3649 1366 3684 :
1408 3640 1610 3695 tamen,
1640 3641 1699 3684 ut
1727 3645 1919 3699 evang.
1973 3641 2029 3684 et

453 3732 631 3790 apost.
680 3739 825 3779 cura:
875 3720 1245 3787 contrarium,
1268 3726 1336 3779 ab
1373 3724 1476 3779 boc
1506 3739 1629 3779 ean.
1681 3740 1787 3779 non
1829 3724 2027 3777 admit-

371 3790 389 3814 ’
451 3816 602 3879 titur,
640 3816 731 3884 qui
762 3818 981 3886 quidem
1012 3817 1264 3873 decernit
1302 3819 1653 3897 presbyteros
1693 3828 1746 3873 et
1772 3819 2028 3873 diaconos

451 3910 704 3979 coniugia
732 3920 826 3965 Sua
871 3913 1112 3982 legitime
1159 3913 1291 3968 inita
1336 3928 1677 3982 nequaquam
1708 3913 2026 3976 dissolvere,

455 3997 613 4067 173
628 3998 721 4054 sed
733 4014 854 4054 cum
870 4002 1129 4057 uxoribus
1144 4003 1255 4057 suis
1267 4002 1697 4071 conjunctionem
1714 4003 2027 4066 observare,

451 4106 484 4144 α
507 4094 902 4149 consuetudine
918 4105 1097 4150 autem
1125 4111 1248 4151 cum
1268 4097 1333 4151 iis
1351 4097 1626 4151 abStinere
1646 4108 1888 4165 tempore
1901 4110 2031 4150 eon-

451 4181 715 4245 venienti,
736 4183 837 4237 hoc
863 4193 966 4249 est,
985 4184 1602 4254 injejunii-ctsaerorum
1624 4185 2028 4239 tractandorum

453 4286 717 4341 tempore;
739 4276 1022 4345 utlpossint
1044 4277 1117 4341 id,
1132 4277 1272 4346 quod
1296 4293 1324 4331 a
1346 4272 1457 4331 Deo
1476 4276 1796 4344 simpliciter
1818 4285 2030 4347 petunt,

451 4364 721 4419 obtinere.
743 4366 793 4420 ls
808 4376 990 4422 autem
1006 4369 1098 4437 qui
1120 4362 1339 4438 pietatis
1353 4377 1553 4437 prattex
1565 4378 1617 4421 tu
1636 4383 1860 4422 uxorem
1879 4383 2030 4422 suam

451 4455 650 4523 ejicere
680 4470 963 4525 aggressus
979 4468 1083 4521 est,
1102 4467 1416 4527 segregatur
1437 4499 1451 4524 ,
1469 4458 1595 4512 ct'si
1616 4456 2029 4513 inemendabilis

2127 582 2498 661 κωλυθήσεσθαι
2528 594 2624 663 τῆς
2655 595 2911 665 τόιαύτης
2935 595 3286 667 χειροτονίας,
3316 591 3439 645 οὒτε
3469 591 3707 657 ἀπαιτη-

2128 680 2353 749 θήσεται
2380 683 2709 755 ὁμολογῆσαι
2731 686 2805 749 ὡς
2842 689 3207 757 ἀποστήσεται
3233 687 3327 754 τῆς
3345 683 3478 754 πρὸς
3496 682 3593 751 τὴν
3629 682 3707 733 οἱ-

2127 776 2279 827 κείαν
2302 777 2543 848 γαμετὴν
2565 779 2799 847 ὁμιλίας·
2817 780 2892 843 ὼς
2916 780 2983 833 ἂν
3005 784 3080 850 μὴ
3104 778 3350 833 ἐντεῦθεν
3367 774 3702 830 διαϐάλλοιτο

2127 867 2156 918 ὁ
2177 868 2374 937 γάμος,
2402 868 2461 922 ὃν
2490 872 2517 923 ό
2540 870 2744 941 Κύριος
2766 871 3161 941 παρωσιάσας,
3198 871 3293 922 καὶ
3319 872 3374 921 ἐν
3396 866 3541 935 αύτῷ
3569 867 3704 919 θαυ-

2132 962 2541 1032 ματουργήσας,
2576 964 2854 1032 εὐλόγησε.
2899 965 3007 1017 Καὶ
3042 963 3255 1030 ἑτέραις
3284 961 3340 1012 δὲ
3396 958 3702 1027 Γραφικαῖς

2131 1052 2363 1120 κρήσεσι
2412 1053 2707 1125 κέχρηνται
2751 1056 2882 1124 περὶ
2936 1056 3029 1107 τοῦ
3065 1056 3265 1122 γάμου,
3318 1049 3449 1104 Εἶτα
3489 1048 3517 1102 ὃ
3549 1045 3704 1101 εἷπον

2129 1144 2385 1214 ἀνωτέρω
2409 1147 2537 1213 περὶ
2567 1145 2662 1198 τοῦ
2695 1145 2837 1198 κατὰ
2862 1146 2955 1199 τὸν
2985 1146 3332 1215 προσήκοντα
3360 1140 3549 1211 καιρὸν
3580 1141 3705 1208 ὁμι’

2129 1235 2241 1289 λεῖν
2294 1239 2415 1301 ταῖς
2459 1242 2731 1308 γαμεταῖς
2774 1242 2901 1303 τοὺς
2944 1239 3271 1309 ίερωμένους
3313 1232 3701 1305 σαφηνίζουσι’

2130 1330 2225 1383 καὶ
2264 1330 2568 1402 μέμνηνται
2614 1333 2714 1400 τῆς
2768 1333 2830 1384 ἐν
2872 1331 3202 1402 Καρθαγένῃ
3251 1327 3467 1381 συνόδου
3518 1326 3705 1377 διατα-

2134 1420 2372 1491 ξαμένης
2405 1424 2532 1486 τοὺς
2564 1425 2632 1482 τὰ
2662 1424 2785 1494 ίερά
2829 1423 3201 1495 ψηλαφῶντας
3244 1421 3365 1491 ἦτοι
3398 1432 3709 1487 μεταχειριι

2134 1513 2392 1587 ζομένους
2438 1516 2579 1570 κατά
2607 1518 2734 1579 τοὺς
2786 1518 2949 1581 ἰδίους
2992 1517 3174 1585 ὅρους,
3224 1515 3396 1582 ἦγουν
3448 1507 3584 1579 μετά
3609 1506 3711 1567 τὰς

2133 1606 2439 1676 ἐφημερίας
2467 1606 2647 1689 αὐτῶν
2672 1610 2766 1660 καὶ
2790 1608 2919 1670 τοὺς
2965 1607 3189 1676 καιροὺς
3222 1602 3344 1655 καθ’
3370 1599 3465 1662 οὓς
3496 1600 3709 1667 ἱεροερ·

2133 1697 2342 1763 γοῠσιν,
2379 1700 2443 1752 ὲκ
2487 1700 2596 1752 τῶν
2634 1698 2880 1770 συμϐίων
2912 1695 3359 1768 ἐγκρατεύεσθαι.
3396 1691 3506 1744 Καὶ
3534 1691 3563 1741 ὁ
3590 1694 3709 1757 τρι-

2133 1807 2222 1853 τος
2253 1790 2310 1843 δὲ
2339 1792 2521 1844 κανὼν
2550 1791 2644 1846 τοῦ
2685 1790 3116 1861 ἀρχιεπισκόπου
3152 1783 3556 1853 Ἀλεξανδρείας
3589 1781 3709 1833 Διο-

2133 1884 2316 1936 νυσίου
2342 1886 2410 1936 τὰ
2442 1884 2581 1937 αὐτὰ
2606 1884 2969 1937 διατάττεται.
3009 1882 3118 1935 Καὶ
3149 1880 3243 1933 ἐπὶ
3286 1875 3499 1937 τούτοις
3547 1874 3707 1925 ἀπει-

2132 1974 2313 2028 λοῦσιν
2335 1978 2382 2028 o!
2403 1978 2494 2030 τὸν
2521 1979 2724 2030 κανόνα
2745 1976 2962 2045 θέμενοι
2990 1974 3227 2041 Πατέρες
3253 1975 3363 2030 τοῖς
3385 1967 3709 2036 ἀποστερεῖν

2132 2068 2468 2140 ἐπιχειροῦσι
2513 2067 2915 2138 πρεσϐυτέρους
2962 2066 2999 2134 ἢ
3035 2064 3317 2129 διακόνους
3349 2061 3381 2128 ἢ
3419 2057 3710 2111 ὑποδιακό-

2133 2166 2386 2234 νουςαῆς
2431 2163 2566 2234 πρὸς
2601 2164 2703 2232 τὴν
2745 2162 2975 2229 νόμιμον
3003 2159 3237 2224 γυναῖκα
3288 2150 3589 2218 συναφείας
3628 2149 3713 2205 εἰς

2132 2259 2193 2310 τὸ
2238 2256 2500 2317 παντελὲς
2538 2254 2880 2322 καθαίρεσιν.
2926 2248 3068 2303 Ἀλλ’
3098 2247 3217 2300 οὐδὲ
3260 2246 3369 2305 τοῖς
3396 2239 3713 2311 είρημένοις

2137 2348 2453 2417 ίερωμένοις
2479 2348 2751 2417 συγχωρεῖ
2774 2347 2870 2407 τὰς
2896 2343 3101 2403 οἰκείας
3133 2340 3400 2404 γυναῖκας
3424 2331 3713 2386 ἐκϐάλλειν

2134 2438 2409 2507 προφάσει
2444 2436 2765 2499 εὐλαϐείαςο
2824 2432 3076 2503 ἀφορίζει
3106 2430 3213 2499 γὰρ
3258 2428 3384 2488 τοὺς
3432 2421 3713 2482 τοιούτους

2136 2532 2329 2600 μέχρις
2356 2531 2422 2583 ἂν
2454 2527 2870 2598 προσλάϐωνται
2897 2522 3054 2587 αὖθις
3078 2524 3176 2586 τὰς
3199 2521 3405 2581 οίκείας
3424 2514 3709 2585 συμϐίους,

2134 2623 2486 2690 ἐπιμένοντας
2514 2621 2569 2674 δὲ
2598 2620 2868 2692 καθαιρεῖ.

2134 2889 2351 2945 ΑΡΙΣΤ.
2396 2907 2416 2941 ι
2452 2887 2581 2951 Kay:
2613 2888 2661 2940 οἱ
2698 2884 2965 2954 Ῥωμαῖοι
2993 2884 3084 2936 τὸν
3134 2883 3213 2944 είς
3240 2876 3537 2946 διάκονονῆ
3570 2891 3710 2942 πρε-

2210 3001 2229 3034 (
2278 2981 2439 3035 σϐύτε
2451 2998 2539 3050 ρον
2571 2979 2950 3051 προαγόμενον
2976 2977 3193 3043 ἀφεῖναι
3224 2974 3323 3040 τὴν
3347 2971 3582 3038 γυναῖκα
3610 2966 3707 3035 βε-

2210 3095 2226 3125 ι
2273 3073 2597 3139 ϐούληνται·
2647 3073 2815 3140 ἡμεῖς
2863 3068 3139 3138 ἐρρῶσθαι
3197 3067 3264 3117 τὰ
3299 3064 3560 3117 διακόνων
3613 3060 3711 3111 καὶ

2199 3189 2216 3219 ι
2264 3164 2650 3236 πρεσϐυτέρων
2682 3162 2984 3233 βουλόμεθα
3020 3160 3353 3212 συνοικέσια.
3382 3176 3401 3207 ι

2198 3261 2261 3314 Εἰ
2293 3262 2386 3314 καὶ
2421 3262 2477 3312 ὲν
2512 3263 2578 3329 τῇ
2623 3256 2911 3326 Ῥωμαίων
2970 3250 3415 3322 Ἐκκλησία,“’ὡς
3446 3252 3505 3303 ὲν
3548 3249 3707 3315 τάξει

2128 3353 2383 3415 κανόνος,
2412 3354 2602 3420 κρατεῖ
2629 3353 2687 3401 τὸ
2718 3348 2810 3400 τὸν
2844 3346 3109 3417 μέλλοντα
3159 3343 3413 3411 γενέσθαι
3468 3342 3712 3423 πρεσϐύ--

2128 3464 2285 3516 τερον
2317 3445 2349 3514 ἢ
2389 3444 2638 3497 διάκονον
2683 3439 2792 3510 πρὸ
2832 3442 2931 3509 τῆς
2961 3438 3294 3508 χειροτονίας
3340 3436 3623 3505 ὁμολογεῖν
3650 3434 3715 3486 τὸ

2132 3540 2330 3611 μηκέτι
2366 3535 2739 3590 συνάπτεσθαι
2787 3535 2854 3604 τῇ
2906 3532 3072 3586 αὐτοῦ
3102 3534 3369 3605 χγαμετῇ,
3426 3529 3562 3581 ἀλλά
3609 3528 3715 3596 τὴν

2128 3634 2266 3704 πρὸς
2319 3631 2489 3700 αὐτὴν
2532 3628 2831 3696 συνάφειαν
2866 3625 3105 3680 διαλύειν
3126 3640 3140 3655 ⁸
3176 3623 3293 3677 ἀλλ’
3320 3618 3413 3676 οὖν
3445 3621 3521 3683 ὡς
3555 3622 3712 3673 ἐναν-

2128 3720 2416 3790 τιούμενον
2463 3718 2557 3771 καὶ¹
2603 3719 2671 3788 τῇ
2723 3716 3059 3784 εὐαγγελικῇ
3113 3716 3206 3767 καὶ
3263 3716 3329 3783 τῇ
3376 3711 3706 3777 ἀποστολικῆ

2128 3815 2405 3885 ἀκριϐείᾳ,
2436 3813 2661 3866 ἄδεκτόν
2706 3812 2821 3863 ἐστι
2861 3812 2955 3863 καὶ¹
2986 3809 3065 3873 τῷ
3096 3808 3325 3877 παρόντι
3356 3806 3577 3860 κανόνι·
3615 3804 3710 3855 καὶ

2130 3908 2427 3978 διορίζεται
2458 3906 2724 3976 μηδαμῶς
2770 3904 2897 3966 τοὺς
2941 3901 3346 3973 πρεσϐυτέρους
3382 3898 3477 3950 καὶ
3525 3898 3711 3950 διακό-

2110 4002 2255 4062 νους
2287 3999 2356 4052 τὰ
2384 3999 2524 4052 κατὰ
2560 3999 2762 4068 νόμους
2790 3997 3061 4050 συστάντα
3093 3996 3405 4048 συνοικέσια
3445 3992 3710 4046 διαλύειν⁶

2131 4090 2267 4145 ἀλλά
2309 4090 2407 4159 τὴν
2462 4088 2731 4160 πρὸςῇτὰς
2778 4085 3025 4155 γαμετὰς
3069 4083 3249 4136 αὐτῶν
3279 4081 3572 4149 συνάφειαν
3597 4080 3715 4132 δια-

2131 4183 2340 4252 τηρεῖν,
2370 4180 2673 4251 ἀπέχεσθαι
2705 4179 2761 4232 δὲ
2803 4179 2904 4248 τῆς
2956 4178 3090 4245 πρὸς
3119 4175 3288 4239 αὐτὰς
3316 4174 3529 4245 ὁμιλίας
3572 4173 3715 4225 κατᾶ

2132 4274 2223 4326 τὸν
2247 4273 2437 4343 καιρὸν
2463 4273 2554 4324 τὸν
2587 4272 2952 4341 προσήκοντα,
2987 4269 3133 4321 τοῦτ’
3163 4267 3311 4319 ἐστιν
3340 4268 3397 4319 ἐν
3425 4266 3501 4335 τῷ
3533 4264 3715 4331 καιρῷ

2132 4365 2231 4435 τῆς
2272 4365 2531 4435 νηστείας
2586 4363 2809 4430 καὶτῆς
2856 4361 2964 4413 τῶν
3015 4360 3214 4427 ’Λγὲων
3249 4356 3715 4428 μεταχειρίσεωςο

2133 4458 2279 4520 ὅπως
2327 4456 2629 4527 δυνηθῶσιν
2672 4455 2701 4508 ὃ
2744 4455 2895 4525 παρά
2929 4452 3023 4524 τρῦ
3058 4450 3193 4505 Θεοῦ
3244 4450 3489 4502 αἰτοῦσιν
3527 4448 3719 4510 ἁπλῶς

452 4547 1162 4618 maneat,deponitur,juxta
1177 4550 1424 4618 quintum
1441 4565 1638 4605 canon.
1654 4550 2028 4618 apostolicum.

2137 4549 2437 4616 ὲπιτυχεῖν.
2468 4546 2574 4601 Τὸν
2597 4547 2653 4599 δὲ
2678 4547 3107 4615 ἐπιχειρήσαντα
3130 4542 3399 4612 προφάσει
3427 4539 3720 4601 εὐλαϐείας

452 4640 552 4708 τῆν
591 4638 784 4692 ἑαυτοῦ
812 4641 1063 4694 ἐκϐαλεῖν
1097 4643 1334 4708 γυναῖκα
1364 4640 1755 4712 ἀφορίζεσθαι·
1789 4638 1907 4694 εἶτα
1935 4643 2028 4695 καὶ
2066 4640 2395 4710 ἀδιόρθωτον
2427 4641 2676 4708 μένοντα,
2708 4637 3089 4706 καθαιρεῖσθαι
3123 4636 3265 4689 κατὰ
3330 4635 3435 4687 τδνν
3481 4634 3728 4686 ἀποστο-

452 4732 602 4785 λικὸν
636 4734 882 4801 πέμπτον
910 4734 1132 4787 κανόνα.

1039 4827 1265 4883 CANON
1300 4828 1435 4883 XIV.

458 4939 478 4972 ι
510 4921 830 4975 Sanctorum
864 4920 1275 4991 divinorumque
1301 4922 1522 4978 Patrum
1578 4934 1882 4979 nostrorum
1928 4937 2025 4975 εει-

528 5029 546 5061 ι
585 5026 688 5063 non
732 5012 784 5063 in
814 5012 896 5065 his
925 5027 1141 5081 quoque
1168 5014 1363 5077 valeat,
1392 5027 1449 5069 ut
1473 5018 1757 5085 presbyter
1803 5022 1931 5067 ante
1958 5014 2026 5067 50

529 5122 548 5153 ι
584 5117 756 5158 annos
791 5120 892 5159 non
927 5107 1229 5168 ordinetur,
1274 5108 1487 5162 etiamsi
1548 5112 1617 5163 sit
1667 5110 1829 5163 homo
1876 5109 2027 5161 valde

529 5214 549 5243 ‹
583 5195 794 5265 dignus,
850 5198 944 5251 sed
992 5209 1316 5254 reservetur.
1373 5198 1631 5255 Dominus
1675 5203 1817 5254 enim
1870 5199 2030 5253 Jesus

528 5306 545 5335 ‹
586 5285 833 5341 Christus
864 5290 1139 5345 tricesimo
1182 5307 1323 5347 anno
1353 5294 1656 5360 baptizatus
1694 5306 1797 5360 est,
1829 5307 1881 5347 et
1920 5309 2033 5348 cce-

531 5402 548 5431 ‹
589 5380 664 5449 pit
687 5380 902 5436 docere.
930 5383 1192 5439 Similiter
1221 5400 1322 5438 nec
1351 5387 1609 5441 diaconus
1642 5398 1767 5443 ante
1824 5388 1896 5441 23
1936 5403 2028 5438 an-

529 5491 547 5524 (
587 5490 704 5540 nos,
737 5490 838 5529 nee
874 5475 1180 5531 diaconissa
1215 5484 1341 5530 ante
1366 5478 1434 5532 40
1460 5493 1629 5533 amics
1658 5483 1957 5533 ordinetur.

1049 5743 1278 5799 CANON
1316 5745 1431 5799 XV.

461 5847 481 5884 ι
517 5832 884 5892 Subdiaeonus
938 5839 1215 5891 ne‘minor
1280 5838 1349 5891 20
1398 5840 1553 5893 anuis
1612 5840 1912 5894 ordinetur.
1968 5840 2021 5896 Si

1450 6054 1461 6081 \

2740 4818 2977 4871 ΚΛΝΩΝ
3011 4815 3107 4869 IA'.

2134 4934 2151 4965 ι
2210 4916 2270 4967 Ὀ
2306 4914 2415 4966 τῶν
2446 4914 2619 4981 ἁγίων
2647 4914 2744 4964 καὶ
2780 4911 3055 4981 θεοφόρων
3086 4910 3244 4979 ήμῶν
3275 4908 3536 4977 Πατὲρων
3569 4922 3719 4975 κρα-

2203 5026 2221 5057 ι
2270 5006 2434 5058 τείτω
2464 5006 2645 5058 κανὼν
2680 5006 2773 5058 καὶ⁸
2803 5006 2860 5057 ὲν
2891 5003 3128 5067 τούτοις,
3159 5002 3299 5054 ὥστε
3329 4999 3717 5071 πρεσϐύτερον

2206 5118 2224 5152 ‹
2274 5100 2380 5168 πρὸ
2423 5099 2536 5151 τῶν
2575 5100 2872 5170 τριάκοντα
2922 5098 3061 5150 ὲτῶν
3121 5096 3196 5165 μὴ
3250 5092 3716 5165 χειροτονεῖσθαι,

2208 5212 2225 5243 ι
2275 5192 2378 5245 κᾶν
2418 5192 2561 5245 πάνυ
2693 5194 2721 5244 ὁ
2751 5191 3048 5259 ἄνθρωπος
3108 5189 3282 5253 ἄξιος,
3315 5187 3431 5240 ἀλλ’
3480 5188 3720 5254 ἀποτη-

2206 5304 2223 5335 r
2276 5283 2510 5352 ρεῖσθαι.
2548 5284 2606 5336 '0
2644 5284 2753 5352 γὰρ
2782 5284 2988 5350 Κύριος
3025 5282 3235 5351 Ἰησοῦς
3266 5278 3505 5351 Χριστὸς
3541 5280 3599 5330 ἐν
3629 5278 3715 5347 τῷ

2207 5396 2224 5426 ι
2273 5376 2579 5445 τριακοστῷ
2626 5375 2737 5426 ἔτει
2788 5372 3115 5463 ἐϐαπτίσθδ,
3152 5374 3245 5424 καὶ¹
3304 5371 3508 5442 ἤρξατο
3556 5368 3708 5422 διδά-

2216 5489 2232 5516 ‹
2281 5483 2470 5520 σκειν·
2516 5467 2717 5536 ὁμοίως
2754 5469 2891 5535 μήτε
2937 5461 3186 5517 διάκονον
3233 5464 3340 5532 πρὸ
3368 5463 3477 5516 τῶν
3504 5461 3714 5515 εἰκοσι-

2207 5582 2225 5612 r
2276 5562 2436 5613 πέντε
2479 5561 2688 5631 χρόνων
2725 5560 2759 5627 ἢ
2805 5559 3155 5611 διακόνισσαν
3201 5556 3308 5627 πρὸ
3354 5557 3463 5611 τῶν
3512 5571 3714 5609 τεσσα-

2208 5674 2227 5706 ι
2281 5654 2513 5724 ράκοντα
2543 5651 2681 5705 ἐτῶν
2713 5650 3162 5727 χειροτονεῖσθαι.
3215 5670 3232 5701 ›

2737 5746 2973 5799 ΚΑΝΩΝ
3009 5744 3108 5798 lE'.

2139 5860 2155 5893 ι
2217 5842 2601 5903 ’Υποδιάκονος
2632 5838 2706 5909 μὴ
2737 5833 2900 5910 ἦττον
2940 5838 3046 5891 τῶν
3075 5840 3247 5890 εἴκοσι
3293 5837 3499 5908 χρόνων
3529 5850 3711 5905 χειρο-
