4074 6392
455 321 560 385 581

1709 324 1987 387 THEOD.
2028 322 2060 379 Ε

2143 321 2259 381 LSA
2270 321 2431 382 MON
2920 330 2929 353 δ
3595 315 3700 381 568

531 456 548 486 ι
590 434 758 492 sterio
784 435 1003 505 quodin
1028 450 1126 491 usu
1161 450 1466 493 mensarum
1506 439 1879 505 adhibebatur,
1904 454 2025 493 cum
2058 491 2060 495 ,

2210 457 2228 488 ι
2274 435 2384 489 τῶν
2415 434 2527 497 τοῖς
2558 432 2879 505 μυστηρίοις
2916 432 3351 503 διακονουμένων
3377 432 3586 503 ἀνδρῶν
3610 429 3701 502 ἦν.

536 548 554 580 ι
589 528 733 583 liber
765 530 991 583 Actuum
1019 529 1099 582 sic
1129 528 1321 583 habeat
1353 547 1366 584 :
1399 528 1466 584 In
1502 531 1681 587 diebus
1734 533 1863 595 illis,
1911 548 2029 584 cum

536 640 553 671 ι
587 618 959 687 discipulorum
988 619 1267 672 multitudo
1292 634 1564 687 cresceret,
1592 622 1695 691 fuit
1727 621 2028 678 Grazcorum

531 726 549 757 ι
588 722 826 760 murmur
856 705 1104 759 adversus
1150 706 1419 772 Hebr-was,
1445 713 1584 777 quod
1610 708 2028 779 despiciebantur

536 815 555 846 ι
593 812 772 849 eorum
802 796 978 850 vidua:
1011 798 1062 847 in
1093 796 1384 850 ministerio
1432 799 1762 867 quotidiana.
1808 798 2020 852 Duode-

531 904 550 937 ι
585 888 687 940 cim
737 904 884 955 ergo.
917 889 1173 940 accersita
1243 888 1621 957 discipulorum
1666 890 2023 954 multitudine,

529 996 547 1027 ι
581 979 824 1031 dixerunt
858 994 874 1031 :
902 975 1023 1031 Non
1055 994 1258 1047 (equum
1289 989 1362 1032 est
1393 987 1451 1032 ut
1499 979 1654 1033 verbo
1700 979 1795 1034 Dei
1846 979 2023 1033 relicto

528 1088 545 1121 ι
582 1070 772 1123 mensis
799 1070 1175 1126 ministremus.
1233 1070 1455 1140 Deligite
1506 1088 1649 1141 ergo,
1702 1073 1920 1138 fratres,
1952 1088 2023 1124 ea:

526 1174 545 1205 ι
581 1156 729 1210 nobis
762 1159 899 1212 viros
922 1167 1133 1225 septem,
1191 1158 1256 1211 de
1302 1160 1487 1228 quibus
1531 1160 1722 1214 bonum
1772 1162 1840 1214 sit
1878 1162 2024 1214 testi-

528 1264 547 1296 ι
584 1247 852 1311 monium,
909 1249 1111 1314 Spiritu
1165 1260 1344 1304 sancto
1401 1261 1449 1303 ct
1513 1252 1774 1311 sapientia
1821 1253 2020 1320 plenos.

527 1352 546 1384 ι
581 1352 711 1406 quos
737 1337 858 1390 huic
886 1340 1004 1391 usui
1024 1340 1378 1407 prce/Sciamus
1408 1354 1426 1392 :
1472 1357 1563 1394 nos
1585 1351 1757 1417 autem
1800 1343 1854 1395 in
1908 1358 2023 1394 ora-

528 1444 547 1476 ι
587 1426 728 1480 tione
755 1438 802 1480 et
832 1428 967 1480 verbi
986 1430 1273 1481 ministerio
1304 1429 1512 1497 fortiter
1557 1430 2020 1494 perseverabimus.

524 1536 540 1566 ι
583 1516 651 1570 Et
679 1518 881 1587 placuit
916 1536 1085 1573 sermo
1139 1522 1231 1573 toti
1280 1521 1530 1589 prtesenti
1579 1522 1923 1583 multitudini,
1971 1533 2018 1575 et

525 1626 543 1658 ι
584 1612 848 1677 elegerunt
884 1608 1204 1676 Stephanum
1230 1612 1397 1665 virum
1426 1612 1633 1680 plenum
1666 1613 1770 1680 ﬁde
1806 1624 1853 1666 et
1896 1612 2021 1681 Spi-

524 1718 543 1750 ι
584 1700 688 1753 ritu
725 1711 929 1766 sancto,
951 1710 999 1755 et
1028 1700 1329 1767 Philippum
1357 1714 1402 1756 et
1427 1703 1749 1757 Prochorum
1776 1714 1822 1757 et
1854 1702 2022 1757 Nica-

520 1807 538 1839 ι
575 1806 748 1843 norem
772 1801 818 1845 et
852 1790 1116 1845 Timonem
1162 1802 1208 1843 et
1252 1793 1591 1856 Parmenam,
1640 1800 1689 1845 et
1738 1791 2019 1845 Nicolaum
2055 1780 2101 1846 B‘

520 1899 539 1931 ι
572 1881 892 1952 proselytum
926 1883 1327 1945 Antiochenum.
1358 1899 1486 1950 quos
1513 1892 1810 1936 statuerunt
1839 1899 2019 1937 coram

522 1992 539 2023 ι
579 1974 830 2040 apostolis
868 1975 934 2029 ⁷⁸.
997 1973 1127 2029 Haec
1194 1976 1556 2042 interpretans
1611 1974 1867 2029 Ecclesiae
1922 1976 2020 2030 do-

518 2082 537 2114 ι
581 2077 699 2119 ctor
767 2064 1004 2122 Joannes
1055 2064 1507 2135 Chrysosmmus,
1580 2067 1661 2121 sic
1737 2069 2018 2136 prosequi-

518 2175 536 2207 ‹
582 2168 667 2209 tur
715 2175 728 2210 :
780 2156 875 2211 Est
924 2173 1094 2225 operte
1141 2158 1364 2227 pretium
1406 2154 1696 2223 admirari,
1757 2159 2017 2227 quomodo

518 2264 538 2296 ‹
583 2261 683 2300 non
720 2256 797 2300 est
844 2247 1008 2300 scissa
1045 2246 1325 2299 multitudo
1372 2247 1427 2297 in
1473 2247 1700 2299 virorum
1746 2246 2013 2313 electione,

516 2359 534 2389 ι
565 2339 823 2406 quomodo
868 2356 970 2393 non
1005 2350 1124 2393 sunt
1192 2340 1256 2392 ab
1314 2340 1436 2407 ipsis
1496 2338 1676 2407 rejecti
1733 2355 1796 2391 ac
1838 2354 2017 2405 repro-

516 2450 534 2480 ι
574 2431 681 2484 bati
731 2431 977 2501 apostoli.
1015 2431 1314 2497 Quamnam
1342 2440 1515 2483 autem
1548 2430 1801 2483 habebant
1834 2430 1886 2482 hi
1917 2445 2014 2482 au-

517 2542 535 2574 ι
566 2524 876 2588 ctoritatem,
914 2506 976 2575 ἐι
1023 2538 1182 2590 quam
1226 2529 1535 2589 acceperunt
1578 2521 1963 2574 ordinationem
1996 2563 2011 2582 .

519 2636 539 2669 ι
573 2617 708 2672 scire
755 2626 829 2669 est
878 2615 1244 2668 necessarium.
1308 2613 1579 2684 Numquid
1619 2614 1959 2668 diaconorunt
1990 2616 2015 2668 1’

515 2727 534 2758 ι
577 2707 735 2774 Atqui
775 2705 1096 2771 hocnonest
1128 2705 1182 2756 in
1226 2702 1497 2759 Ecclesiis.
1555 2703 1657 2759 Sed
1690 2713 1764 2757 est
1806 2704 2015 2775 presby-

515 2817 533 2849 ι
568 2806 794 2851 terorum
835 2794 1151 2863 dispensatio
1175 2793 1201 2846 ?
1249 2793 1407 2864 Atqui
1458 2793 1635 2847 nullus
1690 2794 1863 2847 adhuc
1902 2806 2012 2847 erat

516 2910 534 2939 ι
574 2889 868 2958 episcopus,
905 2887 994 2940 sed
1018 2886 1119 2940 soli
1145 2887 1391 2956 apostoli.
1446 2883 1594 2939 Unde
1642 2901 1731 2939 nec
1768 2887 2014 2939 diacono-

514 3001 535 3034 ‹
571 2999 685 3036 rum
714 2999 806 3037 nec
826 2980 1246 3051 presbyterorum
1275 2997 1461 3035 nomen
1489 2981 1732 3034 existimo
1767 2989 2007 3049 apertum

515 3092 533 3123 ε
576 3089 684 3128 esse
720 3089 782 3125 ac
816 3072 1168 3140 manifestum.
1199 3071 1326 3125 Post
1352 3071 1465 3125 haec
1492 3085 1623 3137 ergo
1647 3083 1745 3124 nos
1790 3083 2005 3139 quoque

514 3186 533 3215 ι
571 3166 943 3235 praedicamus,
977 3174 1034 3218 ut
1069 3164 1313 3231 prwdicti
1370 3173 1573 3232 septem
1614 3162 1848 3228 diaconi,
1902 3177 2006 3216 non
2036 3142 2077 3199 (ἶ

515 3278 534 3309 ι
570 3261 634 3312 de
659 3257 724 3311 iis
749 3257 1099 3327 accipiantur,
1154 3256 1244 3324 qui
1313 3256 1589 3326 mysteriis
1632 3255 1895 3320 serviunt,
1951 3262 2009 3307 ut

512 3369 532 3401 ι
569 3357 655 3405 est
687 3350 834 3419 prius
861 3347 1102 3419 exposita
1132 3348 1378 3403 doctrina
1412 3363 1427 3401 :
1463 3347 1554 3401 sed
1593 3360 1687 3401 eos
1718 3361 1861 3412 esse,
1884 3346 2007 3415 qui-

402 3444 415 3457 ‘
512 3461 532 3494 ι
560 3442 659 3496 bus
687 3440 788 3495 fuit
815 3439 1119 3495 concredita
1154 3453 1219 3493 ac
1242 3439 1436 3493 tradita
1466 3438 1795 3508 dispensatio
1816 3452 2003 3493 eorum

512 3549 532 3583 ι
573 3546 692 3601 qua:
744 3540 872 3586 tunc
919 3529 1143 3585 collecta
1193 3528 1427 3583 fuerant.
1481 3527 1582 3595 Qui
1618 3529 1771 3582 nobis
1820 3527 1874 3582 in
1906 3529 2007 3582 hoc

513 3640 533 3674 ι
567 3638 781 3694 quoque
807 3622 980 3678 forma
1006 3622 1159 3705 fuere
1184 3621 1537 3678 humanitatis
1561 3631 1615 3677 et
1641 3621 1804 3677 studii
1832 3621 1886 3675 in
1911 3634 2005 3676 eos

510 3729 531 3764 ι
567 3713 657 3784 qui
684 3712 945 3784 indigent.
1472 3732 1473 3735 η

2208 548 2226 578 ι
2276 524 2415 581 ἀλλὰ
2460 526 2588 595 περὶ
2641 526 2741 595 τῆς
2767 526 2824 577 ἐν
2848 527 2968 588 ταῖς
2996 525 3207 595 χρείαις
3249 526 3363 577 τῶν
3408 525 3699 595 τραπεζῶν

2207 637 2225 668 ι
2272 615 2600 687 ὑπουργίας,
2657 617 2758 685 τῆς
2812 617 2922 669 τῶν
2980 617 3241 686 Πράξεων
3287 616 3471 685 βίϐλου
3525 617 3701 682 οὕτως

2206 728 2224 761 ι
2266 682 2532 778 ἐχούσηςῖ
2580 704 2682 759 Ἐν
2710 682 2839 769 ταῖς
2874 682 3124 774 ἡμέραις
3165 682 3428 772 ἐκεί-ναις
3470 710 3705 769 πληθυ-

2209 819 2225 849 ‹
2263 800 2494 853 νόντων
2544 798 2666 852 τῶν
2711 797 3027 866 μαθητῶν,
3062 795 3300 867 ἐγένετο
3358 797 3703 867 γογγυσμὸς

2206 910 2225 942 ι
2268 891 2386 945 τῶν
2426 888 2843 958 Ἑλληνιστῶν
2883 890 3033 958 πρὸς
3059 888 3201 955 τοὺς
3242 888 3574 957 Ἐϐραίους,
3606 890 3700 942 ὅτι

2205 1002 2222 1032 ‹
2263 979 2741 1049 παρεθεωροῦντο
2783 978 2855 1032 ἐν
2899 977 2975 1047 τῇ
3004 979 3279 1046 διακονίᾳ
3321 977 3399 1047 τῇ
3438 983 3696 1047 καθημε-

2202 1093 2219 1122 ι
2254 1075 2396 1140 ρινῇ
2421 1076 2479 1125 αἱ
2510 1071 2692 1141 χῆραι
2718 1069 2937 1125 αὐτῶν.
2977 1069 3549 1137 Προσκαλεσὰμενοι
3580 1064 3702 1147 οὖν

2203 1183 2220 1214 ι
2259 1164 2314 1217 ol
2351 1163 2581 1216 δώδεκα
2606 1164 2674 1215 τὸ
2709 1158 2943 1226 πλῆθος
2984 1158 3104 1213 τῶν
3151 1158 3455 1226 μαθητῶν,
3484 1155 3694 1212 εἷπον-ο

2201 1276 2217 1304 ι
2263 1257 2383 1309 Οὐκ
2405 1254 2662 1323 ἀρεστὸν
2680 1250 2863 1321 ἡμᾶς,
2884 1251 3368 1319 καταλείψαντας
3385 1250 3492 1303 τὸν
3506 1250 3699 1319 λόγον

2200 1365 2218 1395 ι
2264 1346 2369 1399 τοῦ
2397 1344 2566 1410 Θεοῦ,
2587 1341 2888 1397 διακονεῖν
2907 1340 3232 1411 τραπέζαις.
3250 1341 3699 1409 Ἐπισκέψασθε

2200 1453 2218 1485 ι
2264 1429 2396 1500 οὖν,
2420 1432 2690 1501 ἀδελφοὶ,
2722 1432 2947 1499 ἄνδρας
2987 1430 3057 1494 ἐξ
3104 1429 3271 1499 ὑμῶν
3289 1431 3703 1500 μαρτυρουμέ-

2199 1544 2217 1577 ι
2262 1542 2409 1591 νους
2446 1523 2619 1590 ἑπτὰ,
2665 1524 2917 1593 πλήρεις
2966 1523 3312 1591 Πνεύματος
3370 1524 3544 1593 ἁγίου
3596 1522 3699 1577 καὶ

2198 1638 2215 1666 ‹
2261 1618 2501 1686 σοφίας,
2538 1616 2644 1682 οὓς
2688 1617 3150 1684 καταστήσομεν
3196 1614 3295 1669 ἐπὶ
3340 1615 3450 1685 τῆς
3494 1617 3699 1683 χρείας

2202 1730 2221 1760 ‹
2266 1712 2485 1776 ταύτης
2510 1727 2524 1741 ο
2552 1710 2727 1779 ἡμεῖς
2769 1710 2839 1763 δὲ
2878 1708 2949 1779 τῇ
2992 1708 3306 1778 προσευχῇ
3338 1709 3438 1762 καὶ
3466 1708 3540 1776 τῇ
3571 1710 3697 1762 δια-

2198 1822 2216 1852 (
2261 1802 2435 1869 κονίᾳ
2478 1801 2585 1855 τοῦ
2642 1801 2842 1870 Λόγου
2902 1799 3538 1869 προσκαρτερήσομεν.
3587 1798 3696 1851 Καὶ

2196 1912 2214 1944 ι
2260 1894 2486 1961 ἤρεσεν
2513 1896 2546 1948 ό
2583 1894 2766 1963 λόγος
2793 1892 3050 1946 ἐνώπιον
3094 1892 3321 1956 παντὸς
3373 1892 3481 1945 τοῦ
3537 1890 3699 1956 πλή-

2195 2003 2213 2033 ‹
2256 1987 2421 2050 θους,
2453 1984 2551 2037 καὶ
2581 1982 2943 2049 ἐξελέξαντο
2973 1983 3302 2052 Στέφανον,
3331 1981 3521 2051 ἄνδρα
3537 1980 3699 2046 πλή-

2197 2093 2214 2125 ι
2251 2094 2332 2144 ρη
2373 2076 2632 2142 πίστεως
2675 2075 2776 2130 καὶ
2830 2077 3177 2145 Πνεύματος
3222 2076 3419 2143 ἁγίου,
3449 2078 3552 2127 καὶ
3600 2076 3701 2126 Φί-
3806 2149 3821 2156 _

2196 2187 2213 2216 ι
2255 2171 2508 2234 λιππον,
2541 2168 2642 2221 και
2691 2171 3034 2237 Πρόχωρον,
3076 2168 3173 2221 καὶ
3223 2166 3546 2234 Νικάνορα,
3592 2165 3698 2219 και

2194 2276 2212 2308 ι
2262 2259 2511 2324 Τίμωνα,
2543 2258 2641 2312 καὶ
2679 2258 3016 2327 Παρμενᾶν,
3038 2259 3136 2313 καὶ
3173 2260 3479 2313 Νικόλαον
3507 2271 3699 2325 προσ-

2193 2368 2212 2400 (
2257 2349 2486 2417 ήλυτον
2542 2351 2613 2405 ἐν
2661 2351 3008 2419 Ἀντιοχείᾳ.
3069 2350 3178 2416 οὓς
3221 2351 3500 2417 ἔστησαν
3550 2350 3698 2403 ἐνώ-

2197 2461 2213 2491 ι
2254 2458 2393 2503 mor
2426 2441 2544 2494 τῶν
2589 2443 2972 2496 ἀποστόλων.
3028 2441 3212 2495 Ταῦτα
3268 2433 3640 2511 διερμηνεύων
3666 2443 3695 2493 ὁ

2197 2553 2215 2584 ι
2254 2534 2354 2604 τῆς
2418 2532 2746 2603 Ἐκκλησίας
2799 2533 3119 2597 διδάσκαλος
3175 2533 3433 2603 Ἰωάννης
3464 2535 3493 2585 ό
3540 2533 3693 2602 Χρυ-

2190 2644 2208 2676 ι
2252 2625 2537 2696 σόστομος,
2565 2624 2709 2678 οὕτω
2735 2624 3012 2690 διέξεισινο
3032 2626 3344 2694 Θαυμάσαι
3381 2624 3556 2689 ἄξιον
3577 2623 3689 2692 (L8)

2190 2737 2208 2768 ι
2250 2716 2375 2783 πῶς
2403 2719 2516 2771 οὐκ
2549 2716 2809 2785 ἐσχίσθη
2858 2716 2923 2769 τὸ
2959 2715 3195 2782 πλῆθος
3224 2715 3324 2769 ἐπὶ
3360 2714 3435 2782 τῇ
3463 2715 3691 2782 αἱρέσει

2190 2828 2209 2860 ι
2250 2808 2370 2862 τῶν
2402 2807 2659 2875 ἀνδρῶν,
2680 2807 2806 2873 πῶς
2835 2810 2947 2861 οὐκ
2979 2805 3559 2874 ἁπεδοκιμάσθησαν
3583 2804 3689 2862 ὑπ’

2191 2919 2208 2950 ι
2253 2897 2455 2953 αὐτῶν
2480 2901 2535 2952 οἱ
2557 2898 2914 2952 ἀπόστολοι.
2950 2895 3193 2949 Ὀποῒον
3221 2896 3289 2948 δὲ
3317 2888 3431 2962 ἆρα
3459 2896 3691 2964 ἀξίωμα

2190 3012 2208 3043 ι
2255 2987 2420 3048 οὗτοι
2444 2986 2632 3059 εἶχον,
2649 2989 2747 3042 καὶ
2771 2990 2951 3042 ποίαν
2974 2987 3260 3053 ἐδέξαντο
3288 2989 3689 3055 χειροτονίαν,

2190 3101 2209 3133 ι
2250 3080 2581 3150 ἀναγκαῖον
2611 3079 2823 3147 μαθεῖν
2850 3096 2862 3109 ’
2891 3072 3007 3148 ἆρα
3038 3078 3155 3146 τὴν
3204 3080 3323 3132 τῶν
3350 3078 3647 3132 διακόνων
3663 3094 3687 3143 ;

2188 3192 2204 3224 ι
2245 3170 2353 3226 Καὶ
2368 3169 2686 3241 μὴν,τοῦτο
2708 3168 2776 3221 ἐν
2798 3168 2926 3234 ταῖς
2940 3168 3326 3235 Ἐ’κκλησίαις
3349 3166 3459 3220 οὐκ
3487 3166 3680 3221 ἐστιν.

2185 3284 2202 3315 ι
2262 3264 2439 3317 Ἀλλὰ
2466 3260 2586 3316 τῶν
2614 3260 3031 3329 πρεσϐυτέρων
3058 3260 3233 3313 ἐστὶν
3262 3260 3300 3327 ἡ
3333 3261 3683 3327 οἰκονομίας

2184 3375 2204 3407 ι
2250 3355 2361 3411 Καί
2383 3371 2471 3408 τοι
2498 3352 2736 3407 οὐδέπω
2762 3351 2963 3418 οὐδεὶς
2985 3353 3319 3417 ἐπίσκοπος
3338 3349 3435 3422 ἦν,
3459 3350 3597 3405 ἀλλ’
3630 3354 3685 3403 ol

2183 3469 2202 3502 ι
2243 3450 2574 3505 ἀπόστολοι
2600 3448 2796 3516 μόνον
2817 3462 2829 3475 ·
2879 3446 3021 3499 ὅθεν
3054 3445 3191 3499 οὔτε
3221 3445 3521 3498 διακόνων
3543 3442 3685 3496 οὔτε

2185 3548 2209 3593 ι’
2246 3539 2685 3610 πρεσϐυτέρων,
2714 3533 2897 3608 οἴμαι,
2936 3538 3001 3590 τὸ
3054 3537 3243 3605 ὄνομα
3288 3531 3442 3589 εἶναι
3492 3533 3686 3603 δῆλον

2184 3656 2202 3687 ι
2247 3632 2348 3689 καὶ
2402 3633 2685 3703 φανερόν.
2722 3631 2845 3685 Ἐπὶ
2870 3629 3082 3693 τούτοις
3103 3628 3194 3689 οὖν
3218 3627 3565 3700 κηρύσσομεν
3589 3626 3684 3680 καὶ

2180 3747 2199 3781 ι
2243 3728 2425 3800 ἡμεῖς,
2462 3726 2605 3780 ὥστε
2645 3725 2772 3788 τοὺς
2826 3723 3264 3795 προειρημένους
3309 3722 3452 3775 ἑπτὰ
3495 3719 3682 3774 διακό-

2184 3841 2203 3873 ι
2244 3837 2368 3883 νους
2396 3819 2472 3889 μὴ
2516 3818 2612 3872 ἐπὶ
2640 3818 2750 3871 τῶν
2787 3818 2903 3881 τοῖς
2940 3815 3272 3887 μυστηρίοις
3318 3811 3681 3887 διακονουμέ-

2184 3932 2203 3965 ι
2248 3929 2353 3965 νων
2403 3909 2783 3981 λαμϐάνεσθαι
2814 3908 2959 3963 κατὰ
2985 3908 3088 3970 τὴν
3128 3905 3675 3979 προερμηνευθείσαν

2184 4024 2201 4055 ι
2248 4002 2639 4057 διδασκαλίαν·
2693 4000 2832 4054 ἀλλὰ
2881 4001 3008 4064 τοὺς
3061 4001 3161 4070 τὴν
3212 3998 3527 4069 οἰκονομίαν
3577 3997 3680 4067 τῆς

2180 4116 2196 4146 ι
2244 4095 2429 4165 κοινῆς
2453 4094 2644 4165 χρείας
2668 4091 2778 4146 τῶν
2816 4093 2940 4147 τότε
2983 4091 3467 4163 συνηθροισμένων
3493 4090 3677 4160 ἐγχει-

2181 4208 2198 4238 ι
2248 4187 2535 4259 ρισθέντας
2589 4185 2813 4249 τούτους
2871 4184 3176 4256 ὕπάρχεινυ
3226 4185 3277 4238 οἳ
3311 4185 3483 4248 τύπος
3537 4184 3673 4253 ἡμῖν

2089 4335 2093 4338 ,
2182 4301 2199 4331 ι
2240 4281 2343 4336 κάν
2373 4279 2554 4350 τούτῳ
2589 4279 2852 4347 γεγόνασι
2890 4278 2989 4348 τῆς
3039 4279 3171 4349 περὶ
3201 4278 3331 4341 τοὺς
3381 4276 3674 4346 δεομένους

2181 4391 2199 4422 ι
2241 4367 2653 4439 φιλανθρωπίας
2681 4384 2744 4421 τε
2780 4366 2879 4421 καὶ
2911 4366 3172 4438 σπουδῆς.
3217 4384 3236 4417 ι

505 4466 698 4520 BALS.
727 4465 973 4523 Praesens
1022 4480 1195 4523 cano»
1240 4466 1660 4535 interpretatur,
1698 4466 1776 4520 vel
1825 4468 2000 4535 potius
2032 4477 2060 4533 ι

2144 4460 2372 4514 ΒΑΛΣ.
2420 4460 2481 4512 Ὀ
2538 4457 2735 4528 παρὼν
2784 4457 2967 4512 κανὼν
3021 4458 3497 4530 ὲφερμηνευτικός
3535 4461 3676 4521 ἐστι,

430 4566 486 4609 et
522 4552 746 4623 corrigit
782 4552 848 4608 15
880 4568 1001 4610 can.
1026 4552 1325 4610 Neocaesar.
1350 4568 1471 4624 syn.
1503 4553 1592 4621 qui
1649 4552 1780 4606 dicit
1822 4568 1836 4604 :
1877 4552 2003 4607 Dia-

2143 4553 2306 4606 ,ἄλλον
2344 4551 2402 4605 δὲ
2453 4550 2549 4604 καὶ
2592 4549 2945 4620 διορθωτικδς
2970 4550 3066 4603 τοῦ
3103 4548 3165 4604 ιε’
3217 4551 3442 4615 κανόνος
3482 4551 3584 4619 τῆς
3618 4553 3679 4604 ὲν

431 4646 551 4701 coni
622 4654 827 4719 septem
905 4646 1102 4700 debent
1176 4660 1295 4701 esse
1357 4644 1652 4698 secundum
1714 4659 2000 4710 canouem,

2143 4639 2512 4712 [εοκαισαρείᾳ
2569 4639 2830 4706 συνόδου,
2888 4637 3171 4707 λέγοντος·
3222 4641 3472 4694 Διάκονοι
3528 4640 3675 4719 ἑπτὰ

430 4737 642 4790 etiamsi
666 4716 961 4805 'sitmagna
1000 4737 1213 4791 civitas.
1247 4734 1663 4790 Persuadeberis
1706 4744 1885 4789 autem
1934 4751 1998 4789 ex

2143 4734 2408 4805 ρείλουςιν
2438 4727 2579 4785 εἶναι
2612 4730 2756 4784 κατὰ
2786 4728 2880 4783 τὸν
2935 4731 3162 4795 κανόνα,
3211 4730 3317 4784 κᾶν
3369 4732 3513 4784 πάνυ
3566 4716 3681 4800 με·

436 4828 577 4883 libro
599 4828 851 4881 Actuum.
873 4826 1167 4881 Dicitenim
1190 4846 1203 4880 :
1226 4825 1390 4881 Liber
1418 4826 1645 4881 Actuum
1669 4842 1775 4881 non
1806 4834 2003 4884 tractat

2143 4827 2242 4897 ἀλη
2294 4825 2381 4894 εἴη
2429 4823 2605 4885 πόλις.
2641 4820 2935 4893 Πεισθείσῃ
2972 4823 3029 4875 δὲ
3072 4825 3137 4876 ἐκ
3186 4823 3286 4891 τῆς
3334 4822 3522 4892 βίὸλου
3568 4822 3681 4875 τῶν

433 4921 499 4974 de
533 4900 795 4983 diaconis,
829 4919 921 4987 qui
954 4919 1006 4972 in
1040 4931 1197 4972 sacro
1235 4917 1484 4972 tribunali
1534 4918 1861 4985 ministrant,
1904 4920 1999 4975 sed

2143 4918 2385 4986 [ράξεων.
2418 4912 2559 4985 Φησὶ
2587 4914 2695 4983 γὰρ
2724 4913 2801 4974 ὡς
2850 4915 2884 4983 ἡ
2942 4913 3121 4984 βίϐλος
3169 4913 3280 4997 τῶν
3307 4913 3571 4984 Πράξεων
3615 4915 3678 4967 οὐ

430 5012 498 5065 de
535 5009 813 5076 ministris,
866 5012 956 5080 qui
1016 5008 1268 5063 alimenta
1321 5009 1632 5078 dispensant
1667 5026 1853 5066 eorum
1904 5011 1999 5082 qui

2143 5010 2235 5079 εερὶ
2262 5007 2523 5062 διακόνων
2556 5004 2919 5073 διαλαμϐάνει
2958 5005 3067 5058 τῶν
3098 5005 3155 5059 ἐν
3188 5004 3266 5074 τῷ
3295 5005 3438 5075 ἁγίῳ
3469 5004 3677 5075 βήματι

428 5101 627 5158 Christi
660 5101 1009 5172 Evangelium
1055 5100 1367 5170 praedicant.
1416 5100 1679 5167 Quoniam
1722 5113 1849 5157 tunc
1898 5117 1999 5156 nec

2143 5098 2516 5163 ιακονούντων,
2545 5095 2681 5150 ἀλλὰ
2712 5095 2843 5164 περὶ
2890 5095 3000 5148 τῶν
3033 5088 3356 5149 διακονιτῶν
3387 5092 3497 5149 τῶν
3524 5096 3677 5147 οἱκο-

429 5203 586 5249 erant
644 5194 882 5264 episcopi
932 5205 1109 5259 neque
1168 5191 1379 5246 diaconi
1447 5206 1621 5262 neque
1673 5194 1993 5262 presbyteri.

2143 5194 2413 5264 ομούντων
2459 5189 2560 5253 τὰς
2599 5188 2900 5261 διατροφὰς
2930 5190 3039 5242 τῶν
3077 5190 3457 5261 κηρυττόντων
3488 5189 3550 5241 τὸ
3578 5185 3677 5240 τοῦ

432 5288 609 5351 Quare
637 5297 691 5341 et
728 5286 931 5345 verbis.
960 5284 1029 5339 ad
1058 5283 1185 5338 dicti
1214 5284 1295 5338 sui
1321 5285 1782 5341 conﬁrmationem
1833 5300 1998 5356 appo-

2143 5285 2342 5357 ίριστοῦ
2370 5280 2738 5352 Εὑαγγέλιον·
2764 5282 2846 5334 ὅτι
2878 5281 2998 5335 οὐδὲ
3023 5279 3317 5334 ἐπίσκοποι
3354 5275 3497 5353 ἦσαν
3528 5279 3675 5344 τότε,

505 5400 552 5431 ⁷⁸
575 5400 697 5455 Act.
734 5413 790 5453 Vt
854 5397 962 5453 1-6.

1652 5534 1847 5600 Guill.
1870 5536 2191 5614 Beveregu
2236 5542 2423 5599 notas.

438 5621 1313 5799 ῑοὲἶδζβαὲμὲὦαιέἰέιὲἲνῇωο
1337 5662 1399 5720 D.
1422 5662 1795 5741 Chrysostomi
1824 5663 1987 5721 verba
2028 5672 2245 5721 exstant
2277 5664 2333 5721 in
2367 5663 2779 5723 commentariis
2812 5661 2932 5732 ejus
2962 5660 3022 5717 in
3076 5659 3193 5716 Aet.
3262 5658 3450 5731 Apost.
3494 5674 3544 5716 c.
3592 5673 3673 5725 υ,

563 5770 570 5779 ι
608 5768 660 5785 II
723 5768 770 5799 ι’.
806 5768 929 5803 νυν,
966 5768 1053 5789 νυ.
1089 5768 1258 5787 Un‘ll.
