4074 6414
413 388 519 452 569

1479 385 1563 446 IN
1603 386 1768 447 CAN.
1803 385 1935 449 XVI
1973 386 2181 451 CONC.
2227 386 2308 448 IN
2333 386 2656 448 TBUBLO.

3538 381 3641 446 570

417 504 535 559 οὐδὲ
566 503 819 568 διάκονοι,
849 499 967 554 οὐδὲ
998 498 1382 570 πρεσϐύτεροι.
1436 496 1528 550 Διὸ
1568 496 1664 550 καὶ
1692 496 1973 568 χρησάμε-

2092 499 2214 562 sitis,
2241 513 2306 552 ex
2338 498 2475 552 libro
2500 498 2726 553 Actuum
2752 506 2805 550 et
2844 496 3021 567 magni
3059 496 3220 551 etiam
3273 494 3639 567 Chrysostomi

425 614 495 649 θοι
529 595 668 665 πρὸς
703 593 960 646 σύστασιν
994 591 1087 644 τοῦ
1107 591 1267 658 λόγου
1298 588 1477 642 αὐτῶν
1506 590 1618 651 τοῖς
1643 588 1977 658 προσφόροις

322 714 325 719 ·
420 689 661 758 ῥήμασιν
681 687 744 738 ὲκ
776 684 880 753 τῆς
908 682 1088 753 βίϐλου
1112 683 1221 735 τῶν
1245 680 1524 750 Πράξεων,
1553 682 1639 733 ναὶ
1666 678 1849 747 μέντοι
1884 677 1979 731 καὶ

417 778 713 849 ἑρμηνείαν
754 777 849 847 τοῦ
898 776 1133 845 μεγάλου
1199 773 1585 844 Χρυσοστόμου
1611 814 1627 837 ,
1655 766 1978 842 διωρίσαντο

416 869 495 940 τῷ
527 870 744 939 ῥηθέντι
770 868 956 922 κανόνι
988 868 1062 938 μὴ
1094 865 1426 921 ἀκολουθεῖν.
1462 865 1645 917 Ἐοικε
1677 864 1733 917 δὲ
1765 864 1846 917 ὅτι
1885 862 1981 916 καὶ

419 963 527 1033 πρὸ
557 962 748 1015 τούτου
772 960 944 1024 οὕτως
966 957 1273 1012 ὲνενοοῦντο
1304 956 1371 1010 τὰ
1399 957 1456 1008 ὲν
1482 954 1559 1025 τῷ
1577 954 1762 1009 κανόνι
1793 952 1894 1023 τῆς
1921 953 1981 1006 ὲν

419 1054 822 1125 Νεοκαισαρείᾳ
854 1051 1070 1106 συνόδου
1104 1050 1469 1121 περιεχόμενα
1495 1048 1628 1119 (79).

493 1191 742 1246 ΖΩΝΑΡ.
786 1189 850 1243 ’0
878 1192 975 1258 τῆς
1004 1189 1063 1242 ὲν
1087 1184 1493 1256 Νεοκαισαρείᾳ
1522 1182 1794 1252 συστάσης
1826 1181 1983 1234 συνό-

424 1284 518 1339 δου
574 1283 1067 1344 πεντεκαιδέκατος
1102 1277 1284 1333 κανὼν
1329 1278 1470 1331 οὕτω
1522 1276 1676 1345 φησί·
1739 1273 1984 1327 Διάκονοι

426 1379 568 1433 ἑπτά
599 1377 912 1446 ὀφείλουσιν
949 1371 1092 1428 εῖναι
1138 1371 1282 1428 κατὰ
1309 1372 1400 1425 τὸν
1456 1371 1679 1433 κανόνα,
1712 1369 1817 1421 κᾶν
1842 1368 1982 1421 πάνυ

430 1472 642 1541 μεγάλη
679 1470 768 1540 είη
806 1468 1040 1541 ἡπόλις.
1089 1466 1368 1537 Πεισθήσῃ
1407 1464 1464 1519 δὲ
1493 1464 1602 1518 ἀπὸ
1650 1464 1749 1533 τῆς
1802 1461 1984 1531 βίϐλου

427 1565 537 1615 τῶν
565 1562 850 1634 Πράξεων.
884 1560 1087 1615 Τοῦτον
1118 1560 1211 1613 οὖν
1231 1559 1324 1613 τὸν
1347 1558 1548 1613 κανόνα
1566 1557 1614 1611 οἱ
1640 1556 1738 1625 τῆς
1766 1554 1985 1608 συνόδου

428 1654 638 1725 ταύτης
667 1654 918 1717 Πατέρες
950 1653 1313 1725 διαγράφουσι
1345 1651 1419 1721 μὴ
1461 1648 1733 1718 εὐστόχως
1760 1645 1986 1700 ἐκλαϐέ-

432 1749 559 1803 σθαι
588 1747 649 1801 τὸ
691 1748 801 1800 τῶν
827 1746 1312 1815 διακόνων,δνομα
1369 1744 1430 1797 τὸ
1476 1745 1533 1795 ὲν
1594 1744 1716 1805 ταῖς
1747 1740 1985 1810 Πράξεσι

2082 590 2521 658 interpretatione
2548 590 2650 653 usi,
2678 599 2978 644 statuerunt
3001 590 3200 644 dictum
3240 607 3501 647 canonem
3537 610 3641 650 non

2078 697 2199 737 esse
2226 686 2573 752 sequendum.
2603 684 2698 737 Est
2728 695 2903 738 autem
2933 680 3376 753 consentaneum,
3416 689 3562 758 quod
3589 699 3647 744 et

2046 784 2237 847 ’aptea
2290 781 2366 835 sic
2427 780 2863 850 intelligebantur
2918 796 3037 851 quae
3109 784 3161 837 in
3223 784 3646 842 Ncocmsaricnsi

2082 873 2285 945 synodo
2313 873 2673 929 continentur.

2159 1189 2315 1261 175
2344 1188 2594 1247 ZONAR.
2620 1190 2841 1260 Septem
2872 1205 2939 1246 ex
2973 1191 3149 1261 legum
3181 1195 3495 1265 praescripto
3534 1197 3650 1251 suf-

2086 1284 2247 1339 ﬁcere
2272 1284 2323 1337 in
2362 1299 2487 1346 una,
2537 1284 2784 1353 quamvis
2834 1286 3047 1352 magna,
3098 1286 3316 1341 civitate
3370 1290 3647 1357 diaconos,

2086 1374 2247 1444 idque
2270 1389 2334 1427 ex
2371 1374 2625 1429 Actorum
2656 1374 2793 1427 libro
2817 1374 3008 1441 conjici
3036 1375 3196 1429 facile
3232 1393 3410 1444 posse,
3434 1380 3652 1434 decimo

2086 1469 2289 1540 quinto-
2327 1465 2771 1534 Neocwsariensis
2817 1469 3007 1538 synodi
3053 1484 3260 1525 canone
3313 1471 3648 1529 declaratum

2086 1570 2187 1617 est.
2217 1559 2365 1613 Illum
2395 1558 2553 1624 igitur
2599 1572 2854 1613 canonem
2892 1560 3078 1629 synodi
3138 1559 3323 1615 Patres
3372 1564 3473 1618 hoc
3534 1565 3654 1618 loco

2088 1651 2505 1722 reprehendunt,
2538 1665 2708 1719 neque
2731 1652 2864 1704 satis
2894 1652 3241 1707 diaconorum
3270 1671 3488 1721 nomen,
3510 1660 3652 1722 quod

2087 1760 2152 1800 ex
2208 1744 2359 1800 Actis
2410 1744 2668 1808 aliertur,
2718 1744 3042 1799 intellectum
3101 1761 3220 1801 esse
3281 1752 3650 1816 pronuntiant.

426 1841 696 1908 λέγοντες.
723 1841 875 1911 Μηδὲ
905 1839 1016 1908 γὰρ
1055 1839 1182 1909 περὶ
1210 1837 1319 1890 τῶν
1351 1838 1409 1889 ὲν
1442 1839 1509 1906 τῇ
1546 1835 1665 1905 θεία
1706 1830 1987 1902 ἱερουργίᾳ

2092 1839 2269 1909 Neque
2288 1839 2431 1894 enim
2458 1838 2523 1892 de
2544 1839 2810 1905 diaconis,
2835 1839 2923 1906 qui
2949 1854 3106 1894 Sacro
3136 1841 3322 1895 altaris
3352 1843 3653 1898 ministerio

425 1931 694 1985 διακονεῖν
717 1931 1022 1999 μελλόντων
1044 1928 1254 1999 ἀνδρῶν
1275 1916 1373 1998 τὴν
1402 1927 1655 1997 φροντίδα
1675 1924 1795 1978 τότε
1825 1918 1982 1986 εἶναι,

426 2024 566 2075 ἀλλὰ
594 2022 727 2093 περὶ
753 2023 851 2091 τῆς
870 2023 927 2075 ὲν
944 2023 1066 2084 ταῖς
1092 2020 1393 2091 τραπέζαις
1418 2016 1741 2089 ὑπηρεσίας,
1772 2015 1986 2084 καὶτῆς

429 2114 561 2183 περὶ
590 2114 687 2177 τὰς
715 2114 925 2183 τροφὰς
952 2112 1046 2166 τοῦ
1083 2107 1320 2182 πλήθους
1351 2110 1459 2164 τῶν
1509 2107 1875 2162 πιστευόντων
1903 2108 1984 2158 οί-

426 2206 712 2269 κονομίας.
746 2205 857 2258 Καὶ
881 2204 973 2257 τὸν
999 2205 1173 2274 μέγαν
1206 2202 1461 2269 Ἰωάννην
1486 2200 1579 2253 τὸν
1612 2198 1710 2268 τὴν
1742 2195 1987 2264 γλῶτταν

427 2297 666 2368 χρυσοῦν
690 2298 1032 2369 παράγουσιν
1054 2296 1427 2367 ὲρμηνεύοντα
1445 2278 1516 2347 τά
1534 2295 1592 2345 ὲν
1611 2294 1730 2353 ταῖς
1748 2288 1986 2361 Πράξεσι

430 2391 562 2460 περὶ
590 2390 797 2443 τούτων
828 2389 971 2460 ῥητά
996 2389 1090 2442 καὶ
1118 2389 1345 2458 λέγοντα
1380 2387 1518 2456 μήτε
1546 2384 1808 2438 διακόνων
1847 2384 1985 2457 μήτε

431 2480 828 2552 πρεσϐυτέρων
863 2481 1168 2550 δηλωτικὸν
1202 2474 1343 2531 εἶναι
1382 2479 1443 2530 τὸ
1486 2477 1678 2544 ὄνομα.
1709 2473 1818 2527 Καί
1852 2490 1985 2540 φασι

432 2578 528 2628 καὶ
562 2575 611 2627 οί
645 2574 885 2643 Πατέρες
912 2575 1113 2626 ἐκεῖνοι
1142 2574 1271 2633 τοὺς
1302 2572 1359 2623 ἐν
1387 2571 1504 2630 ταῖς
1549 2569 1591 2619 Π
1602 2566 1817 2637 ράξεσιν
1847 2564 1986 2618 ἑπτὰ

436 2666 717 2728 διακόνους
750 2664 825 2734 μὴ
859 2664 1084 2717 ἐπὶτῶν
1126 2666 1182 2715 ἐν
1219 2666 1331 2724 τοίς
1363 2661 1685 2730 μυστηρίοις
1715 2660 1990 2712 διακονουο

434 2759 614 2829 μένων
652 2755 1046 2827 λαμϐάνεσθαι,
1086 2754 1222 2810 ἀλλὰ
1249 2756 1356 2808 τῶν
1386 2752 1817 2822 οίκονομούντων
1841 2752 1989 2815 ὅπως

431 2848 721 2924 τρέφοιντο
750 2853 799 2905 οἱ
823 2852 953 2921 περὶ
988 2850 1113 2913 τοὺς
1139 2848 1471 2929 ἀποστόλους
1492 2846 1871 2917 ἀθροιζόμενοι
1895 2844 1990 2897 καὶ

432 2942 804 3007 πιστεύοντες,
845 2939 940 3003 οὓς
993 2941 1085 2993 καὶ
1135 2938 1303 2993 τύπον
1349 2940 1483 3008 ἡμῖν
1513 2934 1803 3005 γεγονέναι
1855 2932 1989 3004 φασὶ

431 3035 565 3105 περὶ
595 3033 723 3096 τοὺς
754 3031 1046 3100 δεομένους
1095 3031 1330 3100 σπουδῆς
1376 3045 1435 3081 τε
1473 3029 1568 3082 καὶ
1622 3028 1986 3097 μεταδόσεως.

429 3127 543 3180 Καὶ
580 3127 608 3180 ό
639 3128 737 3197 μὲν
755 3124 939 3180 κανὼν
972 3126 1030 3178 ὲν
1065 3123 1277 3187 τούτοις
1297 3122 1522 3194 τελευτᾷ
1554 3122 1626 3191 μή
1670 3139 1724 3175 τι
1758 3136 1988 3192 προστι-

428 3218 545 3282 θεὶς
568 3218 736 3271 Πλέον
757 3218 896 3271 αἰδοῖ
909 3214 1021 3271 τῶν
1037 3217 1095 3270 ὲν
1114 3214 1518 3285 Νεοκαισαρείᾳ
1540 3211 1985 3283 συστησαμένων,

426 3306 604 3380 οἶμαι,
630 3310 730 3380 τὴν
764 3309 1003 3375 σύνοδον,
1050 3308 1342 3376 συνάγεται
1387 3306 1446 3359 δὲ
1482 3307 1584 3369 ὅτι,
1621 3304 1741 3357 ἐπεὶ
1790 3305 1988 3357 ἐκεῖνοι

424 3403 499 3471 τῇ
534 3401 741 3472 Πράξει
771 3399 879 3455 τῶν
902 3398 1217 3453 ἀποστόλων
1243 3392 1356 3452 οἷον
1378 3397 1666 3468 ὑποϐάθρᾳ
1687 3397 1989 3468 ἐχρήσαντο

425 3499 499 3566 τῇ
523 3495 653 3566 περὶ
675 3495 789 3547 τῶν
807 3494 948 3548 ἑπτὰ
972 3493 1259 3557 διακόνων,
1289 3494 1369 3556 εἰς
1394 3492 1455 3545 τὸ
1478 3491 1657 3563 ὁρίσαι
1679 3490 1753 3562 μὴ
1777 3489 1991 3554 πλείους

428 3588 542 3640 τῶν
578 3588 720 3640 ἑπτὰ
749 3586 1015 3640 διακόνων
1053 3586 1115 3638 ὲν
1165 3584 1321 3638 πόλει
1359 3580 1523 3649 εἶναι,
1563 3583 1670 3636 κᾶν
1704 3583 1847 3637 πάνυ
1897 3599 1994 3652 με·

428 3680 578 3749 γάλη
604 3680 639 3749 ἠ
676 3678 832 3741 πόλις
865 3677 979 3747 είη,
1014 3677 1066 3730 οἱ
1115 3677 1172 3730 δὲ
1211 3676 1367 3747 παρά
1412 3675 1522 3729 τῶν
1558 3674 1869 3729 ἀποστόλων
1903 3675 1995 3726 ἐκ-

430 3767 682 3837 λεγέντες
711 3768 792 3830 είς
819 3764 1097 3819 διακονίαν
1125 3766 1223 3833 οὐχ
1274 3764 1586 3835 ἱερουργίας
1624 3760 1766 3835 ἦσαν
1811 3763 1993 3817 διάκο·

431 3877 558 3925 νοι,
615 3858 733 3915 ἀλλ’
793 3858 1066 3929 ὑπηρέται
1137 3857 1235 3911 καὶ
1292 3856 1569 3927 οἰκονόμοι
1630 3855 1880 3927 τροφῶν,
1931 3855 1992 3909 οὺ

434 3935 585 4006 κατὰ
609 3951 674 4004 τὸ
710 3951 993 4023 προσῆκον
1048 3949 1140 4003 τὸν
1176 3949 1412 4020 ἀριθμὸν
1450 3950 1558 4002 τῶν
1614 3949 1877 4004 διακόνων
1915 3952 1995 4013 είς

432 4044 529 4098 τὸν
560 4042 790 4112 ἕϐδομον
842 4041 1294 4110 ὲστενοχὼρησαν
1332 4039 1565 4109 ἀριθμὸν
1615 4041 1711 4094 καὶ
1760 4040 1851 4093 ἐπὶ
1887 4038 1996 4095 τῶν

439 4136 699 4207 μεγάλων
733 4135 966 4187 ¹ιἰιόλεων.
1004 4132 1169 4187 Ὀθεν
1193 4132 1319 4186 οὐδὲ
1348 4132 1458 4205 πρὸ
1484 4131 1580 4186 τοῦ
1619 4133 1846 4196 κανόνος
1874 4132 1998 4186 τού-

435 4246 533 4282 του
562 4227 591 4280 ὁ
620 4229 726 4282 τῶν
764 4229 824 4279 ὲν
853 4226 1260 4298 Νεοκαισαρείᾳ
1307 4224 1488 4279 κανὼν
1539 4224 1890 4293 ἐφυλάττετο.
1938 4226 1997 4279 '0

440 4322 543 4395 μὲν
570 4320 678 4391 γὰρ
723 4318 1091 4381 ’Ῑουστινιανδς
1110 4317 1376 4388 ἑξήκοντα
1402 4316 1830 4387 πρεσϐυτέρους,
1868 4317 1991 4370 δια-

440 4413 630 4475 κόνους
649 4413 707 4466 δὲ
733 4412 948 4474 ὲκατδν,
983 4412 1079 4464 καὶ
1122 4410 1473 4473 διακονίσσας
1510 4412 1917 4478 τεσσαράκοντα
1942 4412 1999 4463 ὲν

2013 3173 2062 3238 α

2089 1936 2418 1998 assisterent,
2452 1932 2545 1986 sed
2575 1932 2770 2000 quibus
2795 1947 2922 1986 cura
2956 1947 3261 1986 mensarum
3308 1951 3370 1989 ac
3419 1936 3650 1991 ﬁdelium

2086 2025 2410 2083 multitudini
2468 2025 2839 2094 suppeditandi
2902 2037 3235 2081 commentus
3290 2028 3652 2093 incumberet,

2087 2118 2492 2186 accipiendum;
2524 2118 2627 2169 divi
2656 2133 2867 2186 quoque
2892 2118 3257 2188 Chrysostomi
3281 2121 3436 2175 verba
3461 2123 3647 2176 eadem

2086 2208 2424 2274 explicantis,
2465 2216 2519 2261 et
2549 2209 2653 2260 nec‘
2679 2207 2742 2259 de
2766 2206 3017 2261 diaconis
3064 2222 3162 2261 nec
3204 2210 3529 2279 presbyteris
3568 2210 3653 2261 in-

2087 2299 2251 2366 telligi
2310 2314 2465 2367 posse
2532 2299 2890 2353 asseverantis
2950 2299 3255 2352 testimonio
3308 2299 3651 2355 confirmant.

2093 2390 2308 2456 Septem
2341 2389 2501 2457 igitur
2533 2389 2649 2443 t'llos
2696 2390 2951 2444 Actorum
3014 2389 3264 2442 diaconos
3318 2388 3505 2451 fuisse,
3548 2407 3652 2443 non

2091 2482 2181 2551 qui
2207 2482 2378 2537 sacris
2409 2481 2744 2546 ministeriis,
2790 2480 2915 2534 dum
2976 2496 3064 2533 res
3118 2480 3293 2534 divina
3361 2482 3651 2549 peragitur,

2087 2572 2348 2627 obeundis
2408 2580 2684 2636 vacarent,
2759 2571 2851 2626 sed
2914 2572 3003 2639 qui
3072 2572 3378 2625 hominibus
3457 2574 3660 2640 amplc-

2090 2664 2299 2720 ctendae
2334 2662 2455 2717 ﬁdei
2498 2663 2676 2717 studio
2710 2663 2776 2716 ad
2816 2661 3085 2730 apostolos
3107 2664 3319 2717 assidue
3348 2679 3659 2717 commean-

2091 2757 2233 2812 tibus
2263 2755 2513 2810 alimenta
2562 2754 2965 2824 prospicerent;
3020 2770 3047 2808 a
3105 2754 3301 2823 quibus
3354 2757 3655 2824 exemplum

2088 2864 2304 2920 quoque
2331 2849 2385 2902 in
2411 2859 2610 2916 egenos
2638 2846 2920 2903 charitatis
2948 2847 3155 2917 piaeque
3178 2847 3519 2902 liberalitatis
3588 2850 3655 2901 ad

2089 2953 2274 2997 nostra
2302 2957 2473 3012 usque
2501 2949 2741 3010 tempora
2781 2940 3002 2994 ductum
3053 2954 3175 2995 esse
3217 2939 3509 2993 afﬁrmant.
3565 2942 3661 2993 At-

2089 3049 2194 3103 que
2221 3034 2309 3089 bic
2333 3034 2571 3105 quidem,
2602 3033 2928 3096 reverentia,
2948 3042 3009 3086 ut
3031 3032 3287 3095 arbitror,
3313 3047 3437 3101 erga
3464 3031 3655 3086 Patres

2091 3127 2275 3193 synodi
2299 3124 2749 3181 Neocmsariensis
2775 3132 3045 3189 auctores,
3079 3122 3225 3177 nullo
3263 3122 3471 3191 adjecto
3491 3123 3656 3176 verbo

2090 3232 2262 3273 canon
2300 3215 2614 3271 absolvitur.
2644 3215 2721 3270 Ex
2753 3229 2859 3284 quo
2892 3222 3083 3269 tamen
3116 3213 3255 3267 efﬁci
3292 3213 3507 3281 planum
3548 3220 3653 3279 est,

2089 3309 2342 3380 quoniam
2367 3309 2520 3365 Actis
2550 3308 2914 3376 apostolorum
2945 3306 3101 3377 quasi
3127 3306 3473 3360 fundamento
3520 3303 3662 3359 Neo-

2089 3400 2437 3477 caasar'ienses
2458 3399 2769 3454 nitebantur
2798 3406 2853 3451 ut
2878 3397 2930 3451 in
2957 3410 3278 3465 quacunque
3298 3396 3505 3463 'magna
3533 3395 3662 3449 llcet

2091 3504 2154 3542 ac
2179 3491 2351 3559 ampla
2379 3491 2519 3545 ‘urbe
2551 3500 2754 3559 septem
2805 3488 3153 3543 diaconorum
3193 3501 3477 3541 numerum
3521 3500 3660 3553 prae-

2090 3583 2345 3647 ﬁnirent;
2377 3581 2465 3651 qui
2496 3596 2622 3635 vero
2647 3582 2713 3634 ab
2737 3580 2993 3649 apostolis
3015 3580 3226 3634 diaconi
3250 3580 3510 3648 designati
3545 3579 3664 3633 frte-

2091 3686 2236 3735 rant,
2271 3690 2374 3728 non
2402 3689 2678 3728 sacrorum
2721 3672 2949 3727 ministri
2973 3672 3064 3726 sed
3094 3672 3170 3726 rei
3223 3670 3399 3740 potius
3444 3673 3660 3726 clhar'a:

2093 3766 2333 3838 praefecti
2362 3775 2415 3819 et
2436 3764 2698 3819 teconomi
2728 3748 3144 3831 adhibebantur,
3164 3778 3500 3832 nequaquam
3525 3765 3659 3819 adeo

2094 3844 2337 3928 angustis
2362 3858 2651 3926 septenarii
2689 3857 2937 3912 torminis
2980 3857 3035 3910 in
3088 3872 3400 3927 magnarum
3450 3852 3665 3925 quoque

2096 3951 2307 4006 urbium
2332 3949 2645 4004 celebritate
2701 3949 3047 4003 diaconorum
3094 3963 3376 4002 numerum
3417 3949 3660 4003 coerCeri

2097 4042 2366 4111 debuisse.
2399 4040 2563 4110 Igitur
2587 4042 2747 4094 etiam
2782 4048 2907 4094 ante
2952 4040 3095 4094 hunc
3155 4054 3413 4094 canonem
3459 4043 3663 4095 editum

2097 4134 2522 4190 Neocaesariensi
2552 4134 2928 4189 constitutioni
2966 4134 3186 4188 minime
3232 4134 3665 4203 obtemperatum

2098 4236 2201 4283 est.
2237 4226 2525 4297 Sexaginta
2566 4226 2830 4295 siquidem
2857 4227 3209 4299 presbyteris,
3239 4226 3485 4281 diaconis
3535 4242 3666 4281 cen-

2100 4328 2235 4384 tum,
2287 4320 2639 4389 quadraginta
2692 4320 3010 4374 diaconissis
3058 4316 3304 4390 Magnam
3376 4318 3665 4374 ecclesiam

2104 4413 2309 4467 censeri
2340 4411 2682 4467 Justinianus
2713 4407 2988 4476 voluit,'ut
3019 4410 3239 4467 Basilio.
3283 4410 3424 4467 libro
3461 4427 3547 4473 tn,
3596 4408 3666 4461 ti-

439 4503 761 4575 τῇξΜεγάλῃ
786 4504 965 4557 εἴασεν
1012 4503 1296 4575 ἐκκλησίᾳ,
1348 4503 1423 4569 ὼς
1454 4506 1513 4556 ὲν
1545 4502 1736 4575 βιϐλίῳ
1762 4504 1870 4557 τῶν
1891 4504 1991 4556 Βα-

2107 4505 2219 4557 tulo
2244 4503 2300 4565 ἓ,
2328 4503 2511 4557 videre
2533 4512 2617 4563 est
2658 4520 2672 4557 :
2711 4517 2941 4573 eumque
2967 4517 3271 4569 numerum,
3303 4510 3414 4556 tam
3447 4490 3523 4556 ‘in
3573 4517 3666 4556 sa-

443 4596 671 4650 σιλικῶν
709 4596 881 4666 τρίτῳ
918 4598 1120 4661 κεῖται,
1155 4595 1318 4665 τίτλῳ
1349 4596 1587 4667 δευτέρῳ
1609 4612 1625 4627 ⁶
1654 4599 1683 4650 ὁ
1725 4596 1782 4649 δὲ
1835 4596 2001 4666 Ἠρά-

442 4688 627 4750 κλειος
663 4688 944 4759 ἐπηύξησε
978 4689 1072 4742 τὸν
1100 4688 1334 4759 ἀριθμὸν
1360 4687 1586 4742 καὶτῶν
1618 4688 2005 4759 πρεσϐυτέρων

443 4778 546 4832 καὶ
566 4779 834 4834 διακόνων
873 4779 1101 4833 καὶτῶν
1151 4779 1357 4833 λοιπῶν
1390 4778 1673 4848 κληρικῶν
1700 4782 1757 4832 έν
1800 4782 1866 4849 τῇ
1896 4780 2009 4833 Ms-

441 4872 921 4944 γάλῃ·ὲκκλησίᾳ,
976 4874 1079 4927 καὶ
1147 4874 1313 4941 ἄμφω
1349 4872 1406 4925 δὲ
1445 4865 1595 4926 οὗτοι
1661 4874 1712 4925 οί
1767 4873 2008 4942 βασιλεῖς

443 4964 553 5035 πρὸ
576 4966 676 5035 τῆς
712 4965 882 5033 ἕκτης
907 4965 1112 5035 ταύτης
1132 4960 1274 5034 ἦσαν
1315 4964 1560 5018 συνόδου.
1598 4964 1707 5016 Καὶ
1734 4968 1791 5016 αἱ
1819 4965 2007 5018 λοιπαὶ

444 5062 503 5113 δὲ
527 5052 629 5129 τῆς
651 5058 1281 5119 Κωνσταντινουπόλεως
1302 5057 1588 5127 ἐκκλησίαι
1615 5056 1841 5118 πολλοὺς
1861 5052 2005 5125 εἶχον

445 5150 764 5219 κληρικοὺς,
795 5150 889 5202 καὶ
912 5149 1161 5211 πλείονας
1186 5147 1296 5203 τῶν
1325 5146 1473 5217 παρά
1486 5146 1593 5200 τῶν
1614 5146 2007 5217 δομησαμένων

446 5241 712 5303 αὐτάς,ὲν
748 5241 938 5303 αὐταῖς
977 5238 1301 5310 ταχθέντων,
1332 5238 1407 5303 ὡς
1440 5237 1585 5292 ἐστιν
1629 5238 1807 5309 εὑρεῖν
1844 5238 1902 5289 ὲν
1929 5236 2009 5305 τῷ

450 5330 656 5404 πρώτῳ
708 5331 877 5402 τίτλῳ
906 5334 998 5387 τοῦ
1038 5333 1229 5404 ,τρίτου
1270 5330 1477 5401 βιϐλίου
1512 5330 1620 5382 τῶν
1663 5329 2003 5383 Βασιλικῶν.

2101 4596 2414 4651 cerdotibus
2440 4605 2494 4649 et
2521 4595 2781 4658 diaconis,
2803 4611 2963 4663 quam
2992 4594 3044 4650 in
3068 4595 3275 4664 reliquo
3322 4594 3469 4648 omni
3518 4595 3667 4648 clero

2099 4688 2380 4744 Heraclius
2404 4688 2767 4758 ampliﬁcavit,
2792 4704 2913 4742 cum
2947 4698 3233 4756 utrumque
3267 4696 3445 4742 tamen
3494 4687 3665 4754 impe-

2099 4788 2334 4833 ratorem
2371 4764 2492 4833 ante
2536 4778 2696 4847 hujus
2728 4788 2890 4831 sexta:
2942 4778 3127 4848 synodi
3182 4786 3421 4845 tempora
3470 4776 3669 4830 vixisse

2101 4877 2330 4924 constet.
2369 4868 2604 4936 Reliquae
2626 4882 2837 4937 quoque
2878 4868 3485 4937 Cnnstantinopolitanm
3520 4867 3670 4920 urbis

2110 4962 2357 5017 ecclesiae
2394 4961 2572 5029 plures
2603 4961 2831 5015 clericos
2865 4962 3127 5023 habuere,
3161 4970 3320 5014 aucto
3364 4960 3527 5012 etiam
3568 4975 3671 5011 nu-

2105 5069 2256 5109 mero
2288 5054 2376 5121 qui
2409 5051 2795 5123 praelinitusiis
2825 5051 2892 5107 ab
2919 5064 3102 5107 carum
3148 5052 3519 5106 conditoribus
3568 5051 3673 5103 ini-

2105 5148 2182 5202 tio
2245 5149 2442 5213 fuerat,
2497 5146 2945 5215 quemadmodum
3015 5145 3177 5215 tertio
3232 5145 3447 5200 Basilic.
3506 5143 3665 5209 libro,

2108 5239 2261 5296 titulo
2290 5225 2488 5310 primo,
2515 5239 2642 5294 licet
2670 5239 3120 5294 animadvertere.

1664 5451 1860 5512 Guill.
1906 5448 2234 5528 Beveregii
2269 5454 2458 5511 notae.

524 5556 637 5626 (79)
673 5555 792 5623 Τῆς
819 5555 887 5608 ἐν
944 5536 1369 5626 Νεοκαισαρεζςι
1425 5551 1689 5626 συνόδου
1747 5552 2009 5626 περιεχό-

447 5622 626 5697 pera.
657 5628 713 5681 In
742 5626 929 5680 Latina
980 5624 1229 5697 Gentiani
1254 5623 1500 5697 _H_erveti
1535 5622 1811 5697 tersione,
1888 5622 2001 5674 luet:

452 5692 681 5764 insuper
714 5703 1032 5758 occurrunt,
1064 5695 1189 5748 huic
1254 5692 1590 5746 Balsamonis
1640 5692 1852 5764 scholia
1904 5708 2002 5743 an-

2107 5550 2237 5603 libro
2269 5546 2409 5614 Imp.
2464 5547 2757 5609 decernere,
2809 5554 2866 5598 ut
2916 5546 2969 5599 in
3026 5544 3220 5611 Magna
3271 5544 3379 5614 sint
3441 5542 3662 5614 erelesin

2106 5619 2317 5671 diaconi
2341 5611 2548 5670 centum
2576 5633 2594 5670 :
2630 5618 2768 5687 quod
2803 5633 2904 5687 non
2929 5615 3198 5681 iussisset,
3248 5612 3480 5687 si__aliter
3509 5611 3664 5663 intel—

2103 5689 2264 5742 lectus
2295 5688 2480 5754 fuisset
2506 5681 2673 5742 canon
2706 5689 2759 5739 in
2783 5684 3103 5740 tNeocwsar.
3136 5700 3252 5754 agn.
3295 5681 3417 5735 Hzcc
3479 5690 3658 5754 autem

452 5751 612 5827 nexa:
653 5766 787 5821 Cum
813 5782 882 5820 θαι
912 5751 1049 5817 enim
1083 5765 1151 5817 sit
1183 5765 1309 5831 ipsa.
1342 5779 1543 5831 quoque
1578 5762 1745 5829 prima
1782 5760 1994 5826 Synodo
2099 5758 2153 5831 iu
2183 5751 2344 5812 nullis
2384 5757 2586 5814 Graecis
2625 5756 2927 5821 codicibus,
2959 5769 3096 5825 quos
3145 5751 3330 5809 uidere
3388 5751 3658 5821 contigit,

456 5837 737 5908 antiquior,
803 5835 1135 5891 Justinianus
1190 5829 1471 5905 imperator
1510 5832 1766 5887 invenitur
1822 5833 1875 5883 in
1938 5846 2017 5883 ιιι..
2096 5829 2385 5886 habentur.
