4074 6418
383 329 481 392 571

1639 327 1911 386 Tusco.
1948 323 2358 407 summa:

3478 330 3479 333 “
3532 324 3638 387 5ῖὲ

383 440 612 499 ARIST.
652 457 671 491 ι
718 440 1056 509 Quiscplem
1096 454 1214 495 eSse
1245 441 1518 502 diaconos,
1545 439 1696 506 juxta
1733 437 1872 505 quod
1907 437 1952 487 in

2067 436 2287 487 ΛΡΙΣΤ.
2339 455 2356 486 ι
2402 436 2719 489 Γινωσκέτω
2758 436 2785 487 6
2825 434 3004 503 λέγων
3058 433 3199 490 ἐπτά
3237 434 3526 500 διακόνους
3554 437 3635 490 ετ-

461 551 481 586 (
515 534 743 588 Actibus
782 533 977 586 dictum
1011 542 1113 595 est,
1143 533 1391 599 aliirmat,
1440 534 1595 594 sciat,
1649 531 1788 598 quod
1854 545 1957 583 nou

461 646 480 680 ι
521 630 584 682 de
616 626 876 687 diaconis,
911 625 1001 693 qni
1046 627 1335 697 mysteriis,
1367 627 1459 681 sed
1493 625 1584 694 qui
1612 624 1814 679 mensis
1860 624 1960 697 mi-

462 739 481 772 ‹
518 720 777 779 nistrant,
807 716 998 770 ibidem
1028 733 1205 771 sermo
1230 721 1472 774 habetur.
1512 738 1531 772 ι

457 814 703 867 Decimus
728 821 955 880 quartus
981 811 1170 881 synodi
1195 812 1650 868 Neocaesariensis
1672 821 1843 867 cano'n
1890 828 1957 866 ex

387 912 612 961 Actuum
637 905 889 959 videlicet
925 904 1062 958 libro
1099 905 1314 966 ductus,
1372 915 1575 974 septem
1617 907 1872 959 diaconos
1902 906 1957 958 in

386 1015 710 1069 unaquaque
741 998 981 1062 civitate,
1015 998 1261 1064 quamvis
1312 998 1599 1052 admodum
1637 1013 1831 1065 magna
1864 998 1953 1063 sit,

383 1093 637 1144 (‘nnslitni
662 1070 926 1149 decrevii,
959 1091 1232 1159 mysteriis
1253 1090 1575 1144 servientes.
1602 1089 1671 1143 At
1719 1103 1957 1158 praesens

382 1194 553 1232 canon
585 1180 659 1233 ait
690 1180 953 1248 synodum
1000 1179 1145 1231 illam
1175 1194 1279 1231 non
1313 1189 1460 1232 recte
1511 1177 1806 1248 intelligere
1843 1192 1956 1231 ser-

387 1288 597 1323 monem
625 1273 691 1325 de
715 1281 919 1339 septem
949 1272 1191 1325 diacouis
1223 1270 1278 1323 in
1323 1270 1553 1324 Acutum
1614 1269 1751 1322 libro
1802 1270 1953 1337 posi-

387 1375 521 1417 tum.
557 1363 669 1417 Non
710 1365 851 1418 enim
878 1364 941 1416 de
992 1363 1324 1424 hominibus,
1368 1361 1566 1430 inquit,
1623 1362 1713 1429 qui
1742 1361 1953 1414 {divinis

384 1456 690 1509 ministrant
730 1455 1003 1525 mysteriis
1043 1454 1370 1524 intelligendi
1401 1463 1525 1509 sunt
1559 1453 1811 1521 apostoli,
1857 1454 1950 1507 sed

381 1544 447 1596 de
474 1544 539 1596 iis
569 1547 658 1611 qui
697 1546 746 1596 in
782 1545 984 1597 mensis
1018 1544 1406 1611 subserviunt;
1463 1553 1517 1599 et
1571 1545 1770 1612 quibus
1824 1558 1952 1598 con-

382 1635 585 1688 credita
615 1638 1053 1701 estdispeusatio
1080 1651 1291 1698 eorum,
1339 1651 1457 1709 quae
1507 1636 1781 1690 communi
1830 1636 1950 1691 usui

385 1737 512 1779 tunc
539 1727 762 1782 collecta
788 1728 1024 1782 fuerunt.
1049 1728 1343 1798 Propterea
1361 1729 1427 1782 ab
1452 1729 1694 1783 ecclesiis
1713 1743 1814 1782 non
1836 1730 1951 1783 exi-

381 1827 535 1879 getur
575 1819 869 1871 secumlum
903 1819 1051 1871 illum
1095 1833 1380 1881 canonem,
1413 1828 1470 1872 ut
1503 1819 1725 1886 singula:
1747 1828 1950 1887 septem

382 1904 613 1959 habeant
644 1908 898 1962 diaconos
929 1910 993 1959 ad
1043 1909 1346 1961 divinorum
1404 1911 1785 1979 mysteriorum
1838 1911 1940 1961 mi-

381 1996 689 2051 nisterium.
717 1997 820 2051 Sed
843 2013 1092 2066 qumque,
1132 2000 1428 2052 secundum
1470 2000 1676 2054 reditus
1715 2014 1866 2061 suos.
1898 2010 1954 2055 et

383 2088 820 2153 presbyterorum
855 2090 1283 2144 ctdiaconorum
1326 2102 1381 2145 et
1424 2090 1754 2160 reliquorum
1792 2092 1953 2147 cleri-

382 2194 564 2233 corum
591 2196 874 2235 numerum
908 2181 1145 2244 habebit.

860 2444 1021 2523 176'
1056 2452 1286 2508 CANON
1321 2453 1483 2508 xvu.

388 2557 406 2588 ι
448 2538 712 2604 Quoniam
774 2542 1108 2596 diversarum
1170 2544 1524 2598 ecclesiarum
1576 2546 1783 2607 clerici,
1826 2562 1950 2616 pro-

456 2649 475 2680 ι
517 2632 671 2698 priis,
709 2631 759 2683 in
788 2633 985 2699 quibus
1019 2644 1145 2686 sunt
1160 2635 1418 2698 ordinati,
1447 2635 1651 2690 relictis
1682 2637 1950 2703 ecclesiis,

462 2742 477 2772 ι
516 2724 581 2776 ad
640 2723 777 2777 alios
840 2726 1127 2794 episcopos
1187 2742 1245 2781 se
1305 2729 1673 2793 contulerunt,
1732 2738 1786 2784 et
1838 2732 1962 2787 sine

459 2833 476 2865 ι
511 2815 710 2882 proprii
744 2818 982 2885 episcopi
1015 2820 1284 2873 sententia
1344 2820 1396 2873 in
1460 2819 1663 2903 alienis
1707 2822 1953 2879 ecclesiis

465 2926 482 2957 ι
524 2910 802 2962 conSIituti
836 2893 985 2973 sunt,
1010 2922 1066 2964 et
1093 2926 1161 2965 ex
1187 2927 1252 2967 eo
1293 2913 1445 2981 ipsos
1488 2893 1638 2968 reddi
1662 2915 1952 2971 insolentes

458 3017 477 3052 ι
514 3004 698 3055 evenit
728 3020 741 3055 :
775 3006 1083 3060 statuimus.
1120 3014 1177 3056 ut
1216 3020 1243 3058 a
1278 3007 1530 3074 praesenti
1561 3020 1746 3061 mense
1777 3007 1950 3063 Janu-

454 3110 473 3140 ι
509 3096 623 3147 ario
647 3096 933 3163 prmteritm
962 3107 1170 3165 quartae
1224 3098 1551 3161 indictionis,
1599 3099 1780 3155 nullus
1830 3116 1953 3169 ome
1978 3122 2023 3185 ρ

454 3202 475 3236 ι
514 3186 640 3239 nino
668 3187 916 3251 clericus,
956 3188 1364 3259 inquocunque
1412 3192 1480 3245 sit
1516 3192 1682 3262 gradu
1713 3203 1952 3262 potesta-

456 3295 478 3327 ‹
521 3286 627 3331 tem
689 3279 886 3333 habeat
961 3279 1079 3334 sine
1165 3283 1367 3350 proprii
1449 3287 1683 3353 episcopi
1750 3287 1950 3355 scripta

454 3385 478 3418 ‹
521 3368 823 3421 dimissoria
847 3372 899 3424 in
932 3370 1121 3426 alienae
1142 3374 1708 3448 ecclesiae-catalogum
1736 3380 1947 3433 referri.

460 3478 479 3510 ε
519 3459 620 3524 Qui
671 3461 814 3513 enim
856 3477 884 3514 a
925 3465 1179 3532 prarsenti
1230 3481 1375 3521 nunc
1413 3478 1653 3537 tempore
1697 3471 1798 3525 huc
1844 3485 1948 3523 non

465 3570 484 3600 ι
521 3562 719 3615 servat,
746 3553 837 3605 sed
869 3557 1012 3621 quod
1043 3556 1107 3609 in.
1137 3572 1195 3611 se
1228 3568 1311 3612 est
1336 3575 1482 3621 eum.
1521 3563 1609 3628 qui
1648 3562 1722 3615 illi
1755 3577 1947 3617 manus

456 3659 477 3690 ι
526 3641 799 3710 imposuit,
839 3644 1099 3699 dedecore
1126 3645 1308 3714 aﬂicit,
1359 3649 1661 3717 deponatur
1710 3660 1763 3706 et
1812 3652 1948 3722 ipse,

457 3753 474 3784 ι
508 3744 561 3788 et
586 3735 674 3803 qui
706 3750 827 3789 eum
866 3747 1059 3805 praeter
1093 3741 1351 3795 rationem
1378 3743 1629 3811 suscepit.
1657 3762 1675 3796 ι

462 3998 660 4054 BALS.
695 4000 899 4069 Smpius
934 4002 1188 4065 diximus,
1225 4004 1365 4072 quod
1419 4006 1562 4058 omni
1610 4006 1827 4072 clerico,
1861 4009 1949 4079 qui

384 4093 512 4147 roris
537 4092 819 4147 ordinatus
839 4103 936 4156 est,
972 4093 1104 4147 duas
1135 4097 1426 4161 scripturas
1469 4096 1667 4153 afferre
1700 4115 1837 4168 opus
1867 4112 1949 4157 est

380 4182 496 4251 ejus
528 4184 616 4251 qni
644 4200 764 4238 cum
790 4185 1079 4242 ordinavit.
1112 4189 1611 4243 commendatitiam
1653 4192 1858 4246 scilicet
1898 4202 1955 4247 et

379 4274 763 4341 dimiSsoriam,
801 4288 858 4328 ut
899 4277 997 4330 illa
1019 4279 1231 4344 quidem
1287 4288 1467 4332 utatur
1518 4284 1582 4333 ad
1631 4284 1951 4352 comproba—

384 4363 582 4415 tioncm
621 4364 765 4416 illius
798 4370 993 4429 gradus
1019 4369 1184 4432 qniei
1219 4370 1396 4424 inesse
1431 4371 1659 4425 dicitur:
1682 4373 1780 4425 hac
1806 4389 1948 4440 vero,

2139 547 2156 577 ‹
2202 544 2289 580 ναι
2327 530 2468 583 κατὰ
2518 529 2576 582 τὸ
2609 528 2902 599 εἰρημένον
2939 531 3059 592 ταῖς
3104 527 3411 598 Πράξεσιν,
3449 529 3531 582 ὅτι
3569 531 3631 583 οὐ

2141 638 2159 669 ι
2212 621 2340 688 περὶ
2392 620 2500 673 τῶν
2534 622 2800 674 διακόνων
2863 624 2977 685 τοῖς
3012 622 3337 692 μυστηρίοις
3371 624 3400 676 6
3444 620 3629 691 λόγος,

2135 730 2153 761 ι
2203 714 2339 767 ἀλλὰ
2370 713 2498 783 περὶ
2527 714 2635 767 τῶν
2665 714 2975 784 τραπέζαις
3006 715 3459 786 ὑπηρετούντων.
3497 735 3517 767 ι

2142 803 2201 855 Ὀ
2233 806 2795 874 τεσσαρακαιδέκατος
2853 806 3032 861 κανὼν
3071 808 3170 878 τῆς
3224 811 3283 862 ἐν
3317 809 3630 862 Νεοκαισασι

2061 894 2184 965 ρείᾳ
2217 897 2459 959 συνόδου,
2486 899 2592 951 ἀπὸ
2631 900 2729 965 τῆς
2766 900 2952 969 βίϐλου
3004 900 3114 955 τῶν
3151 900 3413 970 Πράξεων
3465 902 3631 971 δῆθεν

2056 988 2343 1057 ὁρμηθεὶς,
2374 992 2514 1043 ἐπτά
2559 993 2840 1055 διακόνους
2906 994 2990 1061 ἐφ’
3031 993 3238 1063 ἑκάστῃ
3311 995 3487 1058 πόλει,
3520 996 3639 1046 κᾶν

2064 1078 2204 1130 πάνυ
2259 1079 2472 1149 μεγάλη
2514 1083 2649 1146 ἐστὶ,
2700 1081 3062 1137 καθίστασθαι
3100 1084 3289 1153 ὥρισε,
3344 1088 3459 1146 τοῖς
3521 1103 3626 1152 μυ-

2058 1168 2303 1237 στηρίοις
2360 1170 2833 1241 ὑπηρετήσοντας.
2887 1172 2948 1225 '0
2980 1173 3037 1227 δέ
3084 1173 3275 1245 παρὼν
3336 1174 3513 1227 κανὼν
3547 1176 3623 1243 μὴ

2057 1259 2239 1323 καλῶς
2270 1262 2467 1329 φάσκει
2496 1264 2685 1333 νοῆσαι
2715 1265 2816 1336 τὴν
2832 1266 3129 1337 τοσιαύτην
3153 1266 3371 1319 σύνοδον
3395 1268 3455 1320 τὺ
3478 1269 3533 1320 ἐν
3557 1272 3622 1338 τῇ

2055 1351 2225 1423 βίϐλῳ
2254 1354 2361 1406 τῶν
2403 1355 2827 1424 Πράξεωνηπερὶ
2878 1359 2988 1412 τῶν
3021 1359 3169 1413 ἑπτὰ
3198 1360 3467 1414 διακόνων
3506 1361 3625 1413 κεί-

2060 1461 2224 1514 μενον
2288 1448 2474 1518 ῥητόν.
2527 1450 2601 1503 Οὐ
2662 1450 2772 1523 γάρ
2833 1450 2964 1521 περὶ
3001 1451 3111 1505 τῶν
3155 1452 3621 1520 διακονουμένων,

2061 1536 2218 1607 φησὶ,
2259 1542 2373 1602 τοῖς
2407 1541 2573 1604 θείοις
2604 1543 2929 1612 μυστηρίοις
2975 1543 3186 1613 ἀνδρῶν
3228 1539 3297 1613 ἦν
3331 1546 3363 1612 ἡ
3402 1544 3624 1612 φροντὶς

2049 1627 2110 1680 τὸ
2134 1631 2256 1682 τότε
2280 1633 2392 1693 τοῖς
2421 1633 2757 1699 ἀποστόλοις,
2785 1634 2919 1687 ἀλλά
2955 1636 3083 1705 περὶ
3116 1634 3227 1687 τῶν
3284 1636 3625 1706 ὑπουργούν-

2050 1736 2161 1773 των
2191 1722 2248 1774 ἐν
2280 1725 2401 1787 ταῖς
2433 1727 2748 1794 τραπέζαις,
2792 1729 2887 1780 καὶ
2917 1727 3015 1797 τὴν
3040 1728 3359 1798 οἰκονομίαν
3387 1732 3619 1798 ἐμπεπιο

2056 1812 2366 1881 στευμένων
2386 1818 2485 1884 τῆς
2510 1818 2695 1887 κοινῆς
2712 1819 2900 1888 χρείας
2927 1819 3036 1872 τῶν
3067 1820 3189 1872 τότε
3222 1822 3621 1892 συνηθροισμέ-

2053 1917 2179 1953 νων.
2222 1904 2320 1957 Διὰ
2346 1905 2502 1959 τοῦτο
2525 1907 2654 1975 γοῦν
2682 1912 2734 1961 αἱ
2764 1910 3050 1981 ἐκκλησίαι
3071 1912 3171 1965 οὐκ
3204 1912 3620 1984 ἀπαιτηθήσον-

2056 2008 2144 2045 ται
2171 1996 2311 2048 κατά
2355 1997 2444 2051 τὸν
2475 2000 2676 2051 κανόνα
2719 2003 2926 2054 ἐκεῦιον
2972 2001 3075 2056 ἀνά
3142 2004 3281 2057 ἑπτὰ
3336 2004 3620 2068 διακόνους

2054 2083 2196 2152 ἔχειν
2224 2088 2302 2148 είς
2330 2089 2428 2157 τὴν
2465 2090 2575 2142 τῶν
2604 2090 2765 2145 θείων
2791 2096 3109 2165 μυστηρίων
3137 2095 3411 2150 διακονίαν
3438 2114 3452 2126 ο
3483 2097 3621 2151 ἀλλὰ

2053 2176 2259 2249 ἑκάστη
2299 2180 2438 2247 πρὸς
2470 2182 2569 2244 τὰς
2594 2183 2833 2248 εἰσόδους
2875 2186 3045 2256 αὐτῆς
3082 2187 3193 2254 ἔξει
3216 2187 3309 2241 καὶ
3340 2189 3402 2241 τὸ
3455 2191 3622 2242 ποσὸν

2052 2269 2161 2321 τῶν
2188 2272 2575 2343 πρεσϐυτέρων
2605 2274 2700 2327 καὶ
2728 2276 2994 2331 διακόνων
3020 2279 3114 2332 καὶ
3136 2278 3243 2332 τῶν
3268 2279 3469 2334 λοιπῶν
3492 2280 3624 2353 κλη-

2056 2378 2246 2430 ρικων.

2646 2462 2881 2515 ΚΑΝΩΝ
2931 2464 3030 2518 ΙΖ’.

2059 2563 2077 2596 ι
2137 2544 2465 2619 Ἐπειδήπερ
2518 2550 2790 2622 διαφόρων
2837 2553 3149 2626 ἐκκλησιῶν
3185 2556 3461 2629 κληρικοὶ,
3520 2561 3619 2622 τὰς

2129 2655 2149 2688 ι
2199 2638 2357 2703 ἰδίας,
2389 2641 2447 2693 ἐν
2483 2636 2572 2702 αἷς
2593 2642 3101 2713 ἐχειροτονήθησαν,
3127 2647 3420 2717 ἐκκλησίας
3452 2666 3625 2702 κατα-

2130 2747 2161 2782 «η
2197 2730 2468 2797 λιπόντες,
2504 2735 2639 2803 πρὸς
2668 2736 2888 2804 ἐτέρους
2914 2738 3621 2809 συνέδραμονὲπισκόπους,

2134 2843 2154 2876 ‹
2198 2827 2293 2878 καὶ
2332 2829 2557 2903 γνῴμης
2588 2829 2710 2897 δίχα
2734 2829 2829 2882 τοῦ
2863 2831 3065 2884 οἰκείου
3100 2832 3399 2886 ἐπισκόπου
3427 2836 3483 2888 ἐν
3501 2837 3622 2899 ταῖς

2135 2936 2161 2970 (τ
2202 2918 2511 2991 ἀλλοτρίαις
2546 2922 2930 2991 κατετάγησαν
2958 2923 3298 2993 ἐκκλησίαις,
3330 2926 3393 2978 ἐκ
3431 2925 3620 2978 τούτου

2132 3028 2155 3060 r
2196 3026 2255 3061 τε
2302 3010 2499 3081 συνέϐη
2548 3012 2957 3075 ἀνυποτάκτους
3010 3013 3208 3077 αὐτοῦς
3242 3014 3616 3084 καταστῆναι·

2130 3119 2149 3153 ι
2193 3100 2450 3170 ὁρίζομεν
2476 3101 2619 3154 ὥστε
2665 3104 2773 3156 ἀπὸ
2819 3104 2912 3157 τοῦ
2956 3105 3221 3174 παρόντος
3287 3105 3618 3175 Ἰανουαρίου

2130 3210 2155 3243 (η
2200 3193 2368 3261 μηνὸς
2394 3193 2491 3259 τῆς
2518 3193 2895 3263 παρελθούσης
2942 3196 3205 3266 τετάρτης
3244 3195 3620 3266 ἐπινεμήσξως

2131 3303 2149 3335 ι
2200 3283 2407 3355 μηδένα
2428 3284 2538 3338 τῶν
2564 3284 2823 3339 ἁπάντων
2852 3286 3158 3357 κληρικῶν,
3188 3286 3295 3339 κᾶν
3331 3286 3390 3339 ἐν
3422 3285 3621 3355 οἱῳδήο

2131 3395 2152 3430 ι
2198 3392 2327 3429 ποτε
2368 3377 2612 3447 τυγχάνῃ
2650 3366 2863 3447 βαθμῷ,
2916 3374 3103 3433 ἄδειαν
3135 3378 3282 3449 ἔχειν
3319 3378 3474 3440 ἐκτὸς
3520 3380 3618 3444 τῆς

2128 3490 2148 3521 ε
2192 3468 2287 3522 τοῦ
2318 3470 2518 3523 οἰκείου
2541 3471 2841 3523 ἐπισκόπου
2882 3471 3217 3540 ἀπολυτικῆς
3249 3472 3529 3539 ἐγγράφου

2125 3577 2145 3612 ι
2194 3559 2357 3631 ἑτέρᾳ
2403 3559 2832 3612 κατατάττεσθαι
2891 3560 3175 3630 ἐκκλησίᾳ.
3247 3561 3402 3612 Ἐπεὶ
3451 3560 3480 3611 6
3539 3561 3617 3629 μὴ

2127 3652 2163 3704 ι’
2191 3650 2349 3705 τοῦτο
2370 3650 2582 3704 ἀπὸτοῦ
2608 3651 2701 3704 νῦν
2731 3651 3302 3721 παραφυλαττόμενος,
3325 3651 3459 3703 ἀλλὰ
3482 3668 3586 3703 κατ
3602 3680 3617 3691 ο

2127 3762 2149 3796 ι
2198 3743 2467 3814 αισχόνων
2519 3744 2582 3796 τό
2629 3758 2691 3810 γε
2723 3744 2811 3796 ἐπ’
2846 3744 3010 3796 αὐτὸν
3033 3742 3125 3796 τὸν
3152 3743 3251 3812 τὴν
3283 3744 3621 3814 χειροτονίαν

2129 3856 2151 3890 ι
2192 3836 2342 3906 αὑτῷ
2371 3834 2768 3901 ἐπιτεθεικότα,
2797 3835 3167 3905 καθαιρείσθω
3190 3835 3286 3889 καὶ
3310 3836 3492 3901 αὐτὸς,
3527 3836 3621 3887 καὶ

2132 3947 2151 3979 ι
2197 3930 2226 3980 6
2261 3925 2593 3995 παραλόγως
2620 3925 2782 3978 αὑτὸν
2823 3925 3275 3996 προσδεξάμενος.
3314 3943 3334 3976 ι

2123 4017 2320 4073 ΒΔΛΣ.
2363 4016 2639 4077 Πολλάκις
2668 4017 2895 4085 εἴπομεν
2946 4018 3027 4071 ὅτι
3073 4018 3233 4087 χρεία
3293 4018 3406 4070 ἐστὶ
3456 4020 3622 4072 παντὶ

2057 4105 2161 4178 κλη
2171 4106 2308 4177 ρικῷ
2330 4108 2799 4177 ἐξωχειροτονήτῳ
2822 4106 3006 4171 διττὰς
3027 4109 3243 4177 γραφὰς
3265 4109 3623 4179 ἐπιφέρεσθαι

2053 4198 2145 4251 τοῦ
2212 4203 2685 4271 χειροτονήσαντος
2750 4201 2953 4265 αὐτὸν,
3020 4201 3348 4269 συστατικὴν
3418 4202 3617 4270 δηλαδὴ

2056 4291 2149 4343 καὶ
2180 4292 2537 4363 ἀπολυτικὴν,
2579 4293 2659 4355 ὡς
2686 4292 2751 4345 ἂν
2780 4297 2844 4361 τῇ
2880 4293 2981 4363 μὲν
3010 4295 3281 4363 χρήσηται
3312 4297 3392 4357 εἰς
3431 4294 3619 4346 ἐπισύ-

2058 4399 2246 4435 στασιν
2274 4382 2368 4434 τοῦ
2400 4385 2693 4452 λεγομένου
2741 4387 3024 4453 προσεῖναι
3076 4385 3225 4453 αὐτῷ
3261 4384 3472 4453 βαθμοῦ
3500 4402 3517 4417 θ
3550 4388 3613 4453 τῇ

382 4465 439 4507 nt
477 4455 804 4508 citraullum
838 4459 1278 4526 impedimentum
1332 4465 1400 4516 al)
1460 4466 1562 4518 alia
1612 4466 1840 4520 ecclesia
1896 4468 1948 4520 in

2055 4475 2109 4525 δὲ
2134 4476 2211 4535 είς
2227 4474 2788 4547 τὸάπαρεμποδίστως
2809 4478 2892 4545 ἐφ’
2915 4479 3103 4547 ἐτέρας
3124 4477 3416 4543 ἐκκλησίας
3432 4477 3617 4546 κλήρῳ

381 4546 582 4605 clerum
612 4558 910 4615 rooptetur.
943 4549 1076 4603 Nota
1120 4568 1247 4620 ergo
1310 4565 1632 4621 przesentem
1689 4572 1948 4611 canonem

386 4637 620 4691 maxime
651 4641 1016 4693 necessarium
1061 4658 1201 4705 esse,
1271 4653 1324 4703 et
1376 4646 1632 4700 clericum
1689 4649 1779 4715 qui
1842 4664 1947 4703 non

386 4730 535 4783 illius
567 4732 764 4787 virtute
794 4744 1042 4804 receptus
1074 4746 1175 4801 est,
1212 4748 1267 4791 et
1315 4740 1624 4806 episcopum
1680 4742 1768 4808 qui
1829 4758 1951 4798 eum

390 4822 603 4891 recepit
634 4823 749 4876 sine
791 4824 1096 4891 (limissoria
1139 4827 1254 4897 ejus
1305 4830 1395 4897 qui
1458 4829 1606 4883 illum
1663 4832 1950 4900 ordinavit,

386 4913 576 4980 deponi
637 4914 848 4983 jubere.
889 4919 1018 4971 Cum
1063 4919 1165 4973 hoc
1203 4921 1344 4974 enim
1395 4937 1535 4989 Saepe
1588 4928 1842 4993 synodice
1870 4928 1945 4981 di-

387 5016 535 5057 ctum
569 5018 728 5069 esset,
763 5008 1272 5078 dixeruntqnidam,
1304 5027 1462 5064 unam
1498 5013 1579 5066 vel
1613 5015 1779 5068 solam
1815 5020 1955 5070 scri-

390 5109 602 5162 pturam
636 5100 768 5154 satis
796 5116 916 5155 esse
952 5104 1000 5155 ei
1031 5102 1121 5168 qui
1151 5112 1233 5156 est
1260 5104 1392 5157 foris
1427 5105 1725 5172 ordinatus,
1746 5096 1953 5165 scilicet

387 5188 902 5245 emmnendatitiam.
960 5190 1158 5260 Excipe
1221 5192 1348 5247 mibi
1414 5194 1955 5269 Constantinopolita-

387 5295 513 5331 num
551 5289 605 5333 et
630 5280 1115 5349 Garthaginensem
1149 5285 1479 5353 episcopum.
1526 5287 1563 5340 li
1623 5290 1765 5341 enim
1829 5292 1951 5354 soli,

388 5381 445 5424 nl
508 5386 651 5440 saepe
717 5375 917 5426 dictum
986 5384 1092 5439 est,
1159 5388 1381 5442 possunt
1454 5379 1659 5435 alienos
1724 5381 1953 5443 clericos

387 5463 660 5532 suscipere
740 5474 937 5533 prreter
1006 5466 1331 5524 voluntatem
1399 5487 1583 5526 eorum
1659 5466 1954 5545 quiipsos

386 5558 726 5610 ordinarunt.

460 5645 711 5704 ZONAR.
744 5649 890 5704 Multi
919 5652 969 5705 in
1003 5653 1147 5708 hanc
1198 5657 1515 5712 sententiam
1579 5659 1667 5714 alii
1721 5676 1956 5718 canones

390 5740 518 5794 editi
556 5752 696 5796 sunt.
726 5743 821 5799 llic
848 5760 1063 5815 quoque
1092 5748 1348 5803 clericum
1378 5751 1429 5804 in
1465 5751 1621 5806 aliam
1643 5754 1926 5811 ccclesiam

2056 4567 2546 4636 οηγκαταλεγῆναι.
2586 4569 3014 4638 Σημείωσαιοῦν
3040 4571 3130 4622 τὸν
3151 4570 3390 4638 παρόντα
3422 4571 3633 4623 κανόνα

2054 4660 2481 4726 ἀναγκαιότατον
2519 4658 2679 4726 εἶναι,
2703 4663 2797 4714 καὶ
2827 4662 3197 4733 διοριζόμενον
3233 4664 3617 4731 καθαιρεῖσθαι

2052 4755 2144 4807 τὸν
2174 4755 2324 4825 παρὰ
2351 4755 2449 4823 τὴν
2478 4759 2669 4808 τούτου
2705 4755 3219 4826 δύναμιν-δεχθέντα-
3240 4757 3339 4825 κλη
3352 4759 3499 4825 ρικδν
3520 4758 3620 4807 καὶ

2053 4851 2143 4901 τὸν
2179 4848 2573 4917 ἀναδεξάμενον
2613 4850 2773 4901 αὐτὸν
2799 4850 3101 4901 ἐπισκοπον
3140 4849 3310 4917 χωρὶς
3362 4846 3622 4907 ἀπολυτι-

2057 4943 2158 5011 κῆς
2185 4940 2280 4993 τοῦ
2327 4941 2803 5010 χειροτονήσαντος
2834 4941 3014 4994 αὐτόν.
3049 4940 3314 5001 Πολλάκις
3343 4939 3451 5008 γὰρ
3491 4937 3621 4989 τού-

2054 5051 2143 5086 του
2177 5032 2504 5103 λαληθέντος
2532 5032 2849 5097 συνοδικῶς,
2880 5032 3024 5095 τινὲς
3046 5028 3201 5084 εἷπον
3227 5032 3355 5100 μίαν
3396 5030 3499 5083 καί
3523 5028 3621 5098 μό-

2056 5144 2154 5194 νην
2187 5127 2403 5195 γραφὴν
2432 5124 2509 5193 τῷ
2543 5125 3012 5194 ἐξωχειροτονήτῳ
3038 5124 3247 5193 ἀρκεῖν,
3289 5118 3619 5188 συπατικῆν

2055 5218 2282 5287 δηλαδή.
2329 5215 2587 5280 ’Υπέξελέ
2613 5234 2701 5284 μοι
2746 5217 2836 5268 τὸν
2868 5214 3493 5281 Κωνσταντινουπόλεως
3524 5212 3618 5263 καὶ

2056 5308 2149 5360 τὸν
2175 5308 2540 5379 Καρχηδόνος.
2580 5304 2866 5376 Οὗτοιγὰρ
2896 5306 3045 5377 μόνοι
3080 5307 3353 5369 δύνανται,
3388 5306 3462 5366 ὡς
3490 5302 3623 5354 πολ-

2056 5397 2210 5460 λάκις
2242 5398 2478 5470 εἴρηται,
2516 5397 2829 5468 ἀλλοτρίους
2863 5397 3156 5466 κληρικοὺς
3188 5397 3436 5467 δέχεσθαι
3465 5393 3617 5463 παρὰ

2059 5489 2284 5558 γνώμην
2323 5490 2433 5542 τῶν
2460 5490 2951 5560 χειροτονησάντων
2978 5488 3193 5550 αὐτούς.

2129 5667 2375 5720 ΖΩΝΑΡ.
2416 5668 2552 5733 Περὶ
2608 5666 2797 5718 τούτου
2833 5665 3019 5718 πολλοὶ
3067 5666 3290 5727 κανόνες
3331 5665 3617 5735 διαγορεύ-

2059 5774 2195 5813 ουσι.
2228 5758 2337 5812 Καὶ
2395 5753 2555 5821 οὗτος
2610 5756 2665 5809 δὲ
2711 5758 2770 5809 οὔ
2813 5759 3087 5827 συγχωρεῖ
3114 5758 3240 5811 ἄνευ
3275 5759 3488 5828 γραφῆς
3521 5758 3615 5808 τοῦ
