4074 6454
415 415 520 475 573

1434 426 1515 485 1N
1551 428 1715 490 CAN.
1761 430 1962 492 XVIII
1989 433 2195 497 CONC.
2238 438 2321 498 IN
2361 441 2686 505 TRULLO.

3561 450 3666 518 5τὲ

415 528 619 581 οἰκείου
653 528 951 584 ἐπισκόπου
1004 531 1386 600 μετατίθεσθαι
1433 554 1553 589 τινα
1616 537 1877 609 κληρικδν
1904 542 1961 592 εἰ‹

2087 546 2294 614 absque
2319 548 2600 619 impetrata
2663 554 2859 621 scriptu
2942 558 3008 610 ab
3062 559 3315 628 episcopo
3380 563 3658 625 facultate.

415 620 617 689 ἑτέραν
641 621 957 692 ἐκκλησίαν,
982 623 1056 686 ὡς
1084 624 1513 693 καταισχύνοντα
1540 628 1661 681 ὅσον
1690 630 1749 682 τὸ
1775 632 1858 692 εἰς
1886 631 1984 684 αὺ-

413 711 508 763 τὸν
542 709 634 763 τὸν
662 715 1114 784 χειροτονήσαντα
1155 716 1338 769 αὐτόν.
1376 718 1469 779 Ei;
1503 718 1610 786 γάρ
1633 722 1981 792 καταφρόνη-

415 819 502 852 σιν
534 803 742 857 ἐκείνου
768 805 864 857 καὶ
888 806 1112 873 ἀτιμίαν
1153 808 1269 860 ἐστὶ
1327 808 1386 860 τὸ
1441 809 1678 880 ἀλλαχοῦ
1720 812 1979 866 ἀπελθεῖν

412 893 740 964 ἐκείνου-μὴ
774 895 1183 965 ἐπιτρέψαντος.
1244 897 1335 950 Διὸ
1365 900 1457 952 καὶ
1503 900 1815 973 καθαιρέσει
1845 905 1982 956 ὑπά-

411 999 501 1046 γει
539 984 630 1035 τόν
656 1000 715 1037 τε
748 986 1115 1055 προσελθόντα
1150 988 1435 1060 ἐπισκόπῳ
1476 992 1650 1063 ἑτέρῳ
1693 994 1787 1047 καὶ
1817 996 1978 1049 αὐτὸν

412 1074 500 1124 τὸν
531 1075 850 1146 δεξάμενον.

410 1281 634 1333 ΑΡΙΣΤ.
704 1302 722 1334 ι
783 1285 841 1335 Ὀ
896 1286 1323 1356 προσδεχόμενος
1377 1288 1523 1352 ξένον
1575 1290 1855 1359 κληρικδν,
1887 1294 1979 1347 καὶ

481 1391 501 1422 σ
546 1374 888 1442 χειροτονῶν,
918 1376 1014 1428 σὺν
1042 1377 1119 1446 τῷ
1157 1379 1339 1444 κακῶς
1382 1382 1814 1450 χειροτονηθέντι
1839 1382 1975 1441 καθ-

489 1483 507 1515 (
550 1465 775 1534 ῄρηται.
811 1487 829 1518 ι
962 1450 971 1465 ’

476 1558 663 1620 Οὐδεὶς
730 1561 836 1615 τῶν
899 1560 1179 1632 κληρικῶν
1233 1564 1361 1619 ἄνευ
1413 1565 1643 1637 γνώμης
1690 1568 1786 1621 τοῦ
1836 1570 1969 1624 ἰδίου

402 1649 705 1702 ἐπισκόπου
749 1652 806 1703 ἐν
864 1653 1025 1725 ἑτέρᾳ
1062 1655 1327 1725 ἐκκλησία
1355 1659 1790 1712 κατατάττεσθαι
1841 1678 1973 1728 συγ-

401 1738 736 1810 κεχώρηται.
776 1741 834 1794 Εἰ
858 1744 913 1796 δέ
936 1761 1017 1805 τις
1046 1746 1343 1810 ἐπίσκοπος
1376 1750 1468 1800 τὸν
1494 1749 1774 1819 ἀλλότριον
1805 1769 1973 1819 προσ-

398 1830 612 1895 δέξεται
677 1832 934 1903 κληρικὸν
980 1836 1108 1889 ἄνευ
1159 1839 1437 1907 ἐγγράφου
1490 1840 1823 1893 ἀπολυτικοῦ
1874 1841 1969 1893 τοῦ

2090 639 2344 703 transire,
2383 652 2636 711 tanquam
2688 662 2751 698 eo
2797 649 3175 703 contumeliam
3223 654 3478 723 episcopo
3536 672 3657 720 suo,

2088 740 2347 796 quantum
2378 732 2429 786 in
2458 734 2573 802 ipso
2604 747 2706 802 est,
2740 738 3082 801 inferentem,
3136 759 3237 796 non
3270 745 3418 799 sinit.
3450 746 3583 802 Nam
3615 750 3661 804 is

2090 831 2242 879 certe
2300 830 2675 882 auctoritatem
2741 816 2995 901 episcopi;
3041 836 3465 909 dignitatemque
3516 857 3656 896 con-

2085 917 2297 983 temnit,
2344 921 2650 990 quicunque
2694 924 2836 989 alio,
2891 925 3034 979 nulla
3089 928 3421 997 migratinnis
3475 937 3540 985 ab
3593 952 3659 986 eo

2085 1006 2223 1061 facta
2272 1019 2549 1077 potestate,
2601 1017 2985 1082 proficiscitur.
3045 1019 3277 1074 Proinde
3338 1034 3647 1093 utrumque,

2085 1104 2194 1145 tum
2224 1097 2314 1163 qui
2358 1098 2686 1162 discesserit,
2720 1114 2829 1157 tum
2863 1107 3174 1177 episcopum
3201 1111 3371 1179 ipsum
3408 1128 3435 1165 a
3463 1130 3573 1182 quo
3612 1118 3657 1167 is

2083 1197 2342 1252 em-eptus
2368 1188 2549 1255 fuerit,
2577 1193 2769 1259 deponi
2791 1195 2963 1261 jubet.

2082 1272 2310 1329 ARIST.
2350 1297 2365 1327 ι
2404 1280 2506 1345 Qui
2538 1282 2791 1336 clericum
2836 1288 3176 1355 peregrinum
3231 1291 3452 1357 excipit,
3506 1297 3654 1345 ordi-

2160 1384 2179 1416 ι
2220 1376 2436 1435 natque,
2473 1388 2574 1425 una
2607 1388 2726 1426 cum
2773 1375 2974 1432 clerico
3019 1379 3157 1434 male
3191 1382 3437 1436 ordinato
3490 1387 3645 1453 depo.

2157 1477 2175 1509 ι
2216 1472 2393 1515 nctur.
2432 1480 2451 1514 ι

2149 1549 2361 1604 Nemini
2393 1553 2711 1608 clericm'um
2738 1559 2875 1611 citra
2906 1561 2989 1614 sui
3036 1563 3273 1631 episcopi
3320 1564 3649 1618 voluntatem

2078 1638 2131 1692 iu
2170 1643 2268 1694 alia
2294 1645 2524 1698 ecclesia
2553 1649 2806 1702 constitui
2834 1653 3184 1719 permittitur.
3233 1654 3285 1707 Si
3312 1659 3433 1725 quis
3467 1669 3647 1709 alitum

2050 1734 2363 1801 ’episcopus
2397 1736 2632 1791 alienum
2663 1741 3224 1798 admiseritclericum
3278 1749 3393 1801 sine
3452 1748 3650 1802 litteris

2077 1824 2193 1890 ejus
2225 1826 2462 1894 episcopi
2495 1828 2833 1891 dimissoriis,
2865 1842 2918 1887 et
2965 1834 3013 1885 in
3050 1850 3144 1887 sua
3195 1837 3427 1889 ecclesia
3485 1840 3648 1890 collo—

406 1925 712 1976 ἐπισκόπου
741 1925 927 1985 αὑτοῦ,
954 1927 1049 1979 καὶ
1094 1931 1157 1997 τῇ
1204 1929 1309 1999 ἰδίᾳ
1368 1930 1633 2003 ἐκκλησίᾳ
1663 1933 1961 1999 ἐγκατατά-

2079 1916 2303 1978 caverit,
2329 1916 2451 1970 licet
2480 1918 2530 1971 in
2574 1920 2761 1973 eadem
2816 1922 3075 1989 dignitate
3138 1936 3369 1991 maneat,
3428 1927 3538 1979 sive
3583 1930 3646 1979 all

398 2013 501 2080 ξει,
536 2014 638 2067 κᾶν
666 2017 756 2068 ἐπὶ
782 2017 878 2086 τῆς
903 2018 1071 2080 αὐτῆς
1092 2018 1248 2083 ἀξίας
1272 2021 1433 2074 αὐτὸν
1456 2023 1686 2095 φυλάξῃ,
1719 2024 1822 2076 κᾶν
1876 2024 1972 2075 καὶ

395 2110 477 2170 είς
549 2108 771 2175 μείζονα
801 2114 1152 2183 χειροτονήσῃ
1214 2113 1460 2182 βαθμὸν,
1526 2116 1961 2184 καθιιρεθήσον-

395 2218 489 2252 ται
528 2200 624 2255 καὶ
650 2202 977 2273 ἀμφότεροι.
1380 2212 1385 2223 ³
1824 2220 1827 2221 ⁷

993 2296 1239 2350 ΚΑΝΩΝ
1271 2300 1378 2355 IH'.

403 2406 421 2434 ι
476 2383 616 2448 Τοὺς
648 2387 922 2455 προφάσει
970 2389 1314 2459 βαρϐαρικῆς
1352 2391 1678 2461 ἐπιδρομῆς,
1730 2392 1969 2463 ἢάλλως

471 2489 491 2521 ι
541 2489 669 2549 πως,
713 2474 776 2525 ἐκ
831 2476 1213 2544 περιστάσεως
1276 2481 1620 2546 μετανάστας
1673 2483 1968 2549 γεγονότας

473 2582 493 2615 ι
540 2548 857 2633 κληρικοὺς,
905 2568 1070 2637 ἡνίκα
1104 2570 1149 2621 δ’
1175 2570 1242 2622 ἂν
1279 2573 1307 2623 ὁ
1352 2572 1547 2640 τρόπος
1596 2574 1776 2637 αὐτοῖς
1824 2575 1963 2630 ἀπο-

472 2675 490 2705 ι
536 2656 834 2727 παύσηται,
868 2658 899 2729 ἢ
930 2663 983 2713 αἰ
1039 2646 1146 2714 τῶν
1186 2662 1493 2733 Βαρϐάρων
1543 2665 1858 2735 ἐπιδρομαὶ,
1895 2670 1961 2721 δι’

469 2766 487 2797 ι
536 2746 601 2811 ἃς
638 2748 736 2818 τὴν
758 2750 1111 2821 ἀναχώρησιν
1159 2754 1506 2822 ἐποιήσαντο,
1548 2755 1703 2819 αὖθις
1737 2757 1795 2809 ἐν
1843 2761 1963 2819 ταῖς

468 2858 488 2889 ‹
533 2842 764 2904 οἰκείαις
793 2843 1117 2912 ἐκκλησίαις
1156 2848 1581 2917 προστάσσομεν
1602 2847 1957 2920 ἀνέρχεσθαι,

468 2951 486 2983 ι
534 2933 737 3004 καὶμὴ
787 2934 881 2987 ἐπὶ
916 2936 1052 2989 πολὺ
1099 2938 1303 3001 ταύτας
1347 2940 1770 3009 ἀπροφασίστως
1796 2956 1962 2996 κατα-

465 3045 484 3075 ι
530 3024 846 3095 λιμπάνειν.
872 3027 936 3081 Et
962 3027 1018 3080 δέ
1052 3046 1137 3092 τις
1164 3029 1241 3099 μὴ
1269 3030 1409 3083 κατὰ
1440 3031 1536 3083 τὸν
1567 3031 1813 3101 παρόντα
1842 3033 1958 3084 δια-

466 3135 486 3167 (
531 3117 754 3186 γένηται
806 3118 1031 3182 κανόνα,
1073 3120 1439 3190 άφοριζέσθω,
1494 3121 1691 3192 μέχρις
1724 3121 1791 3175 ἂν
1823 3123 1960 3192 πρὸς

469 3228 487 3260 ι
532 3209 633 3277 τὴν
657 3211 865 3264 οἰκείαν
915 3211 1216 3282 ἐκκλησίαν
1265 3214 1662 3284 ἐπαναδράμοι.
1721 3213 1794 3268 Τὸ
1827 3215 1958 3269 αὐτὸ
1986 3254 2030 3314 c

462 3320 482 3352 ι
532 3302 589 3353 δέ
630 3301 787 3355 τοῦτο
813 3303 907 3356 καὶ
935 3303 1026 3357 ἐπὶ
1050 3303 1128 3376 τῷ
1160 3307 1445 3376 κατέχοντι
1473 3307 1635 3360 αὑτὸν
1671 3309 1956 3380 ἐπισκόπῳ

464 3413 483 3445 ι
529 3394 786 3461 γινέσθω.
821 3414 841 3447 ι

456 3487 655 3541 ΒΑΔΣ.
685 3488 956 3555 Μεγάλων
976 3489 1427 3567 εἰσὶνργκωμίων
1451 3491 1589 3557 ἄξιοι
1620 3492 1670 3546 οἱ
1694 3492 1952 3564 Πατέρες.

378 3579 496 3645 Τῆς
527 3579 635 3649 γὰρ
659 3580 1126 3651 ἐκκλησιαστικῆς
1176 3582 1432 3647 εὐταξίας
1487 3587 1581 3638 καὶ
1634 3588 1732 3655 τῆς
1788 3587 1956 3656 τιμῆς

379 3667 617 3721 ἑκάστου
658 3670 765 3722 τῶν
798 3670 1115 3724 ἐπισκόπων
1142 3673 1545 3743 φροντίζοντες,
1592 3673 1797 3746 ὥρισαν
1830 3676 1956 3737 τοὺς

377 3762 475 3813 διά
498 3778 655 3824 τινας
680 3762 939 3829 εὐλόγους
976 3764 1156 3831 αίτίας
1187 3766 1629 3833 μεταναστάντας
1659 3766 1956 3838 κληρικοὺς

378 3853 556 3924 χωρὶς
587 3852 924 3923 ἀπολυτικῆς
953 3856 1173 3924 γραφῆς
1199 3855 1307 3909 τῶν
1332 3858 1830 3925 χειροτονησάντων
1857 3858 1955 3912 αὐε-

374 3947 509 4009 τοὺς
535 3947 700 4001 πάλιν
739 3947 973 4016 δραμεῖν
996 3950 1081 4009 εἰς
1100 3949 1194 4000 τὸν
1241 3949 1441 4001 οἰκεῖον
1475 3948 1698 4016 κλῆρον,
1755 3950 1955 4018 παρελ-

384 4040 586 4112 θούσης
617 4042 719 4111 τῆς
742 4042 1119 4112 περιστάσεως
1148 4041 1217 4093 δι’
1242 4044 1306 4113 ἢν
1327 4041 1681 4111 ἀνεχώρησαν
1704 4058 1718 4072 ’
1749 4042 1844 4094 καὶ
1878 4040 1952 4112 μὴ

381 4134 531 4205 ἐχειν
555 4134 643 4187 ἐπ’
677 4135 865 4197 ἀδείας
903 4135 984 4197 εἰς
1030 4135 1225 4203 ἐτέρας
1286 4134 1584 4203 ἐκκλησίας
1623 4133 1955 4205 κατατάττεα-

378 4227 531 4284 σθαι.
564 4227 669 4278 Τὸν
700 4226 757 4278 δέ
818 4224 893 4295 μὴ
932 4216 1256 4293 πειθόμενον
1288 4225 1648 4294 ὑποστρέψαι,
1687 4224 1822 4277 ἀλλά
1859 4225 1954 4277 καὶ

377 4317 545 4370 αὐτὸν
582 4316 674 4369 τὸν
711 4316 1012 4393 κατέχοντα
1040 4314 1231 4367 τοῦτον
1252 4316 1550 4387 ἐπίσκοπον
1572 4312 1950 4383 ἀφορίζεσθαιι

379 4411 541 4465 Εἴποι
571 4410 629 4463 δέ
655 4428 739 4472 τις
764 4409 863 4473 ὡς,
908 4410 955 4460 εἰ
1001 4408 1099 4476 μὲν
1130 4408 1429 4470 ἐπίσκοπος
1474 4407 1717 4459 τοιοῦτόν
1757 4425 1809 4460 τι
1834 4423 1954 4459 ποι-

375 4506 523 4574 ήσει,
554 4502 705 4573 παρὰ
728 4503 823 4554 τοῦ
852 4502 1252 4572 μητροπολίτου
1272 4500 1743 4569 ἀφορισθήσεται·
1776 4500 1953 4553 ὡσαύ-

2084 2006 2338 2074 majorem
2381 2011 2604 2080 gradum
2652 2015 2999 2081 provehatur,
3054 2019 3212 2072 ambo
3268 2022 3429 2074 etiam
3484 2022 3648 2089 tiCDO~

2081 2113 2292 2157 nentur.

2624 2278 2848 2335 CANON
2888 2282 3073 2339 XVIII.

2072 2367 2178 2423 Eos
2212 2369 2300 2437 qui
2335 2369 2631 2427 barbaricae
2663 2374 2985 2428 incursionis
3021 2388 3304 2443 prmtexm,
3336 2380 3416 2433 vel
3459 2381 3644 2449 aliqua

2081 2464 2085 2477 ‘
2148 2481 2167 2513 ι
2203 2462 2305 2516 alio
2325 2466 2479 2517 modo
2503 2474 2719 2547 prepter
2749 2467 2981 2535 aliquam
3009 2469 3472 2524 circumstantium
3509 2476 3640 2527 cmi-

2146 2573 2165 2605 ι
2202 2565 2444 2623 grarunt,
2476 2557 2723 2622 clericos,
2749 2570 3025 2629 postquam
3060 2563 3247 2616 modus
3281 2564 3369 2618 ille
3422 2581 3481 2618 ac
3531 2568 3638 2617 cir-

2143 2663 2161 2697 ι
2190 2646 2509 2701 cumstantia
2543 2648 2789 2711 cessarit,
2823 2648 2907 2704 vel
2944 2650 3239 2706 barbarica:
3286 2654 3647 2727 incursiones,

2142 2755 2161 2788 ι
2196 2746 2416 2806 propter
2436 2753 2571 2806 quas
2592 2751 2951 2805 secesserant,
2989 2745 3257 2797 rursusin
3306 2761 3429 2799 suas
3476 2747 3635 2815 juhc-

2144 2848 2163 2881 ι
2203 2844 2321 2884 mus
2346 2830 2606 2885 ecclesias
2631 2833 2847 2893 reverti,
2881 2847 2978 2887 nec
3004 2850 3097 2888 eas
3140 2836 3227 2889 diu
3276 2838 3477 2906 absque
3525 2839 3629 2890 ulla

2140 2939 2160 2973 ι
2198 2922 2481 2977 occasione
2518 2924 2842 2993 relinquere.
2880 2925 2937 2980 Si
2969 2928 3091 2995 quis
3138 2940 3342 2996 antem,
3405 2946 3507 2983 non
3577 2943 3634 2981 ιιι

2140 3030 2161 3066 ι
2208 3030 2445 3082 praesens
2508 3015 2620 3069 vult
2680 2998 2882 3085 canon,
2965 3018 3217 3083 abfuerit,
3302 3032 3633 3091 segregetur,

2148 3126 2167 3159 ι
2198 3108 2368 3163 donec
2398 3110 2463 3162 ad
2517 3123 2668 3162 suam
2720 3109 3003 3163 ecclesiam
3060 3114 3265 3166 redeat.
3304 3113 3416 3166 lloc
3464 3114 3634 3182 ipsum

2142 3218 2159 3252 ι
2197 3212 2374 3255 autem
2405 3201 2567 3256 etiam
2598 3200 2651 3256 in
2685 3216 2750 3257 eo
2776 3202 2865 3257 flat
2902 3205 3175 3275 episeopo,
3212 3210 3300 3275 qui
3336 3206 3481 3259 illum
3524 3210 3619 3263 ile-

2098 3322 2109 3334 κ
2141 3311 2160 3344 ι
2206 3294 2361 3349 tinet.

2132 3475 2325 3530 BALS.
2368 3474 2573 3545 Magnis
2604 3475 2850 3531 laudibus
2876 3477 3021 3548 digni
3052 3488 3176 3539 sunt
3208 3478 3413 3534 Patres.
3463 3482 3639 3536 Eccle.

2062 3567 2267 3622 siastici
2320 3566 2463 3621 enim
2550 3567 2755 3622 ordinis
2808 3579 2861 3622 et
2914 3569 3335 3641 uniuscujusque
3399 3573 3637 3642 episcopi

2061 3660 2283 3715 honoris
2328 3674 2513 3713 curam
2571 3670 2836 3728 gerentes,
2896 3672 3198 3717 statuerunt
3244 3665 3489 3729 clericos,
3542 3668 3637 3736 qui

2063 3751 2475 3822 propterjustas
2505 3752 2713 3820 aliquas
2773 3770 2837 3809 ac
2887 3757 3192 3822 probabiles
3243 3774 3460 3821 causas,
3519 3760 3636 3813 sino

2062 3858 2247 3897 eorum
2280 3859 2308 3896 a
2352 3844 2545 3913 quibus
2576 3845 2805 3900 ordinati
2840 3846 2996 3916 177
3028 3857 3151 3901 sunt
3184 3848 3501 3904 dimissoriis
3544 3850 3644 3903 lir-t

2065 3936 2214 3996 teris.
2252 3937 2605 4005 emigrarunt,
2630 3938 2694 3990 ad
2727 3952 2881 3991 suum
2912 3939 3115 3993 clerum
3148 3943 3364 4006 reverti,
3392 3956 3515 3995 cum
3542 3941 3648 4009 illa-

2061 4028 2379 4096 prtelerierit
2407 4028 2816 4082 circumstantia
2844 4039 3063 4099 propter
3081 4046 3241 4099 quam
3259 4044 3631 4099 secesserunt;

2061 4135 2159 4174 nec
2209 4121 2286 4178 eis
2321 4121 2484 4177 licere
2534 4123 2591 4175 in
2645 4122 2871 4175 aliarum
2925 4124 3280 4178 ecclesiarum
3321 4126 3626 4189 catalogum

2061 4212 2253 4268 referri
2283 4232 2298 4268 :
2335 4229 2455 4268 eum
2495 4223 2697 4274 autem,
2734 4214 2817 4267 cui
2851 4216 3167 4282 persuaderi
3212 4230 3317 4268 non
3360 4226 3536 4284 potest
3573 4226 3630 4268 ut

2059 4306 2263 4369 redeat,
2299 4306 2595 4376 quinetiam
2626 4313 2678 4360 et
2701 4306 3011 4375 episcopum
3044 4309 3133 4373 qui
3180 4305 3353 4375 ipsum
3407 4308 3630 4366 detinet,

2060 4397 2351 4466 segregari.
2385 4386 2590 4449 Dixerit
2656 4406 2835 4449 autem
2891 4394 3180 4465 quispiam,
3216 4397 3373 4465 {quod
3431 4398 3477 4450 si
3517 4401 3632 4466 epi-

2062 4504 2259 4558 scopus
2285 4489 2502 4558 quidem
2556 4488 2662 4542 tale
2709 4488 2837 4557 quid
2894 4489 3156 4553 l'ecerit,a
3219 4490 3633 4556 metropolitano

373 4612 510 4659 τως,
546 4595 641 4647 καὶ
674 4594 769 4667 ἐάν
806 4594 1209 4665 μητροπολίτης
1249 4593 1640 4664 καταφρονήσῃ
1659 4592 1759 4645 τοῦ
1795 4593 1952 4645 κανό-

2065 4581 2613 4637 excommunicabitur
2640 4599 2653 4633 :
2681 4581 2929 4635 similiter
2971 4590 3027 4636 et
3084 4582 3131 4635 si
3174 4582 3628 4649 metropolitanus

374 4701 494 4747 νος,
534 4684 689 4753 παρὰ
742 4682 839 4736 τοῦ
902 4683 1248 4754 πατριάρχου
1298 4683 1726 4752 κολασθήσεται.
1777 4683 1839 4736 Εἰ
1895 4682 1953 4735 δέ

372 4775 749 4845 αὐτοκέφαλος
804 4776 1235 4846 ἀρχιεπίσκοπος
1300 4774 1333 4845 ἢ
1379 4776 1726 4847 πατριάρχης
1778 4774 1952 4844 χωρὶς

370 4870 473 4923 τοῦ
510 4868 1147 4930 Κωνσταντινουπὸλεως
1205 4861 1381 4935 (οὗτος
1420 4867 1531 4934 γὰρ
1568 4865 1764 4919 ἐλαϐεν
1794 4864 1949 4930 ἐξου-

373 4963 503 5015 σίαν
539 4962 658 5015 οἵαν
683 4961 955 5031 εἴπομεν),
984 4961 1088 5013 ὑπὸ
1110 4958 1206 5012 τοῦ
1229 4960 1452 5023 κανόνος
1478 4958 1783 5023 ἁλίσκεται,
1802 4957 1954 5027 παρὰ

373 5053 524 5115 τίνος
553 5051 1029 5122 ἀφορισθήσεταις
1071 5051 1269 5120 Οίομαι
1318 5044 1413 5104 οὖν
1448 5049 1600 5121 παρὰ
1625 5047 1720 5102 τοῦ
1772 5047 1954 5119 μείζοι

373 5161 475 5215 νος,
494 5145 649 5216 ἀρχιε
660 5145 816 5216 ρὲως.
1306 5156 1313 5157 “

445 5314 688 5370 ΖΩΝΑΡ.
730 5315 887 5380 Τινὲς
920 5315 1172 5386 κληρικοί⁸
1206 5316 1293 5369 διὰ
1343 5315 1649 5385 Βαρϐάρων
1703 5310 1946 5384 ἐφόδους,

372 5406 407 5476 ἢ
439 5407 1196 5479 φορολόγων-άπανθρωπίας,
1237 5408 1270 5479 ἢ
1312 5408 1470 5477 λιμὸν
1520 5410 1652 5470 ἴσως
1692 5410 1761 5479 τῇ
1795 5409 1950 5479 χώρᾳ

373 5499 560 5552 αὐτῶν
596 5501 1004 5571 ἐπισυμϐάντα,
1044 5502 1075 5571 ἢ
1111 5502 1207 5554 καὶ
1240 5498 1311 5553 δι’
1347 5500 1539 5570 ἐτέρας
1561 5503 1745 5562 αἰτίας
1784 5519 1949 5571 μεταςρ

373 5593 732 5656 ναστεύοντες
763 5596 843 5657 εἰς
866 5595 1051 5665 χώρας
1076 5595 1242 5657 ἄλλας
1275 5592 1499 5647 ἀπίασι.
1532 5594 1670 5655 Τοὺς
1713 5589 1808 5648 οὖν
1834 5612 1949 5647 τοι-

376 5684 569 5749 ούτους
611 5685 865 5756 βούλεται
905 5686 934 5738 ὁ
962 5687 1162 5750 κανὼν,
1200 5686 1297 5755 τῆς
1349 5685 1529 5747 αἰτίας
1576 5684 1942 5756 διαλυθείσης,

374 5776 443 5850 δι’
482 5779 549 5849 ἢν
582 5779 919 5848 μετανάσται
950 5782 1057 5831 τῶν
1100 5780 1244 5832 ἰδίων
1292 5777 1550 5851 γεγόνασι
1610 5776 1816 5831 πόλεων
1851 5780 1945 5830 καὶ

383 5870 712 5941 ἐκκλησιῶν,
746 5874 827 5936 εἰς
871 5871 1038 5935 αὑτὰς
1084 5871 1467 5941 ὑποστρέφειν,
1500 5869 1593 5922 καὶ
1650 5871 1723 5940 μὴ
1754 5870 1945 5941 ἐπιμέ-

2058 4690 2317 4730 cauonem
2351 4674 2752 4743 contempserit,
2813 4688 2842 4726 a
2892 4673 3202 4743 patriarcha
3264 4676 3533 4744 punietur.
3572 4678 3637 4731 Si-

2056 4780 2233 4823 autem
2268 4767 2732 4835 archiepiscopus,
2759 4766 2849 4833 qui
2875 4776 2959 4821 est
2990 4767 3193 4833 primas
3223 4775 3278 4821 et
3311 4777 3493 4834 caput,
3540 4770 3633 4821 vci-

2056 4860 2603 4927 patriarcha,pra:ter
2646 4860 3298 4928 Constantinopolitanum
3359 4863 3427 4930 (is
3484 4864 3636 4915 enim

2046 4950 2219 5005 'habet
2250 4948 2368 5004 eam
2404 4967 2563 5019 quam
2608 4951 2846 5006 diximus
2899 4951 3229 5023 facultatem)
3269 4956 3408 5019 quod
3470 4969 3630 5007 cano-

2056 5059 2176 5097 uem
2212 5052 2582 5111 transgressus
2606 5044 2708 5109 .sit,
2753 5044 3131 5111 convincatur,
3183 5062 3210 5099 a
3256 5061 3363 5115 quo
3408 5062 3627 5102 excom-

2056 5120 2421 5190 municabitur
2445 5135 2468 5188 ?
2495 5135 2759 5189 Existimo
2787 5150 2935 5202 ergo,
2978 5138 3118 5206 quod
3169 5152 3199 5191 a
3249 5139 3458 5206 majore
3498 5154 3625 5208 pon-

2053 5228 2216 5283 titicc.
3534 5232 3537 5237 l

2124 5319 2378 5375 ZONAR.
2410 5320 2509 5379 \iel
2540 5321 2936 5376 incursionibus
2958 5319 3343 5385 Barbarorum,
3368 5320 3448 5374 vel
3473 5336 3626 5374 acer-

2051 5410 2218 5465 bitate
2242 5410 2455 5463 illorum
2488 5411 2577 5479 qui
2617 5411 2818 5465 tributa
2846 5411 3094 5479 exigunt,
3119 5411 3203 5465 vel
3232 5411 3459 5465 fortasse
3476 5410 3622 5466 fame

2051 5502 2326 5571 regionem
2355 5512 2677 5568 occupante,
2710 5504 2792 5557 vel
2822 5505 2891 5557 ob
2926 5504 3061 5557 alias
3104 5502 3365 5572 ejusmodi
3428 5519 3620 5559 causas

2051 5594 2339 5665 aliquando
2372 5594 2552 5658 fiebat,
2587 5604 2646 5648 ut
2702 5597 2753 5650 in
2815 5595 3019 5650 alienas
3079 5607 3269 5662 terras,
3322 5598 3619 5650 domestica

2050 5691 2176 5745 sedc
2225 5688 2433 5753 relicta,-
2485 5689 2718 5756 migrare
2766 5688 2949 5743 clerici
2996 5689 3213 5757 quidam
3268 5699 3611 5756 cogerentur.

2049 5778 2153 5832 Eos
2183 5779 2366 5848 igitur,
2401 5779 2485 5833 ubi
2520 5781 2748 5845 primum
2797 5793 2956 5831 causa
3014 5777 3122 5842 illa,
3188 5787 3405 5846 propter
3451 5794 3611 5847 quam

2051 5886 2168 5926 sesc
2200 5872 2267 5926 ab
2294 5870 2513 5925 urbibus
2547 5870 2893 5939 ccclesiisque
2921 5869 3030 5924 suis
3061 5870 3374 5940 alijunxerc,
3402 5873 3611 5927 sublata
