4074 6466
351 384 457 447 5'75

1597 385 1876 449 THEOD.
1913 382 2004 442 BA
2014 382 2320 449 [ΒΑΜοΝ

3493 386 3596 449 576

356 504 540 567 fuerit,
573 501 638 556 ad
666 515 758 555 eas
813 501 1034 564 reverti,
1093 516 1266 572 neque
1331 503 1531 556 diutius
1592 502 1644 555 in
1699 509 1921 555 externa

2041 516 2138 553 ρειν
2161 503 2226 572 τῇ
2267 499 2442 572 χώρᾳ,
2496 496 2530 577 ᾖ
2583 499 3034 573 προσεληλύθασι,
3085 499 3186 570 τῆς
3243 498 3596 571 προφάσεως,

356 597 577 666 regione
606 596 672 649 ad
716 609 878 663 quam
942 605 1307 660 accesserunt,
1360 605 1638 662 prwtextu.
1680 601 1933 648 cessante
1980 593 1984 598 “

360 684 695 756 peregrinari
727 698 896 764 canon
924 684 1098 752 jubet.
1139 685 1384 739 Clericos
1431 695 1632 748 autem,
1679 685 1768 752 qui
1823 698 1930 737 non

361 764 606 839 redeunt,
641 785 698 827 ut
727 775 987 830 ecclesias
1011 776 1065 830 in
1102 776 1297 846 quibus
1325 775 1560 829 ordinati
1608 784 1758 840 sunt,
1811 775 1933 829 sine

361 885 526 923 causa
601 866 990 938 relinquentes,
1053 878 1108 922 et
1171 869 1292 920 aliis
1360 879 1615 924 vacantes
1659 867 1979 938 segregari‘

355 961 527 1028 jubet,
564 976 734 1031 usque
762 963 887 1014 dum
922 960 986 1014 ad
1016 960 1325 1024 ecclesiam,
1358 978 1388 1016 e
1417 978 1521 1032 qua
1568 960 1928 1030 emigrabant,

362 1063 747 1108 revertantur:
785 1055 957 1122 ipsum
986 1068 1148 1122 porro
1179 1055 1491 1124 episcopum
1537 1055 1627 1124 qui
1688 1069 1782 1108 eos
1839 1053 1935 1108 ad-

359 1146 509 1200 misit
539 1156 591 1200 et
623 1146 846 1212 detinet,
887 1148 1250 1219 segregationi
1281 1146 1525 1215 subjicit,
1563 1147 1801 1217 quandiu
1838 1162 1933 1204 eos

362 1241 588 1295 detinet.

359 1373 590 1430 ARIST.
658 1393 678 1426 ι
728 1375 830 1442 Qui
895 1375 1228 1432 barbaricam
1278 1378 1497 1448 prdpter
1566 1377 1931 1434 incursionem

441 1489 459 1520 σ
520 1469 804 1534 emigravit
849 1479 1098 1524 cessante
1148 1470 1476 1535 incursione,
1531 1455 1932 1538 ad,eccleSiam

361 1597 364 1602 -
438 1579 457 1611 ‹
523 1561 578 1613 in
632 1562 785 1629 cujus
849 1561 1052 1615 clerum
1113 1572 1396 1630 cooptatus
1442 1571 1525 1616 est
1608 1574 1930 1634 revertatur.

443 1670 461 1703 ι
527 1651 621 1706 Sin
657 1654 857 1717 minus,
890 1669 993 1707 una
1037 1651 1278 1716 cum'eo,
1338 1654 1403 1708 ad
1470 1671 1628 1725 quem
1679 1655 1930 1721 accessit,

437 1760 456 1794 ι
518 1753 848 1812 segregatur.
895 1761 912 1795 ι

432 1873 693 1938 Clericus,
747 1877 836 1943 qui
885 1875 1002 1929 sine
1053 1891 1214 1930 causa
1267 1877 1448 1946 aliqua
1517 1879 1820 1936 necessaria
1865 1884 1933 1940 ab

361 1965 589 2020 ecclesia
628 1966 679 2018 in
718 1980 817 2034 qua
848 1967 898 2018 iu
923 1968 1124 2022 clerum
1151 1979 1432 2038 cooptatus
1463 1969 1585 2036 fuit,
1621 1976 1842 2035 recedit,
1878 1984 1933 2030 et

364 2056 522 2108 aliam
562 2057 672 2109 adit
702 2058 1008 2122 ecclesiam,
1053 2069 1106 2112 et
1165 2060 1232 2116 ab
1273 2062 1526 2132 episcopo
1571 2066 1660 2133 qui
1725 2065 1796 2120 ibi
1849 2075 1933 2122 est

364 2148 687 2214 admittitur,
715 2161 768 2202 et
799 2151 936 2205 inter
961 2151 1191 2214 clericos
1225 2153 1343 2222 ejus
1392 2166 1728 2222 recensetur,
1765 2160 1933 2227 depo-

370 2241 541 2304 nitur,
577 2256 683 2295 una
714 2257 833 2296 cum
865 2258 930 2298 eo
964 2244 1057 2315 qui
1084 2261 1206 2301 eum
1230 2247 1448 2304 admisit
1477 2256 1534 2302 ut
1579 2264 1750 2304 canon
1787 2250 1932 2306 deci-

368 2347 484 2386 Inus
514 2333 778 2403 septimus
809 2345 933 2391 ante
963 2337 1199 2406 scriptus
1220 2339 1482 2397 decernit.
1517 2339 1616 2407 Qui
1645 2353 1841 2398 autenr
1865 2344 1937 2399 ob

366 2420 722 2478 Barbarorum
754 2425 1116 2482 incursionem
1143 2438 1237 2483 aut
1271 2431 1431 2484 aliam
1465 2432 1930 2486 circumstantiam

365 2527 654 2567 causamve
676 2513 881 2584 justam
915 2517 1142 2573 ecclesia
1169 2535 1265 2574 sua
1297 2521 1527 2590 emigrat
1569 2522 1822 2590 clericus,
1865 2525 1934 2590 si,

367 2621 528 2659 causa
560 2606 644 2680 illa
671 2609 739 2661 ob
763 2623 921 2676 quam
958 2611 1213 2680 migravit
1235 2625 1506 2678 cessante,
1535 2613 1620 2670 ad
1645 2617 1934 2673 ecclesiam

371 2714 546 2764 suam,
583 2700 633 2752 in
663 2715 766 2769 qua
799 2703 852 2755 in
889 2702 1094 2758 clerum
1150 2715 1431 2778 cooptatus
1481 2708 1604 2774 fuit,
1664 2726 1768 2764 non
1825 2713 1940 2768 vult

373 2789 571 2854 redire,
607 2802 938 2864 segregatur,
973 2811 1074 2850 una
1103 2812 1224 2852 cum
1252 2799 1501 2868 episcopo
1530 2818 1618 2872 qut
1651 2817 1772 2858 eum
1809 2807 1937 2860 reti-'-

372 2893 484 2945 uel,
511 2899 679 2951 usque
709 2887 833 2940 dum
883 2887 949 2942 ad
998 2904 1116 2943 eam
1173 2902 1439 2949 recurrat.
1495 2893 1670 2949 Causa
1733 2906 1932 2964 autem,

373 2985 592 3042 propter
621 2994 779 3045 quam
809 2979 897 3034 hic
949 2981 1168 3051 quidem
1231 2981 1701 3055 segregatur,'ille
1756 3000 1934 3045 autem

372 3068 674 3135 deponitur,
703 3072 845 3140 justa
883 3082 983 3129 est.
1012 3074 1119 3131 Nec
1145 3079 1290 3131 enim
1339 3089 1395 3132 ut
1428 3081 1536 3144 ille,
1595 3083 1673 3137 sic
1712 3083 1821 3148 hic,
1867 3085 1933 3140 ab

2037 592 2443 664 παρελθούσης’
2474 595 2602 658 τοὺς
2638 594 2695 646 δὲ
2727 591 2802 662 μή
2831 591 3150 654 ἐπανιόντας
3187 591 3502 660 κληρικοὺς,
3524 590 3604 654 ὡς

2033 685 2458 755 ἀπροφασίστως
2485 687 2585 750 τὰς
2622 685 2914 756 ἐκκλησίας
2969 684 3507 754 καταλιμπάνοντας,
3541 683 3601 736 ἐν

2034 770 2123 838 αἷς
2151 775 2584 848 κατετάχθησαν,
2620 777 2716 830 καὶ
2747 776 2959 847 ἑτέραις
2993 775 3375 847 σχολάζοντας,
3405 774 3605 843 ἀφορί-

2034 870 2221 934 ζεσθαι
2260 872 2490 936 κελεύει,
2532 873 2638 935 ἕως
2684 871 2750 925 ἂν
2813 871 3151 925 ἐπανέλθωσι
3193 871 3328 942 πρὸς
3366 870 3466 940 τὴν
3505 872 3602 924 ἐκ-

2033 964 2265 1035 κλησίαν
2311 965 2371 1030 ἐξ
2399 961 2466 1036 ἧς
2499 963 2864 1035 ὑπεχώρησαν
2885 980 2900 995 ⁸
2946 964 3042 1038 καὶ
3078 963 3171 1017 τὸν
3215 963 3516 1016 ἐπίσκοπον
3544 955 3608 1014 δὲ’

2033 1045 2132 1109 τὸν
2171 1057 2466 1127 δεξάμενον
2531 1058 2626 1111 καὶ
2684 1058 2985 1127 κατέχοντα
3049 1055 3250 1119 αὐτοὺς
3304 1052 3600 1126 ἀφορισμῷ

2035 1149 2347 1222 ὑποτίθησι,
2391 1151 2586 1222 μέχρις
2625 1149 2693 1206 ἂν
2716 1150 2924 1221 κατέχῃ
2956 1147 3179 1212 αὐτούς.

2036 1377 2254 1432 ΑΡΙΣΤ.
2302 1394 2321 1427 ι
2368 1375 2427 1430 '0
2463 1375 2550 1430 διὰ
2596 1375 2942 1448 βαρϐαρικὴν
3006 1376 3309 1448 ἐπιδρομὴν
3350 1377 3604 1447 μετανά-

2108 1487 2129 1522 ι
2177 1486 2330 1538 στης,
2354 1469 2712 1538 παυσαμένης
2734 1469 2834 1538 τῆς
2859 1469 3182 1540 ἐπιδρομῆς,
3211 1469 3602 1523 παλινοστείτω

2109 1556 2130 1612 ἆ
2175 1561 2312 1631 πρὸς
2341 1559 2442 1632 τὴν
2473 1560 2773 1632 ἐκκλησίαν
2897 1561 3248 1631 κεκλήρωται
3273 1576 3288 1591 ’
3326 1562 3457 1616 εἰδὲ
3501 1561 3603 1632 μὴ.

2109 1669 2128 1703 ι
2179 1653 2318 1722 μετὰ
2350 1650 2444 1705 τοῦ
2487 1652 2914 1722 προσειληφότος
2943 1652 3294 1724 ἀφορίζεται.
3330 1670 3352 1705 ι

2117 1867 2176 1920 '0
2210 1867 2308 1938 μὲν
2337 1867 2412 1939 μὴ
2437 1867 2525 1921 διά
2557 1885 2680 1922 τινα
2719 1867 3041 1939 περίστασιν
3085 1867 3447 1938 ἀναχωρήσας
3472 1867 3607 1939 κλητ-

2041 1960 2192 2030 ρικδς
2218 1961 2317 2030 τῆς
2349 1960 2648 2031 ἐκκλησίας
2686 1955 2720 2032 ᾗ
2751 1959 3062 2031 ἐκληρώθη,
3099 1961 3193 2014 καὶ
3233 1961 3369 2031 πρὸς
3407 1961 3606 2033 ἑτέραν

2037 2052 2290 2106 ἀπελθὼν
2315 2053 2640 2123 ἐκκλησίαν,
2675 2053 2769 2107 καὶ
2815 2052 2965 2123 παρά
3015 2052 3110 2106 τοῦ
3161 2054 3342 2122 ἐκεῖσε
3381 2055 3605 2106 ἐπισκό-

2039 2164 2142 2198 που
2169 2145 2539 2216 προσδεχθεὶς,
2565 2145 2659 2199 καὶ
2687 2146 2799 2209 τοῖς
2821 2145 3102 2215 κληρικοῖς
3127 2143 3293 2198 αὖτοῦ
3327 2163 3609 2214 συγκαταρ-

2038 2237 2241 2305 λεγείς,
2300 2236 2643 2306 καθαιρεῖται
2689 2237 2786 2290 σὺν
2841 2235 2918 2306 τῷ
2958 2235 3382 2316 προσδεξαμένῳ
3416 2236 3602 2300 αὑτὸν,

2041 2331 2224 2395 καθὼς
2249 2334 2276 2386 ό
2308 2332 2650 2402 προγραφεὶς
2690 2331 3155 2394 ἑπτακαιδέκατος
3181 2323 3353 2402 ὁρίζει
3398 2330 3604 2388 κανών.

2049 2425 2108 2478 '0
2137 2424 2194 2479 δέ
2228 2423 2298 2478 δι’
2323 2424 2625 2494 ἐπιδρομήν
2663 2424 2965 2494 Βαρϐάρων
2999 2422 3031 2494 ἢ
3078 2421 3401 2493 περίστασιν
3433 2421 3603 2492 ἀλλην

2043 2516 2386 2589 μετανάστης
2421 2517 2524 2585 τῆς
2563 2517 2699 2580 ἰδίας
2739 2517 3038 2586 ἐκκλησίας
3082 2516 3375 2585 γενόμενος
3415 2515 3607 2583 κληρι-

2041 2611 2160 2676 κὸς,
2195 2610 2312 2675 ἐὰν,
2338 2609 2431 2663 τοῦ
2459 2609 2631 2663 αἰτίου
2661 2609 2730 2664 δι’
2759 2609 2788 2661 ὃ
2811 2610 3171 2680 ὑπεχώρησεν
3196 2607 3602 2678 ἐπιλείψαντος,

2039 2705 2100 2758 οὐ
2125 2705 2342 2772 θελήσει
2366 2704 2528 2757 πάλιν
2546 2702 2862 2757 ἐπανελθεῖν
2879 2704 2961 2766 εἰς
2991 2702 3089 2772 τὴν
3115 2702 3415 2772 ἐκκλησίαν
3437 2699 3601 2754 αὐτοῦ

2039 2797 2098 2849 ἐν
2194 2795 2503 2867 ἐκληρώθη,
2533 2793 2852 2862 ἀφορίζεται
2887 2796 2984 2848 σὺν
3013 2793 3090 2864 τῷ
3123 2793 3407 2862 κατέχοντι
3441 2789 3607 2844 αὐτὸν

2040 2888 2346 2958 ἐπισκόπῳ,
2386 2887 2583 2958 μέχρις
2617 2886 2684 2941 ἂν
2737 2885 2874 2956 πρὸς
2896 2884 3064 2956 αὐτὴν
3115 2882 3499 2955 ἐπαναδράμῃ.
3542 2880 3609 2932 Ἦ

2039 2980 2099 3033 δὲ
2132 2981 2302 3044 αἰτία,
2345 2980 2414 3035 δι’
2438 2980 2507 3052 ήν
2563 2981 2663 3049 μέν
2701 2973 2858 3042 οὗτος
2912 2976 3253 3048 ἀφορίζεται,
3289 2977 3503 3038 ἐκεῖνος
3551 2973 3611 3026 δέ

2043 3074 2409 3144 καθαιρεῖται,
2456 3072 2680 3140 εὔλογος
2707 3088 2724 3105 ο
2772 3071 2894 3125 οὑδέ
2941 3069 3074 3140 γάρ,
3125 3068 3201 3132 ὡς
3245 3069 3474 3130 ἐκεῖνος,
3514 3067 3611 3120 καὶ

375 3157 530 3215 initio
568 3163 688 3215 sine
719 3163 864 3231 justa
891 3181 1052 3222 causa
1073 3171 1326 3230 recessit.
1365 3170 1808 3244 Quandoquidem
1839 3174 1928 3230 ille

2042 3160 2198 3228 οὗτος
2231 3165 2290 3230 ἐξ
2337 3165 2515 3235 ἀρχῆς
2553 3162 2910 3232 ὑπεχώρησεν
2949 3162 3079 3216 ἄνευ
3134 3159 3359 3228 εὐλόγου
3403 3157 3610 3218 αἰτίας.

375 3264 518 3314 eum,
555 3253 643 3321 qui
684 3255 1078 3314 ordinationem
1106 3261 1206 3330 ipsi
1249 3261 1521 3326 imposuit,
1571 3276 1829 3336 quantum
1880 3269 1935 3323 in

375 3356 441 3488 :0
467 3341 588 3407 fuit,
621 3347 810 3415 injuria
839 3359 892 3404 et
913 3355 1108 3420 probro
1138 3370 1244 3409 non
1275 3355 1449 3412 aﬂ'ecit
1496 3361 1589 3412 sed
1635 3363 1939 3417 necessario

417 3447 483 3488 oc
510 3433 658 3488 fecit.

365 3433 483 3492 .hoc
510 3433 658 3492 fecit.

959 3576 1186 3636 CANON
1212 3581 1352 3639 XIX.

381 3719 403 3754 ι
447 3703 598 3770 Quod
623 3719 834 3776 oportet
859 3728 951 3768 eos
987 3717 1078 3784 qui
1109 3733 1347 3787 praesunt
1374 3724 1639 3792 ecclesiis,
1673 3727 1725 3781 in
1770 3729 1946 3784 omni-

453 3814 474 3846 ι
509 3796 609 3852 bus
635 3801 850 3867 quidem
897 3805 1108 3874 diebus,
1162 3813 1255 3868 sed
1313 3830 1580 3884 principue
1630 3817 1944 3890 Dominicis,

450 3906 470 3940 ι
501 3904 714 3947 omnem
741 3894 944 3950 clerum
975 3909 1030 3953 et
1073 3904 1329 3970 populum
1380 3907 1579 3963 docere
1623 3911 1838 3980 pietatis
1891 3924 1945 3973 et

448 3995 472 4030 ι
509 3991 669 4036 rectae
721 3984 996 4053 religionis
1038 3989 1274 4060 eloquia,
1325 4009 1388 4049 ex
1444 3997 1622 4054 divina
1667 4001 1941 4071 Scriptura

453 4087 474 4120 ‹
505 4071 815 4142 colligentes
838 4075 1223 4146 intelligentias
1267 4094 1320 4137 et
1354 4085 1557 4154 judicia
1593 4090 1853 4157 veritatis,
1891 4103 1946 4150 et

450 4175 473 4212 ι
506 4175 610 4216 non
639 4168 1086 4235 transgredientis
1109 4170 1221 4239 jam
1271 4176 1474 4242 positos
1523 4181 1803 4250 terminos,
1848 4186 1948 4240 vel

453 4267 473 4302 ι
501 4251 807 4309 divinorum
836 4254 1056 4311 Patrum
1107 4262 1492 4320 traditionem:
1556 4270 1648 4322 sed
1680 4279 1735 4324 et.
1786 4271 1831 4326 si
1879 4273 1946 4329 ad

455 4365 474 4398 ι
515 4347 853 4416 Scripturam
889 4355 1166 4421 pertinens
1190 4362 1560 4416 controversia
1586 4363 1765 4434 aliqua
1793 4358 1944 4423 exciJ

453 4458 474 4490 ‹
512 4451 617 4493 tata
649 4441 828 4510 fuerit,
859 4460 925 4499 ne
960 4462 1078 4503 eam
1105 4450 1279 4518 aliter_
1295 4453 1743 4523 interpretentur,
1785 4439 1943 4528 quam

416 4570 421 4578 .
456 4545 476 4578 ‹
521 4538 578 4582 ut
607 4529 862 4586 Ecclesia:
889 4533 1176 4592 luminaria
1207 4549 1261 4594 et
1289 4545 1538 4599 doctores
1585 4547 1701 4601 suis
1732 4549 1946 4617 scriptis

455 4641 475 4672 α
506 4626 907 4692 exposuerunt;
935 4639 990 4682 et
1025 4631 1279 4697 majorem
1308 4651 1374 4691 ex
1423 4638 1486 4691 iis
1535 4639 1746 4694 laudem
1794 4657 1947 4697 asse-

457 4733 476 4764 ι
515 4726 768 4783 quantur,
792 4734 949 4786 quam
974 4721 1020 4776 si
1095 4727 1338 4795 proprios
1407 4745 1682 4784 sermones
1722 4746 1947 4804 compo-

454 4823 475 4856 ι
509 4816 658 4870 nant,
725 4825 793 4864 ne
818 4810 942 4866 dum
990 4817 1310 4888 quandoque
1333 4821 1468 4874 adid
1511 4823 1777 4889 haesitant,
1800 4827 1949 4883 abeo

457 4916 476 4950 ι
510 4898 651 4965 quod
699 4906 989 4972 convenit,
1029 4909 1302 4965 excidant.
1355 4909 1456 4966 Per
1506 4915 1770 4971 dictorum
1805 4922 1946 4975 enim

459 5008 477 5038 ι
517 4989 736 5044 Patrum
770 4994 1094 5066 doctrinam,
1116 5002 1326 5071 populi,
1349 5004 1416 5059 ad
1439 5021 1624 5062 eorum
1663 5024 1782 5078 qua:
1819 5023 1945 5068 sunt

459 5097 480 5131 ι
523 5083 659 5135 bona
693 5093 748 5138 et
786 5093 1105 5156 expetenda,
1150 5101 1206 5147 et
1243 5094 1453 5150 inutilia
1509 5113 1571 5153 ac
1626 5101 1941 5171 rejicienda,

459 5191 479 5224 ι
521 5176 882 5245 cognitionem
913 5183 1206 5247 venientes,
1241 5186 1401 5240 vitam
1428 5189 1481 5243 in
1514 5191 1707 5248 melius
1731 5210 1947 5263 compo-

461 5284 481 5316 ι
512 5277 664 5332 nunt,
701 5284 801 5324 nec
828 5271 1144 5340 ignorantiae
1176 5277 1338 5348 178
1371 5281 1482 5336 vitii
1525 5285 1944 5354 convincuntur,

359 5429 366 5440 .
460 5375 480 5410 ‹
511 5359 606 5412 sed
635 5357 896 5415 doctrina:
928 5375 1160 5421 mentem
1214 5369 1557 5440 adhibentes,
1614 5377 1822 5448 seipsos
1881 5379 1949 5432 ad

461 5467 484 5505 ι
519 5449 596 5519 id,
621 5467 691 5509 ne
722 5453 848 5509 mali
874 5458 1000 5525 quid
1033 5459 1113 5514 eis
1151 5463 1380 5530 accidat,
1430 5469 1690 5538 excitant,
1743 5483 1798 5528 et
1845 5472 1950 5527 im-

2048 3258 2160 3310 Καὶ
2201 3257 2326 3309 ὅσον
2360 3259 2420 3309 τὸ
2460 3255 2547 3308 ἐπ’
2589 3254 2738 3323 αὐτῷ
2785 3253 2877 3306 τὸν
2937 3253 3037 3323 τήν
3088 3251 3424 3322 χειροτονίαν
3461 3247 3613 3317 αὐτῷ

2044 3348 2422 3403 ἐπιτεθεικότα
2450 3349 2512 3401 οὐ
2552 3347 2877 3420 περιύϐρισε
2932 3345 3029 3400 καὶ
3067 3345 3430 3442 κατῄσχυνεν,
3473 3342 3612 3396 ἀλλὰ

2043 3442 2113 3497 δι’
2144 3443 2396 3514 ἀνάγκην
2422 3439 2580 3494 τοῦτο
2610 3441 2902 3510 πεποίηκε.

2641 3577 2880 3632 ΚΑΝΩΝ
2912 3577 3014 3633 ΙΘ’.

2053 3733 2074 3768 ι
2119 3715 2243 3769 Ὅτι
2277 3715 2359 3767 δεῖ
2389 3712 2516 3776 τοὺς
2537 3712 2643 3767 τῶν
2678 3710 2983 3782 ἐκκλησιῶν
3005 3709 3352 3780 προεστῶτας
3375 3709 3434 3762 ἐν
3463 3707 3620 3780 ’πάσῃ1

2124 3822 2164 3857 ι.
2192 3806 2290 3878 μὲν
2348 3805 2556 3876 ἡμέρα,
2623 3803 2918 3873 ἐξαιρέτως
2989 3801 3046 3854 δέ
3106 3804 3226 3864 ταῖς
3283 3802 3614 3868 Κυριακαῖς,

2125 3920 2144 3953 ι
2194 3901 2369 3955 πάντα
2403 3899 2495 3953 τὸν
2519 3898 2721 3970 κλῆρον
2745 3897 2841 3952 καὶ
2870 3898 2961 3951 τὸν
2987 3894 3114 3949 λαὸν
3131 3895 3469 3949 ἐκδιδάσκειν
3491 3894 3619 3954 τοὺς

2123 4013 2144 4046 ι
2189 3993 2288 4063 τῆς
2326 3991 2612 4056 εὐσεϐείας
2669 3991 2882 4058 λόγους,
2941 3991 3006 4042 ἐκ
3060 3988 3161 4056 τῆς
3203 3986 3354 4048 θείας
3390 3985 3616 4056 Γραφῆς

2123 4105 2142 4138 ι
2191 4083 2626 4154 ἀναλεγομένους
2643 4083 2710 4136 τὰ
2733 4084 2832 4152 τῆς
2861 4081 3118 4150 ἀληθείας
3146 4079 3396 4156 νοήματά
3429 4095 3492 4130 τε
3521 4078 3617 4130 καὶ

2122 4196 2141 4230 ι
2191 4179 2455 4249 κρίματα,
2498 4176 2594 4232 καὶ
2623 4175 2696 4246 μὴ
2732 4174 3173 4244 παραϐαίνοντας
3225 4174 3348 4235 τοὺς
3378 4171 3478 4242 ἤδη
3527 4187 3620 4222 τε-

2127 4287 2146 4320 σ
2191 4269 2382 4330 θέντας
2412 4268 2571 4338 ὄρους
2600 4267 2632 4336 ἦ
2667 4267 2764 4335 τὴν
2792 4266 2856 4318 ἐκ
2888 4265 2999 4319 τῶν
3044 4263 3322 4335 θεοφόρων
3353 4264 3617 4332 Πατέρων

2125 4381 2144 4414 ι
2191 4362 2489 4432 παράδοσιν
2516 4376 2530 4391 ’
2559 4359 2698 4415 ἀλλὰ
2727 4359 2818 4413 καὶ
2845 4361 2894 4412 εἰ
2942 4359 3212 4428 γραφικὸς
3261 4355 3616 4425 ἀνακινηθείη

2129 4472 2149 4505 ι
2194 4453 2375 4520 λόγος,
2435 4452 2508 4522 μὴ
2542 4451 2720 4514 ἄλλως
2765 4451 2955 4504 τοῦτον
2994 4448 3446 4520 ἐρμηνευὲτωσαν
3476 4447 3508 4516 ἢ
3543 4447 3616 4508 ὡς

2130 4566 2149 4600 ι
2193 4547 2260 4600 ἂν
2291 4546 2340 4598 οἱ
2375 4547 2471 4614 τῆς
2523 4544 2851 4612 Ἐκκλησίας
2883 4541 3173 4612 φωστῆρες
3230 4543 3323 4593 καὶ
3356 4540 3617 4603 διδάσκα-

2125 4658 2144 4690 ι
2191 4639 2272 4692 λοι
2306 4637 2393 4690 διὰ
2426 4637 2535 4689 τῶν
2561 4637 2780 4688 οἰκείων
2816 4633 3268 4703 συγγραμμάτων
3290 4632 3616 4702 παρέθεντο·

2127 4749 2145 4782 ι
2193 4729 2288 4783 καὶ
2332 4727 2532 4797 μᾶλλον
2553 4729 2611 4781 ἐν
2634 4727 2844 4789 τούτοις
2874 4725 3339 4793 εὐδοκιμεετωσαν
3365 4723 3397 4794 ἢ
3427 4724 3618 4790 λόγους

2083 4813 2102 4822 κ
2125 4842 2144 4874 ι
2189 4821 2420 4884 οἰκείους
2457 4820 2870 4884 συντάττοντες,
2901 4817 2989 4870 ἵνα
3023 4817 3099 4886 μὴ
3150 4816 3298 4868 ἐστιν
3332 4816 3421 4868 ὅτε
3479 4815 3619 4884 πρὸς

2123 4935 2142 4970 ι
2189 4890 2345 4970 τοῦτο
2370 4907 2592 4984 ἀπόρως
2622 4913 2838 4982 ἔχοντες
2879 4910 3246 4963 ἀποπίπτοιεν
3277 4906 3372 4960 τοῦ
3413 4908 3622 4976 προσή-

2125 5027 2145 5060 ‹
2191 5023 2399 5066 κοντος.
2433 5005 2535 5058 Διά
2570 5003 2676 5074 γὰρ
2711 5004 2808 5073 τῆς
2844 5003 2955 5055 τῶν
3010 5001 3324 5071 εἰρημένων
3354 4999 3616 5066 Πατέρων

2127 5118 2146 5152 ι
2194 5098 2545 5172 διδασκαλίας
2573 5098 2622 5150 οἰ
2652 5097 2793 5159 λαοὶ,
2819 5097 2877 5148 ἐν
2901 5093 3097 5163 γνώσει
3119 5093 3396 5162 γινόμενοι
3421 5091 3528 5144 τῶν
3554 5105 3618 5142 τε

2132 5213 2150 5246 ι
2197 5193 2505 5247 σπουδαίων
2553 5190 2646 5244 καὶ
2703 5185 2937 5259 αἱρετῶν
2990 5187 3083 5238 καὶ
3122 5185 3231 5238 τῶν
3281 5183 3619 5253 ἀσυμφόρων

2129 5308 2148 5341 ι
2195 5288 2289 5342 καὶ
2307 5285 2650 5356 ἀποϐλήτων,
2681 5282 2772 5335 τὸν
2801 5280 2918 5352 βίον
2948 5268 3456 5350 μεταρρυθμίζουσι
3481 5273 3620 5343 πρὸς

2131 5401 2150 5433 ί
2194 5378 2520 5448 τδβέλτιον,
2556 5373 2750 5443 καὶτῷ
2776 5372 2873 5441 τῆς
2903 5369 3124 5439 ἀγνοίας
3169 5369 3269 5439 οὐχ
3305 5367 3619 5420 ἁλίσκονται

2132 5491 2153 5524 ‹
2200 5473 2389 5539 πάθει,
2425 5467 2561 5523 ἀλλά
2612 5463 2982 5536 προσήκοντες
3009 5462 3076 5530 τῇ
3127 5457 3447 5528 διδασκαλίᾳ
3479 5455 3618 5526 (80),

1608 5676 1805 5739 Guill.
1847 5675 2177 5757 Beveregii
2214 5682 2402 5738 uotae.

466 5792 577 5873 (§0_)
621 5793 797 5873 Ἀλειᾲ
862 5795 1278 5866 προσήκοντες
1337 5798 1411 5868 τῇ
1464 5799 1848 5871 διδασκαλίᾳ.
1921 5802 1938 5857 1

2041 5805 2230 5860 endum
2295 5802 2447 5873 juxta
2513 5815 2616 5854 ms.
2679 5797 3200 5864 Amerbachianum,
3267 5800 3624 5870 προσέχοντες

395 5868 463 5936 τῇ
492 5864 829 5934 διδασκαλίᾳ.
