4074 6378
368 272 471 338 ἒ77

445 498 463 530 ι
512 498 615 544 σιν,
671 483 763 535 καὶ
818 482 969 552 φόϐῳ
1023 484 1133 536 τῶν
1206 486 1605 554 ἐπηρτημένων
1656 488 1937 557 τιμωριῶν

450 590 469 622 ι
517 573 615 643 τὴν
644 575 916 645 σωτηρίαν
959 577 1173 639 ἑαυτοῖς
1197 576 1579 645 ἐξεργάζονται
1602 579 1734 649 (81).
1770 599 1787 631 ι

444 665 639 718 ΒΔΛΣ.
682 667 1007 721 Διδάσκαλοι
1051 667 1160 720 τῶν
1211 669 1520 739 ἐκκλησιῶν
1549 672 1597 722 oi
1649 672 1937 727 ἐπίσκοποι

368 757 772 810 καθίστανται·
807 762 903 813 καὶ
952 759 1043 813 διὰ
1077 760 1240 814 τοῦτό
1286 777 1449 831 φησιν
1486 762 1514 813 ὁ
1564 762 1745 816 κανὼν
1788 764 1937 834 ἐχειν

361 850 589 911 τούτους
630 852 810 903 πᾶσαν
858 852 1105 921 ἀνάγκην
1145 853 1243 905 καὶ
1276 853 1363 906 ἀεὶ
1411 852 1509 921 μὲν
1547 853 1815 906 διδάσκειν
1844 854 1937 909 τὸν

366 942 458 993 ὑπ’
490 942 685 996 αὐτοὺς
725 941 872 1002 λαδν,
905 942 1082 1013 πολλῷ
1108 944 1165 997 δὲ
1199 944 1399 1014 μᾶλλον
1422 945 1480 996 ἐν
1509 948 1627 1007 ταῖς
1649 945 1935 1014 Κυριωνύ-

367 1048 514 1098 μοις,
550 1032 608 1081 ἐν
634 1025 725 1093 αἷς
771 1031 1027 1083 εἰώθασιν
1069 1033 1306 1095 ἅπαντες
1348 1034 1531 1104 σχεδὸν
1569 1037 1633 1103 τῇ
1672 1035 1937 1107 ἐκκλησίᾳ

366 1120 770 1189 προσεδρεύειν,
795 1121 906 1171 τῶν
938 1122 1279 1201 ὲργοχείρωχ
1305 1123 1482 1175 αὐτῶν
1515 1123 1934 1193 ἀπαλλαττόμε-

362 1229 470 1263 νοι.
506 1212 791 1271 Διδάσκειν
822 1213 879 1265 δὲ
910 1214 1133 1277 τούτους
1158 1214 1457 1283 διορίζεται
1497 1216 1557 1267 οὔ
1608 1216 1939 1286 παρεκϐατι-

364 1304 587 1373 κώτερά
624 1322 746 1358 τινα
775 1306 869 1357 καὶ
894 1306 1124 1373 οἴκοθεν,
1149 1306 1264 1359 ἀλλ’
1299 1308 1439 1359 αὐτὰ
1472 1308 1654 1359 ἐκεῖνα
1684 1308 1752 1360 τὰ
1783 1310 1935 1378 παρὰ

363 1396 472 1448 τῶν
504 1396 679 1463 ἁγίων
709 1397 966 1466 Πατέρων
992 1398 1387 1468 παραδοθέντα.
1423 1402 1527 1451 Καὶ
1561 1402 1608 1450 oi
1639 1400 1736 1467 μὲν
1765 1401 1949 1454 Πατέ-.

368 1505 459 1554 pa;
486 1489 662 1540 ταῦτα
689 1506 704 1520 ο
745 1489 890 1544 τινὲς
924 1490 980 1542 δέ
1035 1490 1299 1559 ἀμελοῦσι
1330 1492 1420 1543 τοῦ
1474 1493 1717 1545 τοιούτου
1754 1493 1936 1546 αὐτῶν

365 1584 806 1653 ἐπαγγέλματος,
873 1587 969 1644 διὰ,
998 1589 1058 1639 τὸ
1111 1587 1185 1657 μὴ
1220 1588 1559 1641 ἐπισείεσθαι
1614 1591 1821 1652 αὐτοῖς,
1861 1590 1938 1653 ὼς

364 1675 535 1738 ἔοικε,
570 1681 784 1746 ποινήν.
836 1679 987 1748 Ἐμοὶ
1028 1679 1083 1732 δὲ
1129 1680 1278 1734 δοκεῖ
1311 1681 1385 1742 ὡς
1425 1683 1532 1735 ἀπὸ
1586 1682 1677 1734 τοῦ
1723 1682 1803 1752 νη’
1836 1700 1935 1734 κα-

1473 281 1557 341 1N
1600 280 1765 341 CAN.
1799 282 1941 343 XIX
1977 286 2191 350 CONC.
2223 288 2305 347 IN
2328 291 2654 355 TRULLO.

444 408 463 439 ι
509 385 739 454 ἑαυτοὺς
777 390 914 462 πρὸς
938 388 1000 443 τὸ
1034 391 1109 462 μὴ
1141 391 1327 455 κακῶς
1358 394 1549 447 παθεῖν
1578 395 1927 466 παραθήγουι
1959 405 2004 457 Α

3470 332 3473 335 -
3510 303 3613 363 5'78

2112 419 2129 449 ι
2168 400 2483 455 minentium
2514 403 2898 473 suppliciorum
2924 416 3066 463 metu
3104 408 3205 464 sibi
3235 410 3463 468 salutem
3484 430 3605 483 prn-

2111 510 2130 542 s
2175 501 2386 547 curant.
2434 511 2454 545 ι

2107 668 2301 723 BALS.
2337 671 2583 740 Episcopi
2638 676 2990 730 ecclesiarum
3042 681 3293 736 doctores
3344 686 3612 739 constitu-

2039 768 2201 811 untur
2227 779 2240 809 ι
2269 768 2324 812 et
2348 770 2627 827 propterea
2652 764 2796 827 dicit
2823 781 2995 819 canon
3029 770 3107 823 cis
3132 773 3355 825 omnino
3385 788 3609 829 necesse

2036 862 2179 911 esse,
2209 850 2293 903 cui
2316 862 2559 917 praesunt
2589 854 2839 922 populum
2872 872 3084 923 semper
3109 861 3322 926 docere,
3353 874 3407 918 et
3447 867 3615 919 multo

1992 974 1995 979 ι
2038 940 2210 1007 magis
2242 942 2291 993 in
2324 942 2508 996 diebus
2536 943 2874 1000 Dominicis:
2920 950 2970 1000 in
3026 952 3221 1018 quibus
3267 970 3453 1009 omnes
3505 958 3617 1011 fere

2036 1030 2212 1083 solent
2253 1032 2302 1083 in
2328 1032 2574 1086 ecclesiis
2605 1034 2899 1098 interesse,
2937 1046 2993 1091 ιιι
3025 1042 3113 1110 qui
3158 1059 3184 1093 ιι
3215 1044 3327 1097 suis
3366 1049 3611 1101 artiﬁciis

2035 1121 2393 1191 operibusque
2421 1134 2660 1179 cessent.
2717 1127 2819 1181 Eos
2880 1122 3057 1183 autem
3117 1135 3315 1188 docere
3361 1148 3614 1202 oportere

2035 1213 2296 1277 decernit,
2329 1230 2432 1269 non
2482 1232 2604 1285 qua:
2632 1220 2850 1273 nimiam
2882 1223 3156 1277 continent
3201 1227 3613 1294 digressionem,

2036 1315 2089 1357 et
2121 1319 2216 1369 pro
2247 1305 2491 1368 arbitrio,
2519 1310 2611 1361 sed
2642 1323 2703 1363 ea
2727 1326 2844 1379 qua:
2882 1326 2911 1364 a
2961 1314 3162 1367 sauciis
3195 1315 3447 1373 Patribus
3504 1332 3616 1373 ira.

2037 1395 2143 1448 dita
2176 1404 2324 1451 sunt.
2354 1397 2421 1452 Et
2469 1397 2656 1455 Patres
2706 1402 2921 1470 quidem
2969 1406 3101 1457 hinc.
3152 1406 3402 1463 Nonnulli
3438 1423 3615 1465 autem

2039 1490 2346 1559 liujusmodi
2399 1506 2726 1563 przeceptum
2779 1498 3070 1567 negliguni,
3123 1516 3186 1553 eo
3220 1506 3380 1571 quod,
3426 1517 3487 1559 ut
3533 1520 3617 1562 e.~t

2037 1582 2347 1644 verisimile,
2387 1585 2465 1637 eis
2498 1599 2656 1655 paena
2690 1603 2791 1641 non
2826 1588 3098 1657 inﬂigatur
3124 1610 3137 1644 :
3168 1605 3223 1646 ιιι
3257 1596 3385 1650 mihi
3434 1608 3613 1665 autem

2038 1675 2267 1739 videtur,
2301 1677 2461 1730 etiam
2491 1694 2519 1731 a
2552 1680 2620 1733 58
2644 1696 2852 1735 canone
2890 1694 3197 1738 sanctorum
3249 1690 3612 1756 apostolorum

368 1766 522 1829 νόνος
557 1768 666 1820 τῶν
696 1769 868 1834 ἁγίων
927 1770 1245 1822 ἀποστόλων
1289 1772 1538 1839 μεγάλως
1580 1767 1728 1825 οὗτοι
1777 1773 1938 1827 κολά-

2045 1769 2096 1822 bi
2131 1769 2290 1823 valde
2341 1770 2660 1840 puniuntur.
2730 1773 2865 1827 Dicit
2925 1777 3067 1829 enim
3127 1747 3477 1849 :Episcopus
3532 1783 3615 1836 vel

366 1856 577 1929 Coytai.
606 1859 745 1926 Φησὶ
768 1860 896 1929 γάρ,
942 1861 1271 1924 Ἐπίσκοπος
1302 1861 1333 1931 ἦ
1370 1862 1769 1931 πρεσϐύτερος,
1797 1865 1935 1932 άμε-

366 1946 476 2001 λῶν
505 1949 598 2001 τοῦ
623 1932 829 2021 κλήρου
858 1951 1007 2021 ἢτοῦ
1028 1951 1179 2017 λαοῦ,
1216 1954 1311 2005 καὶ
1341 1954 1415 2023 μὴ
1450 1955 1721 2007 παιδεύων
1744 1952 1944 2019 αὐτοὺς

364 2043 466 2113 τὴν
501 2042 807 2105 εὐσέϐειαν,
840 2045 1211 2114 άφοριζέσθωο
1268 2046 1544 2117 ἐπιμένων
1573 2046 1629 2099 δὲ
1668 2050 1732 2118 τῇ
1767 2046 1940 2118 ρᾳθυ-

369 2136 491 2207 μίᾳ,
519 2136 910 2205 καθαιρείσθω.
948 2138 1266 2207 Σημείωσαι
1298 2135 1390 2192 οὖν
1421 2139 1529 2192 ἀπὸ
1553 2139 1647 2207 τοῦ
1674 2143 1942 2210 παρόντος

364 2230 594 2292 κανόνος
632 2230 715 2282 ὅτι
743 2229 802 2282 τὸ
827 2230 1099 2282 διδάσκειν
1125 2231 1215 2283 τὸν
1240 2231 1366 2284 λαὸν
1388 2232 1570 2302 μόνοις
1597 2233 1811 2304 ἐνεδόθη
1829 2237 1940 2298 τοῖς

365 2321 714 2385 ἐπισκόποις,
742 2321 841 2375 ’καὶ⁵
876 2324 925 2375 οί
948 2305 1257 2376 διδάσκαλοι
1283 2326 1379 2394 τῆς
1423 2324 1683 2393 Μεγάλης
1736 2325 1937 2394 ἐκκλη-

368 2413 489 2475 σίας
514 2413 626 2481 (82)
660 2413 852 2483 δικαίῳ
881 2414 973 2467 τοῦ
1011 2415 1347 2485 πατριάρχου
1401 2415 1731 2471 διδάσκουσι.
1787 2418 1939 2486 Παρ-

371 2503 583 2557 ίσταται
616 2505 673 2557 δὲ
711 2505 867 2558 τοῦτο
916 2506 1010 2557 καὶ
1064 2506 1170 2559 άπὸ
1198 2507 1296 2575 τῆς
1317 2506 1536 2577 Νεαρᾶς
1573 2505 1667 2559 τοῦ
1698 2506 1939 2574 ἀοιδίμου

369 2598 637 2666 βασιλέως
672 2597 841 2668 κυροῦ
886 2597 1122 2663 Ἀλεξίου
1150 2597 1243 2651 τοῦ
1274 2598 1583 2669 Κομνηνοῦ,
1607 2598 1706 2671 τῆς
1736 2599 1941 2653 ὑποτυο

373 2691 585 2760 πούσης
636 2692 781 2754 ὅπως
846 2692 941 2746 καὶ
990 2692 1133 2754 τίνες
1181 2693 1458 2761 ὀφείλουσι
1490 2678 1827 2763 ψηφίζεσθαι
1865 2693 1944 2753 είς

366 2785 469 2845 τὰς
528 2783 846 2854 ἐκκλησίας,
922 2785 1015 2837 καὶ
1068 2785 1394 2855 τυπωσάσης
1437 2786 1547 2847 τοῖς
1606 2783 1946 2847 διδασκάλοις

370 2878 529 2937 πᾶσι,
557 2878 667 2939 τοῖς
709 2894 768 2928 τε
803 2877 954 2939 ἐντὸς
985 2872 1104 2930 οὖσι
1131 2878 1332 2948 δηλαδὴ
1375 2877 1475 2947 τῆς
1505 2876 1802 2947 ἐκκλησίας
1850 2877 1945 2929 καὶ

366 2972 484 3033 τοῖς
506 2971 661 3033 ἐκτὸς
686 2970 789 3023 άνά
808 2970 1156 3039 νομισμάτων
1173 2970 1357 3040 λίτρας
1382 2972 1529 3040 τρεῖς
1557 2969 1693 3039 (85),
1721 2969 1814 3021 καὶ
1841 2967 1946 3021 άνά

2042 1860 2324 1931 presbyter
2354 1862 2557 1917 elerum
2618 1865 2701 1919 vel
2758 1867 3007 1934 populum
3068 1871 3362 1941 negligens,
3411 1882 3465 1927 et
3522 1889 3616 1929 eos

2042 1955 2295 2024 pietatem
2340 1968 2446 2009 non
2507 1954 2729 2022 dorens,
2792 1971 3143 2029 segregetnr:
3197 1964 3279 2016 sin
3331 1976 3509 2018 autem
3562 1968 3612 2019 in

2044 2047 2290 2101 socordia
2319 2059 2650 2115 perseveret,
2692 2049 3012 2116 deponatur.
3047 2051 3181 2107 Nota
3238 2070 3368 2124 ergo
3409 2072 3473 2111 ex
3511 2060 3613 2113 hoc

2041 2156 2266 2205 canone,
2295 2142 2434 2209 quod
2467 2141 2715 2212 populum
2741 2144 2933 2198 docere
2969 2144 3098 2199 solis
3135 2147 3402 2217 episcopis
3433 2152 3613 2204 datum

2044 2242 2152 2298 est,
2192 2242 2247 2288 et
2290 2232 2494 2301 Magnae
2549 2232 2790 2288 ecclesiae
2841 2236 3085 2290 doctores
3130 2238 3447 2303 patriarcha:
3497 2242 3617 2308 jure

2043 2326 2259 2381 docent.
2310 2323 2423 2379 Hoc
2478 2333 2654 2379 autem
2712 2326 2872 2379 etiam
2931 2328 3233 2383 ostenditur
3283 2348 3346 2385 ex
3394 2331 3615 2387 Novella

2045 2417 2268 2470 illustris
2291 2417 2419 2483 imp.
2441 2415 2644 2469 domini
2668 2416 2840 2469 Alexii
2871 2416 3151 2484 Comneni,
3184 2436 3302 2489 quae
3339 2424 3617 2487 describit.

2043 2517 2098 2563 et
2128 2509 2399 2576 quomodo
2431 2516 2484 2560 et
2510 2508 2728 2576 quinam
2760 2508 2950 2561 debent
2977 2511 3026 2562 in
3081 2511 3331 2568 ecclesiis
3362 2516 3508 2585 eligi,
3565 2528 3619 2570 et

2046 2597 2289 2652 decernit
2317 2596 2566 2649 omnibus
2592 2597 2922 2662 doctoribus,
2957 2609 3061 2653 tam
3091 2601 3155 2655 iis
3195 2603 3283 2672 qui
3310 2613 3435 2658 sunt
3461 2617 3615 2663 extra

2046 2688 2355 2751 ecclesiam,
2400 2703 2561 2755 quam
2599 2688 2661 2741 iis
2713 2689 2801 2758 qui
2848 2701 2973 2743 sunt
3024 2692 3184 2758 intra,
3236 2697 3457 2765 singulis
3507 2710 3617 2753 tres

2048 2780 2427 2833 numismatum
2480 2778 2667 2841 libras,
2713 2791 2765 2833 et
2817 2781 3042 2850 singulis
3091 2783 3341 2839 frumenti
3400 2789 3607 2844 modios

2049 2871 2473 2939 quinquaginta;
2508 2881 2563 2924 ct
2600 2867 2715 2925 haec
2753 2886 2937 2941 aperte
2962 2874 3178 2929 decidit.
3231 2878 3311 2931 Sit
3355 2888 3530 2932 autem
3560 2893 3618 2935 et

2052 2966 2140 3020 hic
2180 2964 2495 3019 doctoribus
2528 2952 2702 3019 honor
2735 2966 2966 3020 tributus
2993 2976 3050 3020 ut
3082 2968 3274 3023 iterum
3308 2972 3358 3024 in
3387 2973 3620 3042 propriis

1599 3079 1793 3171 Guill.
1816 3105 2145 3184 Beveregii
2194 3109 2383 3166 nota).

444 3255 553 3325 (8i)
586 3255 799 3319 Λύτοῖς
828 3250 1264 3322 ἐξεργάζονται.
1289 3252 1347 3307 In
1399 3268 1500 3309 ms.
1562 3263 1777 3325 nostro,
1808 3252 1944 3307 Bod-

2057 3249 2151 3313 κὸς
2178 3249 2384 3325 dictus,
2407 3249 2499 3318 qui
2540 3258 2721 3325 tamen
2755 3264 2945 3325 omnes
2969 3266 3075 3304 non
3103 3267 3219 3325 suo‘
3245 3257 3339 3307 sed
3389 3259 3620 3324 patriar-

368 3324 553 3380 leiauo
595 3340 711 3392 post
743 3327 844 3378 ista
876 3327 1060 3385 verba,
1095 3335 1149 3377 et
1209 3335 1335 3378 ante
1398 3325 1735 3378 Balsamonis
1762 3324 1941 3393 ἑρμη-

366 3414 544 3458 νειαν,
567 3397 679 3448 Ιιιιξιε
712 3396 981 3448 habentur
1009 3414 1021 3447 :
1054 3396 1372 3463 Σημείωσον
1400 3395 1491 3447 τὸν
1516 3394 1758 3463 παρόντα
1788 3395 1945 3446 κανό-

369 3485 455 3525 να.
494 3467 586 3518 καὶ
617 3466 896 3533 Θαύμασον
931 3464 1047 3535 πῶς
1080 3466 1322 3532 σήμερον
1362 3464 1665 3535 ἀμελεῖταιΣ
1715 3465 1775 3516 Ὀ
1835 3466 1943 3534 γάρ

370 3536 667 3597 ὁσιώτατος
729 3533 1074 3605 πατριάρχης
1140 3537 1346 3597 ἐκεῖνος
1406 3533 1597 3605 κύριος
1632 3533 1884 3605 Ἰωάννης
1916 3533 1944 3587 ό

369 3605 468 3660 τοῦ
500 3604 853 3673 Χαλκηδόνος
877 3604 995 3658 καθ’
1026 3605 1265 3674 ἑκάστην
1328 3604 1616 3674 Κυριακὴν
1670 3604 1942 3674 ἐδίδασκε,
1962 3650 1973 3663 .

368 3677 453 3729 διδ
493 3678 587 3728 καὶ⁵
614 3676 957 3744 εὑρίσκονται
993 3676 1049 3727 αἱ
1078 3673 1426 3726 διδασκαλίαι
1447 3673 1608 3726 αὑτοῦ
1648 3676 1705 3727 ἐν
1753 3673 1942 3743 βιϐλίῳ

374 3748 675 3814 ίδιαιτάτῳ.
716 3744 856 3797 Nota
887 3755 1490 3814 prtesenteatcanonem,
1524 3754 1569 3795 et
1591 3746 1787 3797 mirare
1819 3761 1947 3814 quo-

370 3816 529 3869 modo
565 3813 714 3868 hodie
778 3816 1078 3884 negligitur.
1150 3813 1392 3881 Namque
1446 3816 1812 3884 sanctissimus
1855 3815 1944 3868 ille

376 3890 686 3953 patriarcha
745 3882 993 3937 duniinus
1028 3882 1293 3943 Joannes,
1329 3894 1664 3953 cognomento
1720 3882 1943 3937 Chalce-

371 3952 588 4014 donius.
612 3956 842 4022 qualibet
880 3954 1153 4006 Dominica
1194 3953 1275 4006 die
1305 3952 1560 4007 docebat:
1604 3954 1944 4021 quamobrem

369 4030 533 4078 etiam
574 4041 834 4077 sermones
859 4024 973 4093 ejus
1002 4028 1054 4074 in
1100 4024 1352 4089 peculiari
1408 4022 1543 4075 libro
1598 4024 1943 4078 invenientur.

371 4095 613 4147 Joannes
645 4096 733 4148 ille
756 4093 1164 4147 Clualtedonius
1185 4095 1493 4159 patriarcha
1525 4107 1648 4147 erat
1683 4093 1948 4147 Constan-

371 4165 769 4234 tinopolitanus
796 4164 1027 4222 .Alexio
1070 4161 1347 4235 Comne_uo
1400 4164 1719 4235 imperante.
1762 4165 1834 4216 De
1878 4178 1944 4217 eo

372 4232 519 4288 enim
554 4236 605 4287 in
640 4235 778 4287 serie
812 4236 1194 4303 episcoporum
1257 4232 1500 4303 Byzantii
1525 4233 1638 4286 lizec
1663 4232 1942 4303 dicuntur,

387 4304 640 4370 Ἰωάννης
675 4307 700 4355 ὁ
737 4300 1089 4372 ἱερομνήμων
1117 4301 1145 4352 ό
1177 4300 1565 4372 ἐπιλεγόμενος
1592 4300 1688 4354 τοῦ
1715 4303 1941 4369 Χαλκηο

369 4374 542 4436 δόνος’
571 4377 661 4426 ἐπὶ
702 4371 800 4425 τοῦ
850 4371 1014 4425 αὐτοῦ
1055 4371 1291 4437 ’Δλεξίου
1346 4372 1439 4424 τοῦ
1502 4372 1789 4440 Κομνηνοῦ
1849 4373 1945 4425 κα)⁸

373 4444 624 4497 Ἰωάννου
677 4443 769 4495 τοῦ
806 4444 1338 4512 ΙΙορφυρογε-ννήτου,
1383 4442 1476 4512 ἔτη
1531 4447 1637 4509 κγ’.
1670 4442 1741 4496 'ln
1796 4442 1945 4497 Juris

377 4459 624 4497 ἰωαννου
677 4460 769 4495 του
806 4459 985 4511 ιιορφυ
1030 4459 1338 4510 ογεννητου,
1383 4459 1476 4512 ετη
1531 4459 1637 4509 κγ’.
1670 4459 1741 4496 ·ιη
1796 4459 1945 4497 Juris

373 4513 468 4568 Gr.
507 4514 660 4565 Ilom.
694 4515 729 4566 l.
763 4529 845 4577 iv,
875 4529 926 4580 p.
954 4459 1077 4565 582.
1108 4510 1254 4565 Dicta
1284 4522 1467 4566 autem
1506 4514 1667 4565 verba
1696 4514 1749 4565 in
1794 4515 1945 4567 nullo

376 4585 487 4636 alio
519 4584 713 4662 codice
752 4586 1028 4662 leguntur,
1063 4589 1116 4634 et
1147 4582 1214 4635 ab
1243 4583 1346 4635 alia
1388 4598 1550 4662 quam
1602 4581 1946 4662 Balsarnonis
1977 4607 2021 4662 Ι)

372 4669 540 4707 manu
566 4656 765 4720 scripta
798 4654 1087 4713 videntur;
1120 4666 1243 4704 nam
1272 4667 1395 4705 eum
1433 4653 1591 4705 initio
1621 4652 1743 4722 ejus
1766 4653 1945 4707 inter-

368 4724 696 4793 pretationis
727 4722 888 4793 bnjus
912 4722 1507 4793 canonisncquaquatn
1542 4722 1838 4777 cohaerent.

447 4792 557 4862 (82)
581 4795 642 4845 Ol
666 4791 1021 4862 διδάσκαλοι
1044 4789 1151 4859 τῆς
1174 4789 1815 4862 Μεγάληςᾉὲξκκᾏησίας.
1843 4792 1948 4847 Pa-

375 4860 675 4915 triarcliam
714 4861 1361 4928 Coustantiuopolitauus
1409 4860 1695 4915 oliicialetn
1749 4864 1852 4916 sub
1882 4878 1940 4916 se

369 4934 738 4987 constitutum
776 4933 978 4985 habere
1023 4930 1219 4983 solitus
1266 4939 1369 4991 est.
1438 4932 1533 4999 qui
1582 4932 1756 5000 ipsius
1820 4934 1943 4986 loco

373 5002 729 5064 Evangelium
799 5000 1000 5068 pepulo
1058 5001 1566 5067 interpretabatur,
1627 5015 1657 5053 a
1711 5001 1945 5055 docendi

373 5087 601 5126 munere
635 5071 949 5132 διδάσκαλος
984 5068 1186 5123 dictus.
1239 5069 1367 5137 Ejus
1398 5068 1635 5123 oﬂicium
1694 5070 1749 5123 in
1798 5082 1947 5123 cata-

372 5150 497 5210 tngo
526 5142 845 5194 ofﬁciatiirm
900 5140 1154 5210 Ecclesia:
1200 5138 1815 5210 Constantinopolitana:
1863 5143 1946 5194 sic

371 5208 706 5265 (Ιιιέιτιὺιιιιιο
792 5210 850 5261 Ὀ
916 5209 1234 5270 διδάσκαλος
1310 5209 1602 5278 ἐρμηνεύει
1666 5210 1726 5261 τὸ
1790 5208 1945 5271 ἅγιον

372 5281 738 5347 Εὐιγγέλιον,
769 5282 816 5332 εί
850 5279 1072 5339 δυνατός
1108 5282 1243 5341 ἐστι,
1264 5279 1472 5349 ,ὁμοίως
1504 5280 1596 5331 καὶ
1622 5279 1682 5331 τὸ
1735 5280 1944 5349 ψαλτή-

377 5368 513 5421 ριον·
547 5351 762 5420 κρατῶν
786 5351 882 5403 καὶ
912 5350 977 5402 τὰ
1002 5352 1191 5421 σχολία
1222 5348 1331 5421 τῆς
1347 5351 1671 5421 ἐπισκοπῆς
1710 5348 1824 5401 ἐστι
1849 5351 1944 5402 καὶ

374 5418 599 5489 οἰκέτης
628 5422 725 5487 τῆς
758 5422 947 5490 τρίτης
982 5419 1262 5481 πεντάδος.
1298 5418 1584 5472 Balsatnnn
1610 5418 1813 5490 autem
1846 5434 1942 5490 eos

418 5488 562 5543 lui-es
592 5491 763 5543 fuisse
794 5488 896 5544 hoc
946 5492 1066 5543 loco
1112 5490 1385 5558 indigitut,
1444 5490 1634 5542 dict-ns
1686 5488 1945 5549 διδασκά-

405 5577 497 5622 ους
528 5561 626 5629 τῆς
674 5561 933 5629 Μεγάλης
976 5560 1294 5629 ἐκκλησίας.
1330 5560 1494 5612 Erant
1548 5560 1801 5611 nimirum
1842 5575 1943 5612 nu-

376 5646 527 5699 mero
558 5641 816 5699 quatuor,
844 5633 871 5683 ὁ
901 5629 994 5682 τοῦ
1027 5630 1384 5698 Εὐαγγελίου,
1409 5631 1436 5679 6
1474 5629 1569 5681 τοῦ
1615 5630 1939 5693 ἀποστόλου,

373 5703 401 5752 ὁ
426 5698 518 5752 τοῦ
538 5698 864 5772 ψαλτηρίου,
902 5712 954 5756 et
985 5702 1227 5755 omnium
1262 5715 1591 5771 praeeipuus,
1623 5700 1933 5769 οίκουμενι-

2058 3324 2175 3373 clue
2212 3323 2431 3373 nomine
2470 3323 2723 3390 populum
2761 3319 3050 3383 docebant,
3083 3324 3156 3375 uti
3194 3319 3479 3378 Balsamon
3516 3331 3618 3383 hoc

2052 3393 2173 3465 loco
2199 3391 2442 3465 tradidit.
2474 3390 2608 3465 Dieti
2652 3402 2780 3465 sunt
2803 3399 3059 3465 autemet
3090 3394 3319 3462 ῥήτορες
3355 3398 3453 3465 τῆς
3492 3399 3617 3451 Ἐκ-

2051 3459 2279 3529 κλησίας
2314 3477 2340 3511 a
2372 3459 2722 3530 Pachymere,
2758 3462 2809 3512 in
2836 3461 2955 3514 Vita
2991 3459 3288 3525 Michaelis;
3352 3459 3416 3517 et'
3461 3471 3617 3525 sedes

2050 3547 2237 3606 eorum
2274 3531 2326 3606 in
2360 3532 2611 3606 ecclesia,
2652 3531 2793 3606 unde
2819 3530 3293 3606 docereronsueti
3338 3546 3487 3598 sunt,
3520 3542 3618 3606 ῥη-

2050 3601 2268 3671 τορικὸς
2302 3601 2492 3668 θρόνος
2553 3601 2861 3671 appellatur
2920 3614 2950 3653 a
2997 3599 3182 3656 Niceta
3238 3599 3527 3661 Cboniate
3560 3599 3612 3662 in

2052 3670 2286 3724 Manuel.
2321 3670 2589 3724 Comnen.
2632 3677 2667 3723 I.
2697 3686 2792 3725 vlt.
3130 3690 3135 3699 λ

2124 3740 2409 3811 (85)’ᾼνᾲ
2466 3741 2849 3809 νομισμάτων
2879 3742 3090 3809 λίτρας
3151 3745 3330 3811 τρεῖς.
3393 3745 3447 3799 In
3509 3763 3612 3803 ius.

2053 3809 2582 3885 nostroBodl‘eiano
2637 3826 2738 3879 pro
2792 3812 2895 3885 ἁνᾲ
2943 3809 3298 3885 νομισμάτων
3346 3818 3617 3885 scribitur

2052 3882 2366 3955 abbreviate
2402 3880 2616 3955 dwaxﬂ
2646 3883 2918 3955 quomodo
2945 3880 3200 3947 etiatn'is,
3230 3889 3319 3955 qui
3345 3884 3614 3940 Parisien-

2056 3968 2169 4024 sem
2220 3949 2879 4024 Balsamoniseditionem
2913 3949 3259 4024 proc_uravit,'
3293 3956 3491 4024 legisse
3531 3959 3613 4010 vi-

2053 4022 2232 4083 detnr,
2260 4021 2459 4088 quippe
2493 4020 2589 4087 qui
2631 4022 2852 4088 scripsit
2888 4030 2987 4090 τχ’.
3021 4022 3271 4079 Eamdem
3319 4020 3483 4078 eiiam
3519 4028 3614 4080 ali-

2055 4090 2421 4144 breviaturam
2453 4090 2502 4142 in
2527 4104 2658 4144 mss.
2688 4090 3123 4146 Amerbacliiano
3154 4095 3255 4147 hoc
3284 4096 3401 4149 loco
3443 4111 3607 4148 usur-

2053 4173 2391 4230 pata:nn__esse
2423 4168 2656 4213 testatur
2688 4160 3043 4216 doctissimus
3082 4163 3161 4215 vir
3186 4163 3347 4217 Joau.
3406 4164 3609 4219 Redol-

2054 4226 2194 4299 phus
2227 4226 2584 4292 Wetstenius,
2634 4230 2726 4298 qui
2774 4244 2964 4299 omnes
3018 4233 3291 4287 variantes
3348 4234 3609 4291 lectiones

2056 4297 2268 4371 summa
2292 4299 2571 4371 diligentia
2602 4297 2664 4353 es
2697 4297 2887 4371 eodem
2922 4301 3171 4371 collegit;
3198 4312 3249 4357 et
3282 4302 3350 4357 de
3408 4304 3603 4358 eadem

2053 4371 2167 4439 haec
2200 4370 2420 4437 insuper
2448 4368 2749 4423 adnotavit.
2790 4369 2902 4436 Sic,
2951 4368 3163 4435 inquit,
3204 4375 3256 4425 in
3316 4383 3462 4427 cant.
3513 4374 3604 4439 19,

2054 4438 2224 4513 ΤιίιΙΙ.
2253 4438 2396 4513 Bais.
2431 4439 2558 4501 581,
2686 4441 2988 4513 5,Ιεεὶιιιυε
3019 4440 3227 4513 ἀνάέτχ’
3258 4443 3469 4513 λίτρας.
3500 4438 3602 4500 Ius.

2056 4509 2216 4583 liabet
2242 4508 2323 4578 χτ’
2339 4509 2553 4583 λίτρας,
2578 4509 3005 4583 Botietidiusiib.
3039 4526 3072 4566 ι.
3111 4508 3230 4566 Jur.
3265 4508 3359 4566 0r:
3393 4529 3447 4583 p.
3511 4513 3604 4579 48,

2054 4580 2182 4645 legit
2226 4578 2492 4649 τραχέων,
2512 4582 2656 4649 quod
2698 4581 2860 4634 etiam
2894 4580 3161 4637 Hervetus
3185 4583 3236 4636 in
3266 4599 3365 4637 suo
3395 4578 3606 4638 'exem-

2056 4651 2192 4719 plari
2229 4650 2669 4721 agnoscit._ldem
2707 4665 2833 4721 vero
2859 4650 3246 4721 interpretatur
3284 4653 3547 4721 tegumina
3587 4673 3603 4709 :

2053 4718 2445 4789 inale'opinor.
2478 4718 2614 4784 Quid
2639 4719 2783 4774 enim
2812 4728 2925 4775 tres
2958 4718 3290 4789 leguminum
3328 4718 3479 4776 lilii-:e
3533 4724 3600 4778 ad

2051 4790 2444 4860 quinquaginta
2481 4792 2691 4844 modios
2728 4789 2985 4860 frumenti
3014 4801 3341 4860 comparata.
3377 4792 3603 4846 iBone-

2050 4860 2216 4930 lidius
2266 4859 2448 4930 vertit,
2484 4861 2801 4930 Asperorum
2827 4858 2989 4930 libras
3022 4878 3036 4914 :
3066 4858 3288 4930 prepius
3345 4864 3408 4915 ad
3464 4879 3600 4925 rem,

2050 4930 2107 4982 ni
2137 4929 2317 4998 fallor.
2348 4928 2510 4982 Certe
2558 4929 2774 4998 Asperi,
2814 4928 3024 4998 ἇσπρα,
3066 4928 3347 4985 νυοωπυτ
3398 4935 3604 4987 nummi

2051 4997 2269 5070 quidam
2299 4998 2541 5066 argentei
2575 4997 2838 5070 aGrrecis
2868 4997 3169 5070 hodiernis,
3226 5002 3319 5070 qui
3353 5002 3477 5056 dein
3535 5018 3600 5056 eo

2050 5068 2271 5141 nomine
2295 5083 2392 5136 per
2432 5068 3114 5141 synecdochenquodlibet
3144 5068 3425 5141 argentum
3459 5072 3600 5125 indi-

2049 5139 2221 5207 gitant
2257 5146 2527 5211 :_t_tt_cumr
2580 5142 2648 5211 de
2699 5140 2957 5206 opulento
3008 5139 3427 5194 dicunt'ﬂo‘th
3486 5142 3599 5211 ἔχει

2016 5210 2025 5233 ’
2050 5205 2263 5279 ᾇσπρα,
2290 5205 2483 5279 Multos
2510 5207 2661 5261 liabet
2689 5205 2949 5269 nummos,
2971 5223 3065 5263 seu
3088 5212 3285 5279 multas
3319 5205 3597 5279 pecunias.

2050 5276 2430 5346 Conjecturam
2455 5278 2607 5342 juvat
2636 5280 2898 5346 analogia.
2932 5279 3138 5333 Etenim
3166 5277 3215 5332 J.
3246 5276 3513 5335 Meursius
3542 5282 3597 5335 in

2047 5345 2975 5418 GlossarioGra-cobarbaroﬁmpov
2988 5351 3374 5417 interpretatur
3391 5352 3600 5404 Album.

2050 5417 2334 5479 Similiter,
2395 5418 2464 5470 ab
2525 5417 2695 5490 ἀργὸν
2749 5419 2926 5490 allium
2985 5422 3289 5490 lormantur
3356 5419 3600 5490 ἄργυρος

2046 5497 2345 5556 argentum,
2379 5502 2475 5553 pro
2495 5488 2751 5541 nummis.
2789 5488 2910 5540 Noti
2943 5496 3069 5541 sunt
3129 5489 3269 5552 Albi,
3330 5488 3598 5543 nu’rntnnli

2048 5558 2314 5623 argentei.
2339 5557 2752 5610 Franeofurtum
2781 5568 2831 5609 et
2865 5559 3025 5612 urbes
3079 5572 3143 5610 ac
3198 5559 3446 5626 regiones
3494 5559 3602 5612 cir-

2046 5626 2558 5697 cutnlustrantibus.
2598 5628 2949 5696 Sed,inquis,
3013 5628 3154 5681 unde
3202 5629 3405 5697 τραχέα
3468 5628 3603 5682 illa?

2044 5698 2371 5763 Fateor,nec
2394 5696 2509 5766 ipse
2539 5700 2676 5752 scin.
2711 5697 2813 5753 Nec
2839 5700 2981 5753 enim
3010 5696 3249 5752 occurrit
3279 5696 3407 5755 mibi
3459 5698 3602 5771 apud
