4074 6424
390 301 496 366 583
1646 254 1920 366 Τιιιῖοι).
1958 299 1987 357 ι

2091 298 2361 359 .SAMON
3524 302 3632 366 584

386 427 628 485 praesens
658 421 838 466 autem
870 425 1040 465 canon
1075 406 1314 464 dicit:Si
1342 409 1464 478 quis
1519 410 1621 463 hoc
1650 410 1829 464 facere
1869 409 1957 462 de-

2095 411 2141 471 ἱς
2174 411 2546 481 πρεσϐυτέρου
2577 410 2732 474 ἀξίαν
2773 411 3107 477 καταγαγεῖν
3144 409 3422 479 ἱεροσυλία
3452 411 3631 465 ἐστίν·

390 511 692 578 prehensus
720 506 901 566 fuerit,
931 504 998 557 ab
1045 503 1359 572 episcOpatu
1403 508 1600 568 ceSset,
1655 501 1954 572 presbyteri

2091 502 2172 555 ιδὲ
2217 504 2411 573 παρὼν
2463 505 2641 555 κανών
2668 518 2873 572 φησιν’
2909 503 2976 557 El.’
3000 519 3084 565 τις
3137 502 3423 574 φωραθείη
3476 504 3640 558 τοῦτο

392 612 573 656 autem
611 614 833 653 munere
860 596 1160 666 fungatur;
1190 595 1394 659 audiet,
1429 596 1571 665 quod
1605 594 1712 648 ilEic
1741 596 1955 662 quidem

2091 592 2261 654 τοιῶν,
2290 592 2546 644 παυέσθω
2578 594 2677 662 τῆς
2710 592 3043 660 ἐπισκοπῆς,
3067 592 3136 645 τὰ
3174 588 3245 644 δέ
3272 592 3368 646 τοῦ
3397 593 3639 662 πρεσϐυο

397 692 617 747 dicitde
653 688 990 757 depositione
1033 688 1177 755 justa
1247 689 1329 741 vel
1384 686 1617 761 injttsta;
1678 685 1759 739 vel
1819 684 1961 738 enim

2091 685 2227 753 ςὲρου
2277 683 2601 751 ἑνεργείτω⁶
2631 683 2859 737 ἀκούσει
2912 685 2995 736 ὅτι
3043 686 3166 736 ἐκεῖ
3213 685 3343 754 περὶ
3383 672 3643 754 καθαιρέ-

394 795 614 854 propter
638 782 836 849 justam
863 794 1086 835 causam
1117 780 1425 847 episcOpatu
1479 776 1718 843 dejectus
1760 783 1866 833 est,
1910 779 1963 824 et

2091 770 2205 832 ιεὼς
2234 789 2398 841 φησιν
2428 772 2652 840 εὐλόγου
2685 773 2717 843 ἢ
2751 774 3083 843 παραλόγουο
3114 776 3146 846 ἢ
3178 778 3285 846 γὰρ
3315 776 3383 830 δι’
3409 767 3643 848 αἰτίαμα

402 894 469 931 ne
500 884 781 947 presbyter
814 873 1031 941 quidem
1058 873 1204 925 erit:
1232 870 1313 924 vel
1344 870 1463 923 sine
1496 883 1678 932 causa,
1711 874 1765 920 et
1787 880 1853 918 ne
1886 880 1966 919 sic

2091 880 2120 915 τι
2152 863 2372 931 εὔλογον
2416 864 2682 934 ἐξεϐλήθη
2730 866 2831 934 τῆς
2873 869 3202 936 ἐπισκοπῆς,
3230 869 3325 921 καὶ
3356 870 3477 923 οὐδὲ
3509 886 3640 939 πρε-

397 969 611 1037 quidem
636 967 701 1019 ad
734 966 1031 1035 presbyteri
1089 962 1311 1031 gradum
1369 958 1834 1027 deprimetur,sed
1864 955 1971 1009 erit

396 1075 585 1115 rursus
639 1060 947 1128 episcopus.
1004 1053 1105 1109 Hic
1164 1064 1342 1107 autem
1409 1055 1695 1122 episcopus
1748 1050 1964 1120 quidem

398 1161 677 1225 peccatum
708 1165 811 1203 non
841 1148 1073 1205 admisit,
1108 1146 1250 1215 qttod
1282 1160 1405 1198 eum
1430 1161 1459 1197 a
1514 1143 1822 1197 sacerdotio
1882 1157 1970 1193 ar-

399 1254 539 1309 ceat,
567 1243 660 1297 sed
690 1240 878 1308 gloriae
908 1238 1116 1291 tantum
1152 1235 1451 1305 cupiditate
1484 1243 1531 1286 et
1566 1232 1739 1287 laudis
1784 1243 1968 1283 amore

397 1331 664 1403 peccavit.
696 1331 765 1384 Ut
791 1342 939 1397 ergo,
995 1325 1136 1393 quod
1189 1338 1291 1377 suo
1350 1331 1576 1392 peccato
1622 1319 1964 1389 respondeat,

402 1422 723 1491 supplicium
759 1418 973 1483 habeat,
1004 1415 1311 1491 et_humilis
1356 1414 1568 1476 evadat,
1633 1412 1701 1463 ab
1757 1411 1970 1478 episco-

404 1484 561 1583 patus
595 1514 810 1582 quidem
838 1512 1041 1564 honore
1067 1484 1303 1570 desistit,
1341 1507 1391 1559 in
1438 1503 1736 1573 presbyteri
1787 1511 1968 1555 autem

404 1609 607 1661 honore
634 1605 947 1659 collocatur.
988 1600 1057 1655 Ut
1089 1601 1133 1652 is
1168 1600 1314 1653 enim
1344 1599 1673 1665 deponatur.
1710 1604 1765 1648 et
1794 1608 1975 1647 sacer-

402 1701 502 1751 dos
535 1700 644 1760 fiat,
678 1696 925 1749 Patrihtts
964 1695 1136 1746 visum
1168 1706 1270 1746 non
1295 1698 1395 1743 est.
1431 1687 1571 1756 Lege
1619 1698 1673 1740 et
1728 1686 1794 1740 18
1845 1700 1968 1740 ean.

2071 955 2333 1026 σϐὑτερος
2386 957 2539 1010 ἔσται
2566 973 2579 985 ·
2618 958 2649 1027 ἦ
2702 958 2986 1024 ἀναιτίως,
3025 962 3120 1012 καὶ
3175 962 3299 1014 οὐδὲ
3345 961 3521 1024 οὕτως
3560 964 3643 1024 είς

2070 1049 2443 1119 πρεσϐυτέρου
2496 1050 2704 1121 βαθμὸν
2758 1052 3269 1122 καταταχθήσεται,
3318 1053 3433 1106 ἀλλ’
3486 1054 3643 1106 ἔσται

2071 1140 2227 1203 αὖθις
2261 1142 2578 1204 ἐπίσκοπος.
2619 1142 2884 1196 Ἐνταῦθα
2913 1144 2969 1196 δὲ
3009 1144 3314 1215 ἁμάρτημα
3342 1145 3442 1215 μὲν
3471 1147 3499 1199 6
3525 1147 3647 1198 ἐπί-

2075 1249 2277 1296 σκοπος
2304 1234 2531 1287 κωλύων
2581 1235 2744 1288 αὐτὸν
2775 1236 2871 1303 τῆς
2905 1237 3208 1306 ἱερωσύνης
3254 1238 3352 1306 οὐχ
3383 1239 3602 1308 ἥμαρτε
3625 1253 3642 1270 ο

2075 1323 2347 1392 φιλοδοξία
2393 1325 2450 1376 δὲ
2490 1321 2558 1393 ἦν
2609 1326 2703 1379 καὶ
2753 1327 2915 1397 δόξης
2966 1327 3106 1396 ἔρως
3140 1328 3168 1381 ὃ
3210 1329 3480 1399 ἥμαρτεν.
3521 1329 3640 1399 Ἵνα

2074 1416 2205 1483 γοῦν
2254 1415 2586 1487 ἀντίρροπον
2634 1418 2732 1486 τὴν
2784 1421 3056 1489 τιμωρίαν
3094 1419 3191 1490 έξῃ
3219 1420 3298 1490 τῷ
3339 1419 3646 1489 πταίσματι

2076 1508 2243 1561 αὐτοῦ
2271 1509 2364 1560 καὶ
2391 1510 2724 1579 ταπεινωθῇ,
2751 1510 2982 1563 παύεται
3015 1511 3115 1579 μὲν
3144 1513 3240 1581 τῆς
3276 1514 3649 1582 ἐπισκοπικῆς

2075 1600 2263 1666 τιμῆς,
2296 1599 2692 1652 κατατάττεται
2721 1600 2776 1652 δὲ
2820 1603 2901 1664 εἰς
2937 1601 3308 1672 πρεσϐυτέρου
3343 1605 3531 1673 τιμήν.
3573 1605 3647 1657 Τὸ

2077 1689 2183 1759 γὰρ
2236 1690 2620 1761 καθαιρεῖσθαι
2687 1691 2894 1755 τοῦτον,
2932 1697 3021 1746 καὶ
3078 1695 3329 1762 γίνεσθαι
3386 1697 3538 1763 ἱερέα
3585 1698 3649 1750 οὐ

405 1793 543 1844 Anc.
577 1805 695 1860 syn.
722 1785 1033 1841 SacerdOtis
1056 1795 1233 1838 antem
1266 1796 1479 1845 munus,
1515 1781 1697 1848 accipe
1725 1780 1887 1833 etiam
1912 1778 1975 1829 de

2091 1781 2321 1833 Ξέδοκται
2377 1784 2486 1844 τοῖς
2533 1784 2831 1852 Πατράσιν.
2888 1786 3232 1854 Ἀνάγνωσον
3282 1787 3377 1843 καὶ
3432 1788 3524 1843 τὸν
3577 1778 3649 1861 ιἠ’

407 1884 633 1938 docendi
666 1896 906 1943 munere,
937 1889 990 1933 et
1012 1893 1124 1930 non
1158 1877 1224 1931 de
1278 1873 1532 1928 sncrilicii
1588 1871 1972 1927 celebratione.

408 1976 731 2031 Sacerdotes
762 1976 902 2027 enim
934 1970 1238 2040 antiquitus
1262 1982 1483 2021 necesse
1515 1965 1785 2020 habebant
1814 1963 2007 2028 etiam,

406 2071 622 2124 docere.

483 2258 643 2327 180
692 2253 948 2311 ZONAR.
1000 2252 1078 2309 Ne
1140 2268 1245 2322 qua
1302 2252 1443 2305 inter
1492 2254 1771 2320 episcopos
1816 2265 1977 2305 causa

410 2348 732 2403 offensionis
780 2348 1113 2409 exsisteret,
1172 2344 1305 2399 nulli
1374 2355 1667 2414 propterea
1720 2342 1982 2417 episcopo

410 2440 698 2511 publicein
727 2422 897 2493 aliena
951 2439 1084 2493 urbe
1152 2438 1375 2492 docendi
1443 2436 1753 2490 facultatem
1795 2433 1983 2489 Patres

410 2546 531 2585 esse
560 2530 860 2583 voluerunt.
885 2524 993 2580 Nec
1021 2525 1163 2580 enim
1215 2524 1267 2579 id
1316 2524 1431 2578 sine
1495 2523 1675 2592 aliqua
1734 2518 1977 2588 prmfecti

413 2622 566 2677 urbis
600 2620 757 2674 istius
801 2617 1044 2687 episcopi
1093 2615 1414 2671 contumelia
1463 2615 1579 2668 fieri
1629 2623 1823 2681 potest.
1877 2611 1982 2667 Sed

412 2714 627 2784 publice
653 2721 862 2765 tantum
897 2708 1123 2763 docendi
1185 2707 1443 2762 facultate
1502 2706 1884 2766 interdictum;
1928 2711 1986 2757 ut

336 2850 341 2859 ,
416 2806 682 2870 vicissim,
713 2803 986 2873 quidpiam
1016 2816 1081 2855 ex
1115 2816 1181 2855 eo
1206 2800 1459 2869 privatim
1516 2797 1775 2865 quaerenti
1830 2797 1986 2851 satis-

417 2897 619 2961 facere,
689 2895 1027 2963 scorsimque
1084 2893 1302 2953 docere.
1356 2905 1691 2959 nequaquam
1736 2888 1987 2958 episcopo

415 2989 662 3049 vetitum,
697 3000 793 3039 nec
817 2984 1021 3053 aliquid
1054 2999 1175 3038 enm
1203 2981 1295 3051 qui
1320 2981 1371 3035 id
1402 2980 1567 3034 faciat
1608 2981 1659 3033 in
1714 2993 1772 3033 se
1818 2978 1993 3047 culpae

2078 1872 2278 1924 κανόνα
2304 1872 2401 1942 τῆς
2436 1875 2495 1925 ὲν
2524 1873 2773 1944 Ἀγκύρᾳ
2824 1877 3067 1931 συνόδου.
3106 1878 3222 1946 Τὴν
3258 1878 3315 1932 δὲ
3358 1879 3651 1950 ἐνέργειαν

2080 1962 2311 2015 ἐκλαϐοὖ
2349 1964 2428 2027 είς
2476 1965 2576 2035 τὴν
2633 1966 3022 2040 διδασκαλικὴν
3072 1973 3379 2040 ἐνέργειαν,
3431 1975 3529 2026 καὶ
3574 1976 3652 2045 μὴ

2080 2059 2161 2121 είς
2205 2057 2304 2129 τὴν
2347 2060 2724 2133 ἱεροπραξίαν.
2756 2062 2822 2118 Οἱ
2854 2066 2964 2136 γάρ
3010 2069 3175 2137 ἱερεῖς
3220 2069 3282 2122 τὸ
3336 2070 3564 2125 παλαιὸν
3594 2070 3659 2137 ἐξ

2079 2149 2326 2219 ἀνάγκης
2357 2148 2503 2219 εἶχον
2526 2151 2587 2204 τὸ
2614 2153 2911 2210 διδάσκειν.
3304 2192 3313 2199 -

2145 2240 2390 2296 ΖΩΝΑΡ.
2446 2243 2572 2306 Τοῖς
2637 2246 2959 2312 ἐπισκόποις
3010 2251 3108 2315 τὰς
3171 2251 3280 2305 τῶν
3340 2253 3657 2308 σκανδάλων

2082 2332 2499 2403 περιαιροῦντες
2531 2337 2786 2408 ἀφορμὰς
2811 2342 2860 2393 οἱ
2902 2342 3037 2395 θεῖοι
3062 2345 3307 2415 Πατέρες
3343 2346 3553 2413 ὥρισαν
3580 2348 3658 2418 μὴ

2082 2422 2353 2477 διδάσκειν
2383 2425 2681 2482 ἐπίσκοπον
2706 2430 2943 2504 δημοσίᾳ
2963 2436 3020 2488 ἐν
3055 2436 3208 2490 πόλει
3253 2436 3328 2508 μὴ
3364 2440 3649 2513 ἀνηκοὺσῃ

2085 2515 2256 2587 αὐτῷ.
2292 2516 2463 2571 Τοῦτο
2492 2519 2602 2589 γὰρ
2639 2523 2717 2583 είς
2754 2524 2981 2594 ἀτιμίαν
3016 2529 3136 2581 ἐστὶ
3166 2530 3259 2582 τοῦ
3303 2532 3404 2601 τῆς
3438 2533 3652 2597 πόλεως

2085 2605 2302 2675 ἐκείνης
2334 2609 2915 2683 ἀρχιερέως.Δημοσίᾳ
2942 2614 2997 2666 δὲ
3024 2615 3298 2675 διδάσκειν
3327 2618 3655 2684 κεκώλυται,

2087 2698 2163 2759 ὡς
2196 2697 2273 2775 ἐξῆ
2293 2698 2701 2771 ἁντιδιαστολῆς
2731 2706 2972 2759 νοεῖσθαι
3004 2706 3187 2773 ὠθεῖ
3226 2726 3313 2774 τις
3351 2711 3502 2781 αὐτῷ
3533 2712 3658 2764 κατ’

2091 2790 2229 2843 ἱδίαν
2253 2792 2543 2861 προσέλθοι
2570 2795 2792 2865 ἐρωτῶν
2825 2800 3008 2864 αὐτὸν,
3040 2802 3233 2872 ἐκείνῳ
3264 2803 3402 2875 πρὸς
3428 2804 3489 2857 τὸ
3519 2802 3661 2874 ἐρώ-

2087 2900 2242 2952 τημα
2294 2886 2751 2957 ἀποκρινόμενος,
2782 2893 2875 2944 καὶ
2936 2892 3205 2948 διδάσκων
3264 2896 3389 2951 καθ’
3442 2897 3657 2960 ἑαυτὸν,

2088 2973 2186 3043 οὐχ
2234 2972 2561 3045 ἁμαρτάνει.
2612 2979 2725 3031 Καὶ
2752 2982 2779 3034 6
2811 2981 3093 3047 ἑνδέκατος
3130 2985 3187 3038 δὲ
3234 2985 3416 3040 κανὼν
3462 2987 3566 3057 τῆς
3605 2989 3665 3040 ἐν

419 3081 696 3148 suscipere
727 3076 1110 3147 intelligamus.
1139 3073 1244 3128 Sed
1274 3073 1340 3128 de
1372 3075 1470 3127 hac
1497 3086 1558 3125 re
1590 3071 1763 3125 fusius
1792 3070 1985 3124 Sardi-

2092 3067 2332 3139 Σαρδικῇ
2364 3070 2585 3123 συνόδου
2644 3071 2962 3143 θεσμοτεθεῖ
2995 3082 3064 3129 τὰ
3112 3082 3241 3149 περὶ
3283 3079 3479 3132 τούτου
3524 3080 3664 3134 πλα-

418 3173 597 3226 censis
641 3186 851 3240 quoque
925 3168 1110 3245 synodi
1138 3166 1423 3221 undecimo
1473 3179 1676 3219 canone
1725 3164 1989 3218 constitu-

418 3270 555 3314 tum.
586 3260 924 3315 Dubitaverit
964 3274 1127 3329 porro
1177 3256 1394 3326 aliquis,
1420 3271 1541 3309 cum
1594 3255 1869 3309 hominem
1925 3255 1991 3310 de

418 3349 712 3417 episcopali
752 3349 967 3417 fastigio
990 3347 1277 3414 deiectum,
1311 3346 1424 3411 cogi
1457 3346 1508 3399 in
1544 3346 1983 3416 presbyterorum

418 3443 665 3495 ordinem
704 3441 820 3494 sine
852 3441 1135 3510 sacrilegio
1164 3454 1269 3492 non
1317 3453 1495 3507 posse,
1537 3440 1679 3493 unde
1720 3439 1993 3493 tricesimo

420 3544 628 3603 quartae
661 3532 851 3604 synodi
900 3547 1109 3586 canone
1142 3530 1418 3586 deﬁnitum
1482 3532 1573 3596 sit,
1624 3546 1727 3599 qua
1786 3531 1994 3586 ratione

423 3628 733 3693 episcopum
772 3626 871 3678 hoc
892 3624 1034 3687 loco,
1074 3624 1162 3693 qui
1196 3624 1337 3677 istud
1372 3622 1552 3683 faciat,
1586 3622 1653 3674 ab
1678 3622 1991 3691 episcopatu

424 3726 726 3775 ress:ire.et
753 3714 1056 3785 presbyteri
1107 3729 1325 3768 munere
1354 3714 1497 3784 fungi
1527 3727 1694 3767 canon
1719 3715 1991 3767 decernat.

426 3806 596 3876 igitur
624 3806 677 3860 in
701 3816 892 3873 quarta
918 3805 1123 3875 synodo
1151 3804 1216 3858 de
1239 3805 1403 3873 jnsta,
1443 3805 1523 3856 vel
1579 3803 1777 3872 injusta
1828 3805 1996 3872 depo-

427 3899 621 3951 sitione
651 3911 957 3950 sermonem
989 3909 1111 3949 esse
1149 3897 1411 3949 dicemus.
1451 3893 1544 3948 Vel
1580 3895 1723 3948 enim
1766 3893 1832 3947 ob
1874 3910 1997 3965 gra-

430 4005 550 4042 vem
590 3988 770 4043 delicti
804 3989 1015 4056 culpam
1041 3988 1130 4058 qui
1156 3989 1441 4057 episropus
1468 3986 1665 4053 fuerat,
1720 4001 1784 4041 ea
1820 3987 1996 4056 digni-

430 4089 544 4135 tate
569 4081 829 4149 spoliatus
862 4090 981 4147 est,
1013 4096 1076 4135 ac
1112 4095 1178 4133 ne
1245 4079 1384 4133 inter
1445 4080 1750 4133 sacerdotes
1789 4093 1999 4149 quoque

431 4173 611 4228 locum
644 4182 821 4228 teneat
877 4174 1015 4228 idem
1066 4173 1273 4227 crimen
1319 4170 1546 4237 efficiet;
1598 4170 1681 4223 vel
1724 4169 1995 4224 innocenti

431 4264 603 4316 multa
632 4263 892 4331 irrogata,
931 4261 1261 4330 proindeque
1293 4276 1360 4313 ne
1399 4270 1509 4312 tum
1555 4259 1771 4327 quidem
1816 4274 2000 4314 sacere

432 4354 648 4407 dotibus
679 4353 1048 4419 annumerari,
1100 4351 1193 4405 sed
1244 4350 1532 4418 episc0pali
1592 4349 1806 4417 fastigio
1861 4350 2001 4404 unde

2095 3158 2341 3229 τότερον,
2368 3161 2670 3234 Ἀπορήσει
2698 3162 2755 3216 δέ
2785 3182 2867 3229 τις
2892 3167 3009 3231 πῶς
3038 3170 3066 3222 6
3095 3169 3193 3240 μὲν
3224 3171 3475 3235 εἰκοστὸς
3507 3172 3665 3226 ἔννα-

2095 3266 2185 3313 τος
2211 3251 2390 3305 κανὼν
2442 3254 2543 3324 τῆς
2596 3257 2865 3326 τετάρτης
2921 3261 3141 3314 συνόδου
3199 3263 3455 3331 λέγειὸτι
3514 3267 3578 3319 τὸ
3606 3268 3668 3335 ἐξ

2098 3344 2403 3397 ἐπισκόπου
2440 3347 2520 3409 εἱς
2545 3350 2915 3420 πρεσϐυτέρου
2957 3350 3117 3416 ἀξίαν
3151 3359 3489 3424 καταγαγεῖν
3523 3359 3666 3428 ἱερο·

2101 3435 2255 3488 συλία
2287 3436 2432 3490 ἐστίν
2456 3453 2470 3467 ⁸
2501 3439 2530 3490 ὁ
2555 3440 2611 3492 δὲ
2644 3440 2833 3511 παρὼν
2864 3445 3043 3497 κανών
3063 3462 3245 3517 φησιν·
3275 3448 3340 3499 Et
3371 3466 3455 3511 τις
3482 3434 3671 3518 φωρα-

2101 3524 2220 3598 θείη
2250 3527 2409 3581 τοῦτο
2448 3531 2645 3595 ποιῶν,
2694 3533 2950 3588 παυέσθω
2997 3537 3097 3606 τῆς
3150 3540 3482 3608 ἐπισκοπῆς,
3517 3543 3583 3595 τὰ
3612 3543 3671 3595 δὲ

2099 3618 2194 3672 τοῦ
2237 3620 2614 3693 πρεσϐυτέρου
2658 3625 2973 3696 ἐνεργείτω.
3006 3629 3161 3683 Εἴποι
3211 3630 3305 3684 οὖν
3353 3634 3417 3688 ἄν
3450 3652 3534 3698 τις
3584 3636 3667 3689 ὅτι

2100 3711 2223 3764 ἐκεῖ
2248 3718 2376 3781 περὶ
2404 3713 2775 3787 καθαιρέσεως
2802 3736 2967 3789 φησιν
2990 3721 3213 3789 εὐλόγου
3247 3723 3282 3795 ἢ
3316 3725 3630 3796 παραλόγου
3652 3743 3669 3758 ο

2103 3802 2159 3855 εἱ
2192 3803 2301 3872 γὰρ
2335 3803 2426 3858 διὰ
2464 3806 2696 3878 αἱτίαμά
2722 3811 3057 3881 τιέξεϐλήθη
3086 3810 3187 3882 τῆς
3221 3813 3548 3884 ἐπισκοπῆς,
3579 3818 3675 3870 καὶ

2101 3894 2191 3947 διὰ
2225 3895 2285 3947 τὸ
2325 3896 2631 3968 ἁμάρτημα
2674 3903 2877 3977 ἐκεῖνος
2907 3903 3031 3956 οὐδὲ
3085 3904 3454 3974 πρεσϐύτερος
3482 3907 3670 3962 ἔσται’

2101 3986 2135 4057 ἢ
2167 3985 2420 4051 ἀναιτίως
2452 3988 2719 4060 ἐξεϐλήθη
2753 3992 2851 4062 τῆς
2883 3994 3211 4065 ἐπισκοπῆς,
3240 3995 3334 4049 καὶ
3363 3998 3474 4051 οὐδ’
3498 3998 3675 4062 οὕτως

2102 4082 2183 4142 είς
2215 4081 2583 4153 πρεσϐυτέρου
2618 4083 2824 4154 βαθμὸν
2869 4087 3277 4157 καταχθήσεται
3299 4128 3316 4155 ,
3349 4088 3465 4143 ἀλλ’
3517 4090 3671 4144 ἔσται

2068 4212 2071 4217 ι
2104 4166 2262 4235 αὖθις
2287 4173 2581 4237 ἐπίσκοπος
2608 4190 2622 4205 ο
2657 4175 2892 4229 ἐνταῦθα
2913 4177 2972 4231 δὲ
2999 4178 3306 4251 ἁμάρτημα
3352 4181 3451 4252 μὲν
3482 4182 3511 4235 ό
3540 4180 3668 4235 ἐπί-

2106 4280 2307 4329 σκοπος
2334 4266 2541 4321 κωλύον
2572 4268 2740 4322 αὐτὸν
2770 4267 2869 4334 τῆς
2915 4270 3221 4340 ἱερωσύνης
3271 4271 3370 4342 οὐχ
3402 4270 3623 4344 ἥμαρτε
3643 4287 3659 4302 ·

2106 4355 2383 4424 φιλοδοξία
2422 4359 2479 4411 δὲ
2520 4354 2587 4429 ἦν
2632 4361 2727 4413 καὶ
2770 4359 2930 4430 δόξης
2972 4360 3151 4430 ἐρως,
3183 4362 3212 4414 ὃ
3246 4362 3518 4433 ἥμαρτεν.
3552 4364 3671 4418 Ἵνα

434 4459 529 4513 per
581 4444 830 4512 injuriam
893 4443 1131 4511 dejectus
1192 4439 1400 4506 fuerat,
1471 4439 1677 4493 restitui
1731 4439 1987 4494 hominen

2106 4446 2239 4515 γοῦδ
2271 4448 2603 4520 ἀντίρροπον
2644 4451 2743 4518 τὴν
2790 4452 3059 4522 τιμωρίαν
3107 4445 3202 4524 ἐξῇ
3235 4453 3310 4523 τῷ
3365 4454 3668 4524 πταίσματι.

431 4536 731 4603 oportebit.
756 4533 862 4587 llic
887 4548 1017 4587 vero
1039 4532 1319 4601 episcopus
1341 4530 1568 4595 nullum,
1593 4546 1660 4584 ex
1686 4545 1793 4600 qtto
1823 4546 1999 4585 sacer-

434 4630 584 4703 dotio
606 4630 809 4684 moveri
840 4629 1057 4692 debeat,
1089 4627 1141 4680 in
1168 4640 1227 4681 se
1293 4623 1502 4678 facinus
1560 4623 1781 4678 admisit
1825 4643 1838 4679 :
1882 4625 1994 4680 sola

2106 4538 2308 4605 αὐτοῦ,
2345 4542 2443 4594 καὶ
2490 4543 2821 4614 ταπεινωθῇ,
2859 4544 3094 4598 παύεται
3150 4546 3248 4615 μὲν
3304 4548 3404 4616 τῆς
3454 4548 3676 4600 ἐπισκο-

2104 4630 2211 4697 πῆς
2242 4631 2378 4700 (85),
2418 4633 2713 4702 κατάγεται
2742 4635 2797 4687 δὲ
2829 4637 2909 4698 εἱς
2935 4636 3310 4707 πρεσϐυτέρου
3340 4638 3528 4694 τόπον.

437 4724 482 4776 ίς
510 4721 826 4783 ambitione,
854 4717 1138 4785 laudisque
1170 4715 1520 4769 immoderata
1550 4715 1843 4784 cupiditate
1868 4718 2134 4785 peccavit.
2204 4721 2275 4776 Ut
2333 4722 2499 4792 igitur
2580 4736 2802 4793 peccato
2885 4728 3288 4786 animadversio
3328 4732 3675 4805 respondeat,

438 4815 829 4883 tetnerariaque
857 4808 1090 4865 hominis
1112 4807 1275 4862 elatio
1305 4808 1709 4877 comprimatur,
1740 4809 1808 4864 ab
1873 4810 2181 4881 episcopatu
2241 4818 2475 4883 gerendo
2545 4818 2825 4887 desistere,
2894 4830 3055 4891 atque
3128 4822 3183 4876 in
3245 4827 3678 4895 presbyterorum

435 4910 677 4963 ordinem
713 4905 915 4961 traduci
940 4904 1114 4971 jubet.

445 5003 673 5060 ARIST.
715 5022 734 5054 ‹
775 5000 1069 5071 Episcopus
1096 4999 1150 5054 in
1177 4999 1280 5053 alia
1306 4999 1438 5054 urbe
1463 5013 1529 5054 ne
1561 4999 1772 5070 publice
1790 5000 2004 5056 doceat.

521 5117 538 5148 ι
574 5095 666 5150 Sin
695 5096 797 5149 hoc
862 5093 1052 5147 fecisse
1103 5091 1468 5160 deprehensus
1524 5090 1707 5159 fuerit,
1767 5093 1834 5147 ab
1889 5092 2005 5161 epi-

519 5210 535 5241 ι
580 5198 796 5256 sropatu
858 5186 1111 5251 desistat,
1172 5185 1467 5256 presbyteri
1529 5183 1837 5239 muneribus
1884 5182 2007 5237 fun-

518 5302 536 5335 ι
575 5297 728 5353 gens.
769 5300 789 5333 ι

2916 4920 2935 4935 \

2120 4985 2344 5061 ΑΡΙΣΤ.
2396 5025 2415 5059 ι
2464 5007 2791 5073 Ἐπίσκοπος
2832 5011 2891 5063 ἐν
2943 5012 3109 5085 ἑτέρᾳ
3148 5014 3301 5067 πόλει
3328 5015 3567 5089 δημοσίᾳ
3601 5018 3679 5088 μὴ

2191 5115 2209 5147 ι
2254 5097 2554 5152 διδασκέτω
2571 5113 2586 5131 ο
2615 5100 2664 5151 εἱ
2687 5098 2745 5152 δὲ
2777 5103 3025 5174 φωραθῇ,
3048 5104 3304 5158 παυέσθω
3330 5108 3430 5178 τῆς
3450 5107 3680 5163 ἐπισκο-

2189 5208 2208 5243 ι
2250 5190 2381 5260 πῆς,
2404 5190 2474 5243 τὰ
2500 5190 2609 5246 τῶν
2647 5193 3034 5265 πρεσϐυτέρων
3063 5197 3329 5266 ἐνεργῶν.
3368 5216 3389 5249 ι

1639 5395 1760 5456 Gui
1775 5394 1840 5458 ll.
1880 5394 2209 5474 Beveregii
2253 5396 2441 5455 notas.

516 5524 626 5597 (85)
647 5526 898 5597 Πηύεται
918 5523 1032 5592 μὲν
1062 5523 1171 5590 τῆς
1190 5517 1609 5597 ἐπισκοπικῆς.
1638 5517 2017 5597 Codex_'l‘ilia-

445 5590 549 5656 nus
584 5590 741 5666 quem
784 5590 1375 5666 ﬁert-etustranstulit,
1401 5590 2009 5666 cum_Amerbaeni_ano,

448 5670 562 5724 hanc
596 5658 763 5730 usque
793 5668 859 5717 ad
892 5663 1259 5744 πρεσϐυτέρορ
1308 5658 1589 5744 τιμὴιζὶεὶο.
1622 5660 1747 5727 legit
1775 5658 2009 5744 παύεται

451 5739 548 5815 μέν
569 5738 663 5805 τῆς
680 5728 1015 5815 ἐπισκοπῆς,
1040 5728 1508 5815 κατατάττεταιῑδὲ
1530 5729 1608 5791 είς
1630 5728 2003 5815 πρεσϐυτέρου

447 5799 666 5870 τόπους.
715 5799 962 5875 ιὶειὶιιιιιι
999 5802 1064 5858 ad
1102 5799 1285 5868 linem
1350 5800 1512 5869 hujus
1572 5799 1767 5854 scholii
1796 5813 1858 5853 ex
1895 5812 1999 5853 ms.

2131 5517 2437 5588 Bodleiano
2464 5515 2809 5588 restituimus
2840 5531 2856 5568 :
2890 5518 3258 5588 quteyquidem
3284 5535 3391 5576 non
3423 5522 3597 5578 solum
3627 5525 3682 5579 in

2117 5589 2358 5644 editione
2410 5586 3119 5649 Parisiensi,verumetiam
3173 5590 3227 5642 in
3282 5606 3385 5645 ms.
3425 5595 3685 5650 Amerlia-

2118 5659 2302 5711 chian.
2344 5656 2748 5711 desiderantur.
2796 5653 2903 5709 Sed
2960 5657 3013 5710 in
3056 5659 3243 5713 codice
3274 5658 3487 5718 Titiano
3545 5663 3682 5720 lecta

2112 5728 2303 5793 fuisse,
2336 5726 2525 5781 Latina
2551 5723 2768 5781 Herveti
2802 5726 3012 5781 tralatio
3036 5728 3393 5787 demonstrat.
