4074 6430
345 366 456 436 585

341 581 440 630 καὶ
465 579 636 650 τῦφον
685 584 779 634 καὶ
821 587 1233 658 καταφρόνησιν
1277 590 1373 643 τοῦ
1401 591 1582 642 ἐκεῖσε
1617 589 1926 642 ἐπισκόπου

339 670 581 743 δημοσίᾳ
619 676 886 742 διδάσκει,
919 678 995 741 ὡς
1037 681 1355 746 σπουδάζων
1385 680 1800 750 καταισχύνειν,
1832 679 1927 731 καὶ

340 765 772 830 κατευτελίζειν,
800 769 896 820 καὶ
939 768 1040 839 τὴν
1089 771 1383 842 ἀλλοτρίαν
1434 773 1708 844 καθέδραν
1753 771 1930 840 ἐαυτῷ

342 858 886 928 προμνηστεύεσθαι,
961 863 1210 932 εὐλόγως
1264 865 1606 935 παυθήσεται
1653 866 1753 935 τῆς
1804 866 1928 918 ἐπι-

344 948 558 1016 σκοπῆς
585 964 598 980 ·
639 949 667 1001 ό
716 952 824 1022 γὰρ
869 952 980 1004 τῶν
1009 955 1311 1024 ἀλλοτρίων
1354 958 1644 1026 ἐφιέμενος
1674 957 1772 1010 καὶ
1819 955 1929 1009 τῶν

343 1038 493 1091 ἰδίων
534 1041 885 1110 στερίσκεται
911 1059 925 1074 ⁸
960 1047 1048 1108 είς
1075 1044 1139 1098 δὲ
1170 1046 1261 1098 τὸν
1288 1047 1452 1100 τόπον
1487 1046 1597 1100 τῶν
1626 1047 1932 1118 πρεσϐυτέ-

345 1148 458 1202 ρων
524 1134 1006 1205 κατενεχθῆσεται,
1038 1135 1134 1188 καὶ
1188 1137 1308 1190 κατ’
1371 1138 1554 1191 αὐτῶν
1593 1125 1925 1209 ἐνεργήσει.

345 1221 454 1273 Καὶ
488 1223 795 1291 σημείωσαι
825 1225 956 1278 πότε
981 1227 1077 1278 καὶ
1107 1226 1406 1285 ἐπίσκοπος
1438 1229 1519 1290 είς
1545 1229 1924 1299 πρεσϐυτέρου

340 1313 509 1367 τόπον
555 1316 877 1382 κατάγεται.
924 1317 987 1370 Ὀ
1027 1318 1136 1387 γὰρ
1180 1319 1427 1382 εἰκοστὸς
1475 1319 1704 1383 ἔννατος
1742 1320 1928 1374 κανὼν

335 1404 439 1472 τῆς
496 1403 556 1456 ἐν
615 1403 925 1476 Χαλκηδόνι
999 1410 1222 1461 συνόδου
1281 1410 1590 1480 ἱεροσυλίαν
1661 1412 1927 1482 ἄντικρυς

340 1495 500 1549 καλεί
528 1498 588 1550 τὸ
635 1498 725 1549 τὸν
768 1499 1070 1552 ἐπίσκοπον
1108 1503 1192 1563 είς
1236 1502 1617 1572 πρεσϐυτέρου
1663 1504 1927 1573 κατάγειν

338 1589 575 1658 βαθμὸν,
611 1591 706 1642 καὶ
739 1591 826 1662 ἔχε
857 1591 948 1644 τὸν
979 1593 1225 1663 παρόντα
1271 1595 1474 1648 κανόνα
1508 1595 1927 1668 ὑπεξῃρημένον

341 1683 406 1734 ἐκ
431 1681 526 1734 τοῦ
563 1682 854 1737 καθολικοῦ
889 1685 1105 1738 ἐκείνου
1132 1687 1381 1750 κανόνος.

924 1778 1170 1832 ΚΑΝΩΝ
1213 1780 1346 1833 KA'.

337 1881 366 1914 ς
409 1865 469 1917 0i
503 1864 591 1917 ἐπ’
623 1864 937 1935 ἐγκλήμασι
966 1870 1276 1931 κανονικοῖς
1307 1868 1420 1936 (86)
1448 1868 1745 1923 ὑπεύθυνοι
1778 1869 1928 1938 γινό⁴

416 1977 435 2007 ι
487 1975 662 2027 μενοι,
693 1960 786 2011 καὶ
828 1959 918 2013 διὰ
960 1960 1122 2014 τοῦτο
1175 1962 1435 2014 παντελεῖ
1467 1980 1526 2015 τε
1558 1963 1652 2016 καὶ
1680 1965 1928 2033 διηνεκεῖ

417 2070 436 2103 ι
479 2051 798 2116 καθαιρέσει
849 2053 1283 2124 ὐποδαλλόμενοι
1331 2055 1426 2109 καὶ
1461 2057 1520 2107 ὲν
1550 2053 1628 2124 τῷ
1655 2055 1769 2107 τῶν
1803 2055 1926 2108 λαῖυ

417 2162 440 2195 ι
483 2143 597 2198 κῶν
635 2143 1019 2215 ἀπωθούμενοι
1053 2145 1226 2216 τόπῳ,
1262 2149 1311 2198 εί
1346 2147 1447 2218 μὲν
1475 2148 1746 2212 ἑκουσίως
1781 2149 1918 2218 πρὸς

414 2255 440 2289 ε
484 2221 826 2306 ἐπιστροφὴν
901 2235 1143 2305 ὁρῶντες
1217 2237 1474 2291 ἀθετοῦσι
1557 2239 1658 2308 τὴν
1740 2240 1926 2310 ἀμαρ-

417 2349 434 2380 ι
481 2329 604 2382 τίαν
661 2314 798 2400 (8Ἱ),
830 2327 898 2382 δι’
960 2330 1028 2400 ἣν
1078 2329 1181 2400 τῆς
1239 2331 1462 2401 χάριτος
1505 2331 1920 2399 ἐκπεπτώκασι,

408 2441 433 2471 ‹
481 2420 578 2473 καλ⁸
624 2419 831 2490 ταύτης
885 2420 1073 2474 τέλεον
1150 2421 1472 2493 ἀλλοτρίους
1522 2425 1751 2488 ἑαυτοὺς
1795 2424 1927 2478 καθ-

415 2532 432 2561 ι
481 2513 690 2580 ιστῶσι,
731 2514 810 2584 τῷ
836 2513 932 2568 τοῦ
975 2515 1182 2586 κλήρου
1233 2517 1607 2587 κειρέσθωσαν
1641 2519 1920 2588 σχήματι·

408 2624 433 2656 1
481 2607 531 2659 εί
576 2605 632 2659 δὲ
682 2608 757 2678 μὴ
787 2608 948 2661 τοῦτο
985 2608 1331 2680 αὐθαιρέτως
1369 2612 1722 2680 αἱρήσονται,
1753 2612 1926 2667 καθά-

411 2717 431 2746 ‹
479 2714 586 2769 περ
625 2701 676 2752 οἱ
721 2699 921 2766 λαῖκοὶ,
960 2700 1058 2770 τὴν
1103 2701 1286 2773 κόμην
1337 2702 1812 2774 ἐπιτρεφέτωσαν,
1847 2703 1925 2768 ὡς

414 2809 436 2842 4
481 2791 583 2860 τὴν
612 2792 670 2843 ἐν
701 2791 893 2861 κόσμῳ
937 2791 1290 2865 ἀναστροφὴν
1335 2795 1436 2864 τῆς
1489 2794 1747 2864 οὐρανίου
1777 2795 1924 2867 ζωῆς

407 2904 430 2934 ι
480 2883 944 2953 προτιμήσαντες.

405 2977 606 3031 ΒΑΛΣ.
637 2976 954 3046 Σημείωσαι
1009 2975 1118 3030 ἀπὸ
1172 2975 1269 3030 τοῦ
1347 2978 1618 3048 παρόντος
1696 2980 1924 3044 κανόνος

327 3069 418 3120 ὅτι
481 3066 532 3119 οἱ
588 3066 696 3119 ἀπό
749 3082 896 3129 τινος
963 3066 1312 3136 ἐγκλήματος
1369 3068 1799 3140 καθαιρούμενοι
1844 3071 1923 3133 ὡς

1364 385 1448 445 IN
1486 384 1650 444 CAN.
1695 383 1834 442 XXI
1872 381 2080 451 CONC.
2127 382 2208 447 ΙΝ
2245 383 2569 450 TRULLO.

429 489 490 541 Ὀ
524 488 682 541 τοῦτο
736 491 908 547 ποιῶν
967 494 1290 563 ἐπίσκοπος,
1324 499 1452 552 ἐπεὶ
1483 499 1553 552 δι’
1601 497 1928 560 ἀλαζονείαν
1960 503 2004 556 Α

3512 386 3616 448 586

2109 502 2406 572 Episcopus
2441 501 2531 567 qui
2578 499 2680 554 hoc
2720 497 2872 568 facit,
2911 500 3172 570 quoniam
3223 515 3320 570 per
3375 510 3617 554 ostenta-

2036 591 2260 654 tionem.
2298 599 2345 642 el
2377 589 2714 658 superbiam,
2763 599 2815 642 ct
2855 591 3114 660 episcopi,
3156 589 3245 658 qui
3301 589 3372 643 ibi
3400 602 3614 658 prmest,

2033 690 2402 750 contemptum
2436 679 2650 750 publice
2680 680 2858 746 docet,
2895 694 2951 733 ut
2998 698 3118 736 cum
3174 681 3503 749 pudefacere
3560 692 3618 734 et

2030 774 2375 844 vilipendere
2413 783 2470 828 et
2516 774 2749 827 alienam
2803 775 3117 829 cathedram
3172 775 3272 829 sibi
3325 769 3618 829 conciliare

2033 867 2388 931 contendens,
2409 863 2566 934 juste
2587 865 2908 932 episcopatu
2935 865 3250 934 deponitur.
3281 864 3382 931 Qui
3436 865 3613 919 alieni

2030 959 2177 1012 enim
2211 957 2366 1025 petit,
2405 968 2460 1011 et
2483 957 2596 1010 suis
2631 956 2896 1024 privatur.
2933 956 3043 1010 Sed
3071 957 3136 1010 ad
3171 955 3614 1026 presbyterorum

2030 1045 2210 1102 locum
2240 1046 2548 1108 deducitur,
2577 1057 2632 1100 et
2664 1046 2806 1099 inter
2853 1060 2948 1101 eos
3001 1062 3220 1100 munere
3243 1045 3515 1112 fungetur.
3548 1043 3619 1098 Et

2031 1149 2160 1193 nota
2190 1138 2410 1206 quando
2461 1137 2624 1192 etiam
2659 1139 2948 1207 episcopus
2985 1135 3051 1189 ad
3108 1135 3406 1206 presbyteri
3435 1135 3614 1191 locum

2031 1232 2333 1285 reducitur.
2367 1229 2502 1284 Nam
2553 1231 3012 1285 undetricesimus
3068 1232 3257 1303 synodi
3319 1231 3620 1286 Chalcedo-

2032 1322 2214 1375 nensis
2253 1335 2428 1374 canon
2459 1334 2488 1375 e
2520 1331 2709 1375 contra
2763 1320 3110 1388 sacrilegium
3175 1328 3329 1374 vocat
3379 1319 3619 1389 episcopi

2029 1411 2096 1465 ad
2133 1412 2435 1484 presbyteri
2468 1413 2692 1481 gradum
2730 1413 3138 1477 deductionem,
3191 1421 3244 1465 et
3283 1413 3426 1466 lnmc
3478 1426 3618 1480 prauo

2029 1514 2237 1557 sentem
2273 1518 2538 1558 canonem
2576 1519 2642 1558 ex
2673 1519 2740 1558 eo
2772 1518 2983 1560 canone
3014 1504 3286 1559 catholico
3328 1511 3616 1572 exceptum

2031 1592 2260 1649 habeas.

2613 1773 2847 1830 CANON
2889 1773 3032 1830 XXI.

2041 1883 2060 1916 ι
2093 1865 2200 1932 Qui
2234 1866 2628 1922 canonicorum
2656 1869 2876 1937 quidem
2911 1869 3204 1923 criminum
3255 1868 3332 1923 rei
3365 1867 3514 1934 facti,
3564 1878 3620 1921 et.

2110 1979 2128 2010 ι
2169 1972 2457 2030 propterea
2510 1962 2770 2032 perfecta:
2839 1978 2904 2019 ac
2961 1974 3235 2034 perpetuas
3290 1963 3616 2032 depositioni

2105 2074 2122 2106 ι
2165 2053 2440 2125 subjecti,
2502 2056 2553 2109 in
2615 2056 2876 2112 laicorum
2943 2057 3122 2112 locum
3177 2058 3385 2114 detrusi
3448 2067 3614 2121 sunt;

2104 2164 2121 2197 ι
2163 2147 2430 2215 siquidem
2459 2147 2527 2201 ad
2577 2149 2988 2203 conversionem
3036 2164 3135 2204 sua
3196 2159 3389 2218 sponte
3441 2134 3616 2220 respi-

2105 2257 2124 2289 ι
2159 2239 2364 2293 cientes
2395 2249 2675 2308 peccatum
2707 2239 2910 2307 delent,
2943 2250 3165 2309 propter
3203 2242 3347 2310 quod
3380 2257 3408 2295 a
3441 2243 3618 2311 gratia

2105 2353 2122 2384 ι
2160 2333 2499 2394 exciderunt,
2534 2342 2589 2387 et
2618 2331 2687 2388 ab
2710 2348 2776 2388 eo
2801 2348 2859 2388 se
2881 2335 3097 2403 penitus
3122 2334 3332 2389 alienos
3355 2333 3615 2397 cilicium,

2107 2441 2124 2473 ι
2165 2422 2295 2478 cieri
2328 2425 2514 2479 habitu
2542 2429 2920 2482 tondeantur:
2976 2427 3062 2483 sin
3125 2436 3304 2482 autem
3359 2441 3466 2480 non
3519 2441 3616 2480 sua

2106 2531 2122 2563 ι
2158 2524 2352 2581 sponte
2401 2513 2503 2568 hoc
2548 2516 2831 2586 elegerint,
2884 2532 3096 2573 comam
3149 2517 3291 2573 sicut
3346 2517 3469 2572 laici
3516 2532 3620 2570 nu-

2104 2624 2122 2656 ι
2168 2607 2376 2674 triant,
2444 2615 2630 2676 utpote
2713 2609 2804 2676 qni
2870 2610 3199 2664 mundanam
3255 2625 3351 2664 seu
3449 2625 3620 2664 δωρη-

2107 2715 2125 2748 ι
2161 2699 2327 2752 larem
2389 2703 2864 2756 conversationem
2941 2701 3066 2756 vilte
3132 2702 3344 2759 ctBleSti
3404 2718 3619 2774 pracpo-

2103 2811 2120 2841 ι
2159 2792 2393 2846 suerint.

2099 2950 2290 3029 BALS.
2327 2975 2461 3029 l‘tota
2486 2991 2550 3030 ex
2592 2975 2693 3030 hoc
2734 2978 2988 3046 prrcsenti
3053 2991 3282 3043 canone,
3332 2980 3474 3044 quod
3526 2978 3619 3046 qui

2028 3078 2247 3139 propter
2279 3069 2494 3134 aliquod
2525 3070 2732 3123 crimen
2765 3071 3130 3138 deponuntur,
3175 3079 3234 3124 ut
3277 3072 3400 3126 laici
3453 3089 3618 3140 repu-

328 3159 516 3212 λαῖκοὶ
540 3158 870 3226 λογίζονται.
904 3160 998 3212 καὶ
1031 3159 1092 3212 οὐ
1125 3159 1382 3214 δύνανται
1418 3161 1560 3230 μετά
1599 3162 1697 3233 τὴν
1733 3163 1917 3217 καθαί-

2035 3171 2238 3225 tantur,
2268 3175 2366 3214 nec
2395 3171 2621 3230 possunt
2651 3161 3186 3230 postdepositioncm
3217 3163 3422 3233 aliquid
3455 3181 3618 3234 agere

331 3269 486 3319 ρεσιν
536 3252 778 3322 ἐνεργεῖν
828 3251 1064 3321 οίονδήτι
1115 3251 1322 3322 ἀνῆκον
1374 3253 1663 3324 κληρικῷ·
1727 3255 1922 3326 μόνους

327 3345 390 3397 δὲ
415 3345 544 3406 τούς
571 3344 915 3402 ἀποστάντας
946 3343 1041 3396 τοῦ
1087 3345 1494 3416 ἁμαρτήματος
1523 3346 1593 3400 δι’
1623 3346 1652 3400 ὃ
1683 3348 1924 3422 καθῃρέ-

329 3437 528 3506 θησαν,
561 3435 724 3507 τυχὸν
756 3438 859 3507 τῆς
895 3437 1152 3506 πορνείας
1184 3437 1216 3509 ἢ
1250 3437 1437 3507 ἐτέρου
1483 3438 1649 3508 τινος,
1685 3440 1922 3510 διορίζε-

327 3546 423 3582 ται
457 3531 484 3582 ό
516 3529 700 3582 κανὼν
756 3528 1039 3599 κείρεσθαι
1100 3529 1200 3599 τὴν
1250 3531 1496 3600 κεφαλὴν
1531 3533 1674 3587 κατὰ
1730 3533 1922 3605 κληρι-

329 3621 504 3683 κούς,
559 3621 730 3692 ἧγουν
786 3621 932 3692 ἔχειν
1005 3622 1416 3694 παπαλήθραν,
1470 3624 1566 3676 καὶ
1629 3625 1916 3680 ἐνδύεσθαι

331 3715 521 3783 σχῆμα
545 3712 834 3784 κληρικοῦ.
871 3712 1392 3786 Φιλανθρωπότερον
1424 3716 1534 3788 γὰρ
1563 3719 1658 3771 ἐπὶ
1704 3719 1919 3785 τούτοις

327 3803 631 3859 διατίθεται
664 3805 752 3858 διὰ
804 3806 902 3877 τὴν
955 3807 1271 3876 μετάνοιαν.
1317 3809 1457 3871 Τοὺς
1489 3809 1546 3860 δέ
1595 3827 1657 3878 γε
1703 3811 1918 3880 ἀμετα-

328 3895 504 3958 θέτως
533 3895 886 3968 ἐξεχομὲνους
911 3897 1010 3966 τῆς
1044 3897 1318 3970 ἁμαρτίας
1351 3898 1574 3968 τρέφειν
1601 3901 1701 3972 τὴν
1734 3904 1916 3973 κόμην

327 3987 708 4042 διακελεύεται
749 3989 892 4042 κατά
943 3989 1187 4055 λαῖκούς,
1218 3990 1305 4044 ἵνα
1338 3990 1514 4061 ἔχοιεν
1561 3991 1787 4045 πλείονα
1828 3997 1916 4048 ati-

329 4080 557 4152 σχύνην,
595 4080 668 4152 μὴ
714 4081 1208 4152 παραχωρούμενοι
1262 4085 1319 4136 ἐν
1378 4087 1582 4155 μετοχῇ
1642 4087 1913 4157 κληρικοῦ

327 4173 469 4236 ὅλως
495 4170 807 4238 εἶναι,ἀλλὰ
837 4174 931 4227 καὶ
962 4175 1128 4228 αὐτοῦ
1159 4173 1253 4228 τοῦ
1278 4172 1579 4244 ἐνδύματος
1613 4179 1905 4248 στερισκό·

329 4285 506 4336 μενοι.
543 4268 652 4321 Καὶ
686 4269 714 4319 ό
747 4268 845 4336 μὲν
875 4266 1056 4318 κανὼν
1087 4265 1261 4319 ταῦτα
1283 4283 1296 4296 ο
1335 4268 1367 4336 ἡ
1404 4267 1460 4318 δὲ
1489 4265 1564 4319 οθ¹
1601 4269 1793 4340 Νεαρά
1821 4270 1916 4323 τοῦ

329 4360 598 4430 βασιλέως
651 4359 821 4430 κυροῦ
859 4361 1088 4422 Λέοντος
1121 4357 1215 4412 τοῦ
1263 4358 1580 4427 Φιλοσόφου.
1632 4363 1917 4433 καθαιρεῖ-

329 4452 457 4506 σθαι
484 4451 833 4522 διοριζομὲνη
868 4453 994 4514 τοὺς
1026 4449 1165 4519 μετὰ
1192 4451 1534 4522 χειροτονίαν
1567 4454 1908 4523 γαμοῦντας,

327 4545 543 4597 εὐδοκεῖ
585 4546 724 4614 μήτε
771 4542 866 4596 τοῦ
913 4544 1197 4614 σχήματος
1239 4543 1348 4596 τῶν
1399 4544 1680 4615 κληρικῶν
1709 4549 1911 4614 αὐτοὺς

325 4636 844 4707 ἀπαλλοτριοῦσθαι,
884 4637 1022 4706 μήτε
1054 4635 1154 4706 τῆς
1203 4637 1262 4688 ἐν
1322 4639 1388 4708 τῇ
1439 4637 1740 4711 Ἐκκλησία
1801 4660 1916 4695 χοι-

323 4727 552 4797 νοτέρα;
610 4727 934 4796 ὑπηρεσίας.
995 4727 1104 4780 Καὶ
1165 4728 1199 4796 ἡ
1252 4724 1519 4796 ζ’Νεαρέι
1581 4730 1676 4783 τοῦ
1724 4732 1897 4786 αὐτοῦ

326 4818 594 4890 βασιλέως
615 4821 738 4881 τοὺς
766 4819 874 4870 ἀπὸ
903 4817 1184 4890 κληρικῶν
1211 4819 1348 4889 πρὸς
1377 4819 1601 4883 λαῖκοὺς
1625 4839 1911 4896 μετασχη-

327 4911 692 4974 ματισθέντας
729 4911 824 4962 καὶ
846 4910 1077 4972 ἄκοντας
1110 4910 1247 4980 πρὸς
1275 4911 1408 4964 αὐτὸ
1439 4912 1603 4964 πάλιν
1633 4914 1908 4968 ἀποκαθί-

326 5002 559 5056 στασθαι
584 5003 903 5070 διορίζεται.
938 5000 1196 5055 Φαίνεται
1223 4997 1317 5056 οὖν
1343 5003 1662 5072 ἐναντιότης
1693 5007 1750 5057 ἐν
1778 5008 1908 5061 τού-

321 5112 458 5158 τοις.
495 5093 650 5163 Ἐμοὶ
686 5095 744 5147 δέ
772 5095 922 5147 δοκεῖ
947 5095 1038 5146 τὸν
1072 5095 1172 5162 μὲν
1197 5095 1401 5146 κανόνα
1429 5095 1744 5165 νομοθετεῖν
1774 5102 1905 5170 περὶ

323 5189 432 5240 τῶν
457 5187 974 5258 καταδικαζομένων
1002 5187 1092 5240 διὰ
1127 5185 1385 5257 ἔγκλημά
1437 5206 1486 5241 τι
1546 5194 1901 5259 προσαγγελ-

2028 3257 2173 3322 quod
2209 3257 2275 3309 ad
2304 3254 2564 3309 clericum
2603 3254 2709 3309 ulla
2741 3256 2952 3310 ratione
2982 3257 3273 3326 pertineat.
3297 3256 3405 3313 Eos
3429 3268 3612 3312 autem

2026 3349 2194 3413 solos,
2221 3348 2313 3418 qui
2343 3363 2370 3402 a
2395 3360 2621 3418 peccato
2661 3348 2989 3402 recesserint
3017 3357 3237 3418 propter
3277 3350 3419 3416 quod
3451 3349 3619 3414 depo-

2023 3439 2114 3493 siti
2150 3436 2390 3500 fuerant,
2429 3451 2458 3490 a
2498 3435 2858 3491 fornicatione
2898 3434 3040 3489 forte
3103 3435 3187 3490 vel
3243 3435 3428 3504 aliquo
3481 3437 3612 3498 alio,

2023 3531 2271 3586 decernit
2294 3545 2467 3584 canon
2515 3545 2638 3584 esse
2681 3530 2979 3584 tondendos
3014 3530 3216 3598 capite,
3254 3537 3313 3583 ut
3360 3528 3612 3588 clericos.

2026 3624 2077 3676 id
2105 3630 2213 3688 est,
2244 3622 2446 3676 habere
2472 3622 2720 3691 papalem
2751 3630 3056 3681 tonsuram,
3083 3629 3139 3674 et
3189 3618 3376 3674 clerici
3421 3619 3610 3676 habitu

2024 3715 2197 3770 indui.
2223 3714 2280 3768 In
2308 3728 2401 3768 eos
2428 3715 2572 3766 enim
2599 3721 2680 3766 est
2706 3713 2891 3765 mitior
2921 3726 2984 3765 ac
3021 3711 3342 3766 clementior
3390 3723 3615 3782 propter

2023 3808 2421 3878 ptenitentiam.
2450 3805 2606 3875 181
2633 3803 2670 3858 li
2701 3789 2902 3870 autem,
2927 3804 3018 3874 qni
3039 3805 3090 3856 in
3113 3812 3341 3882 peccato,
3354 3816 3614 3873 perpetuo

2022 3901 2250 3966 haerent,
2283 3914 2494 3955 comam
2528 3899 2734 3952 nutrire
2757 3898 3016 3967 jubentur
3063 3906 3122 3952 ut
3148 3898 3295 3961 laici,
3331 3909 3389 3950 nt
3419 3896 3610 3966 majori

2023 3995 2228 4062 pudore
2264 3990 2591 4054 afficiantur,
2616 4005 2718 4044 nec
2764 3989 2817 4043 iu
2867 3990 2998 4042 cleri
3041 3991 3465 4060 participatione
3501 3990 3612 4042 ullo

2019 4100 2144 4141 esse
2169 4084 2328 4138 modo
2363 4083 2443 4138 eis
2481 4084 2852 4152 permittatur,
2885 4082 2980 4136 sed
3031 4085 3148 4151 ipso
3190 4082 3355 4136 etiam
3404 4085 3608 4136 amictu

2021 4177 2323 4247 priventnr.
2352 4174 2417 4228 Et
2463 4175 2576 4227 haec
2605 4173 2824 4250 quidem
2871 4185 3043 4226 canon
3075 4188 3088 4235 ;
3129 4169 3197 4224 79
3225 4181 3403 4224 autem
3469 4172 3603 4240 imp.

2023 4267 2227 4323 domini
2264 4262 2462 4322 Leonis
2499 4264 2814 4332 PliilOSOpbi
2852 4263 3065 4317 Novella
3115 4279 3210 4316 eos
3255 4262 3454 4333 deponi
3505 4263 3605 4317 dc-

2021 4359 2150 4415 bere
2181 4367 2456 4423 statuens,
2492 4357 2582 4426 qui
2616 4359 2825 4411 ducunt
2877 4371 3072 4410 uxores
3133 4364 3254 4424 post
3304 4354 3610 4409 ordinatio-

2025 4468 2172 4517 nem,
2197 4451 2313 4503 vult
2346 4463 2518 4518 neque
2549 4463 2644 4502 eos
2673 4463 2702 4501 a
2731 4447 3058 4501 clericorum
3113 4444 3295 4498 ltabilu
3349 4445 3606 4505 alienari,

2023 4561 2123 4600 nec
2165 4561 2194 4599 a
2231 4543 2619 4599 comnnmioue
2672 4539 2960 4594 ministerii
3015 4539 3069 4592 in
3119 4537 3385 4593 Ecclesia.
3450 4537 3514 4591 Et
3575 4536 3607 4586 Ἰ
3703 4545 3708 4547 ·

2019 4638 2264 4708 ejusdem
2303 4635 2434 4704 imp.
2474 4633 2698 4688 Novella
2742 4646 2857 4696 eos,
2899 4631 3049 4700 quia
3086 4629 3302 4684 clericis
3342 4631 3393 4684 in
3439 4628 3608 4682 laicos

2023 4730 2373 4784 transmutati
2405 4737 2556 4790 sunt,
2590 4725 2780 4778 eodem
2815 4738 3001 4776 rursus
3051 4722 3135 4777 vel
3181 4723 3380 4778 invitos
3425 4723 3607 4777 rcdire

2015 4824 2195 4893 jubet.
2232 4819 2459 4876 Videtur
2486 4820 2650 4888 igitur
2687 4814 2737 4869 in
2776 4815 2859 4868 bis
2887 4829 3010 4870 esse
3062 4816 3443 4886 repugnantia.
3477 4814 3606 4869 Exi-

2021 4919 2187 4974 stimo
2216 4924 2396 4968 autem
2431 4924 2691 4965 cauonem
2722 4910 2940 4978 quidem
2977 4909 3046 4964 de
3076 4909 3144 4964 iis
3189 4919 3453 4974 statuere,
3503 4926 3598 4980 qut

2019 5020 2239 5081 prapter
2275 5006 2512 5060 delatum
2546 5003 2762 5070 aliquod
2795 5001 3039 5070 {crinten'
3061 5002 3426 5066 condemnati,
3457 5003 3601 5056 malo

2017 5101 2236 5156 assidue
2266 5097 2569 5160 inicerent;
2605 5093 3058 5163 quemadmodum
3121 5104 3340 5162 propter
3391 5093 3602 5147 adulte-

2016 5197 2180 5257 rium,
2219 5198 2437 5260 propter
2467 5187 2735 5254 rapinam,
2782 5195 3000 5255 propter
3047 5185 3390 5254 sacrilegium
3425 5203 3441 5239 :
3488 5183 3598 5238 No-

1559 5281 1606 5340 G
1622 5281 1760 5345 uill.
1799 5285 2131 5367 Beveregii
2166 5295 2354 5346 notua.

397 5381 511 5454 (86)
546 5385 611 5435 Οἱ
644 5381 738 5434 ἐπ’
791 5383 1132 5452 ἐγκλήμασι
1189 5381 1555 5448 κανονικοῖς.
1618 5384 1896 5442 Canonica

325 5454 561 5507 crimina
594 5455 737 5506 dicta
801 5465 950 5517 sunt,
1004 5469 1127 5523 qua:
1177 5468 1206 5506 a
1255 5455 1563 5517 caponibus
1619 5464 1898 5523 vetantur,

325 5539 561 5595 reosque
592 5525 879 5595 canonicis
907 5523 1541 5595 suppliciis‘subjiciunt.
1593 5524 1696 5576 Sed
1755 5526 1900 5580 mhi-

323 5591 562 5647 luminus
595 5607 728 5646 mss.
754 5591 1081 5648 Bodleianus
1101 5602 1154 5647 et
1183 5592 1658 5647 Amerbachiauus
1693 5599 1898 5651 rectius

327 5669 431 5716 hoc
460 5664 582 5716 loco
615 5661 919 5724 xavovcxt'bq
950 5663 1146 5732 legisse
1173 5663 1461 5723 videntur;
1491 5663 1548 5716 ut
1575 5679 1772 5718 sensus
1801 5668 1898 5732 sit,

323 5736 373 5786 oi.
399 5733 486 5786 ἐπ’
531 5733 847 5802 ἐγκλήμασι
891 5731 1194 5792 κανονικῶς
1246 5731 1535 5785 ὑπεύθυνοι
1601 5736 1899 5804 γινόμενοι,

301 5805 434 5869 ,ραί
494 5804 567 5857 rei
603 5806 887 5855 criminum
933 5804 1183 5855 canonice
1244 5803 1374 5872 facti
1422 5813 1567 5868 sunt,
1631 5803 1736 5859 huc
1793 5803 1900 5876 est,

612 5894 882 5955 ΡΑΤιιοι..
914 5893 1030 5955 Gs.
1075 5894 1449 5957 CXXXVII.

2002 5401 2160 5461 prout
2211 5389 2264 5461 in
2303 5385 2624 5461 sationibus
2643 5379 3038 5461 ecclesiasticis
3069 5388 3290 5461 cautum
3319 5387 3423 5432 est.

2078 5461 2191 5527 (87)
2223 5455 2533 5512 Ἀθετοῦσι
2567 5454 2683 5527 τὴν
2717 5452 3035 5520 ἁμαρτίαν.
3067 5449 3296 5518 Proprie
3323 5459 3595 5527 peccatum

2005 5520 2280 5600 reﬁciunt,
2324 5538 2416 5580 aut
2451 5525 2754 5592 repudiarit,
2803 5536 2914 5589 quo
2968 5534 3134 5600 sensu
3188 5531 3303 5600 ctua
3365 5520 3596 5600 Ιξριιιὶιιι)

2005 5588 2199 5655 nostro
2230 5602 2343 5651 hare
2401 5588 2518 5648 vox'
2557 5588 2879 5660 usurpatur,
2949 5588 3186 5660 dicente,
3229 5588 3292 5660 ὀ

2002 5669 2180 5738 ὑμᾶς,
2209 5667 2316 5736 ἐμὲ
2342 5663 2560 5738 ἀθετεῖ·
2596 5657 2724 5738 είδέ
2763 5660 2872 5738 ἐμᾴ
2890 5734 2911 5738 η
2929 5659 3184 5726 ἀθετῶν,
3232 5657 3435 5712 ἀθετεῖ
3483 5673 3590 5710 τιν

2001 5731 2454 5795 ἀποστείλαντὰ
2474 5750 2570 5805 με.
2599 5733 2734 5788 Luc.
2761 5749 2815 5798 ιι,
2846 5731 2935 5789 16.

3362 5586 3593 5641 ἀθετῶν

3195 5882 3270 5946 19
