4074 6434
483 319 583 383 587

1735 308 2011 368 THEOD.
2057 306 2467 366 BALSAMON

3598 296 3748 368 tm.

474 433 672 487 vellant
692 404 897 496 autem,
932 426 1095 484 de‘iis
1128 427 1217 496 qui
1252 434 1372 496 post
1403 424 1798 503 ordinationem
1815 437 2036 476 uxorem

2157 420 2256 483 )‘av,
2289 421 2386 474 καὶ
2416 419 2767 489 ἀμεταθέτως
2818 419 3158 489 ἐξεχομένων
3201 417 3296 471 τοῦ
3351 415 3565 471 κακοῦο
3609 415 3729 473 οἷον

479 525 790 589 duxerunt;
818 522 959 591 quod
995 519 1211 591 quidem
1240 518 1343 573 etsi
1368 516 1576 571 inducit
1623 514 2040 584 depositionem,

478 614 558 666 eis
614 621 793 666 tamen
867 621 1089 681 prapter
1144 606 1547 661 matrimonium
1605 603 1922 674 ignoscitur.
1979 598 2047 652 Et

478 700 613 754 ideo
633 700 713 752 eis
741 696 1006 751 aNovella
1038 696 1359 764 permissum
1406 702 1511 759 est,
1550 700 1607 746 ut
1646 706 1710 746 ea
1757 696 2049 744 exerceant

479 804 598 857 qua:
629 788 763 842 ﬁunt
796 796 947 843 extra
998 804 1209 841 sacrum
1264 784 1554 847 tribunal;
1610 782 1803 849 reliqui
1864 790 2043 834 autem

479 881 824 935 transmutati
853 890 1131 949 cogentur,
1166 888 1225 932 ut
1256 886 1403 945 puto,
1453 892 1518 930 ex
1558 872 1793 931 Novella:
1832 880 2051 929 senten-

482 970 552 1023 tia
583 981 633 1026 et
674 986 703 1024 a
732 981 925 1027 sancto
954 970 1138 1024 habitu
1167 984 1272 1022 non
1310 966 1550 1023 desilire.

548 1244 804 1302 ZONAR.
838 1243 1000 1297 Multa
1030 1251 1153 1295 sunt
1197 1241 1481 1294 criminum
1534 1255 1754 1310 genera,
1806 1241 1876 1295 ob
1927 1258 2046 1309 quae

480 1341 727 1394 initiatos
758 1335 951 1405 deponi
983 1343 1038 1387 et
1069 1334 1214 1386 «τισι-ο
1255 1332 1483 1395 moveri,
1514 1341 1676 1401 atque
1710 1332 1850 1388 inter
1879 1333 2051 1389 laicos

478 1431 671 1486 referri
702 1428 973 1481 decretum
1007 1436 1108 1478 est.
1146 1422 1251 1477 Sed
1284 1432 1536 1489 ponatur,
1574 1423 1805 1493 exempli
1861 1438 2048 1485 causa,

486 1520 795 1577 fornicatio.
826 1517 879 1570 Si
928 1516 1052 1585 quis
1084 1530 1214 1583 ergo
1269 1513 1641 1568 fornicationis
1678 1530 1819 1567 treus
1863 1515 2052 1584 depre-

483 1615 751 1670 hendatur
786 1610 1065 1679 presbyter
1093 1616 1184 1659 aut
1226 1606 1505 1671 diaconus,
1548 1606 1742 1673 deponi
1796 1622 1859 1659 ac
1903 1606 2055 1662 [uicis

483 1706 755 1770 ascriptus
784 1700 993 1755 censeri
1014 1699 1192 1753 debet.
1221 1697 1438 1759 Verum;
1470 1700 1513 1750 si
1547 1708 1830 1767 postquam
1861 1702 2053 1754 ordine

480 1806 662 1849 motus
696 1801 779 1847 est
818 1792 883 1845 ad
917 1789 1291 1857 pmuitentiam
1323 1800 1517 1857 sponte
1538 1804 1596 1841 se
1624 1790 1853 1854 dederit,
1885 1806 2051 1859 seque

482 1887 548 1939 ab
580 1898 641 1936 ea
688 1882 876 1951 culpa,
939 1880 1007 1933 ob
1064 1894 1221 1947 quam
1267 1879 1569 1932 sacerdotio
1632 1879 1887 1934 tuultatus
1946 1891 2051 1945 est,

481 1990 643 2044 quam
681 1972 991 2041 longissime
1024 1971 1308 2024 abduxerit
1342 1979 1411 2024 et
1472 1986 1500 2023 a
1556 1979 1777 2039 peccato
1840 1974 2054 2043 penitus

479 2066 824 2126 abstinuerit,
866 2062 1076 2116 tonderi
1116 2062 1390 2114 hominem
1423 2061 1746 2115 clericorum
1780 2078 1929 2119 more
1956 2079 2051 2119 ca~

483 2172 589 2211 non
633 2157 944 2224 permittit;
1006 2162 1062 2207 ut
1113 2168 1177 2205 ε)
1232 2151 1517 2217 \idelicet,
1574 2152 1665 2220 qui
1729 2154 2052 2209 clericorum

483 2252 738 2318 proprius
778 2257 878 2312 est,
933 2253 1122 2298 ornatu
1169 2257 1469 2307 concesso,
1531 2243 1736 2311 reliquo
1792 2243 2052 2298 laicorum

481 2337 670 2392 habitu
702 2336 924 2397 utentis,
975 2334 1040 2386 ad
1076 2331 1335 2385 laicorum
1386 2329 1564 2382 loeum
1627 2329 1824 2396 dejecti
1883 2332 2056 2398 pudor

484 2428 885 2500 ignominiaque
917 2429 1210 2479 minuatur.
1242 2424 1393 2489 Quod
1424 2424 1467 2477 si
1518 2424 1722 2477 nullunt
1770 2424 2054 2479 abdicandi

481 2520 761 2574 dedecoris
788 2534 849 2572 ac
888 2519 1010 2571 vitae
1037 2516 1390 2570 emendandae
1422 2531 1517 2570 sua
1554 2526 1746 2584 Sponte
1769 2518 2054 2571 consilium

482 2612 681 2680 capiat,
733 2625 799 2664 ex
836 2610 1096 2663 laicorum
1131 2608 1521 2662 consuetudine
1556 2607 1766 2661 nutrire
1821 2622 2055 2675 comam,

485 2703 792 2771 capilloque
824 2700 1133 2756 abradendo
1185 2698 1398 2767 penitus
1429 2698 1697 2751 abstinere
1737 2697 1927 2766 jubent
1955 2709 2059 2752 :rut

485 2808 608 2848 cum
668 2806 729 2846 se
783 2800 942 2846 antea
1000 2789 1339 2844 sacerdotem
1392 2796 1487 2841 aut
1541 2788 1850 2852 diaconum,
1916 2805 2058 2845 nunc

2146 511 2233 563 διὰ
2263 511 2531 581 μοιχείαν,
2569 511 2657 565 διὰ
2698 512 2973 581 ἁρπαγὴν,
3023 512 3110 565 διὰ
3145 510 3455 578 ἱεροσυλίαν
3481 527 3496 541 ·
3524 510 3623 581 τὴν
3665 512 3728 564 δὲ

2148 602 2371 672 Νεαρὰν
2404 620 2468 653 πε
2480 603 2532 673 pl
2580 602 2689 654 τῶν
2717 601 2857 672 μετά
2885 604 2985 671 τὴν
3008 602 3352 672 χειροτονίαν
3382 602 3728 671 διγαμησάνυ

2148 670 2282 757 των,
2301 694 2458 764 ὅπερ,
2480 670 2595 746 ⁷κὲιν
2628 670 2947 764 καθαίρεσιν
2976 670 3183 765 ἐπάγῃ,
3209 693 3327 746 ἀλλ’
3376 690 3473 746 οὖν
3504 670 3595 746 διὰ
3625 693 3720 746 τὸν

2146 784 2328 853 γάμον
2359 783 2814 852 συγγινώσκεται.
2846 783 2956 836 Καὶ
2981 785 3069 838 διὰ
3113 785 3275 839 τοῦτο
3321 787 3754 857 παρεχωρήθηο’

2152 894 2252 931 σαν
2282 878 2331 931 οί
2361 875 2596 929 τοιοῦτοι
2627 877 2730 930 ὑπὸ
2758 879 2856 946 τῆς
2883 878 3101 947 Νεαρᾶς
3136 878 3383 946 ἐνεργεῖν
3410 880 3476 933 τὰ
3506 879 3610 945 ἔξω
3634 881 3728 935 τοῦ

2153 968 2398 1037 βήματος
2424 985 2438 999 ·
2472 969 2521 1021 οἱ
2567 968 2623 1020 δὲ
2671 969 2852 1020 λοιποὶ
2894 969 2943 1022 οί
2981 966 3619 1037 μετασχηματισθέντες,
3650 970 3731 1033 ὠς

2150 1062 2356 1132 οἴομαι,
2381 1060 2522 1114 κατά
2546 1061 2643 1131 τὴν
2672 1060 2891 1131 Νεαρὰν
2925 1060 3432 1130 ἀναγκασθήσονται
3476 1060 3553 1132 μὴ
3596 1078 3733 1114 κατ-

2160 1153 2443 1224 ορχεῖσθαι
2466 1152 2562 1205 τοῦ
2597 1152 2754 1219 ἁγίου
2790 1153 3093 1221 σχήματος.
3454 1211 3465 1215 _

2222 1244 2465 1300 ZQNAP.
2497 1243 2739 1312 Διάφορά
2768 1242 2905 1296 εἰσιν
2958 1244 3284 1312 ἐγκλήματα
3328 1241 3395 1295 δι’
3443 1242 3478 1297 ἃ
3530 1243 3733 1296 καθαι-

2155 1336 2378 1408 ροῦνται
2408 1338 2455 1389 οἱ
2483 1336 2779 1405 ίερωμένοι
2821 1336 2919 1388 καὶ
2965 1334 3298 1399 ὲξωθοῦνται
3354 1334 3448 1388 τοῦ
3499 1334 3731 1403 κλήρου,

2153 1430 2248 1481 καὶ
2301 1425 2764 1497 συναριθμοῦνται
2807 1427 2920 1488 τοῖς
2967 1426 3201 1487 λαῖκοῖς.
3258 1424 3477 1476 Κείσθω
3521 1424 3579 1476 δὲ
3636 1423 3732 1475 νῦν

2156 1519 2289 1588 ἡμῖν
2322 1518 2401 1580 είς
2432 1514 2835 1585 παράδειγμαὴ
2870 1514 3117 1585 πορνεία.
3179 1514 3242 1566 Ei
3288 1513 3418 1581 γοῦν
3475 1512 3589 1581 ἁλῷ
3649 1530 3734 1574 τις

2154 1606 2461 1678 πορνεύσας
2490 1604 2861 1675 πρεσϐύτερος
2894 1603 3221 1673 ἢδιάκονος,
3251 1602 3599 1671 καθαιρεῖται
3639 1602 3731 1653 καὶ

2157 1701 2517 1753 συντάσσεται
2545 1699 2776 1757 λαῖκοῖς.
2807 1697 2885 1750 Εί-
2902 1697 3002 1765 μὲν
3019 1690 3111 1750 οὖν
3137 1694 3276 1765 μετὰ
3296 1695 3395 1763 τὴν
3417 1693 3737 1762 καθαίρεσιν

2152 1792 2422 1853 ἑκουσίως
2449 1791 2588 1861 πρὸς
2626 1789 2919 1859 μετάνοιαν
2945 1788 3247 1857 ἀπονεύσῃ,
3276 1786 3372 1838 καὶ
3424 1784 3737 1855 ἀπόσχηται

2153 1884 2259 1954 τῆς
2292 1882 2588 1953 ἁμαρτίας,
2628 1881 2694 1934 δι’
2726 1880 2792 1951 ἦν
2824 1879 2939 1948 ,τῆς
2993 1877 3295 1948 ἱερωσύνης
3341 1877 3590 1940 ἐξέπεσε.
3642 1877 3740 1926 καὶ

2153 1974 2335 2027 τέλεον
2370 1973 2466 2027 τοῦ
2490 1972 2781 2041 πτώματος
2812 1968 3238 2040 ἀπαλλοτριώσῃ
3264 1967 3480 2031 ἑαυτὸν,
3515 1966 3738 2035 ἐφίησιν

2155 2064 2304 2134 αὐτῷ
2344 2066 2371 2117 ό
2403 2064 2586 2118 κανὼν
2619 2064 2764 2117 κατά
2797 2062 3096 2130 κληρικοῦς
3140 2059 3447 2130 κείρεσθαι,
3481 2056 3623 2110 ὥστε
3655 2058 3736 2126 τῷ

2159 2158 2400 2226 σχήματι
2424 2156 2560 2219 τέως
2595 2153 2977 2223 κεκοσμῆσθαι
3007 2152 3117 2204 τῶν
3146 2149 3449 2221 κληρικῶν,
3498 2150 3594 2202 καὶ
3662 2149 3736 2220 μὴ

2158 2250 2338 2316 πάντη
2357 2246 2710 2316 αἰσχύνεσθαι
2743 2247 2824 2308 εἰς
2848 2243 3037 2297 λαῖκοῦ
3065 2241 3413 2313 καταχθέντα
3438 2242 3531 2294 καὶ
3550 2240 3738 2310 σχῆμα

2157 2341 2253 2393 καὶ
2308 2340 2489 2392 τόπον.
2551 2340 2614 2391 El
2657 2338 2713 2390 δὲ
2770 2336 3023 2405 ἐπιμένει
3075 2339 3142 2406 τῇ
3201 2334 3473 2405 ἁμαρτία,
3509 2333 3605 2385 καὶ
3639 2334 3742 2401 οὐχ

2159 2432 2398 2503 αἱρεῖται
2430 2431 2527 2501 τὴν
2578 2429 2917 2500 ἐπιστροφὴν
2955 2428 3241 2494 ἑκουσίως,
3300 2426 3524 2497 τρέφειν
3574 2423 3741 2476 αὑτὸν

2157 2525 2256 2595 τὴν
2279 2525 2456 2595 κόμην
2482 2523 2862 2577 διακελεύεται
2895 2524 3035 2575 κατά
3075 2520 3323 2586 λα’ίκοὺς,
3360 2521 3457 2571 καὶ
3507 2516 3581 2586 μὴ
3637 2514 3740 2595 τάς

2157 2616 2259 2685 τῆς
2283 2616 2528 2685 κορυφῆς
2552 2615 2817 2683 ξυρᾶσθαι
2848 2613 3044 2684 τρίχας
3063 2628 3080 2645 ο
3118 2611 3185 2665 ἵν’
3214 2611 3523 2679 αἰσχύνοιτο
3551 2606 3625 2668 ὡς
3656 2607 3737 2667 εἰς

2158 2705 2383 2766 λαῐκοὺς
2441 2705 2718 2766 ἀπωσθεὶς
2752 2706 2779 2756 ὁ
2825 2703 2955 2773 πρὶν
2994 2704 3175 2773 ἱερεὺς
3224 2704 3256 2772 ἢ
3313 2700 3581 2773 διάκονος,
3640 2698 3737 2747 καὶ

2159 2797 2305 2851 οὕτω
2335 2799 2467 2850 ποτὲ
2502 2798 2729 2867 συνήσῃ,
2760 2769 2983 2865 καὶ-τῆς
3013 2769 3289 2864 ἁμαρτίας
3339 2769 3666 2859 ἀπόσχηται.

482 2885 537 2939 in
572 2884 829 2937 laicorum
861 2882 1082 2938 ordines
1110 2882 1333 2936 relatum
1362 2896 1469 2935 non
1504 2881 1624 2935 sine
1670 2881 1872 2936 rubore
1927 2885 2342 2954 animadvertat,
2380 2890 2454 2943 ita
2486 2890 2701 2943 demum
2736 2903 2795 2943 se
2821 2890 2935 2957 ipse
3005 2887 3241 2956 colligat,
3306 2895 3361 2940 et
3425 2900 3455 2937 a
3516 2891 3743 2952 peccato

484 2972 771 3032 abstitteal.

484 3072 715 3127 ARlS'l‘.
757 3091 775 3125 ‹
810 3070 910 3138 Qui
942 3070 1053 3140 jam
1092 3068 1369 3139 depositus
1403 3077 1458 3123 et
1507 3068 1573 3122 ad
1609 3068 1791 3123 laicos‘
1807 3070 2056 3125 detrusus

2164 3071 2384 3127 ΑΡΙΣΤ.
2445 3091 2466 3123 ί
2519 3071 2576 3125 Ὀ
2603 3068 2870 3139 διηνεκῶς
2901 3066 3313 3139 καθνῃρημένος,
3351 3067 3445 3118 καὶ
3500 3065 3582 3126 είς
3614 3062 3746 3125 τοὺς

567 3185 586 3217 ι
630 3175 734 3229 est,
770 3162 1088 3233 paenitentia
1129 3163 1319 3215 ductus
1348 3161 1666 3229 deponatur,
1696 3170 1747 3215 et
1777 3162 2060 3217 tondeatur

562 3276 581 3308 t
617 3256 815 3311 solum.
846 3254 940 3308 Sin
975 3252 1175 3318 minus,
1210 3267 1419 3306 contam
1457 3252 1683 3306 nutriat.
1719 3269 1738 3302 ι

559 3434 848 3503 Presbyter
878 3430 1097 3502 quidem
1130 3438 1223 3483 aut
1260 3430 1519 3485 diaconus
1550 3426 1813 3500 dignitate
1865 3441 2060 3499 motus,

488 3532 582 3585 sed
644 3526 868 3581 honoris
926 3534 981 3579 et
1031 3523 1304 3577 cathedra:
1361 3523 1664 3591 particeps,
1734 3522 2060 3592 reliquorum

488 3626 556 3678 ad
600 3624 772 3676 instar
817 3620 1159 3681 clericorum,
1197 3625 1359 3686 caput
1396 3616 1687 3671 detondere
1734 3616 1910 3671 debet.
1959 3616 2060 3682 Qui

487 3713 778 3770 criminum
808 3727 937 3764 vero
972 3725 1096 3764 reus
1129 3708 1304 3763 factus
1334 3717 1438 3773 est,
1467 3717 1520 3762 et
1556 3708 1854 3775 depositus,
1904 3719 1957 3763 et
2009 3710 2061 3761 in

486 3805 748 3859 laicorum
778 3800 970 3854 ordine
995 3797 1315 3859 collocatus.
1350 3796 1393 3850 si
1425 3811 1518 3850 sua
1547 3804 1734 3862 sponte
1758 3807 2061 3863 peccatum,

490 3905 713 3966 propter
736 3893 879 3963 quod
912 3891 1083 3961 gratia
1121 3898 1175 3942 ct
1206 3889 1413 3941 booore
1440 3888 1684 3957 privatus
1717 3888 1832 3951 fuit,
1863 3886 2062 3956 rejicit,

489 4000 544 4042 et
584 3988 650 4040 ad
687 3984 1099 4045 conversionem
1141 3980 1383 4048 respicit,
1424 3979 1742 4033 clericorum
1791 3993 1943 4033 more
1974 3993 2065 4031 Ca-

488 4078 645 4148 pillos
678 4074 870 4144 capitis
922 4070 1233 4125 detondeat.
1286 4069 1342 4123 Si
1396 4076 1578 4122 autem
1640 4084 1736 4122 sua
1788 4068 2067 4122 voluntate

489 4167 688 4222 delicto
740 4180 844 4219 uon
908 4163 1202 4228 abstineat,
1259 4162 1353 4216 sed
1410 4162 1539 4217 illud
1596 4161 1773 4216 facere
1828 4170 2062 4223 recuset,

489 4259 750 4313 laicorqu
788 4254 856 4309 ad
892 4255 1065 4307 instar
1104 4268 1317 4307 comam
1369 4255 1594 4317 nutriat,
1626 4264 1684 4307 ut
1736 4254 2062 4306 mundanam

466 4348 950 4403 conversationem
988 4346 1112 4398 vitae
1140 4344 1352 4400 caelesti
1386 4344 1703 4414 praeferens.

1057 4615 1284 4671 CANOH
1327 4612 1492 4668 XXII.

500 4730 519 4761 ι
557 4710 661 4765 Eos
694 4709 784 4779 qui
816 4707 1055 4778 peatmiis
1086 4707 1429 4766 ordinantur,
1464 4703 1577 4755 siit
1625 4702 1905 4771 episcopos
1952 4705 2065 4757 sive

569 4820 589 4852 ι
627 4802 1038 4869 qualest-Inque
1063 4798 1314 4860 clericos,
1344 4807 1397 4848 ει
1432 4808 1537 4847 non
1566 4808 1627 4846 ex
1666 4794 2064 4847 arxamiuatiunc

569 4912 588 4945 ι
624 4908 687 4949 ac
718 4895 841 4948 vita:
868 4892 1159 4954 electione,
1194 4887 1385 4956 deponi
1430 4886 1680 4955 jubemns
1711 4904 1725 4942 :
1752 4888 1842 4941 sed
1874 4896 1928 4941 et
1974 4903 2069 4942 eos

571 5005 591 5036 ι
630 4985 790 5040 etiam
818 4984 910 5053 qui
945 4982 1357 5037 ordinaverunt.
1382 4998 1407 5031 ν»

546 5146 765 5216 ΒΑΕΞ.
799 5162 873 5215 De
903 5162 969 5214 iis
1011 5159 1101 5228 qui
1145 5166 1363 5227 propter
1417 5157 1674 5227 pecunias
1719 5156 2065 5218 ordinantur,

500 5254 584 5309 vel
627 5264 843 5322 propter
878 5252 1293 5320 magistratuum
1344 5250 1682 5313 mandatum,
1722 5250 1782 5307 in
1827 5249 2073 5301 diversos

500 5360 737 5400 canones
761 5343 1082 5411 scripsimus
1108 5356 1170 5393 ea
1208 5355 1326 5409 qua:
1350 5350 1473 5393 sunt
1504 5350 1887 5395 consentanea.
1923 5340 2070 5393 Prae-

499 5451 625 5489 sens
659 5443 837 5487 autem
866 5446 1039 5484 canon
1073 5446 1193 5485 eum
1224 5432 1417 5496 detoui
1442 5425 1616 5500 jubet,
1650 5434 1740 5500 qui
1781 5432 2068 5485 ordinatus

498 5538 601 5591 est,
634 5535 686 5577 ct
722 5524 811 5591 qui
836 5521 1128 5575 ordinavit.

571 5617 729 5687 182
763 5613 1015 5669 ZONAR.
1052 5612 1321 5669 lnnumeri
1357 5615 1455 5671 hac
1483 5616 1547 5669 de
1576 5630 1634 5669 re
1680 5631 1914 5671 cat-nues
1939 5617 2065 5671 editi

501 5708 679 5762 l'ucte;
704 5707 1336 5775 serpchtamenadhuc
1361 5713 1413 5764 itt
1440 5710 1555 5764 dies
1582 5712 1800 5773 malum,
1825 5722 1872 5763 et
1893 5710 2065 5768 eccm-

2241 3181 2259 3213 ι
2295 3162 2516 3225 λαῖκοὺς
2572 3160 2849 3221 ἀπωσθεὶς
2875 3198 2890 3223 ,
2941 3156 3380 3228 μεταμελόμενος
3411 3196 3427 3221 ,
3472 3154 3744 3221 καθαιρεί-

2238 3274 2257 3309 t
2302 3254 2433 3317 σθω,
2463 3256 2557 3308 καὶ
2586 3253 2857 3324 κειρέσθω
2890 3251 3049 3322 μόνον
3082 3266 3097 3280 ·
3136 3251 3186 3302 εί
3219 3251 3273 3302 δὲ
3300 3248 3396 3320 μὴ,
3434 3248 3532 3317 τὴν
3562 3248 3744 3317 κόμην

2238 3367 2255 3397 ι
2299 3346 2667 3417 ἑπιτρεφέτω.
2709 3364 2727 3396 ι

2242 3439 2304 3492 Ὀ
2337 3438 2435 3511 μὲν
2498 3440 2595 3507 τῆς
2658 3438 2816 3502 ἀξίας
2865 3435 3249 3507 μετακινηθεὶς
3314 3431 3741 3503 πρεσϐύτεροςῆ

2160 3533 2427 3594 διάκονος,
2467 3530 2565 3600 τῆς
2592 3530 2649 3582 δὲ
2683 3530 2857 3599 τιμῆςλ
2887 3529 3129 3598 μετέχων
3160 3528 3253 3579 καὶ
3285 3527 3386 3595 τῆς
3449 3524 3741 3592 καθέδρας,

2164 3625 2305 3677 κατά
2362 3623 2489 3685 τοὺς
2554 3623 2779 3684 λοιποὺς
2825 3622 2952 3683 τοὺς
3002 3622 3060 3673 ὲν
3113 3620 3300 3688 κλήρῳ
3352 3619 3450 3685 τὴν
3500 3615 3742 3683 κεφαλὴν

2163 3715 2370 3783 ὀφείλει
2400 3714 2794 3784 ἀποκείρεσθαι
2829 3730 2844 3744 ⁸
2883 3714 2910 3764 ὁ
2952 3713 2996 3765 δ’
3032 3711 3123 3764 ἐπ’
3163 3709 3472 3779 ἐγκλήμασι
3501 3706 3742 3776 γεγονὼς

2164 3806 2490 3868 ὑπεύθυνος,
2524 3806 2620 3857 καὶ
2650 3803 3026 3874 καθαιρεθεὶς,
3064 3803 3158 3856 καὶ
3196 3804 3277 3864 είς
3307 3802 3399 3855 τὸν
3425 3800 3589 3853 τόπον
3634 3799 3743 3852 τῶν

2165 3898 2368 3951 λαῖκῶν
2399 3896 2641 3966 ταχθεὶς,
2669 3896 2716 3947 εί
2746 3896 2846 3964 μὲν
2878 3895 3141 3958 ἑκουσίως
3180 3894 3365 3945 ἀθετεῖ
3410 3892 3508 3961 τὴν
3566 3890 3744 3958 ἀμαρ-

2161 3989 2305 4052 τίαν,
2341 3987 2406 4038 δι’
2433 3981 2499 4056 ἧς
2538 3986 2638 4056 τῆς
2672 3987 2893 4056 χάριτος
2930 3985 3197 4054 ἐστερήθη
3253 3983 3347 4035 καὶ
3407 3982 3506 4051 τῆς
3553 3982 3741 4048 τιμῆ-,

2165 4079 2260 4129 καὶ
2292 4075 2427 4146 πρὸς
2461 4076 2798 4145 ἐπιστροφὴν
2830 4076 2953 4145 ὁρᾷ,
2990 4076 3133 4128 κατὰ
3163 4073 3289 4135 τοὺς
3329 4072 3624 4141 κληρικοὺς
3642 4069 3744 4137 τῆς

2167 4168 2414 4237 κεταλῆς
2459 4167 2556 4229 τὰς
2590 4167 2786 4236 τρίχας
2818 4165 3086 4235 κειρέσθω
3109 4182 3122 4194 ο
3156 4166 3205 4217 εί
3248 4164 3306 4217 δὲ
3330 4164 3510 4234 οἰκείᾳ
3546 4162 3746 4233 γνώμῃ

2166 4258 2259 4309 τοῦ
2280 4258 2620 4325 πταίσματος
2653 4256 2752 4308 οὐκ
2776 4255 3092 4324 ἀφίσταται,
3129 4255 3268 4308 ἀλλὰ
3299 4255 3561 4325 πράττειν
3586 4251 3747 4305 τοῦτο

2168 4349 2433 4418 ἀρνεῖται,
2469 4348 2609 4399 κατὰ
2634 4348 2758 4409 τοὺς
2787 4346 3010 4410 λαῑκοὺς
3043 4348 3141 4413 τὴν
3176 4347 3355 4416 κόμην
3380 4343 3747 4414 ἑπιτρεφέτω,

2101 4431 2142 4486 Ι)
2170 4434 2245 4497 ὡς
2277 4436 2762 4505 προτιμησάμενσς
2795 4435 2892 4505 τὴν
2919 4436 2977 4489 ὲν
3017 4438 3209 4506 κόσμῳ
3255 4434 3606 4505 ἀναστροφὴν
3645 4431 3747 4502 τῆς

2168 4525 2422 4596 οὐρανίου
2453 4524 2618 4595 ζωῆς.

2758 4619 2849 4672 ΚΔ
2859 4618 2997 4672 ΝΩΝ
3030 4617 3155 4673 KB’.

2178 4730 2194 4762 ‹
2242 4711 2376 4773 Τοὺς
2412 4712 2509 4763 ἐπὶ
2533 4714 2778 4782 χρήμασι
2811 4709 3342 4781 χειροτονουμένους,
3372 4708 3480 4760 εἴτε
3519 4705 3747 4758 ἐπισκό-

2249 4823 2268 4856 ‹
2308 4824 2441 4869 nou;
2484 4807 2513 4876 ἢ
2571 4807 2923 4877 οίουσδήποτε
2974 4806 3303 4876 κληρικοὺς,
3348 4805 3443 4858 καὶ
3499 4804 3559 4856 οὐ
3605 4801 3750 4855 κατά

2252 4912 2270 4944 ‹
2311 4894 2637 4965 δοκιμασίαν
2662 4895 2880 4951 καὶτοῦ
2923 4888 3320 4967 βίουίαῖρεσιν,
3367 4892 3749 4961 καθαιρεῖσθαι

2251 5006 2267 5038 t
2309 4991 2725 5057 προστάσσομεν
2756 5005 2770 5019 ο
2802 4989 2941 5042 ἀλλά
2998 4994 3093 5043 καὶ
3147 4988 3274 5050 τοὺς
3330 4986 3750 5056 χειροτονήσαν-

2250 5099 2269 5128 ι
2312 5095 2426 5141 τας,
2460 5096 2478 5127 ι

2246 5169 2444 5222 ΒΑΛΣ.
2496 5168 2628 5238 Περὶ
2658 5170 3149 5240 χειροτονουμένων
3184 5169 3273 5223 διὰ
3316 5169 3573 5239 χρήματα
3601 5165 3633 5235 ἢ
3664 5163 3749 5217 διὰ

2174 5258 2512 5326 προστασίαν
2545 5259 2821 5328 ἀρχόντων
2846 5261 2924 5321 εἰς
2952 5259 3244 5329 διαφόρους
3302 5260 3531 5319 κανόνας
3578 5255 3749 5323 ὲγρά·

2172 5349 2356 5419 φαμεν
2381 5353 2448 5401 τὰ
2486 5352 2692 5403 εἰκότα.
2730 5350 2840 5403 Καὶ
2871 5354 2898 5402 ό
2930 5349 3120 5421 παρὼν
3156 5348 3337 5404 κανὼν
3369 5345 3750 5422 καθαιρεῖσθαί

2172 5455 2305 5509 φησι
2338 5439 2429 5491 τὸν
2462 5438 2603 5491 οὕτω
2627 5440 3072 5511 χειροτοκηθέντα
3123 5444 3219 5493 καὶ
3263 5441 3743 5512 χειροτονήσαντα.

2242 5613 2483 5668 ΖΩΝΑΡ.
2520 5614 2717 5685 Μύριοι
2750 5614 2972 5678 κανόνες
3002 5615 3128 5684 περὶ
3172 5615 3359 5668 τούτου
3400 5610 3747 5681 διαγορεύον-

2170 5727 2254 5763 σιν
2281 5726 2293 5743 ι
2322 5710 2434 5761 ἀλλ’
2486 5708 2564 5761 ἐτι
2596 5707 2654 5760 τὸ
2692 5707 2880 5773 κακὸν,
2912 5706 2989 5768 ὡς
3028 5707 3361 5777 γάγγραινα,
3398 5706 3497 5767 τὰς
3545 5701 3765 5778 statim.
