  <div class='ocr_page' id='page_1' title='image "/cluster/home/n/w/nwhite01/storage/ocr_20150623/137:no.1/coo.31924054870427/302.png"; bbox 0 0 4074 6420; ppageno 0'>
   <div class='ocr_carea' id='block_1_1' title="bbox 328 341 446 405">
    <p class='ocr_par' dir='ltr' id='par_1_1' title="bbox 328 341 446 405">
     <span class='ocr_line' id='line_1_1' title="bbox 328 341 446 405; baseline 0.017 -2"><span class='ocrx_word' id='word_1_1' title='bbox 328 341 446 405; x_wconf 58' lang='lat'><strong>689</strong></span> 
     </span>
    </p>
   </div>
   <div class='ocr_carea' id='block_1_2' title="bbox 1322 330 2592 398">
    <p class='ocr_par' dir='ltr' id='par_1_2' title="bbox 1322 330 2592 398">
     <span class='ocr_line' id='line_1_2' title="bbox 1322 330 2592 398; baseline -0.001 0"><span class='ocrx_word' id='word_1_2' title='bbox 1322 338 1409 398; x_wconf 84' lang='lat' dir='ltr'><strong>IN</strong></span> <span class='ocrx_word' id='word_1_3' title='bbox 1452 338 1611 398; x_wconf 71' lang='lat' dir='ltr'><strong>CAN.</strong></span> <span class='ocrx_word' id='word_1_4' title='bbox 1654 334 1857 395; x_wconf 83' lang='lat' dir='ltr'><strong>XXIII</strong></span> <span class='ocrx_word' id='word_1_5' title='bbox 1895 334 2103 396; x_wconf 67' lang='lat' dir='ltr'><strong>CONC.</strong></span> <span class='ocrx_word' id='word_1_6' title='bbox 2148 335 2231 396; x_wconf 84' lang='lat' dir='ltr'><strong>IN</strong></span> <span class='ocrx_word' id='word_1_7' title='bbox 2272 330 2592 397; x_wconf 84' lang='lat' dir='ltr'><strong>TRUI.LO.</strong></span> 
     </span>
    </p>
   </div>
   <div class='ocr_carea' id='block_1_3' title="bbox 3491 327 3594 387">
    <p class='ocr_par' dir='ltr' id='par_1_3' title="bbox 3491 327 3594 387">
     <span class='ocr_line' id='line_1_3' title="bbox 3491 327 3594 387; baseline 0.019 -3"><span class='ocrx_word' id='word_1_8' title='bbox 3491 327 3594 387; x_wconf 76' lang='grc' dir='ltr'><strong>5θο</strong></span> 
     </span>
    </p>
   </div>
   <div class='ocr_carea' id='block_1_4' title="bbox 328 444 1910 524">
    <p class='ocr_par' dir='ltr' id='par_1_4' title="bbox 328 451 1907 524">
     <span class='ocr_line' id='line_1_4' title="bbox 328 451 1907 524; baseline -0.006 -12"><span class='ocrx_word' id='word_1_9' title='bbox 328 462 454 519; x_wconf 86' lang='grc' dir='ltr'>σίας</span> <span class='ocrx_word' id='word_1_10' title='bbox 481 454 729 524; x_wconf 72' lang='grc' dir='ltr'>ἐνέμετο.</span> <span class='ocrx_word' id='word_1_11' title='bbox 763 454 856 508; x_wconf 76' lang='grc' dir='ltr'>Διὸ</span> <span class='ocrx_word' id='word_1_12' title='bbox 886 452 978 507; x_wconf 61' lang='grc' dir='ltr'><strong>καὶ</strong></span> <span class='ocrx_word' id='word_1_13' title='bbox 1008 454 1058 506; x_wconf 79' lang='grc' dir='ltr'>οἱ</span> <span class='ocrx_word' id='word_1_14' title='bbox 1090 452 1188 521; x_wconf 79' lang='grc' dir='ltr'>τῆς</span> <span class='ocrx_word' id='word_1_15' title='bbox 1213 451 1381 522; x_wconf 68' lang='grc' dir='ltr'>ἕκτης</span> <span class='ocrx_word' id='word_1_16' title='bbox 1423 452 1629 520; x_wconf 77' lang='grc' dir='ltr'><strong>ταύτης</strong></span> <span class='ocrx_word' id='word_1_17' title='bbox 1684 451 1907 505; x_wconf 78' lang='grc' dir='ltr'>συνόδου</span> 
     </span>
    </p>
   </div>
   <div class='ocr_carea' id='block_1_5' title="bbox 2011 444 3593 524">
    <p class='ocr_par' dir='ltr' id='par_1_5' title="bbox 2012 444 3593 520">
     <span class='ocr_line' id='line_1_5' title="bbox 2012 444 3593 520; baseline -0.004 -17"><span class='ocrx_word' id='word_1_18' title='bbox 2012 450 2121 505; x_wconf 84' lang='lat' dir='ltr'><strong>sias</strong></span> <span class='ocrx_word' id='word_1_19' title='bbox 2155 450 2300 505; x_wconf 85' lang='lat' dir='ltr'><strong>velut</strong></span> <span class='ocrx_word' id='word_1_20' title='bbox 2327 464 2617 520; x_wconf 67' lang='lat' dir='ltr'><strong>gangra‘na</strong></span> <span class='ocrx_word' id='word_1_21' title='bbox 2651 447 3055 516; x_wconf 79' lang='lat' dir='ltr'><strong>depasccbatur.</strong></span> <span class='ocrx_word' id='word_1_22' title='bbox 3093 444 3326 502; x_wconf 86' lang='lat' dir='ltr'><strong>Proinde</strong></span> <span class='ocrx_word' id='word_1_23' title='bbox 3343 444 3486 499; x_wconf 91' lang='lat' dir='ltr'><strong>hunc</strong></span> <span class='ocrx_word' id='word_1_24' title='bbox 3505 460 3593 499; x_wconf 77' lang='lat' dir='ltr'><strong>ca—</strong></span> 
     </span>
    </p>
   </div>
   <div class='ocr_carea' id='block_1_6' title="bbox 327 541 1913 612">
    <p class='ocr_par' dir='ltr' id='par_1_6' title="bbox 327 541 1913 612">
     <span class='ocr_line' id='line_1_6' title="bbox 327 541 1913 612; baseline -0.004 -13"><span class='ocrx_word' id='word_1_25' title='bbox 327 546 424 599; x_wconf 81' lang='grc' dir='ltr'><strong>τὸν</strong></span> <span class='ocrx_word' id='word_1_26' title='bbox 488 544 691 599; x_wconf 82' lang='grc' dir='ltr'><strong>κανόνα</strong></span> <span class='ocrx_word' id='word_1_27' title='bbox 723 544 911 597; x_wconf 75' lang='grc' dir='ltr'>τοῦτον</span> <span class='ocrx_word' id='word_1_28' title='bbox 943 543 1196 609; x_wconf 76' lang='grc' dir='ltr'><strong>ἐξέθεντο</strong></span> <span class='ocrx_word' id='word_1_29' title='bbox 1223 542 1316 596; x_wconf 90' lang='grc' dir='ltr'><strong>καί</strong></span> <span class='ocrx_word' id='word_1_30' title='bbox 1358 560 1546 612; x_wconf 77' lang='grc' dir='ltr'>φασιν,</span> <span class='ocrx_word' id='word_1_31' title='bbox 1584 541 1660 604; x_wconf 85' lang='grc' dir='ltr'>ὼς</span> <span class='ocrx_word' id='word_1_32' title='bbox 1707 541 1777 595; x_wconf 67' lang='lat' dir='ltr'><strong>Ei</strong></span> <span class='ocrx_word' id='word_1_33' title='bbox 1830 558 1913 603; x_wconf 91' lang='grc' dir='ltr'><strong>τις</strong></span> 
     </span>
    </p>
   </div>
   <div class='ocr_carea' id='block_1_7' title="bbox 329 628 1914 706">
    <p class='ocr_par' dir='ltr' id='par_1_7' title="bbox 329 628 1914 706">
     <span class='ocr_line' id='line_1_7' title="bbox 329 628 1914 706; baseline -0.003 -16"><span class='ocrx_word' id='word_1_34' title='bbox 329 637 632 701; x_wconf 81' lang='grc' dir='ltr'><strong>ἐπίσκοπος</strong></span> <span class='ocrx_word' id='word_1_35' title='bbox 688 635 722 706; x_wconf 77' lang='grc' dir='ltr'>ἢ</span> <span class='ocrx_word' id='word_1_36' title='bbox 770 636 1087 706; x_wconf 86' lang='grc' dir='ltr'>οίοσδήποτε</span> <span class='ocrx_word' id='word_1_37' title='bbox 1111 628 1372 705; x_wconf 81' lang='grc' dir='ltr'>κληρικδς</span> <span class='ocrx_word' id='word_1_38' title='bbox 1404 634 1497 686; x_wconf 70' lang='grc' dir='ltr'>ἐπὶ</span> <span class='ocrx_word' id='word_1_39' title='bbox 1543 636 1789 705; x_wconf 83' lang='grc' dir='ltr'>χρήμασι</span> <span class='ocrx_word' id='word_1_40' title='bbox 1812 634 1914 704; x_wconf 84' lang='grc' dir='ltr'>τὴν</span> 
     </span>
    </p>
   </div>
   <div class='ocr_carea' id='block_1_8' title="bbox 330 723 1911 800">
    <p class='ocr_par' dir='ltr' id='par_1_8' title="bbox 330 723 1911 800">
     <span class='ocr_line' id='line_1_8' title="bbox 330 723 1911 800; baseline -0.005 -18"><span class='ocrx_word' id='word_1_41' title='bbox 330 728 667 800; x_wconf 79' lang='grc' dir='ltr'><strong>χειροτονίαν</strong></span> <span class='ocrx_word' id='word_1_42' title='bbox 683 728 980 797; x_wconf 81' lang='grc' dir='ltr'>ὠνήσαιτο,</span> <span class='ocrx_word' id='word_1_43' title='bbox 1000 727 1095 779; x_wconf 71' lang='grc' dir='ltr'><strong>καὶ</strong></span> <span class='ocrx_word' id='word_1_44' title='bbox 1111 727 1173 780; x_wconf 80' lang='grc' dir='ltr'><strong>οὐ</strong></span> <span class='ocrx_word' id='word_1_45' title='bbox 1194 724 1518 795; x_wconf 75' lang='grc' dir='ltr'><strong>προκριθείη</strong></span> <span class='ocrx_word' id='word_1_46' title='bbox 1541 723 1911 794; x_wconf 75' lang='grc' dir='ltr'>δοκιμασθεὶς,</span> 
     </span>
    </p>
   </div>
   <div class='ocr_carea' id='block_1_9' title="bbox 332 816 1916 890">
    <p class='ocr_par' dir='ltr' id='par_1_9' title="bbox 332 816 1916 890">
     <span class='ocr_line' id='line_1_9' title="bbox 332 816 1916 890; baseline -0.004 -17"><span class='ocrx_word' id='word_1_47' title='bbox 332 820 429 873; x_wconf 79' lang='grc' dir='ltr'>καὶ</span> <span class='ocrx_word' id='word_1_48' title='bbox 456 819 701 890; x_wconf 73' lang='grc' dir='ltr'>εὑρεθεὶς</span> <span class='ocrx_word' id='word_1_49' title='bbox 730 820 843 889; x_wconf 81' lang='grc' dir='ltr'>βίον</span> <span class='ocrx_word' id='word_1_50' title='bbox 866 817 1283 887; x_wconf 85' lang='grc' dir='ltr'>αίρετισάμενος</span> <span class='ocrx_word' id='word_1_51' title='bbox 1306 816 1503 887; x_wconf 86' lang='grc' dir='ltr'>σεμνόν</span> <span class='ocrx_word' id='word_1_52' title='bbox 1525 833 1584 869; x_wconf 91' lang='grc' dir='ltr'><strong>τε</strong></span> <span class='ocrx_word' id='word_1_53' title='bbox 1611 817 1703 869; x_wconf 63' lang='grc' dir='ltr'><strong>καλ¹</strong></span> <span class='ocrx_word' id='word_1_54' title='bbox 1731 816 1836 884; x_wconf 80' lang='grc' dir='ltr'><strong>άμε</strong></span> <span class='ocrx_word' id='word_1_55' title='bbox 1846 832 1916 883; x_wconf 87' lang='grc' dir='ltr'>μ-</span> 
     </span>
    </p>
   </div>
   <div class='ocr_carea' id='block_1_10' title="bbox 333 907 1915 980">
    <p class='ocr_par' dir='ltr' id='par_1_10' title="bbox 333 907 1915 980">
     <span class='ocr_line' id='line_1_10' title="bbox 333 907 1915 980; baseline -0.004 -16"><span class='ocrx_word' id='word_1_56' title='bbox 333 927 486 975; x_wconf 84' lang='grc' dir='ltr'>πτον,</span> <span class='ocrx_word' id='word_1_57' title='bbox 524 912 552 963; x_wconf 99' lang='lat'><strong>6</strong></span> <span class='ocrx_word' id='word_1_58' title='bbox 597 911 842 974; x_wconf 75' lang='grc' dir='ltr'>τοιοῦτος</span> <span class='ocrx_word' id='word_1_59' title='bbox 877 911 1268 980; x_wconf 78' lang='grc' dir='ltr'>καθαιρείσθω.</span> <span class='ocrx_word' id='word_1_60' title='bbox 1302 911 1412 963; x_wconf 78' lang='grc' dir='ltr'>Καὶ</span> <span class='ocrx_word' id='word_1_61' title='bbox 1444 909 1544 978; x_wconf 75' lang='grc' dir='ltr'>οὐχ</span> <span class='ocrx_word' id='word_1_62' title='bbox 1578 908 1607 959; x_wconf 90' lang='lat'><strong>6</strong></span> <span class='ocrx_word' id='word_1_63' title='bbox 1657 907 1757 977; x_wconf 82' lang='grc' dir='ltr'>μὲν</span> <span class='ocrx_word' id='word_1_64' title='bbox 1801 924 1915 975; x_wconf 83' lang='grc' dir='ltr'>χει-</span> 
     </span>
    </p>
   </div>
   <div class='ocr_carea' id='block_1_11' title="bbox 335 999 1914 1074">
    <p class='ocr_par' dir='ltr' id='par_1_11' title="bbox 335 999 1914 1074">
     <span class='ocr_line' id='line_1_11' title="bbox 335 999 1914 1074; baseline -0.004 -19"><span class='ocrx_word' id='word_1_65' title='bbox 335 1003 648 1072; x_wconf 74' lang='grc' dir='ltr'>ροτονηθεὶς</span> <span class='ocrx_word' id='word_1_66' title='bbox 697 1004 790 1056; x_wconf 78' lang='grc' dir='ltr'>ἐπὶ</span> <span class='ocrx_word' id='word_1_67' title='bbox 833 1006 1082 1074; x_wconf 78' lang='grc' dir='ltr'>χρήμασι</span> <span class='ocrx_word' id='word_1_68' title='bbox 1132 1000 1617 1071; x_wconf 75' lang='grc' dir='ltr'><strong>καθαιρεθήσεται,</strong></span> <span class='ocrx_word' id='word_1_69' title='bbox 1643 999 1671 1051; x_wconf 89' lang='lat'><strong>6</strong></span> <span class='ocrx_word' id='word_1_70' title='bbox 1700 999 1755 1052; x_wconf 82' lang='grc' dir='ltr'>δὲ</span> <span class='ocrx_word' id='word_1_71' title='bbox 1800 1014 1914 1069; x_wconf 81' lang='grc' dir='ltr'>χει-</span> 
     </span>
    </p>
   </div>
   <div class='ocr_carea' id='block_1_12' title="bbox 333 1088 1915 1168">
    <p class='ocr_par' dir='ltr' id='par_1_12' title="bbox 333 1088 1915 1168">
     <span class='ocr_line' id='line_1_12' title="bbox 333 1088 1915 1168; baseline -0.006 -18"><span class='ocrx_word' id='word_1_72' title='bbox 333 1097 633 1168; x_wconf 85' lang='grc' dir='ltr'>ροτονήσας</span> <span class='ocrx_word' id='word_1_73' title='bbox 655 1094 821 1150; x_wconf 78' lang='grc' dir='ltr'>αὐτὸν</span> <span class='ocrx_word' id='word_1_74' title='bbox 886 1094 1059 1158; x_wconf 78' lang='grc' dir='ltr'>οὕτως</span> <span class='ocrx_word' id='word_1_75' title='bbox 1104 1092 1455 1167; x_wconf 77' lang='grc' dir='ltr'>άτιμώρητος</span> <span class='ocrx_word' id='word_1_76' title='bbox 1519 1091 1672 1144; x_wconf 79' lang='grc' dir='ltr'>ἐσται</span> <span class='ocrx_word' id='word_1_77' title='bbox 1708 1102 1722 1116; x_wconf 88' lang='grc'><strong>·</strong></span> <span class='ocrx_word' id='word_1_78' title='bbox 1778 1088 1915 1141; x_wconf 85' lang='grc' dir='ltr'>ἀλλὰ</span> 
     </span>
    </p>
   </div>
   <div class='ocr_carea' id='block_1_13' title="bbox 330 1184 1914 1259">
    <p class='ocr_par' dir='ltr' id='par_1_13' title="bbox 330 1184 1914 1259">
     <span class='ocr_line' id='line_1_13' title="bbox 330 1184 1914 1259; baseline -0.005 -18"><span class='ocrx_word' id='word_1_79' title='bbox 330 1192 587 1251; x_wconf 64' lang='grc' dir='ltr'>κάκεῖνος</span> <span class='ocrx_word' id='word_1_80' title='bbox 619 1192 684 1259; x_wconf 78' lang='grc' dir='ltr'>τῇ</span> <span class='ocrx_word' id='word_1_81' title='bbox 713 1186 1033 1258; x_wconf 81' lang='grc' dir='ltr'>καθαιρέσει</span> <span class='ocrx_word' id='word_1_82' title='bbox 1089 1186 1558 1255; x_wconf 85' lang='grc' dir='ltr'>ὑποϐληθήσεται.</span> <span class='ocrx_word' id='word_1_83' title='bbox 1619 1184 1914 1251; x_wconf 81' lang='grc' dir='ltr'>Ἐξήγηται</span> 
     </span>
    </p>
   </div>
   <div class='ocr_carea' id='block_1_14' title="bbox 330 1277 1802 1351">
    <p class='ocr_par' dir='ltr' id='par_1_14' title="bbox 330 1277 1802 1351">
     <span class='ocr_line' id='line_1_14' title="bbox 330 1277 1802 1351; baseline -0.005 -16"><span class='ocrx_word' id='word_1_84' title='bbox 412 1281 481 1334; x_wconf 76' lang='grc' dir='ltr'>τὰ</span> <span class='ocrx_word' id='word_1_85' title='bbox 512 1281 642 1351; x_wconf 83' lang='grc' dir='ltr'>περὶ</span> <span class='ocrx_word' id='word_1_86' title='bbox 662 1279 850 1333; x_wconf 75' lang='grc' dir='ltr'>τούτου</span> <span class='ocrx_word' id='word_1_87' title='bbox 877 1280 1209 1349; x_wconf 79' lang='grc' dir='ltr'>πλατύτερον</span> <span class='ocrx_word' id='word_1_88' title='bbox 1237 1280 1294 1332; x_wconf 76' lang='grc' dir='ltr'>ἐν</span> <span class='ocrx_word' id='word_1_89' title='bbox 1312 1279 1525 1347; x_wconf 74' lang='grc' dir='ltr'>ἑτέροις</span> <span class='ocrx_word' id='word_1_90' title='bbox 1554 1277 1802 1330; x_wconf 89' lang='grc' dir='ltr'>κανόσιν.</span> 
     </span>
    </p>
   </div>
   <div class='ocr_carea' id='block_1_15' title="bbox 328 1452 1913 1526">
    <p class='ocr_par' dir='ltr' id='par_1_15' title="bbox 328 1452 1913 1526">
     <span class='ocr_line' id='line_1_15' title="bbox 328 1452 1913 1526; baseline -0.006 -13"><span class='ocrx_word' id='word_1_91' title='bbox 328 1456 557 1513; x_wconf 77' lang='grc' dir='ltr'><strong>ΔΡΙΣΤ.</strong></span> <span class='ocrx_word' id='word_1_92' title='bbox 618 1477 637 1509; x_wconf 74' lang='grc' dir='ltr'><strong>ι</strong></span> <span class='ocrx_word' id='word_1_93' title='bbox 702 1464 743 1509; x_wconf 83' lang='grc' dir='ltr'>υ</span> <span class='ocrx_word' id='word_1_94' title='bbox 775 1456 1175 1526; x_wconf 69' lang='grc' dir='ltr'>χειροτονηθεὶς</span> <span class='ocrx_word' id='word_1_95' title='bbox 1202 1455 1295 1506; x_wconf 80' lang='grc' dir='ltr'>ἐπὶ</span> <span class='ocrx_word' id='word_1_96' title='bbox 1335 1456 1578 1525; x_wconf 65' lang='grc' dir='ltr'>χρήμασι</span> <span class='ocrx_word' id='word_1_97' title='bbox 1612 1452 1913 1519; x_wconf 82' lang='grc' dir='ltr'>συγκαθαι-</span> 
     </span>
    </p>
   </div>
   <div class='ocr_carea' id='block_1_16' title="bbox 513 1544 1696 1619">
    <p class='ocr_par' dir='ltr' id='par_1_16' title="bbox 513 1544 1696 1619">
     <span class='ocr_line' id='line_1_16' title="bbox 513 1544 1696 1619; baseline 0.003 -19"><span class='ocrx_word' id='word_1_98' title='bbox 513 1569 530 1600; x_wconf 79' lang='grc' dir='ltr'><strong>ι</strong></span> <span class='ocrx_word' id='word_1_99' title='bbox 578 1550 781 1619; x_wconf 87' lang='grc' dir='ltr'>ρείσθω</span> <span class='ocrx_word' id='word_1_100' title='bbox 804 1548 881 1618; x_wconf 81' lang='grc' dir='ltr'><strong>τῷ</strong></span> <span class='ocrx_word' id='word_1_101' title='bbox 914 1550 1373 1619; x_wconf 76' lang='grc' dir='ltr'>χειροτονήσαντι.</span> <span class='ocrx_word' id='word_1_102' title='bbox 1412 1566 1431 1596; x_wconf 72' lang='grc' dir='ltr'><strong>ι</strong></span> <span class='ocrx_word' id='word_1_103' title='bbox 1465 1544 1696 1615; x_wconf 66' lang='grc' dir='ltr'><strong>Σαφής-</strong></span> 
     </span>
    </p>
   </div>
   <div class='ocr_carea' id='block_1_17' title="bbox 922 1640 1319 1694">
    <p class='ocr_par' dir='ltr' id='par_1_17' title="bbox 922 1640 1319 1694">
     <span class='ocr_line' id='line_1_17' title="bbox 922 1640 1319 1694; baseline 0.003 -1"><span class='ocrx_word' id='word_1_104' title='bbox 922 1641 1162 1693; x_wconf 81' lang='grc' dir='ltr'>ΚΑΝΩΝ</span> <span class='ocrx_word' id='word_1_105' title='bbox 1195 1640 1319 1694; x_wconf 78' lang='lat' dir='ltr'><strong>Kl&quot;.</strong></span> 
     </span>
    </p>
   </div>
   <div class='ocr_carea' id='block_1_18' title="bbox 337 1731 1911 1805">
    <p class='ocr_par' dir='ltr' id='par_1_18' title="bbox 337 1731 1911 1805">
     <span class='ocr_line' id='line_1_18' title="bbox 337 1731 1911 1805; baseline -0.003 -20"><span class='ocrx_word' id='word_1_106' title='bbox 337 1752 357 1785; x_wconf 71' lang='grc' dir='ltr'><strong>ι</strong></span> <span class='ocrx_word' id='word_1_107' title='bbox 402 1736 538 1805; x_wconf 75' lang='grc' dir='ltr'>Περὶ</span> <span class='ocrx_word' id='word_1_108' title='bbox 598 1733 695 1786; x_wconf 76' lang='grc' dir='ltr'>τοῦ</span> <span class='ocrx_word' id='word_1_109' title='bbox 728 1734 931 1803; x_wconf 78' lang='grc' dir='ltr'>μηδένα</span> <span class='ocrx_word' id='word_1_110' title='bbox 982 1734 1090 1785; x_wconf 78' lang='grc' dir='ltr'>τῶν</span> <span class='ocrx_word' id='word_1_111' title='bbox 1122 1734 1234 1784; x_wconf 76' lang='grc' dir='ltr'>εἴτε</span> <span class='ocrx_word' id='word_1_112' title='bbox 1284 1731 1603 1784; x_wconf 79' lang='grc' dir='ltr'>ἐπισκόπων</span> <span class='ocrx_word' id='word_1_113' title='bbox 1635 1732 1744 1784; x_wconf 75' lang='grc' dir='ltr'>εἴτε</span> <span class='ocrx_word' id='word_1_114' title='bbox 1778 1747 1911 1802; x_wconf 81' lang='grc' dir='ltr'>πρε-</span> 
     </span>
    </p>
   </div>
   <div class='ocr_carea' id='block_1_19' title="bbox 405 1791 1986 1895">
    <p class='ocr_par' dir='ltr' id='par_1_19' title="bbox 405 1791 1986 1895">
     <span class='ocr_line' id='line_1_19' title="bbox 405 1791 1986 1895; baseline -0.001 -18"><span class='ocrx_word' id='word_1_115' title='bbox 405 1846 423 1876; x_wconf 71' lang='grc' dir='ltr'><strong>ι</strong></span> <span class='ocrx_word' id='word_1_116' title='bbox 479 1791 813 1895; x_wconf 58' lang='grc' dir='ltr'>σϐυτέρωνῆ</span> <span class='ocrx_word' id='word_1_117' title='bbox 845 1824 1107 1876; x_wconf 71' lang='grc' dir='ltr'>διακόνων</span> <span class='ocrx_word' id='word_1_118' title='bbox 1128 1826 1225 1892; x_wconf 82' lang='grc' dir='ltr'>τῆς</span> <span class='ocrx_word' id='word_1_119' title='bbox 1254 1822 1527 1893; x_wconf 82' lang='grc' dir='ltr'>ἀχράντου</span> <span class='ocrx_word' id='word_1_120' title='bbox 1562 1791 1912 1891; x_wconf 75' lang='grc' dir='ltr'>μεταδιδόντα</span> <span class='ocrx_word' id='word_1_121' title='bbox 1940 1791 1986 1851; x_wconf 80' lang='grc' dir='ltr'><strong>Β</strong></span> 
     </span>
    </p>
   </div>
   <div class='ocr_carea' id='block_1_20' title="bbox 406 1912 1910 1986">
    <p class='ocr_par' dir='ltr' id='par_1_20' title="bbox 406 1912 1910 1986">
     <span class='ocr_line' id='line_1_20' title="bbox 406 1912 1910 1986; baseline -0.001 -18"><span class='ocrx_word' id='word_1_122' title='bbox 406 1938 424 1968; x_wconf 74' lang='grc' dir='ltr'><strong>ι</strong></span> <span class='ocrx_word' id='word_1_123' title='bbox 466 1916 751 1979; x_wconf 81' lang='grc' dir='ltr'>κοινωνίας</span> <span class='ocrx_word' id='word_1_124' title='bbox 784 1914 936 1986; x_wconf 76' lang='grc' dir='ltr'>παρὰ</span> <span class='ocrx_word' id='word_1_125' title='bbox 956 1914 1053 1968; x_wconf 82' lang='grc' dir='ltr'>τοῦ</span> <span class='ocrx_word' id='word_1_126' title='bbox 1084 1914 1402 1984; x_wconf 81' lang='grc' dir='ltr'>μετέχοντος</span> <span class='ocrx_word' id='word_1_127' title='bbox 1430 1913 1782 1982; x_wconf 77' lang='grc' dir='ltr'>εἰσπράττειν</span> <span class='ocrx_word' id='word_1_128' title='bbox 1811 1912 1910 1983; x_wconf 84' lang='grc' dir='ltr'>τῆς</span> 
     </span>
    </p>
   </div>
   <div class='ocr_carea' id='block_1_21' title="bbox 402 1999 1911 2077">
    <p class='ocr_par' dir='ltr' id='par_1_21' title="bbox 402 1999 1911 2077">
     <span class='ocr_line' id='line_1_21' title="bbox 402 1999 1911 2077; baseline -0.001 -19"><span class='ocrx_word' id='word_1_129' title='bbox 402 2027 425 2058; x_wconf 62' lang='grc' dir='ltr'>ί</span> <span class='ocrx_word' id='word_1_130' title='bbox 471 2006 729 2077; x_wconf 82' lang='grc' dir='ltr'>τοιαύτης</span> <span class='ocrx_word' id='word_1_131' title='bbox 764 2005 1117 2076; x_wconf 76' lang='grc' dir='ltr'>μεταλήψεως</span> <span class='ocrx_word' id='word_1_132' title='bbox 1140 2006 1301 2075; x_wconf 84' lang='grc' dir='ltr'>χάριν</span> <span class='ocrx_word' id='word_1_133' title='bbox 1340 2005 1560 2067; x_wconf 82' lang='grc' dir='ltr'>ὀϐολοὺς</span> <span class='ocrx_word' id='word_1_134' title='bbox 1596 2004 1628 2074; x_wconf 82' lang='grc' dir='ltr'>ἢ</span> <span class='ocrx_word' id='word_1_135' title='bbox 1675 1999 1814 2067; x_wconf 84' lang='grc' dir='ltr'>εἶδος</span> <span class='ocrx_word' id='word_1_136' title='bbox 1851 2005 1911 2057; x_wconf 85' lang='grc' dir='ltr'><strong>τὸ</strong></span> 
     </span>
    </p>
   </div>
   <div class='ocr_carea' id='block_1_22' title="bbox 405 2096 1906 2168">
    <p class='ocr_par' dir='ltr' id='par_1_22' title="bbox 405 2096 1906 2168">
     <span class='ocr_line' id='line_1_22' title="bbox 405 2096 1906 2168; baseline -0.005 -13"><span class='ocrx_word' id='word_1_137' title='bbox 405 2121 425 2155; x_wconf 77' lang='grc' dir='ltr'><strong>σ</strong></span> <span class='ocrx_word' id='word_1_138' title='bbox 461 2099 691 2154; x_wconf 83' lang='grc' dir='ltr'>οίονοῦν.</span> <span class='ocrx_word' id='word_1_139' title='bbox 724 2100 861 2156; x_wconf 82' lang='grc' dir='ltr'><strong>Οὐδὲ</strong></span> <span class='ocrx_word' id='word_1_140' title='bbox 886 2099 994 2168; x_wconf 83' lang='grc' dir='ltr'>γὰρ</span> <span class='ocrx_word' id='word_1_141' title='bbox 1041 2096 1369 2168; x_wconf 80' lang='grc' dir='ltr'>πεπραμένη</span> <span class='ocrx_word' id='word_1_142' title='bbox 1436 2098 1586 2149; x_wconf 72' lang='grc' dir='ltr'>ἐστὶν</span> <span class='ocrx_word' id='word_1_143' title='bbox 1633 2098 1664 2164; x_wconf 79' lang='grc' dir='ltr'><strong>ἡ</strong></span> <span class='ocrx_word' id='word_1_144' title='bbox 1726 2098 1906 2166; x_wconf 85' lang='grc' dir='ltr'>χάρις,</span> 
     </span>
    </p>
   </div>
   <div class='ocr_carea' id='block_1_23' title="bbox 402 2185 1909 2261">
    <p class='ocr_par' dir='ltr' id='par_1_23' title="bbox 402 2185 1909 2261">
     <span class='ocr_line' id='line_1_23' title="bbox 402 2185 1909 2261; baseline -0.007 -15"><span class='ocrx_word' id='word_1_145' title='bbox 402 2213 422 2245; x_wconf 72' lang='grc' dir='ltr'><strong>ι</strong></span> <span class='ocrx_word' id='word_1_146' title='bbox 465 2192 588 2246; x_wconf 79' lang='grc' dir='ltr'>οὐδὲ</span> <span class='ocrx_word' id='word_1_147' title='bbox 638 2191 888 2261; x_wconf 81' lang='grc' dir='ltr'>χρήμασι</span> <span class='ocrx_word' id='word_1_148' title='bbox 951 2191 1043 2242; x_wconf 87' lang='grc' dir='ltr'><strong>τὸν</strong></span> <span class='ocrx_word' id='word_1_149' title='bbox 1106 2186 1382 2256; x_wconf 80' lang='grc' dir='ltr'>ἁγιασμδν</span> <span class='ocrx_word' id='word_1_150' title='bbox 1436 2186 1533 2239; x_wconf 79' lang='grc' dir='ltr'><strong>τοῦ</strong></span> <span class='ocrx_word' id='word_1_151' title='bbox 1592 2185 1909 2254; x_wconf 85' lang='grc' dir='ltr'>Ιῐνεύματος</span> 
     </span>
    </p>
   </div>
   <div class='ocr_carea' id='block_1_24' title="bbox 402 2276 1908 2354">
    <p class='ocr_par' dir='ltr' id='par_1_24' title="bbox 402 2276 1908 2354">
     <span class='ocr_line' id='line_1_24' title="bbox 402 2276 1908 2354; baseline -0.005 -18"><span class='ocrx_word' id='word_1_152' title='bbox 402 2304 428 2336; x_wconf 66' lang='grc'><strong>4</strong></span> <span class='ocrx_word' id='word_1_153' title='bbox 473 2283 889 2354; x_wconf 84' lang='grc' dir='ltr'>μεταδιδόαμεν,</span> <span class='ocrx_word' id='word_1_154' title='bbox 929 2280 1067 2334; x_wconf 82' lang='grc' dir='ltr'>ἀλλὰ</span> <span class='ocrx_word' id='word_1_155' title='bbox 1096 2281 1210 2343; x_wconf 79' lang='grc' dir='ltr'>τοῖς</span> <span class='ocrx_word' id='word_1_156' title='bbox 1244 2279 1417 2345; x_wconf 80' lang='grc' dir='ltr'>ἀξίοις</span> <span class='ocrx_word' id='word_1_157' title='bbox 1466 2276 1562 2331; x_wconf 81' lang='grc' dir='ltr'>τοῦ</span> <span class='ocrx_word' id='word_1_158' title='bbox 1593 2276 1764 2345; x_wconf 84' lang='grc' dir='ltr'>δώρου</span> <span class='ocrx_word' id='word_1_159' title='bbox 1797 2278 1908 2329; x_wconf 77' lang='grc' dir='ltr'><strong>ὰπ-</strong></span> 
     </span>
    </p>
   </div>
   <div class='ocr_carea' id='block_1_25' title="bbox 409 2364 1908 2445">
    <p class='ocr_par' dir='ltr' id='par_1_25' title="bbox 409 2364 1908 2445">
     <span class='ocr_line' id='line_1_25' title="bbox 409 2364 1908 2445; baseline -0.005 -18"><span class='ocrx_word' id='word_1_160' title='bbox 409 2393 429 2427; x_wconf 75' lang='grc' dir='ltr'><strong>ε</strong></span> <span class='ocrx_word' id='word_1_161' title='bbox 466 2375 820 2445; x_wconf 83' lang='grc' dir='ltr'>ανουργήτως</span> <span class='ocrx_word' id='word_1_162' title='bbox 852 2371 1212 2443; x_wconf 65' lang='grc' dir='ltr'>μεταδοτέον.</span> <span class='ocrx_word' id='word_1_163' title='bbox 1247 2370 1308 2421; x_wconf 84' lang='grc' dir='ltr'><strong>Εἰ</strong></span> <span class='ocrx_word' id='word_1_164' title='bbox 1356 2368 1415 2421; x_wconf 83' lang='grc' dir='ltr'>δὲ</span> <span class='ocrx_word' id='word_1_165' title='bbox 1458 2368 1655 2437; x_wconf 84' lang='grc' dir='ltr'>φανείη</span> <span class='ocrx_word' id='word_1_166' title='bbox 1687 2384 1770 2429; x_wconf 87' lang='grc' dir='ltr'><strong>τις</strong></span> <span class='ocrx_word' id='word_1_167' title='bbox 1801 2364 1908 2420; x_wconf 80' lang='grc' dir='ltr'>τῶν</span> 
     </span>
    </p>
   </div>
   <div class='ocr_carea' id='block_1_26' title="bbox 413 2453 1909 2537">
    <p class='ocr_par' dir='ltr' id='par_1_26' title="bbox 413 2453 1909 2537">
     <span class='ocr_line' id='line_1_26' title="bbox 413 2453 1909 2537; baseline -0.007 -17"><span class='ocrx_word' id='word_1_168' title='bbox 413 2486 435 2520; x_wconf 76' lang='grc' dir='ltr'>ι</span> <span class='ocrx_word' id='word_1_169' title='bbox 479 2470 538 2522; x_wconf 79' lang='grc' dir='ltr'><strong>ἐν</strong></span> <span class='ocrx_word' id='word_1_170' title='bbox 565 2468 761 2537; x_wconf 76' lang='grc' dir='ltr'>κλήρῳ</span> <span class='ocrx_word' id='word_1_171' title='bbox 821 2464 1278 2533; x_wconf 85' lang='grc' dir='ltr'>καταλεγομένων</span> <span class='ocrx_word' id='word_1_172' title='bbox 1325 2460 1570 2514; x_wconf 84' lang='grc' dir='ltr'>ἀπαιτῶν</span> <span class='ocrx_word' id='word_1_173' title='bbox 1598 2453 1642 2527; x_wconf 85' lang='grc' dir='ltr'>ᾧ</span> <span class='ocrx_word' id='word_1_174' title='bbox 1701 2459 1909 2530; x_wconf 83' lang='grc' dir='ltr'>μεταδί-</span> 
     </span>
    </p>
   </div>
   <div class='ocr_carea' id='block_1_27' title="bbox 403 2547 1906 2629">
    <p class='ocr_par' dir='ltr' id='par_1_27' title="bbox 403 2547 1906 2629">
     <span class='ocr_line' id='line_1_27' title="bbox 403 2547 1906 2629; baseline -0.008 -14"><span class='ocrx_word' id='word_1_175' title='bbox 403 2582 424 2614; x_wconf 77' lang='grc' dir='ltr'><strong>ι</strong></span> <span class='ocrx_word' id='word_1_176' title='bbox 472 2562 602 2615; x_wconf 90' lang='grc' dir='ltr'>δωσι</span> <span class='ocrx_word' id='word_1_177' title='bbox 639 2562 738 2629; x_wconf 82' lang='grc' dir='ltr'><strong>τῆς</strong></span> <span class='ocrx_word' id='word_1_178' title='bbox 767 2558 1039 2628; x_wconf 82' lang='grc' dir='ltr'>ἀχράντου</span> <span class='ocrx_word' id='word_1_179' title='bbox 1081 2555 1368 2616; x_wconf 79' lang='grc' dir='ltr'>κοινωνίας</span> <span class='ocrx_word' id='word_1_180' title='bbox 1405 2552 1466 2606; x_wconf 84' lang='grc' dir='ltr'><strong>τὸ</strong></span> <span class='ocrx_word' id='word_1_181' title='bbox 1492 2552 1699 2605; x_wconf 79' lang='grc' dir='ltr'>οίονοῦν</span> <span class='ocrx_word' id='word_1_182' title='bbox 1740 2547 1906 2618; x_wconf 71' lang='grc' dir='ltr'>εἶδος,</span> 
     </span>
    </p>
   </div>
   <div class='ocr_carea' id='block_1_28' title="bbox 401 2643 1909 2722">
    <p class='ocr_par' dir='ltr' id='par_1_28' title="bbox 401 2643 1909 2722">
     <span class='ocr_line' id='line_1_28' title="bbox 401 2643 1909 2722; baseline -0.009 -15"><span class='ocrx_word' id='word_1_183' title='bbox 401 2672 426 2708; x_wconf 70' lang='grc' dir='ltr'><strong>ο</strong></span> <span class='ocrx_word' id='word_1_184' title='bbox 466 2652 867 2722; x_wconf 87' lang='grc' dir='ltr'>καθαιρείσθω,</span> <span class='ocrx_word' id='word_1_185' title='bbox 902 2648 979 2713; x_wconf 85' lang='grc' dir='ltr'>ὡς</span> <span class='ocrx_word' id='word_1_186' title='bbox 1002 2649 1098 2719; x_wconf 79' lang='grc' dir='ltr'><strong>τῆς</strong></span> <span class='ocrx_word' id='word_1_187' title='bbox 1124 2647 1370 2717; x_wconf 75' lang='grc' dir='ltr'>Σίμωνος</span> <span class='ocrx_word' id='word_1_188' title='bbox 1413 2643 1666 2715; x_wconf 80' lang='grc' dir='ltr'>ζηλωτὴς</span> <span class='ocrx_word' id='word_1_189' title='bbox 1696 2643 1909 2712; x_wconf 72' lang='grc' dir='ltr'>πλάνης</span> 
     </span>
    </p>
   </div>
   <div class='ocr_carea' id='block_1_29' title="bbox 406 2740 1014 2812">
    <p class='ocr_par' dir='ltr' id='par_1_29' title="bbox 406 2740 1014 2812">
     <span class='ocr_line' id='line_1_29' title="bbox 406 2740 1014 2812; baseline -0.013 -13"><span class='ocrx_word' id='word_1_190' title='bbox 406 2765 427 2798; x_wconf 72' lang='grc' dir='ltr'><strong>ι</strong></span> <span class='ocrx_word' id='word_1_191' title='bbox 468 2746 564 2799; x_wconf 78' lang='grc' dir='ltr'><strong>καὶ</strong></span> <span class='ocrx_word' id='word_1_192' title='bbox 589 2740 946 2812; x_wconf 85' lang='grc' dir='ltr'>κακουργίας.</span> <span class='ocrx_word' id='word_1_193' title='bbox 993 2758 1014 2791; x_wconf 71' lang='grc' dir='ltr'><strong>ι</strong></span> 
     </span>
    </p>
   </div>
   <div class='ocr_carea' id='block_1_30' title="bbox 401 2826 1909 2901">
    <p class='ocr_par' dir='ltr' id='par_1_30' title="bbox 401 2826 1909 2901">
     <span class='ocr_line' id='line_1_30' title="bbox 401 2826 1909 2901; baseline -0.007 -10"><span class='ocrx_word' id='word_1_194' title='bbox 401 2838 604 2892; x_wconf 80' lang='grc' dir='ltr'><strong>ΒΑΛΣ.</strong></span> <span class='ocrx_word' id='word_1_195' title='bbox 635 2833 966 2895; x_wconf 79' lang='grc' dir='ltr'>Καταλύσας</span> <span class='ocrx_word' id='word_1_196' title='bbox 987 2830 1095 2901; x_wconf 77' lang='grc' dir='ltr'><strong>πρὸ</strong></span> <span class='ocrx_word' id='word_1_197' title='bbox 1128 2829 1336 2900; x_wconf 83' lang='grc' dir='ltr'>χρόνων</span> <span class='ocrx_word' id='word_1_198' title='bbox 1367 2827 1570 2882; x_wconf 83' lang='grc' dir='ltr'>ίκανῶν</span> <span class='ocrx_word' id='word_1_199' title='bbox 1596 2827 1677 2891; x_wconf 89' lang='grc' dir='ltr'><strong>είς</strong></span> <span class='ocrx_word' id='word_1_200' title='bbox 1710 2826 1909 2897; x_wconf 83' lang='grc' dir='ltr'>χωρίον</span> 
     </span>
    </p>
   </div>
   <div class='ocr_carea' id='block_1_31' title="bbox 328 2919 1907 2998">
    <p class='ocr_par' dir='ltr' id='par_1_31' title="bbox 328 2919 1907 2998">
     <span class='ocr_line' id='line_1_31' title="bbox 328 2919 1907 2998; baseline -0.008 -11"><span class='ocrx_word' id='word_1_201' title='bbox 328 2951 386 2988; x_wconf 84' lang='grc' dir='ltr'><strong>τι</strong></span> <span class='ocrx_word' id='word_1_202' title='bbox 453 2927 815 2998; x_wconf 83' lang='grc' dir='ltr'>Καλοτυχάδα</span> <span class='ocrx_word' id='word_1_203' title='bbox 865 2924 1273 2992; x_wconf 77' lang='grc' dir='ltr'>ἐπιλεγόμενον,</span> <span class='ocrx_word' id='word_1_204' title='bbox 1318 2923 1414 2974; x_wconf 74' lang='grc' dir='ltr'><strong>καὶ</strong></span> <span class='ocrx_word' id='word_1_205' title='bbox 1468 2922 1525 2973; x_wconf 73' lang='grc' dir='ltr'>ἐν</span> <span class='ocrx_word' id='word_1_206' title='bbox 1577 2919 1658 2990; x_wconf 82' lang='grc' dir='ltr'>τῷ</span> <span class='ocrx_word' id='word_1_207' title='bbox 1710 2919 1907 2990; x_wconf 84' lang='grc' dir='ltr'>θέματι</span> 
     </span>
    </p>
   </div>
   <div class='ocr_carea' id='block_1_32' title="bbox 324 3009 1908 3096">
    <p class='ocr_par' dir='ltr' id='par_1_32' title="bbox 324 3009 1908 3096">
     <span class='ocr_line' id='line_1_32' title="bbox 324 3009 1908 3096; baseline -0.01 -17"><span class='ocrx_word' id='word_1_208' title='bbox 324 3025 676 3096; x_wconf 77' lang='grc' dir='ltr'>Χερρονήσου</span> <span class='ocrx_word' id='word_1_209' title='bbox 698 3019 1060 3088; x_wconf 87' lang='grc' dir='ltr'>διακείμενον,</span> <span class='ocrx_word' id='word_1_210' title='bbox 1089 3014 1230 3068; x_wconf 77' lang='grc' dir='ltr'>κατὰ</span> <span class='ocrx_word' id='word_1_211' title='bbox 1244 3014 1343 3082; x_wconf 82' lang='grc' dir='ltr'>τὴν</span> <span class='ocrx_word' id='word_1_212' title='bbox 1365 3012 1526 3080; x_wconf 86' lang='grc' dir='ltr'>ἁγίαν</span> <span class='ocrx_word' id='word_1_213' title='bbox 1548 3009 1908 3082; x_wconf 84' lang='grc' dir='ltr'>Κυριώνυμον</span> 
     </span>
    </p>
   </div>
   <div class='ocr_carea' id='block_1_33' title="bbox 2016 539 3596 613">
    <p class='ocr_par' dir='ltr' id='par_1_33' title="bbox 2016 539 3596 613">
     <span class='ocr_line' id='line_1_33' title="bbox 2016 539 3596 613; baseline -0.002 -19"><span class='ocrx_word' id='word_1_214' title='bbox 2016 556 2209 596; x_wconf 74' lang='grc' dir='ltr'>ηοιιριη</span> <span class='ocrx_word' id='word_1_215' title='bbox 2225 552 2387 596; x_wconf 58' lang='lat' dir='ltr'><strong>sexta</strong></span> <span class='ocrx_word' id='word_1_216' title='bbox 2405 542 2793 613; x_wconf 87' lang='lat' dir='ltr'><strong>quoquehujus</strong></span> <span class='ocrx_word' id='word_1_217' title='bbox 2808 543 2998 613; x_wconf 83' lang='lat' dir='ltr'><strong>synodi</strong></span> <span class='ocrx_word' id='word_1_218' title='bbox 3015 542 3205 596; x_wconf 88' lang='lat' dir='ltr'><strong>Patres</strong></span> <span class='ocrx_word' id='word_1_219' title='bbox 3222 539 3596 609; x_wconf 76' lang='lat' dir='ltr'><strong>superioribus</strong></span> 
     </span>
    </p>
   </div>
   <div class='ocr_carea' id='block_1_34' title="bbox 2014 632 3596 705">
    <p class='ocr_par' dir='ltr' id='par_1_34' title="bbox 2014 632 3596 705">
     <span class='ocr_line' id='line_1_34' title="bbox 2014 632 3596 705; baseline -0.003 -18"><span class='ocrx_word' id='word_1_220' title='bbox 2014 634 2300 701; x_wconf 78' lang='lat' dir='ltr'><strong>addidere;</strong></span> <span class='ocrx_word' id='word_1_221' title='bbox 2333 650 2397 691; x_wconf 88' lang='lat' dir='ltr'><strong>ac</strong></span> <span class='ocrx_word' id='word_1_222' title='bbox 2424 636 2466 690; x_wconf 93' lang='lat' dir='ltr'><strong>si</strong></span> <span class='ocrx_word' id='word_1_223' title='bbox 2499 634 2618 705; x_wconf 86' lang='lat' dir='ltr'><strong>quis</strong></span> <span class='ocrx_word' id='word_1_224' title='bbox 2643 636 2932 703; x_wconf 86' lang='lat' dir='ltr'><strong>episcopus</strong></span> <span class='ocrx_word' id='word_1_225' title='bbox 2958 633 3258 688; x_wconf 89' lang='lat' dir='ltr'><strong>clericusve</strong></span> <span class='ocrx_word' id='word_1_226' title='bbox 3282 632 3596 701; x_wconf 73' lang='lat' dir='ltr'><strong>quicunque</strong></span> 
     </span>
    </p>
   </div>
   <div class='ocr_carea' id='block_1_35' title="bbox 2013 726 3597 803">
    <p class='ocr_par' dir='ltr' id='par_1_35' title="bbox 2013 726 3597 803">
     <span class='ocr_line' id='line_1_35' title="bbox 2013 726 3597 803; baseline -0.003 -23"><span class='ocrx_word' id='word_1_227' title='bbox 2013 726 2336 795; x_wconf 82' lang='lat' dir='ltr'><strong>dignitatem</strong></span> <span class='ocrx_word' id='word_1_228' title='bbox 2367 728 2686 781; x_wconf 80' lang='lat' dir='ltr'><strong>ordinemve</strong></span> <span class='ocrx_word' id='word_1_229' title='bbox 2712 734 3039 791; x_wconf 82' lang='lat' dir='ltr'><strong>emercatus,</strong></span> <span class='ocrx_word' id='word_1_230' title='bbox 3088 740 3203 803; x_wconf 88' lang='lat' dir='ltr'><strong>non_</strong></span> <span class='ocrx_word' id='word_1_231' title='bbox 3261 731 3441 777; x_wconf 88' lang='lat' dir='ltr'><strong>autem</strong></span> <span class='ocrx_word' id='word_1_232' title='bbox 3499 738 3597 776; x_wconf 82' lang='lat' dir='ltr'><strong>ex-</strong></span> 
     </span>
    </p>
   </div>
   <div class='ocr_carea' id='block_1_36' title="bbox 2014 817 3590 890">
    <p class='ocr_par' dir='ltr' id='par_1_36' title="bbox 2014 817 3590 890">
     <span class='ocr_line' id='line_1_36' title="bbox 2014 817 3590 890; baseline 0.001 -22"><span class='ocrx_word' id='word_1_233' title='bbox 2014 820 2219 890; x_wconf 85' lang='lat' dir='ltr'><strong>plorata</strong></span> <span class='ocrx_word' id='word_1_234' title='bbox 2251 835 2460 874; x_wconf 88' lang='lat' dir='ltr'><strong>morum</strong></span> <span class='ocrx_word' id='word_1_235' title='bbox 2495 822 2761 889; x_wconf 88' lang='lat' dir='ltr'><strong>gravitate</strong></span> <span class='ocrx_word' id='word_1_236' title='bbox 2792 820 3147 889; x_wconf 83' lang='lat' dir='ltr'><strong>approbatus,</strong></span> <span class='ocrx_word' id='word_1_237' title='bbox 3182 826 3237 872; x_wconf 89' lang='lat' dir='ltr'><strong>et</strong></span> <span class='ocrx_word' id='word_1_238' title='bbox 3282 817 3590 887; x_wconf 74' lang='lat' dir='ltr'><strong>religiosam</strong></span> 
     </span>
    </p>
   </div>
   <div class='ocr_carea' id='block_1_37' title="bbox 2012 907 3590 981">
    <p class='ocr_par' dir='ltr' id='par_1_37' title="bbox 2012 907 3590 981">
     <span class='ocr_line' id='line_1_37' title="bbox 2012 907 3590 981; baseline -0.004 -15"><span class='ocrx_word' id='word_1_239' title='bbox 2012 913 2178 966; x_wconf 84' lang='lat' dir='ltr'><strong>vitam</strong></span> <span class='ocrx_word' id='word_1_240' title='bbox 2216 926 2281 966; x_wconf 85' lang='lat' dir='ltr'><strong>ac</strong></span> <span class='ocrx_word' id='word_1_241' title='bbox 2316 911 2701 981; x_wconf 88' lang='lat' dir='ltr'><strong>inculpabilem</strong></span> <span class='ocrx_word' id='word_1_242' title='bbox 2734 910 2964 980; x_wconf 76' lang='lat' dir='ltr'><strong>elegisse</strong></span> <span class='ocrx_word' id='word_1_243' title='bbox 2992 911 3246 965; x_wconf 87' lang='lat' dir='ltr'><strong>inventus</strong></span> <span class='ocrx_word' id='word_1_244' title='bbox 3280 907 3462 974; x_wconf 81' lang='lat' dir='ltr'><strong>fuerit,</strong></span> <span class='ocrx_word' id='word_1_245' title='bbox 3496 910 3590 961; x_wconf 78' lang='lat' dir='ltr'><strong>de-</strong></span> 
     </span>
    </p>
   </div>
   <div class='ocr_carea' id='block_1_38' title="bbox 2015 1000 3593 1072">
    <p class='ocr_par' dir='ltr' id='par_1_38' title="bbox 2015 1000 3593 1072">
     <span class='ocr_line' id='line_1_38' title="bbox 2015 1000 3593 1072; baseline -0.001 -17"><span class='ocrx_word' id='word_1_246' title='bbox 2015 1003 2142 1072; x_wconf 83' lang='lat' dir='ltr'><strong>poni</strong></span> <span class='ocrx_word' id='word_1_247' title='bbox 2172 1001 2383 1069; x_wconf 87' lang='lat' dir='ltr'><strong>jubent.</strong></span> <span class='ocrx_word' id='word_1_248' title='bbox 2425 1002 2613 1072; x_wconf 83' lang='lat' dir='ltr'><strong>Neque</strong></span> <span class='ocrx_word' id='word_1_249' title='bbox 2641 1018 2767 1057; x_wconf 85' lang='lat' dir='ltr'><strong>vero</strong></span> <span class='ocrx_word' id='word_1_250' title='bbox 2791 1003 2985 1071; x_wconf 87' lang='lat' dir='ltr'><strong>eo,qui</strong></span> <span class='ocrx_word' id='word_1_251' title='bbox 3018 1001 3262 1070; x_wconf 86' lang='lat' dir='ltr'><strong>pecuniis</strong></span> <span class='ocrx_word' id='word_1_252' title='bbox 3288 1000 3593 1061; x_wconf 84' lang='lat' dir='ltr'><strong>ordinatur,</strong></span> 
     </span>
    </p>
   </div>
   <div class='ocr_carea' id='block_1_39' title="bbox 2016 1093 3593 1165">
    <p class='ocr_par' dir='ltr' id='par_1_39' title="bbox 2016 1093 3593 1165">
     <span class='ocr_line' id='line_1_39' title="bbox 2016 1093 3593 1165; baseline -0.004 -16"><span class='ocrx_word' id='word_1_253' title='bbox 2016 1096 2285 1164; x_wconf 84' lang='lat' dir='ltr'><strong>deposito,</strong></span> <span class='ocrx_word' id='word_1_254' title='bbox 2315 1097 2405 1165; x_wconf 89' lang='lat' dir='ltr'><strong>qui</strong></span> <span class='ocrx_word' id='word_1_255' title='bbox 2437 1097 2659 1151; x_wconf 82' lang='lat' dir='ltr'><strong>ordines</strong></span> <span class='ocrx_word' id='word_1_256' title='bbox 2691 1096 2741 1150; x_wconf 90' lang='lat' dir='ltr'><strong>ei</strong></span> <span class='ocrx_word' id='word_1_257' title='bbox 2775 1095 3006 1150; x_wconf 90' lang='lat' dir='ltr'><strong>contulit</strong></span> <span class='ocrx_word' id='word_1_258' title='bbox 3035 1095 3255 1162; x_wconf 86' lang='lat' dir='ltr'><strong>impune</strong></span> <span class='ocrx_word' id='word_1_259' title='bbox 3290 1093 3463 1159; x_wconf 75' lang='lat' dir='ltr'><strong>feret;</strong></span> <span class='ocrx_word' id='word_1_260' title='bbox 3498 1094 3593 1147; x_wconf 86' lang='lat' dir='ltr'><strong>scd</strong></span> 
     </span>
    </p>
   </div>
   <div class='ocr_carea' id='block_1_40' title="bbox 2015 1183 3595 1255">
    <p class='ocr_par' dir='ltr' id='par_1_40' title="bbox 2015 1183 3595 1255">
     <span class='ocr_line' id='line_1_40' title="bbox 2015 1183 3595 1255; baseline -0.004 -15"><span class='ocrx_word' id='word_1_261' title='bbox 2015 1202 2140 1240; x_wconf 88' lang='lat' dir='ltr'><strong>eum</strong></span> <span class='ocrx_word' id='word_1_262' title='bbox 2174 1202 2389 1255; x_wconf 87' lang='lat' dir='ltr'><strong>quoque</strong></span> <span class='ocrx_word' id='word_1_263' title='bbox 2430 1187 2788 1255; x_wconf 66' lang='lat' dir='ltr'><strong>depositionis</strong></span> <span class='ocrx_word' id='word_1_264' title='bbox 2817 1189 3004 1241; x_wconf 88' lang='lat' dir='ltr'><strong>eadem</strong></span> <span class='ocrx_word' id='word_1_265' title='bbox 3054 1201 3217 1255; x_wconf 72' lang='lat' dir='ltr'><strong>pmna</strong></span> <span class='ocrx_word' id='word_1_266' title='bbox 3272 1183 3445 1237; x_wconf 82' lang='lat' dir='ltr'><strong>teneri</strong></span> <span class='ocrx_word' id='word_1_267' title='bbox 3496 1185 3595 1237; x_wconf 74' lang='lat' dir='ltr'><strong>dc—</strong></span> 
     </span>
    </p>
   </div>
   <div class='ocr_carea' id='block_1_41' title="bbox 2017 1276 3592 1345">
    <p class='ocr_par' dir='ltr' id='par_1_41' title="bbox 2017 1276 3592 1345">
     <span class='ocr_line' id='line_1_41' title="bbox 2017 1276 3592 1345; baseline -0.001 -18"><span class='ocrx_word' id='word_1_268' title='bbox 2017 1289 2224 1329; x_wconf 84' lang='lat' dir='ltr'><strong>cretum</strong></span> <span class='ocrx_word' id='word_1_269' title='bbox 2258 1287 2360 1332; x_wconf 89' lang='lat' dir='ltr'><strong>est.</strong></span> <span class='ocrx_word' id='word_1_270' title='bbox 2418 1278 2588 1333; x_wconf 77' lang='lat' dir='ltr'><strong>Porro</strong></span> <span class='ocrx_word' id='word_1_271' title='bbox 2643 1278 2709 1332; x_wconf 88' lang='lat' dir='ltr'><strong>de</strong></span> <span class='ocrx_word' id='word_1_272' title='bbox 2748 1280 2850 1332; x_wconf 91' lang='lat' dir='ltr'><strong>hac</strong></span> <span class='ocrx_word' id='word_1_273' title='bbox 2885 1279 3072 1332; x_wconf 84' lang='lat' dir='ltr'><strong>eadem</strong></span> <span class='ocrx_word' id='word_1_274' title='bbox 3126 1291 3182 1330; x_wconf 91' lang='lat' dir='ltr'><strong>rc</strong></span> <span class='ocrx_word' id='word_1_275' title='bbox 3246 1276 3491 1345; x_wconf 80' lang='lat' dir='ltr'><strong>pluribus</strong></span> <span class='ocrx_word' id='word_1_276' title='bbox 3541 1276 3592 1325; x_wconf 75' lang='lat' dir='ltr'><strong>in</strong></span> 
     </span>
    </p>
   </div>
   <div class='ocr_carea' id='block_1_42' title="bbox 2017 1366 3353 1439">
    <p class='ocr_par' dir='ltr' id='par_1_42' title="bbox 2017 1366 3353 1439">
     <span class='ocr_line' id='line_1_42' title="bbox 2017 1366 3353 1439; baseline 0.001 -20"><span class='ocrx_word' id='word_1_277' title='bbox 2017 1367 2248 1419; x_wconf 81' lang='lat' dir='ltr'><strong>aiiorum</strong></span> <span class='ocrx_word' id='word_1_278' title='bbox 2280 1366 2550 1424; x_wconf 87' lang='lat' dir='ltr'><strong>canonum</strong></span> <span class='ocrx_word' id='word_1_279' title='bbox 2579 1371 2940 1439; x_wconf 80' lang='lat' dir='ltr'><strong>explicatione</strong></span> <span class='ocrx_word' id='word_1_280' title='bbox 2960 1368 3353 1423; x_wconf 68' lang='lat' dir='ltr'><strong>disseruimus.</strong></span> 
     </span>
    </p>
   </div>
   <div class='ocr_carea' id='block_1_43' title="bbox 2016 1457 3599 1528">
    <p class='ocr_par' dir='ltr' id='par_1_43' title="bbox 2016 1457 3599 1528">
     <span class='ocr_line' id='line_1_43' title="bbox 2016 1457 3599 1528; baseline -0.004 -17"><span class='ocrx_word' id='word_1_281' title='bbox 2016 1457 2245 1513; x_wconf 79' lang='lat' dir='ltr'><strong>ARIST.</strong></span> <span class='ocrx_word' id='word_1_282' title='bbox 2277 1476 2295 1509; x_wconf 79' lang='grc' dir='ltr'><strong>ι</strong></span> <span class='ocrx_word' id='word_1_283' title='bbox 2334 1457 2433 1522; x_wconf 87' lang='lat' dir='ltr'><strong>Qui</strong></span> <span class='ocrx_word' id='word_1_284' title='bbox 2470 1462 2714 1528; x_wconf 89' lang='lat' dir='ltr'><strong>pecuniis</strong></span> <span class='ocrx_word' id='word_1_285' title='bbox 2744 1460 3053 1521; x_wconf 85' lang='lat' dir='ltr'><strong>ordinatur,</strong></span> <span class='ocrx_word' id='word_1_286' title='bbox 3090 1473 3210 1517; x_wconf 86' lang='lat' dir='ltr'><strong>una</strong></span> <span class='ocrx_word' id='word_1_287' title='bbox 3267 1472 3390 1511; x_wconf 88' lang='lat' dir='ltr'><strong>cum</strong></span> <span class='ocrx_word' id='word_1_288' title='bbox 3442 1457 3599 1507; x_wconf 62' lang='lat' dir='ltr'><strong>ordi-</strong></span> 
     </span>
    </p>
   </div>
   <div class='ocr_carea' id='block_1_44' title="bbox 2060 1548 3303 1617">
    <p class='ocr_par' dir='ltr' id='par_1_44' title="bbox 2060 1548 3303 1617">
     <span class='ocr_line' id='line_1_44' title="bbox 2060 1548 3303 1617; baseline 0 -16"><span class='ocrx_word' id='word_1_289' title='bbox 2060 1554 2063 1557; x_wconf 70' lang='grc'>“</span> <span class='ocrx_word' id='word_1_290' title='bbox 2268 1570 2286 1601; x_wconf 81' lang='grc' dir='ltr'><strong>ι</strong></span> <span class='ocrx_word' id='word_1_291' title='bbox 2329 1559 2495 1605; x_wconf 88' lang='lat' dir='ltr'><strong>naute</strong></span> <span class='ocrx_word' id='word_1_292' title='bbox 2535 1552 2859 1617; x_wconf 82' lang='lat' dir='ltr'><strong>deponatur.</strong></span> <span class='ocrx_word' id='word_1_293' title='bbox 2898 1570 2917 1603; x_wconf 76' lang='grc' dir='ltr'><strong>ι</strong></span> <span class='ocrx_word' id='word_1_294' title='bbox 2965 1548 3303 1616; x_wconf 78' lang='lat' dir='ltr'><strong>Perspicuus.</strong></span> 
     </span>
    </p>
   </div>
   <div class='ocr_carea' id='block_1_45' title="bbox 2559 1640 3570 1702">
    <p class='ocr_par' dir='ltr' id='par_1_45' title="bbox 2559 1640 3570 1702">
     <span class='ocr_line' id='line_1_45' title="bbox 2559 1640 3570 1702; baseline -0.006 -5"><span class='ocrx_word' id='word_1_295' title='bbox 2559 1642 2788 1698; x_wconf 75' lang='lat' dir='ltr'><strong>CANON</strong></span> <span class='ocrx_word' id='word_1_296' title='bbox 2832 1640 3016 1695; x_wconf 79' lang='lat' dir='ltr'><strong>XXIII.</strong></span> <span class='ocrx_word' id='word_1_297' title='bbox 3566 1696 3570 1702; x_wconf 93' lang='lat'><strong>_</strong></span> 
     </span>
    </p>
   </div>
   <div class='ocr_carea' id='block_1_46' title="bbox 2023 1734 3592 1806">
    <p class='ocr_par' dir='ltr' id='par_1_46' title="bbox 2023 1734 3592 1806">
     <span class='ocr_line' id='line_1_46' title="bbox 2023 1734 3592 1806; baseline -0.004 -16"><span class='ocrx_word' id='word_1_298' title='bbox 2023 1756 2040 1783; x_wconf 75' lang='grc' dir='ltr'><strong><em>σ</em></strong></span> <span class='ocrx_word' id='word_1_299' title='bbox 2081 1734 2364 1800; x_wconf 89' lang='lat' dir='ltr'><strong>Utuullus,</strong></span> <span class='ocrx_word' id='word_1_300' title='bbox 2395 1734 2508 1791; x_wconf 84' lang='lat' dir='ltr'><strong>sive</strong></span> <span class='ocrx_word' id='word_1_301' title='bbox 2535 1736 2844 1805; x_wconf 87' lang='lat' dir='ltr'><strong>episcopus,</strong></span> <span class='ocrx_word' id='word_1_302' title='bbox 2865 1736 2978 1790; x_wconf 87' lang='lat' dir='ltr'><strong>sive</strong></span> <span class='ocrx_word' id='word_1_303' title='bbox 3002 1736 3305 1806; x_wconf 83' lang='lat' dir='ltr'><strong>presbyter,</strong></span> <span class='ocrx_word' id='word_1_304' title='bbox 3340 1734 3453 1789; x_wconf 78' lang='lat' dir='ltr'><strong>sive</strong></span> <span class='ocrx_word' id='word_1_305' title='bbox 3479 1734 3592 1785; x_wconf 82' lang='lat' dir='ltr'><strong>dia-</strong></span> 
     </span>
    </p>
   </div>
   <div class='ocr_carea' id='block_1_47' title="bbox 2095 1816 3589 1898">
    <p class='ocr_par' dir='ltr' id='par_1_47' title="bbox 2095 1816 3589 1898">
     <span class='ocr_line' id='line_1_47' title="bbox 2095 1816 3589 1898; baseline -0.005 -14"><span class='ocrx_word' id='word_1_306' title='bbox 2095 1846 2113 1880; x_wconf 75' lang='grc' dir='ltr'><strong>ι</strong></span> <span class='ocrx_word' id='word_1_307' title='bbox 2159 1844 2354 1893; x_wconf 87' lang='lat' dir='ltr'><strong>conus,</strong></span> <span class='ocrx_word' id='word_1_308' title='bbox 2396 1827 2798 1883; x_wconf 87' lang='lat' dir='ltr'><strong>immaculatam</strong></span> <span class='ocrx_word' id='word_1_309' title='bbox 2832 1816 3096 1898; x_wconf 63' lang='lat' dir='ltr'><strong>praebens</strong></span> <span class='ocrx_word' id='word_1_310' title='bbox 3127 1826 3589 1890; x_wconf 85' lang='lat' dir='ltr'><strong>communionem,</strong></span> 
     </span>
    </p>
   </div>
   <div class='ocr_carea' id='block_1_48' title="bbox 2090 1918 3591 1991">
    <p class='ocr_par' dir='ltr' id='par_1_48' title="bbox 2090 1918 3591 1991">
     <span class='ocr_line' id='line_1_48' title="bbox 2090 1918 3591 1991; baseline 0.001 -20"><span class='ocrx_word' id='word_1_311' title='bbox 2090 1940 2108 1971; x_wconf 74' lang='grc' dir='ltr'><strong>ι</strong></span> <span class='ocrx_word' id='word_1_312' title='bbox 2143 1920 2215 1976; x_wconf 87' lang='lat' dir='ltr'><strong>ab</strong></span> <span class='ocrx_word' id='word_1_313' title='bbox 2258 1934 2324 1976; x_wconf 86' lang='lat' dir='ltr'><strong>eo</strong></span> <span class='ocrx_word' id='word_1_314' title='bbox 2375 1921 2467 1991; x_wconf 91' lang='lat' dir='ltr'><strong>qui</strong></span> <span class='ocrx_word' id='word_1_315' title='bbox 2517 1921 2917 1985; x_wconf 88' lang='lat' dir='ltr'><strong>communicat,</strong></span> <span class='ocrx_word' id='word_1_316' title='bbox 2974 1922 3093 1989; x_wconf 85' lang='lat' dir='ltr'><strong>ejus</strong></span> <span class='ocrx_word' id='word_1_317' title='bbox 3152 1918 3591 1990; x_wconf 80' lang='lat' dir='ltr'><strong>participationis</strong></span> 
     </span>
    </p>
   </div>
   <div class='ocr_carea' id='block_1_49' title="bbox 2090 2007 3587 2077">
    <p class='ocr_par' dir='ltr' id='par_1_49' title="bbox 2090 2007 3587 2077">
     <span class='ocr_line' id='line_1_49' title="bbox 2090 2007 3587 2077; baseline 0.001 -19"><span class='ocrx_word' id='word_1_318' title='bbox 2090 2026 2109 2058; x_wconf 73' lang='grc' dir='ltr'><strong>ι</strong></span> <span class='ocrx_word' id='word_1_319' title='bbox 2142 2007 2337 2077; x_wconf 83' lang='lat' dir='ltr'><strong>gratia,</strong></span> <span class='ocrx_word' id='word_1_320' title='bbox 2373 2007 2564 2064; x_wconf 87' lang='lat' dir='ltr'><strong>obolos</strong></span> <span class='ocrx_word' id='word_1_321' title='bbox 2598 2008 2681 2062; x_wconf 88' lang='lat' dir='ltr'><strong>vel</strong></span> <span class='ocrx_word' id='word_1_322' title='bbox 2720 2008 2970 2077; x_wconf 88' lang='lat' dir='ltr'><strong>quamvis</strong></span> <span class='ocrx_word' id='word_1_323' title='bbox 3001 2008 3162 2062; x_wconf 87' lang='lat' dir='ltr'><strong>aliam</strong></span> <span class='ocrx_word' id='word_1_324' title='bbox 3203 2008 3444 2074; x_wconf 77' lang='lat' dir='ltr'><strong>speciem</strong></span> <span class='ocrx_word' id='word_1_325' title='bbox 3472 2008 3587 2061; x_wconf 80' lang='lat' dir='ltr'><strong>exi-</strong></span> 
     </span>
    </p>
   </div>
   <div class='ocr_carea' id='block_1_50' title="bbox 2091 2099 3590 2171">
    <p class='ocr_par' dir='ltr' id='par_1_50' title="bbox 2091 2099 3590 2171">
     <span class='ocr_line' id='line_1_50' title="bbox 2091 2099 3590 2171; baseline 0.001 -20"><span class='ocrx_word' id='word_1_326' title='bbox 2091 2120 2107 2151; x_wconf 80' lang='grc' dir='ltr'><strong>ι</strong></span> <span class='ocrx_word' id='word_1_327' title='bbox 2148 2110 2257 2171; x_wconf 80' lang='lat' dir='ltr'><strong>gat.</strong></span> <span class='ocrx_word' id='word_1_328' title='bbox 2317 2099 2432 2156; x_wconf 87' lang='lat' dir='ltr'><strong>Non</strong></span> <span class='ocrx_word' id='word_1_329' title='bbox 2482 2109 2567 2156; x_wconf 89' lang='lat' dir='ltr'><strong>est</strong></span> <span class='ocrx_word' id='word_1_330' title='bbox 2614 2101 2758 2154; x_wconf 88' lang='lat' dir='ltr'><strong>enim</strong></span> <span class='ocrx_word' id='word_1_331' title='bbox 2816 2100 3024 2155; x_wconf 81' lang='lat' dir='ltr'><strong>venalis</strong></span> <span class='ocrx_word' id='word_1_332' title='bbox 3083 2102 3282 2170; x_wconf 83' lang='lat' dir='ltr'><strong>gratia,</strong></span> <span class='ocrx_word' id='word_1_333' title='bbox 3318 2108 3439 2155; x_wconf 67' lang='lat' dir='ltr'><strong>&#39;ncc</strong></span> <span class='ocrx_word' id='word_1_334' title='bbox 3492 2116 3590 2168; x_wconf 88' lang='lat' dir='ltr'><strong>pro</strong></span> 
     </span>
    </p>
   </div>
   <div class='ocr_carea' id='block_1_51' title="bbox 2089 2189 3585 2263">
    <p class='ocr_par' dir='ltr' id='par_1_51' title="bbox 2089 2189 3585 2263">
     <span class='ocr_line' id='line_1_51' title="bbox 2089 2189 3585 2263; baseline 0 -20"><span class='ocrx_word' id='word_1_335' title='bbox 2089 2211 2107 2243; x_wconf 88' lang='grc'><strong><em>‹</em></strong></span> <span class='ocrx_word' id='word_1_336' title='bbox 2150 2192 2395 2262; x_wconf 86' lang='lat' dir='ltr'><strong>pecuniis</strong></span> <span class='ocrx_word' id='word_1_337' title='bbox 2440 2189 2676 2263; x_wconf 81' lang='lat' dir='ltr'><strong>Spiritus</strong></span> <span class='ocrx_word' id='word_1_338' title='bbox 2703 2191 3189 2248; x_wconf 80' lang='lat' dir='ltr'><strong>sanctiﬁcatioucm</strong></span> <span class='ocrx_word' id='word_1_339' title='bbox 3217 2191 3585 2261; x_wconf 76' lang='lat' dir='ltr'><strong>iutpertimur:</strong></span> 
     </span>
    </p>
   </div>
   <div class='ocr_carea' id='block_1_52' title="bbox 2090 2283 3590 2353">
    <p class='ocr_par' dir='ltr' id='par_1_52' title="bbox 2090 2283 3590 2353">
     <span class='ocr_line' id='line_1_52' title="bbox 2090 2283 3590 2353; baseline -0.001 -15"><span class='ocrx_word' id='word_1_340' title='bbox 2090 2302 2108 2324; x_wconf 73' lang='grc' dir='ltr'><strong>ι</strong></span> <span class='ocrx_word' id='word_1_341' title='bbox 2145 2285 2240 2338; x_wconf 92' lang='lat' dir='ltr'><strong>scd</strong></span> <span class='ocrx_word' id='word_1_342' title='bbox 2276 2298 2337 2337; x_wconf 87' lang='lat' dir='ltr'><strong>ea</strong></span> <span class='ocrx_word' id='word_1_343' title='bbox 2368 2284 2455 2351; x_wconf 88' lang='lat' dir='ltr'><strong>iis,</strong></span> <span class='ocrx_word' id='word_1_344' title='bbox 2492 2284 2588 2352; x_wconf 86' lang='lat' dir='ltr'><strong>qui</strong></span> <span class='ocrx_word' id='word_1_345' title='bbox 2621 2284 2768 2353; x_wconf 78' lang='lat' dir='ltr'><strong>digiti</strong></span> <span class='ocrx_word' id='word_1_346' title='bbox 2802 2293 2950 2345; x_wconf 88' lang='lat' dir='ltr'><strong>sunt.</strong></span> <span class='ocrx_word' id='word_1_347' title='bbox 2982 2285 3191 2353; x_wconf 86' lang='lat' dir='ltr'><strong>absque</strong></span> <span class='ocrx_word' id='word_1_348' title='bbox 3241 2284 3345 2336; x_wconf 84' lang='lat' dir='ltr'><strong>ulla</strong></span> <span class='ocrx_word' id='word_1_349' title='bbox 3380 2283 3590 2337; x_wconf 84' lang='lat' dir='ltr'><strong>callidi-</strong></span> 
     </span>
    </p>
   </div>
   <div class='ocr_carea' id='block_1_53' title="bbox 2090 2374 3586 2444">
    <p class='ocr_par' dir='ltr' id='par_1_53' title="bbox 2090 2374 3586 2444">
     <span class='ocr_line' id='line_1_53' title="bbox 2090 2374 3586 2444; baseline 0.002 -19"><span class='ocrx_word' id='word_1_350' title='bbox 2090 2394 2107 2425; x_wconf 81' lang='grc' dir='ltr'><strong>ι</strong></span> <span class='ocrx_word' id='word_1_351' title='bbox 2147 2383 2255 2430; x_wconf 84' lang='lat' dir='ltr'><strong>tate</strong></span> <span class='ocrx_word' id='word_1_352' title='bbox 2277 2383 2363 2430; x_wconf 88' lang='lat' dir='ltr'><strong>est</strong></span> <span class='ocrx_word' id='word_1_353' title='bbox 2389 2377 2858 2430; x_wconf 83' lang='lat' dir='ltr'><strong>communicanda.</strong></span> <span class='ocrx_word' id='word_1_354' title='bbox 2899 2374 2954 2429; x_wconf 90' lang='lat' dir='ltr'><strong>Si</strong></span> <span class='ocrx_word' id='word_1_355' title='bbox 2989 2376 3112 2444; x_wconf 90' lang='lat' dir='ltr'><strong>quis</strong></span> <span class='ocrx_word' id='word_1_356' title='bbox 3168 2384 3347 2430; x_wconf 88' lang='lat' dir='ltr'><strong>autem</strong></span> <span class='ocrx_word' id='word_1_357' title='bbox 3398 2389 3586 2429; x_wconf 90' lang='lat' dir='ltr'><strong>eorum</strong></span> 
     </span>
    </p>
   </div>
   <div class='ocr_carea' id='block_1_54' title="bbox 2090 2464 3585 2535">
    <p class='ocr_par' dir='ltr' id='par_1_54' title="bbox 2090 2464 3585 2535">
     <span class='ocr_line' id='line_1_54' title="bbox 2090 2464 3585 2535; baseline 0 -19"><span class='ocrx_word' id='word_1_358' title='bbox 2090 2485 2108 2516; x_wconf 81' lang='grc' dir='ltr'><strong>ι</strong></span> <span class='ocrx_word' id='word_1_359' title='bbox 2148 2465 2238 2533; x_wconf 87' lang='lat' dir='ltr'><strong>qui</strong></span> <span class='ocrx_word' id='word_1_360' title='bbox 2267 2473 2397 2520; x_wconf 86' lang='lat' dir='ltr'><strong>sunt</strong></span> <span class='ocrx_word' id='word_1_361' title='bbox 2430 2465 2483 2519; x_wconf 91' lang='lat' dir='ltr'><strong>in</strong></span> <span class='ocrx_word' id='word_1_362' title='bbox 2515 2465 2646 2519; x_wconf 88' lang='lat' dir='ltr'><strong>cleri</strong></span> <span class='ocrx_word' id='word_1_363' title='bbox 2687 2466 2959 2535; x_wconf 81' lang='lat' dir='ltr'><strong>catalogo,</strong></span> <span class='ocrx_word' id='word_1_364' title='bbox 2989 2466 3058 2519; x_wconf 87' lang='lat' dir='ltr'><strong>ab</strong></span> <span class='ocrx_word' id='word_1_365' title='bbox 3084 2481 3172 2530; x_wconf 88' lang='lat' dir='ltr'><strong>eo,</strong></span> <span class='ocrx_word' id='word_1_366' title='bbox 3212 2465 3297 2520; x_wconf 87' lang='lat' dir='ltr'><strong>cui</strong></span> <span class='ocrx_word' id='word_1_367' title='bbox 3324 2464 3585 2519; x_wconf 62' lang='lat' dir='ltr'><strong>immacu.</strong></span> 
     </span>
    </p>
   </div>
   <div class='ocr_carea' id='block_1_55' title="bbox 2088 2556 3581 2626">
    <p class='ocr_par' dir='ltr' id='par_1_55' title="bbox 2088 2556 3581 2626">
     <span class='ocr_line' id='line_1_55' title="bbox 2088 2556 3581 2626; baseline 0.003 -19"><span class='ocrx_word' id='word_1_368' title='bbox 2088 2576 2106 2607; x_wconf 78' lang='grc' dir='ltr'><strong>ι</strong></span> <span class='ocrx_word' id='word_1_369' title='bbox 2145 2557 2305 2610; x_wconf 87' lang='lat' dir='ltr'><strong>latam</strong></span> <span class='ocrx_word' id='word_1_370' title='bbox 2343 2556 2588 2624; x_wconf 86' lang='lat' dir='ltr'><strong>impertit</strong></span> <span class='ocrx_word' id='word_1_371' title='bbox 2624 2557 3093 2622; x_wconf 84' lang='lat' dir='ltr'><strong>communionem,</strong></span> <span class='ocrx_word' id='word_1_372' title='bbox 3129 2557 3293 2611; x_wconf 90' lang='lat' dir='ltr'><strong>ullam</strong></span> <span class='ocrx_word' id='word_1_373' title='bbox 3345 2559 3581 2626; x_wconf 87' lang='lat' dir='ltr'><strong>speciem</strong></span> 
     </span>
    </p>
   </div>
   <div class='ocr_carea' id='block_1_56' title="bbox 2091 2646 3586 2717">
    <p class='ocr_par' dir='ltr' id='par_1_56' title="bbox 2091 2646 3586 2717">
     <span class='ocr_line' id='line_1_56' title="bbox 2091 2646 3586 2717; baseline 0.002 -18"><span class='ocrx_word' id='word_1_374' title='bbox 2091 2666 2109 2699; x_wconf 75' lang='grc' dir='ltr'><strong>ι</strong></span> <span class='ocrx_word' id='word_1_375' title='bbox 2145 2648 2364 2717; x_wconf 82' lang='lat' dir='ltr'><strong>exigere</strong></span> <span class='ocrx_word' id='word_1_376' title='bbox 2393 2649 2543 2703; x_wconf 90' lang='lat' dir='ltr'><strong>visus</strong></span> <span class='ocrx_word' id='word_1_377' title='bbox 2573 2646 2758 2714; x_wconf 83' lang='lat' dir='ltr'><strong>fuerit,</strong></span> <span class='ocrx_word' id='word_1_378' title='bbox 2801 2648 3130 2716; x_wconf 86' lang='lat' dir='ltr'><strong>deponatur,</strong></span> <span class='ocrx_word' id='word_1_379' title='bbox 3184 2657 3243 2702; x_wconf 90' lang='lat' dir='ltr'><strong>ut</strong></span> <span class='ocrx_word' id='word_1_380' title='bbox 3294 2647 3586 2703; x_wconf 83' lang='lat' dir='ltr'><strong>Simoniaci</strong></span> 
     </span>
    </p>
   </div>
   <div class='ocr_carea' id='block_1_57' title="bbox 2091 2740 3124 2796">
    <p class='ocr_par' dir='ltr' id='par_1_57' title="bbox 2091 2740 3124 2796">
     <span class='ocr_line' id='line_1_57' title="bbox 2091 2740 3124 2796; baseline 0.002 -2"><span class='ocrx_word' id='word_1_381' title='bbox 2091 2761 2111 2794; x_wconf 74' lang='grc' dir='ltr'><strong>ι</strong></span> <span class='ocrx_word' id='word_1_382' title='bbox 2146 2740 2355 2796; x_wconf 88' lang='lat' dir='ltr'><strong>erroris</strong></span> <span class='ocrx_word' id='word_1_383' title='bbox 2389 2749 2444 2796; x_wconf 90' lang='lat' dir='ltr'><strong>et</strong></span> <span class='ocrx_word' id='word_1_384' title='bbox 2470 2741 2729 2796; x_wconf 84' lang='lat' dir='ltr'><strong>maleﬁcii</strong></span> <span class='ocrx_word' id='word_1_385' title='bbox 2760 2742 3066 2796; x_wconf 65' lang='lat' dir='ltr'><strong>aemulator.</strong></span> <span class='ocrx_word' id='word_1_386' title='bbox 3103 2760 3124 2795; x_wconf 73' lang='grc' dir='ltr'><strong>ι</strong></span> 
     </span>
    </p>
   </div>
   <div class='ocr_carea' id='block_1_58' title="bbox 2086 2832 3589 2905">
    <p class='ocr_par' dir='ltr' id='par_1_58' title="bbox 2086 2832 3589 2905">
     <span class='ocr_line' id='line_1_58' title="bbox 2086 2832 3589 2905; baseline 0.001 -19"><span class='ocrx_word' id='word_1_387' title='bbox 2086 2832 2283 2887; x_wconf 84' lang='lat' dir='ltr'><strong>BALS.</strong></span> <span class='ocrx_word' id='word_1_388' title='bbox 2309 2832 2443 2887; x_wconf 89' lang='lat' dir='ltr'><strong>Cum</strong></span> <span class='ocrx_word' id='word_1_389' title='bbox 2473 2833 2604 2887; x_wconf 87' lang='lat' dir='ltr'><strong>satis</strong></span> <span class='ocrx_word' id='word_1_390' title='bbox 2632 2833 2793 2903; x_wconf 84' lang='lat' dir='ltr'><strong>longo</strong></span> <span class='ocrx_word' id='word_1_391' title='bbox 2828 2833 3023 2889; x_wconf 85' lang='lat' dir='ltr'><strong>abhinc</strong></span> <span class='ocrx_word' id='word_1_392' title='bbox 3053 2842 3298 2905; x_wconf 86' lang='lat' dir='ltr'><strong>tempore</strong></span> <span class='ocrx_word' id='word_1_393' title='bbox 3347 2844 3399 2888; x_wconf 82' lang='lat' dir='ltr'><strong>tu</strong></span> <span class='ocrx_word' id='word_1_394' title='bbox 3447 2849 3589 2903; x_wconf 79' lang='lat' dir='ltr'><strong>quo-</strong></span> 
     </span>
    </p>
   </div>
   <div class='ocr_carea' id='block_1_59' title="bbox 2011 2923 3588 2995">
    <p class='ocr_par' dir='ltr' id='par_1_59' title="bbox 2011 2923 3588 2995">
     <span class='ocr_line' id='line_1_59' title="bbox 2011 2923 3588 2995; baseline -0.001 -16"><span class='ocrx_word' id='word_1_395' title='bbox 2011 2925 2134 2979; x_wconf 85' lang='lat' dir='ltr'><strong>dam</strong></span> <span class='ocrx_word' id='word_1_396' title='bbox 2171 2925 2310 2990; x_wconf 87' lang='lat' dir='ltr'><strong>Ioco,</strong></span> <span class='ocrx_word' id='word_1_397' title='bbox 2346 2925 2436 2993; x_wconf 91' lang='lat' dir='ltr'><strong>qui</strong></span> <span class='ocrx_word' id='word_1_398' title='bbox 2469 2923 2797 2995; x_wconf 86' lang='lat' dir='ltr'><strong>Calotychas</strong></span> <span class='ocrx_word' id='word_1_399' title='bbox 2825 2926 3148 2993; x_wconf 85' lang='lat' dir='ltr'><strong>appellatur,</strong></span> <span class='ocrx_word' id='word_1_400' title='bbox 3177 2936 3234 2981; x_wconf 92' lang='lat' dir='ltr'><strong>et</strong></span> <span class='ocrx_word' id='word_1_401' title='bbox 3266 2926 3321 2980; x_wconf 76' lang='lat' dir='ltr'><strong>in</strong></span> <span class='ocrx_word' id='word_1_402' title='bbox 3354 2924 3588 2980; x_wconf 83' lang='lat' dir='ltr'><strong>Cherso-</strong></span> 
     </span>
    </p>
   </div>
   <div class='ocr_carea' id='block_1_60' title="bbox 2011 3016 3589 3097">
    <p class='ocr_par' dir='ltr' id='par_1_60' title="bbox 2011 3016 3589 3097">
     <span class='ocr_line' id='line_1_60' title="bbox 2011 3016 3589 3097; baseline 0 -26"><span class='ocrx_word' id='word_1_403' title='bbox 2011 3016 2128 3071; x_wconf 78' lang='lat' dir='ltr'><strong>nesi</strong></span> <span class='ocrx_word' id='word_1_404' title='bbox 2165 3018 2380 3086; x_wconf 85' lang='lat' dir='ltr'><strong>regione</strong></span> <span class='ocrx_word' id='word_1_405' title='bbox 2412 3016 2618 3085; x_wconf 88' lang='lat' dir='ltr'><strong>positus</strong></span> <span class='ocrx_word' id='word_1_406' title='bbox 2667 3024 2771 3080; x_wconf 87' lang='lat' dir='ltr'><strong>est,</strong></span> <span class='ocrx_word' id='word_1_407' title='bbox 2808 3029 2998 3071; x_wconf 80' lang='lat' dir='ltr'><strong>sancta</strong></span> <span class='ocrx_word' id='word_1_408' title='bbox 3042 3016 3325 3071; x_wconf 86' lang='lat' dir='ltr'><strong>Dominica</strong></span> <span class='ocrx_word' id='word_1_409' title='bbox 3365 3017 3589 3097; x_wconf 62' lang='lat' dir='ltr'><strong>Pascha}</strong></span> 
     </span>
    </p>
   </div>
   <div class='ocr_carea' id='block_1_61' title="bbox 320 3100 1910 3186">
    <p class='ocr_par' dir='ltr' id='par_1_61' title="bbox 320 3100 1905 3186">
     <span class='ocr_line' id='line_1_61' title="bbox 320 3100 1905 3186; baseline -0.017 -13"><span class='ocrx_word' id='word_1_410' title='bbox 320 3118 420 3174; x_wconf 80' lang='grc' dir='ltr'>τοῦ</span> <span class='ocrx_word' id='word_1_411' title='bbox 450 3119 642 3186; x_wconf 79' lang='grc' dir='ltr'>Πάσχα</span> <span class='ocrx_word' id='word_1_412' title='bbox 673 3114 773 3182; x_wconf 85' lang='grc' dir='ltr'>τῆς</span> <span class='ocrx_word' id='word_1_413' title='bbox 797 3110 891 3166; x_wconf 82' lang='grc' dir='ltr'>τοῦ</span> <span class='ocrx_word' id='word_1_414' title='bbox 914 3107 1154 3181; x_wconf 82' lang='grc' dir='ltr'>Χριστοῦ</span> <span class='ocrx_word' id='word_1_415' title='bbox 1197 3105 1572 3169; x_wconf 80' lang='grc' dir='ltr'>ἀναστάσεως,</span> <span class='ocrx_word' id='word_1_416' title='bbox 1606 3100 1747 3156; x_wconf 79' lang='grc' dir='ltr'>εἶδον</span> <span class='ocrx_word' id='word_1_417' title='bbox 1793 3120 1905 3172; x_wconf 87' lang='grc' dir='ltr'><strong>χω.</strong></span> 
     </span>
    </p>
   </div>
   <div class='ocr_carea' id='block_1_62' title="bbox 2011 3100 3582 3186">
    <p class='ocr_par' dir='ltr' id='par_1_62' title="bbox 2011 3108 3582 3178">
     <span class='ocr_line' id='line_1_62' title="bbox 2011 3108 3582 3178; baseline 0.001 -17"><span class='ocrx_word' id='word_1_418' title='bbox 2011 3108 2210 3161; x_wconf 80' lang='lat' dir='ltr'><strong>Christi</strong></span> <span class='ocrx_word' id='word_1_419' title='bbox 2268 3109 2685 3163; x_wconf 87' lang='lat' dir='ltr'><strong>resurrectionis</strong></span> <span class='ocrx_word' id='word_1_420' title='bbox 2733 3108 3082 3173; x_wconf 85' lang='lat' dir='ltr'><strong>diversarer,</strong></span> <span class='ocrx_word' id='word_1_421' title='bbox 3142 3109 3253 3163; x_wconf 91' lang='lat' dir='ltr'><strong>vidi</strong></span> <span class='ocrx_word' id='word_1_422' title='bbox 3313 3110 3582 3178; x_wconf 75' lang='lat' dir='ltr'><strong>quasdam</strong></span> 
     </span>
    </p>
   </div>
   <div class='ocr_carea' id='block_1_63' title="bbox 327 3193 1904 3280">
    <p class='ocr_par' dir='ltr' id='par_1_63' title="bbox 327 3193 1904 3280">
     <span class='ocr_line' id='line_1_63' title="bbox 327 3193 1904 3280; baseline -0.012 -16"><span class='ocrx_word' id='word_1_423' title='bbox 327 3208 518 3280; x_wconf 80' lang='grc' dir='ltr'>ριτικὰ</span> <span class='ocrx_word' id='word_1_424' title='bbox 552 3206 754 3275; x_wconf 89' lang='grc' dir='ltr'>γύναια</span> <span class='ocrx_word' id='word_1_425' title='bbox 784 3202 881 3256; x_wconf 75' lang='grc' dir='ltr'>καὶ</span> <span class='ocrx_word' id='word_1_426' title='bbox 902 3201 1169 3270; x_wconf 77' lang='grc' dir='ltr'>ἀνδράρια</span> <span class='ocrx_word' id='word_1_427' title='bbox 1210 3197 1347 3266; x_wconf 84' lang='grc' dir='ltr'>μετὰ</span> <span class='ocrx_word' id='word_1_428' title='bbox 1375 3195 1473 3265; x_wconf 83' lang='grc' dir='ltr'>τὴν</span> <span class='ocrx_word' id='word_1_429' title='bbox 1494 3193 1727 3262; x_wconf 78' lang='grc' dir='ltr'>ἑωθινὴν</span> <span class='ocrx_word' id='word_1_430' title='bbox 1752 3193 1904 3246; x_wconf 85' lang='grc' dir='ltr'>θείαν</span> 
     </span>
    </p>
   </div>
   <div class='ocr_carea' id='block_1_64' title="bbox 323 3286 1909 3371">
    <p class='ocr_par' dir='ltr' id='par_1_64' title="bbox 323 3286 1909 3371">
     <span class='ocr_line' id='line_1_64' title="bbox 323 3286 1909 3371; baseline -0.011 -17"><span class='ocrx_word' id='word_1_431' title='bbox 323 3299 608 3371; x_wconf 77' lang='grc' dir='ltr'>ὑμνῳδίαν</span> <span class='ocrx_word' id='word_1_432' title='bbox 656 3295 876 3366; x_wconf 83' lang='grc' dir='ltr'>τῷναῴ</span> <span class='ocrx_word' id='word_1_433' title='bbox 909 3294 1010 3364; x_wconf 80' lang='grc' dir='ltr'>τῆς</span> <span class='ocrx_word' id='word_1_434' title='bbox 1067 3290 1366 3352; x_wconf 82' lang='grc' dir='ltr'>καθολικῆς</span> <span class='ocrx_word' id='word_1_435' title='bbox 1422 3286 1716 3357; x_wconf 71' lang='grc' dir='ltr'>ἐκκλησίας</span> <span class='ocrx_word' id='word_1_436' title='bbox 1777 3286 1909 3357; x_wconf 77' lang='grc' dir='ltr'>συρ-</span> 
     </span>
    </p>
   </div>
   <div class='ocr_carea' id='block_1_65' title="bbox 326 3376 1880 3463">
    <p class='ocr_par' dir='ltr' id='par_1_65' title="bbox 326 3376 1880 3463">
     <span class='ocr_line' id='line_1_65' title="bbox 326 3376 1880 3463; baseline -0.012 -18"><span class='ocrx_word' id='word_1_437' title='bbox 326 3393 525 3463; x_wconf 71' lang='grc' dir='ltr'>ρέοντα</span> <span class='ocrx_word' id='word_1_438' title='bbox 553 3386 692 3459; x_wconf 83' lang='grc' dir='ltr'>μετὰ</span> <span class='ocrx_word' id='word_1_439' title='bbox 721 3384 1014 3457; x_wconf 84' lang='grc' dir='ltr'>όρνιθείων</span> <span class='ocrx_word' id='word_1_440' title='bbox 1033 3382 1159 3435; x_wconf 76' lang='grc' dir='ltr'><strong>ὠῶν</strong></span> <span class='ocrx_word' id='word_1_441' title='bbox 1189 3380 1341 3450; x_wconf 77' lang='grc' dir='ltr'>ζύμῃ</span> <span class='ocrx_word' id='word_1_442' title='bbox 1370 3378 1537 3449; x_wconf 83' lang='grc' dir='ltr'>ἄρτου</span> <span class='ocrx_word' id='word_1_443' title='bbox 1588 3376 1880 3446; x_wconf 82' lang='grc' dir='ltr'>συνηνωμέ</span> 
     </span>
    </p>
   </div>
   <div class='ocr_carea' id='block_1_66' title="bbox 327 3465 1905 3549">
    <p class='ocr_par' dir='ltr' id='par_1_66' title="bbox 327 3465 1905 3549">
     <span class='ocr_line' id='line_1_66' title="bbox 327 3465 1905 3549; baseline -0.011 -15"><span class='ocrx_word' id='word_1_444' title='bbox 327 3498 461 3547; x_wconf 76' lang='grc' dir='ltr'>νων,</span> <span class='ocrx_word' id='word_1_445' title='bbox 492 3482 586 3534; x_wconf 76' lang='grc' dir='ltr'><strong>καὶ</strong></span> <span class='ocrx_word' id='word_1_446' title='bbox 611 3479 752 3549; x_wconf 83' lang='grc' dir='ltr'>μετὰ</span> <span class='ocrx_word' id='word_1_447' title='bbox 782 3475 961 3545; x_wconf 86' lang='grc' dir='ltr'>κρεῶν</span> <span class='ocrx_word' id='word_1_448' title='bbox 989 3468 1488 3543; x_wconf 81' lang='grc' dir='ltr'>τεταριχευμένων,</span> <span class='ocrx_word' id='word_1_449' title='bbox 1519 3467 1614 3520; x_wconf 80' lang='grc' dir='ltr'><strong>καὶ</strong></span> <span class='ocrx_word' id='word_1_450' title='bbox 1651 3466 1787 3536; x_wconf 79' lang='grc' dir='ltr'>μετὰ</span> <span class='ocrx_word' id='word_1_451' title='bbox 1808 3465 1905 3520; x_wconf 65' lang='grc' dir='ltr'><strong>ἅλα</strong></span> 
     </span>
    </p>
   </div>
   <div class='ocr_carea' id='block_1_67' title="bbox 323 3557 1904 3637">
    <p class='ocr_par' dir='ltr' id='par_1_67' title="bbox 323 3557 1904 3637">
     <span class='ocr_line' id='line_1_67' title="bbox 323 3557 1904 3637; baseline -0.011 -11"><span class='ocrx_word' id='word_1_452' title='bbox 323 3574 437 3626; x_wconf 85' lang='grc' dir='ltr'><strong>λων</strong></span> <span class='ocrx_word' id='word_1_453' title='bbox 481 3572 644 3624; x_wconf 83' lang='grc' dir='ltr'>τινῶν</span> <span class='ocrx_word' id='word_1_454' title='bbox 698 3567 857 3622; x_wconf 80' lang='grc' dir='ltr'>εἰδῶν</span> <span class='ocrx_word' id='word_1_455' title='bbox 909 3564 1227 3637; x_wconf 86' lang='grc' dir='ltr'>βρωσίμων,</span> <span class='ocrx_word' id='word_1_456' title='bbox 1278 3561 1311 3630; x_wconf 81' lang='grc' dir='ltr'>ἢ</span> <span class='ocrx_word' id='word_1_457' title='bbox 1366 3560 1463 3613; x_wconf 79' lang='grc' dir='ltr'><strong>καὶ</strong></span> <span class='ocrx_word' id='word_1_458' title='bbox 1515 3560 1653 3628; x_wconf 85' lang='grc' dir='ltr'>πρὸς</span> <span class='ocrx_word' id='word_1_459' title='bbox 1691 3557 1820 3612; x_wconf 83' lang='grc' dir='ltr'>ἄλλο</span> <span class='ocrx_word' id='word_1_460' title='bbox 1854 3574 1904 3618; x_wconf 89' lang='grc' dir='ltr'><strong>τι</strong></span> 
     </span>
    </p>
   </div>
   <div class='ocr_carea' id='block_1_68' title="bbox 324 3650 1907 3733">
    <p class='ocr_par' dir='ltr' id='par_1_68' title="bbox 324 3650 1907 3733">
     <span class='ocr_line' id='line_1_68' title="bbox 324 3650 1907 3733; baseline -0.011 -14"><span class='ocrx_word' id='word_1_461' title='bbox 324 3662 652 3733; x_wconf 75' lang='grc' dir='ltr'>ἐπιτηδείων</span> <span class='ocrx_word' id='word_1_462' title='bbox 686 3675 701 3689; x_wconf 87' lang='lat'><strong>&#39;</strong></span> <span class='ocrx_word' id='word_1_463' title='bbox 723 3662 818 3713; x_wconf 76' lang='grc' dir='ltr'><strong>καὶ</strong></span> <span class='ocrx_word' id='word_1_464' title='bbox 847 3658 1111 3728; x_wconf 68' lang='grc' dir='ltr'>ἠρώτησα</span> <span class='ocrx_word' id='word_1_465' title='bbox 1135 3656 1278 3715; x_wconf 82' lang='grc' dir='ltr'>τίνος</span> <span class='ocrx_word' id='word_1_466' title='bbox 1310 3652 1471 3722; x_wconf 85' lang='grc' dir='ltr'>χάριν</span> <span class='ocrx_word' id='word_1_467' title='bbox 1496 3650 1654 3703; x_wconf 87' lang='grc' dir='ltr'>τοῦτο</span> <span class='ocrx_word' id='word_1_468' title='bbox 1675 3650 1907 3717; x_wconf 72' lang='grc' dir='ltr'>γίνεται,</span> 
     </span>
    </p>
   </div>
   <div class='ocr_carea' id='block_1_69' title="bbox 326 3744 1911 3825">
    <p class='ocr_par' dir='ltr' id='par_1_69' title="bbox 326 3744 1911 3825">
     <span class='ocr_line' id='line_1_69' title="bbox 326 3744 1911 3825; baseline -0.011 -14"><span class='ocrx_word' id='word_1_469' title='bbox 326 3755 427 3811; x_wconf 77' lang='grc' dir='ltr'>καὶ</span> <span class='ocrx_word' id='word_1_470' title='bbox 445 3754 655 3825; x_wconf 73' lang='grc' dir='ltr'>ἤκουσα</span> <span class='ocrx_word' id='word_1_471' title='bbox 679 3752 753 3815; x_wconf 83' lang='grc' dir='ltr'>ὡς</span> <span class='ocrx_word' id='word_1_472' title='bbox 784 3751 1016 3811; x_wconf 72' lang='grc' dir='ltr'>ἕκαστος</span> <span class='ocrx_word' id='word_1_473' title='bbox 1036 3746 1311 3812; x_wconf 76' lang='grc' dir='ltr'>δεξιοῦται</span> <span class='ocrx_word' id='word_1_474' title='bbox 1336 3744 1426 3797; x_wconf 78' lang='grc' dir='ltr'><strong>τὸν</strong></span> <span class='ocrx_word' id='word_1_475' title='bbox 1451 3744 1601 3812; x_wconf 82' lang='grc' dir='ltr'>ίερέα</span> <span class='ocrx_word' id='word_1_476' title='bbox 1626 3744 1717 3795; x_wconf 70' lang='grc' dir='ltr'>τὸν</span> <span class='ocrx_word' id='word_1_477' title='bbox 1742 3759 1911 3811; x_wconf 80' lang='grc' dir='ltr'><strong>μετα⁶</strong></span> 
     </span>
    </p>
   </div>
   <div class='ocr_carea' id='block_1_70' title="bbox 324 3828 1909 3914">
    <p class='ocr_par' dir='ltr' id='par_1_70' title="bbox 324 3828 1909 3914">
     <span class='ocr_line' id='line_1_70' title="bbox 324 3828 1909 3914; baseline -0.011 -12"><span class='ocrx_word' id='word_1_478' title='bbox 324 3846 543 3903; x_wconf 71' lang='grc' dir='ltr'>διδόντα</span> <span class='ocrx_word' id='word_1_479' title='bbox 606 3842 685 3914; x_wconf 87' lang='grc' dir='ltr'>τῷ</span> <span class='ocrx_word' id='word_1_480' title='bbox 737 3841 852 3912; x_wconf 81' lang='grc' dir='ltr'>λαῷ</span> <span class='ocrx_word' id='word_1_481' title='bbox 908 3839 1018 3893; x_wconf 84' lang='grc' dir='ltr'><strong>τῶν</strong></span> <span class='ocrx_word' id='word_1_482' title='bbox 1067 3838 1227 3891; x_wconf 87' lang='grc' dir='ltr'>θείων</span> <span class='ocrx_word' id='word_1_483' title='bbox 1285 3837 1666 3904; x_wconf 79' lang='grc' dir='ltr'>ἁγιασμάτων,</span> <span class='ocrx_word' id='word_1_484' title='bbox 1717 3828 1909 3902; x_wconf 79' lang='grc' dir='ltr'>ἐφόίς</span> 
     </span>
    </p>
   </div>
   <div class='ocr_carea' id='block_1_71' title="bbox 324 3922 1909 4001">
    <p class='ocr_par' dir='ltr' id='par_1_71' title="bbox 324 3922 1909 4001">
     <span class='ocr_line' id='line_1_71' title="bbox 324 3922 1909 4001; baseline -0.013 -7"><span class='ocrx_word' id='word_1_485' title='bbox 324 3940 573 3995; x_wconf 77' lang='grc' dir='ltr'>δύναται.</span> <span class='ocrx_word' id='word_1_486' title='bbox 604 3934 812 3995; x_wconf 74' lang='grc' dir='ltr'>Ἄλλως</span> <span class='ocrx_word' id='word_1_487' title='bbox 857 3931 966 4001; x_wconf 86' lang='grc' dir='ltr'><strong>γὰρ</strong></span> <span class='ocrx_word' id='word_1_488' title='bbox 987 3930 1091 3982; x_wconf 81' lang='grc' dir='ltr'><strong>οὐκ</strong></span> <span class='ocrx_word' id='word_1_489' title='bbox 1124 3928 1333 3994; x_wconf 76' lang='grc' dir='ltr'>ἔξεστιν</span> <span class='ocrx_word' id='word_1_490' title='bbox 1356 3928 1598 3995; x_wconf 79' lang='grc' dir='ltr'>ἐντυχεῖν</span> <span class='ocrx_word' id='word_1_491' title='bbox 1649 3941 1773 3976; x_wconf 84' lang='grc' dir='ltr'>τινα</span> <span class='ocrx_word' id='word_1_492' title='bbox 1832 3922 1909 3992; x_wconf 84' lang='grc' dir='ltr'>τῷ</span> 
     </span>
    </p>
   </div>
   <div class='ocr_carea' id='block_1_72' title="bbox 327 4013 1906 4101">
    <p class='ocr_par' dir='ltr' id='par_1_72' title="bbox 327 4013 1906 4101">
     <span class='ocr_line' id='line_1_72' title="bbox 327 4013 1906 4101; baseline -0.013 -17"><span class='ocrx_word' id='word_1_493' title='bbox 327 4031 488 4101; x_wconf 77' lang='grc' dir='ltr'>ίερεϊ,</span> <span class='ocrx_word' id='word_1_494' title='bbox 525 4026 622 4080; x_wconf 77' lang='grc' dir='ltr'>καὶ</span> <span class='ocrx_word' id='word_1_495' title='bbox 661 4023 772 4077; x_wconf 84' lang='grc' dir='ltr'><strong>τῶν</strong></span> <span class='ocrx_word' id='word_1_496' title='bbox 829 4020 1187 4090; x_wconf 79' lang='grc' dir='ltr'>ἁγιασμάτων</span> <span class='ocrx_word' id='word_1_497' title='bbox 1236 4016 1563 4086; x_wconf 82' lang='grc' dir='ltr'>μεταλαϐεῖν</span> <span class='ocrx_word' id='word_1_498' title='bbox 1592 4031 1606 4046; x_wconf 74' lang='grc' dir='ltr'><strong>ο</strong></span> <span class='ocrx_word' id='word_1_499' title='bbox 1656 4015 1748 4066; x_wconf 78' lang='grc' dir='ltr'>καὶ</span> <span class='ocrx_word' id='word_1_500' title='bbox 1786 4013 1906 4065; x_wconf 89' lang='grc' dir='ltr'>τότε</span> 
     </span>
    </p>
   </div>
   <div class='ocr_carea' id='block_1_73' title="bbox 330 4104 1910 4194">
    <p class='ocr_par' dir='ltr' id='par_1_73' title="bbox 330 4104 1910 4194">
     <span class='ocr_line' id='line_1_73' title="bbox 330 4104 1910 4194; baseline -0.013 -18"><span class='ocrx_word' id='word_1_501' title='bbox 330 4123 433 4194; x_wconf 82' lang='grc' dir='ltr'>μὲν</span> <span class='ocrx_word' id='word_1_502' title='bbox 465 4118 803 4191; x_wconf 75' lang='grc' dir='ltr'>ἐμεμψάμην</span> <span class='ocrx_word' id='word_1_503' title='bbox 839 4119 897 4168; x_wconf 78' lang='grc' dir='ltr'>τὸ</span> <span class='ocrx_word' id='word_1_504' title='bbox 921 4113 1227 4181; x_wconf 88' lang='grc' dir='ltr'>γινόμενον.</span> <span class='ocrx_word' id='word_1_505' title='bbox 1282 4107 1506 4177; x_wconf 78' lang='grc' dir='ltr'>Ἀρτίως</span> <span class='ocrx_word' id='word_1_506' title='bbox 1552 4107 1609 4159; x_wconf 83' lang='grc' dir='ltr'>δὲ</span> <span class='ocrx_word' id='word_1_507' title='bbox 1669 4104 1910 4174; x_wconf 84' lang='grc' dir='ltr'>ἐντυχὼν</span> 
     </span>
    </p>
   </div>
   <div class='ocr_carea' id='block_1_74' title="bbox 326 4198 1909 4285">
    <p class='ocr_par' dir='ltr' id='par_1_74' title="bbox 326 4198 1909 4285">
     <span class='ocr_line' id='line_1_74' title="bbox 326 4198 1909 4285; baseline -0.012 -16"><span class='ocrx_word' id='word_1_508' title='bbox 326 4216 409 4285; x_wconf 86' lang='grc' dir='ltr'>τῷ</span> <span class='ocrx_word' id='word_1_509' title='bbox 444 4212 673 4282; x_wconf 88' lang='grc' dir='ltr'>παρόντι</span> <span class='ocrx_word' id='word_1_510' title='bbox 699 4208 912 4269; x_wconf 87' lang='grc' dir='ltr'>κανόνι,</span> <span class='ocrx_word' id='word_1_511' title='bbox 934 4203 1317 4275; x_wconf 83' lang='grc' dir='ltr'>ηὐχαρίστησα</span> <span class='ocrx_word' id='word_1_512' title='bbox 1353 4199 1502 4268; x_wconf 80' lang='grc' dir='ltr'>αὐτῷ</span> <span class='ocrx_word' id='word_1_513' title='bbox 1532 4198 1608 4262; x_wconf 85' lang='grc' dir='ltr'>ὡς</span> <span class='ocrx_word' id='word_1_514' title='bbox 1648 4198 1909 4251; x_wconf 86' lang='grc' dir='ltr'>κωλύοντι</span> 
     </span>
    </p>
   </div>
   <div class='ocr_carea' id='block_1_75' title="bbox 331 4290 1908 4368">
    <p class='ocr_par' dir='ltr' id='par_1_75' title="bbox 331 4290 1908 4368">
     <span class='ocr_line' id='line_1_75' title="bbox 331 4290 1908 4368; baseline -0.013 -7"><span class='ocrx_word' id='word_1_515' title='bbox 331 4305 686 4362; x_wconf 79' lang='grc' dir='ltr'>ἀπαιτεῖσθαι</span> <span class='ocrx_word' id='word_1_516' title='bbox 718 4301 844 4362; x_wconf 78' lang='grc' dir='ltr'>τοὺς</span> <span class='ocrx_word' id='word_1_517' title='bbox 883 4296 1406 4368; x_wconf 78' lang='grc' dir='ltr'>μεταλαμϐάνοντας</span> <span class='ocrx_word' id='word_1_518' title='bbox 1471 4293 1579 4346; x_wconf 62' lang='grc' dir='ltr'>τῶν</span> <span class='ocrx_word' id='word_1_519' title='bbox 1634 4290 1908 4358; x_wconf 84' lang='grc' dir='ltr'>ἀγιασμά-</span> 
     </span>
    </p>
   </div>
   <div class='ocr_carea' id='block_1_76' title="bbox 328 4383 1911 4464">
    <p class='ocr_par' dir='ltr' id='par_1_76' title="bbox 328 4383 1911 4464">
     <span class='ocr_line' id='line_1_76' title="bbox 328 4383 1911 4464; baseline -0.015 -9"><span class='ocrx_word' id='word_1_520' title='bbox 328 4418 441 4455; x_wconf 79' lang='grc' dir='ltr'><strong>των</strong></span> <span class='ocrx_word' id='word_1_521' title='bbox 479 4395 713 4464; x_wconf 79' lang='grc' dir='ltr'>δϐολδνῆ</span> <span class='ocrx_word' id='word_1_522' title='bbox 750 4391 1061 4460; x_wconf 81' lang='grc' dir='ltr'>οίονδήποτε</span> <span class='ocrx_word' id='word_1_523' title='bbox 1090 4384 1251 4449; x_wconf 73' lang='grc' dir='ltr'>εἶδος.</span> <span class='ocrx_word' id='word_1_524' title='bbox 1304 4384 1454 4449; x_wconf 78' lang='grc' dir='ltr'>Ὅτι,</span> <span class='ocrx_word' id='word_1_525' title='bbox 1506 4385 1692 4451; x_wconf 75' lang='grc' dir='ltr'>φησὶν,</span> <span class='ocrx_word' id='word_1_526' title='bbox 1727 4383 1787 4434; x_wconf 74' lang='grc' dir='ltr'><strong>ού</strong></span> <span class='ocrx_word' id='word_1_527' title='bbox 1824 4398 1911 4433; x_wconf 82' lang='grc' dir='ltr'>πι-</span> 
     </span>
    </p>
   </div>
   <div class='ocr_carea' id='block_1_77' title="bbox 2014 3198 3583 3269">
    <p class='ocr_par' dir='ltr' id='par_1_77' title="bbox 2014 3198 3583 3269">
     <span class='ocr_line' id='line_1_77' title="bbox 2014 3198 3583 3269; baseline -0.002 -14"><span class='ocrx_word' id='word_1_528' title='bbox 2014 3198 2162 3255; x_wconf 87' lang='lat' dir='ltr'><strong>illiu&#39;s</strong></span> <span class='ocrx_word' id='word_1_529' title='bbox 2195 3200 2297 3255; x_wconf 90' lang='lat' dir='ltr'><strong>loci</strong></span> <span class='ocrx_word' id='word_1_530' title='bbox 2356 3200 2725 3264; x_wconf 88' lang='lat' dir='ltr'><strong>mulierculas,</strong></span> <span class='ocrx_word' id='word_1_531' title='bbox 2781 3209 2835 3253; x_wconf 93' lang='lat' dir='ltr'><strong>et</strong></span> <span class='ocrx_word' id='word_1_532' title='bbox 2889 3200 3151 3269; x_wconf 89' lang='lat' dir='ltr'><strong>quosdam</strong></span> <span class='ocrx_word' id='word_1_533' title='bbox 3206 3200 3583 3264; x_wconf 74' lang='lat' dir='ltr'><strong>bomuuCulos,</strong></span> 
     </span>
    </p>
   </div>
   <div class='ocr_carea' id='block_1_78' title="bbox 2008 3292 3587 3369">
    <p class='ocr_par' dir='ltr' id='par_1_78' title="bbox 2008 3292 3587 3369">
     <span class='ocr_line' id='line_1_78' title="bbox 2008 3292 3587 3369; baseline -0.001 -22"><span class='ocrx_word' id='word_1_534' title='bbox 2008 3304 2132 3361; x_wconf 66' lang='lat' dir='ltr'><strong>pom</strong></span> <span class='ocrx_word' id='word_1_535' title='bbox 2163 3292 2479 3346; x_wconf 79' lang='lat' dir='ltr'><strong>ntatutiuam</strong></span> <span class='ocrx_word' id='word_1_536' title='bbox 2511 3292 2748 3346; x_wconf 83' lang='lat' dir='ltr'><strong>divinam</strong></span> <span class='ocrx_word' id='word_1_537' title='bbox 2782 3292 3165 3359; x_wconf 82' lang='lat' dir='ltr'><strong>psalmodiam,</strong></span> <span class='ocrx_word' id='word_1_538' title='bbox 3196 3293 3262 3346; x_wconf 89' lang='lat' dir='ltr'><strong>ad</strong></span> <span class='ocrx_word' id='word_1_539' title='bbox 3307 3293 3587 3369; x_wconf 54' lang='lat' dir='ltr'><strong>caiholige</strong></span> 
     </span>
    </p>
   </div>
   <div class='ocr_carea' id='block_1_79' title="bbox 2008 3381 3585 3453">
    <p class='ocr_par' dir='ltr' id='par_1_79' title="bbox 2008 3381 3585 3453">
     <span class='ocr_line' id='line_1_79' title="bbox 2008 3381 3585 3453; baseline 0.001 -16"><span class='ocrx_word' id='word_1_540' title='bbox 2008 3383 2264 3439; x_wconf 62' lang='lat' dir='ltr'><strong>Ecclesiae</strong></span> <span class='ocrx_word' id='word_1_541' title='bbox 2298 3383 2554 3452; x_wconf 87' lang='lat' dir='ltr'><strong>templum</strong></span> <span class='ocrx_word' id='word_1_542' title='bbox 2606 3381 2967 3448; x_wconf 82' lang='lat' dir='ltr'><strong>conﬂuentes,</strong></span> <span class='ocrx_word' id='word_1_543' title='bbox 3030 3397 3152 3437; x_wconf 91' lang='lat' dir='ltr'><strong>cum</strong></span> <span class='ocrx_word' id='word_1_544' title='bbox 3206 3384 3324 3437; x_wconf 87' lang='lat' dir='ltr'><strong>ovis</strong></span> <span class='ocrx_word' id='word_1_545' title='bbox 3374 3385 3585 3453; x_wconf 77' lang='lat' dir='ltr'><strong>gallina:</strong></span> 
     </span>
    </p>
   </div>
   <div class='ocr_carea' id='block_1_80' title="bbox 2009 3474 3588 3544">
    <p class='ocr_par' dir='ltr' id='par_1_80' title="bbox 2009 3474 3588 3544">
     <span class='ocr_line' id='line_1_80' title="bbox 2009 3474 3588 3544; baseline 0.001 -17"><span class='ocrx_word' id='word_1_546' title='bbox 2009 3477 2167 3544; x_wconf 81' lang='lat' dir='ltr'><strong>panis</strong></span> <span class='ocrx_word' id='word_1_547' title='bbox 2219 3475 2488 3530; x_wconf 81' lang='lat' dir='ltr'><strong>fermento</strong></span> <span class='ocrx_word' id='word_1_548' title='bbox 2520 3474 2714 3541; x_wconf 78' lang='lat' dir='ltr'><strong>ruistis,</strong></span> <span class='ocrx_word' id='word_1_549' title='bbox 2752 3484 2807 3527; x_wconf 88' lang='lat' dir='ltr'><strong>et</strong></span> <span class='ocrx_word' id='word_1_550' title='bbox 2839 3490 2960 3531; x_wconf 91' lang='lat' dir='ltr'><strong>cum</strong></span> <span class='ocrx_word' id='word_1_551' title='bbox 3013 3475 3175 3531; x_wconf 84' lang='lat' dir='ltr'><strong>salsis</strong></span> <span class='ocrx_word' id='word_1_552' title='bbox 3207 3476 3490 3540; x_wconf 87' lang='lat' dir='ltr'><strong>carnibus,</strong></span> <span class='ocrx_word' id='word_1_553' title='bbox 3531 3487 3588 3528; x_wconf 88' lang='lat' dir='ltr'><strong>et</strong></span> 
     </span>
    </p>
   </div>
   <div class='ocr_carea' id='block_1_81' title="bbox 2010 3565 3585 3635">
    <p class='ocr_par' dir='ltr' id='par_1_81' title="bbox 2010 3565 3585 3635">
     <span class='ocr_line' id='line_1_81' title="bbox 2010 3565 3585 3635; baseline 0 -15"><span class='ocrx_word' id='word_1_554' title='bbox 2010 3581 2133 3621; x_wconf 90' lang='lat' dir='ltr'><strong>cum</strong></span> <span class='ocrx_word' id='word_1_555' title='bbox 2166 3566 2285 3621; x_wconf 88' lang='lat' dir='ltr'><strong>aliis</strong></span> <span class='ocrx_word' id='word_1_556' title='bbox 2315 3567 2641 3635; x_wconf 84' lang='lat' dir='ltr'><strong>quibusdam</strong></span> <span class='ocrx_word' id='word_1_557' title='bbox 2673 3566 2990 3631; x_wconf 86' lang='lat' dir='ltr'><strong>esculentis,</strong></span> <span class='ocrx_word' id='word_1_558' title='bbox 3020 3566 3100 3622; x_wconf 85' lang='lat' dir='ltr'><strong>vel</strong></span> <span class='ocrx_word' id='word_1_559' title='bbox 3148 3565 3311 3620; x_wconf 89' lang='lat' dir='ltr'><strong>etiam</strong></span> <span class='ocrx_word' id='word_1_560' title='bbox 3363 3567 3430 3619; x_wconf 86' lang='lat' dir='ltr'><strong>ad</strong></span> <span class='ocrx_word' id='word_1_561' title='bbox 3480 3567 3585 3620; x_wconf 66' lang='lat' dir='ltr'><strong>alio</strong></span> 
     </span>
    </p>
   </div>
   <div class='ocr_carea' id='block_1_82' title="bbox 2009 3658 3589 3729">
    <p class='ocr_par' dir='ltr' id='par_1_82' title="bbox 2009 3658 3589 3729">
     <span class='ocr_line' id='line_1_82' title="bbox 2009 3658 3589 3729; baseline 0.001 -20"><span class='ocrx_word' id='word_1_562' title='bbox 2009 3658 2139 3727; x_wconf 71' lang='lat' dir='ltr'><strong>quid</strong></span> <span class='ocrx_word' id='word_1_563' title='bbox 2171 3659 2313 3713; x_wconf 88' lang='lat' dir='ltr'><strong>aliud</strong></span> <span class='ocrx_word' id='word_1_564' title='bbox 2343 3659 2482 3726; x_wconf 89' lang='lat' dir='ltr'><strong>aptis</strong></span> <span class='ocrx_word' id='word_1_565' title='bbox 2514 3676 2530 3714; x_wconf 90' lang='lat'><strong>:</strong></span> <span class='ocrx_word' id='word_1_566' title='bbox 2561 3666 2618 3713; x_wconf 85' lang='lat' dir='ltr'><strong>et</strong></span> <span class='ocrx_word' id='word_1_567' title='bbox 2649 3658 2980 3729; x_wconf 85' lang='lat' dir='ltr'><strong>interrogavi</strong></span> <span class='ocrx_word' id='word_1_568' title='bbox 3010 3673 3299 3726; x_wconf 79' lang='lat' dir='ltr'><strong>quamnum</strong></span> <span class='ocrx_word' id='word_1_569' title='bbox 3342 3658 3415 3713; x_wconf 84' lang='lat' dir='ltr'><strong>ob</strong></span> <span class='ocrx_word' id='word_1_570' title='bbox 3456 3673 3589 3711; x_wconf 83' lang='lat' dir='ltr'><strong>cau-</strong></span> 
     </span>
    </p>
   </div>
   <div class='ocr_carea' id='block_1_83' title="bbox 2010 3749 3586 3818">
    <p class='ocr_par' dir='ltr' id='par_1_83' title="bbox 2010 3749 3586 3818">
     <span class='ocr_line' id='line_1_83' title="bbox 2010 3749 3586 3818; baseline 0.001 -16"><span class='ocrx_word' id='word_1_571' title='bbox 2010 3764 2125 3803; x_wconf 89' lang='lat' dir='ltr'><strong>sam</strong></span> <span class='ocrx_word' id='word_1_572' title='bbox 2158 3751 2263 3805; x_wconf 89' lang='lat' dir='ltr'><strong>hoc</strong></span> <span class='ocrx_word' id='word_1_573' title='bbox 2310 3752 2498 3817; x_wconf 85' lang='lat' dir='ltr'><strong>ﬁeret;</strong></span> <span class='ocrx_word' id='word_1_574' title='bbox 2540 3759 2593 3804; x_wconf 92' lang='lat' dir='ltr'><strong>et</strong></span> <span class='ocrx_word' id='word_1_575' title='bbox 2637 3749 2841 3813; x_wconf 87' lang='lat' dir='ltr'><strong>audivi,</strong></span> <span class='ocrx_word' id='word_1_576' title='bbox 2900 3750 3044 3818; x_wconf 90' lang='lat' dir='ltr'><strong>quod</strong></span> <span class='ocrx_word' id='word_1_577' title='bbox 3102 3752 3474 3818; x_wconf 87' lang='lat' dir='ltr'><strong>unusquisque</strong></span> <span class='ocrx_word' id='word_1_578' title='bbox 3520 3752 3586 3804; x_wconf 87' lang='lat' dir='ltr'><strong>iis</strong></span> 
     </span>
    </p>
   </div>
   <div class='ocr_carea' id='block_1_84' title="bbox 2011 3840 3582 3913">
    <p class='ocr_par' dir='ltr' id='par_1_84' title="bbox 2011 3840 3582 3913">
     <span class='ocr_line' id='line_1_84' title="bbox 2011 3840 3582 3913; baseline 0.001 -20"><span class='ocrx_word' id='word_1_579' title='bbox 2011 3845 2206 3913; x_wconf 74' lang='lat' dir='ltr'><strong>quibus</strong></span> <span class='ocrx_word' id='word_1_580' title='bbox 2234 3851 2415 3911; x_wconf 83' lang='lat' dir='ltr'><strong>potest</strong></span> <span class='ocrx_word' id='word_1_581' title='bbox 2448 3842 2604 3897; x_wconf 86' lang='lat' dir='ltr'><strong>donis</strong></span> <span class='ocrx_word' id='word_1_582' title='bbox 2635 3842 2997 3907; x_wconf 82' lang='lat' dir='ltr'><strong>sacerdotem,</strong></span> <span class='ocrx_word' id='word_1_583' title='bbox 3028 3840 3118 3910; x_wconf 91' lang='lat' dir='ltr'><strong>qui</strong></span> <span class='ocrx_word' id='word_1_584' title='bbox 3156 3842 3351 3911; x_wconf 90' lang='lat' dir='ltr'><strong>populo</strong></span> <span class='ocrx_word' id='word_1_585' title='bbox 3399 3842 3582 3896; x_wconf 86' lang='lat' dir='ltr'><strong>divina</strong></span> 
     </span>
    </p>
   </div>
   <div class='ocr_carea' id='block_1_85' title="bbox 2010 3930 3587 4003">
    <p class='ocr_par' dir='ltr' id='par_1_85' title="bbox 2010 3930 3587 4003">
     <span class='ocr_line' id='line_1_85' title="bbox 2010 3930 3587 4003; baseline -0.001 -16"><span class='ocrx_word' id='word_1_586' title='bbox 2010 3942 2352 3987; x_wconf 84' lang='lat' dir='ltr'><strong>sacramenta</strong></span> <span class='ocrx_word' id='word_1_587' title='bbox 2380 3933 2628 4003; x_wconf 82' lang='lat' dir='ltr'><strong>porrigit,</strong></span> <span class='ocrx_word' id='word_1_588' title='bbox 2657 3933 3023 4002; x_wconf 89' lang='lat' dir='ltr'><strong>prosequitur.</strong></span> <span class='ocrx_word' id='word_1_589' title='bbox 3047 3930 3230 4001; x_wconf 89' lang='lat' dir='ltr'><strong>Neque</strong></span> <span class='ocrx_word' id='word_1_590' title='bbox 3255 3933 3398 3987; x_wconf 86' lang='lat' dir='ltr'><strong>enim</strong></span> <span class='ocrx_word' id='word_1_591' title='bbox 3430 3934 3587 3987; x_wconf 82' lang='lat' dir='ltr'><strong>aliter</strong></span> 
     </span>
    </p>
   </div>
   <div class='ocr_carea' id='block_1_86' title="bbox 2010 4024 3584 4092">
    <p class='ocr_par' dir='ltr' id='par_1_86' title="bbox 2010 4024 3584 4092">
     <span class='ocr_line' id='line_1_86' title="bbox 2010 4024 3584 4092; baseline -0.001 -14"><span class='ocrx_word' id='word_1_592' title='bbox 2010 4024 2267 4092; x_wconf 87' lang='lat' dir='ltr'><strong>cuiquam</strong></span> <span class='ocrx_word' id='word_1_593' title='bbox 2302 4024 2431 4078; x_wconf 89' lang='lat' dir='ltr'><strong>licet</strong></span> <span class='ocrx_word' id='word_1_594' title='bbox 2464 4034 2810 4078; x_wconf 85' lang='lat' dir='ltr'><strong>sacramenta</strong></span> <span class='ocrx_word' id='word_1_595' title='bbox 2842 4025 3125 4092; x_wconf 85' lang='lat' dir='ltr'><strong>percipere</strong></span> <span class='ocrx_word' id='word_1_596' title='bbox 3154 4039 3168 4077; x_wconf 88' lang='lat'><strong>:</strong></span> <span class='ocrx_word' id='word_1_597' title='bbox 3204 4032 3259 4076; x_wconf 91' lang='lat' dir='ltr'><strong>et</strong></span> <span class='ocrx_word' id='word_1_598' title='bbox 3313 4025 3584 4092; x_wconf 67' lang='lat' dir='ltr'><strong>tunc&#39;qui—</strong></span> 
     </span>
    </p>
   </div>
   <div class='ocr_carea' id='block_1_87' title="bbox 2010 4114 3583 4185">
    <p class='ocr_par' dir='ltr' id='par_1_87' title="bbox 2010 4114 3583 4185">
     <span class='ocr_line' id='line_1_87' title="bbox 2010 4114 3583 4185; baseline -0.001 -14"><span class='ocrx_word' id='word_1_599' title='bbox 2010 4116 2135 4171; x_wconf 88' lang='lat' dir='ltr'><strong>dem</strong></span> <span class='ocrx_word' id='word_1_600' title='bbox 2169 4116 2493 4185; x_wconf 86' lang='lat' dir='ltr'><strong>reprehendi</strong></span> <span class='ocrx_word' id='word_1_601' title='bbox 2522 4118 2664 4185; x_wconf 92' lang='lat' dir='ltr'><strong>quod</strong></span> <span class='ocrx_word' id='word_1_602' title='bbox 2698 4115 2880 4171; x_wconf 84' lang='lat' dir='ltr'><strong>ﬂebat.</strong></span> <span class='ocrx_word' id='word_1_603' title='bbox 2915 4114 3051 4168; x_wconf 90' lang='lat' dir='ltr'><strong>Cum</strong></span> <span class='ocrx_word' id='word_1_604' title='bbox 3085 4123 3265 4167; x_wconf 88' lang='lat' dir='ltr'><strong>autem</strong></span> <span class='ocrx_word' id='word_1_605' title='bbox 3307 4130 3480 4184; x_wconf 81' lang='lat' dir='ltr'><strong>nuper</strong></span> <span class='ocrx_word' id='word_1_606' title='bbox 3531 4118 3583 4170; x_wconf 91' lang='lat' dir='ltr'><strong>in</strong></span> 
     </span>
    </p>
   </div>
   <div class='ocr_carea' id='block_1_88' title="bbox 2011 4206 3584 4277">
    <p class='ocr_par' dir='ltr' id='par_1_88' title="bbox 2011 4206 3584 4277">
     <span class='ocr_line' id='line_1_88' title="bbox 2011 4206 3584 4277; baseline 0 -15"><span class='ocrx_word' id='word_1_607' title='bbox 2011 4207 2159 4262; x_wconf 86' lang='lat' dir='ltr'><strong>hunc</strong></span> <span class='ocrx_word' id='word_1_608' title='bbox 2214 4217 2536 4277; x_wconf 72' lang='lat' dir='ltr'><strong>praesentem</strong></span> <span class='ocrx_word' id='word_1_609' title='bbox 2598 4221 2860 4261; x_wconf 89' lang='lat' dir='ltr'><strong>cauouem</strong></span> <span class='ocrx_word' id='word_1_610' title='bbox 2899 4206 3235 4270; x_wconf 85' lang='lat' dir='ltr'><strong>incidissem,</strong></span> <span class='ocrx_word' id='word_1_611' title='bbox 3288 4208 3337 4260; x_wconf 92' lang='lat' dir='ltr'><strong>ei</strong></span> <span class='ocrx_word' id='word_1_612' title='bbox 3376 4210 3584 4276; x_wconf 83' lang='lat' dir='ltr'><strong>gratias</strong></span> 
     </span>
    </p>
   </div>
   <div class='ocr_carea' id='block_1_89' title="bbox 2011 4299 3581 4369">
    <p class='ocr_par' dir='ltr' id='par_1_89' title="bbox 2011 4299 3581 4369">
     <span class='ocr_line' id='line_1_89' title="bbox 2011 4299 3581 4369; baseline 0.002 -18"><span class='ocrx_word' id='word_1_613' title='bbox 2011 4300 2121 4369; x_wconf 82' lang='lat' dir='ltr'><strong>egi,</strong></span> <span class='ocrx_word' id='word_1_614' title='bbox 2154 4308 2211 4352; x_wconf 92' lang='lat' dir='ltr'><strong>ut</strong></span> <span class='ocrx_word' id='word_1_615' title='bbox 2244 4300 2336 4365; x_wconf 89' lang='lat' dir='ltr'><strong>qui</strong></span> <span class='ocrx_word' id='word_1_616' title='bbox 2372 4299 2441 4351; x_wconf 89' lang='lat' dir='ltr'><strong>ab</strong></span> <span class='ocrx_word' id='word_1_617' title='bbox 2480 4299 2565 4364; x_wconf 86' lang='lat' dir='ltr'><strong>iis,</strong></span> <span class='ocrx_word' id='word_1_618' title='bbox 2604 4299 2693 4367; x_wconf 88' lang='lat' dir='ltr'><strong>qui</strong></span> <span class='ocrx_word' id='word_1_619' title='bbox 2747 4300 3155 4353; x_wconf 80' lang='lat' dir='ltr'><strong>communicant</strong></span> <span class='ocrx_word' id='word_1_620' title='bbox 3202 4302 3581 4365; x_wconf 85' lang='lat' dir='ltr'><strong>sacramentis,</strong></span> 
     </span>
    </p>
   </div>
   <div class='ocr_carea' id='block_1_90' title="bbox 2011 4389 3582 4461">
    <p class='ocr_par' dir='ltr' id='par_1_90' title="bbox 2011 4389 3582 4461">
     <span class='ocr_line' id='line_1_90' title="bbox 2011 4389 3582 4461; baseline 0.003 -18"><span class='ocrx_word' id='word_1_621' title='bbox 2011 4390 2200 4444; x_wconf 82' lang='lat' dir='ltr'><strong>obuios</strong></span> <span class='ocrx_word' id='word_1_622' title='bbox 2245 4389 2326 4443; x_wconf 81' lang='lat' dir='ltr'><strong>vel</strong></span> <span class='ocrx_word' id='word_1_623' title='bbox 2381 4391 2545 4445; x_wconf 88' lang='lat' dir='ltr'><strong>ullam</strong></span> <span class='ocrx_word' id='word_1_624' title='bbox 2606 4391 2763 4444; x_wconf 88' lang='lat' dir='ltr'><strong>aliam</strong></span> <span class='ocrx_word' id='word_1_625' title='bbox 2822 4392 3057 4460; x_wconf 88' lang='lat' dir='ltr'><strong>speciem</strong></span> <span class='ocrx_word' id='word_1_626' title='bbox 3116 4392 3256 4461; x_wconf 80' lang='lat' dir='ltr'><strong>exigi</strong></span> <span class='ocrx_word' id='word_1_627' title='bbox 3311 4393 3582 4461; x_wconf 88' lang='lat' dir='ltr'><strong>prohibet.</strong></span> 
     </span>
    </p>
   </div>
   <div class='ocr_carea' id='block_1_91' title="bbox 329 4475 1910 4564">
    <p class='ocr_par' dir='ltr' id='par_1_91' title="bbox 329 4475 1901 4564">
     <span class='ocr_line' id='line_1_91' title="bbox 329 4475 1901 4564; baseline -0.015 -16"><span class='ocrx_word' id='word_1_628' title='bbox 329 4494 643 4564; x_wconf 83' lang='grc' dir='ltr'>πράσκεται</span> <span class='ocrx_word' id='word_1_629' title='bbox 682 4487 804 4540; x_wconf 81' lang='grc' dir='ltr'>οὐδὲ</span> <span class='ocrx_word' id='word_1_630' title='bbox 830 4486 1108 4555; x_wconf 86' lang='grc' dir='ltr'>χρήμασιν</span> <span class='ocrx_word' id='word_1_631' title='bbox 1139 4483 1166 4533; x_wconf 91' lang='lat'><strong>6</strong></span> <span class='ocrx_word' id='word_1_632' title='bbox 1191 4479 1464 4548; x_wconf 75' lang='grc' dir='ltr'>ἁγιασμὸς</span> <span class='ocrx_word' id='word_1_633' title='bbox 1514 4475 1862 4547; x_wconf 72' lang='grc' dir='ltr'>μεταδίδοτκι</span> <span class='ocrx_word' id='word_1_634' title='bbox 1886 4489 1901 4504; x_wconf 87' lang='grc'><strong>·</strong></span> 
     </span>
    </p>
   </div>
   <div class='ocr_carea' id='block_1_92' title="bbox 2011 4475 3586 4564">
    <p class='ocr_par' dir='ltr' id='par_1_92' title="bbox 2011 4482 3586 4552">
     <span class='ocr_line' id='line_1_92' title="bbox 2011 4482 3586 4552; baseline 0.001 -19"><span class='ocrx_word' id='word_1_635' title='bbox 2011 4482 2304 4548; x_wconf 85' lang='lat' dir='ltr'><strong>Quoniam,</strong></span> <span class='ocrx_word' id='word_1_636' title='bbox 2345 4483 2538 4552; x_wconf 90' lang='lat' dir='ltr'><strong>inquit,</strong></span> <span class='ocrx_word' id='word_1_637' title='bbox 2575 4498 2683 4538; x_wconf 90' lang='lat' dir='ltr'><strong>non</strong></span> <span class='ocrx_word' id='word_1_638' title='bbox 2714 4483 2990 4547; x_wconf 84' lang='lat' dir='ltr'><strong>venditur,</strong></span> <span class='ocrx_word' id='word_1_639' title='bbox 3028 4498 3129 4539; x_wconf 83' lang='lat' dir='ltr'><strong>nec</strong></span> <span class='ocrx_word' id='word_1_640' title='bbox 3167 4483 3415 4552; x_wconf 85' lang='lat' dir='ltr'><strong>pecuniis</strong></span> <span class='ocrx_word' id='word_1_641' title='bbox 3458 4499 3586 4538; x_wconf 67' lang='lat' dir='ltr'><strong>snt:-</strong></span> 
     </span>
    </p>
   </div>
   <div class='ocr_carea' id='block_1_93' title="bbox 328 4570 1905 4650">
    <p class='ocr_par' dir='ltr' id='par_1_93' title="bbox 328 4570 1905 4650">
     <span class='ocr_line' id='line_1_93' title="bbox 328 4570 1905 4650; baseline -0.012 -9"><span class='ocrx_word' id='word_1_642' title='bbox 328 4587 473 4643; x_wconf 60' lang='lat' dir='ltr'><strong>eme</strong></span> <span class='ocrx_word' id='word_1_643' title='bbox 504 4585 675 4650; x_wconf 84' lang='grc' dir='ltr'>δῶρον</span> <span class='ocrx_word' id='word_1_644' title='bbox 709 4583 823 4641; x_wconf 82' lang='grc' dir='ltr'>τοῖς</span> <span class='ocrx_word' id='word_1_645' title='bbox 851 4579 1019 4642; x_wconf 80' lang='grc' dir='ltr'>ἀξίοις</span> <span class='ocrx_word' id='word_1_646' title='bbox 1067 4575 1136 4629; x_wconf 80' lang='grc' dir='ltr'>τὰ</span> <span class='ocrx_word' id='word_1_647' title='bbox 1187 4577 1320 4642; x_wconf 83' lang='grc' dir='ltr'>ἆγια</span> <span class='ocrx_word' id='word_1_648' title='bbox 1361 4574 1511 4643; x_wconf 83' lang='grc' dir='ltr'>δῶρα</span> <span class='ocrx_word' id='word_1_649' title='bbox 1569 4570 1905 4639; x_wconf 82' lang='grc' dir='ltr'>διανέμεται.</span> 
     </span>
    </p>
   </div>
   <div class='ocr_carea' id='block_1_94' title="bbox 327 4664 1909 4746">
    <p class='ocr_par' dir='ltr' id='par_1_94' title="bbox 327 4664 1909 4746">
     <span class='ocr_line' id='line_1_94' title="bbox 327 4664 1909 4746; baseline -0.014 -12"><span class='ocrx_word' id='word_1_650' title='bbox 327 4679 436 4735; x_wconf 86' lang='grc' dir='ltr'><strong>Διὰ</strong></span> <span class='ocrx_word' id='word_1_651' title='bbox 460 4677 569 4746; x_wconf 82' lang='grc' dir='ltr'>γὰρ</span> <span class='ocrx_word' id='word_1_652' title='bbox 598 4674 776 4738; x_wconf 81' lang='grc' dir='ltr'>τοῦτο,</span> <span class='ocrx_word' id='word_1_653' title='bbox 810 4672 885 4735; x_wconf 85' lang='grc' dir='ltr'><strong>ὡς</strong></span> <span class='ocrx_word' id='word_1_654' title='bbox 909 4671 1077 4735; x_wconf 73' lang='grc' dir='ltr'>ἔοικε,</span> <span class='ocrx_word' id='word_1_655' title='bbox 1098 4668 1192 4721; x_wconf 77' lang='grc' dir='ltr'>καὶ</span> <span class='ocrx_word' id='word_1_656' title='bbox 1215 4667 1349 4733; x_wconf 84' lang='grc' dir='ltr'>ἁγία</span> <span class='ocrx_word' id='word_1_657' title='bbox 1393 4664 1571 4734; x_wconf 81' lang='grc' dir='ltr'>δωρεὰ</span> <span class='ocrx_word' id='word_1_658' title='bbox 1604 4664 1746 4716; x_wconf 74' lang='grc' dir='ltr'>κατὰ</span> <span class='ocrx_word' id='word_1_659' title='bbox 1793 4678 1909 4714; x_wconf 86' lang='grc' dir='ltr'>κοι-</span> 
     </span>
    </p>
   </div>
   <div class='ocr_carea' id='block_1_95' title="bbox 326 4755 1911 4837">
    <p class='ocr_par' dir='ltr' id='par_1_95' title="bbox 326 4755 1911 4837">
     <span class='ocr_line' id='line_1_95' title="bbox 326 4755 1911 4837; baseline -0.015 -8"><span class='ocrx_word' id='word_1_660' title='bbox 326 4775 583 4833; x_wconf 82' lang='grc' dir='ltr'>νολαΐτας</span> <span class='ocrx_word' id='word_1_661' title='bbox 604 4768 852 4837; x_wconf 81' lang='grc' dir='ltr'>λέγονται</span> <span class='ocrx_word' id='word_1_662' title='bbox 885 4766 953 4817; x_wconf 77' lang='grc' dir='ltr'><strong>τά</strong></span> <span class='ocrx_word' id='word_1_663' title='bbox 985 4766 1137 4828; x_wconf 78' lang='grc' dir='ltr'>ἇγια.</span> <span class='ocrx_word' id='word_1_664' title='bbox 1168 4762 1272 4812; x_wconf 77' lang='grc' dir='ltr'><strong>Τὸν</strong></span> <span class='ocrx_word' id='word_1_665' title='bbox 1304 4759 1360 4811; x_wconf 76' lang='grc' dir='ltr'>δὲ</span> <span class='ocrx_word' id='word_1_666' title='bbox 1386 4758 1539 4827; x_wconf 83' lang='grc' dir='ltr'>παρὰ</span> <span class='ocrx_word' id='word_1_667' title='bbox 1557 4755 1729 4810; x_wconf 82' lang='grc' dir='ltr'>ταῦτα</span> <span class='ocrx_word' id='word_1_668' title='bbox 1791 4772 1911 4807; x_wconf 88' lang='grc' dir='ltr'>ποι-</span> 
     </span>
    </p>
   </div>
   <div class='ocr_carea' id='block_1_96' title="bbox 327 4849 1909 4931">
    <p class='ocr_par' dir='ltr' id='par_1_96' title="bbox 327 4849 1909 4931">
     <span class='ocr_line' id='line_1_96' title="bbox 327 4849 1909 4931; baseline -0.011 -11"><span class='ocrx_word' id='word_1_669' title='bbox 327 4868 499 4921; x_wconf 81' lang='grc' dir='ltr'>οῦντα</span> <span class='ocrx_word' id='word_1_670' title='bbox 535 4859 920 4931; x_wconf 80' lang='grc' dir='ltr'>καθαιρεῖσθαι</span> <span class='ocrx_word' id='word_1_671' title='bbox 945 4859 972 4909; x_wconf 88' lang='grc' dir='ltr'>ὁ</span> <span class='ocrx_word' id='word_1_672' title='bbox 993 4856 1172 4909; x_wconf 87' lang='grc' dir='ltr'>κανὼν</span> <span class='ocrx_word' id='word_1_673' title='bbox 1193 4854 1508 4923; x_wconf 77' lang='grc' dir='ltr'>διορίζεται,</span> <span class='ocrx_word' id='word_1_674' title='bbox 1535 4851 1608 4912; x_wconf 86' lang='grc' dir='ltr'>ὼς</span> <span class='ocrx_word' id='word_1_675' title='bbox 1654 4849 1755 4919; x_wconf 82' lang='grc' dir='ltr'><strong>τῆς</strong></span> <span class='ocrx_word' id='word_1_676' title='bbox 1809 4868 1909 4903; x_wconf 84' lang='grc' dir='ltr'>κα-</span> 
     </span>
    </p>
   </div>
   <div class='ocr_carea' id='block_1_97' title="bbox 326 4943 1625 5026">
    <p class='ocr_par' dir='ltr' id='par_1_97' title="bbox 326 4943 1625 5026">
     <span class='ocr_line' id='line_1_97' title="bbox 326 4943 1625 5026; baseline -0.013 -12"><span class='ocrx_word' id='word_1_677' title='bbox 326 4961 454 5022; x_wconf 88' lang='grc' dir='ltr'>κίας</span> <span class='ocrx_word' id='word_1_678' title='bbox 484 4958 583 5010; x_wconf 72' lang='grc' dir='ltr'>καὶ</span> <span class='ocrx_word' id='word_1_679' title='bbox 605 4958 702 5026; x_wconf 83' lang='grc' dir='ltr'>τῆς</span> <span class='ocrx_word' id='word_1_680' title='bbox 733 4954 942 5021; x_wconf 86' lang='grc' dir='ltr'>πλάνης</span> <span class='ocrx_word' id='word_1_681' title='bbox 966 4948 1060 5001; x_wconf 83' lang='grc' dir='ltr'>τοῦ</span> <span class='ocrx_word' id='word_1_682' title='bbox 1086 4947 1327 5016; x_wconf 89' lang='grc' dir='ltr'>Σίμωνος</span> <span class='ocrx_word' id='word_1_683' title='bbox 1358 4943 1625 5013; x_wconf 81' lang='grc' dir='ltr'>ζηλωτήν.</span> 
     </span>
    </p>
   </div>
   <div class='ocr_carea' id='block_1_98' title="bbox 401 5116 1908 5197">
    <p class='ocr_par' dir='ltr' id='par_1_98' title="bbox 401 5116 1908 5197">
     <span class='ocr_line' id='line_1_98' title="bbox 401 5116 1908 5197; baseline -0.013 -6"><span class='ocrx_word' id='word_1_684' title='bbox 401 5136 648 5191; x_wconf 80' lang='grc' dir='ltr'><strong>ΖΩΝΑΡ.</strong></span> <span class='ocrx_word' id='word_1_685' title='bbox 691 5130 833 5193; x_wconf 84' lang='grc' dir='ltr'>Τοὺς</span> <span class='ocrx_word' id='word_1_686' title='bbox 879 5123 1263 5197; x_wconf 82' lang='grc' dir='ltr'>μεταδιδόντας</span> <span class='ocrx_word' id='word_1_687' title='bbox 1306 5119 1383 5189; x_wconf 80' lang='grc' dir='ltr'>τῷ</span> <span class='ocrx_word' id='word_1_688' title='bbox 1426 5119 1542 5189; x_wconf 86' lang='grc' dir='ltr'>λαῷ</span> <span class='ocrx_word' id='word_1_689' title='bbox 1584 5118 1694 5171; x_wconf 83' lang='grc' dir='ltr'>τῶν</span> <span class='ocrx_word' id='word_1_690' title='bbox 1747 5116 1908 5171; x_wconf 82' lang='grc' dir='ltr'>θείων</span> 
     </span>
    </p>
   </div>
   <div class='ocr_carea' id='block_1_99' title="bbox 324 5209 1909 5297">
    <p class='ocr_par' dir='ltr' id='par_1_99' title="bbox 324 5209 1909 5297">
     <span class='ocr_line' id='line_1_99' title="bbox 324 5209 1909 5297; baseline -0.016 -14"><span class='ocrx_word' id='word_1_691' title='bbox 324 5232 428 5284; x_wconf 77' lang='grc' dir='ltr'><strong>καὶ</strong></span> <span class='ocrx_word' id='word_1_692' title='bbox 462 5224 706 5297; x_wconf 78' lang='grc' dir='ltr'>φρικτῶν</span> <span class='ocrx_word' id='word_1_693' title='bbox 736 5218 1052 5291; x_wconf 86' lang='grc' dir='ltr'>μυστηρίων</span> <span class='ocrx_word' id='word_1_694' title='bbox 1099 5213 1299 5267; x_wconf 78' lang='grc' dir='ltr'>κωλύει</span> <span class='ocrx_word' id='word_1_695' title='bbox 1349 5212 1378 5262; x_wconf 90' lang='lat'><strong>6</strong></span> <span class='ocrx_word' id='word_1_696' title='bbox 1417 5209 1599 5264; x_wconf 84' lang='grc' dir='ltr'>κανὼν</span> <span class='ocrx_word' id='word_1_697' title='bbox 1654 5210 1909 5263; x_wconf 81' lang='grc' dir='ltr'>ἀπαιτεῖν</span> 
     </span>
    </p>
   </div>
   <div class='ocr_carea' id='block_1_100' title="bbox 332 5301 1908 5385">
    <p class='ocr_par' dir='ltr' id='par_1_100' title="bbox 332 5301 1908 5385">
     <span class='ocr_line' id='line_1_100' title="bbox 332 5301 1908 5385; baseline -0.016 -10"><span class='ocrx_word' id='word_1_698' title='bbox 332 5323 442 5377; x_wconf 77' lang='grc' dir='ltr'><strong>ἀπὸ</strong></span> <span class='ocrx_word' id='word_1_699' title='bbox 493 5320 602 5371; x_wconf 83' lang='grc' dir='ltr'><strong>τῶν</strong></span> <span class='ocrx_word' id='word_1_700' title='bbox 662 5309 1190 5385; x_wconf 79' lang='grc' dir='ltr'>μεταλαμϐανόντων</span> <span class='ocrx_word' id='word_1_701' title='bbox 1237 5303 1461 5366; x_wconf 77' lang='grc' dir='ltr'>ὀϐολοὺς</span> <span class='ocrx_word' id='word_1_702' title='bbox 1508 5302 1541 5373; x_wconf 81' lang='grc' dir='ltr'>ἢ</span> <span class='ocrx_word' id='word_1_703' title='bbox 1593 5301 1908 5369; x_wconf 86' lang='grc' dir='ltr'>οίονδήποτε</span> 
     </span>
    </p>
   </div>
   <div class='ocr_carea' id='block_1_101' title="bbox 331 5392 1908 5477">
    <p class='ocr_par' dir='ltr' id='par_1_101' title="bbox 331 5392 1908 5477">
     <span class='ocr_line' id='line_1_101' title="bbox 331 5392 1908 5477; baseline -0.016 -9"><span class='ocrx_word' id='word_1_704' title='bbox 331 5412 497 5476; x_wconf 68' lang='grc' dir='ltr'>εἶδος.</span> <span class='ocrx_word' id='word_1_705' title='bbox 538 5411 605 5462; x_wconf 81' lang='grc' dir='ltr'><strong>Ἦ</strong></span> <span class='ocrx_word' id='word_1_706' title='bbox 635 5409 744 5477; x_wconf 82' lang='grc' dir='ltr'><strong>γὰρ</strong></span> <span class='ocrx_word' id='word_1_707' title='bbox 777 5409 958 5475; x_wconf 82' lang='grc' dir='ltr'>χάρις,</span> <span class='ocrx_word' id='word_1_708' title='bbox 990 5402 1178 5471; x_wconf 79' lang='grc' dir='ltr'>φησὶν,</span> <span class='ocrx_word' id='word_1_709' title='bbox 1211 5398 1272 5450; x_wconf 83' lang='grc' dir='ltr'><strong>οὐ</strong></span> <span class='ocrx_word' id='word_1_710' title='bbox 1325 5395 1724 5464; x_wconf 80' lang='grc' dir='ltr'>πιπράσκεται,</span> <span class='ocrx_word' id='word_1_711' title='bbox 1780 5392 1908 5445; x_wconf 78' lang='grc' dir='ltr'>οὐδὲ</span> 
     </span>
    </p>
   </div>
   <div class='ocr_carea' id='block_1_102' title="bbox 331 5484 1907 5578">
    <p class='ocr_par' dir='ltr' id='par_1_102' title="bbox 331 5484 1907 5578">
     <span class='ocr_line' id='line_1_102' title="bbox 331 5484 1907 5578; baseline -0.018 -18"><span class='ocrx_word' id='word_1_712' title='bbox 331 5511 610 5578; x_wconf 82' lang='grc' dir='ltr'>χρήμασιν</span> <span class='ocrx_word' id='word_1_713' title='bbox 638 5503 666 5553; x_wconf 88' lang='grc' dir='ltr'>ὁ</span> <span class='ocrx_word' id='word_1_714' title='bbox 692 5498 966 5566; x_wconf 81' lang='grc' dir='ltr'>ἁγιασμὸς</span> <span class='ocrx_word' id='word_1_715' title='bbox 1001 5490 1367 5561; x_wconf 81' lang='grc' dir='ltr'>μεταδίδοται,</span> <span class='ocrx_word' id='word_1_716' title='bbox 1400 5485 1539 5578; x_wconf 74' lang='grc' dir='ltr'>ἀλλα</span> <span class='ocrx_word' id='word_1_717' title='bbox 1576 5484 1907 5578; x_wconf 21' lang='grc' dir='ltr'>δὼρονᾳτοίς</span> 
     </span>
    </p>
   </div>
   <div class='ocr_carea' id='block_1_103' title="bbox 328 5572 1906 5664">
    <p class='ocr_par' dir='ltr' id='par_1_103' title="bbox 328 5572 1906 5664">
     <span class='ocr_line' id='line_1_103' title="bbox 328 5572 1906 5664; baseline -0.015 -18"><span class='ocrx_word' id='word_1_718' title='bbox 328 5572 501 5664; x_wconf 58' lang='grc' dir='ltr'>ἆξίδις</span> <span class='ocrx_word' id='word_1_719' title='bbox 529 5591 863 5660; x_wconf 78' lang='grc' dir='ltr'>διανέμεται.</span> <span class='ocrx_word' id='word_1_720' title='bbox 914 5583 971 5637; x_wconf 87' lang='grc' dir='ltr'><strong>Ὀ</strong></span> <span class='ocrx_word' id='word_1_721' title='bbox 1002 5584 1056 5635; x_wconf 82' lang='grc' dir='ltr'><em>οέ</em></span> <span class='ocrx_word' id='word_1_722' title='bbox 1089 5600 1138 5635; x_wconf 88' lang='grc' dir='ltr'><strong>τι</strong></span> <span class='ocrx_word' id='word_1_723' title='bbox 1163 5578 1410 5632; x_wconf 82' lang='grc' dir='ltr'>ἁπαιτῶν</span> <span class='ocrx_word' id='word_1_724' title='bbox 1444 5576 1601 5635; x_wconf 50' lang='grc' dir='ltr'>τοὺςι</span> <span class='ocrx_word' id='word_1_725' title='bbox 1623 5572 1906 5643; x_wconf 85' lang='grc' dir='ltr'>μεταλαμ-</span> 
     </span>
    </p>
   </div>
   <div class='ocr_carea' id='block_1_104' title="bbox 332 5662 1907 5746">
    <p class='ocr_par' dir='ltr' id='par_1_104' title="bbox 332 5662 1907 5746">
     <span class='ocr_line' id='line_1_104' title="bbox 332 5662 1907 5746; baseline -0.019 -5"><span class='ocrx_word' id='word_1_726' title='bbox 332 5662 620 5746; x_wconf 73' lang='grc' dir='ltr'>ϐάνοντας,</span> <span class='ocrx_word' id='word_1_727' title='bbox 654 5681 757 5733; x_wconf 81' lang='grc' dir='ltr'><strong>κᾶν</strong></span> <span class='ocrx_word' id='word_1_728' title='bbox 800 5676 1083 5743; x_wconf 74' lang='grc' dir='ltr'>ἐλάχιστον</span> <span class='ocrx_word' id='word_1_729' title='bbox 1125 5670 1235 5739; x_wconf 78' lang='grc' dir='ltr'>εἴη,</span> <span class='ocrx_word' id='word_1_730' title='bbox 1282 5663 1770 5735; x_wconf 85' lang='grc' dir='ltr'>καθαιρεθήσεται,</span> <span class='ocrx_word' id='word_1_731' title='bbox 1832 5662 1907 5722; x_wconf 86' lang='grc' dir='ltr'>ὼς</span> 
     </span>
    </p>
   </div>
   <div class='ocr_carea' id='block_1_105' title="bbox 329 5755 1904 5856">
    <p class='ocr_par' dir='ltr' id='par_1_105' title="bbox 329 5755 1904 5856">
     <span class='ocr_line' id='line_1_105' title="bbox 329 5755 1904 5856; baseline -0.026 -21"><span class='ocrx_word' id='word_1_732' title='bbox 329 5784 427 5856; x_wconf 79' lang='grc' dir='ltr'><strong>της</strong></span> <span class='ocrx_word' id='word_1_733' title='bbox 452 5779 691 5847; x_wconf 77' lang='grc' dir='ltr'>Σίμωνος</span> <span class='ocrx_word' id='word_1_734' title='bbox 713 5767 959 5841; x_wconf 78' lang='grc' dir='ltr'>ζηλωτὴς</span> <span class='ocrx_word' id='word_1_735' title='bbox 984 5767 1187 5833; x_wconf 82' lang='grc' dir='ltr'>πλάνης</span> <span class='ocrx_word' id='word_1_736' title='bbox 1208 5763 1299 5816; x_wconf 78' lang='grc' dir='ltr'><strong>καὶ</strong></span> <span class='ocrx_word' id='word_1_737' title='bbox 1325 5756 1681 5827; x_wconf 85' lang='grc' dir='ltr'>κακουργίας,</span> <span class='ocrx_word' id='word_1_738' title='bbox 1729 5755 1904 5809; x_wconf 72' lang='grc' dir='ltr'>Ἐκεῖ-</span> 
     </span>
    </p>
   </div>
   <div class='ocr_carea' id='block_1_106' title="bbox 2010 4571 3582 4641">
    <p class='ocr_par' dir='ltr' id='par_1_106' title="bbox 2010 4571 3582 4641">
     <span class='ocr_line' id='line_1_106' title="bbox 2010 4571 3582 4641; baseline 0.001 -17"><span class='ocrx_word' id='word_1_739' title='bbox 2010 4571 2267 4627; x_wconf 81' lang='lat' dir='ltr'><strong>ctilicatiu</strong></span> <span class='ocrx_word' id='word_1_740' title='bbox 2298 4571 2608 4641; x_wconf 88' lang='lat' dir='ltr'><strong>impertitur</strong></span> <span class='ocrx_word' id='word_1_741' title='bbox 2638 4590 2652 4627; x_wconf 91' lang='lat'><strong>:</strong></span> <span class='ocrx_word' id='word_1_742' title='bbox 2691 4572 2786 4627; x_wconf 89' lang='lat' dir='ltr'><strong>sed</strong></span> <span class='ocrx_word' id='word_1_743' title='bbox 2823 4571 2891 4625; x_wconf 90' lang='lat' dir='ltr'><strong>iis</strong></span> <span class='ocrx_word' id='word_1_744' title='bbox 2920 4571 3013 4641; x_wconf 92' lang='lat' dir='ltr'><strong>qui</strong></span> <span class='ocrx_word' id='word_1_745' title='bbox 3040 4571 3186 4641; x_wconf 79' lang='lat' dir='ltr'><strong>digni</strong></span> <span class='ocrx_word' id='word_1_746' title='bbox 3216 4582 3362 4639; x_wconf 83' lang='lat' dir='ltr'><strong>sunt,</strong></span> <span class='ocrx_word' id='word_1_747' title='bbox 3395 4586 3582 4628; x_wconf 71' lang='lat' dir='ltr'><strong>sancti</strong></span> 
     </span>
    </p>
   </div>
   <div class='ocr_carea' id='block_1_107' title="bbox 2011 4658 3585 4731">
    <p class='ocr_par' dir='ltr' id='par_1_107' title="bbox 2011 4658 3585 4731">
     <span class='ocr_line' id='line_1_107' title="bbox 2011 4658 3585 4731; baseline -0.001 -17"><span class='ocrx_word' id='word_1_748' title='bbox 2011 4658 2153 4714; x_wconf 84' lang='lat' dir='ltr'><strong>dona</strong></span> <span class='ocrx_word' id='word_1_749' title='bbox 2213 4661 2383 4731; x_wconf 86' lang='lat' dir='ltr'><strong>gratis</strong></span> <span class='ocrx_word' id='word_1_750' title='bbox 2430 4661 2854 4715; x_wconf 87' lang='lat' dir='ltr'><strong>distribuuntur.</strong></span> <span class='ocrx_word' id='word_1_751' title='bbox 2891 4658 3183 4730; x_wconf 80' lang='lat' dir='ltr'><strong>Propterea</strong></span> <span class='ocrx_word' id='word_1_752' title='bbox 3216 4662 3385 4727; x_wconf 90' lang='lat' dir='ltr'><strong>enim,</strong></span> <span class='ocrx_word' id='word_1_753' title='bbox 3412 4673 3471 4716; x_wconf 88' lang='lat' dir='ltr'><strong>ut</strong></span> <span class='ocrx_word' id='word_1_754' title='bbox 3501 4669 3585 4716; x_wconf 81' lang='lat' dir='ltr'><strong>est</strong></span> 
     </span>
    </p>
   </div>
   <div class='ocr_carea' id='block_1_108' title="bbox 2008 4751 3580 4821">
    <p class='ocr_par' dir='ltr' id='par_1_108' title="bbox 2008 4751 3580 4821">
     <span class='ocr_line' id='line_1_108' title="bbox 2008 4751 3580 4821; baseline 0.001 -19"><span class='ocrx_word' id='word_1_755' title='bbox 2008 4751 2312 4819; x_wconf 87' lang='lat' dir='ltr'><strong>probabile,</strong></span> <span class='ocrx_word' id='word_1_756' title='bbox 2336 4752 2497 4805; x_wconf 89' lang='lat' dir='ltr'><strong>etiam</strong></span> <span class='ocrx_word' id='word_1_757' title='bbox 2517 4760 2704 4805; x_wconf 85' lang='lat' dir='ltr'><strong>sancta</strong></span> <span class='ocrx_word' id='word_1_758' title='bbox 2734 4751 2957 4805; x_wconf 88' lang='lat' dir='ltr'><strong>donatio</strong></span> <span class='ocrx_word' id='word_1_759' title='bbox 2990 4766 3018 4802; x_wconf 88' lang='lat' dir='ltr'><strong>a</strong></span> <span class='ocrx_word' id='word_1_760' title='bbox 3052 4751 3212 4821; x_wconf 83' lang='lat' dir='ltr'><strong>vulgo</strong></span> <span class='ocrx_word' id='word_1_761' title='bbox 3238 4761 3580 4804; x_wconf 85' lang='lat' dir='ltr'><strong>sacramenta</strong></span> 
     </span>
    </p>
   </div>
   <div class='ocr_carea' id='block_1_109' title="bbox 2008 4842 3584 4913">
    <p class='ocr_par' dir='ltr' id='par_1_109' title="bbox 2008 4842 3584 4913">
     <span class='ocr_line' id='line_1_109' title="bbox 2008 4842 3584 4913; baseline -0.003 -16"><span class='ocrx_word' id='word_1_762' title='bbox 2008 4844 2289 4897; x_wconf 79' lang='lat' dir='ltr'><strong>dicuntur.</strong></span> <span class='ocrx_word' id='word_1_763' title='bbox 2339 4844 2470 4897; x_wconf 77' lang='lat' dir='ltr'><strong>Eum</strong></span> <span class='ocrx_word' id='word_1_764' title='bbox 2522 4853 2725 4910; x_wconf 89' lang='lat' dir='ltr'><strong>autem,</strong></span> <span class='ocrx_word' id='word_1_765' title='bbox 2784 4845 2875 4913; x_wconf 85' lang='lat' dir='ltr'><strong>qui</strong></span> <span class='ocrx_word' id='word_1_766' title='bbox 2938 4843 3093 4897; x_wconf 87' lang='lat' dir='ltr'><strong>aliter</strong></span> <span class='ocrx_word' id='word_1_767' title='bbox 3153 4842 3365 4908; x_wconf 82' lang='lat' dir='ltr'><strong>fecerit,</strong></span> <span class='ocrx_word' id='word_1_768' title='bbox 3421 4842 3584 4908; x_wconf 86' lang='lat' dir='ltr'><strong>depo-</strong></span> 
     </span>
    </p>
   </div>
   <div class='ocr_carea' id='block_1_110' title="bbox 2010 4932 3579 5002">
    <p class='ocr_par' dir='ltr' id='par_1_110' title="bbox 2010 4932 3579 5002">
     <span class='ocr_line' id='line_1_110' title="bbox 2010 4932 3579 5002; baseline -0.002 -13"><span class='ocrx_word' id='word_1_769' title='bbox 2010 4936 2248 4989; x_wconf 83' lang='lat' dir='ltr'><strong>nendqu</strong></span> <span class='ocrx_word' id='word_1_770' title='bbox 2288 4935 2533 4988; x_wconf 86' lang='lat' dir='ltr'><strong>decernit</strong></span> <span class='ocrx_word' id='word_1_771' title='bbox 2559 4949 2758 4999; x_wconf 86' lang='lat' dir='ltr'><strong>canon,</strong></span> <span class='ocrx_word' id='word_1_772' title='bbox 2791 4946 2850 4987; x_wconf 87' lang='lat' dir='ltr'><strong>ut</strong></span> <span class='ocrx_word' id='word_1_773' title='bbox 2881 4934 2971 5002; x_wconf 89' lang='lat' dir='ltr'><strong>qui</strong></span> <span class='ocrx_word' id='word_1_774' title='bbox 3004 4934 3077 4988; x_wconf 87' lang='lat' dir='ltr'><strong>sit</strong></span> <span class='ocrx_word' id='word_1_775' title='bbox 3112 4932 3438 4987; x_wconf 66' lang='lat' dir='ltr'><strong>Simouiaca:</strong></span> <span class='ocrx_word' id='word_1_776' title='bbox 3478 4935 3579 4986; x_wconf 84' lang='lat' dir='ltr'><strong>im-</strong></span> 
     </span>
    </p>
   </div>
   <div class='ocr_carea' id='block_1_111' title="bbox 2010 5024 2934 5093">
    <p class='ocr_par' dir='ltr' id='par_1_111' title="bbox 2010 5024 2934 5093">
     <span class='ocr_line' id='line_1_111' title="bbox 2010 5024 2934 5093; baseline 0 -17"><span class='ocrx_word' id='word_1_777' title='bbox 2010 5027 2295 5093; x_wconf 87' lang='lat' dir='ltr'><strong>probitatis</strong></span> <span class='ocrx_word' id='word_1_778' title='bbox 2319 5035 2372 5077; x_wconf 92' lang='lat' dir='ltr'><strong>et</strong></span> <span class='ocrx_word' id='word_1_779' title='bbox 2402 5028 2603 5078; x_wconf 89' lang='lat' dir='ltr'><strong>erroris</strong></span> <span class='ocrx_word' id='word_1_780' title='bbox 2631 5024 2934 5078; x_wconf 75' lang='lat' dir='ltr'><strong>:emulator.</strong></span> 
     </span>
    </p>
   </div>
   <div class='ocr_carea' id='block_1_112' title="bbox 2086 5113 3581 5183">
    <p class='ocr_par' dir='ltr' id='par_1_112' title="bbox 2086 5113 3581 5183">
     <span class='ocr_line' id='line_1_112' title="bbox 2086 5113 3581 5183; baseline -0.002 -16"><span class='ocrx_word' id='word_1_781' title='bbox 2086 5113 2335 5168; x_wconf 77' lang='lat' dir='ltr'><strong>ZONAR.</strong></span> <span class='ocrx_word' id='word_1_782' title='bbox 2385 5113 2591 5179; x_wconf 86' lang='lat' dir='ltr'><strong>Quibus</strong></span> <span class='ocrx_word' id='word_1_783' title='bbox 2649 5114 2831 5167; x_wconf 85' lang='lat' dir='ltr'><strong>divina</strong></span> <span class='ocrx_word' id='word_1_784' title='bbox 2887 5122 2942 5167; x_wconf 90' lang='lat' dir='ltr'><strong>et</strong></span> <span class='ocrx_word' id='word_1_785' title='bbox 2995 5113 3270 5167; x_wconf 86' lang='lat' dir='ltr'><strong>tremenda</strong></span> <span class='ocrx_word' id='word_1_786' title='bbox 3328 5116 3581 5183; x_wconf 81' lang='lat' dir='ltr'><strong>mysteria</strong></span> 
     </span>
    </p>
   </div>
   <div class='ocr_carea' id='block_1_113' title="bbox 2010 5203 3583 5275">
    <p class='ocr_par' dir='ltr' id='par_1_113' title="bbox 2010 5203 3583 5275">
     <span class='ocr_line' id='line_1_113' title="bbox 2010 5203 3583 5275; baseline -0.003 -16"><span class='ocrx_word' id='word_1_787' title='bbox 2010 5206 2205 5275; x_wconf 90' lang='lat' dir='ltr'><strong>populo</strong></span> <span class='ocrx_word' id='word_1_788' title='bbox 2245 5206 2587 5274; x_wconf 84' lang='lat' dir='ltr'><strong>impertiendi</strong></span> <span class='ocrx_word' id='word_1_789' title='bbox 2622 5220 2750 5258; x_wconf 87' lang='lat' dir='ltr'><strong>cura</strong></span> <span class='ocrx_word' id='word_1_790' title='bbox 2778 5203 3102 5258; x_wconf 85' lang='lat' dir='ltr'><strong>demandata</strong></span> <span class='ocrx_word' id='word_1_791' title='bbox 3133 5214 3236 5269; x_wconf 86' lang='lat' dir='ltr'><strong>cst,</strong></span> <span class='ocrx_word' id='word_1_792' title='bbox 3268 5205 3455 5259; x_wconf 82' lang='lat' dir='ltr'><strong>obolos</strong></span> <span class='ocrx_word' id='word_1_793' title='bbox 3491 5214 3583 5256; x_wconf 84' lang='lat' dir='ltr'><strong>aut</strong></span> 
     </span>
    </p>
   </div>
   <div class='ocr_carea' id='block_1_114' title="bbox 2010 5295 3583 5365">
    <p class='ocr_par' dir='ltr' id='par_1_114' title="bbox 2010 5295 3583 5365">
     <span class='ocr_line' id='line_1_114' title="bbox 2010 5295 3583 5365; baseline -0.003 -15"><span class='ocrx_word' id='word_1_794' title='bbox 2010 5312 2125 5350; x_wconf 88' lang='lat' dir='ltr'><strong>rem</strong></span> <span class='ocrx_word' id='word_1_795' title='bbox 2160 5296 2346 5360; x_wconf 87' lang='lat' dir='ltr'><strong>aliam,</strong></span> <span class='ocrx_word' id='word_1_796' title='bbox 2378 5311 2714 5365; x_wconf 63' lang='lat' dir='ltr'><strong>quaecunque</strong></span> <span class='ocrx_word' id='word_1_797' title='bbox 2753 5296 2967 5349; x_wconf 87' lang='lat' dir='ltr'><strong>demum</strong></span> <span class='ocrx_word' id='word_1_798' title='bbox 3001 5310 3065 5349; x_wconf 82' lang='lat' dir='ltr'><strong>ea</strong></span> <span class='ocrx_word' id='word_1_799' title='bbox 3096 5297 3187 5357; x_wconf 84' lang='lat' dir='ltr'><strong>sit,</strong></span> <span class='ocrx_word' id='word_1_800' title='bbox 3222 5311 3252 5349; x_wconf 88' lang='lat' dir='ltr'><strong>a</strong></span> <span class='ocrx_word' id='word_1_801' title='bbox 3288 5295 3583 5349; x_wconf 63' lang='lat' dir='ltr'><strong>communio</strong></span> 
     </span>
    </p>
   </div>
   <div class='ocr_carea' id='block_1_115' title="bbox 2011 5383 3578 5455">
    <p class='ocr_par' dir='ltr' id='par_1_115' title="bbox 2011 5383 3578 5455">
     <span class='ocr_line' id='line_1_115' title="bbox 2011 5383 3578 5455; baseline -0.005 -12"><span class='ocrx_word' id='word_1_802' title='bbox 2011 5388 2265 5443; x_wconf 88' lang='lat' dir='ltr'><strong>cautibus</strong></span> <span class='ocrx_word' id='word_1_803' title='bbox 2304 5388 2521 5455; x_wconf 76' lang='lat' dir='ltr'><strong>exigere</strong></span> <span class='ocrx_word' id='word_1_804' title='bbox 2553 5402 2725 5441; x_wconf 87' lang='lat' dir='ltr'><strong>canon</strong></span> <span class='ocrx_word' id='word_1_805' title='bbox 2773 5394 2939 5438; x_wconf 84' lang='lat' dir='ltr'><strong>vetat.</strong></span> <span class='ocrx_word' id='word_1_806' title='bbox 2994 5383 3103 5439; x_wconf 75' lang='lat' dir='ltr'><strong>Nec</strong></span> <span class='ocrx_word' id='word_1_807' title='bbox 3155 5386 3296 5439; x_wconf 88' lang='lat' dir='ltr'><strong>enim</strong></span> <span class='ocrx_word' id='word_1_808' title='bbox 3348 5383 3578 5447; x_wconf 85' lang='lat' dir='ltr'><strong>venalis,</strong></span> 
     </span>
    </p>
   </div>
   <div class='ocr_carea' id='block_1_116' title="bbox 2009 5478 3597 5549">
    <p class='ocr_par' dir='ltr' id='par_1_116' title="bbox 2009 5478 3597 5549">
     <span class='ocr_line' id='line_1_116' title="bbox 2009 5478 3597 5549; baseline -0.004 -15"><span class='ocrx_word' id='word_1_809' title='bbox 2009 5482 2206 5549; x_wconf 87' lang='lat' dir='ltr'><strong>inquit,</strong></span> <span class='ocrx_word' id='word_1_810' title='bbox 2236 5492 2318 5535; x_wconf 87' lang='lat' dir='ltr'><strong>est</strong></span> <span class='ocrx_word' id='word_1_811' title='bbox 2354 5480 2549 5548; x_wconf 87' lang='lat' dir='ltr'><strong>gratia,</strong></span> <span class='ocrx_word' id='word_1_812' title='bbox 2600 5492 2779 5548; x_wconf 90' lang='lat' dir='ltr'><strong>neque</strong></span> <span class='ocrx_word' id='word_1_813' title='bbox 2824 5478 2998 5546; x_wconf 88' lang='lat' dir='ltr'><strong>pretio</strong></span> <span class='ocrx_word' id='word_1_814' title='bbox 3044 5479 3307 5530; x_wconf 83' lang='lat' dir='ltr'><strong>sanctitas</strong></span> <span class='ocrx_word' id='word_1_815' title='bbox 3360 5489 3597 5542; x_wconf 71' lang='lat' dir='ltr'><strong>COIIIpIi-.</strong></span> 
     </span>
    </p>
   </div>
   <div class='ocr_carea' id='block_1_117' title="bbox 2011 5566 3578 5638">
    <p class='ocr_par' dir='ltr' id='par_1_117' title="bbox 2011 5566 3578 5638">
     <span class='ocr_line' id='line_1_117' title="bbox 2011 5566 3578 5638; baseline -0.007 -13"><span class='ocrx_word' id='word_1_816' title='bbox 2011 5583 2179 5636; x_wconf 84' lang='lat' dir='ltr'><strong>ratur,</strong></span> <span class='ocrx_word' id='word_1_817' title='bbox 2214 5570 2311 5627; x_wconf 87' lang='lat' dir='ltr'><strong>sed</strong></span> <span class='ocrx_word' id='word_1_818' title='bbox 2337 5570 2509 5638; x_wconf 86' lang='lat' dir='ltr'><strong>dignis</strong></span> <span class='ocrx_word' id='word_1_819' title='bbox 2537 5570 2848 5623; x_wconf 87' lang='lat' dir='ltr'><strong>hominibus</strong></span> <span class='ocrx_word' id='word_1_820' title='bbox 2875 5568 3110 5637; x_wconf 84' lang='lat' dir='ltr'><strong>gratuita</strong></span> <span class='ocrx_word' id='word_1_821' title='bbox 3134 5566 3425 5637; x_wconf 88' lang='lat' dir='ltr'><strong>largitione</strong></span> <span class='ocrx_word' id='word_1_822' title='bbox 3445 5579 3578 5617; x_wconf 86' lang='lat' dir='ltr'><strong>cou-</strong></span> 
     </span>
    </p>
   </div>
   <div class='ocr_carea' id='block_1_118' title="bbox 2006 5657 3573 5732">
    <p class='ocr_par' dir='ltr' id='par_1_118' title="bbox 2006 5657 3573 5732">
     <span class='ocr_line' id='line_1_118' title="bbox 2006 5657 3573 5732; baseline -0.006 -15"><span class='ocrx_word' id='word_1_823' title='bbox 2006 5663 2199 5717; x_wconf 83' lang='lat' dir='ltr'><strong>fertur.</strong></span> <span class='ocrx_word' id='word_1_824' title='bbox 2234 5665 2332 5729; x_wconf 78' lang='lat' dir='ltr'><strong>Qui</strong></span> <span class='ocrx_word' id='word_1_825' title='bbox 2360 5677 2488 5716; x_wconf 87' lang='lat' dir='ltr'><strong>vero</strong></span> <span class='ocrx_word' id='word_1_826' title='bbox 2514 5662 2713 5732; x_wconf 87' lang='lat' dir='ltr'><strong>aliquid</strong></span> <span class='ocrx_word' id='word_1_827' title='bbox 2748 5678 2775 5714; x_wconf 89' lang='lat' dir='ltr'><strong>a</strong></span> <span class='ocrx_word' id='word_1_828' title='bbox 2818 5661 3354 5716; x_wconf 82' lang='lat' dir='ltr'><strong>communicantibus</strong></span> <span class='ocrx_word' id='word_1_829' title='bbox 3408 5657 3573 5709; x_wconf 88' lang='lat' dir='ltr'><strong>etiam</strong></span> 
     </span>
    </p>
   </div>
   <div class='ocr_carea' id='block_1_119' title="bbox 2011 5745 3581 5822">
    <p class='ocr_par' dir='ltr' id='par_1_119' title="bbox 2011 5745 3581 5822">
     <span class='ocr_line' id='line_1_119' title="bbox 2011 5745 3581 5822; baseline -0.01 -12"><span class='ocrx_word' id='word_1_830' title='bbox 2011 5754 2292 5810; x_wconf 86' lang='lat' dir='ltr'><strong>minimum</strong></span> <span class='ocrx_word' id='word_1_831' title='bbox 2347 5754 2563 5822; x_wconf 77' lang='lat' dir='ltr'><strong>exigere</strong></span> <span class='ocrx_word' id='word_1_832' title='bbox 2612 5767 2779 5806; x_wconf 87' lang='lat' dir='ltr'><strong>ausus</strong></span> <span class='ocrx_word' id='word_1_833' title='bbox 2836 5749 3023 5817; x_wconf 87' lang='lat' dir='ltr'><strong>luerit,</strong></span> <span class='ocrx_word' id='word_1_834' title='bbox 3076 5747 3231 5818; x_wconf 84' lang='lat' dir='ltr'><strong>quasi</strong></span> <span class='ocrx_word' id='word_1_835' title='bbox 3289 5745 3581 5803; x_wconf 70' lang='lat' dir='ltr'><strong>Simoniatd</strong></span> 
     </span>
    </p>
   </div>
  </div>
