4074 6436
478 334 580 399 591

1744 332 2021 392 THEOD.
2079 330 2312 389 BALSA
2326 328 2485 387 ΜοΝ

3625 326 3736 390 5‘32

473 450 679 504 erroris
709 463 769 502 ac
808 446 1176 517 improbitatis
1206 444 1579 500 :emulatorcm
1617 444 1813 511 deponi
1850 452 2052 511 placet.

2167 455 2246 500 νος
2282 438 2389 507 γὰρ
2419 433 2843 505 ἑζήτειδοθῆναι
2897 430 3049 503 αὕτῷ
3098 431 3189 484 ἐπὶ
3246 430 3532 504 χρήμασιν
3577 432 3741 488 ὢνιον

471 540 581 597 Iste
639 543 782 596 enim
841 540 1022 593 oblato
1073 539 1289 609 pretio,
1358 536 1579 605 rependi
1638 534 1740 589 sibi
1805 532 2046 589 vicissim

474 635 651 690 sancti
691 632 926 700 Spiritus
960 633 1192 697 gratiam
1226 628 1564 700 postulabat.

471 723 699 781 ARIST.
756 741 775 773 ι
826 722 928 788 Qui
988 721 1386 776 immaculatum
1440 718 1752 788 irnpertitnr
1806 731 2051 770 commu-

549 832 567 863 ι
616 813 852 876 nionem,
876 824 927 864 et
954 811 1171 864 oholum
1199 811 1281 863 vel
1306 810 1448 863 aliud
1469 812 1828 878 quodcunque
1855 806 2046 875 exigit,

546 922 565 953 ι
601 903 926 970 deponatur.
970 920 988 953 ι
1033 900 1373 966 Perspicuae.

934 992 1092 1061 183
1122 989 1353 1045 CANON
1391 988 1582 1043 XXIV.

476 1103 493 1135 ι
534 1083 609 1138 Ne
630 1084 714 1138 cui
745 1083 903 1137 liceat
926 1099 1116 1135 eorum
1141 1082 1231 1149 qui
1266 1082 1317 1133 in
1356 1078 1677 1133 sacerdotali
1705 1077 1895 1133 ordine
1918 1093 2050 1131 enu-

548 1191 567 1223 ι
605 1178 910 1234 merantur,‘
934 1170 1015 1223 vel
1047 1171 1457 1233 monachorum,
1490 1169 1543 1222 in
1576 1184 1836 1237 equorum
1876 1170 2051 1221 curri-

549 1281 567 1313 ι
604 1262 740 1315 culis
771 1261 1090 1322 subsistere,
1129 1260 1207 1313 vel
1264 1261 1508 1313 scenicos
1548 1258 1702 1312 ludos
1752 1257 2046 1312 sustinere.

547 1374 565 1407 ι
603 1354 710 1409 Sed
763 1363 815 1407 et
870 1352 914 1407 si
964 1352 1086 1420 quis
1114 1349 1343 1404 clericus
1392 1349 1457 1401 ad
1516 1348 1734 1415 nuptias
1787 1356 1994 1400 vocetur
2030 1385 2048 1411 ,

549 1466 567 1499 ι
608 1448 823 1514 quando
854 1444 919 1498 ad
952 1443 1324 1512 deceptioncm
1354 1448 1667 1507 comparata
1701 1437 1905 1491 ludicra
1965 1439 2049 1491 iu-

555 1560 572 1591 ι
610 1553 790 1608 gressa
821 1536 1059 1599 fuerint,
1088 1541 1271 1602 surgat
1314 1542 1367 1585 et
1417 1544 1449 1582 ο
1498 1530 1727 1599 vestigio
1767 1529 2045 1593 discedat,

493 1668 499 1675 .
552 1650 571 1682 ι
612 1631 827 1683 Patrum
861 1634 1168 1680 nostrorum
1200 1624 1277 1678 sic
1301 1622 1526 1692 jubente
1553 1622 1818 1676 doctrina.
1846 1621 1901 1673 Si
1925 1620 2051 1690 quis

552 1742 570 1773 ι
606 1728 783 1775 autem
814 1718 934 1787 ejus
968 1716 1043 1769 rei
1068 1715 1390 1786 coniunctus
1416 1713 1602 1781 fuerit,
1641 1713 1724 1768 vel
1763 1722 1943 1768 cesset
1966 1712 2050 1767 rel

552 1831 571 1863 ε
610 1814 938 1879 depoaatur.
980 1826 998 1859 ι

545 1900 739 1955 B\LS.
791 1899 1197 1964 Consequenter
1246 1894 1316 1949 54
1361 1893 1555 1948 canoni
1606 1890 1796 1963 synodi
1852 1889 2053 1944 Laodi-

479 2009 623 2047 cena‘.
655 1990 902 2058 prohibet
949 1988 1110 2041 etiam
1160 1999 1399 2053 prmsens
1448 1997 1619 2037 canon
1675 1982 1727 2035 in
1789 1995 2053 2049 equorum

476 2082 803 2139 curriculum
837 2077 1130 2134 ascendere
1163 2076 1243 2129 vel
1276 2076 1586 2129 sacerdotes
1612 2073 1694 2124 νισι
1734 2072 2065 2138 monachos;

477 2176 559 2229 vel
625 2175 869 2229 scenicos
906 2172 1068 2225 etiam
1121 2168 1275 2223 ludos
1329 2168 1517 2221 audire
1572 2183 1588 2220 :
1645 2165 1943 2232 adjicieus,
2001 2172 2060 2217 ut

474 2266 657 2321 clerici
694 2270 760 2317 ad
793 2264 1005 2333 nuptias
1043 2261 1214 2313 vocati
1244 2258 1343 2326 (de
1376 2256 1657 2311 monachis
1694 2257 1839 2308 enim
1873 2254 2059 2308 dicere

479 2355 727 2412 Patribns
757 2370 785 2407 a
822 2355 1030 2407 ratione
1060 2352 1292 2405 alienum
1319 2349 1493 2403 visum
1532 2360 1639 2411 est,
1691 2350 1834 2415 quod
1882 2346 1935 2398 id
1988 2343 2060 2398 sit

478 2446 644 2502 nimis
679 2445 1033 2500 indecorum)
1070 2442 1327 2496 recedant
1382 2454 1506 2494 cum
1562 2438 1801 2509 primum
1849 2436 2057 2488 ludicra

482 2537 725 2604 ingressa
750 2532 973 2587 fuerint.
1006 2531 1109 2586 Sed
1138 2527 1454 2583 thodicenaa
1481 2526 1696 2597 quidem
1729 2541 1850 2594 syu.
1878 2538 2057 2578 canon

482 2629 538 2681 in
566 2626 683 2694 ejus
710 2633 1112 2691 contemptores
1152 2637 1262 2676 non
1315 2617 1739 2674 animadvertit:
1769 2616 1857 2670 hic
1881 2627 2059 2669 autem

482 2718 737 2771 admouet
758 2714 994 2782 quidem,
1021 2721 1079 2765 ut
1100 2713 1189 2780 qui
1230 2711 1335 2766 tale
1359 2710 1487 2780 quid
1524 2709 1729 2763 faciunt
1760 2708 2061 2769 desistant;

482 2809 727 2865 siautem
764 2821 869 2860 non
912 2807 1194 2871 desistant,
1228 2803 1577 2874 deponendos
1608 2800 1879 2855 decernit.
1917 2797 2054 2852 Cum

484 2901 540 2954 bi
586 2901 962 2953 dttocnnones
1009 2899 1121 2951 lucc
1182 2896 1400 2957 dicant,
1453 2904 1507 2947 et
1555 2892 1944 2962 propemodum
1996 2889 2061 2942 ab

485 2989 739 3045 Ecclesia:
763 2999 911 3057 parte
935 2986 1191 3056 prohibiti
1222 2985 1328 3039 sint
1371 2983 1621 3037 monachi
1654 2990 1710 3036 et
1750 2979 2063 3035 sacerdotes

483 3098 672 3138 emes
705 3082 769 3134 ad
802 3095 1063 3148 equorum
1086 3076 1569 3132 cursosrvideudos
1617 3075 1884 3129 accedere
1909 3112 1924 3137 ,
1976 3070 2064 3125 di-

2158 530 2257 601 τὴν
2285 531 2449 599 χάριν
2471 528 2564 580 τοῦ
2600 525 2935 596 Πνεύματος.

2152 706 2380 762 ΑΡΙΣΤ.
2418 725 2436 758 ι
2482 706 2539 759 Ὀ
2576 707 2674 775 τῆς
2714 707 2987 776 ἀχράντου
3049 705 3373 776 μεταδιδοὺς
3424 705 3737 772 κοινωνίας,

2234 818 2252 850 ι
2294 799 2387 852 καὶ
2422 797 2611 851 ὀϐολὸν
2645 798 2952 870 ἀπαιτῶνῆ
3004 799 3192 870 ἓτερον
3249 793 3409 862 εἶδος,
3453 797 3739 869 καθαιρεί-

2234 910 2250 943 ι
2296 892 2421 944 σθω.
2452 908 2468 940 ι
2510 888 2736 959 Sagarim

2738 983 2982 1036 ΚΔΝΩΝ
3010 984 3137 1039 KA'.
3210 978 3211 981 “

2150 1092 2179 1125 1
2217 1074 2308 1144 Μὴ
2358 1074 2562 1140 ἐξέστω
2604 1078 2711 1130 τινὶ
2742 1075 2851 1128 τῶν
2880 1076 2940 1127 ἐν
2969 1074 3232 1145 ίερατικῷ
3280 1075 3740 1144 καταλεγομένων

2234 1187 2252 1217 ι
2297 1168 2536 1235 τάγματι
2574 1167 2606 1239 ἧ
2643 1166 2865 1237 μονα.χῷ
2908 1168 2966 1218 ἐν
3000 1167 3385 1237 ἱπποδρομίαις
3437 1169 3500 1220 ἀν
3530 1168 3671 1229 έναι,
3701 1166 3735 1235 ἢ

2231 1278 2249 1309 ι
2299 1258 2605 1326 θυμελικῶν
2630 1258 2903 1326 παιγνίων
2929 1256 3239 1325 ἀνέχεσθαι.
3291 1257 3431 1309 Ἀλλ’
3458 1259 3506 1308 εί
3535 1256 3628 1309 καί
3656 1274 3740 1319 τις

2236 1364 2253 1396 ι
2301 1345 2559 1414 κληρικδς
2592 1345 2818 1415 κληθείη
2850 1346 2907 1396 ὲν
2934 1346 3119 1414 γάμῳ,
3144 1345 3306 1415 ἡνίκα
3330 1346 3397 1398 τὰ
3428 1347 3563 1415 πρ“ς
3595 1346 3738 1398 αττά-

2234 1460 2250 1489 ι
2298 1437 2711 1508 τηνείσέλθοιεν
2752 1438 2998 1505 παίγνια,
3023 1438 3389 1507 ἐξαναστῇ-τω,
3414 1440 3505 1491 καὶ
3539 1437 3742 1490 αὐτίκα.

2235 1548 2253 1581 ι
2299 1529 2674 1599 ἀναχωρείτω,
2696 1528 2842 1580 οὕτω
2865 1529 2964 1593 τῆς
2994 1530 3101 1579 τῶν
3128 1529 3390 1599 Πατέρων
3407 1532 3543 1599 ἡμῖν
3565 1546 3740 1599 προσ.

2236 1640 2254 1672 ι
2301 1621 2605 1689 ταττούσης
2668 1620 3040 1683 διδασκαλίας.
3095 1621 3155 1673 Εί
3195 1621 3253 1674 δέ
3300 1639 3384 1684 τις
3437 1620 3532 1674 ἐπὶ
3563 1620 3741 1690 τούτῳ

2234 1728 2251 1761 ι
2296 1708 2431 1776 ἁλῷ,
2463 1709 2496 1779 ἢ
2527 1710 2831 1763 παυσάσθω
2857 1710 2892 1782 ἢ
2927 1710 3315 1783 καθαιρείσθω.
3356 1729 3377 1764 ι

2222 1893 2429 1947 ΒΛΛΣ.
2498 1892 2838 1957 Ἀκολούθως
2869 1891 2947 1963 τῷ
2975 1890 3047 1946 νδ¹
3078 1894 3264 1947 κανόνι
3292 1895 3392 1964 τῆς
3442 1896 3500 1947 ἓν
3549 1895 3744 1949 Λαοδι-

2156 1984 2282 2055 κείᾳ
2338 1985 2562 2037 συνόδου
2600 1986 2939 2055 ἀπαγορεύει
2988 1985 3085 2039 καὶ
3115 1987 3142 2038 ό
3177 1986 3369 2056 παρὼν
3421 1987 3605 2040 κανὼν
3659 1990 3743 2051 είς

2158 2075 2528 2145 ἱπποδρομίαν
2580 2077 2791 2129 ἀνιέναι
2839 2077 3148 2146 ίερατικοὺς
3179 2076 3211 2146 ἢ
3248 2079 3536 2147 μοναχοὺς,
3648 2079 3744 2132 θυ-

2162 2167 2401 2238 μελικῶν
2434 2169 2970 2236 παιγνίωνιὼιούεινο
3007 2169 3384 2240 προσθέμενος
3414 2171 3542 2234 τοὺς
3574 2189 3744 2241 μετα-

2160 2258 2531 2347 κῆαλουμένους
2558 2262 2637 2323 είς
2668 2261 2845 2327 γάμον
2880 2260 3182 2329 κληρικοὺς
3220 2261 3384 2333 (περὶ
3419 2262 3527 2332 γὰρ
3563 2280 3737 2331 μονα-

2160 2368 2269 2420 χων
2321 2352 2498 2404 εἰπεῖν
2553 2350 2755 2404 ἄτοπον
2808 2351 3063 2422 ἐλογίσθη
3115 2355 3226 2415 τοῖς
3260 2354 3507 2423 Πατράσι
3542 2353 3634 2407 διὰ
3678 2353 3743 2407 τὸ

2161 2442 2343 2511 πάντη
2382 2441 2651 2509 ἀπρεπὲς)
2710 2444 3021 2512 ἀναχωρεῖν
3077 2442 3193 2514 ἅμα
3243 2445 3320 2515 τῷ
3378 2445 3651 2498 εἰσελθεῖν
3672 2448 3742 2499 τὰ

2161 2531 2414 2598 παίγνια.
2440 2532 2595 2601 Πλὴν
2621 2533 2648 2584 ὀ
2679 2531 2779 2602 μὲν
2817 2530 3001 2585 κανὼν
3028 2532 3132 2602 τῆς
3164 2535 3222 2585 ὲν
3256 2535 3556 2605 Λαοδικείᾳ
3586 2538 3744 2589 συνό-

2163 2622 2260 2675 δου
2290 2623 2350 2675 οὑ
2383 2622 2598 2697 κολάζει
2628 2624 2753 2687 τοὺς
2780 2623 3051 2694 ἀθετητάς
3072 2624 3263 2677 τούτου
3288 2642 3300 2655 °
3334 2620 3491 2691 οὗτος
3514 2626 3570 2679 δὲ
3594 2644 3745 2699 παρ-

2167 2716 2311 2766 αινεῖ
2360 2712 2674 2768 παύσασθαι
2736 2714 2861 2777 τοὺς
2910 2714 3152 2769 τοιοῦτόν
3195 2734 3248 2769 τι
3304 2718 3741 2789 ποιοῦνταςυμὴ

2162 2806 2504 2875 παυομένους
2531 2805 2589 2857 δὲ
2639 2805 3031 2877 καθαιρεῖσθαι
3061 2807 3383 2879 διορίζεται.
3416 2810 3600 2863 Ταῦτα
3632 2814 3745 2864 τῶν

2161 2895 2354 2949 διττῶν
2381 2897 2589 2950 τούτων
2620 2899 2867 2952 κανόνων
2916 2900 3209 2967 λεγόντων,
3253 2905 3349 2954 καὶ
3384 2903 3747 2958 κωλυθέντωιν

2168 2988 2276 3059 πρὸ
2316 2988 2520 3060 μικροῦ
2555 2990 2707 3060 παρά
2757 2991 2852 3044 τοῦ
2888 2992 3085 3062 μέρους
3120 2994 3216 3061 τῆς
3261 2993 3589 3063 Ἐκκλησίας
3634 2996 3748 3048 τῶν

2170 3081 2420 3151 μοναχῶν
2450 3086 2543 3135 καὶ
2582 3082 2692 3135 τῶν
2742 3083 3058 3154 ἱερωμένων
3093 3086 3314 3139 πάντων
3363 3088 3623 3140 ἀπελθεῖν
3664 3092 3748 3151 είς

486 3184 682 3228 xerunt
714 3169 981 3233 nonnulli,
1016 3169 1163 3237 quod
1206 3167 1461 3222 clericum
1485 3165 1700 3234 quidem
1732 3166 1816 3218 vel
1867 3177 2060 3217 mona-

2167 3172 2259 3233 τὰς
2283 3172 2580 3239 γινομένας
2614 3173 3001 3242 ἱπποδρομίας,
3043 3167 3205 3227 εἶπόν
3259 3193 3405 3239 τινες
3438 3177 3518 3230 ὅτι
3548 3177 3611 3229 τὸ
3646 3181 3749 3247 μὲν

486 3270 647 3321 chum
677 3264 742 3316 ad
771 3275 1036 3329 equorum
1068 3258 1398 3313 curriculum
1454 3270 1559 3310 non
1602 3257 1863 3309 accedere
1887 3292 1904 3319 ,
1966 3267 2065 3306 nec

484 3356 855 3424 spectaculum
875 3353 1018 3421 quod
1039 3350 1312 3405 effeminat
1329 3349 1701 3419 aspicere,nec
1723 3346 1886 3399 verba
1910 3360 2067 3399 aures

488 3446 913 3517 prmstringeutia
928 3444 1144 3505 audire,
1174 3451 1256 3495 est
1278 3439 1551 3494 laudabile
1568 3447 1621 3493 et
1640 3439 1887 3491 maxime
1902 3451 2065 3490 com-

490 3539 847 3592 mendandtnn
873 3552 891 3599 ;
916 3533 1367 3604 quemadmodum
1416 3541 1469 3586 et
1499 3546 1616 3586 esse
1653 3530 1917 3597 virginem
1944 3566 1959 3591 ,
2010 3536 2067 3581 et

482 3630 691 3698 reliqua
712 3644 833 3697 qu.e
860 3628 1133 3680 hominem
1159 3624 1520 3680 sanetilicant.
1566 3622 1621 3676 Si
1677 3622 1799 3689 quis
1842 3630 2062 3682 autem,

488 3738 610 3778 cum
636 3723 788 3791 virgo
820 3734 943 3774 esse
976 3731 1232 3785 nequeat,
1256 3732 1487 3771 uxorem
1512 3714 1725 3769 duxerit
1754 3753 1769 3777 ,
1802 3728 1905 3765 non
1952 3726 2059 3779 pu-

486 3814 669 3868 nietur
695 3828 708 3863 :
735 3811 901 3879 etqui
938 3824 1041 3862 non
1074 3819 1243 3876 potest
1275 3810 1341 3860 ab
1383 3808 1531 3861 omni
1579 3806 1873 3872 voluptate.
1899 3800 2067 3855 absti-

489 3920 641 3969 nere,
677 3902 720 3956 si
748 3902 799 3956 in
831 3916 1095 3971 equorum
1124 3897 1652 3953 curriculnnrfuerit
1686 3896 1989 3963 ingressus.
2016 3891 2064 3945 ei

489 3999 644 4051 venia
677 3996 921 4059 dabitur;
949 4006 1002 4045 et
1028 3994 1210 4061 magis
1240 3993 1283 4043 si
1314 3988 1501 4054 semel,
1531 4003 1640 4041 non
1673 3997 1851 4039 autem
1893 3985 1935 4037 si
1964 3985 2066 4036 int-

491 4088 705 4142 modice
736 4094 914 4150 utens,
945 4098 1004 4138 se
1062 4083 1113 4137 ei
1137 4079 1559 4136 dicaverit.-llic
1612 4078 1759 4132 enim
1795 4093 1943 4141 eam,
1981 4076 2066 4128 in.

489 4181 703 4249 quittnt,
730 4190 941 4241 cursus,
979 4177 1069 4244 qui
1104 4175 1235 4228 olim
1267 4172 1489 4233 ﬁebant,
1525 4180 1665 4225 vetat
1701 4209 1715 4231 ,
1755 4185 1857 4221 non
1886 4177 2065 4220 autem

489 4275 579 4340 qui
604 4283 746 4323 nunc
766 4269 922 4333 ﬁunt,
959 4266 1310 4335 permittente
1371 4278 1434 4314 ac
1487 4268 1752 4331 praesente
1780 4260 2065 4328 “principe.

489 4361 644 4416 'quc
674 4362 814 4415 enim
845 4375 969 4413 cum
1003 4357 1313 4428 populusiu
1347 4355 1463 4409 illis
1484 4368 1749 4423 equorum
1778 4351 2067 4406 curriculis

493 4455 654 4507 nimia
686 4451 1049 4506 libertatevel
1100 4451 1275 4517 potius
1309 4446 1526 4499 licentia
1582 4455 1823 4497 uteretur
1847 4483 1862 4508 ,
1898 4456 2066 4509 equo-

493 4560 720 4613 rumque
749 4558 943 4598 cursus
975 4542 1276 4595 celebraret
1301 4539 1575 4607 quomodo
1609 4546 1661 4590 et
1709 4535 1925 4603 quando
1970 4549 2063 4587 vo-

490 4637 695 4699 lebant,
721 4636 882 4703 inque.
914 4632 1149 4702 propriis
1174 4630 1427 4699 expensis
1451 4668 1466 4693 ,
1497 4639 1556 4681 nt
1601 4629 1690 4693 qui
1742 4627 1964 4681 haberet
2013 4636 2067 4681 ct

492 4729 682 4781 domos
711 4736 763 4781 et
793 4739 964 4793 equos
998 4732 1052 4776 et
1089 4722 1297 4775 Stabula
1329 4760 1344 4784 ,
1400 4734 1519 4787 quae
1576 4721 1640 4771 ad
1703 4718 1847 4772 lnmc
1898 4731 2068 4786 usque

494 4821 635 4874 diem
686 4825 1097 4878 servantur,Ct
1162 4814 1365 4865 reditus
1436 4827 1533 4880 pro
1600 4811 1707 4865 illis
1730 4811 2069 4865 celebrandis

492 4910 802 4972 curriculis,
822 4918 879 4960 et
920 4905 1556 4974 irnperatorim'itaretur
1584 4945 1596 4964 ,
1631 4904 1830 4957 nullam
1889 4914 2067 4956 autem

494 5004 562 5057 ad
589 5016 709 5056 eam
743 5015 853 5054 rem
892 5006 1212 5066 potestatem
1247 4996 1494 5059 haberet,
1524 4998 1667 5050 illius
1702 5012 1893 5049 cursus
1929 5005 2068 5047 tem-

495 5110 628 5165 pore
659 5094 821 5146 multa
857 5091 1157 5144 turbulenta
1190 5100 1243 5144 et
1270 5091 1501 5143 absurda
1546 5090 1658 5143 ﬁeri
1692 5086 2066 5157 contingebat;

496 5203 621 5243 cum
658 5186 745 5239 alii
782 5186 1000 5254 quidem
1037 5186 1230 5252 pepnlo
1264 5183 1611 5243 Venetorum,
1645 5182 1733 5234 alii
1778 5194 1904 5234 vero
1936 5180 2069 5232 I'ra-

414 5300 431 5319 ι
496 5281 738 5335 sincrum
767 5278 904 5347 parti
936 5278 1360 5344 adiungerentur
1393 5290 1406 5327 :
1440 5273 1728 5341 aliquando
1756 5288 1884 5326 vero
1900 5273 2067 5325 etiam

502 5370 641 5427 bella
666 5368 919 5423 intestina
952 5369 1183 5421 excitata
1220 5378 1342 5418 smn
1366 5365 1502 5417 inter
1551 5367 1807 5417 adversas
1850 5375 2068 5433 partes,

498 5472 553 5516 et
580 5462 633 5515 in
662 5459 1004 5527 imperatoris
1020 5466 1311 5523 conspectu
1341 5455 1504 5507 verba
1536 5453 1697 5505 etiam
1736 5455 2067 5521 impudentia

499 5554 782 5624 populares
824 5557 1182 5611 eru.tarunt,
1221 5545 1672 5613 quemadmodum
1722 5561 1787 5597 ex
1839 5544 2070 5599 diversis

501 5642 769 5697 chronicis
798 5638 1133 5699 ostenditur;
1168 5636 1307 5687 sicut
1348 5634 1551 5686 factum
1584 5646 1666 5689 est
1699 5643 1959 5704 regnante
1979 5632 2072 5686 Ju-

500 5734 758 5796 stiniann,
788 5741 841 5785 et
882 5739 1122 5796 tempore
1162 5726 1430 5781 Anastasii
1476 5739 1528 5780 et
1578 5726 1774 5783 Phoceu
1823 5729 2070 5797 tyranni,

2173 3261 2247 3332 μὴ
2284 3261 2540 3315 ἀπελθεῖν
2575 3264 2872 3334 μοναχὸνῆ
2920 3264 3181 3335 κληρικὸν
3236 3269 3319 3329 είς
3365 3268 3746 3338 ἱπποδρόμιον,

2172 3352 2304 3423 μηδὲ
2356 3353 2483 3406 ίδείν
2539 3353 2771 3424 θεωρίαν
2818 3356 2918 3426 τὴν
2952 3356 3078 3426 ὄψιν
3139 3357 3565 3428 ἐκθηλύνουσαν,
3608 3361 3749 3429 μηδὲ

2171 3444 2433 3515 ῥημάτων
2461 3444 2841 3515 ἀκροάσασθαι
2870 3450 3392 3516 καταγοητευόντων
3419 3450 3519 3520 τὴν
3547 3451 3745 3521 ἀκοὴν,

2170 3537 2448 3588 ἐπαινετόν
2473 3537 2586 3590 εστι
2634 3537 2729 3590 καὶ
2756 3537 2956 3608 πολλῆς
2993 3540 3746 3609 εὐχαριστίαςᾶξιονεῶσπερ

2166 3629 2268 3681 καὶ
2317 3629 2378 3681 τὸ
2408 3628 2763 3698 παρθενεύειν
2817 3629 2911 3683 καὶ
2942 3631 3009 3684 τά
3037 3631 3201 3685 λοιπὰ
3231 3633 3299 3685 τὰ
3330 3632 3421 3686 τὸν
3452 3631 3745 3704 ἄνθρωπον

2163 3720 2487 3788 ἁγιάζονταπ
2524 3725 2573 3774 εἱ
2602 3721 2659 3774 δέ
2696 3739 2779 3784 τις
2821 3722 2896 3793 μὴ
2934 3723 3233 3792 δυνάμενος
3265 3724 3620 3792 παρθενεύειν
3642 3742 3747 3792 γοι⁹

2166 3813 2360 3884 μήσει,
2392 3815 2453 3865 οὐ
2490 3814 2912 3886 κολασθήσεται’
2942 3816 3037 3867 καὶ
3065 3818 3092 3867 ὁ
3218 3816 3697 3885 δυνάμενοςνπαντ
3717 3834 3746 3879 ς

2150 3895 2420 3975 ἠὲνηδόνου
2476 3906 2800 3976 ἀπέχεσθαι,
2859 3907 2952 3959 ἐὰν
2980 3905 3179 3976 ἀνέλθῃ
3235 3907 3312 3970 εἰς
3345 3908 3744 3978 ἱπποδρόμιον,

2172 3997 2678 4067 συγγνωσθήσεται·
2733 3999 2829 4051 καὶ
2881 3997 3081 4068 μᾶλλον
3128 3998 3224 4050 ἐὰν
3275 3999 3494 4065 ἐφάπαξ
3548 4000 3641 4052 καὶ
3679 4000 3743 4052 ού

2165 4089 2309 4141 κατά
2343 4089 2692 4159 παράχρησιν
2726 4092 2805 4151 εἰς
2834 4088 2992 4143 τοῦτο
3022 4088 3252 4142 ἐκδώσει
3299 4092 3517 4143 ἑαυτόν.
3553 4091 3611 4143 '0
3635 4091 3747 4163 γὰρ

2169 4180 2349 4233 κανὼν
2376 4176 2553 4246 οἶτος,
2583 4183 2736 4249 φασὶ,
2766 4182 2864 4244 τὰς
2894 4182 3023 4234 ποτὲ
3053 4183 3346 4250 γινομένας
3371 4185 3745 4255 ἱπποδρομίας

2170 4271 2524 4342 ἀπαγορεύει,
2558 4272 2618 4324 οὐ
2670 4272 2777 4344 μὴν
2824 4274 2926 4335 τὰς
2953 4274 3197 4346 σήμερον
3232 4274 3566 4344 τελουμένας
3621 4277 3743 4329 κατ’

2171 4364 2475 4434 ἐπιτροπὴν
2505 4365 2596 4415 καὶ
2622 4365 2936 4434 Δπαρουσίαν
2970 4364 3284 4436 βασιλικήν.
3314 4366 3448 4418 Τότε
3486 4369 3586 4436 μὲν
3631 4371 3742 4440 γὰρ

2170 4454 2278 4505 τῶν
2308 4455 2495 4525 δήμων
2524 4454 3057 4519 κατεξουσιαςόντων
3097 4457 3154 4508 ὲν
3176 4458 3296 4519 ταῖς
3327 4457 3742 4527 ἱπποδρομίαις,

2169 4541 2266 4592 καὶ
2316 4541 2614 4594 ποιούντων
2646 4541 2852 4604 ταύτας
2879 4544 2968 4595 ὅτε
3017 4543 3111 4595 καὶ
3154 4544 3301 4605 ὅπως
3350 4545 3643 4613 ἠϐούλοντο
3680 4550 3746 4599 ἐκ

2169 4630 2570 4700 δαπανημάτων
2598 4633 2835 4698 οἰκείων,
2882 4633 2959 4696 ὡς
3007 4635 3099 4687 καὶ
3146 4635 3380 4704 ἐχόντων
3414 4637 3621 4700 οἴκους,
3649 4641 3749 4691 καὶ

2173 4721 2393 4784 ἵππους,
2426 4723 2520 4773 καὶ
2558 4722 2827 4785 ἱππῶνας,
2858 4724 2985 4786 τοὺς
3021 4725 3114 4776 καὶ
3145 4725 3305 4794 μέχρι
3340 4727 3432 4779 καὶ
3464 4726 3557 4779 νῦν
3586 4744 3750 4798 περι-

2172 4830 2247 4865 σιο·
2266 4814 2490 4883 ξομένου
2502 4831 2542 4877 ς,
2568 4814 2662 4866 καὶ
2696 4815 2993 4885 προσόδους
3015 4816 3176 4886 χάριν
3203 4818 3309 4869 τῶν
3341 4818 3743 4888 ἱπποδρομιῶν,

2172 4906 2266 4959 κηὶ
2299 4906 2392 4957 τοῦ
2431 4905 2696 4975 βασιλέως
2746 4907 3258 4978 προσκαλουμένου,
3315 4911 3411 4962 καὶ
3452 4912 3535 4973 εἱς
3583 4911 3745 4965 τοῦτο

2176 4996 2250 5067 μὴ
2282 4997 2710 5063 ὲξουσιὰζοντος,
2747 4998 2918 5051 πολλὰ
2972 4998 3241 5069 στασιώδη
3280 5001 3372 5052 καὶ
3417 5000 3594 5053 ἀτοπα
3624 5020 3749 5056 συν-

2175 5089 2401 5141 ἐπιπτον
2457 5087 2706 5155 γίνεσθαι
2738 5089 2881 5142 κατά
2949 5088 3042 5143 τὸν
3074 5089 3175 5159 τῆς
3206 5090 3571 5159 ἱπποδρομίας
3621 5110 3748 5146 καις

2176 5180 2288 5250 ρδν,
2320 5180 2427 5233 τῶν
2482 5179 2581 5248 μὲν
2630 5180 3080 5250 προστιθεμένων
3125 5181 3203 5252 τῷ
3234 5182 3397 5252 δήμῳ
3449 5183 3557 5236 τῶν
3593 5182 3754 5236 Βενε-

2171 5270 2302 5334 τῶν,
2328 5271 2435 5322 τῦν
2458 5269 2513 5321 δὲ
2544 5268 2619 5339 τῷ
2668 5270 2826 5340 μέρει
2855 5271 2964 5322 τῶν
2996 5271 3281 5340 Πρασίνων
3306 5289 3318 5299 ·
3351 5276 3409 5324 ὲν
3435 5276 3647 5341 καιροῖς
3691 5273 3750 5326 δέ

2172 5378 2283 5415 τισι
2328 5363 2423 5415 καὶ
2468 5362 2698 5432 πόλεμοι
2740 5363 3221 5433 συνεκροτήθησαν
3259 5364 3518 5432 ἐμφύὶιοι
3578 5364 3748 5433 μέσον

2173 5451 2282 5504 τῶν
2312 5451 2607 5504 ἀντιθέτων
2641 5451 2845 5521 μερῶν,
2882 5456 2976 5503 καὶ
3022 5455 3163 5505 κατά
3198 5456 3295 5524 τῆς
3339 5452 3615 5522 βασιλείου
3650 5469 3750 5505 πεε

2178 5544 2389 5614 ριωπῆς
2424 5543 2616 5613 ἀναιδῆ
2662 5545 2883 5613 ῥήματα
2931 5544 2979 5596 οἱ
3050 5542 3283 5615 δημόται
3342 5546 3750 5615 ἀπηρεύξαντο,

2178 5632 2361 5694 καθὼς
2407 5632 2517 5685 ἀπὸ
2554 5633 2828 5700 δικφόρων
2878 5634 3149 5703 χρονικῶν
3187 5634 3349 5688 τοῦτο
3384 5636 3748 5707 παρίσταταιο

2175 5722 2286 5781 οίὲν
2319 5741 2371 5777 τι
2403 5726 2593 5793 γέγονε
2631 5726 2722 5775 ἐπὶ
2776 5725 2868 5776 τοῦ
2909 5724 3178 5793 βασιλέως
3218 5723 3621 5793 Ἰουστινιανοῦ,
3661 5725 3754 5777 ἐπὶ
