4074 6388
308 356 413 420 593

1339 351 1421 412 IN
1459 349 1635 413 CAN.
1668 347 1852 411 XXIV
1892 343 2099 411 CONC.
2146 351 2228 416 ῐΝ
2265 358 2586 420 TRULLO.

3457 354 3563 421 59-!

306 468 401 525 τοῦ
444 468 821 535 ’Δναςτασίου,
865 467 956 520 ἐπὶ
1006 466 1099 521 τοῦ
1135 468 1300 522 Φωκᾶ
1349 467 1443 521 τοῦ
1476 465 1765 535 τυράννου,
1798 459 1891 516 καὶ

2014 476 2046 521 ιι
2078 470 2305 525 aliorum
2336 473 2529 541 imper.
2563 470 2740 526 Sedet
2760 470 3014 540 depositis
3046 469 3358 541 pignoribus
3380 470 3567 527 ludere

307 564 401 617 δπὶ
427 564 630 635 ἑτέρων
658 562 943 632 βασιλέων.
983 562 1143 619 Ἀλλά
1159 561 1253 614 καὶ
1277 558 1625 629 συνθηκίξειν
1645 557 1712 611 τὰ
1739 556 1885 627 μέρη

312 657 391 726 μὴ
445 656 790 725 κωλυόμενα,
835 655 923 708 διά
978 654 1175 707 κόττου
1212 656 1310 706 καὶ
1360 652 1529 721 τύχης
1578 652 1679 723 τὴν
1719 650 1881 718 νίκην

312 747 697 802 ἀνεκαλοῦντο.
743 748 925 818 Ὅπερ
972 750 1084 810 τοῖς
1137 747 1301 807 θείοις
1369 746 1561 800 κανόσι
1605 743 1889 807 παντελῶς

312 839 714 908 ἀπηγόρευται.
780 838 1114 906 Ἐπέτρεπον
1171 836 1226 889 δὲ
1262 836 1354 887 καὶ
1380 837 1479 897 τὰς
1520 833 1889 904 Θηριομαχίας

314 930 413 983 καὶ
442 929 578 984 ἄλλα
619 929 741 982 τινὰ
775 929 978 997 αἰσχρὰ
1008 928 1102 981 καὶ
1135 927 1383 995 ἀπρεπῆ.
1410 924 1511 979 Διὰ
1540 926 1650 993 γὰρ
1704 924 1889 988 τοῦτο,

315 1022 468 1089 φασὶ,
506 1020 599 1073 καὶ
622 1022 648 1074 ό
677 1025 757 1072 va.’
800 1019 983 1072 κανὼν
1012 1019 1114 1085 τῆς
1148 1016 1433 1087 παρούσης
1491 1015 1709 1068 συνόδου
1746 1016 1892 1067 ἀπα-

312 1113 534 1183 γορεύει
582 1113 708 1175 τοὺς
768 1113 990 1183 μίμους,
1042 1111 1137 1164 καὶ
1174 1113 1244 1163 τὰ
1290 1110 1519 1180 Θέατρα,
1549 1108 1645 1161 καὶ
1682 1108 1751 1160 τὰ
1783 1107 1893 1159 τῶν

313 1206 591 1275 κῦνηγίων
626 1203 851 1272 οεώρια,
887 1204 982 1255 καὶ
1008 1203 1106 1266 τὰς
1135 1202 1227 1255 ἐπὶ
1261 1202 1470 1271 σκηνῆς
1492 1199 1771 1270 ὀρχήσειςο
1798 1198 1895 1251 καὶ

315 1302 614 1370 διορίζεται
665 1298 793 1359 τοὺς
850 1294 1270 1364 καταφρονητάς
1333 1292 1522 1355 αὑτοῦ,
1595 1289 1895 1359 κληρικοίις

318 1390 419 1459 μὲν
446 1390 621 1451 όντας,
675 1385 1078 1455 καθαιρεῖσθαι,
1111 1384 1338 1445 λαῖκοὺς
1383 1382 1464 1444 δὲ,
1513 1377 1895 1450 ἀφορίζεσθαι.

315 1481 429 1535 Καὶ
487 1481 550 1532 τὸ
604 1479 759 1540 τέλος
797 1476 891 1530 τοῦ
936 1474 994 1529 ιε’
1029 1475 1257 1537 κανόνος
1307 1475 1404 1543 τῆς
1450 1477 1508 1525 ὲν
1561 1471 1893 1542 Καρϐαγένῃ

316 1572 540 1625 συνόδου
571 1570 717 1638 λέγει
749 1568 892 1622 οὕτω
933 1567 1136 1638 ῥητῶς*
1169 1567 1280 1620 Καὶ
1328 1565 1469 1619 ὥστε
1505 1565 1572 1617 τὰ
1599 1564 1765 1617 τέκνα
1792 1562 1902 1616 τῶν

316 1664 512 1731 ἱερέων
545 1662 748 1731 θειὲιρια
801 1660 1045 1729 κοσμικά
1080 1657 1156 1730 μὴ
1187 1659 1426 1712 ἐκτελεῖν
1466 1658 1601 1729 μηδὲ
1647 1657 1900 1725 Θεωρεῖν.

314 1753 489 1807 Τοῦτο
516 1753 572 1806 δὲ
625 1754 719 1805 καὶ
776 1752 910 1805 πᾶσι
972 1751 1326 1822 Χριστιανοῖς
1389 1750 1476 1803 ἀεὶ
1530 1750 1898 1818 κεκήρυκται,

315 1846 458 1900 ὥστε
488 1848 620 1899 ὅπου
650 1844 993 1914 βλασφημίαι
1033 1845 1141 1896 εἰσὶ
1196 1843 1270 1913 μὴ
1308 1844 1611 1911 προσιέναι.
1647 1844 1897 1913 Σήμερον

313 1939 374 1991 δὲ
427 1937 537 1990 τῶν
595 1935 970 2005 ἱπποδρομιῶν
1008 1933 1353 2002 τελουμένων
1403 1935 1549 1986 κατά
1596 1934 1904 2003 παρουσίαν

319 2029 607 2100 βασιλικήν
653 2027 776 2097 δίχα
808 2026 1053 2079 τοιούτου
1098 2026 1475 2095 ἀποτροπαίου
1509 2026 1677 2091 τινὸς,
1732 2025 1906 2080 κακόν

314 2121 656 2191 ⁸τι-γενιέσθαι
711 2121 811 2190 ούχ
847 2118 1238 2173 ὑποπτεύεται.
1272 2118 1363 2171 Διὸ
1394 2113 1547 2171 εἷπον
1580 2119 1653 2180 ὡς
1685 2120 1906 2171 ἐπαινε-

316 2215 413 2267 ιυὶν
449 2213 552 2283 μέν
589 2214 706 2265 ἐστι
736 2212 797 2263 τὸ
832 2210 967 2279 μηδὲ
1002 2210 1139 2273 ὅλως
1161 2209 1353 2279 ἡδονῆς
1381 2209 1441 2273 ἐξ
1473 2210 1840 2279 ἱπποδρομίας
1871 2209 1902 2279 ἦ

319 2307 484 2361 ἄλλου
512 2304 656 2367 τινὸς
684 2303 968 2373 Θυμήρους
997 2302 1304 2370 γεύσασθαί
1348 2320 1491 2356 τιναο
1522 2303 1826 2355 ἀκόλαστον
1846 2302 1906 2355 δὲ

320 2402 418 2453 καὶ
439 2386 501 2451 τὸ
524 2397 638 2468 (88)
654 2399 735 2458 είς
751 2394 1005 2456 τοιαύτας
1031 2393 1396 2464 ἱπποδρομίας
1420 2394 1716 2464 κληρικοὺς
1739 2394 1909 2462 ἀπέρ·

318 2491 537 2561 χεσοαι.
564 2488 627 2542 Εἰ
671 2488 784 2557 γάρ
824 2489 974 2540 πᾶσα
1006 2485 1341 2556 ἱπποδρομία
1370 2487 1403 2556 ῆ
1431 2504 1491 2538 τε
1537 2485 1773 2539 ἔκπαλαι
1823 2502 1911 2538 τε-

319 2582 561 2651 λουμένη
591 2581 685 2634 καὶ
709 2583 742 2650 ή
773 2581 1013 2650 σήμερον
1043 2580 1305 2649 γινομένη
1329 2578 1738 2649 ἀπαγορεύεται
1766 2578 1910 2633 κατά

321 2676 452 2737 τοὺς
478 2674 727 2739 πολλοὺς,
756 2671 946 2743 ὥσπερ
977 2672 1042 2743 δὴ
1075 2673 1168 2726 καὶ
1192 2673 1369 2726 πάντα
1392 2672 1460 2725 τὰ
1486 2671 1691 2741 θεὼρια
1722 2673 1817 2725 καὶ
1843 2672 1911 2725 τά

324 2766 589 2835 κυνήγια,
636 2763 1121 2834 ἀναγκασθήσεταί
1159 2782 1242 2827 τις
1276 2765 1452 2817 εἱπεῖν
1486 2764 1622 2832 μηδὲ
1654 2763 1791 2826 ὅλως
1823 2763 1912 2831 γί-

325 2856 519 2911 νεσθαί
549 2874 601 2910 τι
624 2856 864 2909 τοιοῦτόν
896 2873 1027 2909 ποτε
1060 2854 1169 2908 τῶν
1202 2855 1418 2925 καιρῶν
1449 2854 1606 2925 παρὰ
1643 2854 1915 2925 βασιλέως

324 2951 364 3020 ἦ
398 2952 589 3019 ἑτέρου
619 2950 765 3013 τινός
793 2966 806 2979 ·
841 2951 1201 3021 ἀπρακτῆσαι
1247 2949 1305 3003 δὲ
1339 2951 1431 3003 καὶ
1463 2950 1533 3003 τὰ
1572 2953 1708 3019 μετὰ
1740 2966 1912 3003 κυνα-

330 3043 469 3111 ρίων
500 3041 899 3110 λαγοκυνήγια,
945 3042 1031 3094 ἵνα
1083 3040 1157 3110 μὴ
1192 3041 1287 3093 καὶ
1319 3043 1367 3094 οἱ
1413 3040 1592 3094 λαῖκοὶ
1624 3043 1703 3102 είς
1749 3044 1914 3094 ἱππο-

1989 572 2169 631 partes
2199 579 2304 617 non
2343 563 2643 630 prohibitre,
2676 579 2772 629 pcr
2809 564 2947 617 talos
2975 571 3029 617 et
3076 562 3345 617 fortunam
3391 563 3567 615 victo-

1993 654 2125 714 riam
2172 653 2569 721 provocabant;
2600 653 2739 720 quod
2774 652 2991 720 quidem
3023 651 3221 707 divinis
3259 651 3565 706 canonibus

1991 757 2067 799 est
2097 747 2322 800 omnino
2370 748 2723 813 prohibitum.
2772 744 3231 800 Per-mittebantur
3282 755 3462 797 autem
3509 752 3567 797 et

1991 839 2293 894 belluarum
2323 841 2662 905 certamina,
2724 850 2779 895 et
2832 839 2995 892 multa
3058 838 3161 891 alia
3211 837 3467 891 indecora
3500 850 3566 888 ac

1995 936 2192 1001 turpia.
2216 930 2508 1001 Propterea
2534 932 2703 996 enim,
2731 932 3002 1001 inquiunt.
3026 941 3079 983 et
3100 930 3161 985 51
3186 946 3307 985 can.
3333 924 3571 997 praesen-

1994 1026 2064 1080 tis
2096 1042 2217 1094 syn.
2250 1027 2496 1095 prohibet
2525 1026 2740 1087 mimos,
2780 1035 2833 1079 et
2864 1024 3095 1090 theatra,
3133 1032 3187 1077 et
3226 1021 3569 1076 venatiouum

1996 1119 2325 1187 Spectacula,
2361 1128 2413 1172 et
2443 1117 2763 1171 saltationes
2793 1116 2847 1170 in
2875 1131 3033 1170 scena
3069 1133 3083 1170 :
3143 1124 3197 1169 et
3247 1114 3477 1176 statuit,
3515 1122 3575 1166 ut

1998 1213 2087 1279 qui
2120 1210 2294 1277 ipsum
2324 1218 2755 1273 contemnerent,
2784 1209 2828 1262 si
2858 1208 2967 1262 sint
2994 1207 3207 1274 quidem
3241 1204 3446 1269 clerici,
3474 1204 3573 1258 de-

1998 1312 2285 1371 ponantur,
2321 1301 2443 1355 laiei
2479 1316 2608 1355 vero
2634 1309 3006 1370 segregentur.
3045 1300 3108 1352 Et
3143 1298 3263 1352 linis
3318 1298 3386 1351 l5
3440 1310 3569 1350 can.

1999 1394 2187 1448 (ἔοι-ιιι.
2225 1409 2343 1465 syn.
2393 1394 2471 1448 sic
2504 1402 2689 1462 aperte
2714 1393 2845 1448 dicit
2876 1416 2887 1450 :
2922 1391 2981 1445 Et
3017 1391 3161 1459 quod
3198 1391 3288 1444 lilii
3318 1387 3576 1444 sacerdo-

2004 1493 2113 1539 tum
2143 1483 2449 1552 spectacula
2480 1484 2760 1538 saecularia
2796 1499 2900 1537 non
2950 1484 3235 1550 perﬁciant
3293 1496 3392 1535 nec
3444 1493 3573 1547 spe-

2002 1584 2169 1628 ctent.
2199 1572 2312 1627 Hoc
2338 1583 2515 1628 autem
2539 1574 2700 1629 etiam
2723 1575 2976 1628 omnibus
3003 1572 3333 1627 Christianis
3367 1584 3579 1640 semper

2005 1674 2091 1720 est
2121 1665 2491 1734 praedicatum,
2527 1675 2585 1718 ut
2616 1665 2706 1717 ubi
2749 1675 2877 1719 sunt
2906 1664 3190 1718 maledicta
3223 1678 3286 1718 ac
3327 1662 3583 1731 blasphe-

2010 1758 2116 1813 mia
2149 1772 2214 1811 ne
2237 1756 2521 1811 accedant.
2557 1754 2729 1811 Hodie
2756 1772 2955 1819 autem,
2992 1771 3113 1811 cum
3147 1770 3411 1824 equorum
3455 1770 3583 1809 cur.

2008 1865 2099 1904 sns
2150 1850 2478 1918 imperatore
2528 1860 2794 1918 prmsente
2855 1849 3003 1911 liant,
3063 1862 3165 1902 nec
3216 1847 3287 1900 sit
3315 1846 3582 1915 ejusmodi

2010 1941 2318 2011 fugiendum
2354 1953 2409 1996 et
2434 1942 2788 1996 aversanduin
2819 1942 3093 2011 quidpiam
3119 1982 3134 2007 ,
3180 1940 3323 1995 nulla
3368 1948 3452 1995 est
3482 1953 3580 2009 pe-

2008 2038 2155 2088 nitus
2186 2032 2426 2101 suspicio
2462 2032 2569 2088 illic
2602 2034 2725 2087 mali
2776 2034 3070 2101 quidquam
3119 2032 3256 2086 ﬁeri.
3308 2032 3583 2097 Quamob-

2007 2141 2121 2181 rem
2176 2124 2451 2188 dicebant,
2506 2125 2648 2193 qnod
2684 2132 2765 2178 est
2798 2124 3017 2193 quidem
3069 2122 3338 2177 laudabile
3385 2122 3585 2176 nullam

2009 2217 2227 2286 penitus
2262 2216 2569 2285 quempiam
2605 2215 2938 2283 voluptatem
2983 2224 3204 2285 gustare
3221 2231 3285 2268 ex
3321 2228 3584 2283 equorum

2008 2308 2284 2364 Curriculo
2316 2308 2394 2362 vel
2452 2322 2515 2361 ex
2553 2308 2735 2374 aliquo
2763 2307 2871 2361 alio
2902 2317 3056 2376 grato
3087 2324 3101 2361 :
3136 2305 3355 2375 impune
3404 2315 3587 2360 autem

2010 2410 2096 2457 est
2126 2412 2179 2456 et
2212 2402 2279 2455 ad
2313 2400 2576 2470 ejusmodi
2623 2415 2882 2468 equorum
2916 2414 3110 2454 cursus
3150 2398 3380 2454 clericos
3434 2411 3591 2452 acce-

2011 2491 2160 2545 dere.
2194 2490 2249 2545 Si
2285 2491 2427 2544 enim
2452 2490 2630 2543 omnis
2654 2504 2917 2559 equorum
2950 2502 3141 2543 cursus
3166 2528 3180 2552 ,
3215 2497 3268 2542 et
3319 2487 3411 2556 qui
3459 2485 3588 2540 olim

2014 2582 2176 2638 ﬁebat
2204 2593 2259 2638 et
2290 2583 2379 2652 qui
2412 2583 2571 2637 hodie
2606 2585 2684 2646 lit,
2709 2591 2789 2636 est
2816 2580 3147 2647 prohibitus.
3184 2590 3243 2632 ut
3293 2578 3448 2632 multi
3510 2579 3593 2631 itt-

2013 2675 2226 2744 quiunt,
2268 2672 2722 2741 quemadmodum
2754 2670 2916 2743 184
2939 2679 2994 2725 et
3039 2668 3348 2738 spectacula
3404 2667 3587 2723 omnia

2013 2779 2070 2824 et
2132 2769 2470 2831 venationes,
2523 2776 2750 2835 cogetur
2770 2766 2893 2835 quis
2919 2765 3123 2829 dicere,
3160 2778 3335 2834 neque
3366 2762 3591 2819 omnino

2019 2860 2125 2914 tale
2150 2859 2277 2929 quid
2313 2873 2549 2928 unquam
2605 2857 2802 2912 debere
2852 2856 2964 2911 ﬁeri
3021 2856 3090 2910 ab
3139 2858 3467 2925 imperatore
3513 2854 3598 2909 vel

2018 2953 2128 3007 ullo
2155 2952 2261 3005 alio
2300 2970 2315 3007 :
2369 2964 2613 3005 cessasse
2656 2959 2837 3005 autem
2883 2964 2948 3003 ac
2996 2948 3301 3003 exolevisse
3352 2947 3597 3015 leporum

2020 3059 2141 3099 cum
2169 3043 2394 3099 canibus
2427 3041 2760 3105 venationes,
2792 3054 2859 3093 ne
2896 3039 3039 3104 laici,
3076 3049 3131 3092 ut
3155 3054 3418 3108 equorum
3467 3052 3595 3091 cur-

323 3133 579 3204 δρομίας,
608 3131 705 3186 καὶ
733 3132 988 3201 θεωρίας,
1014 3132 1110 3185 καὶ
1132 3133 1362 3201 κυνήγια
1387 3131 1773 3201 ἀσχολούμενοι
1789 3134 1911 3199 ἀφο-

2025 3140 2173 3193 sibus
2200 3146 2253 3192 et
2283 3135 2609 3205 spectaculis
2643 3141 2696 3189 et
2730 3132 3112 3188 venationibus
3158 3142 3413 3186 vacantes
3441 3170 3457 3191 .
3509 3144 3597 3184 se-

329 3225 522 3296 ρισμῷ
569 3224 945 3289 ὑποπέσωσιν,
1000 3224 1138 3293 ὅπερ
1193 3224 1415 3277 ἄτοπον.
1454 3223 1553 3276 Διά
1588 3222 1720 3291 γοῦν
1756 3222 1916 3277 τοῦτο

325 3317 609 3387 ὀφείλουσι
634 3317 701 3370 τά
731 3317 829 3386 τῆς
867 3315 1251 3386 ἱπποδρομίας,
1288 3316 1383 3368 καὶ⁵
1408 3315 1476 3368 τὰ
1503 3313 1610 3369 τῶν
1641 3314 1914 3386 θεωρίων,

327 3412 431 3465 καὶ
460 3411 529 3464 τὰ
562 3410 675 3463 τῶν
704 3410 980 3478 κυνηγίων
1010 3410 1090 3470 εἱς
1129 3407 1223 3461 δύο
1252 3407 1603 3476 διαιρεῖσθαι,
1650 3406 1727 3470 ὡς
1763 3408 1916 3477 εἴρη-

328 3520 451 3557 ται·
479 3504 559 3566 εἱς
587 3503 658 3556 τά
686 3503 867 3570 πάντη
908 3500 1277 3569 ἀποτρόπαια,
1308 3502 1390 3563 εἱς
1417 3499 1451 3553 ἀ
1482 3500 1558 3569 μὴ
1592 3500 1751 3569 μόνον
1781 3499 1918 3569 κλη-

331 3594 505 3665 ρικοὶ,
540 3592 655 3646 ἀλλ’
686 3593 806 3646 οὐδὲ
854 3592 1035 3646 λαῖκοὶ
1065 3593 1527 3664 παραχωροῦνται
1574 3591 1921 3664 ἀπέρχεσθαι

330 3686 417 3756 τῷ
438 3685 589 3755 φόϐῳ
611 3683 703 3737 τοῦ
738 3682 1070 3753 ἀφορισμοῦ,
1101 3683 1196 3736 καὶ
1224 3683 1306 3745 εἱς
1337 3681 1406 3734 τὰ
1437 3682 1919 3752 ἐπιτετραμμένα,

332 3774 409 3830 τὰ
439 3776 545 3829 καὶ
566 3776 805 3846 σήμερον
842 3772 1199 3845 ἐνεργοῦντα,
1239 3775 1319 3836 είς
1352 3773 1389 3828 ἀ
1423 3773 1484 3826 οὐ
1529 3774 1690 3843 μόνον
1712 3774 1916 3839 λαῖκοὶ,

331 3866 478 3922 ἀλλά
511 3867 608 3919 καὶ
658 3866 915 3936 κληρικοὶ
964 3864 1458 3936 ἀποκριματίστως
1497 3866 1913 3922 ἀπελεύσονται.

333 3958 466 4012 Ὀτι
505 3958 583 4022 δὲ,
616 3959 805 4026 φασὶν,
836 3957 897 4009 ού
929 3955 1112 4010 πάντα
1148 3956 1217 4010 τὰ
1276 3954 1480 4026 Θεώρια
1516 3958 1612 4010 καὶ
1638 3957 1707 4011 τά
1749 3959 1920 4011 ἱππο-

330 4050 540 4121 δρόμια
566 4053 615 4104 oi
653 4050 879 4113 κανόνες
913 4049 1327 4119 ἀπηγόρευσαν,
1351 4048 1486 4102 ἀλλὰ
1527 4048 1595 4102 τὰ
1621 4049 1918 4120 κινδυνώδη

332 4145 435 4197 καὶ⁵
485 4142 707 4212 αἰσχρὰ,
756 4141 1013 4211 δηλοῦται
1056 4140 1164 4196 ἀπὸ
1198 4139 1293 4194 τοῦ
1343 4142 1427 4207 ξω·
1459 4141 1685 4203 κανόνος
1723 4140 1823 4210 τῆς
1863 4142 1923 4194 ἐν

332 4235 685 4307 Καρθαγένῃ
709 4235 951 4299 συνόδου,
976 4233 1226 4302 λέγοντος
1247 4233 1421 4286 ταῦτα
1439 4232 1627 4302 ηρητῶς
1642 4246 1656 4260 ·
1684 4233 1927 4285 Κάκείνο

332 4328 398 4383 δὲ
427 4328 652 4397 αἰτῆσαι
698 4328 785 4380 ἵνα
834 4326 905 4379 τὰ
932 4326 1138 4396 θεώρια
1170 4326 1279 4378 τῶν
1310 4323 1617 4392 θεατρικῶν
1653 4324 1925 4392 παιγνίων

333 4420 401 4472 ὲν
436 4420 556 4480 ταῖς
584 4417 893 4489 Κυριακαῖς
934 4417 1029 4469 καὶ
1067 4418 1125 4468 ἐν
1142 4416 1263 4478 ταῖς
1279 4414 1494 4478 λοιπαῖς
1532 4415 1786 4485 φαιδραῖς
1817 4414 1919 4484 τῆς

332 4511 449 4565 τῶν
479 4504 828 4581 Χριστιανῶν
869 4509 1105 4570 πίστεως
1136 4507 1374 4577 ἡμέραις
1421 4505 1771 4571 κωλύωνται,
1809 4506 1913 4575 μά-

333 4603 500 4655 λιστα
537 4601 614 4665 δὲ,
643 4601 725 4653 ὅτι
758 4600 816 4651 ὲν
838 4600 902 4668 τῇ
939 4597 1151 4666 όγδοάδι
1180 4597 1274 4649 τοῦ
1299 4597 1456 4665 ἁγίου
1480 4598 1670 4668 Πάσχα
1702 4600 1752 4651 οἱ
1772 4596 1923 4669 ὄχλοι

340 4693 549 4765 μᾶλλον
585 4693 664 4754 εἱς
701 4694 800 4753 τὰς
833 4689 1202 4760 ἱπποδρομίας
1226 4689 1371 4758 ήπερ
1393 4690 1472 4752 είς
1492 4689 1593 4758 τὴν
1618 4690 1923 4760 ἐκκλησίαν

340 4783 729 4853 συνέρχονται,
762 4780 1002 4849 ὀφείλειν
1036 4779 1431 4849 μετενεχθῆναι
1465 4781 1566 4844 τὰς
1603 4781 1924 4852 ὡρισμένας

339 4876 526 4935 αὐτῶν
558 4875 773 4947 ἡμέρας
798 4875 886 4927 ὅτε
919 4874 1247 4941 ἀπαντήσει·
1274 4873 1369 4924 καὶ
1416 4870 1496 4941 μὴ
1527 4871 1769 4940 ὀφείλειν
1799 4874 1926 4928 τινά

338 4970 455 5023 τῶν
478 4968 827 5038 Χριστιανῶν
848 4967 927 5028 είς
951 4964 1018 5018 τὰ
1060 4963 1263 5032 θεώρια
1286 4961 1459 5016 ταῦτα
1489 4964 1921 5033 ἀναγκάζεσθαι.

342 5062 576 5125 ῐὶἀντως
606 5061 716 5132 γὰρ
750 5060 799 5113 εἱ
822 5059 973 5129 παρά
1000 5056 1111 5110 τῶν
1146 5056 1390 5110 κανόνων
1412 5058 1562 5111 πᾶσα
1588 5057 1925 5130 ἱπποδρομία

2020 3227 2723 3302 gregationisubitciantur,
2756 3226 2899 3294 quod
2952 3236 3038 3280 est
3084 3223 3401 3277 absurdum.
3454 3223 3600 3287 Quo-

2020 3323 2166 3378 circa
2208 3320 2406 3377 debent
2438 3328 2494 3373 et
2522 3334 2787 3389 equorum
2821 3315 3088 3372 curricula
3123 3324 3178 3370 et
3209 3313 3511 3383 spectacula
3543 3322 3599 3368 et

2019 3414 2338 3469 venationes
2378 3412 2432 3465 in
2468 3411 2576 3464 duo
2612 3409 2800 3475 dividi,
2838 3418 2891 3461 ut
2920 3406 3123 3462 dictum
3161 3413 3279 3461 est:
3308 3405 3359 3458 in
3390 3420 3451 3457 ea
3476 3418 3597 3472 qua:

2021 3512 2148 3561 sunt
2179 3505 2405 3559 omnino
2432 3502 2728 3557 aversanda
2764 3512 2819 3556 et
2848 3498 3095 3561 fugienda
3115 3537 3132 3563 ,
3163 3507 3217 3552 et
3251 3498 3316 3552 ad
3341 3512 3462 3566 qua:
3492 3510 3598 3550 nou

2021 3598 2194 3653 solum
2231 3595 2466 3657 clericis,
2502 3593 2595 3648 sed
2625 3605 2797 3661 neque
2827 3591 2978 3645 laicis
3008 3590 3266 3645 accedere
3318 3588 3601 3657 permitte-

2023 3702 2131 3756 tur,
2162 3704 2305 3744 metu
2323 3684 2930 3748 excommimicatiouis;
2957 3693 3012 3739 et
3037 3684 3088 3738 in
3112 3697 3173 3737 ea
3198 3697 3317 3752 qua:
3336 3680 3599 3751 Permissa

2021 3787 2171 3843 sunt,
2202 3791 2321 3845 qua:
2356 3785 2481 3830 sunt
2512 3773 2672 3827 hodie
2719 3774 2771 3826 in
2804 3789 2935 3836 usu,
2974 3771 3040 3827 ad
3091 3786 3210 3841 quae
3262 3785 3369 3825 non
3424 3769 3596 3824 solum

2023 3868 2172 3931 laici,
2207 3867 2301 3921 sed
2340 3876 2393 3920 et
2418 3863 2604 3921 clerici
2632 3862 2770 3917 citra
2817 3862 2985 3915 ullum
3023 3860 3400 3932 prejudicium
3447 3872 3602 3914 acce-

2024 3963 2170 4016 dent.
2201 3959 2353 4024 Quod
2395 3967 2596 4022 autem,
2630 3955 2903 4022 inquiunt,
2940 3970 3045 4009 non
3074 3953 3258 4009 omnia
3291 3952 3599 4023 spectacula

2023 4064 2396 4121 equorumque
2426 4045 2697 4102 curricula
2748 4060 2988 4101 canones
3035 4043 3470 4113 prohibuerunt,
3502 4041 3598 4095 sed

2022 4159 2087 4200 ea
2114 4144 2326 4197 demum
2363 4156 2482 4208 quae
2517 4148 2643 4193 sunt
2666 4136 2973 4208 periculosa
3030 4151 3095 4190 ac
3128 4134 3303 4203 turpia
3332 4171 3349 4196 ,
3406 4147 3475 4186 ex
3529 4130 3593 4185 61

2023 4234 2467 4307 Carthaginensis
2496 4232 2688 4303 synodi
2714 4244 2922 4285 canone
2945 4234 3129 4296 aperte
3158 4224 3485 4291 ostenditur,
3509 4223 3601 4292 qui

2025 4331 2139 4384 hzec
2162 4298 2414 4395 expresse
2443 4298 2613 4380 dicit:
2650 4322 2821 4377 Porro
2877 4330 2931 4376 et
2967 4319 3094 4375 illud
3130 4320 3333 4389 petere,
3364 4326 3421 4370 ut
3451 4317 3605 4370 thea-
3683 4298 3697 4323 ¹

2028 4417 2564 4474 tricorumludorum
2618 4410 2928 4483 spectacula
2980 4410 3034 4463 in
3098 4407 3396 4462 Dominicis
3441 4415 3499 4460 et
3547 4405 3599 4457 in
3660 4438 3665 4443 -

2024 4510 2247 4583 reliquis
2276 4508 2706 4564 Christianorum
2748 4504 2872 4558 lidei
2916 4502 3070 4557 festis
3102 4500 3290 4556 diebus
3333 4500 3449 4554 ﬁeri
3485 4513 3607 4568 pro-

2026 4604 2357 4666 hibeantur;
2390 4599 2624 4655 maxime
2649 4594 2906 4666 quoniam
2936 4594 2990 4648 in
3022 4604 3212 4649 octava
3277 4591 3450 4646 sancti
3506 4588 3606 4642 Pa-

2025 4696 2231 4753 schalis
2263 4692 2492 4764 populus
2522 4691 2588 4744 ad
2620 4702 2889 4759 equorum
2916 4685 3185 4741 curricula
3237 4684 3414 4753 potius
3441 4696 3603 4751 quam

2025 4789 2095 4843 ad
2146 4785 2409 4842 ecclesias
2454 4781 2740 4847 convenit;
2788 4789 2844 4834 et
2907 4788 2967 4833 ut
3029 4777 3263 4831 debeant
3315 4773 3607 4845 praestituti

2026 4894 2216 4935 eorum
2266 4876 2384 4929 dies
2438 4872 2719 4927 transferri
2749 4910 2764 4937 ,
2826 4868 3042 4940 quando
3094 4867 3432 4923 occurrerint
3463 4881 3478 4919 :
3508 4879 3608 4917 nec

2030 4972 2193 5027 debet
2217 4970 2362 5023 ullus
2389 4964 2735 5020 Christianus
2764 4962 2882 5031 cesi
2912 4963 2978 5014 ad
3003 4961 3118 5016 luce
3171 4959 3503 5029 spectacula.
3539 4956 3596 5012 Si

2032 5063 2176 5118 enim
2225 5071 2487 5128 equorum
2526 5069 2723 5109 cursus
2771 5062 2918 5110 esset
2951 5051 3333 5107 a'canouibus
3386 5049 3607 5107 omnino

1572 5201 1770 5263 Guill.
1812 5202 2144 5283 Beveregii
2185 5205 2374 5262 noue.

423 5354 538 5425 (88)
572 5356 945 5410 Ἀκόλαστον
969 5352 1037 5407 δὲ
1066 5351 1165 5406 καὶ
1209 5351 1298 5425 τό,
1350 5348 1410 5425 In
1465 5350 1708 5425 editione
1776 5349 1934 5425 Pari-

354 5416 531 5485 siensi
591 5427 856 5489 particula
918 5425 1166 5489 negativa
1238 5421 1325 5475 hic
1375 5421 1762 5488 interponitur.
1840 5416 1934 5476 Sic

354 5498 507 5553 enim
540 5496 614 5549 ibi
651 5496 805 5549 locus
854 5496 944 5548 hic
995 5489 1215 5561 legitur,
1246 5489 1547 5543 ἀκόλαστον
1576 5490 1621 5543 δ’
1650 5491 1712 5543 οὐ
1745 5493 1839 5543 καὶ
1870 5492 1931 5543 τὸ

356 5571 441 5643 εἰς
488 5566 747 5643 τοιαύτας
793 5560 1155 5643 ἱπποδρομίας
1208 5560 1513 5643 ’κληρικοὺς
1568 5561 1928 5643 ἀπέρχεσθαι.

356 5636 670 5693 (ἶνηιὶιιιιιιε
700 5631 976 5689 Hervetns
1004 5631 1169 5687 etiam
1208 5633 1259 5684 in
1289 5631 1504 5684 Tiliano
1549 5646 1653 5683 ms.
1718 5631 1791 5683 ita
1850 5631 1927 5685 Ie-

357 5710 507 5775 gisse
528 5704 767 5761 videtur.
799 5702 980 5775 Vertit
1003 5702 1172 5765 enim,
1208 5699 1329 5755 Non
1352 5708 1431 5754 est
1462 5710 1639 5775 autem
1670 5703 1927 5775 intempe-

356 5768 551 5830 rantiae
573 5775 640 5829 ad
666 5774 927 5845 ejusmodi
956 5787 1204 5843 equorum
1230 5787 1412 5826 cursus
1437 5770 1638 5826 clericis
1660 5768 1927 5825 accedere.
1966 5830 1971 5837 ,

2036 5348 2237 5404 Verum
2256 5359 2365 5400 non
2385 5344 2560 5398 solum
2578 5343 2631 5398 in
2654 5359 2761 5399 ms.
2779 5351 2971 5399 nostro
2990 5342 3308 5407 Bodleiano,
3328 5340 3425 5397 sed
3438 5339 3605 5393 etiam

2034 5420 2091 5474 in
2119 5414 2554 5472 Amerbachiaao
2587 5424 2641 5468 et
2674 5413 3009 5477 Aitoniensi,
3040 5413 3306 5483 particula
3335 5413 3438 5465 ista
3473 5416 3605 5462 tan-

2032 5502 2199 5559 quam
2234 5483 2512 5559 superﬂua
2550 5485 2851 5559 rejicitur;
2883 5498 3062 5559 neque
3089 5483 3237 5559 enim
3269 5483 3423 5536 locus
3487 5492 3606 5559 eam

2031 5549 2320 5618 admittat;
2336 5553 2486 5622 quod
2531 5549 2740 5608 dicitur
2770 5553 3045 5607 laudabile
3070 5550 3288 5622 quidem
3324 5564 3469 5622 esse.
3497 5549 3610 5622 hu-

2028 5626 2269 5697 jusmodi
2298 5619 2443 5679 ludis
2474 5638 2583 5697 non
2629 5622 2941 5697 delectari:
2994 5621 3090 5697 sed
3155 5632 3345 5697 tamen
3405 5619 3607 5672 ἀκόλα-

2027 5689 2156 5823 ἓτον
2189 5697 2401 5765 impune
2455 5693 2623 5750 etiam
2673 5695 2895 5751 clericis
2934 5692 3061 5758 erit,
3122 5691 3169 5747 si
3224 5689 3292 5747 ad
3322 5703 3607 5747 eosacce-

2066 5777 2180 5823 ant.

2066 5777 2180 5823 ant.
