4074 6404
494 346 599 411 535

1760 344 2040 410 THEOD.
2085 346 2491 407 BALSAMON

3650 342 3755 411 595

488 461 827 528 prohibitus,
891 477 997 516 non
1068 462 1351 532 pctiisscnt
1403 462 1611 522 Patres,
1677 478 1742 517 ne
1798 478 2059 531 equorum

2170 465 2460 525 ἐκωλύετο,
2484 467 2584 518 οὐκ
2629 459 2695 518 ἂν
2727 460 2783 517 οἷ’
2807 459 3049 534 Πατέρες
3073 462 3347 536 ᾐτήσαντο
3381 467 3457 535 μὴ
3488 464 3741 533 γίνεσθαι

486 569 682 608 cursus
718 565 768 606 et
800 555 1107 623 spectacula
1142 555 1333 611 ﬁerent
1363 554 1554 609 diebus
1583 553 1904 619 Dominicis,
1934 564 1985 608 et
2008 557 2059 607 in

490 648 711 716 reliquis
745 649 895 703 festis
914 662 1007 702 seu
1035 647 1387 704 Paschalibus
1416 647 1627 713 diebus,
1646 649 1735 702 sed
1760 664 1821 703 ea
1842 648 2064 703 omnino

485 741 747 795 celebrari
785 755 927 809 aegre
956 740 1227 796 tulissent.

553 828 673 883 Jnm
706 844 835 885 vero
861 831 1022 884 etiam
1058 846 1285 898 magnus
1319 830 1576 887 Ecclesia:
1599 831 1792 886 doctor
1827 829 2064 886 Joannes

488 922 929 992 Chrysostomus,
954 924 1100 979 solos
1154 941 1417 993 equorum
1477 943 1712 987 cursus.
1777 928 1866 996 qui
1930 929 2065 980 llunt

486 1014 676 1067 diebus
707 1013 1024 1077 Dominicis,
1068 1015 1366 1072 dissuadet.
1414 1018 1749 1084 Adjiciebant
1796 1028 1972 1071 autem
2010 1026 2069 1072 et

485 1105 554 1157 iis
600 1119 721 1171 quae
750 1120 779 1157 a
812 1121 869 1159 se
898 1105 1174 1172 dicuntur,
1206 1106 1402 1160 nullam
1432 1107 1590 1160 aliato
1616 1109 1684 1161 ob
1704 1122 1923 1162 causam
1946 1122 2065 1162 esse

486 1198 648 1253 hodie
699 1198 931 1253 lectores
984 1200 1305 1269 populares,
1369 1217 1531 1268 quam
1592 1202 1734 1271 quod
1800 1214 2062 1270 equorum

488 1306 683 1345 cursus
715 1291 878 1345 hodie
910 1290 1026 1345 ﬁeri
1058 1292 1343 1347 videantur
1396 1294 1754 1362 permissione
1803 1293 2064 1346 ecclesia-

486 1381 649 1446 stica,
677 1390 729 1434 et
756 1382 904 1450 prior
931 1382 1271 1452 pupillarium
1321 1384 1587 1438 laicorutn
1613 1383 1911 1452 indignitas
1936 1422 1950 1447 ,
2010 1390 2067 1438 et

486 1473 667 1526 omnia
692 1487 810 1542 qua:
843 1474 1018 1542 turpia
1066 1481 1121 1528 et
1175 1475 1431 1530 indecora
1485 1485 1661 1538 erant,
1699 1476 2063 1531 cessaverint.

486 1561 603 1616 Cur
632 1565 801 1631 enim,
831 1563 1147 1634 inquiebant
1172 1606 1187 1630 ,
1219 1565 1512 1621 lectoribus
1553 1567 1904 1636 popularibus
1933 1566 2072 1623 solis

486 1669 546 1708 se
575 1654 629 1707 in
663 1671 929 1726 equorum
964 1659 1233 1712 curricula
1269 1660 1535 1729 ingerere,
1561 1670 1615 1714 et
1638 1677 1701 1718 ex
1736 1662 1933 1730 popqu
1985 1661 2067 1714 in-

486 1747 666 1814 cipere
696 1750 1019 1816 permissum
1048 1761 1152 1814 εει,
1192 1752 1415 1820 reliquis
1444 1761 1621 1806 autem
1687 1752 1982 1808 lectoribus
2007 1760 2067 1807 et

486 1836 760 1898 omnibus,
794 1849 852 1890 ut
887 1838 1054 1894 semel
1081 1840 1278 1905 dicam,
1316 1843 1486 1896 sacris
1515 1842 1770 1913 initiatis,
1800 1857 2063 1909 equorum

488 1927 745 1983 curriculi
784 1928 930 1984 fores
972 1930 1359 1985 occluserunt?
1406 1933 1485 1987 Ad
1526 1949 1681 1987 suam
1718 1942 1895 1989 autem
1940 1948 2068 1988 sen-

488 2020 713 2073 tentiam
763 2023 1191 2079 continuandam
1225 2025 1386 2078 etiam
1416 2025 1449 2082 5
1498 2041 1616 2094 cap.
1660 2024 1693 2079 8
1743 2024 1829 2079 tit.
1870 2040 1935 2079 ιχ
1969 2025 2063 2079 lib.

486 2111 708 2168 Basilic.
736 2116 816 2169 usi
851 2111 996 2179 sunt",
1021 2118 1163 2186 quod
1193 2118 1279 2172 'sic
1308 2118 1438 2173 dicit
1470 2136 1487 2172 ς
1525 2116 1852 2173 Constitutio
1884 2116 2092 2194 prohiy

486 2207 577 2258 bet
609 2204 784 2269 ludos,
828 2217 881 2261 et
910 2209 1154 2278 quinque
1184 2210 1427 2277 exceptis
1455 2209 1715 2281 quasdam
1749 2207 1914 2261 etiam
1950 2222 2065 2276 poe—

487 2311 586 2348 nas
615 2299 807 2352 statuit
833 2302 1092 2355 adversus
1115 2314 1209 2354 eos
1241 2303 1329 2369 qui
1381 2300 1572 2354 ludunt
1628 2299 1761 2355 aleis
1785 2338 1801 2364 ,
1846 2299 2064 2368 praesidi

486 2389 723 2443 civitatis
749 2398 803 2443 et
844 2392 1244 2459 provinciarum
1309 2390 1616 2446 rectm-ibus
1681 2401 1735 2446 et
1794 2391 2066 2459 episcopis

485 2495 732 2548 quaerere
752 2492 805 2533 et
835 2481 1121 2550 prohibere
1146 2483 1486 2551 permittens,
1505 2493 1559 2536 et
1587 2497 1779 2537 omnes
1807 2483 1896 2551 qui
1926 2483 1976 2535 in
2000 2482 2067 2536 iis

488 2574 626 2625 ti-nnt
655 2582 968 2627 contractus
1010 2573 1256 2640 rejicere.
1288 2575 1363 2628 Ex
1402 2574 1680 2643 permissis
1717 2583 1893 2628 autem
1927 2573 2068 2629 ludis

488 2664 578 2713 dat
629 2662 924 2726 actionem,
961 2676 1258 2735 coramque
1290 2681 1413 2735 quae
1464 2675 1651 2719 mutuo
1681 2668 1803 2719 data
1837 2664 2065 2729 fuerint,
2114 2708 2118 2712 .

484 2767 552 2807 eo
579 2755 797 2809 nomine
845 2757 1115 2812 actionem
1170 2759 1454 2826 permittit,
1486 2770 1540 2812 et
1571 2759 1757 2813 decem
1805 2758 2064 2813 librarum

487 2863 701 2917 ptenam
725 2851 983 2906 adversus
1004 2866 1116 2913 eos,
1144 2852 1233 2920 qui
1264 2854 1406 2906 hanc
1443 2852 1888 2908 constitutionem
1919 2861 2070 2907 tran-

487 2942 622 2995 siliri
656 2945 1018 3012 permiserint.
1038 2948 1304 3001 decernit.
1334 2948 1399 3002 Et
1424 2949 1698 3011 dicebant,
1720 2946 2063 3017 pentathlon,

491 3036 593 3089 hoc
619 3046 704 3090 est
729 3035 884 3093 ludos
919 3038 1157 3106 quinque
1179 3053 1299 3094 esse
1345 3040 1641 3110 permissos
1666 3079 1680 3102 ,
1717 3039 1939 3106 luctam,
1967 3054 2068 3110 pu-

2165 557 2264 619 τὰς
2291 557 2657 627 ἱπποδρομίας
2683 558 2778 610 καὶ
2805 557 2873 609 τὰ
2902 554 3107 627 θεὼρια
3127 558 3333 620 ἐν-ταίς
3358 558 3752 627 Κυριωνύμοις

2167 651 2260 703 καὶ
2302 653 2360 700 ἐν
2406 652 2528 711 ταῖς
2576 649 2793 712 λοιπαῖς
2843 648 3193 718 ἐορτασίμοις
3251 648 3512 719 ἡμέραις,
3577 650 3752 719 ἤγουν

2164 745 2284 803 ταῖς
2307 741 2657 810 Πασχαλίοις,
2673 741 2788 796 ἀλλ’
2806 739 3169 809 ἐδυσὼπησαν
3194 740 3259 793 ἂν
3278 740 3560 803 παντελῶς
3572 742 3751 793 ταῦτα

2169 833 2452 900 σχολάσαι.
2504 835 2611 885 Καὶ
2646 834 2748 903 τῆς
2784 832 3116 901 Ἐκκλησίας
3144 832 3200 884 δὲ
3235 834 3262 884 6
3294 831 3469 900 μέγας
3496 831 3755 885 διδάσκα-

2165 925 2259 987 λος
2293 927 2320 977 6
2347 925 2583 995 χρυσοῦς
2613 926 2711 997 τὴν
2744 926 2993 993 γλῶτταν
3032 926 3290 996 Ἰωάννης
3321 925 3491 995 μόνας
3516 926 3754 995 ἀποτρέ-

2168 1034 2260 1069 πει
2286 1018 2385 1080 τὰς
2406 1021 2546 1071 κατὰ
2574 1018 2672 1081 τὰς
2699 1018 3101 1090 Κυριωνύμους
3154 1020 3453 1089 γινομένας
3493 1020 3756 1090 ίπποδρο-

2172 1108 2321 1178 μίας.
2357 1109 2722 1177 Προσετίθουν
2752 1111 2807 1163 δὲ
2848 1113 2964 1174 τοῖς
2998 1112 3318 1181 λεγομένοις
3351 1111 3445 1164 ὑπ’
3473 1111 3656 1165 αὐτῶν
3680 1110 3754 1163 δι’

2167 1197 2323 1250 οὐδὲν
2366 1198 2558 1270 ἕτερον
2615 1201 2969 1267 ἀναγνώστας
3018 1196 3161 1254 εἶναι
3208 1201 3452 1269 δημότας
3511 1201 3759 1272 σήμερον

2168 1287 2283 1342 ἀλλ’
2317 1286 2355 1359 ἧ
2385 1290 2473 1342 διὰ
2500 1291 2556 1342 τὸ
2587 1290 2877 1360 φαίνεσθαι
2915 1291 3056 1343 κατὰ
3085 1290 3405 1361 προτροπὴν
3450 1290 3750 1357 ἐκκλησια-

2170 1382 2361 1453 στικὴν
2392 1384 2491 1446 τὰς
2528 1384 2896 1454 ἱπποδρομίας
2926 1380 3196 1449 γίνεσθαι,
3230 1382 3325 1437 καί
3350 1384 3452 1453 τὴν
3479 1385 3765 1453 προτέραν

2168 1474 2400 1539 ἀταξίαν
2428 1476 2537 1528 τῶν
2564 1475 2771 1528 λαῖκῶν
2806 1476 3063 1544 δημοτῶν
3091 1476 3184 1529 καὶ
3218 1473 3394 1528 πάντα
3420 1474 3488 1526 τά
3520 1474 3752 1544 ἀπρεπῆ

2168 1566 2263 1619 καὶ
2292 1566 2506 1636 ἄσεμνα
2541 1566 2828 1637 σχολάσαι.
2863 1567 2983 1620 ’Ὶνα
3016 1567 3069 1619 τί
3123 1566 3256 1636 γὰρ,
3291 1561 3468 1630 εἷπον,
3500 1564 3755 1633 ἀναγνώ-

2172 1674 2329 1724 σταις
2364 1660 2631 1730 δημόταις
2675 1662 2859 1730 μόνοις
2891 1660 3267 1731 παρεχωρήθη
3306 1661 3364 1713 ἐν
3403 1661 3526 1722 ταῖς
3570 1661 3709 1712 ίππο
3733 1687 3751 1698 -

2170 1754 2423 1823 δρομίαις
2458 1754 2853 1824 παραὸάλλειν,
2887 1753 3102 1807 καὶτοῦ
3132 1754 3309 1822 δήμου
3350 1751 3750 1822 κατάρχεσθαι,

2168 1846 2284 1906 τοῖς
2323 1844 2378 1897 δὲ
2413 1843 2618 1906 λοιποῖς
2647 1844 3025 1911 ἀναγνώσταις
3065 1845 3159 1898 καὶ
3207 1843 3529 1914 ίερωμὲνοις
3561 1843 3753 1905 ἁπλῶς

2166 1933 2266 1996 τὰς
2300 1934 2474 2002 θύρας
2523 1934 2624 2003 τῆς
2659 1935 3028 2005 ἱπποδρομίας
3064 1934 3439 1998 ἀπέκλεισανς
3479 1934 3767 2004 Ἑχρῶντο·

2166 2020 2224 2075 δὲ
2276 2023 2414 2091 πρὸς
2463 2020 2822 2074 ἐπισύστασιν
2854 2022 2948 2075 τοῦ
3000 2021 3163 2089 λόγου
3221 2019 3399 2073 αὐτῶν
3442 2020 3535 2074 καὶ
3584 2021 3664 2087 τῷ
3702 2018 3750 2072 ε’

2168 2114 2364 2183 κεφαλ.
2418 2112 2513 2165 τοῦ
2566 2120 2616 2183 η’
2659 2113 2841 2167 τίτλον
2889 2113 2984 2165 τοῦ
3029 2111 3069 2176 ξ’
3120 2111 3329 2182 βιϐλίου
3379 2111 3487 2166 τῶν
3527 2111 3752 2165 Βασιλι⁴

2168 2206 2304 2271 κῶν,
2339 2204 2485 2258 οὕτω
2509 2206 2744 2271 λέγοντι’
2788 2206 2851 2258 Ἦ
2877 2204 3120 2269 διάταξις
3150 2205 3349 2258 κωλύει
3378 2205 3449 2258 τά
3494 2204 3750 2272 παίγνια,

2169 2298 2263 2352 καλ⁸
2298 2299 2456 2351 πέντε
2488 2297 2968 2368 ύπεξαιρουμένων
3000 2298 3172 2366 ὁρίζει
3202 2296 3297 2349 καί
3327 2313 3445 2349 τινα
3498 2296 3761 2366 ἐπι-τίμια⁵

2168 2389 2312 2441 κατὰ
2338 2388 2446 2441 τῶν
2477 2388 2837 2449 κυὸευόντων,
2862 2388 3242 2456 ἐπιτρέπουσα
3267 2386 3362 2439 καλ⁵
3388 2388 3466 2454 τῷ
3520 2386 3765 2456 ἐπάρχῳ

2166 2484 2266 2551 τῆς
2299 2482 2504 2544 πόλεως
2530 2481 2624 2533 καὶ
2656 2482 2768 2543 τοῖς
2793 2481 3017 2550 ἄρχουσι
3044 2479 3151 2532 τῶν
3186 2478 3472 2549 ἐπαρχιῶν
3510 2480 3603 2532 καὶ
3637 2480 3753 2541 τοῖς

2169 2574 2491 2636 ἐπισκόποις
2522 2573 2709 2642 ζητεῖν
2738 2573 2833 2625 καὶ
2859 2572 3112 2633 κωλύειν,
3137 2569 3231 2624 καὶ
3255 2570 3435 2625 πάντα
3462 2570 3529 2622 τὰ
3558 2570 3615 2622 ἐν
3647 2570 3750 2621 αὖε

2168 2668 2280 2729 τοῖς
2307 2665 2569 2735 γινόμενα
2612 2666 3037 2735 συναλλάγματα
3088 2663 3442 2732 ἀποτρέπειν.
3468 2661 3661 2714 Δίδωσι
3691 2660 3759 2713 δέ

2170 2758 2395 2824 ἀγωγὰς
2432 2758 2497 2809 ὲκ
2544 2756 2652 2809 τῶν
2704 2756 3103 2825 τετραμμένων
3139 2753 3413 2823 παιγνίων
3467 2752 3604 2820 (89),
3652 2750 3749 2804 καὶ

2169 2850 2468 2919 ἀπαίτησιν
2505 2849 2616 2901 τῶν
2662 2848 2920 2901 ἐντεῦθεν
2967 2846 3453 2918 χρεωστηθέντων,
3500 2844 3631 2898 δέκα
3661 2842 3748 2895 λι-

2167 2941 2313 3011 τρῶν
2340 2942 2618 3010 ἐπιτίμιον
2673 2941 2931 3009 ὁρίζουσα
2989 2938 3131 2991 κατὰ
3159 2937 3269 2991 τῶν
3307 2935 3761 3008 συγχωρούντων

2170 3033 2489 3104 παραϐῆναι
2544 3033 2645 3103 τὴν
2705 3033 2972 3097 διάταξιν.
3010 3032 3125 3085 Kal
3179 3030 3368 3097 ἔλεγον
3428 3028 3749 3092 πένταθλον,

486 3124 732 3192 gilatnm,
756 3139 1000 3189 cursum,
1038 3128 1233 3181 saltum
1265 3138 1320 3181 et
1342 3130 1573 3183 discum.
1598 3127 1859 3196 Ligneum
1882 3137 2059 3183 autem

2170 3125 2342 3196 ἤγουν
2381 3124 2544 3179 πέντε
2601 3124 2832 3194 παίγνια
2861 3122 3003 3177 εἶναι
3039 3123 3321 3185 ἀκώλυτα,
3365 3119 3567 3188 πάλην.
3607 3136 3755 3186 πυγο

486 3226 745 3282 equcSIre
773 3226 1046 3269 certamen
1081 3233 1202 3273 esse
1241 3218 1357 3289 lege
1388 3219 1744 3303 prohibitum,
1772 3222 1921 3289 quod
1951 3223 2055 3279 hoc

488 3320 706 3372 quoque
736 3306 864 3361 alea:
887 3307 969 3361 vel
1000 3309 1327 3363 talentorum
1376 3310 1816 3375 reprehensionis
1844 3329 2064 3369 causam

490 3398 723 3459 nabeat;
755 3398 1213 3465 quemadmodum
1250 3400 1301 3453 in
1336 3400 1404 3454 29
1433 3414 1553 3467 cap.
1585 3400 1653 3455 i3
1677 3401 1758 3454 tit.
1783 3403 2066 3471 praesentis

488 3490 672 3555 operis
708 3489 1044 3545 declaratur.
1078 3489 1141 3544 Et
1162 3491 1278 3545 haec
1312 3492 1530 3560 quidem
1560 3495 1627 3547 de
1657 3505 1919 3563 equorum
1939 3510 2068 3550 cur-

492 3582 680 3634 riculis
715 3581 957 3635 nonnulli
991 3582 1198 3635 dixere.
1237 3582 1310 3637 De
1341 3583 1522 3637 mimis
1581 3590 1761 3637 autem
1819 3592 1874 3637 et
1923 3584 2065 3640 ludis

490 3673 723 3727 scenicis
758 3673 959 3727 nullam
997 3674 1214 3742 penitus
1242 3675 1563 3729 divisionem
1599 3675 1801 3741 fecere,
1845 3679 1939 3731 sed
1982 3692 2067 3732 ca-

494 3766 653 3819 nonis
682 3766 901 3821 decreto
936 3765 1260 3821 submisere.
1291 3767 1480 3821 Plures
1507 3776 1713 3829 autem,
1745 3777 1799 3821 et
1831 3768 2067 3823 maxime

490 3859 584 3926 qui
610 3868 733 3912 sunt
760 3858 920 3927 paulo
960 3858 1339 3926 religiosiores,
1367 3859 1567 3927 quibus
1612 3858 1729 3928 ipse
1761 3859 1925 3913 etiam
1978 3875 2068 3914 as-

496 3952 727 4005 sentior.
758 3950 871 4005 haec
905 3964 1010 4003 non
1055 3951 1155 4005 sibi
1193 3948 1440 4004 suﬂicere
1474 3960 1767 4020 pntavere;
1799 3951 2064 4016 dicentes,

492 4042 693 4097 debere
729 4058 967 4097 canones
998 4042 1064 4096 ad
1126 4042 1178 4095 id
1209 4043 1349 4110 quod
1384 4052 1465 4095 est
1520 4044 1713 4096 animae
1748 4044 1933 4095 utilius
1976 4058 2069 4095 ex-

494 4135 647 4204 poni,
683 4150 788 4188 non
819 4136 883 4188 ad
922 4136 971 4189 id
1008 4134 1150 4205 quod
1178 4143 1262 4188 est
1287 4133 1604 4189 dissolutius
1630 4143 1683 4188 et
1717 4134 1887 4204 magis
1909 4131 2070 4187 indil-

494 4223 694 4279 ferens.

566 4398 820 4454 ZONAR.
868 4400 1142 4469 Equorum
1194 4403 1445 4457 cursibus
1494 4410 1549 4455 et
1620 4402 1765 4457 ludis
1830 4401 2064 4457 scenicis

2177 3220 2307 3289 μὴν,
2334 3220 2554 3290 δρόμον,
2579 3219 2808 3288 δίαλμα,
2847 3218 2942 3271 καὶ
2974 3216 3178 3271 δίσκονι
3213 3216 3288 3270 Τὸ
3321 3216 3377 3268 δέ
3413 3213 3626 3278 ξύλινον
3656 3214 3750 3264 ίπ-

2175 3312 2334 3367 πικδν
2374 3308 2527 3365 εἷπον
2557 3309 2867 3364 κωλύεσθαι
2900 3308 3006 3362 ὑπὸ
3041 3308 3135 3361 τοῦ
3177 3308 3372 3377 νόμου,
3396 3306 3485 3359 διὰ
3514 3306 3575 3359 τὺ
3601 3305 3761 3374 ἔχειν

2173 3404 2267 3459 καὶ
2295 3402 2453 3458 τοῦτο
2482 3402 2664 3456 αἰτίαν
2690 3401 2880 3465 κύϐου,
2913 3401 3081 3471 ἤγουν
3124 3398 3336 3461 κόττου,
3367 3397 3551 3457 καθὼς
3578 3398 3635 3449 ὲν
3665 3395 3753 3465 τῷ

2173 3497 2255 3549 κθ¹
2302 3492 2495 3560 κεφαλ,
2524 3491 2615 3544 τοῦ
2645 3490 2711 3560 ιγ’
2742 3490 2923 3544 τίτλον
2980 3489 3074 3542 τοῦ
3122 3490 3389 3557 παρόντος
3434 3486 3752 3555 συντάγμα-

2172 3599 2261 3644 τος
2295 3581 2568 3652 δηλοῦται.
2609 3581 2717 3633 Καὶ
2747 3579 2918 3632 ταῦτα
2970 3579 3070 3648 μὲν
3103 3571 3259 3630 είπόν
3297 3593 3441 3651 τινες
3474 3575 3605 3643 περὶ
3639 3574 3753 3627 τῶν

2178 3671 2580 3743 ίπποδρομιῶν·
2617 3673 2747 3742 περὶ
2794 3671 2850 3723 δὲ
2883 3672 2990 3723 τῶν
3025 3671 3210 3739 μίμων
3240 3670 3338 3722 καὶ
3369 3669 3477 3721 τῶν
3519 3664 3749 3734 θυμελι-

2174 3766 2286 3818 κῶν
2340 3763 2606 3831 παιγνίων
2651 3762 2909 3830 οὐδεμίαν
2958 3760 3225 3830 ἐποίησαν
3266 3759 3567 3837 διαίρεσιν,
3623 3756 3744 3811 ἀλλ’

2173 3858 2254 3920 εἰς
2296 3855 2388 3908 τὸν
2439 3853 2717 3924 διορισμὸν
2746 3853 2840 3906 τοῦ
2870 3853 3098 3916 κανόνος
3137 3851 3285 3905 αὐτὰ·
3314 3852 3652 3920 ἀνήρτησαν.
3681 3851 3746 3903 ῦὶ

2173 3948 2392 4010 πλείους
2406 3947 2482 4014 δὲ,
2499 3948 2592 4001 καὶ
2617 3945 2816 4016 μᾶλλον
2832 3947 2880 3998 οἱ
2898 3944 3302 4014 εὐλαϐέστεροι,
3323 3938 3405 4007 οἷς
3426 3941 3750 4006 συντίθεμαι

2175 4040 2271 4093 καὶ
2326 4040 2512 4106 αὐτὸς,
2568 4040 2671 4092 οὐκ
2700 4038 3017 4109 ἠρέσθησαν
3069 4037 3163 4089 ἐπὶ
3215 4036 3446 4097 τούτοις,
3500 4035 3751 4092 εἰπόντες

2172 4129 2412 4198 ὀφείλειν
2442 4129 2569 4191 τοὺς
2600 4129 2830 4190 κανόνας
2864 4126 3001 4195 πρὸς
3038 4125 3102 4179 τὸ
3149 4125 3628 4195 ψυχωφελέστερον
3658 4125 3751 4191 ἐρ-

2178 4218 2532 4289 μηνεύεσθαι,
2576 4218 2641 4272 οὐ
2672 4218 2777 4289 μὴν
2805 4217 2940 4288 πρὸς
2968 4217 3029 4269 τὸ
3056 4215 3433 4286 ἐκκεχυμένον
3464 4214 3561 4268 καὶ
3590 4212 3747 4268 ἀδιά-

2174 4328 2240 4381 φο
2249 4330 2361 4381 ρον.

2248 4400 2497 4455 ΖΩΝΛΡ.
2540 4402 2629 4454 Ἐν
2657 4398 3043 4469 ἱπποδρομίαις
3070 4398 3166 4452 καὶ
3190 4399 3247 4451 ἐν
3274 4396 3548 4465 παιγνίοις
3579 4397 3757 4465 θυμε-

494 4491 759 4545 interesse
811 4492 983 4545 sacris
1029 4492 1227 4546 initiati
1274 4508 1337 4547 ac
1419 4494 1908 4557 monacbiuomnes
1966 4494 2068 4548 hoc

2174 4494 2344 4557 λικοῖς
2369 4491 2762 4561 παρουσιάζειν
2795 4490 3127 4560 ίερωμένους
3153 4489 3185 4560 ἢ
3219 4488 3465 4559 ἀσκητάς
3495 4487 3753 4549 ἅπαντας
3788 4520 3801 4531 κ

492 4596 702 4636 canone
752 4583 1129 4649 prohibentur.
1197 4581 1334 4647 Quin
1398 4591 1650 4636 vocatum
1715 4584 1782 4635 ad
1850 4585 2064 4653 nuptias

494 4675 774 4738 clericum,
813 4674 901 4727 ubi
932 4688 990 4728 se
1020 4673 1251 4742 primum
1287 4674 1530 4727 ludiones
1570 4674 1940 4741 ostenderint,
1980 4690 2095 4731 re‘-'

494 4767 689 4820 cedere
741 4764 911 4831 jubet.
977 4764 1068 4818 Sic
1122 4765 1269 4819 enim
1333 4764 1520 4819 Patres
1573 4768 1743 4821 nostri
1810 4768 2063 4825 docuere.

493 4854 685 4910 Patres
721 4864 897 4909 autem
932 4857 1216 4925 episcopos
1246 4856 1486 4924 intellige
1507 4897 1523 4921 ,
1554 4858 1646 4925 qui
1695 4858 1752 4913 in
1800 4856 2064 4915 Laodicea

492 4945 808 5015 congregati
846 4948 1112 5015 synodum
1145 4948 1196 5001 in
1228 4962 1290 5002 ea
1346 4950 1483 5003 urbe
1525 4948 1889 5005 celebravere.
1929 4949 2063 5005 Nam

496 5044 555 5088 ut
586 5049 745 5089 sacro
776 5035 969 5090 ordine
995 5036 1185 5091 initiati
1229 5036 1476 5092 homines
1503 5037 1757 5091 clericive
1806 5038 1897 5091 alii
1933 5078 1949 5102 ,
2001 5039 2068 5091 ad

402 5126 417 5131 ’
500 5124 664 5194 185
705 5125 1009 5193 nuptiarum
1043 5127 1391 5181 autconvivii
1425 5127 1794 5182 celebritatem
1845 5129 2019 5183 vocati
2054 5164 2070 5194 ,

496 5218 818 5285 spectaculis
853 5233 955 5272 non
987 5220 1259 5281 intersint.
1290 5220 1383 5274 sed
1438 5228 1724 5287 antequam
1780 5220 2072 5276 histriones

496 5309 888 5378 producantur.
911 5320 1205 5379 exsorgant
1230 5324 1396 5378 seque
1429 5310 1554 5363 inde
1580 5320 1919 5375 removeant,
1952 5310 2070 5380 ejus

495 5403 682 5473 synodi
715 5412 907 5471 quarto
927 5413 980 5456 et
1004 5403 1450 5475 quinquagesimo
1469 5416 1675 5456 canone
1711 5403 2065 5459 constitutum

2172 4585 2508 4655 ἀπαγορεύει
2538 4584 2566 4635 6
2601 4581 2780 4635 κανὼν
2807 4576 2980 4645 οὗτος.
3019 4581 3182 4635 Ἀλλὰ
3216 4581 3321 4634 κᾶν
3346 4580 3613 4651 κληρικός
3636 4595 3746 4641 τις,

2173 4679 2363 4748 φησὶν,
2399 4679 2478 4740 είς
2507 4677 2686 4745 γάμον
2716 4674 2966 4744 κληθείη,
3020 4674 3109 4727 ὅτε
3167 4675 3236 4726 τά
3298 4674 3525 4738 παίγνια
3566 4673 3749 4725 είσὲλ-

2177 4769 2346 4833 θοιεν,
2381 4767 2525 4820 οὕτω
2570 4764 2924 4835 ἀναχωρείτω
2961 4764 3193 4818 ἐκεῖθεν.
3228 4762 3385 4817 Οὕτω
3413 4764 3521 4832 γὰρ
3549 4764 3599 4815 οἱ
3633 4764 3750 4815 Πα-

2172 4859 2329 4929 τέρες
2362 4858 2522 4927 ἡμῶν
2546 4856 2814 4920 ἐδίδαξαν.
2846 4855 3095 4925 Πατέρας
3139 4854 3184 4907 δ’
3235 4852 3471 4906 ἐνταῦθά
3498 4868 3668 4921 φασιν
3698 4852 3751 4905 οἱ

2170 4950 2269 5015 τῆς
2303 4949 2524 5001 συνόδου
2551 4947 2754 5017 ταύτης
2797 4947 2925 5009 τοὺς
2973 4948 3031 4999 ὲν
3065 4944 3362 5015 Λαοδικείᾳ
3395 4942 3750 5009 συνελθόντας
3814 5002 3819 5006 ,

2172 5040 2530 5101 ἐπισκόπους,
2564 5039 2660 5091 καὶ
2686 5039 2816 5101 τοὺς
2844 5039 2961 5090 ἐκεῖ
2992 5037 3480 5104 συγκροτήσαντας
3506 5033 3748 5088 σύνοδον.

2172 5130 2307 5201 Φησὶ
2338 5130 2443 5199 γὰρ
2476 5131 2503 5182 ὁ
2534 5130 2606 5181 νὶ¹
2666 5129 2766 5197 τῆς
2797 5126 3055 5196 τοιαύτης
3093 5126 3310 5178 συνόδου
3366 5125 3549 5191 κανὼν
3580 5124 3661 5176 ὅτι
3686 5122 3750 5174 ού

2173 5221 2254 5273 δεῖ
2288 5220 2593 5289 ίερατικοὺς
2629 5221 2663 5291 ἢ
2710 5217 3007 5289 κληρικούς
3042 5234 3195 5279 τινας
3240 5215 3476 5285 θεωρίας
3521 5214 3751 5283 θεωρεῖν

2173 5315 2232 5368 ἐν
2278 5314 2439 5383 γάμῳ
2470 5312 2503 5383 ἢ
2538 5312 2796 5375 δείπνοις,
2827 5311 2963 5364 ἀλλά
2991 5310 3098 5379 πρὸ
3136 5308 3229 5362 τοῦ
3271 5305 3621 5378 είσὲρχεσθαι
3651 5306 3749 5357 θυ-

2178 5406 2435 5476 μελικοὺς
2467 5404 2777 5474 ἐγείρεσθαι
2807 5403 3030 5469 αὐτοὺς,
3052 5403 3149 5456 καὶ
3172 5405 3475 5474 ἀναχωρεῖν
3509 5401 3747 5455 ἐκεῖθεν.

1717 5554 1914 5618 Guill.
1954 5557 2283 5637 Beveregii
2324 5567 2509 5621 notas.

571 5688 681 5757 (89)
710 5694 810 5745 Ἐκ
843 5690 960 5744 τῶν
990 5686 1403 5757 τετραμμένων
1425 5684 1738 5755 παιγνίων.
1764 5684 1895 5741 Mss.
1918 5688 2068 5741 Amet

2170 5689 2389 5746 :hianus
2421 5700 2474 5745 et
2525 5689 2867 5746 Aitonicnsis
2918 5690 3126 5745 rectius
3184 5699 3372 5761 tegunt
3414 5688 3748 5757 ἐπιτετραμ-

500 5758 697 5818 μένων.
