4074 6418
326 354 431 420 597

1354 371 1434 431 IN
1471 369 1639 433 CAN.
1684 368 1839 431 XXV
1878 366 2089 430 CONC.
2128 366 2215 428 IN
2253 367 2580 428 TRULLO.

3467 354 3575 420 508

325 469 529 580 Οί.μὲν
560 470 655 528 οὖν
686 476 784 578 τῇς
814 477 870 531 ὲν
900 478 1195 553 Λαοδικείᾳ
1223 483 1444 537 συνόδου
1485 484 1585 537 οὐκ
1614 484 1897 552 ἐπήγαγον

2026 491 2100 538 εει.
2135 483 2240 538 Sed
2271 483 2466 538 nullam
2513 481 2617 544 iis,
2671 479 2760 549 qui
2825 476 3018 533 canoni
3065 488 3174 530 non
3220 472 3525 543 paruissent
3554 513 3587 538 ,.

323 566 438 635 τοῖς
470 567 545 636 μὴ
573 568 803 636 τηροῦσι
832 570 923 623 τὸν
954 573 1156 627 κανόνα
1188 592 1240 626 τι
1278 575 1578 644 ἐπιτίμιον·
1624 576 1674 627 οἱ
1703 576 1761 627 δὲ
1801 578 1901 643 τῆς

2026 574 2325 627 Laorlirenaa
2345 572 2534 642 synodi
2564 568 2753 623 Patres
2790 569 3076 621 decrevere
3106 578 3342 632 pinnam.
3382 562 3571 617 Patres

323 654 493 724 ἕκτης
529 657 731 728 ταύτης
770 662 988 714 συνόδου
1034 663 1348 717 παύσασθαι
1404 667 1532 729 τοὺς
1575 665 1816 718 τοιοῦτόν
1848 682 1900 716 τι

2026 675 2181 715 intem
2207 674 2374 717 senm
2408 660 2631 729 hujusce
2660 655 2870 728 synodi,
2904 668 2982 708 ne
3005 653 3131 722 quid
3154 650 3330 705 simile
3385 650 3441 703 in
3462 663 3565 717 pec

325 746 621 810 ποιοῦντας
642 750 992 820 παραινοῦσι,
1045 754 1120 824 μὴ
1168 750 1510 825 παυομένους
1542 756 1620 820 δὲ,
1655 756 1771 808 ἀλλ’
1820 755 1901 808 ἔτι

2026 765 2207 807 .terum
2232 753 2425 821 aliquis
2454 753 2673 812 audeat,
2699 748 2901 818 quique
2938 759 3102 798 ausus
3148 742 3344 804 fuerit,
3396 753 3580 808 neque

327 839 626 907 ἐχομένους
668 842 768 911 τῆς
818 845 1126 916 ἀσχήμονος
1164 848 1439 918 πράξεως,
1491 848 1589 900 καὶ
1623 848 1903 917 καθαιρεῖ-

327 927 453 981 σθαι
488 932 891 999 προστάσσουσι
905 975 920 990 .

244 1109 249 1113 ’
334 1037 354 1069 ι
398 1018 622 1113 APlE’l‘.
674 1022 951 1094 Κληρικὸς
996 1025 1030 1096 ἢ
1087 1026 1316 1097 μοναχδς
1390 1028 1466 1091 tv!
1512 1027 1903 1098 ἱπποδρομίαις

2005 863 2063 899 se
2093 848 2162 901 ab
2192 845 2456 916 ejusmodi
2488 840 2836 896 deformitate
2862 835 3176 897 removerit,
3206 832 3367 892 etiam
3402 831 3578 898 edepo-

2008 938 2204 993 sitione
2236 936 2447 990 multari
2476 934 2686 1003 jubent.

2081 1028 2309 1085 ARIST.
2343 1048 2362 1081 ι
2398 1026 2639 1082 Clericus
2669 1023 2750 1079 vel
2790 1021 3105 1081 monachus,
3140 1017 3229 1087 qui
3286 1014 3357 1070 ad
3405 1027 3576 1082 equo-

406 1130 425 1160 ί
472 1110 663 1175 ἀνιὼν,
688 1113 721 1184 ἢ
750 1115 845 1168 καὶ
880 1117 1189 1186 μελλόντων
1246 1117 1479 1173 εἰσιέναι
1509 1117 1817 1189 θυμελικῶν
1845 1117 1903 1170 ὲν

2026 1141 2034 1175 ι
2073 1138 2192 1178 rum
2244 1135 2433 1175 cursus
2485 1133 2544 1171 se
2587 1114 2818 1177 confert,
2851 1112 2933 1167 vel
2973 1113 3024 1164 in
3078 1104 3579 1178 nuptiis,cumviu-

404 1223 425 1254 ι
475 1203 666 1274 γάμῳ,
698 1207 775 1277 μὴ
809 1207 1100 1278 προεξιὼν,
1125 1208 1544 1281 καθαιρείσθω.»

401 1385 517 1439 Οὐκ
546 1385 711 1450 εὐθὺς
758 1387 1104 1459 καθαιρεῖται
1153 1390 1182 1442 6
1216 1389 1502 1459 κληρικὺς,
1552 1390 1720 1458 ἡνίκα
1746 1390 1792 1443 δ’
1840 1390 1906 1444 ἂν

329 1480 412 1538 εἰς
458 1479 638 1547 γάμον
675 1478 895 1547 κληθεὶς
941 1480 1042 1532 οὐκ
1077 1479 1349 1552 ἐξαναστῇ
1397 1482 1493 1536 καὶ
1547 1482 1907 1555 ὑποχωρήσῃ.

2014 1231 2035 1265 ς
2079 1209 2319 1283 gressuri
2351 1216 2478 1263 sunt
2502 1207 2796 1262 histriones
2823 1244 2840 1267 ,
2866 1219 2975 1258 non
3017 1201 3166 1271 prius
3207 1198 3362 1260 exit,
3397 1196 3580 1265 .depoo

2015 1323 2035 1356 ι
2076 1312 2253 1357 natur.
2289 1319 2308 1354 ι

2080 1395 2198 1449 Νοιι
2233 1394 2418 1449 statim
2458 1390 2743 1461 deponitur
2765 1387 2992 1442 clericus
3018 1383 3233 1455 quando
3264 1382 3328 1436 ad
3362 1379 3579 1448 nuptias

2011 1497 2237 1543 vocatus
2266 1500 2372 1540 non
2404 1486 2577 1553 surgit
2604 1490 2658 1537 et
2691 1479 3078 1538 discedit.cum
3111 1475 3174 1529 ad
3207 1472 3583 1542 deceptiouem

330 1562 443 1615 τῶν
479 1562 617 1666 πρὸς
639 1563 858 1632 ἀπάτην
880 1564 1285 1635 είσερχομένων
1311 1567 1603 1635 παιγνίων·
1636 1567 1754 1620 ἀλλ’
1776 1569 1912 1622 ὀπό-

2026 1580 2138 1635 L'acti
2174 1580 2440 1647 incipiunt
2472 1575 2617 1641 ludi;
2652 1574 2744 1629 sed
2769 1572 2983 1641 quando
3011 1569 3111 1623 hoc
3144 1566 3346 1622 faciens
3369 1577 3586 1620 cessare
3678 1628 3681 1631 Α

326 1670 431 1706 ταν
458 1655 618 1707 τοῦτο
662 1657 853 1722 ποιῶν,
884 1657 944 1710 οὐ
991 1658 1241 1711 πείθεται
1292 1658 1589 1713 παύεσθαν
1629 1660 1703 1730 μη
1736 1660 1911 1713 παυό-

2026 1688 2119 1728 non
2148 1670 2552 1739 persuadeatur.
2581 1666 2697 1720 Non
2753 1677 2975 1720 cessans
3016 1669 3195 1714 autem
3252 1655 3540 1727 deponitur
3564 1691 3584 1721 ,

331 1760 496 1812 μενος
525 1744 604 1805 δὲ.
630 1746 1008 1812 καθαιρεῖται.
1049 1748 1333 1813 Ὡσαύτως
1373 1750 1467 1803 καὶ
1496 1751 1525 1802 6
1552 1751 1610 1804 ἐν
1647 1752 1911 1822 ἱπποδρο-

333 1836 491 1905 μ⁷αις
520 1836 920 1908 ἀπερχόμενος.

923 1930 1161 1986 ΚΑΝΩΝ
1196 1935 1322 1990 KE'.

336 2034 360 2067 ι
408 2016 553 2088 Πρὸς
579 2021 694 2083 τοῖς
737 2021 923 2084 ἄλλοις
960 2023 1297 2094 ἀνανεοῦμεν
1327 2026 1421 2082 καὶ
1450 2027 1542 2080 τὸν
1576 2029 1777 2083 κανόνα
1817 2028 1912 2083 τὸν

412 2126 431 2158 ι
479 2109 868 2181 διαγορεύοντα
887 2114 986 2176 τὰς
1004 2114 1128 2168 καθ’
1154 2116 1391 2188 ἑκάστην
1410 2118 1709 2188 ἐκκλησίαν
1721 2122 1915 2190 ἀγροιη

407 2216 429 2247 ι
477 2203 639 2263 κικάς
670 2207 966 2272 παροικίας
994 2205 1026 2275 ἢ
1060 2208 1364 2276 ἐγχωρίους
1398 2207 1581 2278 μένειν
1612 2211 1909 2276 ἀπαρασα-

407 2309 428 2341 ι
475 2289 698 2355 λεύτους
733 2294 884 2362 παρὰ
934 2298 1049 2359 τοῖς
1097 2299 1421 2369 κατέχουσιν
1475 2301 1644 2364 αὐτὰς
1692 2301 1914 2355 ἐπισκό-

409 2398 434 2432 ‹
479 2399 623 2447 ποις,
645 2385 742 2437 καὶ
760 2385 1020 2454 μάλιστα,
1042 2389 1090 2440 εί
1112 2392 1506 2459 τριακονταετῆ
1532 2391 1722 2462 χρόνον
1741 2392 1913 2453 αὐτὰς

412 2491 434 2523 ‹
479 2474 758 2539 ά6ιάστως
824 2477 1242 2549 διακατέχοντες
1312 2483 1693 2553 ᾠκονόμησαν.
1744 2483 1809 2536 El
1856 2482 1913 2536 δὲ

413 2582 433 2613 ε
479 2564 632 2628 ἐντὸς
654 2566 764 2621 τῶν
790 2569 1087 2638 τριάκοντα
1112 2570 1248 2623 ἑτῶν
1274 2573 1572 2643 γεγένηταί
1590 2591 1672 2636 τις
1694 2573 1726 2643 ἢ
1754 2574 1916 2644 γένη-

409 2673 427 2703 (
478 2672 569 2709 ται
602 2658 729 2725 περὶ
773 2659 904 2711 αὐτὸ
948 2660 1386 2733 ἀμφισϐήτησις,
1433 2662 1634 2728 ἐξεῖναι
1668 2669 1783 2728 τοῖς
1828 2666 1916 2718 λέ-

414 2766 435 2798 (
482 2764 673 2816 γουσιν
704 2750 994 2822 ἠδικῆσθαι
1038 2756 1166 2824 περὶ
1218 2754 1410 2810 τούτου
1439 2759 1607 2811 κινεῖν
1642 2757 1796 2828 παρὰ
1841 2760 1910 2830 τῇ

412 2859 430 2889 ι
485 2840 688 2910 συνόδῳ
712 2843 810 2912 τῆς
840 2844 1132 2913 ἐπαρχίας.
1182 2864 1202 2897 ι

408 2929 609 2984 ΒΑΛΣ.
642 2924 812 2995 Οὗτος
843 2934 870 2985 6
898 2934 1293 3005 ἀνανεούμενος
1326 2934 1507 2990 κανὼν
1545 2938 1644 3006 τῆς
1668 2937 1710 2991 δ’
1754 2938 1915 2992 συνό-

334 3021 430 3075 δου
472 3024 591 3076 ἐστὶ
642 3022 823 3078 κανὼν
884 3024 948 3089 ιζ’
974 3042 989 3058 ο
1017 3027 1113 3079 καὶ
1157 3028 1434 3096 ἀνάγνωθι
1468 3030 1566 3100 τὴν
1615 3031 1916 3102 ἑρμηνείαν

335 3134 531 3171 αυτου.

410 3209 658 3266 ΖΩΝΑΡ.
688 3204 858 3272 Οὗτος
886 3212 914 3264 6
941 3211 1343 3283 ἀνανεούμενος
1381 3213 1564 3267 κανὼν
1595 3215 1694 3285 τῆς
1722 3218 1913 3289 τετάρ-

334 3315 440 3369 της
466 3300 687 3354 συνόδου
701 3301 848 3353 ἐστὶν
864 3302 1351 3368 ἑπτακαιδέκατος,
1367 3304 1428 3369 ὃς
1451 3304 1694 3377 ὲξηγήθη
1714 3309 1918 3363 ὲκεῖσε’

338 3393 439 3445 καί
469 3389 732 3459 ζητητέον
763 3393 832 3444 τά
857 3394 975 3446 ἐκεῖ
1001 3395 1391 3465 γεγραμμένα.

344 3502 366 3534 σ
444 3485 674 3539 ΑΡΙΣΤ.
747 3485 1091 3555 Ἀγροικικαὶ
1137 3487 1233 3541 καὶ
1291 3487 1551 3559 ἐγχώριοι
1607 3491 1923 3564 παροικίαι,

422 3597 441 3628 Ι
491 3579 583 3630 ἐπὶ
614 3578 1070 3647 τριακονταετίαν
1098 3580 1418 3650 ἐρχόμεναι,
1458 3583 1883 3652 κατεχέσθωσαν
1906 3602 1920 3617 ο

420 3690 438 3719 ι
488 3668 635 3723 ἔνδον
666 3670 759 3738 δὲ,
782 3670 843 3722 τὸ
868 3671 1356 3743 ἀμφισϐητήσιμον
1381 3673 1584 3740 ἕξουσι.
1630 3692 1653 3727 ι

431 3762 781 3830 Ἀγροικικὰς
816 3762 1115 3831 παροικίας
1141 3764 1287 3831 λέγει
1311 3763 1412 3835 [ὡς
1440 3765 1535 3819 καὶ
1561 3767 1620 3818 ἐν
1649 3766 1727 3836 τῷ
1750 3768 1925 3822 ἑπτα-

342 3852 656 3925 καιδεκάτῳ
688 3854 875 3908 κανόνι
908 3856 1008 3924 τῆς
1041 3858 1102 3908 ὲν
1157 3856 1465 3926 Χαλκηδόνι
1503 3859 1725 3912 συνόδου
1760 3861 1929 3931 ἐγρά-

343 3945 556 4017 ψαμεν]
602 3947 730 4010 τοὺς
766 3946 1080 4007 ίδιωτάτους
1100 3946 1212 3999 τῶν
1242 3948 1549 4017 ἐκκλησιῶν
1572 3950 1799 4020 ἀγροὺς,
1829 3952 1923 4003 καὶ

347 4036 428 4104 μὴ
466 4035 1029 4105 ἀνακεκοινωμένους,
1081 4038 1219 4099 ὅλως
1261 4037 1513 4100 ὄνταςέν
1561 4057 1672 4093 τισι
1706 4039 1923 4109 κώμαις

346 4128 383 4197 ἢ
410 4125 504 4177 καὶ
532 4125 772 4195 χωρίοις·
825 4123 919 4187 οὓς
959 4124 1056 4178 καὶ
1098 4124 1343 4195 μονοίκια
1380 4126 1474 4179 νῦν
1508 4126 1762 4194 λέγουσιν
1784 4140 1798 4154 ·
1829 4129 1923 4194 ἐγ-

347 4218 585 4288 χωρίους
635 4217 694 4271 δὲ
723 4218 850 4281 τοὺς
883 4220 943 4271 ὲν
1002 4218 1191 4287 μέσοις
1226 4218 1446 4289 χωρίοις
1489 4218 1522 4289 ἣ
1560 4218 1776 4286 κώμαις
1811 4236 1926 4271 κει-

350 4310 551 4379 μένους
577 4309 802 4380 ἀγρούς.
836 4310 904 4362 Εἴ
928 4327 1019 4373 τις
1056 4305 1152 4364 οὖν
1182 4309 1289 4363 τῶν
1311 4310 1628 4363 ἐπισκόπων
1651 4310 1744 4363 ἐπὶ
1770 4327 1923 4381 τρια·

347 4400 671 4454 κονταετίαν
718 4401 950 4471 κατέσχε
989 4400 1261 4471 τοιαύτην
1290 4402 1414 4454 τινά
1446 4401 1790 4472 ἐγχώριον,ἢ
1831 4403 1923 4456 καὶ

2014 1776 2073 1818 ut
2107 1763 2199 1832 qui
2227 1776 2487 1831 equorum
2515 1772 2709 1814 cursus
2742 1756 2875 1811 adit.

1938 1823 1985 1881 B

2584 1936 2814 1996 CANON
2842 1934 3012 1990 XXV.

2023 2058 2043 2092 ι
2080 2039 2347 2093 Praeterea
2396 2048 2722 2090 renovamus
2767 2032 2931 2085 etiam
2979 2039 3243 2082 canonem
3270 2062 3287 2090 ,
3325 2021 3418 2093 qui
3460 2018 3591 2075 dicit

2093 2151 2112 2182 ε
2150 2128 2571 2196 uniuscujusque
2612 2124 2865 2180 Ecclesiae
2891 2129 3132 2190 agrestes
3155 2156 3171 2181 ,
3207 2126 3262 2172 et
3288 2129 3409 2184 quae
3459 2120 3591 2168 sunt

2092 2243 2112 2276 ι
2148 2223 2198 2277 in
2233 2222 2471 2292 regione,
2501 2217 2787 2287 paroeliias
2812 2216 2996 2267 lirmas
3043 2225 3260 2266 manere
3287 2206 3427 2275 apud
3472 2205 3589 2275 epi-

2100 2336 2118 2367 ‹
2157 2327 2351 2382 scopos
2382 2310 2475 2381 qui
2511 2324 2603 2363 eas
2633 2306 2932 2376 possident,
2966 2315 3021 2358 et
3052 2301 3286 2356 maxime
3323 2299 3366 2353 si
3396 2296 3466 2352 '50
3489 2310 3589 2349 an-

2094 2424 2112 2455 (
2155 2418 2345 2457 norum
2376 2400 2550 2469 spatio
2573 2413 2669 2453 eas
2701 2396 2821 2449 sine
2861 2394 2910 2446 vi
2961 2391 3298 2461 possidentes
3354 2384 3588 2440 admini-

2100 2515 2116 2547 ι
2155 2492 2462 2550 straverint.
2494 2490 2551 2544 Si
2591 2498 2772 2542 autem
2825 2485 2966 2539 intra
3030 2482 3099 2536 '50
3157 2495 3327 2534 annos
3360 2478 3461 2532 l'uit
3508 2474 3590 2532 vel

2097 2606 2116 2638 ι
2157 2585 2318 2640 fuerit
2347 2582 2525 2653 aliqua
2562 2581 2629 2635 de
2661 2579 2728 2633 iis
2755 2573 3143 2637 controversia,
3172 2571 3331 2625 licere
3382 2571 3472 2634 iis,
3498 2569 3589 2638 qui

2099 2696 2116 2730 ι
2156 2692 2216 2731 se
2243 2674 2440 2744 injuria
2463 2671 2684 2727 affectos
2716 2669 2921 2730 dicunt,
2950 2667 3017 2720 de
3062 2679 3131 2718 eo
3181 2665 3443 2717 actionem
3482 2675 3598 2715 nio-

2097 2787 2117 2820 ι
2156 2782 2280 2823 vere
2318 2764 2459 2835 opud
2487 2766 2750 2835 synodum
2786 2757 3095 2829 provincias

2095 2912 2287 3003 BALS.
2329 2945 2427 3001 llic
2452 2951 2743 2999 renovatus
2773 2954 2945 2994 canon
2977 2944 3064 2993 est
3108 2935 3140 2988 4
3193 2931 3383 3005 synodi
3416 2944 3590 2986 canon

2025 3043 2116 3106 Π,
2140 3050 2194 3095 et
2223 3041 2338 3109 lege
2365 3038 2484 3105 ejus
2511 3032 3033 3103 interpretationem.

2095 3210 2348 3267 ZONAR.
2388 3208 2483 3264 Est
2510 3209 2557 3263 is
2594 3221 2769 3261 canon
2798 3244 2814 3268 ,
2838 3218 2998 3273 quem
3029 3202 3131 3255 hoc
3168 3200 3287 3253 loco
3316 3202 3597 3256 renovant,

2025 3310 2228 3367 quartae
2260 3296 2448 3367 synodi
2483 3295 2727 3349 decimus
2744 3293 3025 3361 septimus.
3059 3288 3171 3343 Nos
3200 3302 3323 3340 cum
3354 3300 3452 3339 suo
3476 3282 3597 3337 loco

2025 3388 2429 3459 explicavimus.
2462 3385 2540 3439 Tn
2574 3399 2695 3455 quae
2718 3382 2786 3437 ibi
2815 3383 3015 3449 scripta
3050 3388 3175 3435 sunt
3220 3377 3360 3430 vide.

2096 3480 2323 3536 ARIST.
2362 3498 2382 3533 ι
2415 3481 2669 3548 Agrestes
2695 3485 2749 3530 et
2780 3466 3075 3543 regionales
3109 3469 3358 3539 parueris:
3383 3465 3599 3534 triginta

2031 3594 2049 3626 ι
2087 3588 2256 3629 annos
2314 3585 2575 3641 possessa;
2616 3568 2978 3622 retineantur.
3030 3563 3176 3618 intra
3239 3569 3417 3614 autem
3473 3556 3602 3611 illud

2033 3687 2050 3719 ι
2091 3676 2303 3734 tempus
2336 3661 2704 3717 controversia
2730 3661 2796 3712 de
2828 3659 2892 3712 iis
2915 3663 3213 3710 moveatur.

2093 3760 2346 3826 Agrestes
2375 3752 2645 3823 parmeias
2683 3749 2808 3804 dicit
2835 3748 2993 3817 (utet
3034 3747 3088 3798 in
3120 3743 3333 3798 decimo
3373 3739 3601 3808 septimo

2024 3849 2213 3919 synodi
2244 3843 2701 3901 Chalcedonensis
2722 3854 2930 3894 canone
2984 3832 3321 3903 scripsimus)
3372 3831 3605 3884 maxime

2026 3940 2273 4008 pr0prios
2305 3936 2653 3992 ecclesiarum
2696 3946 2873 4001 agros.
2907 3938 2961 3984 et
2992 3942 3099 3981 non
3130 3925 3252 3979 aliis
3295 3920 3605 3977 communi-

2025 4041 2194 4093 catos,
2224 4028 2314 4098 qui
2352 4030 2560 4093 integre
2590 4033 2714 4078 sunt
2742 4023 2794 4091 in
2833 4020 2964 4073 vicis
2987 4014 3305 4087 quibusdam
3331 4020 3422 4065 aut
3453 4011 3606 4080 oppi-

2027 4120 2185 4195 (Iulis,
2218 4133 2354 4187 quos
2400 4126 2454 4168 et
2499 4113 2763 4169 munmcia
2821 4125 2963 4164 nunc
3021 4114 3256 4161 vocant:
3305 4100 3606 4169 regionales

2026 4192 2204 4267 autem
2238 4224 2418 4282 agros,
2449 4208 2501 4263 in
2539 4206 2732 4261 mediis
2784 4201 3093 4274 regionibus
3150 4208 3243 4250 aut
3275 4195 3409 4247 vicis
3451 4192 3600 4247 sitos.

2027 4307 2081 4360 Si
2115 4304 2236 4373 quis
2267 4304 2449 4371 itaque
2467 4300 2843 4368 episcenornm
2877 4308 2970 4362 per
2993 4290 3214 4359 triginta
3248 4299 3420 4339 annos
3443 4282 3602 4337 talem

2026 4398 2263 4464 aliquam
2295 4390 2623 4463 regionalem
2652 4397 2741 4441 aut
2779 4394 3046 4455 agrestem
3095 4378 3385 4450 parmciam
3420 4388 3606 4444 posse-

347 4493 678 4564 ἁγροικικὴν
697 4464 1010 4562 παροικίαν,
1035 4464 1216 4565 ἑτέρῳ.
1229 4464 1920 4564 διαφέρουσανυὲπισκόπῳ,

2034 4488 2108 4541 dit
2137 4485 2201 4539 ad
2231 4484 2395 4539 alium
2430 4480 2784 4551 pertinentem
2821 4476 3151 4543 episcopum,
3177 4478 3231 4525 et
3253 4467 3317 4521 de
3348 4482 3408 4522 ea
3461 4464 3602 4518 nulla

347 4587 448 4638 καὶ
482 4584 741 4655 οὐδεμίαν
774 4584 985 4655 ὑπέστη
1030 4584 1253 4656 ὄχλησιν
1282 4588 1415 4656 περ)⁸
1446 4587 1615 4656 αὐτῆς
1651 4588 1800 4650 ὲντὸς
1825 4588 1927 4657 τῆς

347 4676 919 4746 τριακονταετηρίδος,
948 4677 1421 4747 ἀπαρασαλεύτως
1449 4677 1653 4747 ταύτην
1686 4680 1925 4745 καθέξεν

347 4768 402 4818 εί
440 4765 498 4818 δὲ
528 4766 831 4836 ἀμφιϐολία
861 4767 1052 4834 γέγονε
1090 4766 1221 4837 περὶ
1249 4767 1423 4836 αὐτῆς
1479 4768 1643 4836 μέσον
1685 4769 1930 4838 ἀμφοτέ-

348 4874 465 4927 ρων
494 4857 600 4911 τῶν
633 4858 973 4922 ἐπισκόπων,
1003 4858 1171 4929 μήπω
1209 4859 1308 4929 τῆς
1339 4860 1792 4929 τριακονταετίας
1818 4877 1926 4915 vra.-

354 4947 768 5019 paSpapoﬁclqg,
822 4947 1000 5012 ἔξεστι
1035 4947 1114 5018 τῷ
1140 4949 1374 5017 οἰομένῳ
1428 4948 1733 5002 ἀδικεῖσθαι
1772 4951 1927 5019 παρὰ

347 5043 418 5110 τῇ
481 5039 687 5112 συνόδῳ
718 5041 817 5112 τῆς
861 5041 998 5101 ίδίας
1038 5041 1306 5110 ἐπαρχίας
1332 5038 1459 5111 περὶ
1495 5041 1699 5112 ταύτης
1738 5043 1930 5095 κινεῖν.

923 5130 1162 5183 ΚΑΝΩΝ
1225 5129 1370 5197 Kq'.

356 5242 393 5274 ‹-
432 5222 834 5293 Πρεσϐύτερον,
884 5222 975 5275 τὸν
1024 5221 1165 5274 κατὰ
1220 5221 1443 5289 ἄγνοιαν
1481 5221 1705 5293 ἀθέσμῳ
1768 5223 1933 5295 γάμῳ

434 5334 452 5363 ι
503 5314 900 5384 περιπαρέντα,
936 5312 1204 5379 καθέδρας
1233 5312 1332 5382 μὲν
1379 5315 1651 5383 μετέχειν,
1683 5317 1825 5368 κατὰ
1865 5318 1934 5370 τὰ

438 5426 455 5457 ι
507 5407 611 5458 ὑπὸ
631 5406 725 5459 τοῦ
761 5405 909 5476 ίεροῦ
934 5405 1158 5468 κανόνος
1180 5406 1312 5475 ἡμῖν
1338 5404 1792 5474 νομοθετηθέντα,
1824 5406 1933 5460 τῶν

434 5518 455 5555 σ
499 5501 556 5553 δὲ
578 5500 782 5554 λοιπῶν
833 5499 1122 5571 ἐνεργειῶν
1153 5498 1474 5569 ἀπέχεσθαι.
1516 5484 1793 5569 Ἀρκετδνη
1821 5501 1932 5571 γὰρ

440 5612 462 5645 ‹
509 5592 586 5663 τῷ
637 5593 867 5662 τοιούτῳ
910 5594 943 5663 ἡ
986 5591 1311 5661 συγγνώμη.
1360 5591 1615 5659 Εὑλογεῖν
1645 5591 1701 5644 δὲ
1748 5591 1935 5662 ἓτερον

438 5705 454 5732 ι
504 5683 711 5746 τδντὲι
762 5685 939 5737 οἰκεία
983 5683 1239 5754 τημελεῖν
1287 5682 1570 5751 ὀφείλοντα
1618 5683 1933 5753 τραύματα,

436 5792 461 5826 ι
507 5775 886 5829 ἀνακόλουθον.
932 5774 1166 5842 Εὑλογία
1197 5774 1306 5842 γὰρ
1336 5773 1613 5843 ἀγιασμοῦ
1650 5770 1936 5840 μετάδοσίς

2034 4588 2278 4632 movetur
2312 4575 2556 4631 molestia
2594 4573 2731 4626 intra
2773 4569 2989 4631 triginta
3043 4578 3303 4617 annorum
3350 4558 3600 4628 spatium,

2032 4688 2149 4725 ram
2204 4670 2327 4724 inde
2361 4683 2470 4723 non
2505 4665 2801 4722 movendus
2840 4657 3155 4731 possidebit.
3199 4654 3253 4709 Si
3282 4662 3459 4706 autem
3519 4650 3603 4703 in-

2034 4770 2114 4816 ter
2139 4760 2323 4815 ambos
2357 4757 2643 4827 episcopos
2668 4765 2809 4807 mota
2837 4753 2901 4806 de
2935 4766 2995 4804 ea
3047 4746 3208 4802 fuerit
3236 4740 3605 4799 controversia

2033 4855 2345 4921 priusquam
2371 4848 2589 4920 triginta
2619 4848 2745 4900 anni
2770 4845 2937 4914 elapsi
2967 4841 3196 4905 fuerint,
3228 4838 3353 4893 licet
3396 4835 3468 4898 ei,
3514 4833 3604 4901 Qui

2032 4944 2133 4998 sibi
2161 4942 2411 5013 injuriam
2442 4942 2560 4996 ﬁeri
2597 4948 2746 4993 ratus
2764 4948 2868 5002 est,
2898 4934 3036 5003 apud
3063 4931 3296 5004 prepria:
3321 4926 3610 4999 provinciae

2033 5034 2296 5106 synodum
2325 5031 2590 5087 actionem
2618 5044 2856 5083 movere.

2610 5119 2836 5177 CANON
2874 5116 3060 5175 XXVI.

2043 5237 2060 5268 ι
2124 5215 2507 5285 Presbyterum
2587 5229 2681 5282 per
2737 5210 3097 5282 ignorantiam
3161 5206 3360 5262 illicitis
3409 5200 3608 5270 nuptiis

2117 5328 2133 5359 ι
2169 5308 2499 5376 implicatum
2527 5321 2648 5361 esse
2671 5305 2887 5374 quidem
2935 5302 3205 5358 cathedrae
3246 5295 3559 5369 participem
3590 5330 3607 5355 ,

2116 5419 2132 5448 ι
2174 5397 2467 5451 secundmn
2493 5411 2553 5450 ea
2588 5410 2704 5463 quae
2725 5404 2853 5449 sunt
2880 5394 2933 5447 in
2957 5407 3113 5448 sacro
3137 5401 3346 5465 canoqu
3368 5387 3605 5443 decreta,

2115 5509 2133 5542 ι
2172 5507 2198 5542 a
2243 5487 2463 5556 reliquis
2494 5497 2673 5541 autem
2713 5465 3116 5554 operationibus
3141 5479 3434 5535 abstinere.
3484 5474 3613 5527 Ete-

2116 5602 2133 5634 ι
2172 5584 2276 5636 nim
2307 5582 2397 5635 tali
2431 5580 2564 5637 satis
2588 5590 2694 5645 est,
2728 5581 2770 5634 si
2799 5578 2951 5630 venia
2984 5576 3162 5629 detur.
3196 5570 3267 5628 Ut
3309 5578 3486 5622 autem
3521 5562 3612 5617 alii

2117 5695 2134 5725 ι
2176 5673 2459 5729 henedicat
2484 5674 2575 5743 qui
2625 5672 2785 5728 debet
2837 5685 2936 5724 sua
2991 5681 3183 5722 curare
3224 5663 3445 5716 vulnera
3483 5696 3498 5723 ,
3532 5662 3617 5711 est

2120 5787 2136 5818 ι
2175 5768 2551 5828 incongruum.
2596 5762 2907 5818 Benedictio
2935 5760 3077 5819 enim
3116 5765 3197 5811 est
3227 5749 3619 5810 sanctificatio-7
