4074 6438
478 345 581 412 59]

1732 350 2007 412 ΤΠΕΟΙ).
2054 345 2460 411 BALSAMON

3625 351 3735 415 6M

559 484 580 518 ι
622 464 705 519 nis
733 449 1050 535 impertitio.
1079 464 1181 532 Qui
1221 465 1469 522 autemid
1502 481 1606 523 nan
1642 467 1801 523 habet
1836 478 2053 537 propter

2240 485 2262 515 r
2307 468 2473 519 ἐστιν.
2508 465 2566 519 ’0
2588 464 2643 519 δὲ
2661 458 2820 519 τοῦτο
2841 466 2917 535 μῆ
2942 463 3082 535 ἔχων
3096 462 3183 516 διὰ
3206 461 3268 516 τδ
3295 462 3363 515 ὲκ
3384 459 3478 531 τῆς
3510 462 3735 531 ἀγνοίας

558 572 580 608 σ
618 557 871 611 delictum
915 572 978 611 ex
1009 558 1338 629 ignorantia,
1362 559 1633 628 quomodo
1665 559 1817 613 alteri
1851 558 1903 611 id
1952 559 2054 612 im-

559 661 580 696 ι
617 646 810 712 pertiet
836 644 859 698 ἱ)
888 646 1051 716 186
1084 645 1192 700 Nec
1226 660 1357 716 ergo
1391 648 1603 716 publice
1659 664 1758 703 nec
1800 648 2051 718 privatim

560 753 582 788 ι
624 736 925 801 benedicat,
962 753 1061 793 nec
1094 737 1307 795 Domini
1332 754 1531 808 corpus
1574 740 1696 795 aliis
1745 740 2055 803 distribuat,

561 847 580 879 ι
616 843 713 883 nec
739 829 958 899 aliquod
985 830 1129 885 aliud
1155 832 1512 887 ministerium
1553 832 1735 897 obeat,
1764 833 1858 889 sed
1881 833 2053 901 prima

561 939 580 971 ι
617 921 743 974 sede
767 930 1054 977 contentus
1080 921 1307 978 Domino
1347 922 1561 988 deﬂeat,
1594 932 1653 978 nt
1693 924 1769 978 illi
1800 940 1865 979 ex
1900 925 2059 993 igno-

561 1030 580 1062 ι
615 1014 789 1066 rantis
822 1023 1100 1081 peccatum
1147 1016 1477 1068 remittatur.
1529 1014 1870 1071 Manifestum
1907 1018 2051 1069 enim

560 1125 579 1157 ι
620 1114 726 1170 est,
758 1107 903 1176 quod
956 1107 1220 1161 nefarium
1256 1107 1562 1163 istiusmodi
1596 1108 1904 1177 coniugium
1946 1109 2056 1164 dis—

561 1216 582 1250 σ
620 1199 879 1263 solvetur,
913 1212 1013 1253 nec
1042 1200 1124 1253 vir
1153 1213 1274 1253 cum
1300 1212 1362 1253 ea
1387 1198 1504 1253 ullo
1553 1200 1712 1253 modo
1760 1210 2057 1255 consuetu-

562 1308 581 1341 ι
619 1290 795 1344 dinem
820 1290 1063 1358 habebit,
1096 1305 1192 1361 per
1228 1305 1388 1361 quam
1410 1307 1563 1347 sacra
1593 1292 1910 1361 operatione
1942 1291 2057 1361 pri-

556 1398 575 1429 ι
612 1391 767 1435 vatus
795 1392 897 1435 est.
954 1400 972 1432 ι

557 1472 750 1526 BALS.
786 1474 1031 1528 Canones
1060 1472 1365 1530 Neocazsar.
1407 1489 1527 1545 syn.
1560 1483 1687 1532 ante
1731 1486 2055 1543 praesentem

485 1566 748 1631 synodum
782 1568 968 1635 scripti
1004 1578 1152 1622 sunt.
1176 1566 1470 1637 Propterea
1519 1567 1663 1623 enim
1708 1578 1764 1624 et
1815 1583 2056 1639 praesens

486 1670 658 1709 canon
696 1656 906 1710 illorum
942 1658 1348 1726 compositionis
1389 1659 1654 1722 meminit,
1690 1658 1883 1715 dicens
1913 1674 2056 1715 nono

484 1746 625 1801 illius
656 1748 843 1816 synodi
877 1748 1073 1802 canoni
1102 1757 1517 1819 consequenter,
1578 1766 1683 1805 non
1743 1749 1906 1807 licere
1955 1752 2005 1806 ei
2036 1792 2052 1817 ,

482 1837 573 1905 qui
613 1853 710 1907 per
741 1839 1099 1906 ignorantiam
1132 1855 1243 1893 suat
1269 1851 1509 1897 coartata:
1566 1841 1804 1911 legitime
1825 1843 2054 1914 conjun.

482 1942 603 1985 ctus
636 1937 737 1996 est,
761 1939 813 1985 et
847 1934 1103 1988 sacerdos
1135 1942 1315 2003 postea
1346 1933 1516 1990 factus
1542 1973 1557 2001 ,
1586 1933 1925 2015 oti'erretvel
1957 1936 2056 1990 ali-

481 2022 610 2087 quid
638 2024 782 2077 aliud
815 2025 1152 2079 sacerdotale
1188 2039 1471 2093 exercere;
1507 2028 1602 2083 sed
1652 2028 1770 2083 sola
1798 2027 2053 2084 cathedra

481 2117 702 2184 dignum
728 2117 965 2180 censeri,
993 2119 1248 2187 quoniam
1281 2134 1396 2175 non
1424 2136 1490 2175 ex
1514 2120 1743 2177 scientia
1773 2161 1789 2187 ,
1827 2123 1921 2178 sed
1955 2137 2055 2192 per

482 2209 845 2275 ignorantiam
878 2211 1140 2278 peccavit.
1184 2210 1353 2268 Porro
1386 2221 1442 2267 et
1487 2213 1743 2268 cathedra
1794 2222 1923 2269 tunc
1968 2214 2056 2269 di-

481 2312 617 2363 guns
641 2299 939 2367 putabitur,
961 2301 1178 2369 quando
1199 2302 1267 2356 ab
1295 2302 1482 2358 illicito
1503 2304 1755 2374 coniugio
1778 2306 2057 2373 seiunctus

480 2388 665 2451 fuerit,
700 2395 756 2444 et
785 2390 1116 2458 paenitentia
1139 2406 1303 2461 opera
1330 2394 1629 2450 ostenderit
1655 2433 1673 2460 ,
1697 2411 1816 2464 quae
1866 2397 2057 2452 suade-

480 2476 710 2539 hnntut
743 2480 926 2536 mitius
953 2495 1073 2536 cum
1107 2496 1171 2536 eo
1206 2494 1422 2553 agatur.
1468 2484 1523 2539 Si
1569 2486 1712 2541 enim
1754 2487 1822 2542 ab
1872 2489 2056 2544 illicito

483 2572 739 2642 coningio
767 2588 873 2629 non
902 2585 1205 2643 separatur,
1240 2581 1536 2647 ignorantia
1568 2580 1707 2636 nihil
1728 2582 1774 2635 ei
1794 2584 2052 2652 proderit;

480 2666 576 2721 sed
607 2682 634 2719 a
667 2667 1017 2737 magistratus
1053 2678 1318 2739 potestate
1346 2681 1401 2727 et
1461 2674 1862 2731 matrimonium
1895 2678 2056 2733 illici-

481 2769 593 2812 tum
625 2761 973 2818 dissolvetur.
1004 2762 1129 2818 liam
1161 2745 1342 2820 autem
1374 2780 1438 2820 ex
1470 2781 1542 2822 eo
1571 2776 1832 2836 apparent
1854 2808 1870 2834 ,
1911 2772 2055 2839 quod

482 2852 614 2906 dicit
643 2867 850 2909 canon:
875 2853 980 2909 Sed
1015 2857 1183 2922 prima
1206 2857 1333 2911 sede
1361 2867 1668 2926 contentus,
1704 2861 1930 2917 Domino
1957 2863 2056 2920 de-

478 2940 639 3006 ﬂeat;
671 2953 727 2998 et
751 2958 815 2997 ex
839 2959 903 2999 eo
929 2946 1075 3015 quod
1102 2947 1269 3002 dicit:
1306 2946 1514 3017 Nuptiae
1545 2960 1722 3008 autem
1754 2952 2053 3012 dissoiven-

483 3045 590 3088 tur.
626 3032 797 3090 Porro
817 3044 872 3090 et
901 3052 1077 3093 nonus
1110 3053 1282 3094 canon
1316 3040 1619 3099 Neocaesar.
1656 3059 1797 3116 syn.,
1835 3056 2055 3118 propter

481 3125 627 3180 aliud
662 3127 777 3195 ejus
815 3128 905 3197 qui
933 3129 1211 3199 depositus
1241 3141 1325 3189 est
1361 3134 1620 3201 studium,
1655 3152 1776 3193 eum
1812 3139 1865 3194 in
1932 3140 2057 3194 reli-

480 3218 602 3281 quis
627 3232 839 3286 quoque
889 3234 1105 3275 manere
1151 3220 1326 3291 jubet.
1385 3222 1578 3289 Quare
1630 3234 1685 3281 et
1736 3227 2055 3285 vicesimum

481 3308 770 3374 septimum
831 3324 1094 3365 canonem
1156 3313 1327 3367 sancti
1394 3312 1607 3383 Basilii,
1633 3322 1688 3373 et
1737 3319 2055 3377 vicesimum

479 3400 717 3467 primum
758 3402 1041 3467 praesentis
1065 3403 1280 3474 synodi.
1316 3403 1610 3475 Postquam
1639 3418 1818 3464 autem
1863 3414 2059 3467 matri-

485 3491 727 3545 monium
795 3490 1043 3548 illicitum
1106 3510 1171 3550 ex
1227 3495 1421 3550 eli‘ectu
1473 3490 1783 3567 appa'rnerit
1841 3513 2058 3571 propter

479 3574 878 3650 cegnationem,
908 3584 954 3639 is
982 3586 1073 3654 qui
1110 3596 1401 3656 postquam
1447 3591 1728 3646 resciverit
1760 3594 1811 3646 in
1833 3607 2055 3659 peccato

478 3683 787 3741 permanet,
817 3691 920 3729 non
944 3676 1117 3730 solum
1157 3678 1411 3733 cathedra
1438 3680 1632 3750 dignus
1688 3697 1796 3736 non
1837 3694 2057 3753 reputa-

479 3764 648 3831 hitur,
689 3765 783 3820 sed
823 3756 991 3819 etiam
1036 3776 1292 3835 tanquam
1350 3769 1589 3825 incestus
1623 3787 1747 3827 rens
1781 3774 2056 3842 punietur,

482 3871 587 3910 non
619 3872 775 3912 secus
799 3872 861 3911 ac
883 3858 1026 3913 laici.
1065 3858 1377 3914 Diciteuim
1407 3860 1544 3917 liber
1581 3878 1672 3928 ωε,
1699 3864 1781 3919 tit.
1818 3865 1888 3920 37
1921 3906 1936 3931 ,
1997 3882 2049 3921 c.

478 3949 570 4017 41,
598 3951 744 4006 decr.
780 3951 812 4006 θ
847 3969 863 4007 :
903 3951 1105 4008 lllicita‘:
1149 3956 1347 4024 nuptiae
1392 3972 1500 4012 non
1545 3959 1978 4026 conﬁrmantur,’
2001 3970 2055 4016 et

477 4056 783 4117 propterea,
804 4048 848 4102 si
879 4058 1004 4103 ante
1030 4049 1426 4105 accusationem
1451 4051 1874 4121 solutaal'uerint,
1896 4070 2054 4124 poena

480 4139 796 4193 remittitur.
846 4137 912 4193 Et
952 4140 1157 4197 decret.
1214 4141 1283 4197 7:
1338 4142 1397 4209 In,
1450 4144 1641 4200 illicito
1681 4146 2049 4215 matrimonio,

476 4226 618 4292 quod
647 4240 740 4292 per
779 4227 1136 4295 ignorantiam
1168 4241 1506 4287 contractum
1551 4241 1656 4297 est,
1692 4237 1783 4289 dat
1840 4236 2052 4292 veniam

476 4325 670 4370 natura
704 4327 757 4371 et
785 4328 919 4372 tetas
938 4328 992 4373 et
1018 4322 1220 4389 peccati
1250 4323 1558 4379 correctio:
1618 4333 1675 4379 et
1721 4328 1955 4383 maxime
2003 4330 2050 4385 si

477 4406 603 4472 quis
638 4410 877 4463 nomium
914 4410 1089 4480 ipsum
1124 4423 1502 4472 accusaverat.

548 4494 799 4555 LOIVAB.
835 4498 936 4565 Qui
971 4502 1024 4555 in
1054 4515 1253 4572 corpus
1279 4518 1433 4559 suum
1461 4506 1788 4573 peccaverit,
1823 4521 1888 4563 ac
1945 4524 2050 4569 or-.

475 4585 691 4640 dinibus
723 4598 907 4657 postea
938 4590 1221 4661 insignitus
1272 4592 1471 4659 fuerit,
1527 4597 1674 4666 quod
1713 4613 1781 4654 ne
1818 4598 2048 4668 offerat,

476 4679 619 4730 inter
651 4679 886 4749 reliquos
925 4691 1146 4751 pr0pter
1173 4683 1316 4738 aliud
1351 4685 1586 4740 studium
1623 4704 1871 4757 manens,
1909 4693 2050 4747 Neo-

475 4772 813 4828 οωεειιὶειιείς
840 4776 1027 4844 synodi
1058 4789 1200 4829 nono
1229 4790 1434 4835 canone
1470 4781 1821 4838 constitutum
1856 4794 1955 4840 est.
1987 4786 2051 4841 Et

479 4878 709 4928 magnus
742 4864 977 4945 Basilius
1007 4865 1076 4918 27
1110 4882 1256 4934 can.,
1290 4868 1441 4935 cujus
1479 4872 1567 4926 hic
1610 4888 1827 4945 quoque
1863 4879 2052 4932 memi-

477 4956 577 5017 nit,
611 4956 699 5022 qni
735 4970 796 5011 se
815 4936 1005 5012 .vetitis
1053 4959 1253 5026 nuptiis
1314 4961 1516 5017 inscius
1571 4964 1897 5034 illigaverit,
1938 4961 2052 5023 solo

476 5046 751 5102 cathedrae
779 5049 983 5105 honore
1006 5065 1289 5119 concesso,
1322 5070 1349 5108 a
1388 5057 1608 5123 reliquis
1628 5072 1904 5114 sacrorum
1935 5077 2052 5115 mu-

2235 576 2257 607 ιΔ
2304 558 2661 628 παράπτωμα
2697 558 2815 620 πῶς
2862 556 3039 627 ἑτέρῳ
3073 553 3407 624 μεταδώσει;
3432 553 3524 623 Μὴ
3550 553 3737 607 τοίνυν

2240 671 2255 699 ι
2306 649 2549 720 δημοσίᾳ·
2573 650 2709 719 μήτε
2734 648 2839 720 ἰδίᾳ
2866 648 3178 715 εὐλογείτω,
3204 648 3340 717 μήτε
3362 646 3423 699 τὸ
3447 646 3608 715 σῶμα
3636 643 3735 699 τοῦ

2234 760 2252 789 ι
2302 741 2505 811 Κυρίου
2541 741 2847 809 ἃανεμέτω
2878 740 3109 809 ἑτέροις,
3154 739 3292 808 μήτε
3349 755 3403 790 τι
3461 737 3732 792 ἀλλολει-

2233 854 2248 882 ι
2301 832 2599 903 τουργείτω
2617 850 2630 865 ο
2658 833 2775 887 ἀλλ’
2804 833 3144 903 ἀρκούμενος
3169 833 3239 900 τῇ
3275 828 3541 900 προεδρίᾳ
3563 846 3734 898 προσ.

2236 946 2253 977 ι
2300 926 2533 980 κλαιέτω
2577 927 2656 997 τῷ
2684 927 2876 1005 Κυρίῳ
2923 924 3347 995 συγχωρηθῆναι
3384 921 3537 992 αὐτῷ
3560 922 3622 975 τὸ
3668 924 3733 975 ἐκ

2232 1037 2257 1068 r
2295 1018 2394 1087 τῆς
2415 1018 2636 1086 ἀγνοίας
2663 1018 2945 1087 ἀνόμημα.
2976 1016 3245 1087 Πρόδηλον
3274 1014 3382 1084 γὰρ
3405 1013 3478 1075 ὡς
3503 1014 3530 1066 6
3555 1012 3734 1065 τοιοῦ-

2233 1129 2251 1159 ι
2299 1127 2389 1172 τος
2418 1109 2656 1179 ἀθεσμος
2687 1110 2865 1178 γάμος
2888 1107 3296 1177 διαλυθήσεται,
3347 1105 3440 1157 καὶ
3468 1104 3729 1173 οὐδαμῶς

2233 1219 2251 1251 ι
2299 1200 2492 1271 όάνήρ
2536 1200 2835 1271 μετουσίαν
2873 1200 2986 1253 ἕξει
3034 1200 3171 1269 πρὸς
3216 1200 3337 1271 τὴν,
3390 1199 3461 1253 δι’
3514 1200 3584 1269 ἣν
3632 1200 3741 1268 τῆς.

2230 1307 2249 1339 ι
2300 1290 2450 1359 ἱερᾶς
2479 1290 2763 1360 ἐνεργείας
2793 1290 3102 1361 ἐπέρηται.
3149 1310 3168 1343 ι

2226 1470 2427 1524 ΒΑΑΣ.
2464 1470 2530 1525 0t
2563 1471 2790 1535 κανόνες
2815 1470 2914 1541 τῆς
2957 1472 3014 1525 tv
3062 1472 3464 1545 Νεοκαισαρείᾳ
3513 1474 3743 1529 συνόδου

2157 1562 2265 1631 πρὸ
2284 1562 2382 1632 τῆς
2410 1564 2695 1635 παρούσης
2717 1564 2939 1620 συνόδου
2960 1566 3019 1632 ἐγ
3031 1566 3298 1637 ράφησαν.
3325 1567 3427 1621 Διά
3445 1568 3553 1638 γὰρ
3577 1568 3738 1623 τοῦτο

2156 1655 2254 1709 καὶ
2299 1654 2575 1726 μέμνηται
2604 1657 2633 1708 6
2664 1657 2861 1728 παρὼν
2906 1660 3089 1711 κανὼν
3131 1659 3232 1728 τῆς
3280 1659 3559 1732 συνθήκης
3588 1662 3735 1714 ὲκεί-

2156 1763 2281 1811 νων,
2322 1748 2495 1817 λέγων
2541 1749 2853 1814 ἀκολούθως
2883 1751 2961 1820 τῷ
3013 1748 3057 1804 θ’
3109 1751 3299 1805 κανόνι
3354 1752 3454 1823 τῆς
3504 1752 3740 1807 συνόδου

2158 1839 2378 1906 ὲκείνης
2398 1840 2472 1911 μὴ
2499 1841 2645 1911 ἔχειν
2668 1841 2755 1895 ἐπ’
2781 1841 2967 1905 ἀδείας
2982 1840 3073 1895 τὸν
3096 1843 3161 1895 tv
3178 1842 3374 1913 ἀγνοίᾳ
3398 1845 3538 1913 μετά
3562 1860 3737 1915 προσ·

2156 1929 2348 1998 γενοῦς
2387 1932 2554 1986 αὑτοῦ
2601 1934 2852 2003 νομίμως
2879 1933 3248 2001 συναφθέντα,
3272 1936 3370 1988 καὶ
3394 1935 3533 2005 μετά
3553 1934 3737 2001 τοῦτο,

2157 2018 2477 2094 ἱερωθέντα,
2500 2023 2851 2096 προσφέρειν,
2879 2025 2911 2097 ἢ
2938 2024 3070 2079 ἀλλο
3091 2042 3140 2097 τι
3168 2025 3442 2095 ἱερατικὸν
3461 2027 3733 2097 ὲνεργεϊν⁸

2159 2117 2329 2186 μόνης
2356 2116 2414 2169 δὲ
2464 2117 2733 2188 καθέδρας
2762 2118 3044 2183 ἀξιοῦσθαι
3090 2115 3181 2172 διὰ
3206 2117 3376 2189 τὸνμὴ
3400 2117 3477 2173 tv
3494 2118 3743 2191 'eieﬁast,

2155 2207 2273 2262 ἀλλ’
2297 2210 2355 2261 tv
2375 2208 2569 2279 ἀγνοίᾳ
2597 2209 2938 2279 ἀμαρτῆσαι.
2968 2210 3075 2264 Καὶ
3099 2210 3197 2279 τῆς
3224 2210 3494 2281 καθέδρας
3524 2210 3582 2265 δὲ
3610 2211 3741 2278 τότε

2157 2298 2548 2369 ἀξιωθήσεται,
2580 2300 2670 2353 ὅτε
2698 2299 2792 2353 τοῦ
2824 2299 3066 2370 ἀθέσμου
3117 2299 3458 2353 συνοικεσίου
3489 2300 3739 2371 ἀποστῇ,

2157 2391 2254 2445 καὶ
2283 2390 2437 2462 δείξῃ
2480 2390 2617 2460 ἔργα
2650 2390 2969 2460 μετανοίας,
3013 2390 3437 2460 παρακαλοῦντα
3478 2391 3737 2459 γενέσθαι

2160 2483 2614 2553 συμπαθέστερόν
2648 2501 2700 2536 τι
2732 2485 2825 2536 ἐπὶ
2854 2483 3025 2555 αὐτῷ.
3052 2486 3115 2538 ΕΙ
3141 2485 3250 2555 γάρ
3278 2484 3462 2553 ἔχεται
3491 2484 3588 2538 τοῦ
3609 2484 3739 2539 ἀθέ-

2160 2594 2298 2647 σμου
2321 2578 2502 2646 γάμου
2525 2576 2665 2648 (90),
2684 2577 2771 2629 διά
2796 2577 2895 2645 τὴν
2920 2578 3144 2645 ἄγνοιαν
3163 2578 3263 2631 ούκ
3290 2577 3731 2648 ὠφεληθήσεται,

2157 2670 2273 2723 ἀλλ’
2296 2670 2401 2722 ὑπδ
2442 2668 2773 2739 ἀρχοντικῆς
2802 2670 3052 2734 ἐξουσίας
3085 2670 3181 2724 καί
3212 2671 3239 2723 6
3278 2669 3520 2740 ἀθεσμος
3552 2674 3735 2741 γάμος

2157 2761 2447 2831 λυθήσεται
2484 2762 2618 2832 (9i).
2653 2760 2839 2814 Ταῦτα
2878 2762 2935 2814 δὲ
2979 2762 3334 2831 ἀναφαίνεται
3368 2764 3474 2817 ἀπὸ
3514 2762 3607 2817 τοῦ
3640 2764 3729 2818 λέ-

2157 2868 2274 2921 γειν
2292 2853 2381 2906 τὸν
2403 2853 2627 2907 κανόναο
2650 2852 2791 2905 Ἀλλ’
2815 2852 3152 2922 ἀρκούμενος
3174 2856 3237 2924 τῇ
3262 2854 3542 2925 προεδρίᾳ,
3566 2872 3735 2924 προσι

2157 2940 2389 2996 κλαιέτω
2425 2940 2502 3011 τῷ
2542 2941 2730 3013 Κυρίῳ
2760 2959 2773 2973 ·
2809 2944 2899 2997 καὶ
2930 2942 3039 2996 ἀπὸ
3069 2942 3163 2995 τοῦ
3214 2945 3412 2997 εἰπεῖν·
3461 2943 3524 2999 Ὀ
3546 2944 3603 2997 δὲ
3632 2946 3735 3013 γά-

2161 3050 2262 3104 μος
2319 3034 2715 3106 διαλυθήσεται.
2754 3035 2909 3088 Καὶὸ
2941 3031 2993 3087 θ’
3034 3034 3091 3087 δὲ
3126 3034 3306 3087 κανὼν
3352 3034 3452 3104 τῆς
3491 3037 3550 3088 tv
3591 3035 3734 3088 Νεο-

2080 3118 2130 3182 C
2163 3126 2455 3196 καισαρείᾳ
2481 3126 2727 3193 συνόδου,
2757 3125 2843 3180 διά
2869 3128 2968 3195 τὴν
2998 3125 3165 3197 ἀλλην
3199 3126 3438 3196 σπουδὴν
3468 3126 3737 3198 καθαιρεο

2159 3214 2341 3279 θέντος
2374 3216 2510 3284 (92),
2558 3217 2740 3285 μένειν
2788 3215 2952 3269 αὐτὸν
2994 3217 3053 3269 tv
3087 3216 3200 3279 τοῖς
3247 3215 3457 3279 λοιποῖς
3486 3233 3741 3286 παρακει-

2157 3308 2398 3363 λεύεται.
2436 3310 2597 3375 Ζήτει
2623 3308 2718 3361 καὶ
2750 3308 2842 3362 τὸν
2875 3306 2961 3373 κζ’
3018 3308 3221 3363 κανόνα
3252 3307 3347 3361 τοῦ
3387 3308 3541 3376 ἁγίου
3568 3306 3735 3362 Bact-

2157 3400 2325 3466 λείου,
2354 3400 2449 3454 καὶ
2474 3400 2566 3453 τὸν
2596 3398 2682 3453 κα¹
2720 3400 2821 3468 τῆς
2846 3399 3130 3470 παρούσης
3149 3400 3391 3453 συνόδου.
3416 3399 3523 3453 Τοῦ
3547 3401 3731 3469 γάμου

2156 3492 2215 3546 δὲ
2250 3492 2357 3545 ἀπὸ
2404 3493 2737 3559 τελέσματος
2771 3490 3016 3559 ἀθέσμου
3069 3492 3445 3561 ἀναφανέντος
3489 3492 3579 3545 διὰ
3626 3492 3731 3562 τὴν

2159 3581 2501 3648 συγγένειαν,
2536 3583 2564 3633 6
2596 3582 2734 3649 μετά
2768 3580 2974 3649 εῐδησιν
3008 3581 3372 3651 ἐπιμένωντῇ
3397 3581 3647 3651 ἁμαρτίᾳ
3669 3580 3737 3634 οὐ

2161 3673 2323 3744 μόνον
2355 3671 2623 3741 καθέδρας
2645 3672 2744 3724 οὐκ
2772 3670 3165 3741 ἀξιωθήσεται,
3193 3672 3335 3725 ἀλλά
3359 3672 3455 3726 καὶ
3475 3671 3553 3735 ὡς
3575 3672 3732 3741 αίμο.

2161 3765 2359 3835 μίκτης
2391 3764 2838 3835 τιμωρηθήσεται
2874 3763 3017 3818 κατὰ
3050 3763 3290 3826 λαῖκούς.
3333 3764 3473 3832 Φησὶ⁷
3511 3763 3622 3835 γὰρ
3648 3764 3733 3834 βι-

2156 3860 2305 3913 6λίον
2338 3856 2381 3925 ξ’
2424 3856 2589 3927 τίτλῳ
2624 3854 2725 3922 λζ’,
2758 3872 2881 3925 κεφ.
2944 3860 3056 3925 μα’,
3100 3854 3293 3925 θέματι
3329 3861 3407 3920 ς-ὀ
3446 3855 3505 3909 Ὀ
3541 3855 3737 3926 ἀθέμιε

2156 3968 2248 4016 τος
2293 3951 2469 4020 γάμος
2500 3951 2559 4003 ού
2595 3948 2936 4019 βεϐαιοῦται·
2984 3948 3081 4002 καὶ
3124 3947 3213 4001 διά
3258 3947 3437 4013 τοῦτο,
3490 3947 3588 4001 ἐὰν
3625 3948 3734 4019 πρὸ

2156 4042 2495 4114 κατηγορίας
2523 4041 2685 4110 λυθῇ,
2736 4042 3101 4110 συγχωρεῖται
3128 4041 3159 4110 ή
3190 4040 3376 4110 ποινήο
3410 4041 3505 4094 καὶ
3532 4042 3734 4111 θέματι

2156 4137 2223 4200 ζ”
2279 4136 2403 4188 Ἐπὶ
2440 4133 2535 4189 τοῦ
2569 4136 2625 4186 tv
2656 4133 2852 4203 ἀγνοίᾳ
2900 4132 3206 4201 γενομένου
3255 4131 3518 4201 ἀθεμίτου
3548 4133 3730 4199 γάμου

2154 4225 2337 4282 δίδωσι
2392 4225 2724 4294 συγγνώμην
2753 4223 2916 4291 φύσις
2948 4225 3040 4276 καὶ
3073 4222 3260 4293 ήλικία
3308 4222 3401 4276 καὶ
3429 4223 3462 4292 ἡ
3494 4222 3732 4291 ἐπανόρ-

2155 4320 2321 4383 θωσις
2370 4318 2465 4372 τοῦ
2490 4316 2919 4387 ἁμαρτήματος*
2952 4315 3045 4368 καὶ
3098 4314 3336 4384 μάλιστα
3363 4317 3411 4367 εί
3447 4316 3615 4386 μήπω
3646 4330 3731 4378 τις

2074 4449 2129 4511 D
2154 4414 2315 4469 αὐτὸν
2342 4411 2743 4511 κατηγόρησενῖ

2235 4502 2483 4561 ΖΩΝΛΡ.
2516 4503 2631 4556 Καὶ
2666 4502 2695 4553 6
2728 4500 2949 4563 ἔννατος
2981 4498 3163 4553 κανὼν
3191 4500 3289 4568 τῆς
3321 4500 3378 4552 tv
3428 4500 3737 4554 Νεοκαισα-

2162 4597 2286 4670 ρείᾳ
2317 4593 2539 4647 συνόδου
2563 4592 2693 4663 περὶ
2737 4590 3127 4660 ἡμαρτηκότος
3157 4593 3213 4643 tv
3246 4589 3459 4657 σώματι
3494 4591 3588 4643 καὶ
3617 4607 3734 4660 χει-ρ

2161 4686 2541 4761 ροτονηθέντος
2572 4682 2756 4753 φησιν,
2789 4681 2871 4733 ὅτι
2900 4681 2992 4750 Μὴ
3039 4682 3419 4752 προσφερέτω,
3473 4681 3649 4748 μένων
3677 4683 3735 4735 ἐν

2157 4783 2271 4843 τοῖς
2291 4781 2505 4840 λοιποῖς
2530 4776 2620 4829 διά
2648 4775 2748 4845 τὴν
2778 4774 2946 4841 ἀλλην
2977 4774 3237 4843 σπουδήν.
3290 4774 3400 4826 Καὶ
3430 4775 3458 4828 6
3487 4776 3736 4838 είκοστδς

2156 4873 2381 4942 ἕϐδομος
2412 4868 2505 4922 τοῦ
2544 4866 2781 4936 μεγάλου
2807 4866 3089 4919 Βασιλεὶου
3113 4865 3293 4920 κανὼν
3321 4865 3450 4935 περὶ
3481 4867 3576 4919 τοῦ
3606 4868 3736 4919 ἀθέ-

2161 4982 2282 5036 σμῳ
2315 4962 2480 5033 γάμῳ
2522 4958 2924 5029 περιπαρέντος
2954 4959 3010 5011 tv
3040 4958 3231 5028 ἀγνοίᾳ
3263 4958 3400 5026 φησι
3456 4956 3732 5028 καθέδρας

2161 5058 2260 5126 μὲν
2284 5054 2375 5109 τὸν
2406 5052 2652 5106 τοιοῦτον
2681 5051 2956 5122 μετέχειν,
2990 5050 3098 5103 τῶν
3123 5051 3179 5103 δὲ
3213 5050 3417 5104 λοιπῶν
3440 5050 3735 5119 ἐνεργειῶν

1726 5176 1922 5237 Guill.
1962 5175 2296 5256 Bevcregii
2323 5180 2511 5236 Ποία».

553 5301 663 5363 (9οι
694 5301 759 5353 Εἰ
790 5302 898 5373 7:pr
928 5301 1127 5371 ἔχεται
1158 5304 1264 5356 τοῦ
1300 5304 1569 5363 ἀθέσμου
1600 5304 1809 5373 γάμου.
1848 5307 2053 5373 Lugen-

480 5373 607 5425 dum
646 5379 754 5435 cst,
788 5371 1058 5442 ἐξέχεται,
1084 5373 1241 5440 juxta
1269 5392 1401 5428 mss.
1435 5371 1623 5428 Aiton.
1674 5371 1726 5428 et
1782 5371 2053 5432 Atncrba-

477 5443 758 5497 cltiannm.

553 5513 664 5581 (9!)
696 5514 797 5565 Καὶ
829 5515 861 5569 ὁ
885 5514 1146 5582 ἅθεσμος
1175 5516 1359 5582 γάμος
1398 5513 1749 5581 λυθήσεται.
1796 5514 1921 5569 Post
1949 5517 2048 5571 ista

480 5585 644 5635 verba
677 5583 728 5635 in
751 5584 993 5639 editione
1015 5585 1335 5639 l’arisivnsi.
1366 5585 1477 5638 lure
1512 5585 1781 5650 leguntur,
1805 5587 1895 5639 καὶ
1918 5587 2039 5639 οὐδὲ

476 5654 643 5720 τιμῆς
701 5651 734 5719 ἦ
784 5655 1054 5722 καθέδρας
1110 5655 1496 5720 ἀξιωθήσεται’
1553 5656 1645 5706 καὶ
1700 5657 1727 5706 6
1760 5654 1804 5707 0'
1849 5656 1905 5709 δὲ
1950 5674 2048 5707 και

480 5722 698 5793 νώνηΕι
734 5722 912 5790 priora
932 5724 1164 5793 quidem
1197 5724 1380 5783 verba,
1408 5725 1522 5777 sril.
1549 5725 1639 5776 καὶ
1671 5725 1790 5779 οὐδὲ
1821 5725 1985 5793 τιμῆς
2011 5728 2042 5793 ἦ

483 5791 746 5861 καθέδρας
786 5792 1169 5864 ἀξιωθήσεται,
1198 5795 1249 5847 in
1281 5811 1409 5849 mss.
1445 5795 1767 5851 Ametbach.
1798 5804 1850 5851 et
1882 5791 2045 5852 ᾏίΕιυὲ

2163 5309 2338 5362 niensi
2381 5307 2669 5375 leguntur,
2722 5316 2938 5375 necnon
2990 5298 3044 5375 in
3085 5295 3340 5375 Tilia-to:
3403 5297 3732 5375 posteriora,

2165 5366 2505 5434 ιιίιιιὶτυιιιῖό
2537 5373 2579 5424 θ’
2612 5372 2666 5423 δὲ
2707 5371 2907 5430 κανών,
2955 5368 3316 5421 :tl).otnnilnts
3350 5376 3407 5419 ttt
3457 5366 3733 5435 superﬂua

2158 5458 2212 5503 et
2242 5461 2465 5501 sensum
2500 5441 2873 5512 pcrtnrhantia
2903 5440 3250 5512 reﬁciuntur.

2233 5519 2344 5586 (92)
2380 5506 2675 5586 Σπουδὴς
2702 5508 3189 5586 κίιθειιρηριιένειόςΖ
3218 5506 3314 5559 Ms.
3336 5507 3731 5586 Anterhachia-

2155 5575 2261 5642 nus
2297 5575 2444 5657 legit,
2486 5575 2726 5657 σπουδήν
2749 5575 3311 5657 τούςκαθαιρηθῇναι.
3375 5575 3563 5657 _L_i'ti_ct
3603 5592 3731 5657 tuo:

2155 5645 2377 5725 postea:
2427 5645 2527 5726 pro
2587 5645 2695 5706 ἀπδ
2754 5645 3116 5720 τελέσματος,
3173 5646 3317 5717 legit,
3370 5645 3432 5711 ἐξ
3473 5645 3731 5701 ἀποτελέ-

2156 5745 2377 5799 σματος.
