  <div class='ocr_page' id='page_1' title='image "/cluster/home/n/w/nwhite01/storage/ocr_20150623/137:no.1/coo.31924054870427/309.png"; bbox 0 0 4074 6382; ppageno 0'>
   <div class='ocr_carea' id='block_1_1' title="bbox 410 305 544 371">
    <p class='ocr_par' dir='ltr' id='par_1_1' title="bbox 410 305 544 371">
     <span class='ocr_line' id='line_1_1' title="bbox 410 305 544 371; baseline 0.03 -4"><span class='ocrx_word' id='word_1_1' title='bbox 410 305 520 370; x_wconf 79' lang='lat'><strong>603</strong></span> <span class='ocrx_word' id='word_1_2' title='bbox 536 364 544 371; x_wconf 92' lang='lat'><strong>.</strong></span> 
     </span>
    </p>
   </div>
   <div class='ocr_carea' id='block_1_2' title="bbox 1672 319 2402 387">
    <p class='ocr_par' dir='ltr' id='par_1_2' title="bbox 1672 319 2402 387">
     <span class='ocr_line' id='line_1_2' title="bbox 1672 319 2402 387; baseline 0.014 -9"><span class='ocrx_word' id='word_1_3' title='bbox 1672 319 1778 379; x_wconf 89' lang='grc' dir='ltr'><strong>ΤΗ</strong></span> <span class='ocrx_word' id='word_1_4' title='bbox 1783 320 1950 383; x_wconf 91' lang='lat' dir='ltr'><strong>EOD.</strong></span> <span class='ocrx_word' id='word_1_5' title='bbox 1996 320 2296 386; x_wconf 80' lang='lat' dir='ltr'><strong>BALSAM</strong></span> <span class='ocrx_word' id='word_1_6' title='bbox 2303 326 2402 387; x_wconf 87' lang='lat' dir='ltr'><strong>ON</strong></span> 
     </span>
    </p>
   </div>
   <div class='ocr_carea' id='block_1_3' title="bbox 3573 334 3681 398">
    <p class='ocr_par' dir='ltr' id='par_1_3' title="bbox 3573 334 3681 398">
     <span class='ocr_line' id='line_1_3' title="bbox 3573 334 3681 398; baseline 0.009 -1"><span class='ocrx_word' id='word_1_7' title='bbox 3573 334 3681 398; x_wconf 70' lang='grc' dir='ltr'><strong>σοι</strong></span> 
     </span>
    </p>
   </div>
   <div class='ocr_carea' id='block_1_4' title="bbox 406 424 1985 513">
    <p class='ocr_par' dir='ltr' id='par_1_4' title="bbox 406 424 1973 490">
     <span class='ocr_line' id='line_1_4' title="bbox 406 424 1973 490; baseline 0.006 -15"><span class='ocrx_word' id='word_1_8' title='bbox 406 436 753 490; x_wconf 75' lang='lat' dir='ltr'><strong>nequaquam</strong></span> <span class='ocrx_word' id='word_1_9' title='bbox 792 424 1124 480; x_wconf 74' lang='lat' dir='ltr'><strong>conveniens</strong></span> <span class='ocrx_word' id='word_1_10' title='bbox 1159 434 1262 488; x_wconf 85' lang='lat' dir='ltr'><strong>est,</strong></span> <span class='ocrx_word' id='word_1_11' title='bbox 1318 440 1421 482; x_wconf 88' lang='lat' dir='ltr'><strong>nec</strong></span> <span class='ocrx_word' id='word_1_12' title='bbox 1468 436 1649 484; x_wconf 77' lang='lat' dir='ltr'><strong>vestes</strong></span> <span class='ocrx_word' id='word_1_13' title='bbox 1695 430 1973 485; x_wconf 91' lang='lat' dir='ltr'><strong>militum:</strong></span> 
     </span>
    </p>
   </div>
   <div class='ocr_carea' id='block_1_5' title="bbox 2090 424 3696 513">
    <p class='ocr_par' dir='ltr' id='par_1_5' title="bbox 2090 436 3696 513">
     <span class='ocr_line' id='line_1_5' title="bbox 2090 436 3696 513; baseline 0.009 -28"><span class='ocrx_word' id='word_1_14' title='bbox 2090 438 2150 488; x_wconf 74' lang='grc' dir='ltr'>τὰ</span> <span class='ocrx_word' id='word_1_15' title='bbox 2178 436 2290 489; x_wconf 84' lang='grc' dir='ltr'>τῶν</span> <span class='ocrx_word' id='word_1_16' title='bbox 2339 437 2691 507; x_wconf 74' lang='grc' dir='ltr'><strong>στρατιωτῶν</strong></span> <span class='ocrx_word' id='word_1_17' title='bbox 2732 437 3004 508; x_wconf 75' lang='grc' dir='ltr'>ἐνδύματα</span> <span class='ocrx_word' id='word_1_18' title='bbox 3030 437 3262 496; x_wconf 74' lang='grc' dir='ltr'>’ταῦτα</span> <span class='ocrx_word' id='word_1_19' title='bbox 3304 441 3414 513; x_wconf 78' lang='grc' dir='ltr'>γὰρ</span> <span class='ocrx_word' id='word_1_20' title='bbox 3453 444 3508 497; x_wconf 81' lang='grc' dir='ltr'><strong>εῖ</strong></span> <span class='ocrx_word' id='word_1_21' title='bbox 3544 448 3696 500; x_wconf 75' lang='grc' dir='ltr'>ποτέ-</span> 
     </span>
    </p>
   </div>
   <div class='ocr_carea' id='block_1_6' title="bbox 405 512 1983 587">
    <p class='ocr_par' dir='ltr' id='par_1_6' title="bbox 405 512 1983 587">
     <span class='ocr_line' id='line_1_6' title="bbox 405 512 1983 587; baseline 0.002 -18"><span class='ocrx_word' id='word_1_22' title='bbox 405 512 607 581; x_wconf 80' lang='lat' dir='ltr'><strong>siquis</strong></span> <span class='ocrx_word' id='word_1_23' title='bbox 654 515 797 567; x_wconf 84' lang='lat' dir='ltr'><strong>enim</strong></span> <span class='ocrx_word' id='word_1_24' title='bbox 841 516 1077 569; x_wconf 86' lang='lat' dir='ltr'><strong>clericus</strong></span> <span class='ocrx_word' id='word_1_25' title='bbox 1129 519 1196 571; x_wconf 92' lang='lat' dir='ltr'><strong>iis</strong></span> <span class='ocrx_word' id='word_1_26' title='bbox 1242 534 1482 587; x_wconf 88' lang='lat' dir='ltr'><strong>unquam</strong></span> <span class='ocrx_word' id='word_1_27' title='bbox 1529 520 1747 575; x_wconf 78' lang='lat' dir='ltr'><strong>indutus</strong></span> <span class='ocrx_word' id='word_1_28' title='bbox 1802 521 1983 585; x_wconf 81' lang='lat' dir='ltr'><strong>fuerit,</strong></span> 
     </span>
    </p>
   </div>
   <div class='ocr_carea' id='block_1_7' title="bbox 408 605 1989 680">
    <p class='ocr_par' dir='ltr' id='par_1_7' title="bbox 408 605 1989 680">
     <span class='ocr_line' id='line_1_7' title="bbox 408 605 1989 680; baseline 0.007 -26"><span class='ocrx_word' id='word_1_29' title='bbox 408 605 763 658; x_wconf 65' lang='lat' dir='ltr'><strong>Vehementer</strong></span> <span class='ocrx_word' id='word_1_30' title='bbox 794 607 1063 672; x_wconf 74' lang='lat' dir='ltr'><strong>punietur.</strong></span> <span class='ocrx_word' id='word_1_31' title='bbox 1114 608 1251 662; x_wconf 90' lang='lat' dir='ltr'><strong>Sunt</strong></span> <span class='ocrx_word' id='word_1_32' title='bbox 1300 624 1435 664; x_wconf 87' lang='lat' dir='ltr'><strong>vero</strong></span> <span class='ocrx_word' id='word_1_33' title='bbox 1486 622 1800 680; x_wconf 86' lang='lat' dir='ltr'><strong>sumptuosa</strong></span> <span class='ocrx_word' id='word_1_34' title='bbox 1853 627 1989 665; x_wconf 86' lang='lat' dir='ltr'><strong>auro</strong></span> 
     </span>
    </p>
   </div>
   <div class='ocr_carea' id='block_1_8' title="bbox 409 695 1987 773">
    <p class='ocr_par' dir='ltr' id='par_1_8' title="bbox 409 695 1987 773">
     <span class='ocr_line' id='line_1_8' title="bbox 409 695 1987 773; baseline 0.005 -25"><span class='ocrx_word' id='word_1_35' title='bbox 409 695 611 748; x_wconf 78' lang='lat' dir='ltr'><strong>intexta</strong></span> <span class='ocrx_word' id='word_1_36' title='bbox 648 698 996 763; x_wconf 76' lang='lat' dir='ltr'><strong>vestimenta,</strong></span> <span class='ocrx_word' id='word_1_37' title='bbox 1025 714 1146 768; x_wconf 62' lang='lat' dir='ltr'><strong>quia:</strong></span> <span class='ocrx_word' id='word_1_38' title='bbox 1190 701 1352 770; x_wconf 82' lang='lat' dir='ltr'><strong>vulgo</strong></span> <span class='ocrx_word' id='word_1_39' title='bbox 1399 703 1655 756; x_wconf 87' lang='lat' dir='ltr'><strong>dicuntur</strong></span> <span class='ocrx_word' id='word_1_40' title='bbox 1684 704 1987 773; x_wconf 88' lang='grc' dir='ltr'>μαργέλλια</span> 
     </span>
    </p>
   </div>
   <div class='ocr_carea' id='block_1_9' title="bbox 412 786 1985 861">
    <p class='ocr_par' dir='ltr' id='par_1_9' title="bbox 412 786 1985 861">
     <span class='ocr_line' id='line_1_9' title="bbox 412 786 1985 861; baseline 0.005 -22"><span class='ocrx_word' id='word_1_41' title='bbox 412 788 743 856; x_wconf 82' lang='grc' dir='ltr'>γράμματα,</span> <span class='ocrx_word' id='word_1_42' title='bbox 777 799 828 840; x_wconf 87' lang='lat' dir='ltr'><strong>et</strong></span> <span class='ocrx_word' id='word_1_43' title='bbox 856 786 1150 854; x_wconf 86' lang='grc' dir='ltr'>άντίπανα,</span> <span class='ocrx_word' id='word_1_44' title='bbox 1201 801 1254 844; x_wconf 90' lang='lat' dir='ltr'><strong>et</strong></span> <span class='ocrx_word' id='word_1_45' title='bbox 1300 803 1480 845; x_wconf 83' lang='lat' dir='ltr'><strong>vestes</strong></span> <span class='ocrx_word' id='word_1_46' title='bbox 1517 808 1819 861; x_wconf 56' lang='lat' dir='ltr'><strong>purpureae.</strong></span> <span class='ocrx_word' id='word_1_47' title='bbox 1863 795 1985 847; x_wconf 86' lang='lat' dir='ltr'><strong>Vir-</strong></span> 
     </span>
    </p>
   </div>
   <div class='ocr_carea' id='block_1_10' title="bbox 410 878 1989 949">
    <p class='ocr_par' dir='ltr' id='par_1_10' title="bbox 410 878 1989 949">
     <span class='ocr_line' id='line_1_10' title="bbox 410 878 1989 949; baseline 0.008 -20"><span class='ocrx_word' id='word_1_48' title='bbox 410 878 542 930; x_wconf 89' lang='lat' dir='ltr'><strong>tutis</strong></span> <span class='ocrx_word' id='word_1_49' title='bbox 573 878 715 930; x_wconf 90' lang='lat' dir='ltr'><strong>enim</strong></span> <span class='ocrx_word' id='word_1_50' title='bbox 779 888 833 932; x_wconf 91' lang='lat' dir='ltr'><strong>et</strong></span> <span class='ocrx_word' id='word_1_51' title='bbox 896 878 1201 935; x_wconf 68' lang='lat' dir='ltr'><strong>honestatis</strong></span> <span class='ocrx_word' id='word_1_52' title='bbox 1249 883 1557 949; x_wconf 76' lang='lat' dir='ltr'><strong>exemplum</strong></span> <span class='ocrx_word' id='word_1_53' title='bbox 1620 886 1816 937; x_wconf 80' lang='lat' dir='ltr'><strong>debent</strong></span> <span class='ocrx_word' id='word_1_54' title='bbox 1865 899 1989 941; x_wconf 86' lang='lat' dir='ltr'><strong>esse</strong></span> 
     </span>
    </p>
   </div>
   <div class='ocr_carea' id='block_1_11' title="bbox 405 970 1819 1031">
    <p class='ocr_par' dir='ltr' id='par_1_11' title="bbox 405 970 1819 1031">
     <span class='ocr_line' id='line_1_11' title="bbox 405 970 1819 1031; baseline 0.005 -8"><span class='ocrx_word' id='word_1_55' title='bbox 405 970 619 1031; x_wconf 84' lang='lat' dir='ltr'><strong>clerici,</strong></span> <span class='ocrx_word' id='word_1_56' title='bbox 651 986 757 1023; x_wconf 90' lang='lat' dir='ltr'><strong>non</strong></span> <span class='ocrx_word' id='word_1_57' title='bbox 791 983 970 1025; x_wconf 88' lang='lat' dir='ltr'><strong>autem</strong></span> <span class='ocrx_word' id='word_1_58' title='bbox 999 972 1210 1026; x_wconf 74' lang='lat' dir='ltr'><strong>stolida:</strong></span> <span class='ocrx_word' id='word_1_59' title='bbox 1248 988 1312 1026; x_wconf 82' lang='lat' dir='ltr'><strong>ac</strong></span> <span class='ocrx_word' id='word_1_60' title='bbox 1344 974 1646 1029; x_wconf 75' lang='lat' dir='ltr'><strong>inhonesta:</strong></span> <span class='ocrx_word' id='word_1_61' title='bbox 1676 976 1819 1030; x_wconf 65' lang='lat' dir='ltr'><strong>vitae.</strong></span> 
     </span>
    </p>
   </div>
   <div class='ocr_carea' id='block_1_12' title="bbox 477 1144 1984 1217">
    <p class='ocr_par' dir='ltr' id='par_1_12' title="bbox 477 1144 1984 1217">
     <span class='ocr_line' id='line_1_12' title="bbox 477 1144 1984 1217; baseline 0.005 -18"><span class='ocrx_word' id='word_1_62' title='bbox 477 1144 732 1200; x_wconf 49' lang='lat' dir='ltr'><strong>Z‘ONAR&#39;.</strong></span> <span class='ocrx_word' id='word_1_63' title='bbox 767 1146 868 1212; x_wconf 89' lang='lat' dir='ltr'><strong>Qui</strong></span> <span class='ocrx_word' id='word_1_64' title='bbox 905 1148 1121 1217; x_wconf 86' lang='lat' dir='ltr'><strong>seipsos</strong></span> <span class='ocrx_word' id='word_1_65' title='bbox 1168 1147 1297 1203; x_wconf 28' lang='lat' dir='ltr'><strong>Dco‘</strong></span> <span class='ocrx_word' id='word_1_66' title='bbox 1328 1150 1604 1212; x_wconf 86' lang='lat' dir='ltr'><strong>dicarunt,</strong></span> <span class='ocrx_word' id='word_1_67' title='bbox 1658 1154 1984 1208; x_wconf 83' lang='lat' dir='ltr'><strong>modestia‘m</strong></span> 
     </span>
    </p>
   </div>
   <div class='ocr_carea' id='block_1_13' title="bbox 406 1235 1987 1307">
    <p class='ocr_par' dir='ltr' id='par_1_13' title="bbox 406 1235 1987 1307">
     <span class='ocr_line' id='line_1_13' title="bbox 406 1235 1987 1307; baseline 0.004 -18"><span class='ocrx_word' id='word_1_68' title='bbox 406 1235 462 1289; x_wconf 91' lang='lat' dir='ltr'><strong>in</strong></span> <span class='ocrx_word' id='word_1_69' title='bbox 506 1237 622 1305; x_wconf 89' lang='lat' dir='ltr'><strong>ipso</strong></span> <span class='ocrx_word' id='word_1_70' title='bbox 652 1250 868 1305; x_wconf 84' lang='lat' dir='ltr'><strong>quoque</strong></span> <span class='ocrx_word' id='word_1_71' title='bbox 904 1239 1155 1307; x_wconf 90' lang='lat' dir='ltr'><strong>corporis</strong></span> <span class='ocrx_word' id='word_1_72' title='bbox 1197 1239 1386 1292; x_wconf 76' lang='lat' dir='ltr'><strong>habitu</strong></span> <span class='ocrx_word' id='word_1_73' title='bbox 1418 1249 1474 1293; x_wconf 93' lang='lat' dir='ltr'><strong>et</strong></span> <span class='ocrx_word' id='word_1_74' title='bbox 1523 1250 1719 1294; x_wconf 87' lang='lat' dir='ltr'><strong>ornatu</strong></span> <span class='ocrx_word' id='word_1_75' title='bbox 1761 1252 1987 1296; x_wconf 76' lang='lat' dir='ltr'><strong>externo</strong></span> 
     </span>
    </p>
   </div>
   <div class='ocr_carea' id='block_1_14' title="bbox 406 1328 1988 1400">
    <p class='ocr_par' dir='ltr' id='par_1_14' title="bbox 406 1328 1988 1400">
     <span class='ocr_line' id='line_1_14' title="bbox 406 1328 1988 1400; baseline 0.004 -22"><span class='ocrx_word' id='word_1_76' title='bbox 406 1340 732 1379; x_wconf 84' lang='lat' dir='ltr'><strong>conservare</strong></span> <span class='ocrx_word' id='word_1_77' title='bbox 763 1342 828 1381; x_wconf 89' lang='lat' dir='ltr'><strong>ac</strong></span> <span class='ocrx_word' id='word_1_78' title='bbox 867 1329 1003 1381; x_wconf 90' lang='lat' dir='ltr'><strong>tueri</strong></span> <span class='ocrx_word' id='word_1_79' title='bbox 1037 1328 1254 1382; x_wconf 87' lang='lat' dir='ltr'><strong>debent.</strong></span> <span class='ocrx_word' id='word_1_80' title='bbox 1286 1328 1418 1383; x_wconf 78' lang='lat' dir='ltr'><strong>Nam</strong></span> <span class='ocrx_word' id='word_1_81' title='bbox 1450 1329 1623 1383; x_wconf 87' lang='lat' dir='ltr'><strong>Homo</strong></span> <span class='ocrx_word' id='word_1_82' title='bbox 1657 1332 1903 1400; x_wconf 81' lang='lat' dir='ltr'><strong>quidem,</strong></span> <span class='ocrx_word' id='word_1_83' title='bbox 1930 1342 1988 1386; x_wconf 92' lang='lat' dir='ltr'><strong>ut</strong></span> 
     </span>
    </p>
   </div>
   <div class='ocr_carea' id='block_1_15' title="bbox 406 1418 1991 1490">
    <p class='ocr_par' dir='ltr' id='par_1_15' title="bbox 406 1418 1991 1490">
     <span class='ocr_line' id='line_1_15' title="bbox 406 1418 1991 1490; baseline 0.005 -19"><span class='ocrx_word' id='word_1_84' title='bbox 406 1433 577 1471; x_wconf 67' lang='lat' dir='ltr'><strong>sacrm</strong></span> <span class='ocrx_word' id='word_1_85' title='bbox 603 1428 879 1473; x_wconf 80' lang='lat' dir='ltr'><strong>testantur</strong></span> <span class='ocrx_word' id='word_1_86' title='bbox 895 1418 1138 1487; x_wconf 53' lang='lat' dir='ltr'><strong>Litterae,</strong></span> <span class='ocrx_word' id='word_1_87' title='bbox 1179 1421 1369 1490; x_wconf 80' lang='lat' dir='ltr'><strong>faciem</strong></span> <span class='ocrx_word' id='word_1_88' title='bbox 1400 1424 1636 1476; x_wconf 75' lang='lat' dir='ltr'><strong>intuetur</strong></span> <span class='ocrx_word' id='word_1_89' title='bbox 1664 1440 1683 1477; x_wconf 88' lang='lat'><strong><em>:</em></strong></span> <span class='ocrx_word' id='word_1_90' title='bbox 1716 1423 1858 1479; x_wconf 79' lang='lat' dir='ltr'><strong>Deus</strong></span> <span class='ocrx_word' id='word_1_91' title='bbox 1889 1442 1991 1479; x_wconf 84' lang='lat' dir='ltr'><strong>au-</strong></span> 
     </span>
    </p>
   </div>
   <div class='ocr_carea' id='block_1_16' title="bbox 410 1514 1985 1585">
    <p class='ocr_par' dir='ltr' id='par_1_16' title="bbox 410 1514 1985 1585">
     <span class='ocr_line' id='line_1_16' title="bbox 410 1514 1985 1585; baseline 0.006 -21"><span class='ocrx_word' id='word_1_92' title='bbox 410 1522 513 1564; x_wconf 87' lang='lat' dir='ltr'><strong>tem</strong></span> <span class='ocrx_word' id='word_1_93' title='bbox 548 1514 727 1565; x_wconf 73' lang='lat' dir='ltr'><strong>cor“.</strong></span> <span class='ocrx_word' id='word_1_94' title='bbox 772 1514 850 1567; x_wconf 87' lang='lat' dir='ltr'><strong>Ac</strong></span> <span class='ocrx_word' id='word_1_95' title='bbox 875 1528 1106 1568; x_wconf 88' lang='lat' dir='ltr'><strong>arcanas</strong></span> <span class='ocrx_word' id='word_1_96' title='bbox 1144 1514 1361 1584; x_wconf 85' lang='lat' dir='ltr'><strong>quidem</strong></span> <span class='ocrx_word' id='word_1_97' title='bbox 1415 1515 1577 1568; x_wconf 89' lang='lat' dir='ltr'><strong>animi</strong></span> <span class='ocrx_word' id='word_1_98' title='bbox 1632 1517 1985 1585; x_wconf 74' lang='lat' dir='ltr'><strong>cogitationes</strong></span> 
     </span>
    </p>
   </div>
   <div class='ocr_carea' id='block_1_17' title="bbox 408 1604 1986 1677">
    <p class='ocr_par' dir='ltr' id='par_1_17' title="bbox 408 1604 1986 1677">
     <span class='ocr_line' id='line_1_17' title="bbox 408 1604 1986 1677; baseline 0.004 -21"><span class='ocrx_word' id='word_1_99' title='bbox 408 1604 591 1656; x_wconf 85' lang='lat' dir='ltr'><strong>divina</strong></span> <span class='ocrx_word' id='word_1_100' title='bbox 623 1604 701 1657; x_wconf 88' lang='lat' dir='ltr'><strong>vis</strong></span> <span class='ocrx_word' id='word_1_101' title='bbox 735 1604 951 1671; x_wconf 81' lang='lat' dir='ltr'><strong>inspicit</strong></span> <span class='ocrx_word' id='word_1_102' title='bbox 983 1622 997 1655; x_wconf 86' lang='lat'><strong>:</strong></span> <span class='ocrx_word' id='word_1_103' title='bbox 1033 1605 1282 1659; x_wconf 78' lang='lat' dir='ltr'><strong>homines</strong></span> <span class='ocrx_word' id='word_1_104' title='bbox 1313 1621 1441 1660; x_wconf 92' lang='lat' dir='ltr'><strong>vero</strong></span> <span class='ocrx_word' id='word_1_105' title='bbox 1465 1606 1532 1661; x_wconf 88' lang='lat' dir='ltr'><strong>ab</strong></span> <span class='ocrx_word' id='word_1_106' title='bbox 1554 1616 1776 1662; x_wconf 86' lang='lat' dir='ltr'><strong>externa</strong></span> <span class='ocrx_word' id='word_1_107' title='bbox 1804 1610 1986 1677; x_wconf 79' lang='lat' dir='ltr'><strong>specie</strong></span> 
     </span>
    </p>
   </div>
   <div class='ocr_carea' id='block_1_18' title="bbox 408 1693 1979 1767">
    <p class='ocr_par' dir='ltr' id='par_1_18' title="bbox 408 1693 1979 1767">
     <span class='ocr_line' id='line_1_18' title="bbox 408 1693 1979 1767; baseline 0.003 -21"><span class='ocrx_word' id='word_1_108' title='bbox 408 1698 476 1746; x_wconf 86' lang='lat' dir='ltr'><strong>ad</strong></span> <span class='ocrx_word' id='word_1_109' title='bbox 516 1693 773 1747; x_wconf 83' lang='lat' dir='ltr'><strong>interiora</strong></span> <span class='ocrx_word' id='word_1_110' title='bbox 805 1702 858 1748; x_wconf 88' lang='lat' dir='ltr'><strong>et</strong></span> <span class='ocrx_word' id='word_1_111' title='bbox 896 1693 1113 1748; x_wconf 85' lang='lat' dir='ltr'><strong>latentia</strong></span> <span class='ocrx_word' id='word_1_112' title='bbox 1148 1696 1543 1764; x_wconf 80' lang='lat' dir='ltr'><strong>suSpicionibus</strong></span> <span class='ocrx_word' id='word_1_113' title='bbox 1580 1707 1635 1753; x_wconf 89' lang='lat' dir='ltr'><strong>et</strong></span> <span class='ocrx_word' id='word_1_114' title='bbox 1665 1698 1979 1767; x_wconf 83' lang='lat' dir='ltr'><strong>conjectura</strong></span> 
     </span>
    </p>
   </div>
   <div class='ocr_carea' id='block_1_19' title="bbox 409 1761 2063 1855">
    <p class='ocr_par' dir='ltr' id='par_1_19' title="bbox 409 1761 2063 1855">
     <span class='ocr_line' id='line_1_19' title="bbox 409 1761 2063 1855; baseline 0.003 -18"><span class='ocrx_word' id='word_1_115' title='bbox 409 1785 751 1855; x_wconf 89' lang='lat' dir='ltr'><strong>perveniunt.</strong></span> <span class='ocrx_word' id='word_1_116' title='bbox 783 1784 1143 1849; x_wconf 86' lang='lat' dir='ltr'><strong>Quamobrem</strong></span> <span class='ocrx_word' id='word_1_117' title='bbox 1177 1785 1237 1840; x_wconf 72' lang='grc' dir='ltr'><strong>εἰ·</strong></span> <span class='ocrx_word' id='word_1_118' title='bbox 1269 1787 1321 1839; x_wconf 89' lang='lat' dir='ltr'><strong>in</strong></span> <span class='ocrx_word' id='word_1_119' title='bbox 1376 1787 1466 1841; x_wconf 88' lang='lat' dir='ltr'><strong>Dei</strong></span> <span class='ocrx_word' id='word_1_120' title='bbox 1512 1798 1715 1842; x_wconf 73' lang='lat' dir='ltr'><strong>sortem</strong></span> <span class='ocrx_word' id='word_1_121' title='bbox 1764 1799 1985 1843; x_wconf 87' lang='lat' dir='ltr'><strong>vocatos</strong></span> <span class='ocrx_word' id='word_1_122' title='bbox 2010 1761 2063 1823; x_wconf 74' lang='grc' dir='ltr'>Β</span> 
     </span>
    </p>
   </div>
   <div class='ocr_carea' id='block_1_20' title="bbox 408 1878 1983 1946">
    <p class='ocr_par' dir='ltr' id='par_1_20' title="bbox 408 1878 1983 1946">
     <span class='ocr_line' id='line_1_20' title="bbox 408 1878 1983 1946; baseline 0.004 -17"><span class='ocrx_word' id='word_1_123' title='bbox 408 1890 750 1946; x_wconf 62' lang='lat' dir='ltr'><strong>nequaquam</strong></span> <span class='ocrx_word' id='word_1_124' title='bbox 806 1886 1070 1931; x_wconf 87' lang='lat' dir='ltr'><strong>consueto</strong></span> <span class='ocrx_word' id='word_1_125' title='bbox 1102 1878 1201 1931; x_wconf 84' lang='lat' dir='ltr'><strong>&#39;sui</strong></span> <span class='ocrx_word' id='word_1_126' title='bbox 1256 1879 1463 1932; x_wconf 79' lang='lat' dir='ltr'><strong>ordinis</strong></span> <span class='ocrx_word' id='word_1_127' title='bbox 1512 1880 1844 1945; x_wconf 82' lang='lat' dir='ltr'><strong>lmminibus,</strong></span> <span class='ocrx_word' id='word_1_128' title='bbox 1891 1881 1983 1935; x_wconf 89' lang='lat' dir='ltr'><strong>sed</strong></span> 
     </span>
    </p>
   </div>
   <div class='ocr_carea' id='block_1_21' title="bbox 407 1964 1983 2038">
    <p class='ocr_par' dir='ltr' id='par_1_21' title="bbox 407 1964 1983 2038">
     <span class='ocr_line' id='line_1_21' title="bbox 407 1964 1983 2038; baseline 0.004 -20"><span class='ocrx_word' id='word_1_129' title='bbox 407 1964 567 2030; x_wconf 74' lang='lat' dir='ltr'><strong>ionge</strong></span> <span class='ocrx_word' id='word_1_130' title='bbox 599 1966 845 2020; x_wconf 83' lang='lat' dir='ltr'><strong>dissimili</strong></span> <span class='ocrx_word' id='word_1_131' title='bbox 878 1982 941 2020; x_wconf 88' lang='lat' dir='ltr'><strong>ac</strong></span> <span class='ocrx_word' id='word_1_132' title='bbox 977 1968 1190 2020; x_wconf 88' lang='lat' dir='ltr'><strong>diverso</strong></span> <span class='ocrx_word' id='word_1_133' title='bbox 1221 1966 1402 2021; x_wconf 86' lang='lat' dir='ltr'><strong>habitu</strong></span> <span class='ocrx_word' id='word_1_134' title='bbox 1453 1969 1528 2022; x_wconf 90' lang='lat' dir='ltr'><strong>uti</strong></span> <span class='ocrx_word' id='word_1_135' title='bbox 1565 1970 1830 2038; x_wconf 82' lang='lat' dir='ltr'><strong>quispiam</strong></span> <span class='ocrx_word' id='word_1_136' title='bbox 1864 1973 1983 2025; x_wconf 84' lang='lat' dir='ltr'><strong>ani-</strong></span> 
     </span>
    </p>
   </div>
   <div class='ocr_carea' id='block_1_22' title="bbox 412 2055 1989 2129">
    <p class='ocr_par' dir='ltr' id='par_1_22' title="bbox 412 2055 1989 2129">
     <span class='ocr_line' id='line_1_22' title="bbox 412 2055 1989 2129; baseline 0.008 -22"><span class='ocrx_word' id='word_1_137' title='bbox 412 2055 996 2120; x_wconf 70' lang='lat' dir='ltr'><strong>madwrtat,eosquc,</strong></span> <span class='ocrx_word' id='word_1_138' title='bbox 1030 2056 1115 2110; x_wconf 90' lang='lat' dir='ltr'><strong>vel</strong></span> <span class='ocrx_word' id='word_1_139' title='bbox 1161 2056 1443 2126; x_wconf 81' lang='lat' dir='ltr'><strong>splendida</strong></span> <span class='ocrx_word' id='word_1_140' title='bbox 1494 2061 1749 2129; x_wconf 84' lang='lat' dir='ltr'><strong>varieque</strong></span> <span class='ocrx_word' id='word_1_141' title='bbox 1803 2062 1989 2119; x_wconf 84' lang='lat' dir='ltr'><strong>elabo—</strong></span> 
     </span>
    </p>
   </div>
   <div class='ocr_carea' id='block_1_23' title="bbox 408 2148 1983 2224">
    <p class='ocr_par' dir='ltr' id='par_1_23' title="bbox 408 2148 1983 2224">
     <span class='ocr_line' id='line_1_23' title="bbox 408 2148 1983 2224; baseline 0.008 -25"><span class='ocrx_word' id='word_1_142' title='bbox 408 2156 525 2199; x_wconf 87' lang='lat' dir='ltr'><strong>rata</strong></span> <span class='ocrx_word' id='word_1_143' title='bbox 561 2158 709 2202; x_wconf 79' lang='lat' dir='ltr'><strong>veSIe</strong></span> <span class='ocrx_word' id='word_1_144' title='bbox 747 2148 984 2209; x_wconf 85' lang='lat' dir='ltr'><strong>indutos.</strong></span> <span class='ocrx_word' id='word_1_145' title='bbox 1060 2150 1144 2204; x_wconf 90' lang='lat' dir='ltr'><strong>vel</strong></span> <span class='ocrx_word' id='word_1_146' title='bbox 1199 2150 1418 2204; x_wconf 86' lang='lat' dir='ltr'><strong>militari</strong></span> <span class='ocrx_word' id='word_1_147' title='bbox 1462 2160 1683 2220; x_wconf 85' lang='lat' dir='ltr'><strong>ornatu,</strong></span> <span class='ocrx_word' id='word_1_148' title='bbox 1724 2156 1875 2224; x_wconf 88' lang='lat' dir='ltr'><strong>quasi</strong></span> <span class='ocrx_word' id='word_1_149' title='bbox 1914 2157 1983 2211; x_wconf 87' lang='lat' dir='ltr'><strong>ad</strong></span> 
     </span>
    </p>
   </div>
   <div class='ocr_carea' id='block_1_24' title="bbox 407 2236 1985 2309">
    <p class='ocr_par' dir='ltr' id='par_1_24' title="bbox 407 2236 1985 2309">
     <span class='ocr_line' id='line_1_24' title="bbox 407 2236 1985 2309; baseline 0.007 -20"><span class='ocrx_word' id='word_1_150' title='bbox 407 2236 513 2289; x_wconf 73' lang='lat' dir='ltr'><strong>iter</strong></span> <span class='ocrx_word' id='word_1_151' title='bbox 549 2238 839 2305; x_wconf 86' lang='lat' dir='ltr'><strong>agendum,</strong></span> <span class='ocrx_word' id='word_1_152' title='bbox 890 2237 1029 2292; x_wconf 88' lang='lat' dir='ltr'><strong>bene</strong></span> <span class='ocrx_word' id='word_1_153' title='bbox 1070 2238 1391 2308; x_wconf 68' lang='lat' dir='ltr'><strong>praecinctos</strong></span> <span class='ocrx_word' id='word_1_154' title='bbox 1438 2242 1758 2309; x_wconf 87' lang='lat' dir='ltr'><strong>conspiciat,</strong></span> <span class='ocrx_word' id='word_1_155' title='bbox 1804 2245 1985 2300; x_wconf 77' lang='lat' dir='ltr'><strong>ﬁdeles</strong></span> 
     </span>
    </p>
   </div>
   <div class='ocr_carea' id='block_1_25' title="bbox 408 2327 1986 2400">
    <p class='ocr_par' dir='ltr' id='par_1_25' title="bbox 408 2327 1986 2400">
     <span class='ocr_line' id='line_1_25' title="bbox 408 2327 1986 2400; baseline 0.01 -23"><span class='ocrx_word' id='word_1_156' title='bbox 408 2327 705 2392; x_wconf 77' lang='lat' dir='ltr'><strong>damnabit,</strong></span> <span class='ocrx_word' id='word_1_157' title='bbox 756 2336 919 2397; x_wconf 87' lang='lat' dir='ltr'><strong>atque</strong></span> <span class='ocrx_word' id='word_1_158' title='bbox 968 2344 1036 2383; x_wconf 81' lang='lat' dir='ltr'><strong>ex</strong></span> <span class='ocrx_word' id='word_1_159' title='bbox 1090 2340 1419 2399; x_wconf 65' lang='lat' dir='ltr'><strong>pra&#39;postero</strong></span> <span class='ocrx_word' id='word_1_160' title='bbox 1463 2332 1555 2387; x_wconf 84' lang='lat' dir='ltr'><strong>illo</strong></span> <span class='ocrx_word' id='word_1_161' title='bbox 1609 2334 1986 2400; x_wconf 36' lang='lat' dir='ltr'><strong>habituram-</strong></span> 
     </span>
    </p>
   </div>
   <div class='ocr_carea' id='block_1_26' title="bbox 406 2420 1984 2489">
    <p class='ocr_par' dir='ltr' id='par_1_26' title="bbox 406 2420 1984 2489">
     <span class='ocr_line' id='line_1_26' title="bbox 406 2420 1984 2489; baseline 0.008 -18"><span class='ocrx_word' id='word_1_162' title='bbox 406 2420 553 2472; x_wconf 89' lang='lat' dir='ltr'><strong>nium</strong></span> <span class='ocrx_word' id='word_1_163' title='bbox 602 2420 694 2486; x_wconf 93' lang='lat' dir='ltr'><strong>qui</strong></span> <span class='ocrx_word' id='word_1_164' title='bbox 754 2421 901 2475; x_wconf 90' lang='lat' dir='ltr'><strong>clero</strong></span> <span class='ocrx_word' id='word_1_165' title='bbox 933 2422 1153 2489; x_wconf 86' lang='lat' dir='ltr'><strong>ascripti</strong></span> <span class='ocrx_word' id='word_1_166' title='bbox 1207 2435 1353 2488; x_wconf 90' lang='lat' dir='ltr'><strong>sunt,</strong></span> <span class='ocrx_word' id='word_1_167' title='bbox 1399 2426 1638 2478; x_wconf 86' lang='lat' dir='ltr'><strong>animum</strong></span> <span class='ocrx_word' id='word_1_168' title='bbox 1693 2442 1756 2481; x_wconf 90' lang='lat' dir='ltr'><strong>ac</strong></span> <span class='ocrx_word' id='word_1_169' title='bbox 1808 2444 1984 2484; x_wconf 85' lang='lat' dir='ltr'><strong>mores</strong></span> 
     </span>
    </p>
   </div>
   <div class='ocr_carea' id='block_1_27' title="bbox 404 2510 1981 2586">
    <p class='ocr_par' dir='ltr' id='par_1_27' title="bbox 404 2510 1981 2586">
     <span class='ocr_line' id='line_1_27' title="bbox 404 2510 1981 2586; baseline 0.007 -24"><span class='ocrx_word' id='word_1_170' title='bbox 404 2510 716 2564; x_wconf 65' lang='lat' dir='ltr'><strong>aestimabit.</strong></span> <span class='ocrx_word' id='word_1_171' title='bbox 747 2511 817 2564; x_wconf 82' lang='lat' dir='ltr'><strong>At</strong></span> <span class='ocrx_word' id='word_1_172' title='bbox 846 2527 994 2574; x_wconf 89' lang='lat' dir='ltr'><strong>vero,</strong></span> <span class='ocrx_word' id='word_1_173' title='bbox 1032 2512 1156 2567; x_wconf 88' lang='lat' dir='ltr'><strong>Sine</strong></span> <span class='ocrx_word' id='word_1_174' title='bbox 1183 2516 1492 2581; x_wconf 73' lang='lat' dir='ltr'><strong>oﬂ&#39;enst&#39;one,</strong></span> <span class='ocrx_word' id='word_1_175' title='bbox 1537 2530 1764 2586; x_wconf 80' lang='lat' dir='ltr'><strong>magnus</strong></span> <span class='ocrx_word' id='word_1_176' title='bbox 1783 2516 1981 2575; x_wconf 88' lang='lat' dir='ltr'><strong>Paulus</strong></span> 
     </span>
    </p>
   </div>
   <div class='ocr_carea' id='block_1_28' title="bbox 405 2602 1984 2671">
    <p class='ocr_par' dir='ltr' id='par_1_28' title="bbox 405 2602 1984 2671">
     <span class='ocr_line' id='line_1_28' title="bbox 405 2602 1984 2671; baseline 0.005 -16"><span class='ocrx_word' id='word_1_177' title='bbox 405 2602 502 2665; x_wconf 82' lang='lat' dir='ltr'><strong>ait,</strong></span> <span class='ocrx_word' id='word_1_178' title='bbox 534 2612 702 2656; x_wconf 83' lang='lat' dir='ltr'><strong>estote</strong></span> <span class='ocrx_word' id='word_1_179' title='bbox 733 2602 939 2657; x_wconf 69' lang='lat' dir='ltr'><strong>Juda&#39;is</strong></span> <span class='ocrx_word' id='word_1_180' title='bbox 969 2614 1019 2658; x_wconf 83' lang='lat' dir='ltr'><strong>et</strong></span> <span class='ocrx_word' id='word_1_181' title='bbox 1047 2603 1244 2659; x_wconf 76' lang='lat' dir='ltr'><strong>Crwcis</strong></span> <span class='ocrx_word' id='word_1_182' title='bbox 1266 2616 1313 2659; x_wconf 85' lang='lat' dir='ltr'><strong>et</strong></span> <span class='ocrx_word' id='word_1_183' title='bbox 1355 2605 1611 2660; x_wconf 72' lang='lat' dir='ltr'><strong>Ecclesia:</strong></span> <span class='ocrx_word' id='word_1_184' title='bbox 1642 2607 1736 2661; x_wconf 83' lang='lat' dir='ltr'><strong>Dei</strong></span> <span class='ocrx_word' id='word_1_185' title='bbox 1754 2608 1819 2663; x_wconf 82' lang='lat'><strong>&quot;.</strong></span> <span class='ocrx_word' id='word_1_186' title='bbox 1851 2607 1984 2671; x_wconf 84' lang='lat' dir='ltr'><strong>Uni-</strong></span> 
     </span>
    </p>
   </div>
   <div class='ocr_carea' id='block_1_29' title="bbox 405 2694 1981 2766">
    <p class='ocr_par' dir='ltr' id='par_1_29' title="bbox 405 2694 1981 2766">
     <span class='ocr_line' id='line_1_29' title="bbox 405 2694 1981 2766; baseline 0.005 -19"><span class='ocrx_word' id='word_1_187' title='bbox 405 2708 601 2748; x_wconf 70' lang='lat' dir='ltr'><strong>versos</strong></span> <span class='ocrx_word' id='word_1_188' title='bbox 626 2694 806 2761; x_wconf 76' lang='lat' dir='ltr'><strong>igitur,</strong></span> <span class='ocrx_word' id='word_1_189' title='bbox 837 2698 926 2762; x_wconf 92' lang='lat' dir='ltr'><strong>qui</strong></span> <span class='ocrx_word' id='word_1_190' title='bbox 956 2695 1005 2748; x_wconf 93' lang='lat' dir='ltr'><strong>in</strong></span> <span class='ocrx_word' id='word_1_191' title='bbox 1029 2694 1232 2749; x_wconf 87' lang='lat' dir='ltr'><strong>clerum</strong></span> <span class='ocrx_word' id='word_1_192' title='bbox 1255 2697 1487 2766; x_wconf 90' lang='lat' dir='ltr'><strong>cooptati</strong></span> <span class='ocrx_word' id='word_1_193' title='bbox 1520 2707 1665 2760; x_wconf 86' lang='lat' dir='ltr'><strong>sunt,</strong></span> <span class='ocrx_word' id='word_1_194' title='bbox 1688 2701 1981 2764; x_wconf 65' lang='lat' dir='ltr'><strong>consuetis,</strong></span> 
     </span>
    </p>
   </div>
   <div class='ocr_carea' id='block_1_30' title="bbox 411 2786 1980 2852">
    <p class='ocr_par' dir='ltr' id='par_1_30' title="bbox 411 2786 1980 2852">
     <span class='ocr_line' id='line_1_30' title="bbox 411 2786 1980 2852; baseline 0.005 -14"><span class='ocrx_word' id='word_1_195' title='bbox 411 2793 524 2838; x_wconf 87' lang='lat' dir='ltr'><strong>tum</strong></span> <span class='ocrx_word' id='word_1_196' title='bbox 562 2786 611 2837; x_wconf 88' lang='lat' dir='ltr'><strong>in</strong></span> <span class='ocrx_word' id='word_1_197' title='bbox 649 2786 783 2839; x_wconf 88' lang='lat' dir='ltr'><strong>urbe</strong></span> <span class='ocrx_word' id='word_1_198' title='bbox 816 2796 926 2839; x_wconf 91' lang='lat' dir='ltr'><strong>tum</strong></span> <span class='ocrx_word' id='word_1_199' title='bbox 963 2786 1013 2839; x_wconf 91' lang='lat' dir='ltr'><strong>in</strong></span> <span class='ocrx_word' id='word_1_200' title='bbox 1044 2787 1255 2852; x_wconf 86' lang='lat' dir='ltr'><strong>itinere,</strong></span> <span class='ocrx_word' id='word_1_201' title='bbox 1292 2788 1533 2843; x_wconf 74' lang='lat' dir='ltr'><strong>veSIibus</strong></span> <span class='ocrx_word' id='word_1_202' title='bbox 1562 2789 1649 2842; x_wconf 87' lang='lat' dir='ltr'><strong>hic</strong></span> <span class='ocrx_word' id='word_1_203' title='bbox 1680 2804 1851 2844; x_wconf 86' lang='lat' dir='ltr'><strong>canon</strong></span> <span class='ocrx_word' id='word_1_204' title='bbox 1906 2792 1980 2846; x_wconf 89' lang='lat' dir='ltr'><strong>uti</strong></span> 
     </span>
    </p>
   </div>
   <div class='ocr_carea' id='block_1_31' title="bbox 399 2875 1984 2949">
    <p class='ocr_par' dir='ltr' id='par_1_31' title="bbox 399 2875 1984 2949">
     <span class='ocr_line' id='line_1_31' title="bbox 399 2875 1984 2949; baseline 0.004 -20"><span class='ocrx_word' id='word_1_205' title='bbox 399 2876 573 2944; x_wconf 82' lang='lat' dir='ltr'><strong>jubet.</strong></span> <span class='ocrx_word' id='word_1_206' title='bbox 604 2875 704 2943; x_wconf 88' lang='lat' dir='ltr'><strong>Qui</strong></span> <span class='ocrx_word' id='word_1_207' title='bbox 749 2893 878 2933; x_wconf 80' lang='lat' dir='ltr'><strong>vero</strong></span> <span class='ocrx_word' id='word_1_208' title='bbox 914 2893 1072 2934; x_wconf 89' lang='lat' dir='ltr'><strong>secus</strong></span> <span class='ocrx_word' id='word_1_209' title='bbox 1108 2878 1363 2941; x_wconf 82' lang='lat' dir='ltr'><strong>fecerint,</strong></span> <span class='ocrx_word' id='word_1_210' title='bbox 1400 2890 1562 2949; x_wconf 90' lang='lat' dir='ltr'><strong>atque</strong></span> <span class='ocrx_word' id='word_1_211' title='bbox 1614 2896 1642 2934; x_wconf 89' lang='lat' dir='ltr'><strong>a</strong></span> <span class='ocrx_word' id='word_1_212' title='bbox 1694 2892 1984 2937; x_wconf 88' lang='lat' dir='ltr'><strong>consuetu-</strong></span> 
     </span>
    </p>
   </div>
   <div class='ocr_carea' id='block_1_32' title="bbox 405 2965 1981 3037">
    <p class='ocr_par' dir='ltr' id='par_1_32' title="bbox 405 2965 1981 3037">
     <span class='ocr_line' id='line_1_32' title="bbox 405 2965 1981 3037; baseline 0.006 -20"><span class='ocrx_word' id='word_1_213' title='bbox 405 2967 531 3021; x_wconf 88' lang='lat' dir='ltr'><strong>dine</strong></span> <span class='ocrx_word' id='word_1_214' title='bbox 560 2965 612 3019; x_wconf 93' lang='lat' dir='ltr'><strong>in</strong></span> <span class='ocrx_word' id='word_1_215' title='bbox 638 2983 703 3021; x_wconf 92' lang='lat' dir='ltr'><strong>eo</strong></span> <span class='ocrx_word' id='word_1_216' title='bbox 732 2977 949 3037; x_wconf 84' lang='lat' dir='ltr'><strong>recepta</strong></span> <span class='ocrx_word' id='word_1_217' title='bbox 974 2982 1033 3022; x_wconf 90' lang='lat' dir='ltr'><strong>se</strong></span> <span class='ocrx_word' id='word_1_218' title='bbox 1064 2968 1408 3035; x_wconf 82' lang='lat' dir='ltr'><strong>abduxerim,</strong></span> <span class='ocrx_word' id='word_1_219' title='bbox 1445 2971 1606 3025; x_wconf 91' lang='lat' dir='ltr'><strong>unius</strong></span> <span class='ocrx_word' id='word_1_220' title='bbox 1631 2970 1981 3026; x_wconf 69' lang='lat' dir='ltr'><strong>hebdomadas</strong></span> 
     </span>
    </p>
   </div>
   <div class='ocr_carea' id='block_1_33' title="bbox 2094 528 3691 599">
    <p class='ocr_par' dir='ltr' id='par_1_33' title="bbox 2094 528 3691 599">
     <span class='ocr_line' id='line_1_33' title="bbox 2094 528 3691 599; baseline 0.009 -22"><span class='ocrx_word' id='word_1_221' title='bbox 2094 544 2179 586; x_wconf 87' lang='grc' dir='ltr'><strong>τις</strong></span> <span class='ocrx_word' id='word_1_222' title='bbox 2205 528 2468 598; x_wconf 77' lang='grc' dir='ltr'>κληρικὸς</span> <span class='ocrx_word' id='word_1_223' title='bbox 2501 530 2716 599; x_wconf 82' lang='grc' dir='ltr'>ἐνδυθῇ,</span> <span class='ocrx_word' id='word_1_224' title='bbox 2754 531 3009 598; x_wconf 79' lang='grc' dir='ltr'><strong>μεγάλως</strong></span> <span class='ocrx_word' id='word_1_225' title='bbox 3051 534 3450 595; x_wconf 73' lang='grc' dir='ltr'><strong>κολασθήσεται</strong></span> <span class='ocrx_word' id='word_1_226' title='bbox 3489 552 3505 568; x_wconf 74' lang='grc'><strong>⁸</strong></span> <span class='ocrx_word' id='word_1_227' title='bbox 3535 537 3691 592; x_wconf 54' lang='grc' dir='ltr'>ἀλλὰ*</span> 
     </span>
    </p>
   </div>
   <div class='ocr_carea' id='block_1_34' title="bbox 2096 618 3670 698">
    <p class='ocr_par' dir='ltr' id='par_1_34' title="bbox 2096 618 3670 698">
     <span class='ocr_line' id='line_1_34' title="bbox 2096 618 3670 698; baseline 0.008 -27"><span class='ocrx_word' id='word_1_228' title='bbox 2096 618 2163 671; x_wconf 75' lang='grc' dir='ltr'>τὰ</span> <span class='ocrx_word' id='word_1_229' title='bbox 2207 620 2476 690; x_wconf 82' lang='grc' dir='ltr'>πολυτελῆ</span> <span class='ocrx_word' id='word_1_230' title='bbox 2508 624 2896 692; x_wconf 79' lang='grc' dir='ltr'>χρυσοΰφαντα</span> <span class='ocrx_word' id='word_1_231' title='bbox 2921 624 3292 694; x_wconf 78' lang='grc' dir='ltr'>ἐπιϐλήματα,</span> <span class='ocrx_word' id='word_1_232' title='bbox 3326 626 3395 679; x_wconf 73' lang='grc' dir='ltr'>τὰ</span> <span class='ocrx_word' id='word_1_233' title='bbox 3440 628 3670 698; x_wconf 71' lang='grc' dir='ltr'>δημοτιο</span> 
     </span>
    </p>
   </div>
   <div class='ocr_carea' id='block_1_35' title="bbox 2093 708 3673 785">
    <p class='ocr_par' dir='ltr' id='par_1_35' title="bbox 2093 708 3673 785">
     <span class='ocr_line' id='line_1_35' title="bbox 2093 708 3673 785; baseline 0.009 -26"><span class='ocrx_word' id='word_1_234' title='bbox 2093 708 2206 771; x_wconf 84' lang='grc' dir='ltr'><strong>κῶς</strong></span> <span class='ocrx_word' id='word_1_235' title='bbox 2236 709 2507 780; x_wconf 88' lang='grc' dir='ltr'>λεγόμενα</span> <span class='ocrx_word' id='word_1_236' title='bbox 2539 715 2846 781; x_wconf 86' lang='grc' dir='ltr'>μαργέλλια</span> <span class='ocrx_word' id='word_1_237' title='bbox 2897 715 3200 785; x_wconf 78' lang='grc' dir='ltr'>γράμματα</span> <span class='ocrx_word' id='word_1_238' title='bbox 3234 717 3329 769; x_wconf 77' lang='grc' dir='ltr'><strong>καὶ</strong></span> <span class='ocrx_word' id='word_1_239' title='bbox 3380 718 3673 783; x_wconf 85' lang='grc' dir='ltr'>άντίτιανα,</span> 
     </span>
    </p>
   </div>
   <div class='ocr_carea' id='block_1_36' title="bbox 2092 802 3676 881">
    <p class='ocr_par' dir='ltr' id='par_1_36' title="bbox 2092 802 3676 881">
     <span class='ocr_line' id='line_1_36' title="bbox 2092 802 3676 881; baseline 0.007 -29"><span class='ocrx_word' id='word_1_240' title='bbox 2092 806 2187 853; x_wconf 71' lang='grc' dir='ltr'><strong>καὶ</strong></span> <span class='ocrx_word' id='word_1_241' title='bbox 2220 802 2286 854; x_wconf 74' lang='grc' dir='ltr'>τὰ</span> <span class='ocrx_word' id='word_1_242' title='bbox 2311 805 2373 855; x_wconf 85' lang='grc' dir='ltr'><strong>ἐκ</strong></span> <span class='ocrx_word' id='word_1_243' title='bbox 2413 804 2686 872; x_wconf 81' lang='grc' dir='ltr'>κογχύλης</span> <span class='ocrx_word' id='word_1_244' title='bbox 2716 807 3127 876; x_wconf 75' lang='grc' dir='ltr'>πορφυρίζοντα</span> <span class='ocrx_word' id='word_1_245' title='bbox 3171 808 3365 877; x_wconf 83' lang='grc' dir='ltr'>ἱμάτια</span> <span class='ocrx_word' id='word_1_246' title='bbox 3395 826 3410 842; x_wconf 84' lang='grc'>⁶</span> <span class='ocrx_word' id='word_1_247' title='bbox 3470 811 3676 881; x_wconf 76' lang='grc' dir='ltr'>ἀρετῆς</span> 
     </span>
    </p>
   </div>
   <div class='ocr_carea' id='block_1_37' title="bbox 2090 894 3674 971">
    <p class='ocr_par' dir='ltr' id='par_1_37' title="bbox 2090 894 3674 971">
     <span class='ocr_line' id='line_1_37' title="bbox 2090 894 3674 971; baseline 0.006 -25"><span class='ocrx_word' id='word_1_248' title='bbox 2090 894 2203 964; x_wconf 82' lang='grc' dir='ltr'><strong>γάρ</strong></span> <span class='ocrx_word' id='word_1_249' title='bbox 2228 897 2322 947; x_wconf 64' lang='grc' dir='ltr'><strong>καὶ</strong></span> <span class='ocrx_word' id='word_1_250' title='bbox 2351 896 2769 967; x_wconf 75' lang='grc' dir='ltr'><strong>εὐσχημοσύνης</strong></span> <span class='ocrx_word' id='word_1_251' title='bbox 2802 898 3106 969; x_wconf 82' lang='grc' dir='ltr'>ὑπόδειγμα</span> <span class='ocrx_word' id='word_1_252' title='bbox 3135 901 3185 953; x_wconf 75' lang='lat' dir='ltr'><strong>oi</strong></span> <span class='ocrx_word' id='word_1_253' title='bbox 3210 902 3466 971; x_wconf 69' lang='grc' dir='ltr'>κληρικοὶ</span> <span class='ocrx_word' id='word_1_254' title='bbox 3518 902 3674 969; x_wconf 74' lang='grc' dir='ltr'>ὀφεί-</span> 
     </span>
    </p>
   </div>
   <div class='ocr_carea' id='block_1_38' title="bbox 2088 982 3670 1063">
    <p class='ocr_par' dir='ltr' id='par_1_38' title="bbox 2088 982 3670 1063">
     <span class='ocr_line' id='line_1_38' title="bbox 2088 982 3670 1063; baseline 0.008 -26"><span class='ocrx_word' id='word_1_255' title='bbox 2088 985 2273 1040; x_wconf 79' lang='grc' dir='ltr'><strong>λουσιν</strong></span> <span class='ocrx_word' id='word_1_256' title='bbox 2307 982 2467 1054; x_wconf 74' lang='grc' dir='ltr'>εἴναι,</span> <span class='ocrx_word' id='word_1_257' title='bbox 2502 989 2563 1042; x_wconf 73' lang='grc' dir='ltr'>οὗ</span> <span class='ocrx_word' id='word_1_258' title='bbox 2593 989 2702 1059; x_wconf 79' lang='grc' dir='ltr'>μὴν</span> <span class='ocrx_word' id='word_1_259' title='bbox 2739 989 3000 1058; x_wconf 81' lang='grc' dir='ltr'>βλακείας</span> <span class='ocrx_word' id='word_1_260' title='bbox 3049 991 3145 1045; x_wconf 77' lang='grc' dir='ltr'><strong>καὶ</strong></span> <span class='ocrx_word' id='word_1_261' title='bbox 3193 994 3501 1063; x_wconf 82' lang='grc' dir='ltr'>ἀσχήμονος</span> <span class='ocrx_word' id='word_1_262' title='bbox 3550 994 3670 1048; x_wconf 80' lang='grc' dir='ltr'>δια-</span> 
     </span>
    </p>
   </div>
   <div class='ocr_carea' id='block_1_39' title="bbox 2088 1080 2303 1145">
    <p class='ocr_par' dir='ltr' id='par_1_39' title="bbox 2088 1080 2303 1145">
     <span class='ocr_line' id='line_1_39' title="bbox 2088 1080 2303 1145; baseline -0.037 0"><span class='ocrx_word' id='word_1_263' title='bbox 2088 1080 2303 1145; x_wconf 71' lang='grc' dir='ltr'><strong>ΥωΥῆς.</strong></span> 
     </span>
    </p>
   </div>
   <div class='ocr_carea' id='block_1_40' title="bbox 2160 1171 3672 1251">
    <p class='ocr_par' dir='ltr' id='par_1_40' title="bbox 2160 1171 3672 1251">
     <span class='ocr_line' id='line_1_40' title="bbox 2160 1171 3672 1251; baseline 0.007 -28"><span class='ocrx_word' id='word_1_264' title='bbox 2160 1171 2407 1228; x_wconf 82' lang='grc' dir='ltr'><strong>ΖΩΝᾹΡ.</strong></span> <span class='ocrx_word' id='word_1_265' title='bbox 2459 1173 2597 1237; x_wconf 79' lang='grc' dir='ltr'>Τοὺς</span> <span class='ocrx_word' id='word_1_266' title='bbox 2628 1174 2705 1244; x_wconf 86' lang='grc' dir='ltr'><strong>τῷ</strong></span> <span class='ocrx_word' id='word_1_267' title='bbox 2736 1174 2855 1245; x_wconf 87' lang='grc' dir='ltr'><strong>Θεῷ</strong></span> <span class='ocrx_word' id='word_1_268' title='bbox 2908 1174 3347 1246; x_wconf 88' lang='grc' dir='ltr'>καθιερωμένους</span> <span class='ocrx_word' id='word_1_269' title='bbox 3401 1181 3672 1251; x_wconf 82' lang='grc' dir='ltr'>πανταχό-</span> 
     </span>
    </p>
   </div>
   <div class='ocr_carea' id='block_1_41' title="bbox 2090 1261 3670 1339">
    <p class='ocr_par' dir='ltr' id='par_1_41' title="bbox 2090 1261 3670 1339">
     <span class='ocr_line' id='line_1_41' title="bbox 2090 1261 3670 1339; baseline 0.006 -24"><span class='ocrx_word' id='word_1_270' title='bbox 2090 1261 2181 1315; x_wconf 86' lang='grc' dir='ltr'><strong>θεν</strong></span> <span class='ocrx_word' id='word_1_271' title='bbox 2210 1262 2290 1315; x_wconf 85' lang='grc' dir='ltr'><strong>δεῖ</strong></span> <span class='ocrx_word' id='word_1_272' title='bbox 2308 1265 2601 1334; x_wconf 82' lang='grc' dir='ltr'>τεκτῆσθαι</span> <span class='ocrx_word' id='word_1_273' title='bbox 2628 1265 2687 1318; x_wconf 78' lang='grc' dir='ltr'>τὸ</span> <span class='ocrx_word' id='word_1_274' title='bbox 2713 1264 2991 1335; x_wconf 76' lang='grc' dir='ltr'>εὔσχημον</span> <span class='ocrx_word' id='word_1_275' title='bbox 3014 1266 3111 1320; x_wconf 72' lang='grc' dir='ltr'>καὶ</span> <span class='ocrx_word' id='word_1_276' title='bbox 3151 1266 3210 1331; x_wconf 80' lang='grc' dir='ltr'>ἐξ</span> <span class='ocrx_word' id='word_1_277' title='bbox 3238 1268 3408 1336; x_wconf 80' lang='grc' dir='ltr'>αὐτῆς</span> <span class='ocrx_word' id='word_1_278' title='bbox 3436 1268 3538 1339; x_wconf 76' lang='grc' dir='ltr'>τῆς</span> <span class='ocrx_word' id='word_1_279' title='bbox 3562 1269 3670 1337; x_wconf 78' lang='grc' dir='ltr'>ἔξω</span> 
     </span>
    </p>
   </div>
   <div class='ocr_carea' id='block_1_42' title="bbox 2088 1356 3673 1429">
    <p class='ocr_par' dir='ltr' id='par_1_42' title="bbox 2088 1356 3673 1429">
     <span class='ocr_line' id='line_1_42' title="bbox 2088 1356 3673 1429; baseline 0.005 -23"><span class='ocrx_word' id='word_1_280' title='bbox 2088 1356 2427 1423; x_wconf 81' lang='grc' dir='ltr'>φαινομένης</span> <span class='ocrx_word' id='word_1_281' title='bbox 2473 1358 2653 1411; x_wconf 79' lang='grc' dir='ltr'>αὐτῶν</span> <span class='ocrx_word' id='word_1_282' title='bbox 2698 1359 3111 1421; x_wconf 75' lang='grc' dir='ltr'>καταστάσεως.</span> <span class='ocrx_word' id='word_1_283' title='bbox 3153 1358 3498 1427; x_wconf 75' lang='grc' dir='ltr'>Ἀνθρωπος</span> <span class='ocrx_word' id='word_1_284' title='bbox 3550 1360 3673 1429; x_wconf 78' lang='grc' dir='ltr'><strong>μὲν</strong></span> 
     </span>
    </p>
   </div>
   <div class='ocr_carea' id='block_1_43' title="bbox 2086 1447 3667 1521">
    <p class='ocr_par' dir='ltr' id='par_1_43' title="bbox 2086 1447 3667 1521">
     <span class='ocr_line' id='line_1_43' title="bbox 2086 1447 3667 1521; baseline 0.003 -22"><span class='ocrx_word' id='word_1_285' title='bbox 2086 1447 2196 1516; x_wconf 72' lang='grc' dir='ltr'><strong>γάρ</strong></span> <span class='ocrx_word' id='word_1_286' title='bbox 2218 1450 2305 1512; x_wconf 81' lang='grc' dir='ltr'>εἰς</span> <span class='ocrx_word' id='word_1_287' title='bbox 2336 1448 2687 1516; x_wconf 77' lang='grc' dir='ltr'>πρόσωπον,</span> <span class='ocrx_word' id='word_1_288' title='bbox 2713 1451 2878 1520; x_wconf 66' lang='grc' dir='ltr'>φησιν</span> <span class='ocrx_word' id='word_1_289' title='bbox 2898 1451 2932 1521; x_wconf 84' lang='grc' dir='ltr'><strong>ή</strong></span> <span class='ocrx_word' id='word_1_290' title='bbox 2967 1450 3159 1520; x_wconf 79' lang='grc' dir='ltr'>Γραφή</span> <span class='ocrx_word' id='word_1_291' title='bbox 3188 1466 3201 1481; x_wconf 90' lang='grc'><strong>·</strong></span> <span class='ocrx_word' id='word_1_292' title='bbox 3260 1452 3405 1516; x_wconf 79' lang='grc' dir='ltr'>Θεὸς</span> <span class='ocrx_word' id='word_1_293' title='bbox 3463 1449 3530 1503; x_wconf 80' lang='grc' dir='ltr'>δὲ</span> <span class='ocrx_word' id='word_1_294' title='bbox 3577 1453 3667 1515; x_wconf 81' lang='grc' dir='ltr'><strong>είς</strong></span> 
     </span>
    </p>
   </div>
   <div class='ocr_carea' id='block_1_44' title="bbox 2086 1539 3667 1612">
    <p class='ocr_par' dir='ltr' id='par_1_44' title="bbox 2086 1539 3667 1612">
     <span class='ocr_line' id='line_1_44' title="bbox 2086 1539 3667 1612; baseline 0.002 -21"><span class='ocrx_word' id='word_1_295' title='bbox 2086 1539 2357 1605; x_wconf 75' lang='grc' dir='ltr'><strong>καρδίαν.</strong></span> <span class='ocrx_word' id='word_1_296' title='bbox 2389 1541 2496 1593; x_wconf 77' lang='grc' dir='ltr'>Καὶ</span> <span class='ocrx_word' id='word_1_297' title='bbox 2529 1539 2599 1594; x_wconf 83' lang='grc' dir='ltr'><strong>τά</strong></span> <span class='ocrx_word' id='word_1_298' title='bbox 2641 1542 2739 1609; x_wconf 84' lang='grc' dir='ltr'>μὲν</span> <span class='ocrx_word' id='word_1_299' title='bbox 2764 1543 2863 1611; x_wconf 82' lang='grc' dir='ltr'>τῆς</span> <span class='ocrx_word' id='word_1_300' title='bbox 2891 1542 3121 1612; x_wconf 81' lang='grc' dir='ltr'>καρδίας</span> <span class='ocrx_word' id='word_1_301' title='bbox 3145 1543 3421 1612; x_wconf 81' lang='grc' dir='ltr'>κινήματα</span> <span class='ocrx_word' id='word_1_302' title='bbox 3446 1542 3667 1610; x_wconf 78' lang='grc' dir='ltr'>γνωστὰ</span> 
     </span>
    </p>
   </div>
   <div class='ocr_carea' id='block_1_45' title="bbox 2085 1630 3667 1704">
    <p class='ocr_par' dir='ltr' id='par_1_45' title="bbox 2085 1630 3667 1704">
     <span class='ocr_line' id='line_1_45' title="bbox 2085 1630 3667 1704; baseline 0.002 -22"><span class='ocrx_word' id='word_1_303' title='bbox 2085 1630 2164 1699; x_wconf 83' lang='grc' dir='ltr'><strong>τῷ</strong></span> <span class='ocrx_word' id='word_1_304' title='bbox 2188 1632 2308 1702; x_wconf 82' lang='grc' dir='ltr'><strong>Θεῷ</strong></span> <span class='ocrx_word' id='word_1_305' title='bbox 2336 1650 2349 1662; x_wconf 93' lang='grc'><strong>·</strong></span> <span class='ocrx_word' id='word_1_306' title='bbox 2376 1632 2426 1685; x_wconf 84' lang='grc' dir='ltr'>οε</span> <span class='ocrx_word' id='word_1_307' title='bbox 2461 1632 2738 1702; x_wconf 78' lang='grc' dir='ltr'>ἄνθρωποι</span> <span class='ocrx_word' id='word_1_308' title='bbox 2769 1634 2824 1687; x_wconf 87' lang='grc' dir='ltr'><strong>δέ</strong></span> <span class='ocrx_word' id='word_1_309' title='bbox 2860 1634 2925 1687; x_wconf 87' lang='grc' dir='ltr'><strong>ἐκ</strong></span> <span class='ocrx_word' id='word_1_310' title='bbox 2947 1634 3056 1686; x_wconf 86' lang='grc' dir='ltr'>τῶν</span> <span class='ocrx_word' id='word_1_311' title='bbox 3084 1634 3243 1696; x_wconf 81' lang='grc' dir='ltr'>ἐκτὸς</span> <span class='ocrx_word' id='word_1_312' title='bbox 3270 1635 3667 1704; x_wconf 78' lang='grc' dir='ltr'>τεκμαίρονται</span> 
     </span>
    </p>
   </div>
   <div class='ocr_carea' id='block_1_46' title="bbox 2085 1722 3668 1796">
    <p class='ocr_par' dir='ltr' id='par_1_46' title="bbox 2085 1722 3668 1796">
     <span class='ocr_line' id='line_1_46' title="bbox 2085 1722 3668 1796; baseline 0.003 -22"><span class='ocrx_word' id='word_1_313' title='bbox 2085 1724 2153 1775; x_wconf 80' lang='grc' dir='ltr'><strong>τά</strong></span> <span class='ocrx_word' id='word_1_314' title='bbox 2181 1722 2331 1778; x_wconf 84' lang='grc' dir='ltr'>ένδον</span> <span class='ocrx_word' id='word_1_315' title='bbox 2359 1724 2456 1777; x_wconf 79' lang='grc' dir='ltr'>καὶ</span> <span class='ocrx_word' id='word_1_316' title='bbox 2498 1724 2703 1794; x_wconf 81' lang='grc' dir='ltr'>ἀφανῆ.</span> <span class='ocrx_word' id='word_1_317' title='bbox 2744 1725 2806 1778; x_wconf 82' lang='lat' dir='ltr'><strong>El</strong></span> <span class='ocrx_word' id='word_1_318' title='bbox 2828 1725 2962 1793; x_wconf 80' lang='grc' dir='ltr'>γοῦν</span> <span class='ocrx_word' id='word_1_319' title='bbox 2997 1725 3214 1796; x_wconf 82' lang='grc' dir='ltr'>δρῶμεν</span> <span class='ocrx_word' id='word_1_320' title='bbox 3246 1725 3373 1789; x_wconf 82' lang='grc' dir='ltr'>τοὺς</span> <span class='ocrx_word' id='word_1_321' title='bbox 3425 1726 3503 1795; x_wconf 86' lang='grc' dir='ltr'><strong>τῷ</strong></span> <span class='ocrx_word' id='word_1_322' title='bbox 3549 1724 3668 1794; x_wconf 87' lang='grc' dir='ltr'><strong>Θεῷ</strong></span> 
     </span>
    </p>
   </div>
   <div class='ocr_carea' id='block_1_47' title="bbox 2088 1815 3664 1887">
    <p class='ocr_par' dir='ltr' id='par_1_47' title="bbox 2088 1815 3664 1887">
     <span class='ocr_line' id='line_1_47' title="bbox 2088 1815 3664 1887; baseline 0.001 -21"><span class='ocrx_word' id='word_1_323' title='bbox 2088 1815 2550 1885; x_wconf 86' lang='grc' dir='ltr'>κεκληρωμένους</span> <span class='ocrx_word' id='word_1_324' title='bbox 2606 1816 2681 1886; x_wconf 88' lang='grc' dir='ltr'>μὴ</span> <span class='ocrx_word' id='word_1_325' title='bbox 2729 1816 2809 1886; x_wconf 84' lang='grc' dir='ltr'>τῷ</span> <span class='ocrx_word' id='word_1_326' title='bbox 2849 1818 3009 1882; x_wconf 86' lang='grc' dir='ltr'><strong>τύπῳ</strong></span> <span class='ocrx_word' id='word_1_327' title='bbox 3034 1816 3130 1870; x_wconf 76' lang='grc' dir='ltr'><strong>καὶ</strong></span> <span class='ocrx_word' id='word_1_328' title='bbox 3181 1818 3250 1886; x_wconf 81' lang='grc' dir='ltr'>τῇ</span> <span class='ocrx_word' id='word_1_329' title='bbox 3290 1815 3548 1887; x_wconf 84' lang='grc' dir='ltr'>συνηθείᾳ</span> <span class='ocrx_word' id='word_1_330' title='bbox 3598 1820 3664 1885; x_wconf 81' lang='grc' dir='ltr'>τῇ</span> 
     </span>
    </p>
   </div>
   <div class='ocr_carea' id='block_1_48' title="bbox 2087 1905 3665 1977">
    <p class='ocr_par' dir='ltr' id='par_1_48' title="bbox 2087 1905 3665 1977">
     <span class='ocr_line' id='line_1_48' title="bbox 2087 1905 3665 1977; baseline 0.002 -21"><span class='ocrx_word' id='word_1_331' title='bbox 2087 1905 2218 1974; x_wconf 82' lang='grc' dir='ltr'>περὶ</span> <span class='ocrx_word' id='word_1_332' title='bbox 2265 1906 2367 1974; x_wconf 82' lang='grc' dir='ltr'>τὴν</span> <span class='ocrx_word' id='word_1_333' title='bbox 2419 1905 2612 1975; x_wconf 75' lang='grc' dir='ltr'>στολὴν</span> <span class='ocrx_word' id='word_1_334' title='bbox 2677 1907 3039 1977; x_wconf 82' lang='grc' dir='ltr'>ἐμμένοντας,</span> <span class='ocrx_word' id='word_1_335' title='bbox 3099 1906 3214 1960; x_wconf 79' lang='grc' dir='ltr'>ἀλλ’</span> <span class='ocrx_word' id='word_1_336' title='bbox 3260 1906 3547 1969; x_wconf 77' lang='grc' dir='ltr'>άνοικεῐως</span> <span class='ocrx_word' id='word_1_337' title='bbox 3597 1908 3665 1977; x_wconf 80' lang='grc' dir='ltr'>τῇ</span> 
     </span>
    </p>
   </div>
   <div class='ocr_carea' id='block_1_49' title="bbox 2085 1995 3673 2068">
    <p class='ocr_par' dir='ltr' id='par_1_49' title="bbox 2085 1995 3673 2068">
     <span class='ocr_line' id='line_1_49' title="bbox 2085 1995 3673 2068; baseline 0.001 -21"><span class='ocrx_word' id='word_1_338' title='bbox 2085 1995 2295 2048; x_wconf 78' lang='grc' dir='ltr'>ἑαυτῶν</span> <span class='ocrx_word' id='word_1_339' title='bbox 2346 1998 2678 2050; x_wconf 84' lang='grc' dir='ltr'>καταστάσει</span> <span class='ocrx_word' id='word_1_340' title='bbox 2720 1997 3110 2066; x_wconf 80' lang='grc' dir='ltr'>ἐσταλμένους,</span> <span class='ocrx_word' id='word_1_341' title='bbox 3172 1998 3265 2051; x_wconf 79' lang='grc' dir='ltr'><strong>καὶ</strong></span> <span class='ocrx_word' id='word_1_342' title='bbox 3309 1997 3342 2068; x_wconf 79' lang='grc' dir='ltr'>ἦ</span> <span class='ocrx_word' id='word_1_343' title='bbox 3405 1996 3673 2067; x_wconf 82' lang='grc' dir='ltr'>λαμπράς</span> 
     </span>
    </p>
   </div>
   <div class='ocr_carea' id='block_1_50' title="bbox 2083 2088 3672 2159">
    <p class='ocr_par' dir='ltr' id='par_1_50' title="bbox 2083 2088 3672 2159">
     <span class='ocr_line' id='line_1_50' title="bbox 2083 2088 3672 2159; baseline 0 -18"><span class='ocrx_word' id='word_1_344' title='bbox 2083 2104 2239 2151; x_wconf 89' lang='grc' dir='ltr'>τινας</span> <span class='ocrx_word' id='word_1_345' title='bbox 2266 2090 2520 2153; x_wconf 78' lang='grc' dir='ltr'>ποικίλας</span> <span class='ocrx_word' id='word_1_346' title='bbox 2573 2107 2633 2142; x_wconf 90' lang='grc' dir='ltr'><strong>τε</strong></span> <span class='ocrx_word' id='word_1_347' title='bbox 2688 2090 2784 2143; x_wconf 76' lang='grc' dir='ltr'>καὶ</span> <span class='ocrx_word' id='word_1_348' title='bbox 2828 2089 3138 2151; x_wconf 84' lang='grc' dir='ltr'>πολυτελεῖς</span> <span class='ocrx_word' id='word_1_349' title='bbox 3187 2088 3672 2159; x_wconf 84' lang='grc' dir='ltr'>ἁμφιεννυμένους</span> 
     </span>
    </p>
   </div>
   <div class='ocr_carea' id='block_1_51' title="bbox 2083 2179 3675 2250">
    <p class='ocr_par' dir='ltr' id='par_1_51' title="bbox 2083 2179 3675 2250">
     <span class='ocr_line' id='line_1_51' title="bbox 2083 2179 3675 2250; baseline 0 -19"><span class='ocrx_word' id='word_1_350' title='bbox 2083 2179 2361 2249; x_wconf 75' lang='grc' dir='ltr'>ἐνδύματα</span> <span class='ocrx_word' id='word_1_351' title='bbox 2396 2181 2471 2242; x_wconf 87' lang='grc' dir='ltr'>ὡς</span> <span class='ocrx_word' id='word_1_352' title='bbox 2499 2180 2660 2250; x_wconf 79' lang='grc' dir='ltr'>δῆθεν</span> <span class='ocrx_word' id='word_1_353' title='bbox 2685 2179 2969 2243; x_wconf 78' lang='grc' dir='ltr'>εὐσταλεῖς</span> <span class='ocrx_word' id='word_1_354' title='bbox 2999 2180 3294 2248; x_wconf 78' lang='grc' dir='ltr'>ἐσομένους</span> <span class='ocrx_word' id='word_1_355' title='bbox 3332 2180 3453 2233; x_wconf 79' lang='grc' dir='ltr'>ὁδὸν</span> <span class='ocrx_word' id='word_1_356' title='bbox 3478 2179 3675 2232; x_wconf 84' lang='grc' dir='ltr'>άνύον-</span> 
     </span>
    </p>
   </div>
   <div class='ocr_carea' id='block_1_52' title="bbox 2084 2272 3687 2341">
    <p class='ocr_par' dir='ltr' id='par_1_52' title="bbox 2084 2272 3687 2341">
     <span class='ocr_line' id='line_1_52' title="bbox 2084 2272 3687 2341; baseline 0.001 -18"><span class='ocrx_word' id='word_1_357' title='bbox 2084 2288 2204 2335; x_wconf 87' lang='grc' dir='ltr'>τας,</span> <span class='ocrx_word' id='word_1_358' title='bbox 2228 2272 2676 2339; x_wconf 87' lang='grc' dir='ltr'>καταγνώσονται</span> <span class='ocrx_word' id='word_1_359' title='bbox 2698 2272 2807 2326; x_wconf 87' lang='grc' dir='ltr'><strong>τῶν</strong></span> <span class='ocrx_word' id='word_1_360' title='bbox 2826 2273 3058 2330; x_wconf 85' lang='grc' dir='ltr'>πιστῶν.</span> <span class='ocrx_word' id='word_1_361' title='bbox 3081 2272 3175 2325; x_wconf 71' lang='grc' dir='ltr'>καὶ</span> <span class='ocrx_word' id='word_1_362' title='bbox 3206 2275 3270 2325; x_wconf 81' lang='grc' dir='ltr'><strong>ἐκ</strong></span> <span class='ocrx_word' id='word_1_363' title='bbox 3305 2272 3405 2341; x_wconf 80' lang='grc' dir='ltr'>τῆς</span> <span class='ocrx_word' id='word_1_364' title='bbox 3468 2272 3687 2337; x_wconf 70' lang='grc' dir='ltr'>ἔξωθεν</span> 
     </span>
    </p>
   </div>
   <div class='ocr_carea' id='block_1_53' title="bbox 2085 2362 3669 2435">
    <p class='ocr_par' dir='ltr' id='par_1_53' title="bbox 2085 2362 3669 2435">
     <span class='ocr_line' id='line_1_53' title="bbox 2085 2362 3669 2435; baseline 0.001 -20"><span class='ocrx_word' id='word_1_365' title='bbox 2085 2362 2328 2418; x_wconf 77' lang='grc' dir='ltr'>ἀτάκτου</span> <span class='ocrx_word' id='word_1_366' title='bbox 2360 2366 2672 2435; x_wconf 71' lang='grc' dir='ltr'>περιφορᾶς</span> <span class='ocrx_word' id='word_1_367' title='bbox 2704 2366 2934 2419; x_wconf 80' lang='grc' dir='ltr'>τοιαῦτα</span> <span class='ocrx_word' id='word_1_368' title='bbox 2981 2364 3227 2435; x_wconf 77' lang='grc' dir='ltr'>κρινοῦσι</span> <span class='ocrx_word' id='word_1_369' title='bbox 3263 2364 3373 2418; x_wconf 82' lang='grc' dir='ltr'>τῶν</span> <span class='ocrx_word' id='word_1_370' title='bbox 3431 2364 3507 2433; x_wconf 80' lang='grc' dir='ltr'>τῷ</span> <span class='ocrx_word' id='word_1_371' title='bbox 3548 2363 3669 2434; x_wconf 84' lang='grc' dir='ltr'><strong>Θεῷ</strong></span> 
     </span>
    </p>
   </div>
   <div class='ocr_carea' id='block_1_54' title="bbox 2084 2456 3657 2527">
    <p class='ocr_par' dir='ltr' id='par_1_54' title="bbox 2084 2456 3657 2527">
     <span class='ocr_line' id='line_1_54' title="bbox 2084 2456 3657 2527; baseline 0.003 -21"><span class='ocrx_word' id='word_1_372' title='bbox 2084 2456 2530 2524; x_wconf 76' lang='grc' dir='ltr'>κεκληρωμένων</span> <span class='ocrx_word' id='word_1_373' title='bbox 2561 2458 2652 2510; x_wconf 70' lang='grc' dir='ltr'><strong>καὶ</strong></span> <span class='ocrx_word' id='word_1_374' title='bbox 2680 2457 2750 2510; x_wconf 72' lang='grc' dir='ltr'><strong>τὰ</strong></span> <span class='ocrx_word' id='word_1_375' title='bbox 2792 2458 2962 2521; x_wconf 79' lang='grc' dir='ltr'>ἐντός.</span> <span class='ocrx_word' id='word_1_376' title='bbox 3012 2459 3081 2510; x_wconf 70' lang='grc' dir='ltr'><strong>’ον</strong></span> <span class='ocrx_word' id='word_1_377' title='bbox 3111 2457 3165 2510; x_wconf 85' lang='grc' dir='ltr'>δὲ</span> <span class='ocrx_word' id='word_1_378' title='bbox 3200 2458 3375 2527; x_wconf 80' lang='grc' dir='ltr'>μέγας</span> <span class='ocrx_word' id='word_1_379' title='bbox 3423 2458 3657 2520; x_wconf 84' lang='grc' dir='ltr'>Παῦλος,</span> 
     </span>
    </p>
   </div>
   <div class='ocr_carea' id='block_1_55' title="bbox 2095 2546 3656 2617">
    <p class='ocr_par' dir='ltr' id='par_1_55' title="bbox 2095 2546 3656 2617">
     <span class='ocr_line' id='line_1_55' title="bbox 2095 2546 3656 2617; baseline 0.001 -18"><span class='ocrx_word' id='word_1_380' title='bbox 2095 2546 2518 2613; x_wconf 78' lang='grc' dir='ltr'>Ἀπρόσκοποι,</span> <span class='ocrx_word' id='word_1_381' title='bbox 2567 2549 2722 2616; x_wconf 62' lang='grc' dir='ltr'>φησι,</span> <span class='ocrx_word' id='word_1_382' title='bbox 2744 2548 3011 2617; x_wconf 66' lang='grc' dir='ltr'>ῗγΙνεσθε</span> <span class='ocrx_word' id='word_1_383' title='bbox 3039 2548 3151 2613; x_wconf 5' lang='grc' dir='ltr'>καί,</span> <span class='ocrx_word' id='word_1_384' title='bbox 3174 2549 3517 2615; x_wconf 77' lang='grc' dir='ltr'>Ἰουδαίοις,</span> <span class='ocrx_word' id='word_1_385' title='bbox 3553 2550 3656 2601; x_wconf 80' lang='grc' dir='ltr'>καὶ</span> 
     </span>
    </p>
   </div>
   <div class='ocr_carea' id='block_1_56' title="bbox 2084 2636 3673 2707">
    <p class='ocr_par' dir='ltr' id='par_1_56' title="bbox 2084 2636 3673 2707">
     <span class='ocr_line' id='line_1_56' title="bbox 2084 2636 3673 2707; baseline 0.001 -17"><span class='ocrx_word' id='word_1_386' title='bbox 2084 2636 2347 2703; x_wconf 67' lang='grc' dir='ltr'>Ἕλλησι</span> <span class='ocrx_word' id='word_1_387' title='bbox 2366 2639 2462 2691; x_wconf 77' lang='grc' dir='ltr'><strong>καί</strong></span> <span class='ocrx_word' id='word_1_388' title='bbox 2483 2638 2554 2707; x_wconf 78' lang='grc' dir='ltr'><strong>τῇ</strong></span> <span class='ocrx_word' id='word_1_389' title='bbox 2570 2640 2901 2706; x_wconf 68' lang='grc' dir='ltr'>Ἐκκλησία</span> <span class='ocrx_word' id='word_1_390' title='bbox 2923 2639 3029 2693; x_wconf 77' lang='grc' dir='ltr'><strong>τοῦ</strong></span> <span class='ocrx_word' id='word_1_391' title='bbox 3055 2639 3221 2694; x_wconf 83' lang='grc' dir='ltr'>Θεοῦ.</span> <span class='ocrx_word' id='word_1_392' title='bbox 3240 2640 3298 2692; x_wconf 89' lang='lat'><strong>&#39;0</strong></span> <span class='ocrx_word' id='word_1_393' title='bbox 3321 2638 3451 2706; x_wconf 82' lang='grc' dir='ltr'>γοῦν</span> <span class='ocrx_word' id='word_1_394' title='bbox 3476 2638 3673 2707; x_wconf 84' lang='grc' dir='ltr'>παρὼν</span> 
     </span>
    </p>
   </div>
   <div class='ocr_carea' id='block_1_57' title="bbox 2082 2729 3667 2801">
    <p class='ocr_par' dir='ltr' id='par_1_57' title="bbox 2082 2729 3667 2801">
     <span class='ocr_line' id='line_1_57' title="bbox 2082 2729 3667 2801; baseline 0.002 -21"><span class='ocrx_word' id='word_1_395' title='bbox 2082 2729 2264 2781; x_wconf 82' lang='grc' dir='ltr'>κανὼν</span> <span class='ocrx_word' id='word_1_396' title='bbox 2284 2732 2454 2783; x_wconf 76' lang='grc' dir='ltr'>πᾶσιν</span> <span class='ocrx_word' id='word_1_397' title='bbox 2482 2731 2785 2783; x_wconf 79' lang='grc' dir='ltr'>ἐντέλλεται</span> <span class='ocrx_word' id='word_1_398' title='bbox 2816 2734 2927 2792; x_wconf 78' lang='grc' dir='ltr'>τοῖς</span> <span class='ocrx_word' id='word_1_399' title='bbox 2957 2733 3016 2785; x_wconf 85' lang='grc' dir='ltr'><strong>ἐν</strong></span> <span class='ocrx_word' id='word_1_400' title='bbox 3047 2731 3237 2801; x_wconf 84' lang='grc' dir='ltr'>κλήρῳ</span> <span class='ocrx_word' id='word_1_401' title='bbox 3256 2731 3376 2793; x_wconf 79' lang='grc' dir='ltr'>ταῖς</span> <span class='ocrx_word' id='word_1_402' title='bbox 3404 2730 3667 2800; x_wconf 80' lang='grc' dir='ltr'>συνήθεσι</span> 
     </span>
    </p>
   </div>
   <div class='ocr_carea' id='block_1_58' title="bbox 2082 2822 3665 2893">
    <p class='ocr_par' dir='ltr' id='par_1_58' title="bbox 2082 2822 3665 2893">
     <span class='ocr_line' id='line_1_58' title="bbox 2082 2822 3665 2893; baseline 0 -19"><span class='ocrx_word' id='word_1_403' title='bbox 2082 2822 2385 2891; x_wconf 81' lang='grc' dir='ltr'>κεχρῆσθαι</span> <span class='ocrx_word' id='word_1_404' title='bbox 2416 2824 2651 2886; x_wconf 84' lang='grc' dir='ltr'>στολαῖς,</span> <span class='ocrx_word' id='word_1_405' title='bbox 2686 2824 2782 2876; x_wconf 72' lang='grc' dir='ltr'>καὶ</span> <span class='ocrx_word' id='word_1_406' title='bbox 2818 2824 2875 2874; x_wconf 86' lang='grc' dir='ltr'><strong>ἐν</strong></span> <span class='ocrx_word' id='word_1_407' title='bbox 2910 2824 3063 2877; x_wconf 82' lang='grc' dir='ltr'>πόλει</span> <span class='ocrx_word' id='word_1_408' title='bbox 3087 2824 3185 2877; x_wconf 80' lang='grc' dir='ltr'>καὶ</span> <span class='ocrx_word' id='word_1_409' title='bbox 3218 2826 3277 2875; x_wconf 82' lang='grc' dir='ltr'><strong>ἐν</strong></span> <span class='ocrx_word' id='word_1_410' title='bbox 3301 2822 3405 2890; x_wconf 82' lang='grc' dir='ltr'>ὁδῷ</span> <span class='ocrx_word' id='word_1_411' title='bbox 3434 2838 3449 2853; x_wconf 77' lang='grc' dir='ltr'><strong>ο</strong></span> <span class='ocrx_word' id='word_1_412' title='bbox 3500 2823 3534 2892; x_wconf 77' lang='grc' dir='ltr'>ἢ</span> <span class='ocrx_word' id='word_1_413' title='bbox 3587 2822 3665 2893; x_wconf 77' lang='grc' dir='ltr'>μὴ</span> 
     </span>
    </p>
   </div>
   <div class='ocr_carea' id='block_1_59' title="bbox 2080 2913 3659 2985">
    <p class='ocr_par' dir='ltr' id='par_1_59' title="bbox 2080 2913 3659 2985">
     <span class='ocr_line' id='line_1_59' title="bbox 2080 2913 3659 2985; baseline 0 -19"><span class='ocrx_word' id='word_1_414' title='bbox 2080 2913 2240 2966; x_wconf 81' lang='grc' dir='ltr'>τοῦτο</span> <span class='ocrx_word' id='word_1_415' title='bbox 2264 2915 2577 2978; x_wconf 77' lang='grc' dir='ltr'>ποιοῦντας,</span> <span class='ocrx_word' id='word_1_416' title='bbox 2615 2917 2749 2969; x_wconf 81' lang='grc' dir='ltr'>ἀλλὰ</span> <span class='ocrx_word' id='word_1_417' title='bbox 2779 2916 3143 2985; x_wconf 81' lang='grc' dir='ltr'>παρεξιόντας</span> <span class='ocrx_word' id='word_1_418' title='bbox 3196 2914 3290 2983; x_wconf 80' lang='grc' dir='ltr'>τὴν</span> <span class='ocrx_word' id='word_1_419' title='bbox 3351 2914 3659 2982; x_wconf 87' lang='grc' dir='ltr'>συνήθειαν,</span> 
     </span>
    </p>
   </div>
   <div class='ocr_carea' id='block_1_60' title="bbox 2081 3000 3667 3077">
    <p class='ocr_par' dir='ltr' id='par_1_60' title="bbox 2081 3000 3667 3077">
     <span class='ocr_line' id='line_1_60' title="bbox 2081 3000 3667 3077; baseline -0.001 -19"><span class='ocrx_word' id='word_1_420' title='bbox 2081 3004 2444 3075; x_wconf 75' lang='grc' dir='ltr'>ἀφορίζεσθαι</span> <span class='ocrx_word' id='word_1_421' title='bbox 2492 3007 2582 3058; x_wconf 74' lang='grc' dir='ltr'>ἐπὶ</span> <span class='ocrx_word' id='word_1_422' title='bbox 2641 3007 2916 3077; x_wconf 76' lang='grc' dir='ltr'>ἑϐδομάδα</span> <span class='ocrx_word' id='word_1_423' title='bbox 2980 3005 3132 3075; x_wconf 87' lang='grc' dir='ltr'>μίαν.</span> <span class='ocrx_word' id='word_1_424' title='bbox 3176 3004 3286 3057; x_wconf 81' lang='grc' dir='ltr'><strong>Καὶ</strong></span> <span class='ocrx_word' id='word_1_425' title='bbox 3315 3005 3344 3056; x_wconf 84' lang='grc' dir='ltr'><strong>ὁ</strong></span> <span class='ocrx_word' id='word_1_426' title='bbox 3377 3002 3452 3068; x_wconf 83' lang='grc' dir='ltr'>ις’</span> <span class='ocrx_word' id='word_1_427' title='bbox 3479 3004 3581 3073; x_wconf 85' lang='grc' dir='ltr'>τῆς</span> <span class='ocrx_word' id='word_1_428' title='bbox 3616 3000 3667 3069; x_wconf 77' lang='grc' dir='ltr'><strong>ζ’</strong></span> 
     </span>
    </p>
   </div>
   <div class='ocr_carea' id='block_1_61' title="bbox 406 3059 1985 3168">
    <p class='ocr_par' dir='ltr' id='par_1_61' title="bbox 406 3059 1979 3128">
     <span class='ocr_line' id='line_1_61' title="bbox 406 3059 1979 3128; baseline 0.003 -16"><span class='ocrx_word' id='word_1_429' title='bbox 406 3059 582 3126; x_wconf 90' lang='lat' dir='ltr'><strong>spatio</strong></span> <span class='ocrx_word' id='word_1_430' title='bbox 632 3061 988 3128; x_wconf 81' lang='lat' dir='ltr'><strong>segregandos</strong></span> <span class='ocrx_word' id='word_1_431' title='bbox 1023 3074 1147 3125; x_wconf 87' lang='lat' dir='ltr'><strong>esse</strong></span> <span class='ocrx_word' id='word_1_432' title='bbox 1181 3060 1450 3116; x_wconf 86' lang='lat' dir='ltr'><strong>decernit.</strong></span> <span class='ocrx_word' id='word_1_433' title='bbox 1493 3060 1554 3113; x_wconf 76' lang='lat' dir='ltr'><strong>Et</strong></span> <span class='ocrx_word' id='word_1_434' title='bbox 1589 3076 1740 3126; x_wconf 85' lang='lat' dir='ltr'><strong>vero,</strong></span> <span class='ocrx_word' id='word_1_435' title='bbox 1793 3077 1859 3116; x_wconf 86' lang='lat' dir='ltr'><strong>ne</strong></span> <span class='ocrx_word' id='word_1_436' title='bbox 1890 3078 1979 3116; x_wconf 87' lang='lat' dir='ltr'><strong>sa-</strong></span> 
     </span>
    </p>
   </div>
   <div class='ocr_carea' id='block_1_62' title="bbox 2090 3059 3689 3168">
    <p class='ocr_par' dir='ltr' id='par_1_62' title="bbox 2090 3059 3689 3168">
     <span class='ocr_line' id='line_1_62' title="bbox 2090 3059 3689 3168; baseline 0 -19"><span class='ocrx_word' id='word_1_437' title='bbox 2090 3059 2302 3149; x_wconf 68' lang='grc' dir='ltr'>συνόδου</span> <span class='ocrx_word' id='word_1_438' title='bbox 2338 3097 2519 3151; x_wconf 89' lang='grc' dir='ltr'>κανὼν</span> <span class='ocrx_word' id='word_1_439' title='bbox 2552 3100 2627 3167; x_wconf 86' lang='grc' dir='ltr'>μὴ</span> <span class='ocrx_word' id='word_1_440' title='bbox 2653 3059 2961 3167; x_wconf 42' lang='grc' dir='ltr'>δεῖνῖφησιν</span> <span class='ocrx_word' id='word_1_441' title='bbox 2980 3059 3261 3168; x_wconf 33' lang='grc' dir='ltr'>*ἱερατικὸν</span> <span class='ocrx_word' id='word_1_442' title='bbox 3294 3059 3464 3165; x_wconf 72' lang='grc' dir='ltr'>ἄνδρα</span> <span class='ocrx_word' id='word_1_443' title='bbox 3492 3059 3689 3150; x_wconf 42' lang='grc' dir='ltr'>πολυζ-</span> 
     </span>
    </p>
   </div>
   <div class='ocr_carea' id='block_1_63' title="bbox 407 3150 1983 3220">
    <p class='ocr_par' dir='ltr' id='par_1_63' title="bbox 407 3150 1983 3220">
     <span class='ocr_line' id='line_1_63' title="bbox 407 3150 1983 3220; baseline 0.003 -14"><span class='ocrx_word' id='word_1_444' title='bbox 407 3150 703 3206; x_wconf 86' lang='lat' dir='ltr'><strong>ccrdotalis</strong></span> <span class='ocrx_word' id='word_1_445' title='bbox 736 3150 945 3205; x_wconf 87' lang='lat' dir='ltr'><strong>ordinis</strong></span> <span class='ocrx_word' id='word_1_446' title='bbox 977 3151 1094 3204; x_wconf 85' lang='lat' dir='ltr'><strong>viro</strong></span> <span class='ocrx_word' id='word_1_447' title='bbox 1148 3152 1481 3220; x_wconf 90' lang='lat' dir='ltr'><strong>sumptuosis</strong></span> <span class='ocrx_word' id='word_1_448' title='bbox 1510 3152 1748 3206; x_wconf 85' lang='lat' dir='ltr'><strong>vestibus</strong></span> <span class='ocrx_word' id='word_1_449' title='bbox 1791 3156 1867 3208; x_wconf 90' lang='lat' dir='ltr'><strong>uti</strong></span> <span class='ocrx_word' id='word_1_450' title='bbox 1917 3158 1983 3211; x_wconf 85' lang='lat' dir='ltr'><strong>li-</strong></span> 
     </span>
    </p>
   </div>
   <div class='ocr_carea' id='block_1_64' title="bbox 408 3244 1982 3312">
    <p class='ocr_par' dir='ltr' id='par_1_64' title="bbox 408 3244 1982 3312">
     <span class='ocr_line' id='line_1_64' title="bbox 408 3244 1982 3312; baseline 0.004 -16"><span class='ocrx_word' id='word_1_451' title='bbox 408 3252 552 3308; x_wconf 89' lang='lat' dir='ltr'><strong>ceat,</strong></span> <span class='ocrx_word' id='word_1_452' title='bbox 591 3244 801 3297; x_wconf 89' lang='lat' dir='ltr'><strong>decimo</strong></span> <span class='ocrx_word' id='word_1_453' title='bbox 832 3251 988 3297; x_wconf 80' lang='lat' dir='ltr'><strong>sexto</strong></span> <span class='ocrx_word' id='word_1_454' title='bbox 1021 3257 1240 3312; x_wconf 89' lang='lat' dir='ltr'><strong>quoque</strong></span> <span class='ocrx_word' id='word_1_455' title='bbox 1268 3244 1513 3312; x_wconf 69' lang='lat' dir='ltr'><strong>septima:</strong></span> <span class='ocrx_word' id='word_1_456' title='bbox 1544 3244 1732 3312; x_wconf 83' lang='lat' dir='ltr'><strong>synodi</strong></span> <span class='ocrx_word' id='word_1_457' title='bbox 1768 3260 1982 3304; x_wconf 88' lang='lat' dir='ltr'><strong>canone</strong></span> 
     </span>
    </p>
   </div>
   <div class='ocr_carea' id='block_1_65' title="bbox 406 3335 1499 3388">
    <p class='ocr_par' dir='ltr' id='par_1_65' title="bbox 406 3335 1499 3388">
     <span class='ocr_line' id='line_1_65' title="bbox 406 3335 1499 3388; baseline 0.005 -7"><span class='ocrx_word' id='word_1_458' title='bbox 406 3335 760 3387; x_wconf 71' lang='lat' dir='ltr'><strong>constitutum</strong></span> <span class='ocrx_word' id='word_1_459' title='bbox 789 3342 893 3388; x_wconf 89' lang='lat' dir='ltr'><strong>est.</strong></span> <span class='ocrx_word' id='word_1_460' title='bbox 1495 3349 1499 3354; x_wconf 83' lang='lat'>&#39;</span> 
     </span>
    </p>
   </div>
   <div class='ocr_carea' id='block_1_66' title="bbox 404 3444 1978 3510">
    <p class='ocr_par' dir='ltr' id='par_1_66' title="bbox 404 3444 1978 3510">
     <span class='ocr_line' id='line_1_66' title="bbox 404 3444 1978 3510; baseline 0.005 -10"><span class='ocrx_word' id='word_1_461' title='bbox 404 3444 634 3500; x_wconf 82' lang='lat' dir='ltr'><strong>ARIST.</strong></span> <span class='ocrx_word' id='word_1_462' title='bbox 670 3465 688 3497; x_wconf 78' lang='grc' dir='ltr'><strong>ι</strong></span> <span class='ocrx_word' id='word_1_463' title='bbox 712 3446 951 3503; x_wconf 80' lang='lat' dir='ltr'><strong>Clericus</strong></span> <span class='ocrx_word' id='word_1_464' title='bbox 976 3467 1076 3506; x_wconf 89' lang='lat' dir='ltr'><strong>nec</strong></span> <span class='ocrx_word' id='word_1_465' title='bbox 1105 3452 1298 3508; x_wconf 87' lang='lat' dir='ltr'><strong>itinere</strong></span> <span class='ocrx_word' id='word_1_466' title='bbox 1335 3468 1431 3508; x_wconf 85' lang='lat' dir='ltr'><strong>nec</strong></span> <span class='ocrx_word' id='word_1_467' title='bbox 1459 3456 1602 3510; x_wconf 90' lang='lat' dir='ltr'><strong>domi</strong></span> <span class='ocrx_word' id='word_1_468' title='bbox 1645 3466 1846 3510; x_wconf 83' lang='lat' dir='ltr'><strong>vestem</strong></span> <span class='ocrx_word' id='word_1_469' title='bbox 1874 3470 1978 3509; x_wconf 91' lang='lat' dir='ltr'><strong>non</strong></span> 
     </span>
    </p>
   </div>
   <div class='ocr_carea' id='block_1_67' title="bbox 485 3541 1978 3618">
    <p class='ocr_par' dir='ltr' id='par_1_67' title="bbox 485 3541 1978 3618">
     <span class='ocr_line' id='line_1_67' title="bbox 485 3541 1978 3618; baseline 0.009 -31"><span class='ocrx_word' id='word_1_470' title='bbox 485 3557 502 3587; x_wconf 75' lang='grc' dir='ltr'><strong>ι</strong></span> <span class='ocrx_word' id='word_1_471' title='bbox 536 3541 941 3594; x_wconf 86' lang='lat' dir='ltr'><strong>convenientem</strong></span> <span class='ocrx_word' id='word_1_472' title='bbox 985 3542 1199 3609; x_wconf 89' lang='lat' dir='ltr'><strong>induat,</strong></span> <span class='ocrx_word' id='word_1_473' title='bbox 1245 3545 1504 3616; x_wconf 88' lang='lat' dir='ltr'><strong>alioquin,</strong></span> <span class='ocrx_word' id='word_1_474' title='bbox 1546 3563 1651 3601; x_wconf 86' lang='lat' dir='ltr'><strong>una</strong></span> <span class='ocrx_word' id='word_1_475' title='bbox 1679 3542 1978 3618; x_wconf 84' lang='lat' dir='ltr'><strong>septimana</strong></span> 
     </span>
    </p>
   </div>
   <div class='ocr_carea' id='block_1_68' title="bbox 485 3628 1312 3701">
    <p class='ocr_par' dir='ltr' id='par_1_68' title="bbox 485 3628 1312 3701">
     <span class='ocr_line' id='line_1_68' title="bbox 485 3628 1312 3701; baseline 0.017 -28"><span class='ocrx_word' id='word_1_476' title='bbox 485 3642 503 3673; x_wconf 80' lang='grc' dir='ltr'><strong>ι</strong></span> <span class='ocrx_word' id='word_1_477' title='bbox 542 3635 871 3695; x_wconf 79' lang='lat' dir='ltr'><strong>scgrcgetur.</strong></span> <span class='ocrx_word' id='word_1_478' title='bbox 916 3647 935 3681; x_wconf 76' lang='grc' dir='ltr'><strong>ι</strong></span> <span class='ocrx_word' id='word_1_479' title='bbox 973 3628 1312 3701; x_wconf 79' lang='lat' dir='ltr'><strong>Perspicuus.</strong></span> 
     </span>
    </p>
   </div>
   <div class='ocr_carea' id='block_1_69' title="bbox 852 3719 1558 3790">
    <p class='ocr_par' dir='ltr' id='par_1_69' title="bbox 852 3719 1558 3790">
     <span class='ocr_line' id='line_1_69' title="bbox 852 3719 1558 3790; baseline 0.006 -16"><span class='ocrx_word' id='word_1_480' title='bbox 852 3719 1014 3790; x_wconf 75' lang='lat'><strong>133</strong></span> <span class='ocrx_word' id='word_1_481' title='bbox 1052 3720 1279 3776; x_wconf 60' lang='lat' dir='ltr'><strong>canos</strong></span> <span class='ocrx_word' id='word_1_482' title='bbox 1323 3722 1558 3778; x_wconf 76' lang='lat' dir='ltr'><strong>xxvm.</strong></span> 
     </span>
    </p>
   </div>
   <div class='ocr_carea' id='block_1_70' title="bbox 422 3807 1978 3885">
    <p class='ocr_par' dir='ltr' id='par_1_70' title="bbox 422 3807 1978 3885">
     <span class='ocr_line' id='line_1_70' title="bbox 422 3807 1978 3885; baseline 0.009 -26"><span class='ocrx_word' id='word_1_483' title='bbox 422 3827 440 3857; x_wconf 84' lang='grc' dir='ltr'><strong>ι</strong></span> <span class='ocrx_word' id='word_1_484' title='bbox 485 3807 753 3874; x_wconf 90' lang='lat' dir='ltr'><strong>Quoniam</strong></span> <span class='ocrx_word' id='word_1_485' title='bbox 800 3810 853 3864; x_wconf 91' lang='lat' dir='ltr'><strong>in</strong></span> <span class='ocrx_word' id='word_1_486' title='bbox 888 3814 1118 3868; x_wconf 86' lang='lat' dir='ltr'><strong>diversis</strong></span> <span class='ocrx_word' id='word_1_487' title='bbox 1163 3816 1410 3871; x_wconf 89' lang='lat' dir='ltr'><strong>ecclesiis</strong></span> <span class='ocrx_word' id='word_1_488' title='bbox 1446 3817 1828 3885; x_wconf 75' lang='lat' dir='ltr'><strong>intelleximus,</strong></span> <span class='ocrx_word' id='word_1_489' title='bbox 1877 3834 1978 3873; x_wconf 92' lang='lat' dir='ltr'><strong>uva</strong></span> 
     </span>
    </p>
   </div>
   <div class='ocr_carea' id='block_1_71' title="bbox 483 3900 1974 3976">
    <p class='ocr_par' dir='ltr' id='par_1_71' title="bbox 483 3900 1974 3976">
     <span class='ocr_line' id='line_1_71' title="bbox 483 3900 1974 3976; baseline 0.007 -24"><span class='ocrx_word' id='word_1_490' title='bbox 483 3918 501 3951; x_wconf 74' lang='grc' dir='ltr'><strong>ι</strong></span> <span class='ocrx_word' id='word_1_491' title='bbox 537 3901 603 3953; x_wconf 87' lang='lat' dir='ltr'><strong>ad</strong></span> <span class='ocrx_word' id='word_1_492' title='bbox 632 3900 805 3956; x_wconf 83' lang='lat' dir='ltr'><strong>altare</strong></span> <span class='ocrx_word' id='word_1_493' title='bbox 836 3902 1019 3968; x_wconf 85' lang='lat' dir='ltr'><strong>allata,</strong></span> <span class='ocrx_word' id='word_1_494' title='bbox 1054 3920 1119 3960; x_wconf 80' lang='lat' dir='ltr'><strong>ex</strong></span> <span class='ocrx_word' id='word_1_495' title='bbox 1156 3908 1387 3975; x_wconf 77' lang='lat' dir='ltr'><strong>quadam</strong></span> <span class='ocrx_word' id='word_1_496' title='bbox 1421 3922 1539 3976; x_wconf 70' lang='lat' dir='ltr'><strong>quae</strong></span> <span class='ocrx_word' id='word_1_497' title='bbox 1578 3909 1805 3964; x_wconf 84' lang='lat' dir='ltr'><strong>invaluit</strong></span> <span class='ocrx_word' id='word_1_498' title='bbox 1836 3925 1974 3965; x_wconf 87' lang='lat' dir='ltr'><strong>con-</strong></span> 
     </span>
    </p>
   </div>
   <div class='ocr_carea' id='block_1_72' title="bbox 482 3995 1981 4069">
    <p class='ocr_par' dir='ltr' id='par_1_72' title="bbox 482 3995 1981 4069">
     <span class='ocr_line' id='line_1_72' title="bbox 482 3995 1981 4069; baseline 0.01 -25"><span class='ocrx_word' id='word_1_499' title='bbox 482 4013 500 4044; x_wconf 76' lang='grc' dir='ltr'><strong>ι</strong></span> <span class='ocrx_word' id='word_1_500' title='bbox 542 3995 850 4061; x_wconf 88' lang='lat' dir='ltr'><strong>suetudine,</strong></span> <span class='ocrx_word' id='word_1_501' title='bbox 877 3997 1185 4063; x_wconf 87' lang='lat' dir='ltr'><strong>ministros,</strong></span> <span class='ocrx_word' id='word_1_502' title='bbox 1213 4009 1497 4069; x_wconf 89' lang='lat' dir='ltr'><strong>postquam</strong></span> <span class='ocrx_word' id='word_1_503' title='bbox 1530 4001 1671 4056; x_wconf 89' lang='lat' dir='ltr'><strong>banc</strong></span> <span class='ocrx_word' id='word_1_504' title='bbox 1698 4003 1981 4059; x_wconf 88' lang='lat' dir='ltr'><strong>incruento</strong></span> 
     </span>
    </p>
   </div>
   <div class='ocr_carea' id='block_1_73' title="bbox 481 4086 1981 4163">
    <p class='ocr_par' dir='ltr' id='par_1_73' title="bbox 481 4086 1981 4163">
     <span class='ocr_line' id='line_1_73' title="bbox 481 4086 1981 4163; baseline 0.011 -29"><span class='ocrx_word' id='word_1_505' title='bbox 481 4106 500 4134; x_wconf 71' lang='grc' dir='ltr'><strong>ι</strong></span> <span class='ocrx_word' id='word_1_506' title='bbox 543 4086 835 4141; x_wconf 81' lang='lat' dir='ltr'><strong>oblationis</strong></span> <span class='ocrx_word' id='word_1_507' title='bbox 859 4088 1130 4144; x_wconf 76' lang='lat' dir='ltr'><strong>sacrificio</strong></span> <span class='ocrx_word' id='word_1_508' title='bbox 1152 4089 1805 4163; x_wconf 27' lang='lat' dir='ltr'><strong>conjttnxerint,.utraque</strong></span> <span class='ocrx_word' id='word_1_509' title='bbox 1821 4095 1981 4150; x_wconf 90' lang='lat' dir='ltr'><strong>simul</strong></span> 
     </span>
    </p>
   </div>
   <div class='ocr_carea' id='block_1_74' title="bbox 480 4176 1977 4246">
    <p class='ocr_par' dir='ltr' id='par_1_74' title="bbox 480 4176 1977 4246">
     <span class='ocr_line' id='line_1_74' title="bbox 480 4176 1977 4246; baseline 0.008 -19"><span class='ocrx_word' id='word_1_510' title='bbox 480 4196 498 4226; x_wconf 79' lang='grc' dir='ltr'><strong>ι</strong></span> <span class='ocrx_word' id='word_1_511' title='bbox 541 4176 736 4246; x_wconf 87' lang='lat' dir='ltr'><strong>populo</strong></span> <span class='ocrx_word' id='word_1_512' title='bbox 777 4178 1102 4233; x_wconf 85' lang='lat' dir='ltr'><strong>distribuere</strong></span> <span class='ocrx_word' id='word_1_513' title='bbox 1134 4198 1148 4234; x_wconf 89' lang='lat'><strong>:</strong></span> <span class='ocrx_word' id='word_1_514' title='bbox 1184 4181 1344 4234; x_wconf 92' lang='lat' dir='ltr'><strong>simul</strong></span> <span class='ocrx_word' id='word_1_515' title='bbox 1381 4183 1547 4236; x_wconf 87' lang='lat' dir='ltr'><strong>etiam</strong></span> <span class='ocrx_word' id='word_1_516' title='bbox 1580 4184 1977 4240; x_wconf 88' lang='lat' dir='ltr'><strong>decernendum</strong></span> 
     </span>
    </p>
   </div>
   <div class='ocr_carea' id='block_1_75' title="bbox 486 4269 1972 4338">
    <p class='ocr_par' dir='ltr' id='par_1_75' title="bbox 486 4269 1972 4338">
     <span class='ocr_line' id='line_1_75' title="bbox 486 4269 1972 4338; baseline 0.009 -22"><span class='ocrx_word' id='word_1_517' title='bbox 486 4287 504 4316; x_wconf 79' lang='grc' dir='ltr'><strong>ι</strong></span> <span class='ocrx_word' id='word_1_518' title='bbox 546 4283 664 4321; x_wconf 82' lang='lat' dir='ltr'><strong>esse</strong></span> <span class='ocrx_word' id='word_1_519' title='bbox 695 4269 1089 4338; x_wconf 79' lang='lat' dir='ltr'><strong>perspeximus,</strong></span> <span class='ocrx_word' id='word_1_520' title='bbox 1125 4280 1183 4323; x_wconf 78' lang='lat' dir='ltr'><strong>ut</strong></span> <span class='ocrx_word' id='word_1_521' title='bbox 1224 4272 1403 4327; x_wconf 89' lang='lat' dir='ltr'><strong>nullus</strong></span> <span class='ocrx_word' id='word_1_522' title='bbox 1431 4276 1684 4329; x_wconf 87' lang='lat' dir='ltr'><strong>sacerdos</strong></span> <span class='ocrx_word' id='word_1_523' title='bbox 1727 4278 1831 4332; x_wconf 87' lang='lat' dir='ltr'><strong>hoc</strong></span> <span class='ocrx_word' id='word_1_524' title='bbox 1859 4292 1972 4330; x_wconf 80' lang='lat' dir='ltr'><strong>am-</strong></span> 
     </span>
    </p>
   </div>
   <div class='ocr_carea' id='block_1_76' title="bbox 480 4352 1981 4435">
    <p class='ocr_par' dir='ltr' id='par_1_76' title="bbox 480 4352 1981 4435">
     <span class='ocr_line' id='line_1_76' title="bbox 480 4352 1981 4435; baseline 0.011 -32"><span class='ocrx_word' id='word_1_525' title='bbox 480 4373 497 4403; x_wconf 75' lang='grc' dir='ltr'><strong>ι</strong></span> <span class='ocrx_word' id='word_1_526' title='bbox 542 4354 683 4423; x_wconf 83' lang='lat' dir='ltr'><strong>ptius</strong></span> <span class='ocrx_word' id='word_1_527' title='bbox 722 4354 907 4422; x_wconf 78' lang='lat' dir='ltr'><strong>faciat,</strong></span> <span class='ocrx_word' id='word_1_528' title='bbox 960 4357 1054 4411; x_wconf 90' lang='lat' dir='ltr'><strong>sed</strong></span> <span class='ocrx_word' id='word_1_529' title='bbox 1114 4360 1179 4411; x_wconf 89' lang='lat' dir='ltr'><strong>ad</strong></span> <span class='ocrx_word' id='word_1_530' title='bbox 1218 4360 1636 4418; x_wconf 76' lang='lat' dir='ltr'><strong>vivificationem</strong></span> <span class='ocrx_word' id='word_1_531' title='bbox 1686 4352 1743 4418; x_wconf 80' lang='lat' dir='ltr'><strong>et</strong></span> <span class='ocrx_word' id='word_1_532' title='bbox 1788 4382 1981 4435; x_wconf 80' lang='lat' dir='ltr'><strong>pecca-</strong></span> 
     </span>
    </p>
   </div>
   <div class='ocr_carea' id='block_1_77' title="bbox 2081 3189 2907 3260">
    <p class='ocr_par' dir='ltr' id='par_1_77' title="bbox 2081 3189 2907 3260">
     <span class='ocr_line' id='line_1_77' title="bbox 2081 3189 2907 3260; baseline 0.005 -20"><span class='ocrx_word' id='word_1_533' title='bbox 2081 3189 2290 3242; x_wconf 87' lang='grc' dir='ltr'>τελέσιν</span> <span class='ocrx_word' id='word_1_534' title='bbox 2324 3189 2562 3259; x_wconf 78' lang='grc' dir='ltr'>ἱματίοις</span> <span class='ocrx_word' id='word_1_535' title='bbox 2583 3190 2907 3260; x_wconf 80' lang='grc' dir='ltr'>κεχρῆσθαι.</span> 
     </span>
    </p>
   </div>
   <div class='ocr_carea' id='block_1_78' title="bbox 2082 3453 3685 3526">
    <p class='ocr_par' dir='ltr' id='par_1_78' title="bbox 2082 3453 3685 3526">
     <span class='ocr_line' id='line_1_78' title="bbox 2082 3453 3685 3526; baseline -0.002 -16"><span class='ocrx_word' id='word_1_536' title='bbox 2082 3457 2305 3511; x_wconf 79' lang='grc' dir='ltr'><strong>ΑΡΙΣΤ.</strong></span> <span class='ocrx_word' id='word_1_537' title='bbox 2377 3475 2395 3507; x_wconf 78' lang='grc' dir='ltr'><strong>ι</strong></span> <span class='ocrx_word' id='word_1_538' title='bbox 2438 3455 2716 3525; x_wconf 77' lang='grc' dir='ltr'>Κληρικὸς</span> <span class='ocrx_word' id='word_1_539' title='bbox 2781 3456 2920 3526; x_wconf 88' lang='grc' dir='ltr'>μήτε</span> <span class='ocrx_word' id='word_1_540' title='bbox 2966 3456 3025 3509; x_wconf 86' lang='grc' dir='ltr'><strong>ἐν</strong></span> <span class='ocrx_word' id='word_1_541' title='bbox 3082 3455 3191 3526; x_wconf 77' lang='grc' dir='ltr'><strong>ὀδῷ</strong></span> <span class='ocrx_word' id='word_1_542' title='bbox 3226 3454 3365 3526; x_wconf 88' lang='grc' dir='ltr'>μήτε</span> <span class='ocrx_word' id='word_1_543' title='bbox 3413 3455 3470 3507; x_wconf 86' lang='grc' dir='ltr'><strong>ἐν</strong></span> <span class='ocrx_word' id='word_1_544' title='bbox 3525 3453 3685 3525; x_wconf 69' lang='grc' dir='ltr'>σίκῳι</span> 
     </span>
    </p>
   </div>
   <div class='ocr_carea' id='block_1_79' title="bbox 2160 3546 3663 3617">
    <p class='ocr_par' dir='ltr' id='par_1_79' title="bbox 2160 3546 3663 3617">
     <span class='ocr_line' id='line_1_79' title="bbox 2160 3546 3663 3617; baseline -0.001 -18"><span class='ocrx_word' id='word_1_545' title='bbox 2160 3568 2178 3599; x_wconf 79' lang='grc' dir='ltr'><strong>ι</strong></span> <span class='ocrx_word' id='word_1_546' title='bbox 2217 3548 2483 3600; x_wconf 83' lang='grc' dir='ltr'>ἀνοίκειον</span> <span class='ocrx_word' id='word_1_547' title='bbox 2522 3548 2730 3617; x_wconf 81' lang='grc' dir='ltr'>ἐσθῆτα</span> <span class='ocrx_word' id='word_1_548' title='bbox 2759 3546 3152 3617; x_wconf 83' lang='grc' dir='ltr'>άμφιεννΰσθω</span> <span class='ocrx_word' id='word_1_549' title='bbox 3183 3562 3198 3578; x_wconf 80' lang='grc'><strong><em>⁸</em></strong></span> <span class='ocrx_word' id='word_1_550' title='bbox 3228 3548 3276 3600; x_wconf 85' lang='grc' dir='ltr'><strong>εί</strong></span> <span class='ocrx_word' id='word_1_551' title='bbox 3319 3547 3376 3601; x_wconf 86' lang='grc' dir='ltr'>δὲ</span> <span class='ocrx_word' id='word_1_552' title='bbox 3410 3546 3510 3617; x_wconf 84' lang='grc' dir='ltr'><strong>μὴ,</strong></span> <span class='ocrx_word' id='word_1_553' title='bbox 3565 3547 3663 3599; x_wconf 67' lang='grc' dir='ltr'><strong>ἐπὶ</strong></span> 
     </span>
    </p>
   </div>
   <div class='ocr_carea' id='block_1_80' title="bbox 2162 3637 3376 3709">
    <p class='ocr_par' dir='ltr' id='par_1_80' title="bbox 2162 3637 3376 3709">
     <span class='ocr_line' id='line_1_80' title="bbox 2162 3637 3376 3709; baseline 0.001 -18"><span class='ocrx_word' id='word_1_554' title='bbox 2162 3658 2181 3691; x_wconf 84' lang='grc' dir='ltr'><strong>ι</strong></span> <span class='ocrx_word' id='word_1_555' title='bbox 2216 3639 2486 3709; x_wconf 77' lang='grc' dir='ltr'>ἑϐδομάδα</span> <span class='ocrx_word' id='word_1_556' title='bbox 2521 3640 2652 3709; x_wconf 90' lang='grc' dir='ltr'>μίαν</span> <span class='ocrx_word' id='word_1_557' title='bbox 2678 3638 3043 3707; x_wconf 76' lang='grc' dir='ltr'>ἀφοριζέσθω.</span> <span class='ocrx_word' id='word_1_558' title='bbox 3077 3657 3096 3690; x_wconf 76' lang='grc' dir='ltr'><strong>ι</strong></span> <span class='ocrx_word' id='word_1_559' title='bbox 3148 3637 3376 3707; x_wconf 71' lang='grc' dir='ltr'>Σαφής.</span> 
     </span>
    </p>
   </div>
   <div class='ocr_carea' id='block_1_81' title="bbox 2661 3733 3066 3786">
    <p class='ocr_par' dir='ltr' id='par_1_81' title="bbox 2661 3733 3066 3786">
     <span class='ocr_line' id='line_1_81' title="bbox 2661 3733 3066 3786; baseline 0 0"><span class='ocrx_word' id='word_1_560' title='bbox 2661 3733 2901 3786; x_wconf 83' lang='grc' dir='ltr'>ΚΑΝΩΝ</span> <span class='ocrx_word' id='word_1_561' title='bbox 2931 3733 3066 3786; x_wconf 85' lang='lat' dir='ltr'><strong>KH’.</strong></span> 
     </span>
    </p>
   </div>
   <div class='ocr_carea' id='block_1_82' title="bbox 2088 3824 3679 3896">
    <p class='ocr_par' dir='ltr' id='par_1_82' title="bbox 2088 3824 3679 3896">
     <span class='ocr_line' id='line_1_82' title="bbox 2088 3824 3679 3896; baseline -0.001 -21"><span class='ocrx_word' id='word_1_562' title='bbox 2088 3844 2106 3875; x_wconf 80' lang='grc' dir='ltr'><strong>ι</strong></span> <span class='ocrx_word' id='word_1_563' title='bbox 2163 3824 2378 3895; x_wconf 84' lang='grc' dir='ltr'>Ἐπειδὴ</span> <span class='ocrx_word' id='word_1_564' title='bbox 2412 3824 2470 3877; x_wconf 78' lang='grc' dir='ltr'>ἐν</span> <span class='ocrx_word' id='word_1_565' title='bbox 2518 3824 2800 3895; x_wconf 85' lang='grc' dir='ltr'>διαφόροις</span> <span class='ocrx_word' id='word_1_566' title='bbox 2854 3825 3175 3894; x_wconf 84' lang='grc' dir='ltr'>ἐκκλησίαις</span> <span class='ocrx_word' id='word_1_567' title='bbox 3216 3824 3679 3896; x_wconf 76' lang='grc' dir='ltr'>μεμαθήκαμεν,</span> 
     </span>
    </p>
   </div>
   <div class='ocr_carea' id='block_1_83' title="bbox 2159 3915 3664 3988">
    <p class='ocr_par' dir='ltr' id='par_1_83' title="bbox 2159 3915 3664 3988">
     <span class='ocr_line' id='line_1_83' title="bbox 2159 3915 3664 3988; baseline 0.003 -22"><span class='ocrx_word' id='word_1_568' title='bbox 2159 3935 2177 3966; x_wconf 81' lang='grc' dir='ltr'><strong>ι</strong></span> <span class='ocrx_word' id='word_1_569' title='bbox 2228 3915 2509 3985; x_wconf 83' lang='grc' dir='ltr'>σταφυλῆς</span> <span class='ocrx_word' id='word_1_570' title='bbox 2553 3918 2613 3969; x_wconf 82' lang='grc' dir='ltr'>ὲν</span> <span class='ocrx_word' id='word_1_571' title='bbox 2662 3916 2740 3985; x_wconf 86' lang='grc' dir='ltr'>τῷ</span> <span class='ocrx_word' id='word_1_572' title='bbox 2782 3916 3159 3987; x_wconf 75' lang='grc' dir='ltr'>θυσιαστηρίῳ</span> <span class='ocrx_word' id='word_1_573' title='bbox 3207 3918 3664 3988; x_wconf 80' lang='grc' dir='ltr'>προσφερομένης</span> 
     </span>
    </p>
   </div>
   <div class='ocr_carea' id='block_1_84' title="bbox 2155 4006 3664 4077">
    <p class='ocr_par' dir='ltr' id='par_1_84' title="bbox 2155 4006 3664 4077">
     <span class='ocr_line' id='line_1_84' title="bbox 2155 4006 3664 4077; baseline 0.003 -20"><span class='ocrx_word' id='word_1_574' title='bbox 2155 4027 2172 4057; x_wconf 84' lang='grc' dir='ltr'><strong>ι</strong></span> <span class='ocrx_word' id='word_1_575' title='bbox 2208 4007 2352 4060; x_wconf 90' lang='grc' dir='ltr'>κατά</span> <span class='ocrx_word' id='word_1_576' title='bbox 2374 4024 2429 4059; x_wconf 88' lang='grc' dir='ltr'><strong>τι</strong></span> <span class='ocrx_word' id='word_1_577' title='bbox 2471 4007 2752 4077; x_wconf 79' lang='grc' dir='ltr'>κρατῆσαν</span> <span class='ocrx_word' id='word_1_578' title='bbox 2779 4006 2921 4072; x_wconf 82' lang='grc' dir='ltr'>ἔθος,</span> <span class='ocrx_word' id='word_1_579' title='bbox 2962 4007 3090 4070; x_wconf 80' lang='grc' dir='ltr'>τοὺς</span> <span class='ocrx_word' id='word_1_580' title='bbox 3129 4008 3477 4074; x_wconf 81' lang='grc' dir='ltr'>λειτουργοὺς</span> <span class='ocrx_word' id='word_1_581' title='bbox 3527 4010 3664 4061; x_wconf 80' lang='grc' dir='ltr'>ταύ-</span> 
     </span>
    </p>
   </div>
   <div class='ocr_carea' id='block_1_85' title="bbox 2149 4099 3685 4171">
    <p class='ocr_par' dir='ltr' id='par_1_85' title="bbox 2149 4099 3685 4171">
     <span class='ocr_line' id='line_1_85' title="bbox 2149 4099 3685 4171; baseline 0.001 -22"><span class='ocrx_word' id='word_1_582' title='bbox 2149 4122 2165 4149; x_wconf 76' lang='grc' dir='ltr'><strong>ι</strong></span> <span class='ocrx_word' id='word_1_583' title='bbox 2208 4117 2306 4168; x_wconf 86' lang='grc' dir='ltr'><strong>την</strong></span> <span class='ocrx_word' id='word_1_584' title='bbox 2350 4103 2416 4171; x_wconf 87' lang='grc' dir='ltr'>τῇ</span> <span class='ocrx_word' id='word_1_585' title='bbox 2442 4100 2766 4170; x_wconf 83' lang='grc' dir='ltr'>ἀναιμάκτῳ</span> <span class='ocrx_word' id='word_1_586' title='bbox 2800 4100 2904 4169; x_wconf 82' lang='grc' dir='ltr'><strong>τῆς</strong></span> <span class='ocrx_word' id='word_1_587' title='bbox 2954 4099 3275 4169; x_wconf 82' lang='grc' dir='ltr'>προσφορᾶς</span> <span class='ocrx_word' id='word_1_588' title='bbox 3323 4099 3487 4170; x_wconf 76' lang='grc' dir='ltr'>θυσία</span> <span class='ocrx_word' id='word_1_589' title='bbox 3538 4114 3685 4151; x_wconf 42' lang='grc' dir='ltr'>συνὴν</span> 
     </span>
    </p>
   </div>
   <div class='ocr_carea' id='block_1_86' title="bbox 2160 4189 3664 4261">
    <p class='ocr_par' dir='ltr' id='par_1_86' title="bbox 2160 4189 3664 4261">
     <span class='ocr_line' id='line_1_86' title="bbox 2160 4189 3664 4261; baseline -0.001 -17"><span class='ocrx_word' id='word_1_590' title='bbox 2160 4212 2177 4244; x_wconf 83' lang='grc' dir='ltr'><strong>ι</strong></span> <span class='ocrx_word' id='word_1_591' title='bbox 2217 4194 2511 4257; x_wconf 83' lang='grc' dir='ltr'>ἅπτοντας,</span> <span class='ocrx_word' id='word_1_592' title='bbox 2536 4192 2707 4255; x_wconf 73' lang='grc' dir='ltr'>οὕτως</span> <span class='ocrx_word' id='word_1_593' title='bbox 2733 4192 2849 4260; x_wconf 74' lang='grc' dir='ltr'><strong>ἅμα</strong></span> <span class='ocrx_word' id='word_1_594' title='bbox 2894 4189 2973 4261; x_wconf 83' lang='grc' dir='ltr'>τῷ</span> <span class='ocrx_word' id='word_1_595' title='bbox 3013 4190 3129 4259; x_wconf 88' lang='grc' dir='ltr'>λαῷ</span> <span class='ocrx_word' id='word_1_596' title='bbox 3158 4191 3435 4260; x_wconf 80' lang='grc' dir='ltr'>διανέμειν</span> <span class='ocrx_word' id='word_1_597' title='bbox 3487 4191 3664 4259; x_wconf 84' lang='grc' dir='ltr'>ἀμφό-</span> 
     </span>
    </p>
   </div>
   <div class='ocr_carea' id='block_1_87' title="bbox 2161 4279 3663 4355">
    <p class='ocr_par' dir='ltr' id='par_1_87' title="bbox 2161 4279 3663 4355">
     <span class='ocr_line' id='line_1_87' title="bbox 2161 4279 3663 4355; baseline -0.001 -19"><span class='ocrx_word' id='word_1_598' title='bbox 2161 4303 2181 4336; x_wconf 82' lang='grc'><em>‹</em></span> <span class='ocrx_word' id='word_1_599' title='bbox 2218 4301 2375 4355; x_wconf 81' lang='grc' dir='ltr'>τερα,</span> <span class='ocrx_word' id='word_1_600' title='bbox 2411 4284 2747 4353; x_wconf 88' lang='grc' dir='ltr'>συνείδομεν,</span> <span class='ocrx_word' id='word_1_601' title='bbox 2785 4282 2926 4335; x_wconf 83' lang='grc' dir='ltr'>ὥστε</span> <span class='ocrx_word' id='word_1_602' title='bbox 2959 4282 3159 4353; x_wconf 83' lang='grc' dir='ltr'>μηκέτι</span> <span class='ocrx_word' id='word_1_603' title='bbox 3190 4279 3350 4333; x_wconf 80' lang='grc' dir='ltr'>τοῦτό</span> <span class='ocrx_word' id='word_1_604' title='bbox 3397 4299 3522 4335; x_wconf 88' lang='grc' dir='ltr'>τινα</span> <span class='ocrx_word' id='word_1_605' title='bbox 3551 4280 3663 4334; x_wconf 86' lang='grc' dir='ltr'><strong>τῶν</strong></span> 
     </span>
    </p>
   </div>
   <div class='ocr_carea' id='block_1_88' title="bbox 2157 4372 3666 4446">
    <p class='ocr_par' dir='ltr' id='par_1_88' title="bbox 2157 4372 3666 4446">
     <span class='ocr_line' id='line_1_88' title="bbox 2157 4372 3666 4446; baseline -0.003 -17"><span class='ocrx_word' id='word_1_606' title='bbox 2157 4395 2174 4428; x_wconf 85' lang='grc' dir='ltr'><strong>ι</strong></span> <span class='ocrx_word' id='word_1_607' title='bbox 2216 4376 2744 4446; x_wconf 79' lang='grc' dir='ltr'>ίερωμένωνξποιεῖν,</span> <span class='ocrx_word' id='word_1_608' title='bbox 2768 4373 2885 4426; x_wconf 75' lang='grc' dir='ltr'>ἀλλ’</span> <span class='ocrx_word' id='word_1_609' title='bbox 2904 4375 2985 4437; x_wconf 81' lang='grc' dir='ltr'><strong>είς</strong></span> <span class='ocrx_word' id='word_1_610' title='bbox 3010 4372 3453 4445; x_wconf 78' lang='grc' dir='ltr'>ζωοποίησινκαὶ</span> <span class='ocrx_word' id='word_1_611' title='bbox 3479 4373 3666 4444; x_wconf 84' lang='grc' dir='ltr'>ἁμαρ-</span> 
     </span>
    </p>
   </div>
   <div class='ocr_carea' id='block_1_89' title="bbox 487 4447 1985 4537">
    <p class='ocr_par' dir='ltr' id='par_1_89' title="bbox 487 4447 1977 4524">
     <span class='ocr_line' id='line_1_89' title="bbox 487 4447 1977 4524; baseline 0.01 -29"><span class='ocrx_word' id='word_1_612' title='bbox 487 4464 504 4494; x_wconf 80' lang='grc' dir='ltr'><strong>ε</strong></span> <span class='ocrx_word' id='word_1_613' title='bbox 554 4456 728 4499; x_wconf 84' lang='lat' dir='ltr'><strong>torum</strong></span> <span class='ocrx_word' id='word_1_614' title='bbox 762 4447 1141 4503; x_wconf 84' lang='lat' dir='ltr'><strong>remissionem</strong></span> <span class='ocrx_word' id='word_1_615' title='bbox 1173 4450 1343 4504; x_wconf 84' lang='lat' dir='ltr'><strong>solam</strong></span> <span class='ocrx_word' id='word_1_616' title='bbox 1396 4451 1731 4506; x_wconf 87' lang='lat' dir='ltr'><strong>oblationem</strong></span> <span class='ocrx_word' id='word_1_617' title='bbox 1772 4456 1977 4524; x_wconf 84' lang='lat' dir='ltr'><strong>populo</strong></span> 
     </span>
    </p>
   </div>
   <div class='ocr_carea' id='block_1_90' title="bbox 2090 4447 3663 4537">
    <p class='ocr_par' dir='ltr' id='par_1_90' title="bbox 2160 4464 3663 4537">
     <span class='ocr_line' id='line_1_90' title="bbox 2160 4464 3663 4537; baseline -0.001 -18"><span class='ocrx_word' id='word_1_618' title='bbox 2160 4487 2178 4519; x_wconf 80' lang='grc' dir='ltr'><strong>ι</strong></span> <span class='ocrx_word' id='word_1_619' title='bbox 2213 4468 2346 4523; x_wconf 84' lang='grc' dir='ltr'>τιῶν</span> <span class='ocrx_word' id='word_1_620' title='bbox 2405 4468 2599 4535; x_wconf 77' lang='grc' dir='ltr'>ἄφεσιν</span> <span class='ocrx_word' id='word_1_621' title='bbox 2657 4466 2735 4536; x_wconf 83' lang='grc' dir='ltr'><strong>τῷ</strong></span> <span class='ocrx_word' id='word_1_622' title='bbox 2790 4465 2902 4535; x_wconf 85' lang='grc' dir='ltr'><strong>λαῷ</strong></span> <span class='ocrx_word' id='word_1_623' title='bbox 2958 4466 3059 4535; x_wconf 80' lang='grc' dir='ltr'><strong>τῆς</strong></span> <span class='ocrx_word' id='word_1_624' title='bbox 3116 4467 3433 4537; x_wconf 80' lang='grc' dir='ltr'>προσφορᾶς</span> <span class='ocrx_word' id='word_1_625' title='bbox 3494 4464 3663 4534; x_wconf 87' lang='grc' dir='ltr'>μόνης</span> 
     </span>
    </p>
   </div>
   <div class='ocr_carea' id='block_1_91' title="bbox 478 4533 1971 4607">
    <p class='ocr_par' dir='ltr' id='par_1_91' title="bbox 478 4533 1971 4607">
     <span class='ocr_line' id='line_1_91' title="bbox 478 4533 1971 4607; baseline 0.011 -24"><span class='ocrx_word' id='word_1_626' title='bbox 478 4552 498 4582; x_wconf 79' lang='grc' dir='ltr'><strong>ι</strong></span> <span class='ocrx_word' id='word_1_627' title='bbox 542 4533 846 4602; x_wconf 89' lang='lat' dir='ltr'><strong>impertiat;</strong></span> <span class='ocrx_word' id='word_1_628' title='bbox 882 4544 1133 4604; x_wconf 89' lang='lat' dir='ltr'><strong>tanquam</strong></span> <span class='ocrx_word' id='word_1_629' title='bbox 1163 4538 1429 4607; x_wconf 88' lang='lat' dir='ltr'><strong>primitias</strong></span> <span class='ocrx_word' id='word_1_630' title='bbox 1476 4550 1656 4595; x_wconf 89' lang='lat' dir='ltr'><strong>autem</strong></span> <span class='ocrx_word' id='word_1_631' title='bbox 1688 4558 1804 4597; x_wconf 73' lang='lat' dir='ltr'><strong>uvae</strong></span> <span class='ocrx_word' id='word_1_632' title='bbox 1833 4545 1971 4599; x_wconf 87' lang='lat' dir='ltr'><strong>alla-</strong></span> 
     </span>
    </p>
   </div>
   <div class='ocr_carea' id='block_1_92' title="bbox 479 4627 1974 4698">
    <p class='ocr_par' dir='ltr' id='par_1_92' title="bbox 479 4627 1974 4698">
     <span class='ocr_line' id='line_1_92' title="bbox 479 4627 1974 4698; baseline 0.011 -21"><span class='ocrx_word' id='word_1_633' title='bbox 479 4645 497 4675; x_wconf 80' lang='grc' dir='ltr'><strong>ι</strong></span> <span class='ocrx_word' id='word_1_634' title='bbox 536 4627 737 4679; x_wconf 88' lang='lat' dir='ltr'><strong>tionem</strong></span> <span class='ocrx_word' id='word_1_635' title='bbox 783 4627 1183 4698; x_wconf 86' lang='lat' dir='ltr'><strong>existimantes,</strong></span> <span class='ocrx_word' id='word_1_636' title='bbox 1218 4634 1535 4689; x_wconf 86' lang='lat' dir='ltr'><strong>sacerdotes</strong></span> <span class='ocrx_word' id='word_1_637' title='bbox 1576 4650 1694 4689; x_wconf 87' lang='lat' dir='ltr'><strong>eam</strong></span> <span class='ocrx_word' id='word_1_638' title='bbox 1746 4640 1974 4694; x_wconf 91' lang='lat' dir='ltr'><strong>seorsim</strong></span> 
     </span>
    </p>
   </div>
   <div class='ocr_carea' id='block_1_93' title="bbox 480 4716 1973 4791">
    <p class='ocr_par' dir='ltr' id='par_1_93' title="bbox 480 4716 1973 4791">
     <span class='ocr_line' id='line_1_93' title="bbox 480 4716 1973 4791; baseline 0.01 -24"><span class='ocrx_word' id='word_1_639' title='bbox 480 4734 501 4767; x_wconf 84' lang='grc'><strong>‹</strong></span> <span class='ocrx_word' id='word_1_640' title='bbox 534 4716 917 4774; x_wconf 74' lang='grc' dir='ltr'>ιιθηοόίοοιιιεε</span> <span class='ocrx_word' id='word_1_641' title='bbox 944 4720 1258 4788; x_wconf 87' lang='lat' dir='ltr'><strong>petentibus</strong></span> <span class='ocrx_word' id='word_1_642' title='bbox 1288 4721 1589 4791; x_wconf 88' lang='lat' dir='ltr'><strong>impertire,</strong></span> <span class='ocrx_word' id='word_1_643' title='bbox 1613 4727 1678 4778; x_wconf 88' lang='lat' dir='ltr'><strong>ad</strong></span> <span class='ocrx_word' id='word_1_644' title='bbox 1697 4724 1973 4783; x_wconf 83' lang='lat' dir='ltr'><strong>fructuum</strong></span> 
     </span>
    </p>
   </div>
   <div class='ocr_carea' id='block_1_94' title="bbox 478 4807 1975 4888">
    <p class='ocr_par' dir='ltr' id='par_1_94' title="bbox 478 4807 1975 4888">
     <span class='ocr_line' id='line_1_94' title="bbox 478 4807 1975 4888; baseline 0.009 -28"><span class='ocrx_word' id='word_1_645' title='bbox 478 4826 497 4860; x_wconf 83' lang='grc' dir='ltr'><strong>ι</strong></span> <span class='ocrx_word' id='word_1_646' title='bbox 540 4807 714 4863; x_wconf 90' lang='lat' dir='ltr'><strong>datori</strong></span> <span class='ocrx_word' id='word_1_647' title='bbox 748 4809 1042 4879; x_wconf 79' lang='lat' dir='ltr'><strong>gratiarum</strong></span> <span class='ocrx_word' id='word_1_648' title='bbox 1075 4810 1373 4876; x_wconf 90' lang='lat' dir='ltr'><strong>actionem,</strong></span> <span class='ocrx_word' id='word_1_649' title='bbox 1428 4828 1524 4883; x_wconf 86' lang='lat' dir='ltr'><strong>per</strong></span> <span class='ocrx_word' id='word_1_650' title='bbox 1569 4831 1707 4885; x_wconf 90' lang='lat' dir='ltr'><strong>quos</strong></span> <span class='ocrx_word' id='word_1_651' title='bbox 1750 4833 1975 4888; x_wconf 88' lang='lat' dir='ltr'><strong>corpora</strong></span> 
     </span>
    </p>
   </div>
   <div class='ocr_carea' id='block_1_95' title="bbox 479 4905 1966 4979">
    <p class='ocr_par' dir='ltr' id='par_1_95' title="bbox 479 4905 1966 4979">
     <span class='ocr_line' id='line_1_95' title="bbox 479 4905 1966 4979; baseline 0.011 -24"><span class='ocrx_word' id='word_1_652' title='bbox 479 4923 498 4955; x_wconf 78' lang='grc' dir='ltr'><strong>ι</strong></span> <span class='ocrx_word' id='word_1_653' title='bbox 537 4914 720 4960; x_wconf 89' lang='lat' dir='ltr'><strong>nostra</strong></span> <span class='ocrx_word' id='word_1_654' title='bbox 753 4905 935 4959; x_wconf 81' lang='lat' dir='ltr'><strong>divina</strong></span> <span class='ocrx_word' id='word_1_655' title='bbox 962 4905 1313 4976; x_wconf 87' lang='lat' dir='ltr'><strong>dispositione</strong></span> <span class='ocrx_word' id='word_1_656' title='bbox 1342 4920 1606 4979; x_wconf 78' lang='lat' dir='ltr'><strong>augentur</strong></span> <span class='ocrx_word' id='word_1_657' title='bbox 1636 4923 1691 4968; x_wconf 91' lang='lat' dir='ltr'><strong>et</strong></span> <span class='ocrx_word' id='word_1_658' title='bbox 1712 4913 1966 4971; x_wconf 87' lang='lat' dir='ltr'><strong>aluntur:</strong></span> 
     </span>
    </p>
   </div>
   <div class='ocr_carea' id='block_1_96' title="bbox 481 4998 1966 5071">
    <p class='ocr_par' dir='ltr' id='par_1_96' title="bbox 481 4998 1966 5071">
     <span class='ocr_line' id='line_1_96' title="bbox 481 4998 1966 5071; baseline 0.012 -24"><span class='ocrx_word' id='word_1_659' title='bbox 481 5015 499 5047; x_wconf 77' lang='grc' dir='ltr'><strong>ι</strong></span> <span class='ocrx_word' id='word_1_660' title='bbox 540 4998 585 5051; x_wconf 90' lang='lat' dir='ltr'><strong>si</strong></span> <span class='ocrx_word' id='word_1_661' title='bbox 615 4998 741 5067; x_wconf 88' lang='lat' dir='ltr'><strong>quis</strong></span> <span class='ocrx_word' id='word_1_662' title='bbox 768 4998 951 5067; x_wconf 83' lang='lat' dir='ltr'><strong>itaque</strong></span> <span class='ocrx_word' id='word_1_663' title='bbox 991 5001 1224 5057; x_wconf 87' lang='lat' dir='ltr'><strong>clericus</strong></span> <span class='ocrx_word' id='word_1_664' title='bbox 1252 5013 1447 5071; x_wconf 58' lang='lat' dir='ltr'><strong>prater</strong></span> <span class='ocrx_word' id='word_1_665' title='bbox 1477 5005 1591 5061; x_wconf 61' lang='lat' dir='ltr'><strong>haec</strong></span> <span class='ocrx_word' id='word_1_666' title='bbox 1621 5008 1839 5064; x_wconf 81' lang='lat' dir='ltr'><strong>decreta</strong></span> <span class='ocrx_word' id='word_1_667' title='bbox 1881 5008 1966 5065; x_wconf 67' lang='lat' dir='ltr'><strong>l‘eo</strong></span> 
     </span>
    </p>
   </div>
   <div class='ocr_carea' id='block_1_97' title="bbox 480 5090 1097 5160">
    <p class='ocr_par' dir='ltr' id='par_1_97' title="bbox 480 5090 1097 5160">
     <span class='ocr_line' id='line_1_97' title="bbox 480 5090 1097 5160; baseline 0.008 -20"><span class='ocrx_word' id='word_1_668' title='bbox 480 5107 497 5139; x_wconf 80' lang='grc' dir='ltr'><strong>ι</strong></span> <span class='ocrx_word' id='word_1_669' title='bbox 535 5090 689 5154; x_wconf 82' lang='lat' dir='ltr'><strong>cerit,</strong></span> <span class='ocrx_word' id='word_1_670' title='bbox 717 5091 1041 5160; x_wconf 88' lang='lat' dir='ltr'><strong>deponatur.</strong></span> <span class='ocrx_word' id='word_1_671' title='bbox 1077 5111 1097 5145; x_wconf 73' lang='grc' dir='ltr'><strong>ι</strong></span> 
     </span>
    </p>
   </div>
   <div class='ocr_carea' id='block_1_98' title="bbox 477 5182 1970 5257">
    <p class='ocr_par' dir='ltr' id='par_1_98' title="bbox 477 5182 1970 5257">
     <span class='ocr_line' id='line_1_98' title="bbox 477 5182 1970 5257; baseline 0.013 -22"><span class='ocrx_word' id='word_1_672' title='bbox 477 5182 673 5240; x_wconf 83' lang='lat' dir='ltr'><strong>BALS.</strong></span> <span class='ocrx_word' id='word_1_673' title='bbox 703 5184 776 5240; x_wconf 89' lang='lat' dir='ltr'><strong>De</strong></span> <span class='ocrx_word' id='word_1_674' title='bbox 800 5186 889 5252; x_wconf 89' lang='lat' dir='ltr'><strong>iis,</strong></span> <span class='ocrx_word' id='word_1_675' title='bbox 928 5202 1049 5255; x_wconf 82' lang='lat' dir='ltr'><strong>quae</strong></span> <span class='ocrx_word' id='word_1_676' title='bbox 1080 5189 1132 5243; x_wconf 90' lang='lat' dir='ltr'><strong>in</strong></span> <span class='ocrx_word' id='word_1_677' title='bbox 1169 5192 1423 5257; x_wconf 75' lang='lat' dir='ltr'><strong>praesenti</strong></span> <span class='ocrx_word' id='word_1_678' title='bbox 1457 5207 1665 5250; x_wconf 90' lang='lat' dir='ltr'><strong>canone</strong></span> <span class='ocrx_word' id='word_1_679' title='bbox 1689 5197 1970 5255; x_wconf 87' lang='lat' dir='ltr'><strong>declaran-</strong></span> 
     </span>
    </p>
   </div>
   <div class='ocr_carea' id='block_1_99' title="bbox 405 5274 1972 5361">
    <p class='ocr_par' dir='ltr' id='par_1_99' title="bbox 405 5274 1972 5361">
     <span class='ocr_line' id='line_1_99' title="bbox 405 5274 1972 5361; baseline 0.015 -37"><span class='ocrx_word' id='word_1_680' title='bbox 405 5280 514 5337; x_wconf 89' lang='lat' dir='ltr'><strong>tur,</strong></span> <span class='ocrx_word' id='word_1_681' title='bbox 546 5275 679 5330; x_wconf 85' lang='lat' dir='ltr'><strong>satis</strong></span> <span class='ocrx_word' id='word_1_682' title='bbox 706 5274 757 5327; x_wconf 93' lang='lat' dir='ltr'><strong>in</strong></span> <span class='ocrx_word' id='word_1_683' title='bbox 800 5277 833 5328; x_wconf 72' lang='grc'>4</span> <span class='ocrx_word' id='word_1_684' title='bbox 876 5278 1177 5347; x_wconf 90' lang='lat' dir='ltr'><strong>apostolico</strong></span> <span class='ocrx_word' id='word_1_685' title='bbox 1220 5296 1428 5338; x_wconf 82' lang='lat' dir='ltr'><strong>canone</strong></span> <span class='ocrx_word' id='word_1_686' title='bbox 1460 5285 1797 5354; x_wconf 83' lang='lat' dir='ltr'><strong>scripsimus.</strong></span> <span class='ocrx_word' id='word_1_687' title='bbox 1832 5290 1972 5361; x_wconf 80' lang='lat' dir='ltr'><strong>Lege</strong></span> 
     </span>
    </p>
   </div>
   <div class='ocr_carea' id='block_1_100' title="bbox 401 5364 1290 5435">
    <p class='ocr_par' dir='ltr' id='par_1_100' title="bbox 401 5364 1290 5435">
     <span class='ocr_line' id='line_1_100' title="bbox 401 5364 1290 5435; baseline 0.007 -18"><span class='ocrx_word' id='word_1_688' title='bbox 401 5380 531 5431; x_wconf 75' lang='lat' dir='ltr'><strong>ergo</strong></span> <span class='ocrx_word' id='word_1_689' title='bbox 565 5379 682 5433; x_wconf 65' lang='lat' dir='ltr'><strong>qum</strong></span> <span class='ocrx_word' id='word_1_690' title='bbox 711 5367 762 5418; x_wconf 91' lang='lat' dir='ltr'><strong>in</strong></span> <span class='ocrx_word' id='word_1_691' title='bbox 793 5364 885 5419; x_wconf 90' lang='lat' dir='ltr'><strong>illo</strong></span> <span class='ocrx_word' id='word_1_692' title='bbox 911 5366 1113 5435; x_wconf 89' lang='lat' dir='ltr'><strong>scripta</strong></span> <span class='ocrx_word' id='word_1_693' title='bbox 1140 5380 1290 5424; x_wconf 92' lang='lat' dir='ltr'><strong>sunt.</strong></span> 
     </span>
    </p>
   </div>
   <div class='ocr_carea' id='block_1_101' title="bbox 481 5454 1978 5528">
    <p class='ocr_par' dir='ltr' id='par_1_101' title="bbox 481 5454 1978 5528">
     <span class='ocr_line' id='line_1_101' title="bbox 481 5454 1978 5528; baseline 0.014 -21"><span class='ocrx_word' id='word_1_694' title='bbox 481 5454 731 5510; x_wconf 79' lang='lat' dir='ltr'><strong>ZONAB.</strong></span> <span class='ocrx_word' id='word_1_695' title='bbox 768 5455 947 5511; x_wconf 81' lang='lat' dir='ltr'><strong>Multa:</strong></span> <span class='ocrx_word' id='word_1_696' title='bbox 977 5458 1109 5512; x_wconf 90' lang='lat' dir='ltr'><strong>locis</strong></span> <span class='ocrx_word' id='word_1_697' title='bbox 1145 5460 1465 5528; x_wconf 81' lang='lat' dir='ltr'><strong>quibusdam</strong></span> <span class='ocrx_word' id='word_1_698' title='bbox 1503 5464 1571 5519; x_wconf 90' lang='lat' dir='ltr'><strong>ab</strong></span> <span class='ocrx_word' id='word_1_699' title='bbox 1600 5466 1978 5527; x_wconf 61' lang='lat' dir='ltr'><strong>ecclesiastica</strong></span> 
     </span>
    </p>
   </div>
   <div class='ocr_carea' id='block_1_102' title="bbox 405 5547 1976 5620">
    <p class='ocr_par' dir='ltr' id='par_1_102' title="bbox 405 5547 1976 5620">
     <span class='ocr_line' id='line_1_102' title="bbox 405 5547 1976 5620; baseline 0.011 -18"><span class='ocrx_word' id='word_1_700' title='bbox 405 5547 705 5619; x_wconf 66' lang='lat' dir='ltr'><strong>disciplina:</strong></span> <span class='ocrx_word' id='word_1_701' title='bbox 735 5548 999 5619; x_wconf 79' lang='lat' dir='ltr'><strong>gravitate</strong></span> <span class='ocrx_word' id='word_1_702' title='bbox 1032 5550 1221 5607; x_wconf 71' lang='lat' dir='ltr'><strong>alieure</strong></span> <span class='ocrx_word' id='word_1_703' title='bbox 1251 5557 1675 5616; x_wconf 87' lang='lat' dir='ltr'><strong>consuetudines</strong></span> <span class='ocrx_word' id='word_1_704' title='bbox 1711 5572 1839 5618; x_wconf 89' lang='lat' dir='ltr'><strong>sunt</strong></span> <span class='ocrx_word' id='word_1_705' title='bbox 1888 5578 1976 5620; x_wconf 86' lang='lat' dir='ltr'><strong>re-</strong></span> 
     </span>
    </p>
   </div>
   <div class='ocr_carea' id='block_1_103' title="bbox 506 5724 1541 5800">
    <p class='ocr_par' dir='ltr' id='par_1_103' title="bbox 506 5724 1541 5800">
     <span class='ocr_line' id='line_1_103' title="bbox 506 5724 1541 5800; baseline 0.012 -24"><span class='ocrx_word' id='word_1_706' title='bbox 506 5725 521 5754; x_wconf 85' lang='grc'>¹</span> <span class='ocrx_word' id='word_1_707' title='bbox 568 5724 584 5776; x_wconf 88' lang='grc'><strong>1</strong></span> <span class='ocrx_word' id='word_1_708' title='bbox 622 5726 755 5800; x_wconf 81' lang='lat' dir='ltr'><strong>Reg.</strong></span> <span class='ocrx_word' id='word_1_709' title='bbox 790 5732 1012 5798; x_wconf 57' lang='lat' dir='ltr'><strong>xvt,‘l7.</strong></span> <span class='ocrx_word' id='word_1_710' title='bbox 1088 5734 1133 5763; x_wconf 60' lang='lat'><strong>3’</strong></span> <span class='ocrx_word' id='word_1_711' title='bbox 1168 5730 1344 5787; x_wconf 76' lang='lat' dir='ltr'><strong>lCor.</strong></span> <span class='ocrx_word' id='word_1_712' title='bbox 1371 5750 1423 5798; x_wconf 75' lang='grc' dir='ltr'><strong>ιι,</strong></span> <span class='ocrx_word' id='word_1_713' title='bbox 1452 5734 1541 5788; x_wconf 68' lang='grc' dir='ltr'><strong>δε.</strong></span> 
     </span>
    </p>
   </div>
   <div class='ocr_carea' id='block_1_104' title="bbox 2161 4556 3665 4631">
    <p class='ocr_par' dir='ltr' id='par_1_104' title="bbox 2161 4556 3665 4631">
     <span class='ocr_line' id='line_1_104' title="bbox 2161 4556 3665 4631; baseline -0.003 -18"><span class='ocrx_word' id='word_1_714' title='bbox 2161 4580 2179 4613; x_wconf 82' lang='grc' dir='ltr'><strong>ι</strong></span> <span class='ocrx_word' id='word_1_715' title='bbox 2224 4560 2565 4631; x_wconf 86' lang='grc' dir='ltr'>μεταδιδόναι</span> <span class='ocrx_word' id='word_1_716' title='bbox 2597 4571 2613 4589; x_wconf 78' lang='grc'><strong>⁸</strong></span> <span class='ocrx_word' id='word_1_717' title='bbox 2650 4559 2726 4622; x_wconf 85' lang='grc' dir='ltr'>ὡς</span> <span class='ocrx_word' id='word_1_718' title='bbox 2756 4559 3014 4628; x_wconf 79' lang='grc' dir='ltr'>ἀπαρχὴν</span> <span class='ocrx_word' id='word_1_719' title='bbox 3047 4558 3104 4611; x_wconf 82' lang='grc' dir='ltr'>δὲ</span> <span class='ocrx_word' id='word_1_720' title='bbox 3132 4557 3232 4627; x_wconf 79' lang='grc' dir='ltr'><strong>τήν</strong></span> <span class='ocrx_word' id='word_1_721' title='bbox 3252 4557 3352 4628; x_wconf 79' lang='grc' dir='ltr'>τῆς</span> <span class='ocrx_word' id='word_1_722' title='bbox 3382 4556 3665 4626; x_wconf 81' lang='grc' dir='ltr'>σταφυλῆς</span> 
     </span>
    </p>
   </div>
   <div class='ocr_carea' id='block_1_105' title="bbox 2152 4647 3665 4722">
    <p class='ocr_par' dir='ltr' id='par_1_105' title="bbox 2152 4647 3665 4722">
     <span class='ocr_line' id='line_1_105' title="bbox 2152 4647 3665 4722; baseline -0.003 -17"><span class='ocrx_word' id='word_1_723' title='bbox 2152 4672 2172 4705; x_wconf 82' lang='grc' dir='ltr'><strong>ι</strong></span> <span class='ocrx_word' id='word_1_724' title='bbox 2210 4652 2597 4722; x_wconf 82' lang='grc' dir='ltr'>λογιζομένους</span> <span class='ocrx_word' id='word_1_725' title='bbox 2664 4649 3009 4720; x_wconf 79' lang='grc' dir='ltr'>προσένεξιν,</span> <span class='ocrx_word' id='word_1_726' title='bbox 3073 4648 3257 4711; x_wconf 84' lang='grc' dir='ltr'>ίδικῶς</span> <span class='ocrx_word' id='word_1_727' title='bbox 3319 4649 3447 4709; x_wconf 80' lang='grc' dir='ltr'>τοὺς</span> <span class='ocrx_word' id='word_1_728' title='bbox 3501 4647 3665 4716; x_wconf 73' lang='grc' dir='ltr'>ἱερεῖς</span> 
     </span>
    </p>
   </div>
   <div class='ocr_carea' id='block_1_106' title="bbox 2159 4737 3664 4811">
    <p class='ocr_par' dir='ltr' id='par_1_106' title="bbox 2159 4737 3664 4811">
     <span class='ocr_line' id='line_1_106' title="bbox 2159 4737 3664 4811; baseline -0.003 -16"><span class='ocrx_word' id='word_1_729' title='bbox 2159 4762 2178 4795; x_wconf 78' lang='grc' dir='ltr'><strong>ι</strong></span> <span class='ocrx_word' id='word_1_730' title='bbox 2213 4742 2569 4811; x_wconf 83' lang='grc' dir='ltr'>εὐλογοῦντας</span> <span class='ocrx_word' id='word_1_731' title='bbox 2623 4744 2738 4804; x_wconf 86' lang='grc' dir='ltr'>τοῖς</span> <span class='ocrx_word' id='word_1_732' title='bbox 2800 4740 3013 4794; x_wconf 83' lang='grc' dir='ltr'>αἰτοῦσι</span> <span class='ocrx_word' id='word_1_733' title='bbox 3053 4740 3262 4810; x_wconf 80' lang='grc' dir='ltr'>ταύτης</span> <span class='ocrx_word' id='word_1_734' title='bbox 3316 4737 3664 4809; x_wconf 84' lang='grc' dir='ltr'>μεταδιδόναι</span> 
     </span>
    </p>
   </div>
   <div class='ocr_carea' id='block_1_107' title="bbox 2157 4828 3658 4907">
    <p class='ocr_par' dir='ltr' id='par_1_107' title="bbox 2157 4828 3658 4907">
     <span class='ocr_line' id='line_1_107' title="bbox 2157 4828 3658 4907; baseline -0.005 -18"><span class='ocrx_word' id='word_1_735' title='bbox 2157 4856 2176 4888; x_wconf 81' lang='grc' dir='ltr'><strong>ι</strong></span> <span class='ocrx_word' id='word_1_736' title='bbox 2215 4836 2352 4905; x_wconf 81' lang='grc' dir='ltr'>πρὸς</span> <span class='ocrx_word' id='word_1_737' title='bbox 2381 4834 2482 4907; x_wconf 82' lang='grc' dir='ltr'>τὴν</span> <span class='ocrx_word' id='word_1_738' title='bbox 2514 4833 2609 4888; x_wconf 82' lang='grc' dir='ltr'>τοῦ</span> <span class='ocrx_word' id='word_1_739' title='bbox 2633 4834 2858 4903; x_wconf 86' lang='grc' dir='ltr'>δοτῆρος</span> <span class='ocrx_word' id='word_1_740' title='bbox 2884 4831 2994 4885; x_wconf 85' lang='grc' dir='ltr'>τῶν</span> <span class='ocrx_word' id='word_1_741' title='bbox 3015 4829 3251 4901; x_wconf 86' lang='grc' dir='ltr'>καρπῶν</span> <span class='ocrx_word' id='word_1_742' title='bbox 3280 4828 3658 4899; x_wconf 83' lang='grc' dir='ltr'>εὐχαριστίαν,</span> 
     </span>
    </p>
   </div>
   <div class='ocr_carea' id='block_1_108' title="bbox 2162 4920 3662 4995">
    <p class='ocr_par' dir='ltr' id='par_1_108' title="bbox 2162 4920 3662 4995">
     <span class='ocr_line' id='line_1_108' title="bbox 2162 4920 3662 4995; baseline -0.003 -16"><span class='ocrx_word' id='word_1_743' title='bbox 2162 4949 2180 4979; x_wconf 81' lang='grc' dir='ltr'><strong>ι</strong></span> <span class='ocrx_word' id='word_1_744' title='bbox 2216 4928 2287 4981; x_wconf 69' lang='grc' dir='ltr'>δι’</span> <span class='ocrx_word' id='word_1_745' title='bbox 2316 4921 2392 4982; x_wconf 81' lang='grc' dir='ltr'>ὧν</span> <span class='ocrx_word' id='word_1_746' title='bbox 2423 4926 2492 4980; x_wconf 81' lang='grc' dir='ltr'><strong>τά</strong></span> <span class='ocrx_word' id='word_1_747' title='bbox 2527 4925 2760 4995; x_wconf 84' lang='grc' dir='ltr'>σώματα</span> <span class='ocrx_word' id='word_1_748' title='bbox 2800 4923 2963 4994; x_wconf 86' lang='grc' dir='ltr'>ήμῶν</span> <span class='ocrx_word' id='word_1_749' title='bbox 3014 4922 3157 4977; x_wconf 78' lang='grc' dir='ltr'>κατὰ</span> <span class='ocrx_word' id='word_1_750' title='bbox 3204 4922 3297 4974; x_wconf 79' lang='grc' dir='ltr'>τὸν</span> <span class='ocrx_word' id='word_1_751' title='bbox 3344 4920 3488 4973; x_wconf 85' lang='grc' dir='ltr'>θεῖον</span> <span class='ocrx_word' id='word_1_752' title='bbox 3534 4920 3662 4990; x_wconf 82' lang='grc' dir='ltr'>ὅρον</span> 
     </span>
    </p>
   </div>
   <div class='ocr_carea' id='block_1_109' title="bbox 2156 5007 3663 5089">
    <p class='ocr_par' dir='ltr' id='par_1_109' title="bbox 2156 5007 3663 5089">
     <span class='ocr_line' id='line_1_109' title="bbox 2156 5007 3663 5089; baseline -0.006 -17"><span class='ocrx_word' id='word_1_753' title='bbox 2156 5039 2175 5072; x_wconf 80' lang='grc' dir='ltr'><strong>ι</strong></span> <span class='ocrx_word' id='word_1_754' title='bbox 2215 5018 2366 5085; x_wconf 73' lang='grc' dir='ltr'>αὔξει</span> <span class='ocrx_word' id='word_1_755' title='bbox 2400 5036 2461 5074; x_wconf 89' lang='grc' dir='ltr'><strong>τε</strong></span> <span class='ocrx_word' id='word_1_756' title='bbox 2488 5016 2585 5070; x_wconf 74' lang='grc' dir='ltr'><strong>καὶ</strong></span> <span class='ocrx_word' id='word_1_757' title='bbox 2610 5017 2967 5089; x_wconf 78' lang='grc' dir='ltr'>ἐκτρέφεται.</span> <span class='ocrx_word' id='word_1_758' title='bbox 3001 5015 3068 5068; x_wconf 73' lang='lat' dir='ltr'><strong>Ei</strong></span> <span class='ocrx_word' id='word_1_759' title='bbox 3091 5031 3178 5076; x_wconf 88' lang='grc' dir='ltr'><strong>τις</strong></span> <span class='ocrx_word' id='word_1_760' title='bbox 3240 5007 3335 5066; x_wconf 78' lang='grc' dir='ltr'>οὖν</span> <span class='ocrx_word' id='word_1_761' title='bbox 3393 5010 3663 5081; x_wconf 81' lang='grc' dir='ltr'>κληρικδς</span> 
     </span>
    </p>
   </div>
   <div class='ocr_carea' id='block_1_110' title="bbox 2161 5102 3654 5181">
    <p class='ocr_par' dir='ltr' id='par_1_110' title="bbox 2161 5102 3654 5181">
     <span class='ocr_line' id='line_1_110' title="bbox 2161 5102 3654 5181; baseline -0.007 -17"><span class='ocrx_word' id='word_1_762' title='bbox 2161 5130 2180 5163; x_wconf 80' lang='grc' dir='ltr'><strong>ι</strong></span> <span class='ocrx_word' id='word_1_763' title='bbox 2216 5112 2369 5181; x_wconf 77' lang='grc' dir='ltr'>παρὰ</span> <span class='ocrx_word' id='word_1_764' title='bbox 2402 5109 2472 5163; x_wconf 82' lang='grc' dir='ltr'>τὰ</span> <span class='ocrx_word' id='word_1_765' title='bbox 2493 5109 2900 5175; x_wconf 83' lang='grc' dir='ltr'>διατεταγμένα</span> <span class='ocrx_word' id='word_1_766' title='bbox 2934 5108 3176 5175; x_wconf 87' lang='grc' dir='ltr'>ποιήσοι,</span> <span class='ocrx_word' id='word_1_767' title='bbox 3205 5102 3601 5172; x_wconf 88' lang='grc' dir='ltr'>καθαιρείσθω.</span> <span class='ocrx_word' id='word_1_768' title='bbox 3634 5120 3654 5153; x_wconf 72' lang='grc' dir='ltr'><strong>ι</strong></span> 
     </span>
    </p>
   </div>
   <div class='ocr_carea' id='block_1_111' title="bbox 2154 5193 3753 5271">
    <p class='ocr_par' dir='ltr' id='par_1_111' title="bbox 2154 5193 3753 5271">
     <span class='ocr_line' id='line_1_111' title="bbox 2154 5193 3753 5271; baseline -0.008 -16"><span class='ocrx_word' id='word_1_769' title='bbox 2154 5202 2351 5256; x_wconf 78' lang='grc' dir='ltr'><strong>ΒΑΛΣ.</strong></span> <span class='ocrx_word' id='word_1_770' title='bbox 2382 5201 2517 5271; x_wconf 68' lang='grc' dir='ltr'>Περὶ</span> <span class='ocrx_word' id='word_1_771' title='bbox 2532 5199 2640 5253; x_wconf 82' lang='grc' dir='ltr'>τῶν</span> <span class='ocrx_word' id='word_1_772' title='bbox 2669 5201 2726 5253; x_wconf 81' lang='grc' dir='ltr'><strong>ἐν</strong></span> <span class='ocrx_word' id='word_1_773' title='bbox 2745 5199 2824 5270; x_wconf 85' lang='grc' dir='ltr'>τῷ</span> <span class='ocrx_word' id='word_1_774' title='bbox 2847 5197 3073 5268; x_wconf 86' lang='grc' dir='ltr'>παρόντι</span> <span class='ocrx_word' id='word_1_775' title='bbox 3099 5195 3286 5249; x_wconf 88' lang='grc' dir='ltr'>κανόνι.</span> <span class='ocrx_word' id='word_1_776' title='bbox 3308 5193 3657 5265; x_wconf 87' lang='grc' dir='ltr'>δηλουμένων</span> <span class='ocrx_word' id='word_1_777' title='bbox 3740 5212 3753 5221; x_wconf 52' lang='grc' dir='ltr'><strong>κ</strong></span> 
     </span>
    </p>
   </div>
   <div class='ocr_carea' id='block_1_112' title="bbox 2080 5283 3658 5363">
    <p class='ocr_par' dir='ltr' id='par_1_112' title="bbox 2080 5283 3658 5363">
     <span class='ocr_line' id='line_1_112' title="bbox 2080 5283 3658 5363; baseline -0.009 -14"><span class='ocrx_word' id='word_1_778' title='bbox 2080 5293 2395 5363; x_wconf 83' lang='grc' dir='ltr'>ἀρκούντως</span> <span class='ocrx_word' id='word_1_779' title='bbox 2426 5292 2749 5361; x_wconf 73' lang='grc' dir='ltr'>ἐγράψαμεν</span> <span class='ocrx_word' id='word_1_780' title='bbox 2793 5293 2851 5344; x_wconf 85' lang='grc' dir='ltr'><strong>ἐν</strong></span> <span class='ocrx_word' id='word_1_781' title='bbox 2890 5288 2967 5359; x_wconf 82' lang='grc' dir='ltr'>τῷ</span> <span class='ocrx_word' id='word_1_782' title='bbox 3020 5288 3267 5358; x_wconf 85' lang='grc' dir='ltr'>τετάρτῳ</span> <span class='ocrx_word' id='word_1_783' title='bbox 3317 5283 3658 5353; x_wconf 88' lang='grc' dir='ltr'>ἀποστολικῷ</span> 
     </span>
    </p>
   </div>
   <div class='ocr_carea' id='block_1_113' title="bbox 2083 5376 3653 5450">
    <p class='ocr_par' dir='ltr' id='par_1_113' title="bbox 2083 5376 3653 5450">
     <span class='ocr_line' id='line_1_113' title="bbox 2083 5376 3653 5450; baseline -0.004 -14"><span class='ocrx_word' id='word_1_784' title='bbox 2083 5384 2289 5437; x_wconf 78' lang='grc' dir='ltr'>καιόνι.</span> <span class='ocrx_word' id='word_1_785' title='bbox 2337 5381 2638 5450; x_wconf 82' lang='grc' dir='ltr'>Ἀνάγνωθι</span> <span class='ocrx_word' id='word_1_786' title='bbox 2669 5378 2764 5436; x_wconf 80' lang='grc' dir='ltr'><strong>οὖν</strong></span> <span class='ocrx_word' id='word_1_787' title='bbox 2798 5382 2865 5436; x_wconf 80' lang='grc' dir='ltr'>τὰ</span> <span class='ocrx_word' id='word_1_788' title='bbox 2910 5382 2971 5433; x_wconf 83' lang='grc' dir='ltr'><strong>ἐν</strong></span> <span class='ocrx_word' id='word_1_789' title='bbox 3018 5378 3216 5448; x_wconf 81' lang='grc' dir='ltr'>ἐκείνῳ</span> <span class='ocrx_word' id='word_1_790' title='bbox 3263 5376 3653 5447; x_wconf 86' lang='grc' dir='ltr'>γεγραμμένα.</span> 
     </span>
    </p>
   </div>
   <div class='ocr_carea' id='block_1_114' title="bbox 2151 5465 3663 5541">
    <p class='ocr_par' dir='ltr' id='par_1_114' title="bbox 2151 5465 3663 5541">
     <span class='ocr_line' id='line_1_114' title="bbox 2151 5465 3663 5541; baseline -0.009 -12"><span class='ocrx_word' id='word_1_791' title='bbox 2151 5475 2393 5530; x_wconf 79' lang='grc' dir='ltr'><strong>ΖΩΝΑΡ.</strong></span> <span class='ocrx_word' id='word_1_792' title='bbox 2419 5473 2597 5528; x_wconf 69' lang='grc' dir='ltr'>Πολλὰ</span> <span class='ocrx_word' id='word_1_793' title='bbox 2628 5473 2780 5541; x_wconf 89' lang='grc' dir='ltr'>παρά</span> <span class='ocrx_word' id='word_1_794' title='bbox 2804 5489 2947 5526; x_wconf 87' lang='grc' dir='ltr'>τισιν</span> <span class='ocrx_word' id='word_1_795' title='bbox 2976 5471 3077 5541; x_wconf 79' lang='grc' dir='ltr'><strong>ἐθη</strong></span> <span class='ocrx_word' id='word_1_796' title='bbox 3109 5469 3369 5539; x_wconf 80' lang='grc' dir='ltr'>ἀλλότρια</span> <span class='ocrx_word' id='word_1_797' title='bbox 3424 5468 3523 5536; x_wconf 81' lang='grc' dir='ltr'>τῆς</span> <span class='ocrx_word' id='word_1_798' title='bbox 3567 5465 3663 5517; x_wconf 82' lang='grc' dir='ltr'>ἐκ·</span> 
     </span>
    </p>
   </div>
   <div class='ocr_carea' id='block_1_115' title="bbox 2084 5554 3673 5638">
    <p class='ocr_par' dir='ltr' id='par_1_115' title="bbox 2084 5554 3673 5638">
     <span class='ocr_line' id='line_1_115' title="bbox 2084 5554 3673 5638; baseline -0.008 -18"><span class='ocrx_word' id='word_1_799' title='bbox 2084 5566 2481 5638; x_wconf 71' lang='grc' dir='ltr'>κλησιαστικῆς</span> <span class='ocrx_word' id='word_1_800' title='bbox 2513 5566 2825 5637; x_wconf 85' lang='grc' dir='ltr'>κεκράτηκε</span> <span class='ocrx_word' id='word_1_801' title='bbox 2878 5562 3291 5626; x_wconf 87' lang='grc' dir='ltr'>καταστάσεως.</span> <span class='ocrx_word' id='word_1_802' title='bbox 3332 5555 3435 5614; x_wconf 81' lang='grc' dir='ltr'>Ὧν</span> <span class='ocrx_word' id='word_1_803' title='bbox 3462 5557 3556 5610; x_wconf 77' lang='grc' dir='ltr'>καὶ</span> <span class='ocrx_word' id='word_1_804' title='bbox 3596 5554 3673 5608; x_wconf 76' lang='grc' dir='ltr'><strong>τὸ.</strong></span> 
     </span>
    </p>
   </div>
  </div>
