4074 6390
366 315 481 380 605,

1410 337 1493 397 1N
1535 339 1700 401 C.\N.
1743 342 1934 401 XXIX
1968 343 2158 404 (ΖΟΝο
2219 347 2302 408 ΙΝ
2340 348 2665 412 TRULLO.

3521 352 3629 414 606

368 427 653 498 σταφυλῆς
711 431 788 496 ὥς
873 434 1131 507 ἀπαρχῆς
1175 445 1543 515 κομιζομένης
1600 450 1657 501 ἐν
1695 448 1771 519 τῷ
1807 452 1941 517 ναῷ,

2074 466 2239 523 τρριιῐι.
2276 457 2513 524 Quarum
2542 475 2606 513 ex
2638 473 2862 513 numero
2894 474 2955 515 ea
2999 475 3216 530 quoque
3264 459 3381 524 fuit,
3409 468 3466 515 ut
3491 476 3627 515 ttva-

368 520 760 587 au-va'mtecOat!
787 526 996 597 ταύτην
1021 533 1084 601 τῇ
1117 531 1237 603 θεία
1268 536 1361 587 καὶ
1403 539 1729 609 ἀναιμάκτῳ
1764 542 1946 609 θυσίᾳ.

368 610 461 659 καὶ
495 613 871 677 μεταδίδοσθαι
911 618 991 689 τῷ
1024 621 1157 690 λαῷ.
1193 625 1369 679 Τοῦτο
1400 629 1582 681 τοίνυν
1620 600 1777 693 οὗτος
1802 634 1830 683 6
1852 600 1953 687 κά-

369 699 478 752 νὼν
519 704 913 775 ἀποτρέπεται,
971 715 1061 767 καὶ
1112 718 1312 786 μηκέτι
1372 722 1621 785 γίνεσθαι
1670 724 1951 780 κελεύεται

371 795 524 888 παρά
553 813 700 855 τινος
739 802 848 853 τῶν
878 804 1213 875 ἱερωμένων,
1256 811 1375 864 ἀλλ’
1416 812 1521 886 ίδίᾳ
1567 816 1668 884 μέν
1715 818 1791 886 τῷ
1836 819 1951 888 λαῷ

373 885 543 981 μόνης
581 892 924 956 μεταδιδόναι
953 898 1052 965 τῆς
1074 904 1397 971 προσφορᾶς
1420 906 1498 967 είς
1529 906 1726 975 ἄφεσιν
1774 885 1954 981 ἁμαρξ

369 978 503 1031 τιῶν
533 983 643 1043 τοῖς
682 984 917 1051 ἀναξίως
944 990 1159 1058 ταύτης
1188 998 1520 1066 μετέχουσι·
1568 1002 1664 1070 τὴν
1718 1001 1775 1054 δὲ
1826 978 1954 1054 στα-

371 1071 548 1141 φυλὴν
574 1074 648 1134 ὡς
679 1077 937 1151 ἀπαρχὴν
973 1088 1396 1158 προσαγομένην
1433 1090 1773 1158 εὐλογεῖσθαι
1802 1095 1953 1164 παρὰ

369 1165 481 1214 τῶν
508 1166 722 1237 ἱερέων,
759 1174 853 1224 καὶ
895 1174 1253 1247 διανέμεσθαι
1300 1182 1375 1252 τῷ
1421 1182 1560 1252 λαῷ,
1596 1184 1661 1235 ἵν’
1730 1187 1954 1257 εὐχαρι-

373 1258 551 1309 στοῖεν
608 1260 687 1328 τῷ
726 1263 838 1316 τῶν
892 1270 1122 1338 καρπῶν
1187 1272 1379 1343 δοτῆρι»
1422 1276 1518 1328 καὶ
1566 1277 1790 1347 χορηγῷ
1841 1277 1954 1330 τῶν

370 1349 687 1417 ἀναγκαίων
718 1355 854 1424 ἡμῖν
881 1360 1020 1429 πρὸς
1054 1363 1316 1418 σύστασιν
1348 1367 1448 1431 τῆς
1507 1370 1731 1439 σαρκός.
1783 1370 1845 1422 El
1899 1367 1956 1421 δέ

370 1445 674 1586 τιςὼφησὶ,
710 1450 862 1519 παρὰ
910 1453 979 1506 τὰ
1023 1454 1425 1528 διατεταγμένα
1478 1463 1715 1532 ποιήσει,
1764 1462 1959 1516 καθαι-

375 1549 453 1586 ost
530 1552 597 1586 ω-

374 1549 453 1602 ρει
464 1549 597 1592 συω,

371 1718 596 1774 ΔΡΙΣΤ.
632 1742 651 1775 ι
682 1725 960 1794 Σταφυλαῖ
1003 1732 1139 1800 πρός
1174 1751 1336 1787 τινων
1356 1739 1421 1807 τῇ
1449 1738 1773 1808 ἀναιμάκτῳ
1796 1738 1958 1808 θυσίᾳ

452 1833 470 1861 ι
511 1816 895 1874 συνάπτονται.
935 1822 1108 1878 Τοῦτο
1138 1826 1193 1879 δὲ
1228 1831 1428 1899 μηκέτι
1476 1831 1781 1901 τολμᾶσθαι
1829 1830 1957 1885 διώ·
1987 1798 2035 1857 Β

451 1925 469 1952 ι
511 1924 712 1975 ρισται.
758 1930 778 1961 ι

447 1998 520 2051 Τὸ
555 2000 657 2069 μὲν
693 2008 1050 2075 σταφυλὰςὲν
1081 2014 1261 2083 καιρῷ
1304 2015 1384 2085 τῷ
1413 2014 1586 2070 δέοντι
1647 2018 1725 2088 τῷ
1772 2018 1960 2071 θυσια-

377 2089 585 2160 στηρίῳ
614 2097 969 2166 προσφέρειν,
1011 2103 1104 2155 καὶ
1159 2103 1500 2170 εὐλογεῖσθαι
1544 2106 1750 2172 ταύτας
1805 2106 1958 2178 παρά

375 2183 485 2235 τῶν
546 2186 761 2256 ἱερέων,
816 2195 1056 2259 καὶτοῖς
1113 2198 1326 2251 αἰτοῦσι
1366 2199 1737 2268 μεταδιδόναι,
1770 2200 1799 2253 6
1844 2201 1957 2253 τῶν

376 2274 550 2339 ἁγίων
573 2279 889 2337 ἀποστόλων
920 2288 1104 2355 τρίτος
1124 2289 1307 2344 κανὼν
1347 2295 1624 2361 συγχωρεῖ
1647 2307 1662 2323 ⁸
1716 2292 1778 2345 τὸ
1806 2292 1863 2346 δὲ
1888 2294 1954 2365 τῇ

375 2366 700 2442 ἀναιμάκτῳ
733 2373 896 2447 θυσίᾳ
924 2378 1131 2441 ταύτας
1169 2381 1486 2443 συνάπτειν,
1514 2382 1611 2436 καὶ
1668 2383 1787 2453 ἃμα
1843 2384 1960 2437 δια-

386 2458 568 2527 νέμειν
616 2463 909 2535 ἀμφότερα
964 2470 1044 2539 τῷ
1095 2470 1245 2541 λαῷ,
1292 2475 1320 2526 6
1373 2472 1567 2543 παρὼν
1625 2473 1960 2543 ἀπαγορεύει

379 2550 581 2618 κανὼν,
641 2555 736 2608 καὶ
792 2563 1122 2627 προστάττει
1187 2566 1386 2635 μηκέτι
1431 2565 1588 2618 τοῦτο
1625 2566 1960 2638 τολμηθῆναι

381 2643 535 2712 παρά
567 2661 717 2710 τινος
738 2649 848 2702 τῶν
881 2652 1073 2723 ἱερέων
1111 2671 1125 2686 ο
1158 2656 1208 2709 εί
1234 2657 1292 2709 δὲ
1329 2658 1429 2728 μὴ,
1451 2659 1837 2730 καθαιρεῖσθαι
1867 2658 1961 2712 τὶν

379 2735 541 2790 τοῦτο
569 2740 898 2810 ποιήσαντα.

973 2836 1215 2891 ΚΑΝΩΝ
1243 2840 1368 2895 ΚΘ¹.

390 2935 412 2967 ι
467 2920 525 2972 ’0
580 2921 688 2974 τῶν
722 2925 778 2975 ἐν
812 2927 1141 3002 Καρθαγένῃ
1194 2932 1502 3002 διαγορεύει
1559 2933 1758 2995 κανὼν,
1819 2936 1963 2990 ὥστε

464 3029 482 3061 ι
517 3012 649 3081 am
674 3015 1062 3089 θυσιαστηρίου
1103 3026 1151 3075 εἱ
1187 3025 1259 3094 μὴ
1294 3027 1399 3078 ὑπὸ
1439 3029 1717 3096 νηστικῶν
1752 3029 1965 3099 ἀνθρὼ-

468 3120 486 3151 ι
666 3106 741 3175 μὴ
771 3107 1161 3199 ἐπιτελεῖσθαι,
1192 3112 1539 3186 ἐξῃρημένης
1574 3119 1707 3187 μιᾶς
1743 3120 1963 3185 ἐτησίου
1992 3136 2038 3199 C

462 3212 480 3242 ι
520 3195 755 3267 ἡμέρας,
789 3200 847 3252 ἐν
879 3194 912 3275 ᾖ
953 3202 1014 3254 τὸ
1040 3204 1321 3273 κυριακὸν
1350 3208 1563 3263 δεῖπνον
1589 3210 1918 3265 ἐπιτελεῖται
1951 3227 1966 3243 ⁶

468 3304 486 3334 σ
527 3288 658 3352 ῖσως
705 3291 1010 3361 τηνικαῦτα
1051 3294 1141 3348 διά
1184 3313 1339 3362 τινας
1395 3300 1538 3354 κατὰ
1591 3302 1720 3365 τοὺς
1767 3304 1971 3363 τόπους

471 3401 489 3432 ι
525 3384 828 3454 προφάσεις
861 3387 927 3455 τῇ
967 3385 1263 3460 Ἐκκλησία
1307 3389 1606 3456 λυσιτελεῖς
1655 3393 1762 3447 τῶν
1813 3395 1973 3448 θείων

478 3498 496 3526 ι
533 3475 762 3531 ἐκείνων
799 3478 1063 3548 Πατέρων
1095 3484 1160 3551 τῇ
1197 3482 1331 3552 αὐτῇ
1363 3487 1732 3556 χρησαμένων
1763 3490 1973 3541 οἰκονο-

465 3587 486 3617 ι-
523 3567 645 3638 μία.
669 3569 919 3639 Μηδενὸς
973 3570 1068 3624 οὖν
1101 3574 1251 3642 ἡμᾶς
1318 3576 1604 3644 ἐνάγοντος
1647 3579 1974 3632 καταλιπεῖν

472 3680 491 3711 ι
526 3660 625 3732 τὴν
655 3662 967 3730 ἀκρίϐειαν,
998 3665 1276 3736 ὁρίζομεν,
1312 3668 1700 3733 ἀποστολικαῖς
1745 3674 1833 3724 καὶ
1871 3690 1977 3725 πα-

475 3772 493 3804 ι
534 3758 753 3824 τρικαῖς
780 3758 1036 3826 ἑπόμενοι
1062 3760 1417 3827 παραδόσεσι,
1462 3764 1533 3831 μὴ
1588 3763 1699 3816 δεῖν
1748 3766 1806 3815 ἐν
1838 3766 1976 3818 Τεσ-

474 3866 494 3897 ι
536 3850 847 3918 σαρακοστῇ
907 3851 971 3919 τῇ
1022 3849 1288 3921 ὑστεραίᾳ
1355 3853 1611 3921 ὲϐηῖομάδι
1680 3856 1780 3926 τὴν
1836 3858 1977 3926 πέμ-

476 3958 494 3988 ι
534 3956 675 4007 πτην
703 3939 816 4006 (94)
855 3939 1025 4007 λύειν,
1061 3940 1155 3994 καὶ
1186 3939 1316 4013 ὅλην
1372 3945 1471 4014 τὴν
1505 3944 1973 4018 Τεσσαρακοστὴν

475 4050 493 4079 ι
531 4032 841 4099 ἀτιμάζειν.
892 4053 911 4086 ι

470 4122 667 4178 ΒΑΛΣ.
697 4127 758 4179 Οἱ
788 4126 847 4179 ἐν
871 4122 1197 4199 Καρθαγένῃ
1231 4129 1593 4198 συναχθέντες
1621 4132 1766 4200 ἅγιοι
1800 4134 1981 4187 Πατέ-

402 4231 517 4285 ρες,
572 4215 776 4279 εἰδότες
827 4217 911 4271 ὅτι
963 4220 992 4271 6
1038 4218 1244 4289 Κύριος
1280 4221 1439 4290 ἡμῶν
1486 4223 1695 4290 Ἰησοῦς
1720 4226 1977 4295 Χριστὸς,

402 4306 543 4374 μετά
583 4306 645 4358 τὸ
671 4308 981 4376 ποιῆσαιτδ
1014 4312 1238 4381 νομικὸν
1264 4312 1458 4382 Πάσχα
1518 4315 1616 4367 σὺν
1656 4317 1769 4379 τοῖς
1803 4319 1982 4386 μαοηο

400 4400 526 4459 ταῖς
554 4399 722 4452 αὑτοῦ
775 4401 868 4454 καὶ
907 4405 1127 4469 φιτ-(εῖν,
1181 4405 1401 4457 ἐτέλεσε
1449 4407 1546 4459 καὶ
1595 4407 1657 4461 τὸ
1717 4412 1981 4477 μυστικὸν

2056 564 2171 600 rum
2210 549 2465 613 printititc
2495 550 2695 617 templo
2720 551 2915 613 allatae,
2943 552 3234 621 divinaque
3260 562 3311 605 et
3343 552 3629 606 incruento

2054 638 2325 693 sacriﬁcio
2381 641 2672 710 adjunctm,
2731 641 2927 709 popqu
2980 642 3371 696 dividerentur.
3428 641 3628 695 Morem

2057 729 2222 799 igitur
2250 731 2521 801 ejusmodi
2555 748 2729 787 canon
2772 734 2859 787 hic
2892 733 3132 792 danmat,
3178 734 3245 785 ab
3272 747 3445 801 eoque
3491 731 3633 786 sacri

2054 825 2261 877 ordinis
2296 825 2541 879 homines
2574 826 2625 877 in
2676 834 2953 893 posterum
3007 825 3281 879 abstinere
3316 824 3487 893 jubet.
3528 822 3633 877 So-

2058 914 2166 968 lum
2201 932 2385 980 porro,
2424 918 2619 987 inquit,
2654 933 2863 971 sacram
2893 917 3248 980 oblationem,
3284 931 3388 982 qua
3438 930 3635 984 pecca-

2060 1015 2236 1059 torum
2271 1007 2485 1061 veniam
2512 1008 2817 1074 obtineant,
2856 1008 2961 1063 nisi
2996 1009 3040 1062 si
3072 1008 3165 1077 qui
3196 1008 3263 1061 ad
3312 1024 3430 1062 eam
3468 1000 3638 1077 parti-

2057 1096 2339 1165 cipandam
2375 1097 2553 1151 minus
2583 1098 2792 1163 probati
2822 1098 3180 1159 accesserint,
3211 1096 3405 1167 popqu
3432 1097 3635 1163 imper-

2058 1189 2145 1242 tiri
2201 1203 2523 1244 concessum
2590 1190 2682 1244 sit.
2751 1189 2899 1245 Uvas
2966 1197 3190 1253 autem,
3253 1196 3309 1242 ut
3368 1188 3637 1257 primitias

2058 1279 2274 1341 allatas,
2310 1295 2337 1332 a
2371 1282 2743 1335 sacerdotibus
2772 1281 3021 1335 benedici
3047 1289 3101 1335 et
3132 1279 3329 1349 populo
3362 1278 3635 1344 distribui,

2060 1380 2115 1423 ut
2142 1370 2341 1425 exinde
2376 1371 2589 1441 frugum
2617 1372 2814 1437 datori,
2836 1372 3185 1440 omniumque
3218 1385 3337 1439 qua:
3360 1370 3427 1423 ad
3456 1369 3638 1423 carnis

2060 1463 2268 1516 victum
2303 1462 2619 1533 cultumque
2644 1465 2954 1519 necessaria
2986 1473 3113 1517 sunt
3160 1462 3401 1533 largitori
3433 1462 3639 1531 gratias

2060 1560 2243 1624 agant.
2283 1554 2385 1621 Qui
2416 1570 2573 1610 secus
2608 1554 2821 1623 fecerit,
2860 1554 2913 1608 in
2949 1570 3072 1608 eum
3126 1552 3469 1622 depositione
3521 1551 3641 1603 ani-

2062 1647 2325 1702 madverti
2349 1647 2523 1717 jubet.

2062 1737 2288 1794 ARIST.
2370 1758 2390 1790 ι
2430 1738 2560 1794 Uva:
2611 1753 2639 1792 a
2701 1738 2974 1793 nonnullis
3030 1737 3316 1791 incruento
3368 1735 3640 1792 sacrificio

2143 1851 2160 1884 ι
2203 1830 2629 1901 conjunguntur.
2665 1828 2741 1883 Ne
2772 1830 2895 1899 quis
2923 1837 3099 1882 autem
3147 1827 3248 1881 hoc
3277 1826 3506 1893 amplius
3547 1840 3611 1876 au

2148 1943 2167 1975 ι
2205 1926 2350 1990 deat,
2383 1924 2656 1976 decretum
2692 1931 2797 1977 est.
2837 1944 2855 1972 ι

2139 2015 2282 2069 Uvas
2313 2014 2525 2079 quidem
2568 2023 2811 2081 tempore
2848 2009 3194 2064 convcnienti
3246 2023 3413 2075 super
3467 2008 3642 2060 altare

2068 2104 2279 2164 offerre,
2309 2118 2512 2170 easque
2544 2118 2572 2156 a
2612 2100 2988 2157 sacerdotibus
3036 2100 3302 2164 benedici,
3356 2109 3408 2151 et
3458 2108 3645 2166 peten-

2070 2195 2216 2250 tibus
2270 2194 2564 2259 distribui,
2633 2194 2825 2247 tcrtius
2890 2200 3201 2269 sanctorum
3274 2190 3638 2258 apostolorum

2068 2305 2238 2343 canon
2269 2287 2556 2357 permittit.
2581 2288 2650 2341 At
2681 2302 2771 2341 eas
2802 2287 3086 2339 incruento
3117 2283 3445 2352 conjungere
3477 2283 3647 2337 sacri-

2071 2380 2123 2435 ﬁt
2143 2382 2193 2435 io
2224 2391 2280 2436 et
2307 2391 2597 2448 utrumque
2632 2377 2791 2432 simul
2831 2379 3024 2446 populo
3053 2376 3377 2430 distribuere
3406 2390 3645 2443 prmsens

2070 2487 2241 2526 canon
2281 2472 2550 2541 prohibet,
2586 2471 2912 2538 mandatque
2948 2484 3012 2521 ne
3036 2468 3304 2537 quispiam
3334 2483 3363 2519 e
3396 2468 3647 2520 sacerdo-

2072 2567 2219 2618 tibus
2257 2565 2356 2617 hoc
2382 2565 2613 2633 amplius
2645 2564 2863 2617 audeat.
2896 2561 3175 2629 Alioquin,
3214 2575 3336 2613 eum
3364 2558 3454 2627 qui
3500 2556 3648 2611 fece-

2072 2655 2161 2719 rit,
2191 2654 2411 2725 deponi.

2613 2832 2843 2890 CANON
2881 2829 3076 2886 XXIX.

2081 2952 2100 2983 ι
2137 2930 2586 3000 Carthagincnsis
2623 2928 2812 3000 synodi
2843 2942 3015 2980 canon
3046 2925 3203 2988 dicit,
3241 2930 3297 2974 ιιι
3348 2928 3532 2975 sancta
3568 2932 3651 2974 ιιιά

2151 3043 2169 3075 ι
2210 3024 2341 3077 laris
2376 3023 2599 3077 nonnisi
2653 3038 2682 3075 ιι
2709 3020 2910 3087 jejunis
2950 3016 3261 3072 hominibus
3296 3020 3650 3082 per-agantur,

2152 3137 2170 3167 ι
2205 3127 2432 3186 excepto
2459 3130 2570 3169 uno
2602 3114 2688 3166 die
2719 3112 2771 3167 in
2800 3126 2965 3175 anno,
3014 3111 3065 3163 itt
3102 3124 3208 3178 quo
3247 3120 3401 3161 omna
3439 3101 3649 3156 Domini

2154 3230 2171 3261 ι
2210 3209 2485 3279 peragitur
2512 3224 2527 3262 :
2560 3215 2684 3261 tunc
2718 3206 2949 3259 fortasse
2980 3211 3198 3273 propter
3231 3199 3440 3266 aliquas
3496 3196 3547 3249 itt
3580 3193 3651 3247 iis

2150 3327 2167 3355 ι
2208 3306 2343 3360 locis
2369 3305 2688 3359 occasiones
2735 3300 2991 3355 Ecclesim
3023 3298 3185 3353 utiles
3241 3295 3497 3349 Patrihus
3547 3292 3653 3346 hac

2155 3419 2173 3451 ι
2213 3397 2618 3469 dispensatione
2645 3396 2779 3449 usis.
2809 3392 2944 3449 Cum
2968 3391 3101 3446 nihil
3126 3404 3254 3459 ergo
3280 3403 3378 3442 nos
3412 3387 3653 3447 inducat,

2154 3511 2172 3542 ι
2212 3503 2268 3544 ιιι
2298 3500 2609 3545 accuratam
2643 3487 2975 3555 diligentiam
3012 3482 3398 3552 relinquamus,
3435 3484 3655 3545 aposto-

2155 3602 2173 3633 ι
2215 3583 2348 3636 licas
2382 3595 2445 3634 ac
2478 3588 2733 3648 paternas
2770 3576 3088 3629 traditiones
3133 3579 3425 3638 sequentes
3465 3564 3661 3621 statui-

2155 3693 2172 3725 ι
2217 3689 2357 3735 mus,
2393 3688 2496 3726 non
2528 3681 2775 3740 oportere
2809 3669 2859 3722 in
2895 3665 3341 3733 Quadragesima,
3379 3666 3654 3729 postrema

2154 3784 2170 3814 ι
2212 3764 2510 3831 septimana
2543 3761 2732 3830 quinta
2763 3758 2897 3812 feria
2922 3756 3187 3827 jejunium
3226 3754 3459 3817 solvere,
3488 3760 3542 3805 et
3573 3758 3657 3802 ιο·-

2158 3874 2174 3905 ι
2221 3868 2325 3909 lam
2355 3851 2832 3922 Quadragcsimatn
2863 3847 3058 3916 injuria
3092 3845 3326 3899 adicere.
3366 3861 3384 3895 ι

2153 4125 2347 4180 BALS.
2387 4124 2569 4178 Sancti
2627 4121 2819 4176 Patres
2867 4120 2956 4188 qui
3012 4118 3343 4184 Carthagine
3394 4130 3664 4173 convene-

2085 4228 2228 4283 rant,
2265 4217 2501 4271 scientes
2535 4213 2675 4283 qttod
2710 4210 2970 4264 Dominus
3001 4218 3181 4263 noster
3207 4206 3364 4261 Jesus
3386 4206 3658 4267 Christus,

2084 4320 2369 4379 postquam
2399 4306 2565 4376 ‘egale
2598 4303 2805 4358 Pascha
2842 4300 3083 4363 fecisset,
3114 4308 3171 4353 et
3195 4299 3359 4353 etiam
3394 4313 3518 4351 cum
3545 4297 3665 4351 suis

2088 4401 2369 4471 discipulis
2436 4399 2785 4461 comedisset,
2832 4395 3122 4466 mysticum
3183 4407 3398 4462 quoque
3450 4390 3677 4445 Paschal

456 4492 599 4560 ἀσχα
633 4497 727 4545 καὶ
755 4494 856 4565 τὴν
883 4497 1235 4567 ἀναιμάκτην
1265 4498 1455 4551 θυσίαν
1504 4499 1615 4570 (95)
1672 4473 1970 4570 παρέδωκε,

2090 4494 2316 4563 peregit,
2348 4503 2398 4546 et
2436 4491 2776 4545 incruentum
2814 4485 3143 4542 sacriﬁcium
3178 4483 3424 4547 tradidit,
3479 4482 3665 4553 jussea

403 4579 883 4646 παρεκελεύσαντο
912 4584 1052 4638 κατὰ
1085 4585 1184 4653 μὲν
1218 4587 1310 4638 τὸν
1338 4587 1498 4640 ἀλλον
1524 4589 1719 4658 χρόνον
1762 4592 1983 4661 νήστεις

403 4664 548 4724 εἶναι
576 4673 702 4735 τοὺς
737 4674 808 4726 τά
842 4674 970 4742 ἆγια
994 4678 1547 4749 μεταχειριζομένους
1571 4681 1855 4745 διακόνους
1887 4682 1984 4735 καὶ

409 4761 578 4828 ἱερεῖς
610 4775 625 4790 ’
681 4761 824 4816 κατά
874 4762 932 4815 δέ
968 4762 1068 4833 τὴν
1118 4766 1368 4835 μεγάλην
1407 4770 1694 4839 πέμπτην,
1753 4772 1893 4840 μετά
1925 4772 1984 4825 τὸ

314 4890 319 4893 ν
408 4857 627 4922 φαγεῖν,
673 4854 998 4924 ἱερουργεῖν.
1033 4856 1209 4912 Τοῦτο
1241 4859 1334 4914 οὖν
1380 4861 1455 4932 μὴ
1487 4863 1734 4930 γίνεσθαι
1799 4865 1985 4935 διωρί-

408 4961 578 4999 σαντο
605 4947 654 4999 οἱ
676 4948 776 5016 τῆς
805 4942 861 5011 ς’
897 4948 1121 5001 συνόδου
1155 4949 1428 5019 Πατέρες,
1456 4952 1704 5016 εἰπόντες
1733 4954 1817 5007 ὅτι
1860 4955 1983 5008 τότε

415 5036 514 5105 μὲν
551 5036 680 5099 ἴσως
710 5036 799 5090 διά
827 5054 949 5090 τινα
975 5036 1201 5107 εὔλογον
1231 5039 1417 5092 αἰτίαν
1444 5042 1539 5095 καὶ
1589 5040 1839 5111 λυσιτελῆ
1866 5044 1987 5106 ταῖς

2088 4593 2217 4643 runt
2247 4583 2353 4637 alio
2386 4581 2606 4650 quidem
2666 4587 2779 4633 toto
2839 4585 3078 4646 tempore
3129 4590 3253 4631 esse
3302 4574 3537 4643 jejunos,
3570 4572 3663 4641 qui

2090 4687 2278 4732 sancta
2316 4680 2577 4737 tractant,
2611 4670 2866 4725 diaconos
2900 4680 2950 4723 et
2986 4667 3335 4722 sacerdotes:
3387 4667 3438 4719 in
3472 4679 3662 4735 magna

2095 4776 2274 4821 autem
2339 4764 2525 4830 quinta
2580 4761 2736 4827 feria,
2778 4759 2867 4813 ubi
2913 4757 3267 4822 comederint,
3317 4772 3531 4811 sacrum
3577 4769 3667 4808 ce-

2088 4857 2318 4912 lebrare.
2356 4854 2467 4909 lloc
2504 4867 2632 4923 ergo
2666 4866 2771 4907 non
2805 4865 2926 4906 esse
2973 4850 3279 4904 faciendum
3325 4856 3527 4903 sanctae
3574 4860 3665 4917 sy-

2094 4954 2217 5007 nodi
2238 4946 2414 5005 ‘sextaa
2445 4948 2641 5003 Patres
2681 4954 3017 5008 statuerunt,
3047 4946 3312 5010 dicentes,
3343 4945 3486 5014 quod
3538 4952 3670 4996 tunc

2094 5044 2309 5114 quidem
2375 5041 2629 5106 fortasse,
2686 5048 2909 5111 propter
2964 5038 3127 5110 189
3168 5037 3373 5105 justam
3428 5035 3668 5105 aliquam

1598 5158 1796 5220 Guill.
1830 5159 2157 5238 Beveregii
2193 5168 2380 5220 noue.

486 5256 598 5327 (94)
653 5257 736 5326 Τῇ
765 5260 991 5327 ὕστερα
1005 5259 1055 5326 ’ᾳ
1088 5256 1365 5325 ἐϐδομάδι
1392 5258 1509 5326 τὴν
1550 5259 1845 5327 πέμπτην.
1888 5259 1992 5314 Ms.

411 5328 888 5401 Atnerhachianus
927 5331 1055 5400 legit
1102 5332 1168 5401 τῇ
1207 5328 1474 5401 ὑστεραίᾳ
1513 5330 1781 5401 ἐδδοράδι.
1832 5329 1899 5382 Ει
1933 5331 1986 5384 in

416 5418 522 5453 tus.
571 5399 888 5465 Bodleiano,
945 5399 1066 5468 pust
1096 5400 1382 5468 πέμπτην,
1416 5399 1527 5453 lucc
1554 5399 1982 5467 interferttntur,

411 5470 511 5537 τὴν
536 5469 749 5549 ἡμέραν
776 5470 876 5556 τῆς
904 5470 1197 5555 ὑστεραίας
1224 5469 1641 5556 ἐίξδομάδοςέτῆς
1667 5469 1828 5556 ἀγςας
1854 5469 1963 5523 Tac

416 5538 1184 5662 tlrlapzzuo'cﬁcéuavtby'tpnct
1239 5539 1341 5620 τὴν
1394 5540 1635 5620 μεγάλην
1695 5539 1981 5609 πέμπτην.

469 5625 546 5663 :ec
586 5617 767 5661 autem
803 5608 962 5688 tetba
994 5626 1045 5662 tn
1073 5611 1223 5688 nullo
1272 5611 1381 5663 alto
1440 5610 1629 5688 c_odtce
1661 5609 1981 5688 Ileguntur:

417 5693 596 5746 neque
628 5679 825 5730 canoni
859 5681 1167 5733 necessaria
1195 5688 1345 5739 sunt.
1382 5682 1475 5733 sed
1525 5679 1843 5733 omnimodo
1885 5695 1982 5747 po-

418 5750 527 5803 tius
546 5760 971 5817 supervacanea.
998 5750 1133 5805 aslco
1159 5757 1215 5805 ut
1238 5750 1291 5806 in
1326 5749 1568 5822 margine
1588 5748 1765 5819 primo
1782 5750 1984 5819 scripta

2097 5268 2154 5313 et
2186 5272 2253 5311 ex
2284 5271 2349 5310 eo
2374 5256 2427 5309 in
2468 5269 2734 5309 canonem
2795 5260 2984 5321 postea
3042 5246 3669 5321 descriptorisincttria

2095 5328 2426 5394 transcripta
2460 5326 2769 5391 videantur;
2798 5317 2865 5377 ac
2890 5321 3117 5394 proinde
3145 5334 3246 5372 nos
3261 5334 3336 5394 ea
3381 5317 3469 5371 hic
3496 5317 3674 5370 adno-

2092 5408 2210 5452 tare
2236 5388 2409 5451 satius
2438 5395 2719 5454 duximus,
2753 5388 2916 5462 quam
2949 5393 3050 5460 ipsi
3075 5389 3275 5445 canoui
3308 5388 3665 5457 interserere,

2092 5484 2158 5523 ne
2191 5482 2387 5521 sensus
2416 5466 2535 5533 eius
2558 5464 2989 5531 pet-turbaretur.

2161 5538 2273 5608 (95)
2306 5535 2429 5601 Τὴν
2449 5526 2461 5533 ’
2488 5526 2862 5608 ἀκαιμᾴκτην
2906 5530 3147 5608 θυσίαν.
3327 5526 3672 5608 Amaniensis

2089 5597 2301 5662 rectius
2321 5597 2449 5675 legit
2470 5605 2568 5671 τὴν
2587 5597 2928 5675 ἀναίμακτον
2949 5597 3662 5675 OuciAaleuemadtnodum

2091 5679 2255 5733 etiam
2290 5664 2611 5731 Aristenum
2666 5664 2864 5741 legisse
2901 5686 2967 5725 ex
3009 5664 3240 5727 scholiis
3262 5668 3456 5741 ejusin
3497 5664 3663 5736 hujus

2093 5748 2324 5804 canonis
2352 5750 2630 5815 epitomen
2666 5748 2904 5798 constat.
