4074 6418
414 298 519 365 ιιι

1683 303 1960 367 THEOD.
2004 305 2409 367 BALSAMON

3570 312 3689 373 612
3724 254 3734 271 1

414 432 561 481 nem,
609 416 701 486 qui
743 416 995 486 superius
1027 416 1205 473 dictus
1234 426 1341 487 est,
1378 427 1441 474 et
1471 430 1692 490 propter
1726 417 1992 473 Justima—

2098 425 2219 477 σθαι
2243 431 2346 494 την
2371 426 2608 493 γυναῖκα
2629 424 2725 477 τοῦ
2752 424 2959 478 οἰκείου
2986 423 3228 492 συζύγου
3256 421 3687 477 ἀποδιίστασθαι

414 508 468 562 ni
514 508 812 571 Novellam,
852 521 969 575 qua:
1001 523 1114 562 non
1162 509 1291 563 sinit
1322 523 1589 564 consensu
1623 506 1759 563 solvi
1809 507 1997 561 matri-

414 617 615 655 11101113.

481 776 734 833 ZONAR.
769 776 904 833 Cum
950 779 1320 847 apostolorum
1372 779 1404 831 5
1443 794 1577 833 can.
1628 791 1826 831 uxores
1868 776 1995 830 reli-

411 865 584 936 gionis
600 865 779 933 specie
818 866 1103 934 repudiare
1130 867 1433 936 presbyteri
1462 866 1784 935 diaconique
1806 867 1995 935 prohi-

412 959 680 1022 beantur;
718 957 1029 1010 sacerdotes
1064 965 1243 1009 tamen
1293 956 1460 1024 aliqui
1495 955 1845 1009 barbarorum
1900 972 1995 1011 ec-

412 1048 592 1101 clesiis
653 1048 899 1115 ascripti,
932 1046 1024 1116 qui
1089 1056 1144 1102 et
1190 1047 1487 1112 apostolica
1532 1046 1737 1099 scilicet
1779 1046 1993 1100 decreta

412 1141 743 1209 superanda,
782 1149 835 1191 et
872 1137 1075 1206 aliquid
1106 1138 1242 1191 ultra
1297 1153 1458 1206 quam
1490 1137 1563 1191 illi
1595 1139 1995 1191 constituerant

416 1231 722 1285 faciendum
769 1230 872 1285 sibi
924 1245 1045 1284 esse
1099 1245 1418 1300 persuasum
1469 1228 1748 1294 haberent,
1798 1230 1994 1283 mulie-

413 1338 534 1375 rum
588 1336 802 1390 quoque
847 1319 997 1375 forte
1053 1320 1292 1389 ipsarum
1354 1319 1650 1379 voluntate,
1707 1320 1774 1372 ab
1808 1333 1993 1371 earum

412 1414 743 1467 commercio
778 1412 1053 1465 abstinere
1083 1413 1231 1466 soliti
1273 1419 1420 1466 sunt.
1448 1408 1527 1461 Ea
1559 1410 1723 1479 igitur
1759 1422 1989 1462 consue-

414 1506 621 1569 tudine,
694 1514 917 1574 propter
965 1505 1308 1558 sacerdotum
1368 1503 1673 1572 hujusmodi
1736 1500 1995 1554 barbaros

395 1606 758 1667 agrestesque
815 1610 1014 1659 mores,
1054 1609 1152 1649 nec
1193 1597 1326 1648 satis
1370 1605 1630 1664 praeterea
1670 1593 1879 1646 firmam
1934 1606 1997 1645 ac

396 1689 638 1743 solidam
662 1688 712 1740 in
741 1686 844 1740 fide
862 1685 1221 1740 constantiam
1246 1684 1564 1754 (utrumque
1588 1684 1732 1737 enim
1758 1682 1863 1736 illis
1880 1695 1998 1736 ver-

2098 513 2188 567 διά
2214 531 2275 567 τε
2299 515 2394 568 τὸν
2424 515 2630 569 ἀνωθεν
2660 516 2900 585 ρηθέντα
2953 515 3316 570 ἀποστολικδν
3366 518 3564 571 κανόνα
3596 519 3692 569 καὶ

2097 604 2185 659 διὰ.
2204 606 2303 675 τὴν
2340 605 2773 660 Ἰουστινιάνειον
2814 607 3035 676 Νεαρὰν
3072 606 3174 675 τὴν
3213 607 3289 678 μὴ
3318 608 3692 679 παραχωροῦ-

2103 716 2203 754 σαν
2236 701 2379 754 κατά
2405 702 2717 754 συναίνεσιν
2749 699 2976 753 λύεσθαι
3008 700 3077 753 τά
3112 702 3449 755 συνοικέσια.

2166 795 2414 853 ΖΩΝΑΡ.
2442 792 2551 847 Τοῦ
2577 794 2833 861 πέμπτου
2857 793 3089 853 κανόνος
3121 793 3233 846 τῶν
3266 791 3429 862 ἱερῶν
3454 793 3692 847 ἀποστό-

2096 891 2205 945 λων
2234 893 2674 963 ἀπαγορευοντος
2715 890 2828 949 τοίς
2852 884 3254 956 πρεσϐυτέροις
3286 886 3384 938 καὶ
3410 886 3689 946 διακόνοις

2092 983 2525 1053 ἀποπέμπεσθαι
2564 980 2661 1043 τὰς
2706 978 2916 1042 οἰκείας
2975 978 3247 1047 γαμετὰς,
3283 976 3358 1040 ὥς
3407 977 3554 1046 τάχα
3593 977 3684 1029 θέ-

2096 1075 2287 1135 λοντας
2334 1074 2657 1143 σωφρονεῖν,
2714 1071 2763 1124 οἱ
2824 1072 2883 1123 έν
2933 1068 3304 1139 βαρϐαρικαῖς
3359 1066 3685 1134 ἐκκλησίαις

2090 1166 2269 1236 ίερείς
2327 1165 2567 1233 οἰόμενοι
2624 1163 2735 1213 δεῖν
2790 1158 3151 1228 ὑπερϐαίνειν
3184 1156 3286 1224 τὴν
3316 1153 3687 1221 ἀποστολικὴν

2092 1255 2344 1325 ἐντολὴν,
2376 1254 2469 1307 καὶ
2504 1252 2669 1305 πλέον
2698 1267 2753 1303 τι
2782 1248 2891 1303 τῶν
2926 1246 3059 1317 παρ’
3097 1248 3323 1300 ἐκείνων
3352 1242 3686 1313 ὁρισθέντων

2098 1345 2292 1407 ποιεῖν,
2321 1346 2386 1396 ὲκ
2413 1341 2712 1411 συμφώνου
2745 1340 2887 1409 τάχα
2914 1338 3022 1390 τῶν
3068 1334 3436 1389 συνοικουσῶν
3492 1335 3681 1395 αὐτοῖς

2096 1432 2376 1499 γυναικῶν
2405 1431 2695 1501 ἀπείχοντο
2720 1429 2819 1498 τῆς
2843 1427 2982 1496 πρὸς
3013 1425 3185 1487 αὐτὰς
3220 1424 3465 1494 ὁμιλίας.
3505 1423 3684 1476 Τοῦτο

2096 1519 2192 1577 οὖν
2217 1526 2269 1577 οί
2294 1524 2394 1591 τῆς
2418 1522 2641 1576 συνόδου
2672 1519 2877 1588 ταύτης
2907 1517 3028 1571 κατ’
3053 1516 3371 1583 οἰκονομίαν
3391 1514 3684 1584 δεξάμενοι

2101 1617 2189 1672 διὰ
2210 1617 2270 1669 τὸ
2293 1615 2403 1668 τῶν
2426 1613 2620 1685 ἱερέων
2649 1611 2875 1665 ἐκείνων
2898 1607 3177 1679 βάρϐαρον
3196 1604 3327 1679 ἦθος
3354 1608 3446 1661 καὶ
3465 1606 3682 1675 ἄγριον·

2099 1710 2261 1765 τοῦτο
2318 1707 2427 1777 γάρ
2489 1708 2605 1759 έστι
2645 1704 2706 1756 τὸ
2734 1699 3192 1766 άπεξενωμένον·
3227 1699 3321 1752 καὶ
3374 1698 3466 1751 διὰ
3513 1696 3575 1748 τὸ
3609 1696 3688 1764 μὴ

397 1781 514 1846 'bis’
539 1778 635 1832 τοῦ
660 1776 1188 1871 ἀπεξενῳμένουῆθι
1209 1774 1613 1871 “afﬂéiwﬁ
1634 1772 1880 1871 if'dic?m_
1902 1787 1996 1827 ω’
2028 1797 2071 1852 Β
2102 1772 2341 1871 βεϐηκὸς.
2374 1772 2553 1852 αὐτῶν
2583 1795 2721 1865 πρὸς
2754 1795 2852 1863 τὴν
2879 1796 3067 1846 πίστιν
3095 1789 3230 1861 μηδὲ
3269 1791 3412 1844 πάνυ
3446 1788 3683 1857 ἑδραῖον..

409 1871 652 1940 luerunt)
668 1870 964 1938 prudentia:
980 1868 1210 1937 quodam
1227 1867 1462 1920 artificio
1477 1865 1727 1920 consulto
1739 1864 1997 1928 admissa,

396 1964 502 2033 qui
533 1979 597 2016 cx
628 1962 880 2016 condicto
909 1974 1032 2012 cum
1071 1959 1337 2013 uxoribus
1369 1958 1664 2011 divortium
1700 1955 1899 2019 fecere,
1933 1969 2002 2009 ne

410 2068 505 2108 eas
536 2052 637 2107 sub
666 2053 854 2106 eodem
903 2065 1119 2119 quoque
1162 2058 1301 2103 tecto
1336 2048 1535 2101 habere
1574 2047 1733 2101 liceat
1766 2060 1795 2098 a
1822 2043 2003 2098 Patri-

411 2137 878 2199 bushoCcanoue
915 2141 1294 2196 constitutum.
1349 2140 1488 2193 Hinc
1512 2139 1682 2202 enim,
1762 2152 1889 2193 cum
1944 2146 2000 2191 et

392 2252 502 2290 eos
529 2236 751 2305 implere
779 2235 1026 2305 promissi
1054 2234 1212 2285 tidem
1248 2230 1405 2285 facile
1432 2231 1735 2300 apparebit,
1773 2242 1885 2283 tum
1907 2244 2001 2285 ve-

399 2343 473 2381 ro
510 2328 910 2382 constantiores
960 2326 1012 2379 in
1047 2334 1298 2396 suscepto
1345 2327 1694 2379 continentia:
1747 2325 1996 2388 consilio,

319 2425 325 2429 '
410 2420 720 2474 dissociatio
740 2419 937 2487 procul
968 2420 1268 2474 amaudatae
1299 2419 1485 2473 uxoris
1511 2417 1727 2471 eﬂiciet.
1764 2416 1900 2471 Cum
1920 2410 1997 2471 iis

394 2513 555 2565 enim
577 2509 924 2576 cohabitare,
949 2524 1149 2579 easque
1174 2511 1438 2563 continuo
1461 2509 1708 2577 aspicere
1744 2510 1811 2562 ad
1838 2522 2001 2563 vene-

400 2616 559 2655 ;ream
592 2601 1030 2669 congressionem
1050 2602 1121 2655 sit
1141 2601 1207 2655 iis
1238 2602 1467 2656 forsitan
1502 2601 1876 2655 incitamento.

398 2690 642 2746 ARlST.
684 2710 702 2743 ι
732 2692 836 2757 Qui
873 2694 924 2745 in
961 2692 1244 2747 barbarica
1274 2693 1437 2771 etiam
1468 2692 1869 2746 constituuntur
1896 2690 2000 2745 Ec-

495 2803 514 2836 ι
558 2785 720 2839 clesia
765 2787 1098 2849 sacerdotes,
1151 2786 1195 2838 si
1240 2798 1309 2839 ex
1348 2798 1615 2839 consensu
1658 2784 1725 2838 ab
1768 2800 1997 2839 uxorum

478 2897 511 2931 4
554 2880 881 2933 commercio
901 2879 1232 2943 abstineant,
1272 2890 1437 2947 atque
1462 2890 1747 2948 prOpterca
1771 2894 1895 2932 cum
1929 2878 1998 2933 iis

476 2991 507 3025 τι
554 2987 877 3043 quocunque
890 2974 1448 3028 nitido-continentium
1463 2972 1691 3042 amplius
1711 2987 1815 3026 non
1834 2971 1998 3026 liabe-

489 3086 509 3121 ε
551 3069 700 3122 bunt.
745 3085 764 3117 ι

2101 1892 2130 1946 ὃ
2158 1890 2415 1959 δηλοῦται
2442 1888 2533 1941 διὰ
2560 1885 2654 1939 τοῦ
2679 1885 2950 1951 ἀπαγοῢς,
2974 1884 3182 1953 ὥρισαν
3210 1882 3337 1943 τοὺς
3364 1884 3427 1932 ὲκ
3454 1879 3683 1948 συμφώ-

2102 2000 2194 2037 νου
2218 1979 2524 2051 ἁπέχεσθαι
2556 1978 2852 2049 κρίναντας
2880 1976 2981 2046 τῆς
3011 1975 3146 2045 πρὸς
3179 1972 3444 2042 ἀλλήλους
3467 1971 3685 2040 ὁμιλίας

2106 2075 2242 2145 μηδὲ
2282 2074 2575 2136 συνοικεῖν,
2609 2070 2696 2124 ἴνα
2725 2087 2785 2123 τε
2814 2067 3093 2132 ἀπόδειξις
3120 2067 3205 2135 εἰη
3231 2063 3396 2118 τοῦτο
3423 2061 3517 2114 τοῦ
3541 2061 3685 2128 πληο

2106 2166 2233 2237 ροῦν
2264 2165 2293 2218 ὃ
2313 2161 2734 2233 ἐπηγγείλαντο,
2765 2161 2860 2213 καὶ
2895 2158 2983 2211 ἵνα
3025 2156 3120 2210 καὶ
3166 2154 3299 2226 πρὸς
3330 2152 3687 2224 σωφροσύνην

2104 2257 2310 2327 μᾶλλον
2370 2256 2834 2325 ὲπιρῤώννυνται.
2898 2251 3088 2321 πόρρω
3114 2250 3224 2301 τῶν
3254 2247 3452 2318 πρώην
3502 2246 3678 2300 αύτῶι

2100 2351 2379 2418 διάγοντες
2425 2345 2705 2415 γαμετῶν.
2747 2345 2821 2397 Τὸ
2851 2345 2958 2414 γὰρ
3005 2344 3236 2404 ταύταις
3287 2340 3558 2393 συνοικεῖν
3587 2338 3687 2392 καὶ

2099 2440 2231 2510 ὁρᾷν
2259 2437 2431 2500 αὑτὰς
2462 2437 2702 2506 συνεχῶς
2732 2437 2813 2499 είς
2844 2433 3198 2505 παροξυσμὸν
3244 2432 3448 2503 μίξεως
3482 2431 3684 2498 γίνοιτο

2102 2530 2169 2585 ἂν
2197 2531 2406 2591 αὐτοῖς.

2098 2714 2321 2768 ΑΡΙΣΤ.
2361 2734 2379 2765 ι
2417 2714 2529 2767 Καὶ
2555 2712 2604 2764 οἱ
2635 2713 2692 2764 έν
2726 2709 3032 2782 βαρϐαρικῇ
3087 2707 3381 2779 Ἐκκλησία
3408 2709 3599 2779 ἱερεῖς,
3627 2707 3683 2763 ει

2176 2826 2194 2859 ι
2229 2807 2330 2875 τῆς
2353 2804 2464 2859 τῶν
2492 2804 2741 2873 συμϐίων
2773 2804 2836 2856 ὲκ
2861 2800 3158 2872 συμφώνου
3184 2802 3406 2869 ὁμιλίας
3441 2801 3676 2871 ἀπέχον-

2175 2915 2192 2947 ι
2229 2914 2340 2954 ται.
2376 2895 2491 2949 ἀλλ’
2526 2890 2621 2947 οὖν
2655 2892 2852 2963 μηκέτι
2880 2891 3107 2955 ταύταις
3137 2890 3260 2944 καθ’
3294 2890 3685 2962 οἱονδηποτοῦν

2173 3008 2195 3042 ι
2230 2989 2535 3061 ὁμιλήσωσι
2570 2987 2799 3058 τρόπον.
2838 3004 2858 3038 ι

484 3160 864 3230 Presbyterum
892 3157 973 3212 vel
998 3157 1311 3221 diaconum,
1340 3159 1429 3224 qui
1463 3156 1743 3225 religionis
1769 3165 1996 3226 praetex-

2172 3162 2277 3216 Τὸν
2308 3161 2582 3232 προφάσει
2621 3158 2907 3221 εὐλαϐείας
2932 3158 3031 3229 τὴν
3067 3156 3263 3211 ἑαυτοῦ
3310 3159 3547 3225 γυναῖκα
3582 3157 3683 3209 ὲκ-

412 3265 469 3309 tu
501 3266 724 3306 uxorem
766 3265 919 3304 suam
958 3249 1131 3317 ejicit.
1183 3236 1229 3302 εἷ
1249 3262 1370 3301 can.
1421 3246 1749 3316 apostolicus
1782 3261 2002 3301 excom-

414 3343 678 3397 municari
706 3340 963 3401 decrevit,
991 3340 1077 3394 vel
1106 3350 1269 3393 etiam
1321 3338 1540 3405 deponi,
1576 3339 1622 3392 si
1673 3353 1794 3390 eam
1826 3338 1893 3390 ad
1940 3352 2001 3391 se

414 3449 606 3489 rursus
651 3433 899 3500 accipere
937 3446 1044 3484 nou
1094 3430 1475 3498 persuadetur.
1535 3428 1764 3495 Quidam
1815 3441 1997 3483 autem

413 3530 726 3581 sacerdotes
749 3524 800 3577 in
824 3523 1132 3578 barbaricis
1156 3528 1402 3577 viventes
1428 3522 1706 3587 Ecclesiis,
1735 3531 1791 3577 et
1812 3536 1872 3576 se
1903 3524 1996 3576 de-

415 3618 541 3671 bere
566 3616 770 3683 aliquid
800 3614 1057 3683 amplius,
1087 3628 1250 3682 quam
1288 3614 1429 3681 quod
1452 3612 1520 3677 in;
1541 3627 1747 3666 canone
1780 3621 1999 3679 aposto-

414 3709 521 3763 lico
570 3705 942 3770 constituitur,
989 3703 1170 3759 facere
1210 3705 1610 3769 existimantes,
1656 3718 1850 3757 uxores
1880 3704 1999 3772 qui-

414 3806 537 3856 dem
575 3815 703 3855 suas
733 3814 839 3853 non
871 3798 1187 3868 ejicicbaut,
1220 3813 1341 3850 cum
1379 3797 1445 3851 iis
1478 3806 1657 3850 autem
1689 3796 1998 3850 consentie-

413 3894 547 3948 bant
576 3909 604 3945 a
640 3900 824 3945 mutua
861 3891 1257 3947 cnnsuetudine
1291 3890 1584 3943 abstinere.
1629 3889 1785 3943 llunc
1818 3889 1997 3957 itaque

412 3989 776 4042 barbarorqu
804 3986 1030 4040 istorum
1055 3984 1399 4038 sacerdotqu
1427 3997 1750 4037 consensum
1788 3982 1875 4035 hic
1904 3996 2005 4035 ca-i

416 4092 524 4131 nou
550 4092 658 4130 non
712 4078 1039 4144 improbans,
1072 4075 1318 4128 decernit
1348 4088 1442 4129 eos
1474 4090 1579 4127 non
1605 4073 1837 4141 amplius
1870 4087 1993 4127 cum

415 4170 483 4224 tis
530 4182 851 4237 quocunque
902 4168 1059 4221 modo
1120 4166 1455 4229 cohabitare,
1499 4174 1559 4217 ut
1593 4164 1893 4217 absolutam
1940 4172 1996 4217 et

416 4259 707 4329 perfectam
739 4256 1100 4325 suipromissi
1128 4255 1647 4309 demonstrationem
1678 4253 1990 4306 exhibeant.

414 4348 528 4404 Hoc
553 4360 732 4404 autem
771 4347 1024 4418 permisit
1070 4347 1186 4400 haec
1209 4347 1446 4417 synodus
1476 4354 1695 4413 propter
1736 4357 1993 4397 externos

2103 3258 2338 3312 ϐαλόντα
2356 3254 2734 3324 πρεσϐύτερον
2753 3252 2786 3320 ἢ
2818 3251 3068 3304 διάκονον
3098 3250 3125 3300 ὁ
3153 3248 3510 3308 ἀποστολικὸς
3533 3247 3681 3315 πέμ-

2101 3368 2232 3412 πτος
2254 3346 2435 3402 κανὼν
2454 3347 2657 3415 ὥρισεν
2678 3342 3056 3411 ἀφορίζεσθαι,
3087 3340 3119 3412 ἢ
3151 3340 3245 3393 καὶ
3271 3339 3683 3409 καθαιρεῖσθαι,

2101 3445 2152 3497 εί
2174 3438 2543 3496 ἐπαναλαϐεῖν
2567 3437 2772 3505 ταύτην
2824 3434 2981 3496 αὖθις
3005 3434 3067 3486 ού
3110 3431 3380 3507 πείθεται.
3436 3432 3593 3495 Τινὲς
3619 3433 3677 3484 δὲ

2103 3535 2290 3604 ίερεῖς,
2324 3534 2382 3585 έν
2407 3533 2527 3593 ταῖς
2572 3528 2935 3598 βαρϐαρικαῖς
2979 3525 3327 3594 Ἐκκλησίαις
3375 3523 3551 3589 ὄντες,
3584 3525 3680 3578 καὶ

2099 3624 2263 3685 πλέον
2293 3639 2344 3674 τι
2376 3620 2471 3675 τοῦ
2527 3614 2894 3672 ἀποστολικοῦ
2941 3615 3164 3675 κανόνος
3194 3614 3460 3682 πράττειν
3493 3616 3680 3682 οἰόμε-

2097 3730 2202 3778 νοι,
2232 3712 2332 3775 τὰς
2363 3711 2461 3780 μὲν
2490 3709 2627 3771 ἰδίας
2662 3708 2911 3777 γαμετὰς
2940 3706 3040 3758 οὐκ
3065 3706 3309 3769 ἐδίωκον,
3333 3704 3681 3774 συνεφώνουν

2097 3803 2153 3856 δὲ
2190 3802 2306 3871 μετ’
2331 3801 2510 3855 αὐτῶν
2542 3800 2643 3867 τῆς
2692 3799 2828 3868 πρὸς
2854 3797 3117 3867 ἀλλήλους
3151 3797 3437 3858 κοινωνίας
3470 3797 3679 3864 ἀπέχε-

2098 3894 2224 3946 σθαι
2246 3909 2262 3924 ·
2294 3893 2392 3964 τὴν
2436 3892 2693 3961 τοιαύτην
2748 3892 3070 3959 συμφωνίαν
3096 3888 3206 3941 τῶν
3229 3887 3523 3958 βαρϐάρων
3554 3887 3679 3940 τού-

2094 4002 2203 4037 των
2242 3985 2432 4054 ίερέων
2467 3986 2494 4036 ὁ
2518 3983 2701 4036 κανὼν
2733 3976 2889 4045 οὗτος
2916 3981 2992 4051 μὴ
3037 3979 3463 4048 ἀποδοκιμάζων
3500 3978 3676 4047 ὁρίζει

2098 4076 2296 4146 μηκέτι
2330 4074 2546 4137 τούτους
2600 4074 2830 4136 ταύταις
2882 4073 3155 4126 συνοικεῖν
3209 4070 3333 4123 καθ’
3370 4069 3675 4139 οἱονδήτινα

2093 4169 2316 4235 τρόπον,
2356 4167 2432 4229 ὡς
2462 4166 2528 4218 ἂν
2559 4164 2980 4233 ἀπηρτισμένην
3030 4164 3126 4216 καὶ
3179 4160 3392 4214 τελείαν
3416 4162 3513 4228 τῆς
3546 4162 3680 4213 ὑπο-

2096 4259 2335 4328 σχέσεως
2359 4257 2538 4310 αύτῶν
2585 4256 2863 4326 παρέξωσι
2912 4254 3012 4324 τὴν
3051 4253 3349 4317 ἀπόδειξιν.
3399 4252 3678 4306 Ἐνδίδωσι

2094 4350 2151 4403 δὲ
2191 4349 2327 4420 πρὸς
2353 4349 2511 4403 τοῦτο
2539 4350 2571 4418 ἡ
2605 4333 2826 4411 σύνοδος
2858 4347 3022 4417 αὕτη,
3050 4346 3138 4400 διά
3167 4346 3224 4398 τὸ
3258 4344 3680 4414 ἀπεξενωμένον

415 4458 600 4496 eorum
618 4450 672 4495 et
696 4456 798 4495 non
823 4450 958 4494 satis
980 4441 1164 4493 firmos
1187 4452 1364 4493 mores
1384 4447 1438 4491 et
1460 4435 1984 4506 pusillanimitatem.

2098 4440 2186 4494 τοῦ
2220 4442 2382 4511 ἡθους
2418 4440 2598 4494 αὐτῶν
2641 4440 2736 4494 καὶ
2779 4440 3012 4507 ἀπαγὲς,
3059 4440 3153 4494 καὶ
3188 4437 3288 4508 τὴν
3319 4437 3418 4508 τῆς
3451 4438 3681 4507 γνώμης

864 4618 1018 4687 191
1063 4615 1290 4672 CANON
1338 4615 1531 4670 XXXI.

418 4729 438 4763 ι
482 4710 744 4778 Clericos,
773 4718 864 4781 qui
896 4715 947 4765 in
998 4709 1254 4766 oratoriis
1295 4726 1412 4779 qua:
1448 4720 1574 4763 sunt
1610 4710 1747 4764 intra
1794 4711 1988 4767 domos

493 4823 513 4855 ι
555 4804 885 4867 ministrant,
924 4803 1005 4856 vel
1036 4803 1338 4869 baptizaut,
1373 4803 1476 4857 hoc
1531 4802 1675 4857 illius
1724 4804 1825 4858 loci
1870 4808 1988 4873 epi-

495 4915 515 4947 ι
556 4898 704 4964 scopi
764 4894 1029 4948 sententia
1084 4892 1266 4946 facere
1330 4895 1547 4958 debere,
1611 4895 1980 4949 decernimus.

495 5005 513 5036 ι
556 4986 733 5051 Quare
759 4984 801 5037 si
842 4984 963 5052 quis
992 4985 1221 5038 clericus
1255 4986 1355 5040 hoc
1387 4999 1490 5040 nou
1544 4985 1625 5039 sic
1667 4986 1986 5052 servaverit,

490 5095 508 5127 ι
548 5084 865 5145 deponatur.
904 5094 923 5126 ι

490 5256 683 5313 BALS.
713 5257 1160 5313 Conveuticulum
1210 5258 1485 5313 existimat
1540 5272 1660 5312 esse
1700 5273 1874 5313 canon
1900 5299 1913 5321 ,
1944 5261 1989 5315 si

410 5352 535 5422 quis
562 5353 615 5406 iu
642 5354 902 5418 oratorio,
925 5353 1067 5421 quod
1097 5364 1180 5407 est
1213 5354 1351 5406 intra
1385 5354 1625 5415 domum,
1653 5365 1845 5419 prazler
1892 5371 1991 5407 an-

2095 4531 2485 4603 μικροψυχίαν.

2675 4625 2912 4678 ΚΛΝΩΝ
2972 4622 3098 4679 ΛΑ’.

2102 4735 2119 4766 ι
2169 4716 2310 4778 Τοὺς
2347 4716 2405 4769 ὲν
2434 4719 2545 4789 τοῖς
2590 4718 2907 4786 εύκτηρίοις
2952 4717 3122 4780 οἴκοις
3149 4715 3299 4769 ἔνδον
3337 4715 3520 4777 οἰκίας
3543 4732 3677 4781 τυγ-

2171 4828 2190 4859 ι
2228 4810 2455 4878 χάνουσι
2510 4808 2960 4879 λειτουργοῦντας
3024 4809 3056 4878 ἢ
3121 4806 3487 4879 βαπτίζοντας
3552 4809 3673 4876 (99)

2175 4921 2193 4953 ι
2240 4902 2537 4973 κληρικοὺς
2589 4902 2693 4955 ὑπὸ
2765 4902 2992 4972 γνώμην
3044 4902 3204 4955 τοῦτο
3272 4903 3536 4969 πράττειν
3578 4900 3674 4953 τοῦ

2176 5015 2194 5047 ι
2244 4995 2385 5047 κατὰ
2423 4994 2515 5046 τὸν
2559 4995 2725 5046 τόπον
2765 4994 3067 5046 ἐπισκόπου
3099 4992 3376 5063 ὁρίζομεν.
3425 4993 3589 5043 Ὥστε
3623 4992 3679 5046 ετ

2174 5104 2193 5136 ι
2240 5104 2326 5150 τις
2375 5085 2635 5155 κληρικὺς
2696 5086 2772 5156 μὴ
2818 5085 2977 5138 τοῦτο
3007 5085 3180 5149 οὕτως
3225 5085 3670 5155 παραφυλάττοι,

2174 5199 2192 5227 ι
2242 5176 2631 5245 καθαιρείσθω.
2667 5194 2686 5227 ι

2178 5269 2375 5322 ΒΑΛΣ.
2452 5266 2941 5339 Παρασυναγωγὴν
3006 5270 3035 5321 ὁ
3089 5266 3269 5322 κανὼν
3334 5269 3551 5336 ἡγεῖται
3612 5266 3675 5318 τὸ

2101 5360 2455 5429 ἱερουργῆσαί
2503 5377 2628 5413 τινα
2675 5360 2708 5430 ἢ
2765 5359 3026 5429 βαπτίσαι
3083 5361 3141 5412 ὲν
3198 5359 3475 5429 εύκτηρίῳ
3530 5360 3667 5426 οἴκῳ

1644 5464 1843 5525 Guill.
1880 5470 2205 5549 Beveregii
2256 5482 2440 5535 noue.

484 5570 596 5639 (99)
628 5572 703 5625 ’Ἠ
726 5566 1153 5634 βαπτίζοντας.
1195 5566 1323 5622 Haec
1346 5568 1526 5639 verba
1581 5567 1636 5620 in
1686 5566 1986 5625 Parisiensi

410 5638 651 5694 editione
673 5641 1006 5703 desiderata,
1027 5656 1090 5691 ex
1112 5654 1217 5692 ms.
1245 5638 1541 5691 Bodleiano
1573 5642 1947 5706 supplevimus
1971 5658 1985 5705 ;

411 5710 467 5763 lu
491 5711 745 5763 omnibus
791 5711 936 5763 enim
973 5724 1107 5763 mss.
1162 5710 1457 5779 leguntur;
1513 5718 1566 5763 et
1631 5710 1989 5777 scholiastcn,

2099 5574 2511 5647 Balsamouem,
2539 5585 2588 5629 el
2619 5575 2915 5643 Zonaram,
2946 5591 3010 5631 ca
3041 5576 3255 5647 legisse,
3286 5575 3494 5630 scholia
3526 5574 3670 5644 ipso-

2101 5660 2222 5698 rum
2255 5650 2411 5698 lidctu
2442 5646 2677 5700 faciunt.
