4074 6428
519 403 624 468 619

1770 396 2046 457 ΤΙΙΕΟῘ).
2087 395 2490 458 BALSAMON

3653 395 3763 462 620

591 510 785 567 BALS.
827 508 1090 568 Armenii,
1123 521 1249 562 cum
1293 505 1413 558 aliis
1443 520 1562 574 qua:
1591 518 1672 560 eis
1709 503 1936 559 aderant
1972 509 2078 559 Ine-

2256 507 2450 559 ΒΛΛΣ.
2488 508 2552 558 Οἱ
2595 505 2869 576 Ἀρμένιοι
2906 505 3046 576 μετὰ
3075 506 3185 558 τῶν
3229 505 3548 576 προσουσῶν
3579 508 3767 570 αὐτοῖς

523 609 750 671 resibus,
787 603 905 659 solo
933 602 1058 654 viuo
1088 600 1142 653 iu
1174 599 1376 653 sanctis
1404 598 1675 668 mysteriis
1704 598 1782 652 usi
1820 607 1946 651 sunt
1981 615 1997 650 :
2031 607 2084 651 et

453 688 461 699 ’
518 699 767 752 dicebant
799 710 857 750 se
884 693 1062 747 facere
1117 700 1510 757 consequenter
1541 689 1624 749 iis,
1657 703 1778 755 quae
1818 705 1845 740 a
1893 705 2086 756 magno

523 790 772 846 Ecclesia:
798 789 1038 848 doctore,
1071 784 1360 851 linguaque
1386 797 1576 841 aureo,
1601 779 1810 835 Joanne
1846 781 2084 850 Chryso-

519 893 693 938 stomo
733 880 1040 946 conscripta
1067 885 1191 930 sunt
1225 876 1278 928 in
1309 890 1407 928 sua
1437 865 1708 943 Evangelii
1761 875 2085 940 interpreta-

522 974 663 1032 tione
689 975 988 1029 secundum
1020 970 1364 1032 Matthaeum;
1397 982 1516 1036 qua:
1554 975 1810 1032 tractant,
1840 982 1947 1019 non
1989 981 2086 1034 per

521 1083 736 1137 aquam,
773 1065 865 1120 sed
896 1064 1081 1117 vinum
1132 1076 1344 1115 sacrum
1391 1059 1613 1114 calicem
1647 1058 1926 1124 exhiberi;
1959 1073 2082 1111 cum

521 1174 699 1214 tamen
733 1173 838 1212 non
867 1157 1059 1210 doceat
1103 1165 1321 1208 sanctus
1366 1166 1462 1222 per
1493 1151 1669 1206 solum
1699 1151 1882 1221 vinum
1932 1149 2084 1202 συιδ.

523 1254 720 1305 tionem
773 1249 910 1303 fieri.
954 1246 1068 1300 Hoc
1101 1260 1252 1313 ergo,
1284 1245 1428 1314 quod
1471 1243 1548 1296 sic
1591 1241 1650 1295 ﬁt
1682 1242 1748 1294 ab
1787 1240 2084 1302 Armeniis,

517 1345 891 1399 subvertentes
916 1339 1079 1393 divini
1107 1339 1321 1397 Patres,
1352 1350 1450 1405 per
1483 1334 1664 1388 vinum
1696 1343 1750 1386 et
1776 1348 1967 1402 aquam
1999 1348 2087 1386 sa-

517 1452 668 1489 crum
701 1433 926 1488 calicem
961 1429 1144 1485 olferri
1179 1438 1426 1496 oportere
1459 1433 1784 1488 statuerunt,
1818 1425 2083 1492 interpre-

425 1588 432 1594 θ
518 1537 698 1580 tantes
730 1525 894 1578 verba
925 1519 1330 1594 Chrysostomi,
1358 1535 1466 1573 non
1512 1528 1570 1571 ut
1610 1517 1678 1570 ab
1705 1515 1976 1569 Armeniis
2007 1516 2088 1568 di-

514 1618 744 1670 cebatur
762 1629 882 1669 esse
906 1613 1237 1681 accipienda;
1264 1610 1355 1665 sed
1380 1611 1444 1663 ad
1479 1608 2082 1678 Hydroparastatarnm,

519 1706 606 1772 qui
645 1721 742 1773 per
769 1717 963 1772 aquam
997 1701 1166 1754 solam
1211 1699 1384 1754 sancti
1420 1698 1604 1753 calicis
1631 1697 1956 1753 oblationem
2001 1697 2083 1750 ίιιο

517 1800 749 1862 ciebant,
784 1795 1004 1849 haeresis
1033 1793 1370 1846 eversionem
1414 1805 1534 1844 esse
1583 1791 1912 1858 conscripta.
1946 1789 2089 1844 Cou-

2193 599 2368 652 ἄλλων
2393 597 2657 667 αἱρέσεων
2680 598 2807 665 οἴνῳ
2853 599 2998 668 μόνῳ
3029 598 3326 668 κέχρηνται
3363 598 3422 650 ἐν
3445 600 3559 660 τοῖς
3584 599 3766 668 ἁγίοις

2196 691 2516 761 μυστηρίοις
2543 707 2557 720 ’
2604 691 2698 745 καὶ
2749 692 2966 759 λέγουσι
3012 691 3174 742 τοῦτο
3226 694 3404 743 ποιεῖν
3448 692 3767 756 ἀκολούθως

2191 785 2303 845 τοῖς
2349 785 2612 852 γραφεῖσι
2643 783 2794 853 παρὰ
2837 782 2930 835 τοῦ
2977 783 3218 852 μεγάλου
3261 785 3359 850 τῆς
3425 783 3766 854 Ἐκκλησίας

2191 876 2514 928 διδασκάλου
2548 877 2643 928 καὶ⁹
2667 876 2872 946 χρυσοῦ
2895 875 2992 946 τὴν
3021 875 3273 941 γλῶτταν
3318 876 3567 930 Ἰωάννου
3606 879 3664 929 ὲν
3691 880 3762 946 τῇ

2195 964 2274 1025 είς
2317 965 2374 1015 τὸ
2403 967 2543 1017 κατὰ
2575 967 2852 1018 Ματθαῑον
2902 967 3236 1033 Εύαγγέλιον
3269 966 3530 1036 ἐξηγήσει
3567 969 3764 1030 αὑτοῦ,

2193 1058 2304 1123 τοῖς
2335 1055 2761 1124 διαλαμϐάνουσι
2789 1057 2861 1124 μὴ
2889 1057 2957 1110 δι’
2989 1057 3181 1119 ὓδατος
3217 1060 3279 1110 τὸ
3320 1059 3477 1124 ἅγιον
3503 1060 3768 1129 ποτήριον

2195 1146 2590 1212 προσάγεσθαι,
2623 1145 2758 1198 ἀλλὰ
2800 1146 2868 1198 δι’
2897 1148 3042 1200 οἴνου
3065 1164 3078 1179 ο
3111 1151 3204 1200 καὶ
3248 1153 3423 1201 ταῦτα
3461 1148 3558 1202 τοῦ
3603 1151 3767 1214 ἁγίου

2198 1237 2273 1308 μὴ
2316 1237 2660 1300 διδάσκοντος
2690 1239 2780 1292 διὰ
2825 1240 2969 1291 οἴνου
3031 1241 3192 1309 μόνου
3267 1241 3362 1309 τὴν
3391 1243 3764 1311 προσαγωγὴν

2193 1330 2460 1397 γίνεσθαι.
2495 1329 2604 1400 Τὴν
2626 1330 2758 1398 γοῦν
2789 1330 2931 1384 οὓτω
2953 1335 3244 1400 γινομένην
3265 1331 3453 1385 Θυσίαν
3485 1332 3636 1402 παρὰ
3657 1333 3770 1384 τῶν

2206 1418 2507 1490 Ἀρμενίων
2555 1421 2956 1490 ἀνατρέποντες
3002 1423 3051 1474 oi
3093 1423 3224 1475 θεῖοι
3274 1425 3540 1493 Πατέρες,
3580 1426 3773 1495 διωρί-

2196 1529 2363 1564 σαντο
2393 1513 2482 1564 διὰ
2516 1513 2660 1565 οἴνου
2698 1514 2793 1566 καὶ
2839 1513 3030 1576 ὕδατος
3083 1517 3226 1583 ἱερὶν
3259 1519 3521 1584 ποτήριον
3553 1519 3771 1585 προσά-

2195 1602 2407 1671 γεσθαι,
2437 1605 2878 1673 ἑρμηνεύσαντες
2899 1604 2966 1658 τὰ
2990 1606 3414 1674 Χρυσοστομικὰ
3438 1606 3661 1675 ῥήματα
3691 1606 3771 1676 μὴ

2195 1694 2634 1764 ὲκλαμὸανεσθαι
2667 1697 2803 1765 πρὸς
2841 1697 2910 1749 τὰ
2938 1697 3090 1767 παρὰ
3126 1698 3234 1749 τῶν
3275 1699 3578 1768 ’Λρμενίων
3609 1699 3770 1766 λεγό-

2200 1805 2354 1856 μενα,
2408 1787 2524 1840 ἀλλ’
2572 1791 2653 1852 είς
2704 1789 2988 1858 ἀναίρεσιν
3023 1792 3304 1860 γραφῆναι
3352 1790 3452 1859 τῆς
3499 1793 3771 1860 αίρὲσεως

517 1886 704 1941 inlatis
725 1899 852 1954 ergo
881 1899 943 1936 ac
965 1884 1166 1937 collisis
1197 1882 1283 1943 iis,
1302 1895 1420 1949 quae
1448 1880 1516 1934 ab
1545 1879 1679 1949 ipsis
1701 1880 1914 1932 decreta
1945 1888 2090 1942 sunt,

2198 1880 2306 1933 τῶν
2363 1881 2916 1952 Ὕδροπαραστατῶν,
2954 1884 3064 1934 τῶν
3101 1881 3168 1934 δι’
3215 1881 3409 1946 ὕδατος
3463 1883 3628 1952 μόνου
3666 1883 3774 1952 τὴν

516 1990 571 2033 ιιι
597 1995 660 2030 ex
695 1978 878 2030 multis
918 1976 1060 2035 aliis,
1099 1985 1154 2028 et
1185 1989 1250 2028 ex
1299 1975 1497 2026 tradito
1528 1973 1692 2026 etiam
1741 1970 2012 2024 sacrificio
2059 1985 2091 2024 a

518 2071 770 2139 praedicto
796 2077 981 2128 sancto
1002 2066 1181 2126 Patre,
1203 2076 1258 2119 et
1284 2079 1315 2118 a
1343 2079 1539 2134 magno
1563 2062 1783 2128 Basilio,
1810 2062 2092 2132 episcopos

516 2175 570 2217 et
603 2163 946 2231 presbyteros
981 2157 1309 2224 dcpositioni
1361 2156 1730 2226 subiecerunt,
1778 2155 1872 2224 qui
1919 2155 2092 2210 sancti

518 2255 707 2308 ralicis
733 2251 1062 2306 sacriﬁcium
1099 2265 1195 2319 per
1229 2249 1337 2302 viui
1387 2258 1444 2303 et
1485 2263 1638 2319 aquae
1683 2248 1938 2303 unionem
1985 2264 2088 2302 non

514 2348 753 2402 faciunt.
808 2346 932 2401 llaec
993 2355 1174 2398 autem
1227 2342 1772 2398 divina.incitatione
1835 2339 2090 2395 commoti

518 2446 912 2509 praceperuut.
939 2436 998 2490 ln
1039 2435 1222 2489 divina
1264 2433 1406 2488 enim
1453 2433 1704 2500 passione
1756 2431 1850 2485 Dei
1895 2439 1950 2483 et
1991 2429 2122 2498 Do—g

518 2532 649 2585 tnini
686 2529 860 2584 nostri
907 2527 1036 2582 Jesu
1083 2527 1307 2590 Christi,
1341 2541 1446 2580 non
1495 2525 1808 2594 sanguinem
1856 2533 2087 2586 tantum,

517 2625 610 2677 sed
647 2623 810 2676 etiam
838 2633 1031 2688 aquam
1062 2617 1246 2672 emisit
1271 2616 1387 2684 ejus
1422 2630 1518 2684 per
1553 2616 1796 2670 lanceam
1833 2623 2088 2684 punctum

493 2699 680 2777 latus,
711 2723 770 2766 ut
816 2712 1044 2766 duarum
1095 2709 1216 2779 ejus
1261 2718 1579 2762 naturarum
1639 2722 1746 2762 non
1806 2706 2089 2762 confusam

519 2807 774 2860 unionem
831 2804 1163 2859 ostenderet.
1207 2799 1347 2856 Nota
1394 2816 1545 2869 ergo,
1591 2802 1733 2870 quod
1773 2816 1801 2854 a
1838 2799 2091 2868 praesenti

519 2911 726 2951 ratione
780 2898 898 2951 duae
952 2896 1184 2949 haereses
1229 2893 1619 2948 subvertuntur
1659 2910 1674 2946 :
1713 2906 1820 2946 una
1872 2890 2089 2961 quidem

522 2989 1130 3060 Hydroparastatarum,
1161 2985 1253 3054 qui
1282 2984 1394 3038 sola
1423 2999 1564 3053 aqua
1606 2983 1659 3037 in
1703 2982 1876 3037 sancti
1907 2980 2090 3034 calicis

519 3081 788 3136 sacrilicio
830 3087 1093 3144 utuntur;
1125 3078 1233 3132 alia
1261 3085 1442 3131 autem
1469 3075 1873 3144 Armeniorum,
1912 3073 2003 3142 qui
2037 3071 2091 3126 id

520 3184 614 3239 per
672 3175 855 3226 vinum
897 3171 1074 3226 solum
1141 3169 1366 3226 faciunt.
1427 3167 1692 3234 Quoniam
1748 3177 1926 3220 autem
1983 3178 2090 3218 non

2194 1974 2561 2042 προσαγωγὴν
2603 1974 2698 2026 τοῦ
2735 1973 2895 2040 ἁγίου
2937 1973 3201 2044 ποτηρίου
3231 1974 3596 2041 ποιουμένων.
3627 1975 3773 2041 Συγ-

2193 2066 2559 2134 κροτήσαντες
2606 2067 2674 2119 τὰ
2727 2069 2881 2136 παρὰ
2942 2066 3148 2119 τούτων
3201 2066 3543 2136 διορισθέντα
3591 2067 3670 2119 ἔκη
3705 2083 3772 2118 τε

2192 2161 2369 2215 ἄλλων
2403 2160 2637 2227 πολλῶν,
2683 2161 2822 2215 ἀλλὰ
2853 2161 2960 2232 μὴν
2997 2162 3090 2216 καὶ
3123 2164 3188 2216 ἐκ
3227 2163 3328 2232 τῆς
3362 2163 3768 2236 παραδοθείσης

2193 2255 2384 2314 θυσίας
2430 2255 2586 2332 παρὰ
2627 2272 2687 2308 τε
2718 2255 2812 2308 τοῦ
2852 2256 3113 2327 ῥηθέντος
3138 2257 3296 2322 ἁγίου
3328 2257 3543 2325 Πατρὸς
3581 2257 3772 2326 ἡμῶν,

2193 2347 2286 2397 καὶ
2317 2347 2470 2416 παρὰ
2508 2345 2602 2399 τοῦ
2657 2346 2900 2416 μεγάλου
2936 2345 3244 2411 Βασιλείου,
3283 2347 3602 2415 καθαιρέσει
3637 2348 3773 2400 ore-

2195 2437 2357 2490 ὕαλον
2385 2441 2512 2501 τοὺς
2553 2441 2886 2500 ἐπισκόπους
2911 2442 3007 2491 καὶ
3037 2439 3165 2501 τοὺς
3195 2437 3604 2508 πρεσϐυτέρους
3635 2442 3771 2503 τοὺς

2197 2532 2272 2600 μὴ
2317 2535 2606 2594 ποιοῦντας
2640 2531 2739 2601 τὴν
2787 2531 2980 2584 θυσίαν
3030 2531 3125 2584 τοῦ
3167 2533 3329 2599 ἁγίου
3365 2532 3626 2604 ποτηρίου
3676 2531 3770 2586 διὰ

2196 2622 2384 2686 ὓδατος
2411 2624 2655 2686 ἑνώσεως
2684 2624 2779 2676 καὶ
2798 2623 2966 2676 οἴνου.
2987 2623 3172 2677 Ταῦτα
3186 2624 3244 2676 δὲ
3276 2625 3765 2695 παρεκελεύσαντο

2195 2713 2542 2784 θεοκινήτως.
2598 2715 2689 2768 Ἐν
2720 2717 2829 2783 γὰρ
2871 2717 2950 2785 τῷ
2994 2715 3126 2786 θείῳ
3158 2715 3324 2768 πάθει
3359 2715 3453 2769 τοῦ
3483 2716 3617 2769 Θεοῦ
3665 2717 3768 2769 καὶ

2192 2807 2447 2876 Σωτῆρος
2501 2807 2660 2876 ἡμῶν
2727 2807 2902 2878 Ἰησοῦ
2959 2807 3200 2878 Χριστοῦ
3259 2809 3358 2878 οὐχ
3406 2791 3546 2878 αἷμα
3579 2809 3769 2878 μόνον,

2193 2895 2333 2974 ἀλλα
2360 2895 2453 2948 καὶ
2481 2895 2625 2966 ὓδωρ
2661 2897 2930 2966 ἐξήγαγεν
2977 2898 3121 2968 ἡδιὰ
3147 2897 3352 2966 λόγχης
3382 2899 3613 2965 νυγεῖσα
3645 2897 3771 2951 θεία

2191 2989 2384 3042 τούτου
2442 2990 2676 3061 πλευρὰ,
2731 2993 2818 3044 ἵνα
2850 2991 2949 3062 τὴν
2999 2992 3106 3044 τῶν
3158 2991 3254 3044 δύο
3309 2992 3503 3044 τούτου
3546 2991 3770 3057 φύσεων

2192 3084 2520 3154 παραστήσῃ
2549 3085 2853 3154 ἁσύγχυτον
2871 3085 3084 3138 ἕνωσιν.
3112 3084 3426 3154 Σημείωσαι
3450 3079 3543 3137 οὖν
3565 3085 3647 3137 ὅτι
3671 3083 3770 3136 δύο

2192 3176 2437 3248 αἱρέσεις
2483 3175 2885 3245 ἀνατρέπονται
2923 3175 3013 3229 διὰ
3045 3175 3139 3228 τοῦ
3181 3177 3449 3242 παρόντος
3479 3193 3632 3240 καν.,
3665 3178 3770 3245 μία

520 3266 692 3318 solum
750 3262 1016 3327 Armenii,
1071 3245 1376 3316 sed‘etiam
1442 3258 1623 3313 Latini
1685 3257 2088 3327 reprehendunt

2196 3271 2294 3340 μὲν
2327 3269 2437 3323 τῶν
2499 3268 3050 3340 ’Υδροπαραστατῶν,
3100 3269 3211 3324 τῶν
3263 3271 3562 3340 χρωμένων
3611 3270 3770 3324 ὕδατι

520 3369 674 3424 aqua:
716 3353 974 3409 ferventis
1021 3353 1074 3405 in
1123 3343 1336 3406 sacrum
1374 3349 1599 3404 calicem
1657 3349 2044 3404 immissionem
2072 3385 2088 3410 ,

458 3442 472 3464 '
523 3446 762 3498 dicentes
801 3457 922 3497 eam
963 3457 1068 3496 non
1118 3455 1242 3495 esse
1271 3439 1526 3494 traditam
1559 3441 1626 3492 ah
1651 3437 1964 3514 evangelica
2007 3437 2090 3491 vel

523 3533 786 3588 canonico
829 3541 1125 3608 praecepto,
1151 3543 1208 3586 et
1232 3531 1354 3587 ideo
1384 3530 1522 3585 male
1556 3531 1703 3595 fieri,
1739 3541 1794 3586 et
1830 3533 2093 3589 adversus

527 3631 664 3680 hanc
686 3624 926 3680 divinam
955 3623 1326 3687 traditionem,
1355 3637 1475 3692 quae
1502 3624 1746 3679 decernit
1777 3639 1873 3695 per
1896 3640 2092 3693 aquam

526 3729 580 3775 et
606 3719 793 3772 vinum
830 3717 1133 3771 faciendam
1174 3718 1350 3773 sancti
1378 3718 1561 3772 calicis
1594 3717 1918 3774 oblationem
1951 3735 1966 3772 :
2001 3734 2096 3771 au-

522 3813 693 3874 diant,
716 3811 860 3880 quod
887 3808 1044 3880 193
1068 3809 1282 3865 fervens
1311 3811 1514 3877 addlta,
1539 3825 1658 3881 quae
1682 3810 1741 3868 lit
1759 3826 1867 3890 ‘per
1896 3825 2092 3880 aquam

523 3910 578 3955 et
615 3901 800 3955 vinum
833 3903 1004 3954 sancti
1034 3899 1241 3966 calicis,
1278 3901 1531 3956 unionem
1569 3917 1674 3958 non
1703 3897 1916 3970 muiat;
1955 3919 2095 3972 quo-

525 3994 670 4049 niam
702 4009 808 4048 non
837 4000 919 4047 est
954 3993 1156 4062 aliquid
1187 3994 1548 4064 aliud.pra2ter
1578 4011 1799 4064 aquam.
1837 3996 2088 4065 lnjicitur

524 4096 703 4138 autem
749 4086 816 4136 ad
848 4083 1287 4152 significandum,
1339 4084 1483 4153 quod
1527 4096 1653 4138 sunt
1687 4085 1897 4138 viviﬁca
1924 4125 1938 4149 ,
1973 4101 2095 4158 qua:

522 4191 588 4230 ex
615 4186 804 4230 sancto
857 4165 1067 4230 Domini
1119 4177 1291 4231 nostri
1329 4173 1457 4231 Jesu
1487 4174 1691 4230 Christi
1725 4177 1895 4232 latere
1926 4176 2096 4232 ﬂtixe-

525 4277 672 4333 runt,
706 4269 927 4336 sanguis
958 4268 1164 4321 scilicet
1194 4278 1248 4321 et
1276 4281 1438 4336 aqua,
1461 4278 1517 4322 et
1541 4284 1648 4323 non
1677 4281 1890 4322 mortua
1915 4287 1930 4336 ;
1956 4285 2094 4338 quo-

524 4362 666 4412 niam
690 4373 755 4412 ex
783 4359 886 4412 hoc
903 4374 1125 4428 .quoque
1155 4359 1401 4412 miraculi
1432 4359 1743 4429 magnitudo
1767 4362 2091 4417 ostenditur.

521 4453 654 4505 Cum
703 4453 844 4508 enim
880 4468 944 4506 ex
979 4466 1208 4520 corpore
1258 4459 1471 4504 mortuo
1509 4458 1700 4518 suapte
1753 4463 1948 4506 natura
1989 4469 2093 4508 non

524 4553 694 4598 soleat
732 4543 945 4599 fervens
971 4545 1192 4613 sanguis
1220 4544 1427 4612 egredi,
1459 4558 1526 4597 ex
1554 4557 1782 4612 corpore
1810 4545 2092 4601 Dominico

2199 3361 2344 3434 μόνῳ
2374 3363 2430 3414 ὲν
2461 3364 2526 3432 τῇ
2566 3361 2661 3414 τοῦ
2697 3361 2853 3422 ἁγίου
2883 3360 3147 3432 ποτηρίου
3188 3362 3350 3432 θυσίᾳ
3379 3379 3392 3392 ·
3431 3361 3595 3431 ἑτέρα
3632 3362 3689 3441 ἂρ
3730 3365 3765 3431 ἡ

2194 3453 2303 3505 τῶν
2343 3454 2666 3522 Ἂρμενίων,
2686 3455 2795 3506 τῶν
2827 3453 2916 3506 διὰ
2950 3455 3094 3507 οἴνου
3127 3455 3290 3523 μόνου
3333 3453 3631 3506 ποιούντων
3664 3455 3768 3506 αὑ·-

2195 3547 2314 3614 τήν.
2356 3545 2507 3597 Ἐπεὶ
2541 3546 2598 3598 δὲ
2639 3528 2722 3599 οὐ⁸
2751 3546 2915 3616 μόνον
2968 3547 3018 3598 οί
3061 3546 3362 3614 Ἀρμένιοι,
3392 3547 3533 3600 ἀλλὰ
3580 3536 3677 3600 καὶ
3717 3549 3767 3600 οί

2195 3639 2415 3692 Λατῖνοι
2465 3637 2746 3692 αἰτιῶνται
2800 3640 2902 3709 τὴν
2931 3641 3012 3701 είς
3055 3639 3116 3691 τὸ
3144 3639 3302 3707 ἅγιον
3356 3640 3619 3710 ποτήριον
3669 3638 3765 3692 τοῦ

2198 3727 2411 3790 ζέοντος
2438 3727 2711 3798 εἰσϐολὴν,
2745 3725 2999 3795 λέγοντες
3035 3727 3110 3797 μὴ
3143 3726 3521 3798 παραδοθῆναι
3557 3729 3768 3797 ταύτην

2199 3820 2306 3870 ἀπὸ
2359 3817 2727 3888 εύαγγελικῆς
2755 3815 2790 3886 ἢ
2829 3819 3122 3886 κανονικῆς
3176 3816 3579 3888 παραγγελίας,
3628 3820 3766 3872 κάν-

2198 3910 2389 3963 τεῦθεν
2427 3909 2672 3977 γίνεσθαι
2717 3909 2925 3974 κακῶς,
2959 3912 3054 3963 καὶ
3099 3909 3438 3974 ὑπεναντίως
3485 3911 3647 3981 δῆθεν
3696 3915 3764 3982 τῇ

2198 4005 2321 4074 θείᾳ
2342 4004 2516 4074 ταύτῃ
2540 4003 2860 4072 παραδόσει,
2885 4005 2952 4073 τῇ
2979 4002 3330 4074 διοριζομένῃ
3359 4005 3430 4057 δι’
3457 4004 3648 4067 ὓδατος
3673 4011 3770 4058 καὶ

2198 4094 2342 4146 οἴνου
2391 4093 2492 4162 τὴν
2525 4092 2617 4143 τοῦ
2662 4091 2820 4156 ἁγίου
2862 4091 3129 4161 ποτηρίου
3177 4091 3432 4160 γίνεσθαι
3476 4089 3772 4162 προσαγω-

2198 4187 2302 4254 γήν
2327 4201 2342 4215 ο
2393 4185 2791 4237 ἀκουσάτωσαν
2837 4183 3013 4236 ὅτιτὸ
3047 4183 3168 4247 ζέον
3210 4183 3637 4256 προστιθέμενον
3688 4183 3772 4253 (8)

2196 4258 2307 4345 τὴν
2326 4274 2396 4328 δι’
2423 4273 2612 4334 ὓδατος
2650 4275 2747 4326 καὶ
2773 4273 2918 4325 οἴνου
2960 4273 3156 4326 ἕνωσιν
3185 4271 3282 4324 τοῦ
3309 4271 3467 4341 ἁγίου
3500 4275 3772 4344 ποτηρίου

2196 4367 2256 4418 ού
2293 4365 2640 4436 μεταϐάλλει.
2675 4366 2758 4418 ὅτι
2787 4365 2830 4416 δ’
2862 4366 2962 4417 οὐκ
3014 4364 3162 4417 ἔστιν
3193 4364 3385 4434 ἕτερόν
3437 4381 3491 4417 τι
3525 4371 3679 4435 παρὰ
3709 4368 3775 4419 τὸ
3823 4416 3838 4420 _

2199 4456 2364 4526 ὕδωρ.
2398 4455 2662 4509 Βάλλεται
2693 4454 2751 4506 δὲ
2798 4455 2878 4515 εἰς
2927 4452 3303 4523 πληροφορίαν
3349 4451 3440 4510 τοῦ
3463 4447 3605 4504 εἶναι
3638 4453 3778 4515 ζωο-

2197 4547 2329 4600 ποιὰ
2359 4546 2426 4599 τὰ
2463 4546 2572 4598 ἀπὸ
2602 4543 2702 4614 τῆς
2733 4543 2893 4611 ἁγίας
2930 4544 3173 4613 πλευρᾶς
3222 4541 3317 4594 τοῦ
3368 4543 3575 4610 Κυρίου
3610 4544 3775 4612 ἡμῶν

520 4637 682 4687 etiam
722 4644 844 4702 post
873 4644 1100 4686 mortem
1131 4633 1352 4699 sanguis
1379 4643 1434 4684 et
1466 4647 1605 4700 aqua
1642 4633 1914 4712 ferventes
1935 4635 2090 4690 elllu-

2211 4638 2390 4708 Ἰησοῦ
2418 4637 2660 4706 Χριστοῦ
2699 4634 2990 4704 ῥεύσαντα,
3018 4637 3077 4688 τὸ
3109 4631 3253 4703 αἷμα
3283 4633 3527 4702 δηλονότι
3579 4639 3676 4686 καὶ
3709 4637 3776 4687 τὸ

521 4737 740 4790 xerunt,
776 4735 835 4780 ut
861 4742 923 4780 ex
969 4724 1184 4780 viviﬁco
1215 4740 1448 4795 corpore
1471 4727 1707 4782 viviﬁca.
1743 4727 1804 4782 Si
1832 4728 1954 4797 quis
1993 4745 2092 4783 au-

525 4832 631 4873 tem
683 4819 903 4880 dixerit,
944 4818 1008 4870 Et
1063 4831 1180 4882 cur,
1239 4827 1527 4894 antequam
1583 4819 1655 4873 sit
1711 4821 2087 4876 sanctificatus

522 4923 741 4965 sanctus
777 4911 938 4974 calix,
971 4908 1184 4964 fervens
1227 4925 1363 4980 aqua
1403 4895 1471 4965 ad
1517 4913 1773 4966 unionem
1818 4928 1929 4966 non
1962 4912 2087 4983 inji-

525 5006 686 5062 ι-ἱιιιι·,
725 5003 816 5056 sed
862 5012 982 5071 post
1022 5005 1553 5059 sanctificationem?
1601 5007 1816 5072 audiet,
1853 5009 1998 5076 quod
2045 5007 2093 5062 si

527 5095 837 5162 injit-crctur
883 5094 1100 5150 fervens
1131 5107 1373 5165 tempore
1401 5098 1639 5163 unionis,
1673 5105 1739 5154 ad
1779 5109 2094 5155 sanctorum

527 5202 694 5252 usque
727 5188 1189 5257 participationem
1224 5189 1658 5260 refrigeraretur,
1682 5201 1737 5246 et
1763 5194 1922 5260 resin
1945 5192 2094 5264 prio—

2201 4731 2367 4801 ὕδωρ,
2395 4731 2490 4783 καὶ
2524 4730 2602 4799 μὴ
2632 4728 2806 4800 νεκρά
2825 4743 2842 4762 ·’
2877 4729 2960 4781 ὅτι
2990 4726 3054 4781 τὸ
3081 4727 3178 4778 τοῦ
3211 4726 3492 4798 θαύματος
3537 4727 3776 4796 μέγεθος

2199 4824 2294 4876 καὶ
2316 4828 2380 4875 ἐκ
2409 4821 2600 4874 τούτου
2627 4819 2966 4872 πιστεύεται.
3004 4819 3141 4874 Ἀπὸ
3166 4819 3273 4891 γὰρ
3297 4819 3493 4889 νεκροῦ
3515 4821 3775 4890 σώματος

2201 4919 2277 4987 μὴ
2310 4915 2619 4983 πεφυκότος
2650 4913 2982 4984 καταρρέειν
3031 4909 3247 4975 ζέοντος
3293 4910 3548 4980 αἵματος,
3583 4910 3650 4964 ἐκ
3671 4908 3770 4963 τοῦ

2199 5006 2484 5077 Κυριακοῦ
2541 5005 2795 5075 σώματος
2851 5004 2950 5057 καὶ
3003 5008 3143 5073 μετὰ
3205 5003 3440 5056 θάνατον
3480 4998 3622 5071 αἷμα
3675 5003 3775 5054 καὶ

2202 5099 2347 5170 ὕδωρ
2383 5098 2574 5162 ζέοντα
2611 5097 2969 5169 ἐξέρρευσαν,
3005 5097 3080 5150 ὡς
3119 5097 3184 5148 ὲκ
3212 5093 3480 5156 ζωοποιοῦ
3516 5094 3774 5164 σώματος

2205 5191 2470 5256 ζωοποιά.
2500 5190 2564 5244 Εἰ
2593 5191 2652 5243 δέ
2693 5207 2777 5252 τις
2808 5191 2959 5260 εἴπῃ,
2985 5190 3096 5244 Καὶ
3138 5189 3229 5241 διὰ
3254 5187 3305 5240 τί
3337 5189 3444 5257 πρὸ
3476 5187 3571 5240 τοῦ
3603 5188 3771 5253 ἁγια-

1770 5305 1972 5368 Guill.
2003 5308 2336 5387 Beveregii
2379 5314 2567 5367 notis.

519 5405 711 5460 Jacobi
759 5406 841 5474 vel
881 5406 1054 5459 sancti
1095 5405 1260 5459 Marci
1302 5408 1571 5474 liturgiaui
1623 5411 2092 5463 commemorari:

525 5477 800 5542 additque,
832 5473 991 5528 Ἀλλὰ
1015 5479 1104 5526 καὶ
1129 5479 1160 5544 ὴ
1188 5473 1453 5545 καθολικῆ
1485 5477 1778 5546 Ἐκκλησία
1805 5479 1900 5530 τοῦ
1926 5479 2092 5544 ἁγιω-

521 5550 685 5596 τατου
717 5547 810 5597 καὶ
835 5546 1210 5612 οἰκουμενικοῦ
1236 5547 1422 5609 θρόνου
1455 5547 1551 5611 τῆς
1581 5545 2115 5600 Κωνσταντινουπό-’

524 5615 657 5674 λξως
687 5616 795 5686 οὐδ’
821 5616 954 5675 ὅλως
977 5615 1179 5676 ταύτας
1212 5618 1583 5686 ἐπιγινωσκει.
1617 5618 1978 5686 Ψηφιζόμεθα
2001 5616 2094 5670 οὖν

533 5687 606 5750 μὴ
673 5681 816 5737 εῐναι
876 5686 1070 5745 δεκτὰς
1128 5685 1316 5747 αὐτάς.
1381 5683 1559 5753 Neque
1613 5681 1772 5739 etiam
1832 5681 2096 5742 catholica

521 5757 841 5824 sanctissimi
885 5765 932 5806 et
975 5758 1276 5807 wuumenici
1313 5763 1484 5808 throni
1523 5756 2097 5824 Constantinopolitani

439 5837 442 5840 ’
524 5823 756 5876 Ecclesia
782 5826 890 5878 ulla
923 5825 1075 5877 modo
1101 5842 1191 5878 eas
1220 5828 1463 5900 litui-glas
1491 5831 1743 5895 agnoscit.
1777 5823 2097 5881 Ρνοιιιιηιία·

2193 5423 2310 5462 ntus
2355 5409 2519 5478 igitur
2565 5409 2661 5461 has
2706 5425 2809 5460 non
2858 5423 2968 5478 esse
3005 5404 3354 5478 recipiendas.
3401 5403 3637 5478 Batsatn.
3699 5399 3771 5455 ad

2195 5473 2665 5548 Marcfinterrog.
2724 5494 2761 5548 ι,
2804 5478 2860 5531 in
2913 5476 3037 5534 Jur.
3085 5476 3179 5528 Gr.
3225 5473 3376 5528 Rom.
3444 5475 3483 5526 Ι.
3539 5487 3590 5538 v,
3643 5487 3768 5540 pag.

2195 5549 2320 5608 562,
2355 5550 2480 5602 565.

2267 5621 2341 5688 (8)
2381 5619 2503 5671 ’Ότι
2528 5616 2595 5670 τό
2622 5615 2752 5676 ζέον
2775 5615 3267 5684 προστιθέμενον.
3301 5614 3523 5688 Eadem,
3553 5627 3673 5688 quas
3703 5613 3772 5667 de

2194 5683 2333 5757 aqua
2369 5689 2580 5743 fervida
2614 5699 2806 5741 sancto
2847 5683 3067 5755 poculo
3097 5683 3766 5757 immiscendaBalsamon

2195 5753 2444 5820 tradidit,
2494 5760 2693 5827 repetit
2750 5753 2915 5812 etiam
2974 5760 3026 5810 in
3081 5759 3362 5824 responsis
3406 5755 3474 5810 ad
3526 5753 3768 5807 Marcum

2195 5830 2648 5893 Alexandrinum,
2679 5827 2746 5882 ad
2782 5828 3170 5897 interrog._18.
