4074 6452
504 431 613 495 623

1753 416 2031 476 ΤΗΕΟΙ).
2076 417 2472 478 ΒΑιεΑΜΟΝ

3639 407 3747 472 ῦ24

499 542 674 605 ipsum
709 534 863 590 nobis
905 531 1107 587 Christi
1158 529 1369 584 Domini
1420 542 1615 596 corpus
1660 535 1713 578 et
1742 526 2062 594 sanguinem

2184 528 2454 597 ποτήριον,
2487 527 2550 578 τὸ
2593 528 2754 594 σῶμα
2799 529 2892 580 καὶ
2917 527 2977 579 τὸ
3011 523 3154 595 αἷμα
3195 525 3292 576 τοῦ
3343 525 3552 595 Κυρίου
3603 545 3748 596 παρ-

497 629 772 684 cxltibent.
819 625 951 678 Nam
999 638 1190 692 panem
1234 622 1348 674 suis
1399 619 1486 673 ille
1517 617 1729 687 quidem
1781 617 2057 684 discipulis

502 721 800 790 porrigens,
829 717 1078 783 Accipite,
1111 713 1381 775 comedite,
1414 711 1622 779 inquit;
1654 710 1750 760 hoc
1779 719 1854 761 est
1883 723 2068 771 corpus

502 829 669 865 meum
709 811 776 863 ⁸³.
823 809 1060 862 Calicem
1113 823 1242 861 vero
1301 805 1588 873 prmbens,
1642 803 1816 858 Bibit:
1866 819 1930 858 ex
1977 803 2071 854 hoc

503 920 699 966 omnes,
727 903 839 968 ait;
870 901 952 954 hic
980 908 1052 954 est
1073 900 1286 970 sanguis
1318 915 1482 964 meus,
1505 899 1592 968 qui
1617 914 1712 967 pro
1739 897 1878 951 vobis
1909 906 1956 949 et
1978 911 2071 962 pro

506 998 682 1051 multis
721 996 1011 1065 emtriditur
1052 993 1121 1045 ⁸⁵.
1151 993 1417 1058 Quoniam
1449 1005 1578 1061 ergo
1627 992 1679 1044 in
1713 990 1894 1044 divina
1943 1003 2074 1056 pas-

505 1093 678 1154 sione,
711 1089 869 1143 hasta
917 1086 1143 1155 trajecto
1191 1085 1359 1138 latere
1395 1083 1514 1151 ejus
1549 1082 1867 1150 sanguinem
1915 1095 2070 1134 suum

511 1179 764 1234 Dominus
807 1176 1108 1252 effundens,
1154 1191 1261 1232 non
1308 1174 1623 1243 sanguinem
1668 1173 1862 1235 solum,
1895 1170 1987 1224 sed
2020 1180 2076 1224 et

507 1286 702 1341 aquam
731 1273 934 1335 emisit,
983 1268 1221 1324 Ecclesia
1267 1268 1494 1336 proinde
1541 1267 1593 1319 in
1642 1265 1812 1318 sacris
1858 1277 2075 1333 quoque

509 1365 780 1436 mysteriis
807 1364 988 1418 viuum
1020 1361 1197 1416 infusa
1225 1375 1364 1427 aqua
1397 1359 1612 1414 misceri
1639 1358 1857 1412 omnino
1891 1371 2075 1410 neces-

509 1455 707 1511 sarium
751 1451 1100 1509 existimavit.
1137 1451 1333 1507 Verum
1375 1450 1617 1504 Armenii
1658 1447 1839 1502 vinum
1885 1448 1936 1502 in
1963 1464 2077 1520 my-

509 1547 646 1603 stica
702 1561 888 1601 mensa
946 1557 1154 1600 merum
1230 1543 1599 1609 adhibebant,
1669 1541 1835 1596 divini
1898 1541 2074 1596 Patris

510 1637 882 1711 Cbrysostomi
915 1636 968 1690 in
1013 1633 1362 1704 Evangelium
1396 1633 1632 1688 Matthaei
1663 1633 2074 1704 explicationem

509 1730 562 1784 in
591 1729 708 1800 ejus
757 1737 1130 1798 argumentum
1179 1727 1528 1780 adducentes.
1572 1724 1648 1779 Eo
1699 1724 1861 1794 igitur
1890 1737 2077 1778 errore

509 1823 781 1886 damnato,
813 1819 1185 1890 Chrysostomi
1230 1815 1395 1872 verba
1451 1815 1636 1870 Patres
1682 1815 1841 1884 hujus
1885 1814 2072 1884 synodi

2175 622 2408 673 ιστῶσιν
2443 623 2597 690 ἡμῖν.
2635 622 2738 673 Τὸν
2765 622 2872 696 γάρ
2914 623 3079 692 ἄρτον
3105 621 3278 682 διδοὺς
3312 623 3428 681 τοῖς
3461 622 3687 679 οἰκείοις
3720 626 3749 674 ὁ

2172 715 2377 784 Κύριος
2442 714 2735 784 μαθηταῖς,
2791 713 3033 775 Λάϐετε,
3089 710 3326 780 φάγετε,
3375 713 3521 780 ἔφη’
3569 713 3764 765 τοῦτό.

2173 807 2305 858 ἐστι
2332 805 2398 858 τὸ
2418 805 2591 875 σῶμά
2617 823 2757 874 μου.
2785 805 2892 856 Καὶ
2923 807 2982 857 τὸ
3010 808 3267 873 ποτήριον
3285 808 3540 875 παρέχων
3555 808 3749 867 αὑτοῦ,

2178 901 2346 950 "lete
2371 899 2440 962 ἐξ
2475 899 2664 952 αὐτοῦ
2695 898 2938 962 πάντες,
2977 897 3080 966 ἔφη
3109 912 3121 926 ·
3153 898 3329 952 τοῦτό
3350 899 3481 951 ἐστι
3512 901 3580 951 τὸ
3604 895 3754 962 αἷμά

2170 1005 2290 1055 μου
2319 989 2392 1040 τὸ*
2445 987 2599 1055 ὑπὲρ
2649 986 2818 1056 ὑμῶν
2869 987 2968 1040 καὶ
3018 988 3264 1041 πολλῶν
3312 989 3750 1056 ἐκχυνόμενον.

2187 1081 2342 1134 “Etsi.
2369 1076 2462 1133 οὖν
2489 1083 2547 1132 ὲν
2583 1079 2660 1151 τῷ
2683 1081 2812 1149 θείῳ
2843 1081 3004 1133 πάθει
3033 1081 3221 1144 αὑτοῦ,
3252 1081 3425 1133 κενῶν
3459 1082 3519 1132 τὸ
3543 1083 3748 1132 οἰκεῖον

2178 1159 2317 1232 αἷμα
2347 1168 2374 1218 ὁ
2409 1169 2613 1237 Κύριος
2649 1169 2905 1238 νυγείσης
2937 1168 3104 1239 λόγχη
3144 1170 3244 1238 τῆς
3275 1169 3516 1238 πλευρᾶς
3555 1169 3751 1229 αὑτοῦ,

2177 1259 2274 1327 οὐχ
2299 1256 2438 1328 αἷμα
2473 1261 2652 1330 μόνον,
2673 1261 2808 1314 ἀλλά
2831 1263 2924 1314 καὶ
2948 1261 3091 1330 ὕδωρ
3117 1261 3407 1331 ἐξήγαγεν,
3433 1261 3753 1329 ἀναγκαίως

2177 1353 2396 1426 πάντως
2426 1356 2494 1421 τῇ
2539 1353 2836 1425 Ἐκκλησία
2866 1353 3180 1422 νενόμισται
3205 1356 3262 1405 ἐν
3297 1345 3410 1416 τοῖς
3441 1355 3605 1424 ἱεροῖς
3644 1373 3747 1422 μυ-

2179 1443 2422 1512 στηρίοις
2457 1444 2599 1513 ὕδωρ
2620 1445 2698 1513 τῷ
2733 1446 2858 1515 οἴνῳ
2885 1447 3254 1516 παρακιρνᾷν.
3299 1445 3436 1497 Ἀλλ’
3465 1447 3514 1498 oi
3553 1445 3756 1515 Ἀρμέ-

2179 1537 2432 1607 νιοιοῐνῳ
2467 1538 2613 1607 μόνῳ
2645 1539 2947 1609 ἐκέχρηντο
2995 1541 3053 1590 ὲν
3097 1543 3163 1610 τῇ
3199 1543 3436 1610 μυστικῇ
3471 1539 3749 1610 τραπέζῃ,

2177 1627 2450 1700 χρώμενοι
2481 1631 2546 1699 τῇ
2578 1630 2658 1692 είς
2684 1629 2744 1682 τὸ
2770 1631 2910 1682 κατὰ
2937 1631 3214 1683 Ματθαῖον
3234 1632 3591 1699 ςΕύαγγέλιον
3623 1631 3752 1696 ἐξη-

2177 1722 2334 1789 γήσει
2364 1720 2458 1773 τοῦ
2487 1722 2874 1791 Χρυσοστόμου
2908 1723 2999 1774 καὶ
3028 1723 3174 1775 θείου
3199 1724 3434 1794 Πατρός.
3460 1724 3632 1776 Τοῦτο
3656 1721 3754 1778 οὖν

2180 1815 2530 1882 ἀναιροῦντες
2592 1817 2641 1867 οἱ
2693 1815 2792 1884 τῆς
2848 1815 3067 1867 συνόδου
3126 1817 3331 1885 ταύτης
3392 1815 3636 1885 Πατέρες
3682 1818 3756 1868 τα

507 1913 796 1984 explicant,
831 1887 1056 1983 quaeque
1088 1910 1154 1966 iis
1184 1909 1448 1965 sententia
1472 1909 1544 1963 sit
1575 1907 1818 1975 subjecta
1847 1905 2073 1960 demou-

2184 1907 2402 1974 ῥήματα
2439 1907 2531 1959 τοῦ
2577 1909 2967 1976 Χρυσοστόμου
3002 1909 3095 1960 καὶ
3139 1907 3237 1977 τὴν
3282 1907 3461 1960 αὐτῶν
3493 1907 3745 1960 διάνοιαν

506 2015 701 2060 strant.
733 2003 845 2059 Nec
871 2002 1039 2071 enim,
1061 2002 1333 2072 inquiunt,
1369 2009 1427 2054 ut
1457 1999 1624 2053 solius
1661 1997 1770 2052 vini
1805 1995 2074 2066 potionem

503 2098 562 2151 in
605 2094 777 2153 sacris
827 2095 1096 2163 mysteriis
1146 2092 1501 2148 adhibendam
1555 2092 1807 2154 doceret,
1864 2094 1956 2143 sed
2021 2099 2079 2142 ut

508 2187 1112 2258 Hydroparastatarum,
1154 2185 1255 2255 qui
1286 2184 1397 2240 sola
1439 2164 1575 2252 aqua
1619 2199 1831 2237 sacrum
1877 2181 2078 2234 facien-

507 2282 636 2335 dum
684 2279 1068 2350 opinarentur,
1126 2278 1372 2332 haeresim
1447 2275 1816 2339 convelleret,
1878 2289 2078 2342 eosque

504 2367 758 2423 Patribus
799 2367 1108 2435 sanctisque
1149 2365 1408 2435 apostolis
1457 2365 1732 2419 contraria
1781 2365 1983 2416 sentire
2027 2374 2080 2416 el

513 2459 689 2510 facere
720 2455 964 2518 doceret,
997 2468 1301 2508 sermonem
1358 2451 1812 2506 illum‘iustituit.
1865 2451 2077 2505 Etenim

510 2555 565 2600 et
594 2545 731 2616 ipse,
761 2545 811 2598 in
851 2545 1080 2600 ecclesia
1117 2559 1277 2612 quam
1312 2545 1504 2609 tenuit,
1534 2545 1716 2597 vinum
1761 2559 1898 2610 aqua
1945 2544 2081 2596 dilu-

514 2650 622 2690 tum
657 2636 710 2690 in
753 2636 978 2706 mystica
1018 2634 1293 2690 oblatione
1343 2635 1705 2689 adhibendum
1743 2635 1993 2695 tradidit,
2029 2648 2081 2687 et

513 2727 702 2796 reliqui
758 2727 947 2782 Patres
1022 2726 1383 2796 Ecclesimque
1442 2727 1645 2781 lumina
1705 2729 1952 2781 eumdem
2003 2728 2083 2780 iu-

508 2819 722 2876 cruenti
770 2819 1023 2875 sacriﬁcii
1075 2835 1211 2888 pane
1248 2831 1300 2875 et
1335 2821 1481 2882 vino,
1532 2821 1760 2876 admista
1808 2836 1957 2889 aqua:
1987 2837 2082 2889 po-

517 2911 694 2974 tione,
751 2911 1067 2967 conﬁciendi
1119 2911 1279 2964 ritum
1345 2910 1631 2969 tradidere.
1704 2911 1768 2963 Et
1825 2920 2079 2978 μίσθιοι-ρει

514 3005 647 3058 sexti
683 3003 840 3074 hujus
863 3003 1050 3075 synodi
1093 3000 1281 3057 Patres
1304 3001 1594 3069 subjiciunt
1615 3003 1699 3069 iis,
1727 3003 1814 3070 qui
1849 3020 2083 3071 praesen-

520 3105 625 3149 tem
651 3112 910 3152 canonem
941 3095 1100 3168 194
1121 3095 1584 3164 transgrediuntur
1603 3137 1616 3161 ,
1635 3111 1755 3164 quae
1785 3107 2084 3166 transgres-

2181 1999 2565 2066 σαφηνίζουσι,
2601 1999 2698 2052 καί
2728 2017 2894 2069 φασιν
2928 2002 3129 2069 ὃτιτὴν
3155 2001 3261 2053 τῶν
3308 2001 3760 2071 Ὑδροπαραστα-

2178 2092 2285 2141 τῶν
2318 2090 2529 2161 αἰρεσιν
2568 2091 2912 2161 ἀνατρέπων,
2944 2092 2993 2144 οἳ
3033 2092 3178 2161 μόνῳ
3211 2091 3368 2144 ὕδατι
3404 2092 3505 2164 τὴν
3553 2093 3756 2146 θυσίαν

2183 2183 2488 2252 ἱερουργεῖν
2515 2185 2752 2253 οἰόμενοι
2789 2189 3103 2254 κέχρηνται.
3136 2185 3230 2238 καὶ
3263 2185 3525 2238 δεικνύων
3553 2187 3760 2248 αὐτοὺς

2180 2277 2436 2337 ἐναντίως
2466 2279 2578 2338 τοῖς
2613 2277 2860 2345 Πατράσι
2905 2277 2999 2328 καὶ
3050 2279 3162 2339 τοῖς
3220 2279 3387 2346 ἱεροῖς
3431 2279 3759 2342 ἀποστόλοις

2182 2368 2583 2438 πορευομένους
2608 2371 2701 2420 καὶ
2721 2368 3030 2433 ποιοῦντας,
3055 2370 3147 2422 τὸν
3162 2372 3360 2423 οίκεῖον
3381 2373 3761 2424 κατεσκεύασε

2182 2460 2354 2528 λόγον,
2399 2459 2515 2512 ἀλλ’
2537 2461 2637 2513 οὐκ
2676 2462 2988 2532 ἐπιτρέπων
3020 2457 3162 2516 οἶνον
3213 2464 3376 2532 μόνον
3405 2466 3464 2516 ἐν
3500 2469 3615 2528 τοῖς
3649 2485 3758 2536 μυ-

2185 2550 2427 2635 στηρίοις
2455 2550 2928 2618 παραλαμϐάνειν.
2965 2553 3072 2604 Καὶ
3103 2553 3256 2616 αὐτὸς
3287 2555 3394 2623 γὰρ
3416 2548 3570 2619 οὗτος
3597 2559 3654 2608 ἐν
3683 2560 3750 2627 τῇ

2183 2645 2300 2694 κατ’
2328 2643 2489 2694 αὑτὸν
2533 2643 2821 2712 Ἐκκλησία
2851 2641 2995 2695 οἶνον
3026 2645 3117 2697 καὶ
3148 2645 3292 2716 ὕδωρ
3317 2649 3372 2698 ἐν
3401 2652 3515 2708 τοῖς
3545 2665 3751 2718 μυστη-

2185 2737 2322 2804 ρίοις
2349 2735 2722 2803 λαμϐάνεσθαι
2755 2737 3128 2804 παραδέδωκε,
3165 2739 3259 2790 καὶ
3287 2739 3338 2790 oi
3368 2738 3546 2791 λοιποὶ
3579 2741 3755 2794 [Ιατέ-

2186 2844 2277 2897 ρες
2303 2829 2395 2879 καὶ
2446 2830 2730 2896 ερωστῆρες
2773 2827 2872 2896 τῆς
2920 2828 3241 2898 Ἑκκλησίας
3267 2831 3755 2899 παραδεδώκασιν,

2184 2921 2334 2986 ἄρτῳ
2382 2921 2475 2971 καὶ
2518 2919 2647 2986 οἴνῳ
2677 2917 2828 2970 ὕδατι
2893 2921 3220 2988 μεμιγμένῳ
3267 2919 3760 2990 τὴντὰναίμακτον

2185 3012 2378 3063 θυσίαν
2418 3013 2709 3065 ἐπιτελεῖν.
2748 3012 2853 3063 Καὶ
2880 3011 2974 3064 ἐπὶ
3018 3013 3550 3080 τούτοιςηὲπάγουσιν
3575 3017 3622 3067 οἱ
3655 3017 3762 3083 τῆς

2184 3103 2347 3170 ἕκτης
2368 3103 2572 3169 ταύτης
2592 3104 2811 3157 συνόδου
2835 3106 2945 3165 τοῖς
2967 3106 3365 3174 παραϐαίνουσι
3388 3106 3480 3159 τὸν
3504 3108 3756 3177 παρόντα

519 3193 659 3250 sioni
687 3192 831 3263 justa
856 3189 1172 3256 credebant.
1206 3185 1340 3242 Nam
1374 3188 1421 3242 si
1451 3191 1733 3258 episcOpus
1767 3188 1960 3255 aliquis
1991 3197 2081 3240 aut

2188 3197 2386 3248 κανόνα
2407 3195 2442 3248 ἃ.
2468 3196 2554 3247 διὰ
2577 3197 2674 3265 τὴν
2721 3196 3035 3264 παράόασιν
3069 3199 3378 3250 πείσονται·
3415 3200 3521 3251 καί
3551 3217 3717 3268 φασιν
3741 3215 3757 3230 ⁸

519 3286 799 3356 presbyter
851 3274 1121 3351 acceptam
1191 3281 1258 3336 ab
1311 3281 1569 3350 apostolis
1631 3282 2079 3335 consuetudinem

521 3375 842 3444 neglexerit,
874 3389 938 3428 ac
985 3375 1187 3438 viuum,
1241 3387 1376 3441 aqua
1423 3371 1730 3426 nullatenus
1781 3370 1982 3434 infusa,
2031 3371 2082 3423 in

521 3469 788 3524 sacriﬁcio
838 3465 1125 3536 purissimo
1167 3463 1440 3528 obtulerit,
1487 3463 1792 3528 hominem,
1847 3463 2083 3532 mysterii

520 3563 716 3631 quippe
748 3559 1062 3628 imperfecte
1094 3557 1353 3613 enuntiati
1403 3569 1578 3621 reum,
1629 3555 1819 3623 deponi
1870 3555 2082 3624 jubent.

521 3654 695 3708 Minus
747 3668 876 3707 vero
922 3651 1158 3720 perfecte
1223 3649 1534 3720 mysterium
1588 3648 1865 3709 enuntiat,
1922 3649 2084 3715 quia,

521 3761 640 3800 cum
669 3761 733 3800 ex
771 3744 1047 3798 morientis
1099 3742 1308 3798 Domini
1362 3740 1532 3795 latere
1580 3739 1798 3808 sanguis
1839 3749 1893 3792 et
1947 3753 2085 3808 aqua

521 3835 702 3902 simul,
750 3845 810 3890 ut
857 3834 1114 3898 diximus,
1148 3832 1455 3887 emanarint
1484 3871 1499 3895 ,
1549 3831 1870 3884 sacriﬁcium
1907 3840 2086 3883 tamen

522 3931 634 3986 sola
663 3929 769 3984 vini
797 3927 1065 3982 oblatione
1111 3926 1459 3997 perﬁciendo,
1507 3940 1572 3979 ex
1610 3923 1818 3977 Domini
1863 3937 2088 3992 corpore

519 4022 834 4092 Sanguinem
866 4021 1037 4075 solum
1069 4001 1296 4082 effusum
1314 4017 1500 4084 ,fuisse
1523 4030 1688 4085 opere
1721 4019 1838 4084 ipso
1869 4017 2088 4068 demou-

521 4126 681 4180 strat,
713 4123 767 4169 et
808 4113 978 4168 sacris
1025 4109 1475 4178 evangelistarum
1531 4107 1854 4167 testimoniis
1899 4107 2090 4161 adver-

523 4219 693 4273 satur,
739 4213 792 4260 et
847 4205 1043 4260 tradita
1100 4183 1552 4267 imntutatpdum
1599 4200 1754 4268 juxta
1809 4201 2087 4271 antiquam

523 4297 963 4353 ruttsttetudittettt
995 4309 1098 4349 non
1131 4295 1418 4350 sacriﬁcat.

525 4386 752 4443 AttlST.
791 4407 809 4439 ι
851 4387 1269 4455 Chnysostomus
1313 4383 1890 4454 llydroparastatarum
1939 4396 2089 4436 ever.

597 4502 612 4528 ι
657 4487 776 4534 teus
829 4479 1097 4542 lueresim,
1131 4474 1391 4540 Quando,
1447 4474 1612 4538 dicit,
1668 4485 1722 4527 et
1770 4489 1959 4542 passus
2010 4481 2091 4526 est

602 4591 618 4620 ε
663 4569 933 4623 Dominus.
967 4579 1020 4621 et
1077 4568 1389 4624 suscitatus.
1452 4568 1576 4618 vino
1635 4582 1762 4620 usus
1817 4574 1919 4618 est.
1972 4563 2086 4618 Hoc
2118 4569 2162 4624 ι)

600 4682 616 4708 ε
659 4658 978 4727 arripientes
1029 4655 1293 4716 Armenii,
1354 4656 1539 4706 vinum
1601 4656 1772 4706 solum
1829 4653 2087 4717 oﬁerunt,

603 4769 621 4799 ι
661 4763 762 4802 non
796 4746 1172 4814 iutelligentes,
1200 4743 1373 4812 ipsum
1413 4743 1572 4796 etiam
1617 4741 2109 4812 Cltt'ysostomum,

602 4865 618 4893 ι
656 4853 709 4896 et
738 4841 1029 4902 Basilium,‘
1055 4849 1108 4891 et
1150 4834 1414 4891 Jacobum
1465 4834 1590 4888 vino
1632 4850 1770 4902 aqua
1805 4834 2091 4888 commisto

597 4957 614 4988 ι
660 4949 784 4999 usos
834 4933 1021 4995 fuisse,
1074 4938 1147 4992 et,
1200 4939 1255 4982 ut
1307 4929 1382 4981 ita
1429 4942 1528 4983 nos
1571 4927 1883 4993 offeramus,
1928 4930 2093 4983 tradi-

594 5050 611 5079 ι
654 5027 814 5082 disse.
848 5025 904 5079 Si
939 5025 1058 5092 quis
1085 5037 1214 5092 ergo
1245 5023 1324 5076 vel
1369 5021 1484 5076 solo
1509 5021 1652 5086 vino,
1677 5023 1761 5076 vel
1797 5037 1934 5092 aqua
1971 5023 2084 5076 sola

601 5140 618 5171 ι
659 5131 712 5174 et
744 5117 849 5172 non
884 5116 1067 5182 mista,
1097 5125 1283 5180 utitur,
1317 5114 1631 5184 deponatur.
1662 5132 1682 5165 ι

587 5214 828 5268 Armenii
860 5228 888 5265 a
920 5191 1292 5280 Chr‘ysostomi
1344 5209 1397 5262 in
1453 5207 1689 5262 Matthaei
1737 5208 2085 5279 Evangelium

525 5306 991 5376 interpretatione,
1050 5303 1102 5355 in
1161 5315 1265 5368 qu]
1329 5299 1937 5376 llydt'oparastatarum,
1995 5304 2086 5373 qui

526 5411 669 5468 aqua
712 5395 826 5450 sola
869 5396 920 5448 in
953 5393 1228 5448 incruenta
1257 5392 1531 5447 oblatione
1565 5395 1874 5460 utebantur,
1911 5393 2090 5450 hatre-

527 5488 630 5542 sim
678 5485 894 5540 auferre
948 5492 1174 5538 conatus
1223 5493 1328 5547 est,
1382 5483 1613 5546 seducti,
1675 5483 1857 5538 vinum
1917 5486 2090 5539 solum

531 5579 785 5634 oderunt.
838 5575 953 5630 Non
1011 5573 1365 5642 iutelllgentes
1412 5575 1599 5642 impii,
1658 5575 1802 5644 quod
1862 5577 1928 5630 ad
1992 5577 2093 5631 hoc

530 5673 756 5744 respicit
784 5679 893 5724 tota
927 5667 1101 5725 sancti
1126 5665 1303 5723 Patris
1337 5667 1532 5732 oratio,
1567 5677 1624 5722 ut
1655 5665 2088 5738 llydrOparasta-

595 5852 646 5886 σε
677 5852 860 5912 Matth.
896 5868 1045 5921 XXVI,
1074 5852 1164 5908 εδ.
1241 5851 1286 5883 ει
1328 5849 1461 5907 ibid.
1493 5850 1583 5905 28.

2188 3288 2252 3340 Εἴ
2276 3305 2356 3348 τις
2384 3287 2683 3348 ἐπίσκοπος
2716 3288 2745 3354 ἦ
2775 3288 3148 3356 πρεσϐύτερος
3178 3291 3252 3359 μὴ
3281 3292 3420 3343 κατά
3449 3291 3545 3360 τὴν
3580 3309 3765 3360 παρα-

2187 3376 2435 3428 δοθεῖσαν
2467 3377 2571 3428 ὑπὸ
2599 3378 2706 3428 τῶν
2741 3379 2914 3444 ἁγίων
2943 3379 3258 3433 ἀποστόλων
3286 3381 3440 3445 τάξιν
3469 3385 3633 3444 ποιεῖ,
3667 3387 3765 3436 καὶ

2188 3469 2331 3536 ὕδωρ
2369 3467 2494 3539 οἴνῳ
2533 3469 2606 3539 μὴ
2641 3469 2836 3537 μιγνὺς
2869 3469 3012 3526 οὕτω
3045 3470 3144 3541 τὴν
3182 3475 3450 3542 ἄχραντον
3483 3477 3766 3543 προσάγει

2189 3561 2403 3640 θυσίαν,
2435 3559 2825 3629 καθαιρείσθω,
2853 3562 2927 3623 ὡς
2955 3563 3156 3625 ἀτελῶς
3180 3565 3238 3616 τὸ
3271 3567 3764 3634 μυστήριονέξαγ-

2188 3651 2410 3717 γέλλων.
2460 3652 2690 3715 Ἀτελῶς
2715 3653 2771 3704 δὲ
2798 3654 2856 3704 τὸ
2889 3656 3188 3723 μυστήριον
3211 3653 3547 3723 ἐξαγγέλλει,
3581 3655 3668 3708 διά
3703 3660 3765 3708 τὸ

2188 3743 2316 3813 οἴνῳ
2339 3744 2482 3813 μόνῳ
2516 3745 2612 3796 ἐπὶ
2639 3750 2703 3816 τῇ
2736 3747 2900 3819 θυσίᾳ
2925 3750 3248 3817 κεχρῆσθαι,
3285 3749 3377 3800 τοῦ
3417 3751 3648 3818 Κυρίου,
3681 3751 3760 3804 ὡς

2189 3836 2423 3906 ἔφημεν,
2458 3834 2598 3906 αἷμα
2625 3841 2719 3892 καὶ
2755 3839 2898 3909 ὕδωρ
2930 3841 2994 3893 ἐκ
3033 3842 3130 3910 τῆς
3169 3843 3378 3902 οἰκείας
3413 3843 3652 3910 πλευρᾶς
3703 3845 3763 3894 ἐν

2190 3929 2269 3998 τῷ
2332 3929 2496 3982 πάθει
2537 3931 2878 4000 προχέοντος.
2911 3933 3159 3987 Διδάσκει
3203 3933 3311 4003 γάρ
3357 3936 3761 4002 πραγματικῶς

2190 4017 2333 4091 αἷμα
2364 4023 2523 4091 μόνον
2553 4024 2616 4076 ὲκ
2645 4024 2747 4092 τῆς
2775 4025 2869 4077 τοῦ
2919 4026 3123 4096 Κυρίου
3170 4027 3472 4094 κενωθῆναι
3531 4027 3758 4096 σαρκός,

2191 4119 2284 4170 καὶ
2310 4116 2644 4174 ἐναντιοῦται
2674 4119 2784 4178 τοῖς
2825 4119 2987 4186 ἱεροῖς
3031 4117 3468 4185 εὐαγγελισταῖς,
3507 4121 3600 4170 καὶ
3631 4135 3758 4170 και-

2191 4207 2330 4270 νίζει
2360 4209 2428 4260 τὰ
2455 4207 2888 4276 παραδεδομένα,
2921 4206 2996 4275 μὴ
3039 4207 3183 4259 κατά
3203 4207 3301 4277 τὴν
3350 4207 3583 4276 ἀρχαίαν
3615 4206 3760 4260 θύων

2193 4300 2515 4369 παράδοσιν.
2989 4333 3010 4341 -
3125 4321 3152 4346 ε

2193 4393 2415 4446 ΑΡΙΣΤ.
2468 4411 2486 4443 ι
2521 4393 2632 4463 Τὴν
2671 4392 3195 4467 ’Υδροπαραστατῶν
3229 4392 3470 4462 ἀναιρῶν
3507 4393 3767 4462 αἵρεσινὸ

2271 4504 2288 4536 ι
2338 4487 2740 4554 Χρυσόστομος.
2767 4502 2784 4534 ι
2824 4484 3036 4549 Ίινίκα,
3065 4502 3082 4534 ι
3109 4486 3263 4552 φησὶ,
3289 4504 3306 4534 ι
3327 4485 3422 4537 καὶ
3439 4484 3709 4536 πέπονθεν
3741 4490 3769 4538 ὁ

2269 4593 2286 4624 ι
2332 4575 2558 4644 Κύριος,
2593 4576 2686 4628 καὶ
2717 4575 3032 4643 ἐγήγερται,
3059 4573 3188 4641 οῖνρ
3212 4575 3504 4643 ἐχρήσατο.
3539 4591 3569 4624 ιο
3593 4572 3767 4625 Τοῦτο

2276 4688 2293 4719 ‹
2340 4667 2599 4729 λαϐόντες
2644 4667 2692 4718 οἱ
2737 4665 3037 4734 Ἀρμένιοι,
3068 4661 3209 4716 οἶνον
3239 4665 3577 4734 προσάγουσι
3603 4667 3767 4734 μόνον

2279 4779 2295 4811 ι
2343 4761 2440 4812 οὐκ
2469 4759 2692 4821 εἰδότες,
2734 4760 2830 4810 καὶ
2871 4758 3033 4810 αὐτὸν
3083 4757 3170 4808 τὸν
3207 4757 3617 4826 Χρυσόστομον,
3665 4761 3766 4810 καὶ

2275 4873 2292 4902 ι
2344 4851 2642 4912 Βασίλειον,
2677 4851 2770 4901 καὶ
2811 4849 3068 4901 Ἰάκωϐον
3097 4848 3223 4916 οἴνῳ
3257 4850 3579 4917 μεμιγμένῳ
3611 4849 3769 4902 ὕδατι

2278 4962 2293 4992 i
2343 4941 2744 5012 κεχρημένους..
2791 4938 2886 4992 καὶ
2942 4941 3076 5007 ἡμῖν
3125 4938 3270 4990 οὕτω
3310 4939 3765 5006 παραδεδωκότας

2277 5055 2292 5086 i
2349 5035 2669 5104 προσάγειν.
2700 5035 2763 5085 Εἰ
2791 5051 2872 5094 τις
2905 5029 2998 5085 οὖν
3026 5033 3057 5100 ἢ
3087 5033 3213 5101 οἴνῳ
3245 5031 3390 5101 μόνῳ
3420 5032 3452 5100 ἢ
3490 5032 3637 5085 ὕδατι
3671 5035 3771 5101 μό-

2275 5149 2291 5178 ι
2341 5145 2436 5197 νῳ,
2457 5126 2710 5195 ἀλλὀὐχὶ
2735 5125 3057 5196 μεμιγμένῳ
3089 5125 3286 5193 χρῷτο,
3311 5123 3701 5194 καθαιρείσθω.
3745 5145 3764 5175 ι

2285 5218 2415 5271 Ἀπὸ
2437 5219 2534 5288 τῆς
2560 5219 2642 5281 είς
2666 5218 2727 5270 τὸ
2749 5218 2888 5270 κατὰ
2917 5216 3196 5269 Ματθαῖον
3230 5216 3567 5284 Εὑαγγέλιον
3591 5217 3770 5284 ἑρμη-

2201 5311 2348 5373 νείας
2394 5307 2486 5362 τοῦ
2531 5309 2932 5378 Χρυσοστόμου
2968 5306 3016 5357 οἱ
3056 5305 3330 5373 Ἀρμένιοι
3378 5304 3771 5374 πλανηθέντες,

2195 5403 2252 5454 ὲν
2354 5401 2454 5470 τὴν
2480 5401 2587 5452 τῶν
2651 5397 3182 5468 ’Υδροπαραστατῶν
3238 5398 3453 5468 αἵρεσιν
3503 5396 3771 5449 ἔσπευσεν

2198 5491 2514 5561 ἁναιρῆσαι,
2549 5492 2658 5542 τῶν
2705 5490 2860 5541 ’ύδατι
2895 5489 3040 5559 μόνῳ
3071 5491 3129 5540 ὲν
3181 5492 3247 5558 τῇ
3297 5488 3625 5557 ἀναιμάκτῳ
3675 5505 3775 5538 κειι

2199 5584 2488 5654 χρημένων
2523 5582 2710 5651 θυσία,
2744 5579 2886 5634 οἶνον
2916 5583 3081 5651 μόνον
3118 5582 3459 5652 προσάγουσι
3484 5597 3497 5609 ·
3540 5579 3614 5647 μὴ
3650 5584 3773 5648 ver"-

2200 5691 2392 5735 σαντες
2437 5675 2485 5728 οἱ
2515 5673 2796 5736 δυσσεϐεῖς
2822 5673 2894 5736 ὡς
2936 5676 3015 5738 είς
3047 5673 3206 5726 τοῦτο
3229 5674 3331 5742 ὁρᾷ.
3365 5673 3397 5742 ἡ
3428 5673 3576 5732 πᾶσα
3602 5689 3773 5726 κατα-
