4074 6392
300 309 407 371 69.5

1270 311 1362 399 IN
1404 304 1567 374 CAN.
1608 313 1859 374 XXXIII
1900 314 2106 374 CONC.
2152 316 2229 373 ΙΝ
2268 318 2582 380 TRULLO.

3434 306 3543 372 626

306 415 484 485 σκευὴ
520 417 616 470 τοῦ
642 418 825 485 ἁγίου,
857 420 937 482 εἰς
978 420 1040 472 τὸ
1071 421 1366 492 ἀναιρῆσαι
1408 422 1508 491 τὴν
1535 420 1747 489 αἵρεσιν
1773 421 1880 472 τῶν

1996 440 2157 478 larum
2218 428 2465 483 haeresim
2524 430 2764 493 tolleret,
2826 429 2997 497 iisque
3061 426 3189 481 vino
3260 425 3424 479 etiam
3487 426 3541 477 in

313 509 869 579 Ὑδροπαραστατῶν,
904 512 1000 565 καὶ
1018 514 1206 565 πεῖσαι
1235 514 1431 577 αὐτοὺς
1459 514 1551 566 καὶ
1574 512 1704 584 οίνῳ
1729 512 1867 583 χρῆ-

304 600 431 652 σθαι
459 603 516 653 ὲν
538 603 651 661 τοῖς
695 604 1037 674 μυστηρίοις.
1086 604 1246 658 Ἀλλὰ
1280 605 1598 674 νομίσαντες
1624 608 1706 659 ὅτι
1733 609 1867 659 ἀνα-

302 693 523 756 τρέπων
554 694 613 745 τὸ
646 694 790 766 ὕδωρ
839 697 1203 765 ἐμϐάλλεσθαι
1241 700 1297 748 ἐν
1350 700 1553 762 αὐτοῖς,
1604 699 1738 769 πρδς
1779 700 1868 753 τὸν

304 785 527 854 ἔλεγχον
550 788 915 858 ἀντικατέστη
952 791 1151 855 αὐτῶν,
1176 788 1318 843 οἶνον
1340 792 1497 857 μόνον
1526 794 1872 861 προσφέρου-

307 894 413 939 σιν,
446 877 772 945 ἀγνοοῦντες
810 879 884 943 ὡς
926 882 1020 931 καὶ
1050 882 1212 939 αὐτὸς
1239 883 1265 932 6
1294 882 1683 951 Χρυσόστομος
1723 883 1818 935 καὶ
1843 884 1872 935 6

308 971 488 1035 μέγας
540 970 821 1033 Βασίλειος
876 973 970 1024 καὶ
1003 974 1030 1024 6
1060 973 1381 1041 ἀδελφόθεος
1429 973 1683 1035 Ἰάκωϐος
1727 971 1872 1026 οἶνον

307 1061 601 1129 μιγνύντες
634 1062 790 1114 ὕδατι
839 1063 938 1129 τὴν
971 1065 1163 1117 θυσίαν
1200 1065 1568 1135 προσέφερον·
1601 1068 1713 1118 καῖ’
1740 1054 1893 1136 ἡμῖν’

303 1151 449 1203 οὕτω
484 1154 784 1220 προσάγειν
819 1154 1292 1223 παραδεδώκασιν.
1324 1156 1390 1207 Εἴ
1416 1173 1498 1217 τις
1529 1150 1620 1208 οῦν
1647 1156 1874 1208 ἐπίσκο-

305 1260 407 1304 πος
432 1245 465 1312 ἢ
507 1243 881 1315 πρεσϐύτερος
912 1246 986 1314 μὴ
1014 1247 1154 1297 κατὰ
1202 1247 1301 1315 τὴν
1334 1248 1636 1317 παράδοσιν
1668 1248 1874 1315 ταύτην

304 1335 417 1385 τῶν
469 1336 787 1387 ἀποστόλων
830 1338 925 1387 καλ⁵
976 1337 1085 1387 τῶν
1138 1336 1412 1406 θεοφόρων
1472 1340 1731 1409 Πατέρων
1776 1340 1875 1408 τὴν

304 1429 577 1497 ἄχραντον
613 1429 882 1497 προσάγει
909 1428 1122 1493 Θυσίαν,
1164 1430 1554 1497 καθαιρείσθω,
1588 1430 1663 1492 ώς
1690 1431 1877 1496 ἁπλῶς

306 1520 367 1570 τὸ
407 1521 708 1589 μυστήριον
754 1520 1122 1588 ἐξαγγέλλων,
1157 1521 1250 1572 καὶ
1277 1520 1485 1575 ἀθετῶν
1520 1523 1587 1574 τά
1636 1524 1880 1591 παραδεο

303 1611 528 1663 δοιιένα.
570 1624 581 1647 ¹

886 1705 1123 1760 ΚΑΝΩΝ
1169 1707 1289 1759 Al".

1975 520 2244 589 mysteriis
2291 521 2365 572 uti
2420 522 2784 588 persuaderet.
2832 520 2934 574 Sed
2985 519 3351 580 arbitrantes,
3400 517 3543 585 quod

1976 594 2062 663 ille
2091 625 2243 677 aqua:
2273 611 2324 663 in
2373 612 2439 665 iis
2477 610 2861 666 immissionem
2918 609 3190 670 refellens,
3243 606 3310 661 ad
3356 621 3542 660 eorum

1976 688 2407 767 redargutionem
2434 717 2553 757 sese
2584 704 2854 773 opposuit,
2884 704 3067 755 vinum
3089 702 3258 755 solum
3286 698 3543 760 offerunt,

1978 782 2291 863 ignorantes
2333 795 2473 863 quod
2502 802 2556 849 et
2593 795 2705 861 ipse
2736 792 3181 865 Chrysostomus,
3220 802 3280 847 et
3309 791 3546 846 Basilius

1978 902 2226 955 magnus,
2277 895 2332 940 et
2386 886 2599 939 Domini
2657 886 2825 939 frater
2869 884 3102 939 Iacobus
3149 884 3333 938 vinum
3393 897 3546 951 aqua!

1980 976 2343 1031 immiscentes
2383 977 2708 1031 sacrificium
2757 974 3099 1032 offerebant:
3159 985 3216 1030 et
3255 975 3414 1029 nobis
3470 975 3546 1028 ita

1978 1069 2174 1124 oli'erre
2217 1071 2575 1124 tradiderunt.
2630 1070 2686 1123 Si
2736 1070 2858 1139 quis
2899 1070 3080 1137 itaque
3121 1071 3407 1137 episcopus
3452 1076 3549 1121 aut

1980 1164 2259 1232 presbyter
2340 1178 2444 1215 non
2498 1162 2792 1217 secundum
2858 1161 3001 1215 hanc
3068 1159 3433 1228 apostolorum
3493 1168 3549 1210 et

1981 1255 2283 1309 divinorum
2315 1253 2531 1309 Patrum
2569 1254 2935 1317 traditionem,
2964 1243 3364 1307 im'maculatum
3392 1249 3549 1303 offert

1984 1346 2332 1417 sacrificium,
2375 1348 2695 1415 deponatur,
2731 1354 2788 1399 ut
2832 1360 2936 1399 non
2988 1352 3247 1398 accurate
3294 1343 3548 1413 mysteria

1984 1441 2260 1511 evulgans,
2291 1448 2346 1494 et
2373 1440 2571 1493 tradita
2602 1438 2933 1507 contemptui
2963 1437 3190 1492 habens.

2511 1708 2593 1761 CA
2606 1706 2740 1763 NON
2792 1706 3029 1761 XXXIII.
3078 1752 3081 1763 κη

311 1815 333 1845 ι
398 1797 727 1866 Ἐπειδήπερ
758 1797 1003 1866 ἔγνωμεν
1030 1802 1089 1850 ἐν
1130 1802 1196 1868 τῇ
1238 1798 1346 1851 τῶν
1391 1800 1694 1869 Ἀρμενίων
1726 1800 1879 1869 χώρᾳ

1996 1825 2006 1856 ι
2049 1806 2312 1872 Quoniam
2367 1804 2737 1873 cognovimus,
2788 1802 2841 1856 in
2892 1801 3274 1867 Armeniorum
3332 1799 3571 1869 regione

386 1908 404 1939 ι
456 1890 650 1958 μόνους
710 1893 768 1942 ἐν
827 1891 1017 1961 κλήρῳ
1050 1892 1177 1953 τοὺς
1234 1893 1298 1942 ἐκ
1355 1891 1551 1959 γένους
1600 1891 1878 1963 ἱερατικοῦ

392 2002 403 2029 ι
451 1980 795 2047 κατάγεσθαι
840 1982 973 2049 (10),
1021 1982 1335 2045 Ἰουδαϊκοῖς
1375 1981 1556 2034 ἔθεσιν
1599 1982 1881 2052 ἑπομένων

386 2094 405 2120 ι
454 2074 562 2125 τῶν
599 2074 759 2126 τοῦτο
812 2077 1079 2144 πράττειν
1116 2074 1576 2145 ἐπιχειρούντων·
1626 2076 1779 2133 τινὰς
1826 2076 1883 2127 δὲ

390 2187 409 2214 ι
454 2166 632 2217 αὐτῶν
664 2168 754 2218 καὶ
803 2166 877 2235 μὴ
916 2169 1382 2235 ἀποκειρομένους
1431 2165 1756 2236 ἱεροψάλτας
1790 2168 1885 2220 καὶ⁴

391 2279 409 2307 ι
463 2256 817 2325 ἀναγνώστας
847 2257 994 2309 θείου
1036 2258 1165 2309 ναοῦ
1196 2258 1597 2310 καθίστασθαι·
1652 2259 1889 2311 συνεῖδο-

391 2368 408 2396 :
461 2367 559 2418 μεν
600 2349 741 2402 ὥστε
778 2350 886 2404 ἀπὸ
919 2350 1014 2403 τοῦ
1050 2350 1146 2403 νῦν
1187 2354 1262 2420 μὴ
1294 2350 1496 2416 ἐξεῖναι
1526 2353 1640 2414 τοῖς
1684 2351 1886 2420 κλῆρον

393 2462 411 2491 ι
458 2445 811 2511 βουλομένοις
835 2447 1099 2514 προάγειν
1123 2448 1275 2509 τινάς
1299 2448 1380 2509 είς
1400 2447 1461 2500 τὸ
1483 2448 1637 2513 γένος
1659 2447 1890 2500 ἀποὸλέ-

392 2556 411 2584 «ι
456 2554 580 2589 πειν
620 2537 711 2590 τοῦ
746 2538 1229 2609 προχειριζομένου
1251 2554 1266 2569 ⁸
1300 2538 1438 2591 ἀλλά
1476 2538 1888 2605 δοκιμάζοντες,

392 2648 411 2676 4
462 2632 509 2681 εἰ
534 2630 684 2693 ’ἄξιοι
714 2624 846 2695 εἶεν,
885 2631 1023 2684 κατά
1047 2632 1175 2692 τοὺς
1213 2631 1470 2693 τεθέντας
1502 2632 1559 2681 ἐν
1580 2633 1693 2693 τοῖς
1727 2632 1891 2699 ἱεροῖς

396 2745 413 2773 ι
465 2724 688 2781 κανόσιν
714 2725 895 2793 ὄρους.
932 2726 989 2776 ὲν
1017 2724 1203 2793 κλήρῳ
1246 2724 1636 2793 καταλεγῆναι,
1668 2725 1892 2787 τούτους

396 2838 412 2865 ι
464 2816 951 2883 ἐκκλησιαστικοὺς
980 2816 1447 2886 προχειρίζεσθαι,
1502 2818 1609 2869 εἴτε
1679 2818 1771 2869 καὶ
1829 2819 1893 2871 ἐκ

397 2928 415 2958 ι
465 2909 746 2979 προγόνων
797 2910 1050 2975 γεγόνασι
1103 2909 1316 2979 ἱερέων,
1362 2911 1473 2962 εῐτε
1498 2910 1593 2961 καὶ
1624 2908 1916 2978 μήνάλλὰ

397 3020 417 3052 ε
468 3001 602 3069 μηδέ
625 3018 746 3052 τινα
764 3001 874 3053 τῶν
904 3000 1161 3054 ἁπάντων
1190 3004 1497 3072 συγχωρεῖν
1528 3001 1615 3053 ἐπ’
1641 3002 1893 3071 ἄμϐωνος

396 3112 415 3142 ι
461 3092 605 3145 κατά
632 3094 733 3160 τὴν
755 3092 865 3145 τῶν
886 3096 943 3145 ὲν
964 3092 1040 3162 τῷ
1059 3093 1245 3163 κλήρῳ
1265 3094 1719 3163 καταλεγομένων
1738 3096 1892 3159 τάξιν

392 3206 411 3234 α
462 3189 587 3249 τοὺς
638 3187 815 3248 θείους
856 3186 932 3256 τῷ
960 3187 1075 3258 λαῷ
1121 3188 1310 3256 λόγους
1344 3189 1656 3255 ἀποφωνεῖν
1697 3188 1807 3257 (II)
1841 3190 1889 3242 εἰ

392 3298 414 3322 σ
465 3279 540 3348 μή
565 3297 616 3331 τι
666 3278 733 3331 ἂν
762 3279 1009 3349 ίερατικῇ
1043 3281 1218 3350 κουρᾷ
1239 3282 1499 3350 χρήσοιτο
1554 3283 1580 3333 6
1627 3279 1890 3343 τοιοῦτος,

398 3391 417 3420 ι
468 3372 560 3423 καὶ
609 3370 708 3441 τὴν
760 3372 1014 3439 εὐλογίαν
1066 3373 1171 3426 ὑπὸ
1231 3373 1326 3425 τοῦ
1371 3374 1576 3427 οἰκείου
1636 3374 1892 3440 ποιμένος

396 3482 417 3511 ι
466 3461 767 3525 κανονικῶς
826 3463 1158 3529 ὐποδέξοιτο.
1226 3466 1288 3517 Εἰ
1354 3465 1413 3518 δέ
1466 3482 1551 3527 τις
1607 3463 1889 3533 φωραθείη

396 3574 417 3604 ε
465 3555 618 3622 παρά
650 3557 718 3607 τὰ
746 3558 1225 3627 προγεγραμμένα
1256 3557 1453 3618 ποιῶν,
1488 3556 1888 3627 ἀφοριζέσθω.»

280 3718 289 3723 ἡ
396 3650 589 3701 ΒΛΛΣ.
618 3647 722 3701 Δύο
754 3649 927 3701 ταῦτα
961 3650 988 3701 6
1022 3649 1213 3718 παρών
1249 3648 1432 3701 κανὼν
1475 3648 1804 3719 διορθοῦται,
1835 3649 1895 3699 τὸ

319 3741 470 3794 κατά
498 3740 597 3809 τὴν
635 3740 821 3809 χώραν
869 3740 978 3792 τῶν
1025 3739 1329 3809 Ἀρμενίων
1372 3739 1559 3801 κακῶς
1608 3740 1896 3806 γινόμενον

290 3831 485 3901 ’χάριν
514 3828 605 3882 τοῦ
645 3830 719 3899 μὴ
760 3830 933 3893 ἄλλως
970 3829 1220 3898 γίνεσθαι
1265 3830 1583 3899 κληρικοὺς,
1624 3829 1761 3882 ἀλλά
1795 3824 1901 3897 μόέ

318 3940 453 3985 νους
483 3926 608 3985 τοὺς
634 3925 698 3976 ὲκ
727 3923 919 3991 γένους
950 3922 1229 3991 ἱερατικοῦ
1268 3924 1679 3991 καταγομένους
1710 3920 1805 3973 καὶ
1837 3921 1897 3973 τὸ

318 4016 420 4067 ἐπὶ
452 4014 704 4083 ἄμϐωνος
764 4012 1243 4083 ἀναγινώσκεσθαι
1283 4016 1353 4067 τὰ
1396 4016 1517 4066 θεῖα
1557 4013 1714 4081 λόγια
1744 4012 1898 4080 παρᾶ

319 4108 439 4185 τῶν
472 4106 546 4176 μὴ
572 4107 805 4177 ἐχόντων
840 4106 1211 4167 ἑπισκοπικὰς
1240 4106 1611 4173 ὲπικουρίδας,
1651 4104 1741 4157 τὸν
1775 4106 1895 4174 μὲν,

325 4201 408 4259 ὡς
449 4199 741 4252 Ἰουδαϊκὸν
797 4197 1242 4268 (νενομοθέτηται
1295 4198 1405 4269 γὰρ
1435 4196 1584 4266 παρὰ
1629 4195 1899 4257 Ἰουδαίοις

320 4290 436 4344 ἀπὸ
466 4291 566 4361 τῆς
614 4290 907 4358 Λευῖτικῆς
941 4290 1110 4359 φυλῆς
1138 4291 1232 4343 καὶ
1268 4290 1436 4361 μόνης
1462 4289 1588 4351 τοὺς
1614 4289 1780 4359 ἱερεῖς
1815 4288 1901 4355 γί-

323 4382 517 4433 νεσθαι
537 4381 577 4448 ),
609 4381 669 4434 τὸ
707 4382 785 4445 δὲ,
816 4381 891 4441 ὡς
921 4380 1220 4449 ἀλογίστως
1238 4380 1580 4450 τελούμενον.
1614 4380 1781 4432 Φασὶν
1806 4378 1899 4432 οὖν

1920 3124 1963 3182 C

2061 1919 2078 1950 ‹
2120 1914 2211 1952 eos
2242 1897 2412 1951 solum
2446 1898 2498 1949 in
2533 1897 2664 1950 cleri
2709 1897 2954 1949 ordinem
3005 1895 3231 1959 referri,
3276 1894 3368 1963 qui
3427 1904 3565 1949 sunt-

2053 2014 2070 2043 ι
2110 2009 2172 2046 ex
2205 2008 2400 2062 genere
2430 1992 2772 2055 sacerdotali,
2796 1993 2883 2055 iis,
2911 1992 2999 2057 qui
3024 1990 3127 2045 hoc
3158 1991 3335 2045 facere
3361 2005 3570 2057 σκετο-η

2064 2104 2081 2134 ι
2122 2085 2341 2137 diuntnr
2367 2125 2381 2149 ,
2435 2097 2612 2137 mores
2659 2083 2912 2138 Iudaicos
2953 2082 3342 2150 sequentibus,
3419 2097 3553 2135 nou-

2063 2198 2079 2227 ι
2128 2177 2300 2230 nullos
2343 2186 2519 2229 autem
2555 2191 2760 2238 eorum,
2792 2177 2953 2229 etiam
2985 2190 3088 2229 non
3126 2183 3333 2234 tensos,
3366 2188 3569 2226 sacros-

2063 2291 2081 2321 ι
2123 2279 2373 2325 cantores
2429 2280 2485 2325 et
2535 2270 2701 2323 divini
2757 2269 2938 2337 templi
2989 2269 3215 2323 lectores
3254 2266 3504 2345 constitui
3535 2283 3565 2320 ιΔ

2063 2383 2081 2413 ι
2121 2362 2480 2422 decernimus,
2518 2371 2577 2414 ut
2611 2362 2863 2429 deinceps
2892 2377 2995 2414 non
3028 2360 3192 2414 liceat
3217 2360 3304 2423 iis,
3333 2358 3425 2428 qui
3460 2373 3561 2413 vo-

2068 2473 2085 2504 ι
2126 2456 2239 2507 lunt
2280 2454 2487 2520 aliquos
2532 2455 2596 2505 ad
2640 2452 2840 2506 clerum
2886 2452 3172 2516 adducere,
3211 2450 3277 2505 ad
3323 2450 3439 2519 ejus
3466 2449 3555 2502 cui

2068 2566 2086 2597 ι
2126 2561 2320 2599 manus
2350 2544 2662 2612 imponitur.
2700 2558 2867 2611 genus
2898 2542 3205 2610 respicere;
3233 2543 3325 2596 sed
3354 2543 3559 2596 exami-

2072 2652 2089 2682 ι
2134 2640 2325 2686 nautes
2360 2649 2426 2684 an
2453 2632 2595 2701 digni
2638 2634 2746 2685 sint
2774 2631 2923 2697 juxta
2969 2632 3277 2700 przescripta
3307 2632 3358 2686 in
3389 2631 3556 2685 sacris

2076 2746 2093 2775 ι
2132 2724 2431 2777 canonihus
2488 2723 2742 2787 decreta,
2802 2724 2895 2792 qui
2944 2722 2997 2774 in
3059 2722 3186 2777 cleri
3257 2721 3556 2790 catalogum

2068 2836 2084 2864 ι
2129 2818 2453 2878 referantur,
2485 2828 2578 2867 eos
2626 2812 3021 2867 ecclesiasticos
3063 2828 3400 2881 promovere.
3448 2814 3560 2869 sive

2062 2926 2079 2955 ι
2118 2909 2226 2960 sint
2260 2923 2324 2959 ex
2367 2905 2663 2974 majoribus
2692 2907 2801 2977 suis
2832 2906 3222 2968 sacerdotibus,
3255 2907 3370 2961 sive
3414 2922 3581 2985 non;,

2075 3018 2091 3047 ι
2131 3000 2221 3051 sed
2258 3000 2417 3051 etiam
2452 3010 2509 3049 ut
2551 2998 2676 3051 nulli
2723 3012 2788 3051 ex
2839 2999 3090 3054 omnibus
3139 3014 3326 3052 eorum
3376 2999 3557 3061 liceat,

2071 3111 2086 3135 ο
2131 3090 2220 3158 qui
2268 3091 2475 3142 suntin
2510 3090 2826 3143 clericorum
2859 3090 3103 3144 ordinem
3146 3089 3320 3153 relati,
3366 3091 3567 3160 populo

2070 3201 2088 3233 ι
2136 3186 2187 3236 in
2216 3192 2465 3252 suggestu
2495 3182 2703 3237 divinas
2737 3183 3049 3251 Scripturas
3084 3184 3332 3243 recitare.
3364 3183 3466 3238 nisi
3512 3185 3569 3236 is.
3632 3252 3635 3253 ν

2067 3292 2087 3325 ι
2124 3275 2442 3329 sacerdotali
2472 3285 2691 3327 tonSura
2737 3290 2869 3329 usus
2915 3274 3092 3334 fuerit.
3135 3285 3188 3329 et
3220 3276 3558 3330 benedictio-

2073 3385 2091 3415 ι
2134 3380 2252 3419 nem
2281 3381 2308 3418 ιι
2335 3382 2433 3419 suo
2456 3378 2671 3434 pastore
2700 3365 2957 3421 canonice
2987 3368 3306 3435 susceperit.
3350 3365 3406 3422 Si
3435 3369 3559 3438 quis

2074 3478 2093 3508 ‹
2132 3469 2311 3513 autem
2347 3458 2504 3513 aliter
2546 3458 2726 3514 facere
2767 3460 3133 3530 deprehensus
3170 3459 3352 3525 fuerit,
3399 3462 3562 3530 depo-

2069 3569 2088 3602 ι
2133 3561 2311 3617 natur.
2346 3570 2364 3600 ιι

2062 3642 2259 3700 BALS.
2294 3644 2416 3696 llaec
2456 3658 2563 3697 nuo
2588 3659 2822 3711 praesens
2856 3660 3028 3716 canon
3064 3646 3305 3715 corrigit,
3338 3650 3560 3716 etquod

1999 3738 2050 3788 in
2095 3736 2473 3789 Armeniorum
2517 3737 2739 3805 regione
2784 3713 2923 3791 male
2958 3737 3138 3803 fiebat,
3188 3748 3245 3793 ut
3286 3756 3391 3794 non
3424 3740 3561 3793 alias

1999 3826 2189 3881 fierent
2235 3826 2442 3890 clerici,
2486 3826 2587 3880 nisi
2645 3827 2681 3880 ii
2734 3827 2824 3896 qui
2878 3844 2944 3882 ex
2988 3845 3186 3896 genere
3236 3832 3557 3885 sacerdotali

2000 3917 2445 3979 descendissent;
2480 3926 2535 3970 ct
2565 3917 2703 3984 quod
2730 3917 2782 3971 in
2808 3931 3057 3988 suggestu
3088 3920 3280 3975 divinae
3317 3920 3560 3989 Scriptu-

2002 4024 2073 4061 ra:
2100 4007 2417 4077 legebantur
2442 4008 2511 4062 ab
2555 4008 2619 4061 iis
2665 4008 2758 4076 qui
2789 4009 3125 4079 episcopales
3157 4021 3413 4067 tonsuras
3455 4030 3559 4067 non

2000 4101 2270 4155 habebant
2304 4118 2316 4152 :
2350 4098 2479 4153 iilud
2523 4101 2763 4168 quidem,
2814 4112 2870 4153 ut
2908 4099 3189 4156 Jndaicum
3236 4104 3375 4174 (lege
3418 4080 3560 4158 enim

2000 4194 2139 4262 apud
2174 4192 2387 4248 Judteos
2417 4201 2631 4246 cautum
2666 4202 2788 4255 est,
2835 4203 2894 4247 ut
2943 4208 3009 4247 ex
3062 4195 3219 4265 195
3275 4196 3415 4250 tribu
3464 4195 3565 4250 Le-

1999 4286 2161 4339 vitica
2190 4300 2362 4353 eaque
2391 4285 2503 4339 sola
2537 4285 2844 4339 sacerdotes
2892 4285 3140 4357 fierent);
3178 4288 3277 4343 hoc
3320 4303 3469 4351 vero.
3510 4300 3575 4343 ut

1967 4378 2146 4459 .quod
2195 4378 2592 4433 inconsiderate
2649 4378 2822 4433 fieret.
2876 4378 3069 4433 Dicunt
3120 4381 3301 4452 itaque
3350 4382 3564 4443 Patres,

321 4477 378 4528 οἱ
405 4474 646 4543 Πατέρες
672 4473 915 4535 ἐκείνους
942 4473 999 4525 ὲν
1020 4472 1099 4542 τῷ
1138 4473 1327 4542 κλήρῳ
1354 4472 1806 4535 κατα-τάττεσθαι,
1827 4472 1892 4541 μὴ

2006 4468 2123 4522 illos
2151 4469 2203 4522 in
2237 4468 2383 4522 clero
2414 4464 2654 4521 ordinari
2685 4476 2953 4533 oportere.
3002 4486 3108 4525 non
3145 4474 3233 4539 qui
3264 4486 3330 4526 ex
3372 4488 3575 4543 genere

323 4565 459 4626 τοὺς
487 4566 550 4616 ἐκ
579 4561 773 4632 γένους
805 4562 1082 4632 κληρικῶν
1128 4561 1305 4626 ὄντας,
1356 4560 1493 4614 ἀλλά
1522 4561 1650 4622 τοὺς
1695 4560 1900 4626 ἀξίους,

327 4658 429 4710 καὶ
465 4657 582 4709 κατ’
616 4655 871 4724 ὲπιλογὴν
902 4654 1271 4724 ὲπισκοπικὴν
1303 4654 1773 4723 προτιμωμένους,
1797 4653 1902 4707 κᾶν

333 4749 414 4819 μὴ
443 4749 506 4800 ὲκ
527 4748 716 4814 γένους
738 4746 977 4799 τοιούτου
999 4740 1133 4799 ὦσιν
1152 4763 1167 4777 ο
1187 4745 1445 4809 ὡσαύτως
1472 4745 1572 4807 τὰς
1603 4746 1689 4798 ἐπ’
1713 4745 1923 4815 ἄμϐω-“

327 4858 424 4902 νος
446 4840 777 4907 ἀναγνώσεις
806 4839 999 4909 μόνους
1027 4840 1201 4890 ποιεῖν
1222 4837 1348 4899 τοὺς
1375 4838 1454 4901 είς
1477 4836 1635 4890 τοῦτο
1660 4835 1902 4903 ἀποκλη-

332 4930 637 5000 ρωθέντας,
671 4932 842 5000 ἤγουν
864 4930 991 4989 τοὺς
1019 4928 1243 4997 ἔχοντας
1281 4928 1651 4989 έπισκοπικὰς
1674 4929 1900 4977 ἐπικου-

334 5023 514 5091 ρίδας.
565 5021 750 5073 Ταῦτα
795 5019 889 5073 τοῦ
944 5019 1089 5071 θείου
1132 5021 1354 5080 κανόνος
1384 5019 1923 5088 παρακελευομένου

334 5116 438 5167 καὶ
468 5112 819 5181 ἁφορίζοντος
847 5111 972 5172 τοὺς
995 5110 1147 5179 παρὰ
1167 5111 1340 5162 ταῦτα
1373 5111 1681 5173 ποιοῦντας,
1711 5109 1905 5177 ἐλαλή-

2012 4561 2351 4623 clericorum,
2396 4558 2489 4612 sed
2519 4558 2610 4626 qui
2647 4559 2794 4627 digni
2834 4568 2982 4625 sunt,
3028 4572 3082 4616 et
3128 4565 3418 4632 episcopali
3444 4554 3569 4622 'ele-

2009 4650 2186 4703 ctione
2212 4658 2615 4717 praeponuntur,
2642 4648 2851 4704 etiamsi
2877 4666 2979 4703 non
3002 4652 3111 4706 sint
3139 4668 3203 4707 ex
3230 4655 3319 4707 tali
3343 4670 3537 4723 genere
3556 4676 3575 4712 :

2008 4741 2257 4794 similiter
2284 4740 2413 4792 et-in
2448 4750 2699 4809 suggestu
2728 4754 2820 4795 eos
2848 4741 2991 4796 solos
3032 4742 3208 4812 legere
3237 4746 3452 4811 debere,
3481 4752 3572 4813 qui

2007 4836 2075 4888 ad
2126 4833 2227 4887 hoc
2278 4833 2332 4885 in
2378 4832 2698 4886 clericorum
2752 4849 3033 4888 numerum
3088 4836 3236 4891 relati
3290 4848 3436 4903 sunt,
3469 4858 3566 4895 eos

2009 4925 2216 4980 scilicet
2242 4924 2331 4991 qui
2374 4925 2573 4978 habent
2615 4924 2946 4994 episcopales
2977 4935 3247 5001 tonsuras.
3292 4929 3413 4985 ιΙ;ι›ο
3442 4947 3569 4988 cum

2012 5031 2167 5071 sacer
2192 5028 2363 5068 canon
2390 5014 2596 5084 jubeat,
2632 5024 2686 5069 et
2716 5030 2809 5071 eos
2842 5020 3273 5073 excommunicet
3299 5022 3388 5089 qui
3417 5023 3575 5075 aliter

2014 5107 2237 5170 faciunt,
2270 5121 2410 5173 saepe
2436 5106 2638 5159 dictum
2664 5115 2747 5161 est
2777 5123 2806 5161 a
2841 5107 3069 5161 diversis
3105 5111 3461 5179 antistitibus,
3483 5116 3585 5185 qui

1573 5276 1775 5335 Gnill.
1810 5275 2139 5351 Beveregii
2189 5277 2375 5333 notm.

416 5402 532 5469 (10)
578 5400 963 5469 Κατάγεσθαι.
1000 5401 1131 5457 Mss.
1178 5400 1513 5455 ZEtoniensis
1547 5410 1598 5453 et
1639 5401 1907 5453 Auierha-

335 5474 581 5527 chianus
621 5475 803 5535 legunt
842 5472 1272 5525 κατατάττεσθαι
1306 5472 1575 5530 constitui,
1608 5469 1849 5523 ordinari
1883 5487 1903 5524 :

335 5542 479 5611 quin
507 5544 668 5593 etiam
693 5542 1044 5611 κατάγεσθαι,
1074 5560 1171 5611 pro
1211 5540 1615 5606 καταταγὲσθαι
1650 5541 1906 5611 mendose

339 5608 612 5678 scriptum
654 5612 886 5663 videtur.
918 5610 1047 5662 Nam
1077 5608 1132 5664 et
1176 5613 1231 5662 ἐν
1275 5612 1459 5679 κλήρῳ
1492 5608 1903 5674 καταταγέσθαι

338 5694 431 5736 est
490 5684 540 5732 in
587 5681 722 5732 clero
769 5682 1033 5739 constitui,
1081 5683 1135 5733 in
1187 5680 1311 5733 cieri
1361 5681 1597 5733 ordinem
1642 5681 1831 5744 referri
1887 5695 1906 5733 :

312 5750 804 5823 ,quctnadtnoduin
838 5751 998 5803 etiam
1031 5749 1291 5804 llcrvrtus
1323 5751 1501 5804 locum
1534 5752 1834 5803 transtulit.

2074 5400 2185 5467 (Il)
2251 5398 2628 5469 Ἁποφωνεῖν.
2687 5400 2867 5453 Codex
2920 5399 3386 5457 Amerbachianus
3447 5406 3579 5469 legis

2003 5472 2330 5543 ὑποφωνεῖν.
2389 5468 2690 5543 Utrumque
2740 5470 2879 5523 idem
2934 5472 3020 5543 hic
3076 5472 3368 5541 significat,
3426 5468 3570 5543 quint

2002 5542 2300 5607 ἐκφωνείν,
2351 5540 2730 5603 pronuntiare,
2779 5540 3134 5607 promulgare,
3187 5540 3453 5597 recitaref
3483 5548 3575 5598 Sic

2006 5594 2365 5683 interpretes:
2395 5625 2489 5677 per
2557 5594 2956 5683 Martini):st
2988 5594 3331 5683 "erponunt.
3359 5594 3577 5683 Neque

2003 5681 2146 5731 enim
2204 5680 2291 5732 hic
2335 5678 2402 5731 de
2454 5680 2809 5737 concinuihus
2867 5679 3153 5741 habendis,
3209 5683 3302 5737 sed
3354 5678 3584 5740 tantum.

2005 5751 2071 5802 de
2112 5750 2284 5802 sacris
2326 5749 2623 5817 Scripturis
2668 5748 2908 5819 legendis
2946 5751 3147 5819 agitur.
