4074 6444
342 297 452 362 6⁸39

1333 307 1417 366 ΙΝ
1449 308 1611 368 CAN.
1658 308 1898 368 XXXIV
1939 307 2146 370 CUNC.
2194 310 2276 370 ΙΝ
2312 313 2630 376 TRULLO.

3490 315 3596 380 630

413 408 540 480 Τοῖς
595 415 910 482 Ἰουδαϊκοῖς
962 421 1220 491 ἑπόμενοι
1274 421 1452 474 ἔθεσιν
1482 423 1532 475 οἱ
1566 425 1625 476 ὲν
1659 426 1725 492 τῇ
1764 423 1919 494 χώρᾳ

2029 428 2121 494 Qui
2156 429 2206 480 in
2236 423 2615 482 Armeniorum
2637 436 2761 483 sunt
2793 428 3599 501 regioneIudaicos-sequentes

337 511 450 563 τῶν
489 511 817 582 Ἀρμενίων,
877 512 1075 582 μόνους
1107 517 1234 578 τοὺς
1292 516 1356 568 ἐκ
1411 515 1604 583 γένους
1638 515 1915 588 ἱερατικοῦ

339 600 502 664 ὄντας
534 602 618 664 είς
649 601 854 672 κλῆρον
898 603 1310 674 προσδέχονται.
1361 603 1525 658 Ἀλλὰ
1557 605 1650 657 καὶ
1676 605 1804 668 τοὺς
1842 604 1918 675 μὴ

340 691 596 758 εὐλογίας
629 693 895 765 τυχόντας
936 694 1265 753 ἐπισκόπου.
1320 697 1414 748 καὶ
1468 697 1718 767 ίερατικῇ
1749 697 1921 766 κουρᾷ

341 782 752 852 χρησαμένους,
782 783 1108 854 ίεροψάλτας
1139 785 1439 848 καθίστων,
1473 786 1567 838 καὶ
1590 786 1670 855 τῷ
1691 786 1804 856 λαῷ
1833 787 1916 838 ἐπ’

341 876 598 942 ἇμόωνος
619 875 720 938 τὰς
755 877 910 947 ἱερὰς
931 877 1146 947 βίϐλους
1177 877 1576 946 ἀναγινώσκειν
1601 879 1914 933 ὲπέταττον.

340 965 442 1017 Διὰ
471 965 626 1018 τοῦτο
651 965 782 1034 γοῦν
811 967 984 1019 ταῦτα
1017 968 1112 1020 καὶ
1155 967 1444 1038 ἀμφότερα
1477 967 1507 1019 ὁ
1557 968 1748 1038 παρὼν
1766 963 1922 1030 οὗτος

337 1057 708 1126 ἀπαγορεύων
740 1057 944 1123 κανὼν,
982 1061 1309 1129 προστάττει
1380 1061 1520 1130 μήτε
1568 1063 1647 1123 είς
1673 1061 1732 1113 τὸ
1760 1061 1921 1128 γένος

340 1149 557 1219 ἀφορᾷν
592 1151 690 1202 τοῦ
739 1149 1071 1221 βουλομένου
1131 1154 1213 1216 είς
1272 1150 1474 1222 κλῆρον
1528 1153 1914 1223 προαχθῆναι·

336 1229 476 1293 ἄλλα
505 1242 666 1294 τοῦτο
690 1244 852 1310 μόνον
874 1245 1194 1316 ἀνερευνᾷν,
1219 1247 1268 1298 εί
1295 1245 1444 1312 ἄξιός
1468 1247 1581 1298 ἐστι
1599 1261 1614 1276 ο
1650 1246 1787 1315 μήτε
1813 1247 1921 1300 τινὶ

339 1336 669 1404 συγχωρεῖν,
700 1336 843 1390 ὥστε
874 1337 1273 1404 ἀναγινώσκειν
1298 1338 1330 1409 ἢ
1364 1339 1589 1407 ψάλλειν
1618 1337 1706 1390 ἐπ’
1733 1338 1922 1402 ἄμϐω-

337 1443 450 1490 νος,
489 1429 538 1480 εί
573 1428 647 1498 μὴ
673 1429 826 1499 παρὰ
857 1430 954 1483 τοῦ
985 1429 1118 1483 ίδίου
1150 1431 1456 1484 ἐπισκόπου
1501 1432 1755 1498 εὐλογίας
1779 1432 1917 1510 τύχῃ

336 1514 656 1584 κανονικῆς,
711 1518 807 1570 καὶ
858 1520 1112 1590 ἱερατικῇ
1155 1523 1335 1593 κουρᾷ
1377 1523 1684 1594 χρήσηται’
1740 1525 1833 1575 τὸν
1863 1523 1921 1576 δὲ

337 1605 493 1672 παρὰ
518 1607 586 1660 τὰ
624 1610 864 1664 ἐνταῦθα
893 1612 1302 1684 διατεταγμένα
1351 1615 1616 1669 ποιοῦντα
1660 1617 1923 1685 ἀφορίζειν

337 1698 489 1752 σθαι.

939 1801 1182 1854 ΚΛΝΩΝ
1211 1798 1330 1858 ΛΔ’.

341 1902 364 1933 ι
406 1885 516 1938 Καὶ
539 1886 698 1941 τοῦτο
729 1889 786 1942 δὲ
803 1891 898 1945 τοῦ
929 1893 1207 1962 ἱερατικοῦ
1252 1897 1478 1958 κανόνος
1513 1895 1702 1964 σαφῶς
1732 1896 1919 1962 διαγο-

415 1997 433 2030 ι
478 1981 748 2049 ρεύοντος,
774 1983 850 2046 ὡς
879 1986 940 2038 τὸ
962 1988 1062 2056 τῆς
1088 1989 1434 2056 συνωμοσίας
1462 1990 1494 2058 ἢ
1517 1989 1790 2060 φρατρίας
1807 1989 1918 2057 (15)

417 2094 434 2123 ι
473 2073 728 2144 ἔγκλημα
767 2079 1046 2150 καὶςπαρὰ
1077 2081 1186 2133 τῶν
1223 2081 1331 2145 ἔξω
1359 2085 1540 2150 νόμων
1572 2082 1916 2136 κεκώλυται·

413 2186 432 2217 ε
476 2169 659 2239 πολλῷ
681 2171 737 2224 δὲ
771 2172 976 2240 μᾶλλον
1024 2175 1082 2226 ὲν
1114 2177 1178 2244 τῇ
1227 2175 1532 2247 Ἐκκλησία
1579 2177 1738 2229 τοῦτο
1769 2163 1919 2244 γίνέ-

415 2278 432 2311 ι
479 2261 605 2316 σθαι
632 2264 1006 2333 ἀπαγορεύειν
1035 2267 1344 2337 προσήκει·
1371 2269 1467 2322 καὶ
1517 2269 1679 2339 ἡμεῖς
1718 2269 1921 2336 φυλάτ-

415 2373 438 2407 σ
470 2371 590 2409 τειν
616 2360 1016 2429 σπουδάζομεν,
1045 2361 1140 2425 ὡς,
1171 2361 1224 2413 εί
1244 2378 1389 2426 τινες
1408 2361 1714 2433 κληρικοὶῆ
1753 2381 1920 2432 μονα-

343 2522 348 2527 .
416 2466 434 2495 ι
473 2448 560 2518 χο)⁸
580 2445 858 2520 εὑρεθεῖεν
880 2453 912 2520 ἢ
935 2454 1380 2527 συνομνύμενοιῆ
1409 2455 1859 2528 φρατριάζοντεςν

418 2557 436 2588 ι
475 2542 824 2605 κατασκευὰς
853 2545 1172 2614 τυρεύοντες
1207 2547 1526 2601 ἐπισκόπων
1557 2547 1588 2618 ἢ
1617 2549 1921 2618 συγκληρι-

419 2650 435 2680 ι
476 2632 614 2696 κῶν,
637 2634 1055 2692 ὲκπιπτέτωσαν
1081 2638 1256 2710 πάντη
1289 2639 1384 2692 τοῦ
1413 2642 1617 2694 οἰκείου
1644 2641 1876 2710 βαθμοῦ.
1895 2661 1914 2693 ι

411 2725 608 2780 ΒΑΛΣ.
636 2727 774 2794 Περ)⁵
799 2731 1146 2796 συνωμοσίας
1169 2732 1263 2784 καὶ
1286 2715 1557 2803 φρατρίας
1593 2735 1920 2804 ἐγράψαμεν

335 2819 395 2870 ἐν
429 2818 506 2888 τῷ
535 2817 604 2890 ιη’
630 2823 814 2890 κανόνι
839 2821 938 2888 τῆς
963 2824 1021 2874 ἐν
1039 2816 1347 2893 Χαλκηδόνι
1381 2825 1623 2881 συνόδου.
1647 2828 1757 2879 Καὶ
1785 2827 1920 2882 ἀνά·-

2022 537 2202 576 rnores
2231 538 2324 576 eos
2353 523 2516 584 solos,
2549 523 2638 590 qni
2671 538 2738 577 ex
2765 536 2966 591 genere
2993 533 3122 578 sunt
3155 525 3511 591 sacerdotali,
3542 525 3594 578 in

2021 616 2223 670 clerum
2258 615 2576 670 admittunt.
2620 615 2722 670 Sed
2756 625 2810 670 et
2843 632 2963 679 eos,
3035 619 3124 686 qui
3154 619 3395 688 episcopi
3437 620 3601 674 bene-

2022 709 2312 762 dictionem
2343 725 2446 761 non
2481 709 2813 772 habuerunt,
2877 725 2978 764 nec
3019 711 3345 766 sacerdotali
3375 722 3597 764 tonsura

2021 811 2147 856 sunt
2180 802 2283 867 usi,
2313 818 2500 858 sacros
2553 803 2783 857 lectores
2823 803 3249 869 constituebant,
3277 813 3330 858 et
3353 819 3384 858 e
3404 820 3625 875 sugge»

2021 904 2104 946 stu
2132 907 2320 947 sacros
2348 894 2514 949 libros
2537 893 3312 965 populodegereimperabant.
3348 897 3594 965 Propter.

2022 1002 2084 1040 ca
2147 987 2338 1040 borum
2375 998 2661 1056 utrumque
2699 989 2990 1056 prohibens
3022 990 3108 1043 hic
3134 1003 3373 1058 praesens
3398 1004 3598 1049 canon,

2023 1081 2244 1130 mandat
2271 1095 2371 1133 nec
2396 1086 2460 1130 ad
2489 1095 2660 1143 genus
2685 1081 2830 1134 illius
2856 1087 3149 1148 respicere.
3184 1081 3274 1149 qui
3307 1081 3359 1133 in
3385 1082 3596 1144 ,clerutn

2023 1171 2325 1234 promoveri
2364 1169 2524 1238 196
2546 1171 2687 1232 cupit
2713 1187 2728 1232 ;
2761 1169 2854 1224 sed
2885 1170 2988 1224 hoc
3018 1178 3223 1222 tantum
3259 1169 3589 1235 perscrutari

2021 1276 2088 1313 an
2119 1261 2311 1328 dignus
2341 1263 2411 1312 sit
2440 1277 2454 1312 :
2503 1276 2604 1315 nec
2627 1262 2882 1330 cuiquam
2905 1263 3224 1322 concedere,
3246 1269 3306 1313 ut
3338 1260 3481 1330 legat
3507 1269 3602 1312 aut

2021 1366 2181 1408 canat
2201 1368 2230 1406 e
2249 1363 2526 1422 suggestu,
2552 1354 2703 1418 nisifa
2731 1365 2830 1409 suo
2855 1353 3110 1424 episcopo
3132 1353 3452 1407 canonicam
3481 1367 3600 1406 sns-

2023 1445 2225 1513 ceperit
2265 1430 2726 1510 benedictionem,
2776 1458 2830 1501 et
2862 1456 3084 1500 tonsura
3119 1446 3442 1500 sacerdotali
3482 1453 3601 1495 uta-

2025 1547 2148 1591 tnr:
2189 1554 2311 1591 eunt
2347 1553 2496 1602 vero,
2543 1543 2633 1611 qni
2667 1551 2854 1596 contra
2911 1556 2972 1596 ea
3004 1556 3126 1611 qua:
3182 1541 3267 1594 hic
3299 1539 3606 1594 decernnn.

2026 1639 2136 1690 tur,
2191 1629 2402 1691 fecerit,
2432 1631 2654 1698 deponi.

2583 1808 2812 1864 CANON
2844 1807 3081 1865 XXXIV.

2028 1920 2048 1951 r
2084 1901 2248 1952 Porro
2277 1907 2476 1959 autem,
2504 1916 2622 1954 cum
2646 1909 2699 1955 et
2721 1905 2820 1956 hoc
2845 1916 3016 1956 canon
3035 1901 3388 1955 sacerdotalis
3419 1911 3604 1966 aperte

2098 2013 2116 2042 ‹
2151 1995 2346 2055 edicat,
2374 1993 2924 2061 quodconiurationis
2949 1994 3032 2048 vel
3069 1993 3371 2047 sodalitatis
3393 1993 3609 2048 crimen-

2098 2106 2114 2134 ι
2154 2089 2314 2139 etiam
2352 2085 2420 2139 ab
2451 2090 2691 2141 externis
2726 2087 2932 2154 legibus
2994 2095 3078 2139 est
3129 2088 3354 2141 vetitum
3379 2126 3394 2148 ,
3435 2089 3606 2143 multo

2100 2201 2117 2232 ι
2155 2191 2334 2234 autem
2393 2181 2565 2249 magis
2603 2183 2704 2234 hoc
2742 2181 2858 2234 ﬁeri
2912 2181 2964 2234 itt
3023 2179 3268 2236 Ecclesia
3313 2183 3607 2250 prohibere

2101 2292 2118 2322 ι
2163 2279 2405 2339 oportet:
2452 2287 2546 2324 nos
2576 2287 2791 2342 qtthue
2820 2273 3114 2328 observare
3142 2276 3444 2339 studemus,
3481 2277 3611 2330 utsi

2101 2386 2118 2416 ι
2161 2366 2250 2432 qui
2280 2363 2460 2422 Clerici
2493 2373 2588 2420 aut
2624 2366 2870 2420 ntmtaclti
2928 2367 3131 2421 inventi
3179 2368 3308 2430 siut,
3351 2368 3431 2420 vel
3468 2382 3601 2422 con-

2099 2479 2118 2509 ‹
2160 2459 2408 2525 iurantes
2440 2459 2520 2513 vel
2557 2460 2869 2522 sodalitates
2904 2461 3178 2528 ineuntes,
3221 2462 3301 2514 vel
3344 2464 3604 2516 adversus

2102 2573 2120 2604 ‹
2165 2552 2450 2623 episcopos
2487 2553 2569 2606 vel
2604 2554 2942 2607 conclericos
2973 2553 3176 2623 aliquid
3229 2563 3524 2618 struentes,
3571 2571 3607 2610 α

2101 2668 2116 2696 ι
2154 2649 2368 2716 proprio
2403 2647 2566 2716 gradu
2597 2662 2818 2714 prorsus
2851 2648 3124 2700 excidant.
3157 2665 3174 2698 ι

2097 2739 2290 2792 llALS.
2344 2738 2416 2790 De
2451 2739 2826 2801 coniuratione
2865 2748 2918 2792 et
2954 2738 3243 2791 sodalitate
3288 2741 3640 2819 scripsimus,

2022 2831 2184 2886 etiam
2220 2834 2270 2886 in
2321 2831 2386 2885 18
2426 2847 2636 2885 canone
2680 2831 3007 2885 Chalcedon.
3078 2833 3288 2900 synodi.
3337 2832 3476 2901 Lege
3511 2849 3605 2886 an-

333 2912 511 2979 γνωθι
547 2913 735 2966 τοῦτον
767 2916 860 2967 καὶ
895 2917 962 2968 τὰ
993 2918 1049 2968 ἐν
1070 2917 1242 2985 αὐτῷ.
1301 2916 1574 2988 Ἑζητήθη
1621 2919 1676 2971 δέ
1710 2937 1840 2972 ποτε
1871 2920 1922 2992 ἢ

2029 2936 2128 2978 tctn
2170 2932 2326 2989 cum,‘
2361 2937 2415 2978 et
2456 2939 2574 2989 qua}
2606 2926 2656 2976 in
2688 2939 2808 2977 eum
2845 2924 3049 2993 scripta
3084 2934 3234 2978 sunt.
3284 2925 3376 2978 Est
3425 2936 3605 2977 autem

333 3006 616 3071 ὀφείλουσι
638 3007 965 3070 κολάζεσθαι
999 3010 1094 3061 καὶ
1128 3011 1176 3062 οἱ
1211 3010 1558 3079 συνωμοσίας
1596 3012 1920 3081 ποιήσαντες

2024 3019 2312 3086 aliquando
2335 3019 2615 3083 (ittaesitttm
2643 3033 2709 3070 an
2738 3018 2772 3070 ii
2800 3018 2964 3070 etiam
2999 3019 3176 3087 puniri
3229 3019 3482 3083 debeant,
3513 3021 3604 3088 qui

332 3099 502 3168 χάριν
530 3098 738 3166 ἀγαθοῦ
761 3117 928 3162 τινος,
965 3101 1126 3170 τυχὸν
1167 3097 1263 3152 ἐὰν
1301 3102 1802 3174 ὁμογνωμονήσωσι
1827 3104 1922 3156 καὶ

2030 3110 2153 3162 boni
2218 3109 2450 3174 alicuius
2496 3109 2668 3178 gratia
2722 3108 3156 3172 coniurationem
3210 3109 3406 3170 fecere,
3469 3111 3612 3165 forte

333 3191 582 3260 ὀμόσωσι
619 3193 790 3262 χωρὶς
818 3193 1167 3262 προστάξεως
1198 3191 1486 3264 βασιλικῆς
1518 3193 1550 3263 ἢ
1591 3195 1921 3266 άρχοντικῆς

338 3286 484 3356 ὑπὲρ
505 3283 1078 3356 ’καταπολεμουμένης
1110 3287 1214 3339 ὑπὸ
1242 3286 1454 3356 ἐχθρῶν
1479 3287 1690 3351 πόλεως
1717 3290 1923 3342 dictoan

340 3380 474 3437 νεῖν.
507 3379 539 3449 ἢ
577 3377 874 3448 ἁναιρῆσαί
927 3395 1050 3431 τινα
1107 3379 1367 3448 λυμεῶνα
1421 3380 1523 3448 τῆς
1577 3381 1697 3442 κατ’
1725 3383 1922 3444 αὐτοὺς

291 3477 294 3479 λ
339 3476 574 3538 πόλεως,
607 3474 640 3545 ἢ
671 3474 800 3528 ἄλλο
833 3491 888 3525 τι
939 3472 1146 3540 ἀγαθὸν
1184 3473 1436 3542 ποιῆσαι.
1492 3475 1596 3527 Καὶ
1645 3474 1790 3538 τινὲς
1823 3475 1923 3544 μὲν

334 3565 497 3621 εἷπον
547 3567 646 3630 ὡς.
707 3568 832 3620 ἐπεὶ
868 3566 1113 3630 σπανίως
1174 3565 1384 3635 γίνεται
1433 3570 1495 3620 τὸ
1543 3567 1682 3639 ὑπὲρ
1715 3569 1923 3637 ἀγαθοῦ

335 3663 669 3732 πράγματος
697 3659 1106 3728 συνομόσασθαί
1133 3677 1308 3722 τινας,
1339 3658 1436 3712 καὶ
1467 3646 1586 3712 οὐδὲ
1613 3660 1793 3730 ῥητῶς
1819 3661 1925 3713 ὑπὸ

334 3756 448 3808 τῶν
485 3754 669 3822 νόμων
705 3751 738 3824 ἦ
769 3753 878 3805 τῶν
912 3751 1156 3805 κανόνων
1185 3750 1345 3804 τοῦτο
1370 3751 1790 3822 ἐπιτέτραπται,
1827 3771 1923 3806 κε-

337 3847 582 3902 κώλυται
615 3847 798 3914 πάντη
816 3845 877 3897 τὸ
914 3843 1264 3912 συνομνύειν,
1299 3843 1386 3896 ἵνα
1446 3845 1521 3914 μὴ
1550 3847 1617 3914 τῇ
1649 3845 1924 3914 προφάσει

335 3941 434 3995 τοῦ
459 3939 666 4008 ἀγαθοῦ
691 3939 740 3990 οί
766 3937 954 3992 πολλοὶ
982 3938 1076 3988 καὶ
1091 3937 1448 4008 ἐλαφρότεροι
1474 3939 1555 3999 είς
1581 3937 1752 3989 πολλὰ
1777 3937 1923 3991 κακὰ

338 4033 742 4103 περιπίπτωσι,
799 4027 1117 4098 νομίζοντες
1151 4026 1355 4094 ἀγαθόν
1382 4044 1436 4095 τι
1468 4029 1676 4081 ποιεῖν’
1707 4045 1926 4097 περιαι-

340 4124 476 4196 ρεθῇ
534 4123 591 4176 δὲ
629 4119 879 4174 ἐντεῦθεν
917 4119 1014 4171 καὶ
1054 4121 1087 4189 ἡ
1148 4119 1406 4191 βασιλικὴ
1468 4121 1563 4172 καὶ
1623 4121 1949 4202 αρχοντικῆ

339 4213 582 4281 ἐξουσία,
617 4216 651 4285 ὴ
715 4212 785 4265 τὰ
817 4212 968 4266 κακὰ
1021 4209 1388 4272 διεκδικοῦσα,
1429 4211 1523 4264 καὶ
1576 4215 1656 4274 είς
1685 4215 1753 4266 τὰ
1783 4214 1925 4268 καλὰ

335 4310 434 4362 τὸν
485 4307 656 4376 δῆμον
711 4305 1079 4374 διεγείρουσα.
1111 4305 1451 4374 Ἐχρήσαντο
1500 4303 1558 4357 δὲ
1601 4297 1696 4359 καὶ
1755 4306 1926 4377 τρίτῳ

336 4418 471 4471 κεῳ.
495 4398 586 4452 τοῦ
617 4397 704 4462 λς’
753 4397 938 4450 τίτλου
988 4396 1084 4449 τοῦ
1119 4393 1158 4461 ξ’
1192 4397 1397 4465 βιϐλίου
1448 4395 1663 4464 λέγοντι
1696 4397 1828 4469 περὶ
1858 4399 1922 4451 τὰ

340 4495 490 4563 μέσα
531 4489 856 4553 κολάζεσθαι
911 4489 1003 4542 τὸν
1064 4487 1412 4558 πολεμοῦντα
1459 4489 1614 4554 παρὰ
1670 4489 1922 4544 κέλευσιν

341 4586 614 4658 βασιλέως
651 4583 747 4636 καὶ
781 4585 848 4652 τῇ
880 4583 937 4634 ὲν
969 4579 1121 4650 αὐτῷ
1147 4585 1487 4653 παραγραφῇ
1514 4581 1772 4655 λεγούσῃ,
1801 4583 1922 4637 Κᾶν

337 4678 570 4749 νικήσῃ,
615 4671 770 4737 οὗτος
813 4667 1183 4744 τιμωρεῖται·
1239 4672 1421 4744 ἕτεροι
1467 4673 1547 4738 δὲ,
1581 4673 1658 4744 τῷ
1686 4675 1921 4745 παρόντι

338 4771 532 4824 κανόνι
557 4769 831 4841 χρώμενοι
874 4769 966 4820 καὶ
998 4771 1113 4831 τοῖς
1143 4767 1582 4840 καταστρωθεῖσι
1605 4768 1739 4839 παρ’
1768 4771 1927 4840 ἡμῶν

336 4865 531 4933 νόμοις
565 4864 646 4926 είς
678 4863 741 4916 τὸ
777 4861 856 4926 λζ’
889 4877 1017 4931 κεφ.
1074 4862 1168 4914 τοῦ
1205 4859 1251 4914 θ’
1282 4861 1464 4914 τιτλου
1513 4861 1608 4914 τοῦ
1660 4862 1928 4939 παρόντος

340 4959 750 5028 συντάγματος,
780 4955 1098 5010 διδάσκουσι
1141 4954 1212 5008 δι’
1243 4954 1367 5008 ὅλου
1401 4958 1530 5028 περὶ
1575 4956 1924 5026 συνωμοσίας

338 5051 488 5119 κατά
517 5067 678 5102 τινων
707 5048 1096 5119 τυρευθεὶσης,
1144 5046 1434 5100 ἀντέθεντο
1476 5048 1643 5115 μόνας
1677 5047 1776 5109 τὰς
1830 5049 1925 5102 ἐπὶ

337 5143 503 5213 κακῷ
531 5145 825 5218 γινομένας
855 5140 1202 5210 συνωμοσίας
1232 5139 1540 5192 κωλύεσθαι
1572 5140 1666 5194 καὶ
1693 5140 1924 5201 κολάζε-

338 5237 492 5294 σθαι,
527 5236 586 5287 οὐ
617 5236 725 5304 μὴν
756 5236 855 5286 καὶ
877 5237 976 5297 τὰς
1009 5233 1171 5302 χάριν
1202 5229 1416 5296 ἀγαθοῦ
1458 5248 1626 5292 τινος.
1675 5230 1830 5299 Ἐμοὶ
1863 5225 1922 5284 δὲ

333 5328 494 5379 δοκεῖ
514 5329 695 5378 πᾶσαν
723 5325 1067 5394 συνωμοσίαν
1099 5323 1203 5376 ὑπὸ
1234 5320 1328 5374 τοῦ
1369 5321 1540 5390 νόμου
1597 5320 1921 5385 κολάξεσθαι

332 5421 410 5476 δι’
435 5419 472 5474 ει
495 5436 557 5472 τε
598 5418 807 5473 ἄνωθεν
838 5417 1080 5489 εἴρηται,
1116 5417 1210 5470 καὶ
1241 5415 1331 5469 διὰ
1382 5417 1442 5469 τὸ
1473 5416 1530 5468 ἐν
1567 5415 1748 5486 ἀδήλῳ
1779 5411 1920 5468 εἶναι

2027 3202 2071 3255 si
2097 3201 2532 3262 conspiraveriut
2563 3215 2627 3253 ac
2655 3201 3086 3266 conjuraverint.
3121 3199 3238 3253 sine
3265 3200 3608 3265 itnperatoris

2027 3293 2112 3345 vel
2155 3293 2503 3360 magistratus
2531 3291 2710 3360 iussu,
2745 3306 2802 3343 se
2835 3305 2930 3358 pro
2963 3287 3296 3343 defendenda
3325 3290 3393 3342 ab
3433 3290 3612 3342 hosti-

2028 3386 2128 3442 bus
2191 3389 2496 3455 oppugnata
2531 3384 2662 3436 urbe
2700 3386 3019 3444 morituros,
3055 3382 3140 3436 vel
3211 3382 3443 3448 aliquem
3499 3398 3608 3434 sum

2026 3481 2262 3536 civitatis
2332 3491 2641 3533 eversorem
2703 3477 2768 3530 de
2847 3477 3024 3529 medio
3099 3474 3450 3536 sublaturos,
3526 3474 3608 3525 vel

2027 3573 2228 3640 aliquid
2274 3571 2420 3626 aliud
2469 3569 2594 3624 boni
2650 3567 2908 3623 facturos.
2966 3569 3043 3620 Ac
3095 3567 3334 3622 nonnulli
3385 3567 3606 3635 quidem

2027 3666 2303 3728 dixerunt,
2337 3664 2502 3734 quod,
2534 3663 2790 3733 quoniam
2827 3676 2950 3714 raro
2971 3660 3183 3718 accidit
3213 3669 3267 3712 nt
3303 3675 3399 3728 pro
3428 3659 3620 3724 aliqua

2029 3759 2256 3811 relicua
2303 3755 2469 3823 aliqui
2503 3751 2810 3819 couiurent,
2860 3759 2916 3803 et
2962 3764 3059 3802 nec
3104 3765 3132 3801 a
3186 3747 3482 3801 canonibns
3529 3748 3616 3800 vel‘

2029 3849 2235 3916 legibus
2265 3861 2520 3914 expresse
2552 3844 2880 3915 permissum
2929 3851 3035 3906 cst,
3069 3841 3360 3909 coniurare
3389 3841 3636 3892 οιιιιιῐιιυ-

2029 3941 2360 4011 prohibitum
2389 3950 2491 4002 est,
2525 3955 2592 3991 ne
2632 3936 2757 3991 boni
2793 3944 3059 4002 prmtextu
3107 3931 3286 3995 mttlti,
3337 3930 3620 3998 iidemque

2027 4035 2280 4095 leviores,
2325 4031 2379 4085 in
2429 4030 2597 4084 multa
2634 4029 2776 4082 mala
2825 4027 3086 4088 incidant,
3137 4039 3197 4077 se
3249 4025 3373 4076 boni
3410 4018 3610 4087 aliquid

2030 4127 2210 4180 facere
2232 4125 2628 4180 existimantes.
2663 4120 2800 4174 llinc
2833 4129 3014 4172 autem
3059 4124 3286 4181 excepta
3321 4116 3394 4168 sit
3439 4115 3613 4181 impe-

2030 4220 2234 4272 ratoria
2270 4217 2343 4284 et—i
2375 4215 2790 4282 magistratuum
2828 4221 3084 4278 potestas,
3142 4224 3263 4276 quae
3292 4207 3431 4259 mala
3480 4205 3616 4257 ulci-

2029 4311 2222 4373 scitur,
2264 4318 2318 4364 et
2369 4306 2621 4375 populum
2671 4304 2737 4357 ad
2795 4305 3020 4356 honesta
3078 4301 3301 4354 excitat.
3357 4298 3452 4355 Usi
3486 4309 3613 4352 sunt

2032 4413 2208 4454 autem
2243 4411 2298 4454 et
2337 4399 2370 4452 5
2441 4412 2562 4466 cap.
2610 4395 2676 4448 57
2730 4395 2810 4447 lit.
2889 4392 2957 4446 60
3013 4391 3133 4446 libri
3201 4392 3414 4444 dicente
3468 4389 3614 4444 (‘it't-n

2034 4492 2292 4553 medium,
2324 4489 2505 4542 Puniri
2543 4503 2664 4543 eum
2719 4487 2810 4558 qui
2842 4485 3042 4540 ltellun'i
3067 4482 3210 4554 gerit
3256 4483 3462 4552 iniussu
3511 4482 3614 4535 im-

2031 4585 2332 4655 peratoris:
2363 4593 2417 4638 et
2443 4598 2566 4652 qua}
2593 4582 2645 4635 in
2681 4596 2748 4635 eo
2787 4589 2891 4644 est,
2924 4578 3332 4648 prazscriptione
3377 4578 3616 4630 dicente.

2034 4682 2210 4735 Etiam
2254 4680 2299 4733 si
2341 4679 2393 4733 is
2427 4677 2644 4740 vicerit,
2693 4675 2938 4745 punitur.
2985 4673 3088 4727 Alii
3135 4682 3313 4726 autem
3360 4675 3608 4741 praesenti

2034 4781 2244 4824 canone
2281 4776 2518 4828 utentes,
2555 4775 2608 4819 et
2634 4765 2844 4833 legibus
2871 4778 2993 4831 quae
3019 4778 3050 4816 a
3083 4761 3237 4816 nobis
3269 4763 3457 4828 posita:
3487 4773 3610 4815 sunt

2037 4861 2091 4913 in
2137 4859 2207 4913 '57
2239 4872 2359 4927 cap.
2404 4857 2437 4908 9
2471 4857 2554 4910 tit.
2627 4854 2910 4924 praesentis
2964 4853 3166 4923 operis.
3221 4868 3342 4920 qua:
3389 4855 3611 4906 omnim
3667 4919 3672 4922 _

2035 4953 2228 5007 docent
2283 4951 2350 5004 de
2407 4949 2829 5015 coniuratione,
2894 4963 3015 5016 qua:
3085 4949 3345 5000 adversus
3397 4945 3610 5013 aliqum

2032 5046 2286 5108 struitur,
2319 5043 2595 5104 dixerunt,
2622 5056 2714 5094 eas
2745 5039 2909 5102 solas,
2936 5054 3056 5108 quae
3098 5039 3168 5092 ad
3205 5038 3403 5092 malum
3453 5038 3608 5096 ﬁunt,

2033 5127 2438 5207 coniurationes
2475 5133 2748 5203 prohiberi
2783 5141 2838 5186 et
2881 5129 3097 5200 puniri;
3147 5143 3251 5182 non
3306 5137 3487 5184 autem
3520 5145 3612 5183 eu.-

2034 5245 2151 5297 qnte
2183 5229 2409 5295 alicujus
2437 5226 2558 5280 boni
2605 5225 2777 5296 gratia
2819 5225 2972 5276 littnt.
3009 5217 3136 5272 Mihi
3179 5230 3359 5274 autem
3400 5220 3618 5275 videtur

2031 5337 2247 5378 omnem
2284 5319 2712 5389 coniurationem
2763 5333 2794 5371 a
2841 5317 2954 5385 lege
3003 5315 3202 5384 puniri,
3250 5326 3362 5368 tum
3393 5321 3613 5382 propter

2030 5430 2092 5470 ea
2123 5430 2243 5483 quae
2283 5405 2531 5480 Superius
2574 5413 2716 5488 dicta
2764 5421 2923 5466 sunt.
2966 5418 3021 5462 et
3063 5407 3204 5472 quod
3254 5408 3498 5462 incertus
3542 5408 3610 5461 sit

1584 5578 1784 5640 Guill.
1826 5575 2161 5656 Beveregii
2211 5589 2406 5636 noue.

417 5703 531 5780 (l5)
582 5703 893 5771 Φρατριάς.
933 5700 990 5754 ln
1030 5717 1134 5756 rus.
1186 5701 1623 5780 Arnerbacliiano
1660 5701 1923 5780 scribitur

343 5774 584 5843 φατρίας
619 5792 632 5827 :
671 5784 728 5827 ut
764 5782 816 5828 ct
852 5781 1038 5840 postea
1076 5773 1492 5843 φατριὰζοντεςξ
1517 5788 1614 5842 pro
1655 5774 1922 5842 φρατρια-

2031 5698 2238 5760 ζοντες.
2271 5695 2745 5762 Quemadmodum
2773 5693 2936 5748 etiam
2968 5691 3025 5744 in
3059 5688 3507 5754 annotationibus
3540 5685 3624 5739 ad;

2031 5786 2153 5838 syn.
2187 5768 2440 5823 (litalced.
2475 5783 2598 5822 catt.
2640 5767 2724 5829 18,
2765 5765 3113 5818 observatum
3145 5773 3249 5818 est.
