4074 6452
388 342 494 407 G33

1397 349 1481 410 IN
1521 352 1684 413 CAN.
1728 352 1936 413 XXXV
1969 353 2175 416 CONC.
2221 355 2303 417 IN
2345 358 2667 423 TRULLO.

3526 364 3630 427 634

467 474 485 503 c
526 455 616 509 τὸν
662 456 869 528 θρόνον,
929 462 994 516 τὰ
1039 461 1204 516 αὑτοῦ
1257 462 1559 534 πράγματα
1596 465 1628 535 ἦ
1691 466 1788 528 τῆς
1840 464 1951 517 κατ

2060 554 2067 561 ⁸
2139 485 2157 516 ι
2195 468 2361 537 ipsius
2389 471 2630 527 ecclesia;
2657 474 2869 529 auferre
2895 474 2978 528 vel
3025 474 3129 529 sibi
3186 474 3497 539 vindicare;
3536 482 3628 529 si-d

479 567 496 597 ι
538 550 701 604 αὑτὸν
732 553 1028 624 ἐκκλησίας
1052 555 1403 626 ἀφαιρεῖσθαι
1436 556 1469 629 ἢ
1505 557 1916 629 σφετερίζεσθαι
1941 574 1957 589 ·

470 661 487 687 ι
532 640 645 691 ἀλλ’
673 642 775 696 ὑπὸ
805 646 1201 716 παραφυλακὴν
1233 649 1478 719 ἔστωσαν
1505 650 1598 702 τοῦ
1626 650 1830 720 κλήρου
1851 634 1961 720 ’τῆς

472 755 488 779 ι
536 733 849 803 ἐκκλησίας,
869 731 936 807 ἦς
955 739 983 789 ὁ
1004 738 1331 808 τελευτήσας
1360 741 1654 811 ἐτύγχανεν
1677 742 1957 813 πρόεδρος,

474 846 489 871 ι
539 825 699 893 μέχρι
728 827 828 894 τῆς
856 828 1042 898 ἐτέρου
1070 831 1371 885 ἐπισκόπου
1406 834 1741 903 παραγωγῆς
1760 849 1773 863 ⁸
1805 834 1960 897 ἐκτὸς

470 937 486 965 ι
531 919 579 968 εί
611 918 683 988 μὴ
725 919 975 990 κληρικοὶ
1018 924 1076 975 ἐν
1108 927 1172 994 τῇ
1224 924 1363 994 αύτῆ
1414 924 1677 996 ἐκκλησίᾳ
1720 927 1818 995 οὐχ
1860 927 1961 980 ὑπο
2040 958 2057 973 ν

469 1029 484 1057 ι
530 1010 858 1080 ελείφθησαν
890 1030 902 1042 ·
966 1016 1269 1084 τηνικαῦτα
1320 1017 1428 1089 γὰρ
1485 1018 1513 1071 ὁ
1560 1018 1961 1089 μητροπολίτης

469 1122 484 1151 ι
529 1103 702 1157 ταῦτα
732 1108 1111 1176 παραφυλάξει
1143 1111 1406 1178 ἀμείωτα,
1435 1111 1510 1181 τῷ
1534 1114 1961 1184 χειροτονηθέντι

473 1213 486 1240 ι
530 1194 813 1264 ἐπισκόπῳ
845 1198 1020 1249 πάντα
1050 1199 1355 1263 ἀποδιδούς.
1395 1221 1413 1254 ι

462 1285 658 1338 ΒΛΛΣ.
706 1287 793 1338 Ἐν
844 1288 922 1357 τῷ
948 1289 1033 1358 κβ¹
1082 1293 1267 1345 κανόνι
1299 1294 1395 1362 τῆς
1425 1293 1466 1348 δ’
1506 1295 1727 1349 συνόδου
1752 1296 1961 1366 γέγρα-

392 1393 523 1428 πται
570 1379 955 1449 καθαιρεῖσθαι
1006 1384 1130 1446 τοὺς
1170 1386 1517 1454 ἁρπάζοντας
1554 1389 1845 1458 κληρικοὺς
1890 1392 1958 1443 τὰ

390 1469 715 1538 διαφέροντα
734 1470 809 1539 τῷ
835 1472 1154 1527 ἀποθανόντι
1178 1477 1456 1543 ὲπισκόπῳ
1479 1478 1779 1549 πράγματα
1807 1496 1824 1512 ο
1855 1482 1881 1532 ὁ
1902 1480 1958 1532 δὲ

394 1558 583 1627 παρὼν
602 1562 779 1615 κανὼν
806 1564 1105 1618 κωλύειτὸν
1130 1566 1529 1643 μητροπολίτην
1545 1569 1958 1641 σφετερίζεσθαι

390 1652 588 1706 ταῦτα.
628 1652 867 1708 Ἀκούων
922 1656 977 1708 δὲ
1028 1657 1101 1718 ὡς
1146 1658 1250 1709 ὑπὸ
1283 1657 1528 1728 φυλακὴν
1545 1660 1849 1726 ὀφείλουσιν
1883 1655 1959 1713 εἵ-

393 1758 482 1793 ναι
504 1742 723 1814 ταῦταῆ
751 1744 900 1817 παρὰ
924 1746 1001 1817 τῷ
1031 1748 1215 1819 κλήρῳ
1236 1749 1267 1820 ἢ
1293 1751 1441 1820 παρὰ
1463 1750 1538 1821 τῷ
1566 1752 1955 1822 μητροπολίτῃ,

391 1835 517 1886 ὅταν
547 1836 645 1887 οὐκ
679 1830 779 1889 ὦσι
810 1838 1084 1906 κληρικοὶ,
1118 1841 1201 1908 ἐφ’
1232 1836 1276 1908 ᾧ
1299 1842 1515 1911 δοθῆναι
1546 1844 1623 1912 τῷ
1644 1861 1955 1914 χειροτονη-

393 1926 681 1997 θῃσομένῳ
711 1929 1015 1999 ἐπισκὸπῳ,
1055 1932 1127 2001 μὴ
1172 1932 1334 2003 εἴπῃς
1364 1932 1421 1998 ἐξ
1453 1930 1696 2005 ἀνάγκης
1724 1935 1956 2000 ὀφείλειν

391 2017 548 2068 τοῦτο
605 2019 873 2085 γίνεσθαι.
928 2022 991 2075 Ei
1037 2024 1145 2093 γάρ
1195 2026 1223 2077 ὁ
1269 2024 1602 2092 τελευτήσας
1659 2027 1957 2091 ἐπίσκοπος

388 2110 644 2179 ἐποίησεν
674 2114 1018 2183 ἀπογραφὴν,
1060 2116 1332 2169 κατὰ.τὸν
1363 2123 1415 2188 μ’
1474 2119 1828 2185 ἀποστολικὸν
1860 2136 1959 2172 κα·

388 2202 537 2262 νόνα,
597 2204 711 2272 ἅμα
767 2206 845 2273 τῷ
886 2208 1351 2279 χειροτονηθῆναι,
1410 2213 1519 2273 τοῖς
1568 2212 1625 2278 ἐξ
1675 2212 1954 2265 ἁδιαθέτου

390 2296 753 2364 κληρονόμοις
780 2298 973 2351 τούτου
994 2300 1278 2371 δοθήσεται
1308 2304 1375 2355 τὰ
1399 2304 1606 2356 ἐκείνου
1633 2306 1952 2374 πράγματα,

390 2387 500 2438 Καὶ
549 2388 821 2455 ἀνάγνωθι
850 2391 919 2444 τὰ
958 2390 1015 2446 ἓν
1055 2393 1130 2463 τῷ
1171 2393 1389 2463 ῥηθέντι
1427 2392 1516 2463 κβ⁹
1556 2396 1740 2447 κανόνι
1796 2396 1958 2466 χάριν

391 2477 579 2530 τούτου
611 2482 909 2548 γραφέντα.
956 2480 1075 2533 Ἐπὶ
1106 2481 1319 2545 τούτοις
1366 2483 1457 2553 ἔχε
1492 2484 1582 2535 ἐπὶ
1615 2485 1832 2555 μνήμης
1866 2487 1958 2538 καὶ

390 2572 450 2621 τὸ
482 2572 624 2623 κατὰ
669 2573 759 2624 τὸν
789 2573 1161 2642 Σεπτέμϐριον
1193 2576 1338 2645 μῆνα
1364 2576 1465 2644 τῆς
1505 2577 1565 2629 ιδ’
1633 2577 1957 2641 ίνδικτιῶνος

390 2657 658 2710 ἁπολυθὲν
690 2661 1015 2730 πρόσταγμα
1058 2662 1150 2715 τοῦ
1194 2665 1455 2733 κραταιοῦ
1485 2668 1577 2718 καὶ
1616 2666 1771 2734 ἁγίου
1802 2668 1957 2737 ἡμῶν

391 2749 656 2819 βασιλέως
688 2752 820 2821 (16),
843 2755 1001 2823 χάριν
1028 2755 1127 2808 τοῦ
1166 2758 1238 2823 μὴ
1273 2757 1610 2826 ἁρπάζεσθαι
1642 2759 1707 2811 τὰ
1736 2762 1846 2822 τοῖς
1872 2777 1959 2813 τε-

387 2840 649 2895 λευτῶσιν
674 2846 993 2910 ἐπισκόποῖς
1025 2849 1295 2919 ἀνήκοντα
1314 2852 1465 2919 παρὰ
1480 2850 1587 2902 τῶν
1610 2852 1953 2921 πρακτόρων,

388 2934 487 2985 καὶ
519 2935 642 2986 τάδε
678 2937 818 2989 κατὰ
851 2938 1003 3007 ῥῆμα
1032 2940 1395 3009 διαλαμϐάνον
1425 2958 1437 2971 ·
1466 2944 1703 3013 Πρᾶγμα
1739 2945 1831 2997 καὶ
1878 2947 1958 3009 εἰς

389 3023 525 3075 Θεοῦ
577 3025 928 3095 τολμώμενον
976 3033 1386 3101 περιφρόνησιν,
1437 3035 1530 3101 καὶ
1577 3036 1657 3097 είς
1702 3036 1956 3102 ἀθέτησιν

2139 580 2157 613 ι
2196 562 2305 616 sint
2339 563 2438 617 sub
2467 565 2711 619 custodia
2742 567 2871 621 cleri
2896 567 3160 631 ecclesiae,
3210 569 3293 621 cui
3338 566 3628 621 defunctus

2062 678 2071 689 ι
2138 671 2158 704 ε
2195 653 2432 722 praefuit,
2468 671 2641 725 usque
2672 660 2737 710 ad
2768 657 2993 713 alterius
3041 658 3281 728 episc0pi
3330 660 3632 728 promotio-

2141 765 2159 797 ι
2196 762 2316 801 nem
2378 764 2393 800 :
2474 749 2577 805 nisi
2623 750 2674 802 in
2742 751 2927 805 eadem
2993 751 3223 805 ecclesia
3289 767 3396 805 non
3459 752 3628 806 relicti

2137 858 2156 890 ο
2196 842 2304 894 sint
2330 840 2537 897 clerici.
2567 840 2720 895 Tunc
2756 844 2897 895 enim
2940 844 3383 912 inetropolitanus
3424 858 3486 897 ea
3522 860 3628 896 non

2138 950 2157 983 ‹
2194 933 2457 987 diminuta
2504 935 2764 999 servabit,
2795 936 3070 1005 {ordinato
3132 936 3384 1004 episcopo
3439 936 3621 991 omnia

2138 1045 2157 1078 ιι
2199 1025 2450 1080 reddens.
2488 1044 2508 1078 ι

2131 1292 2323 1348 BALS.
2352 1292 2409 1346 lu
2438 1292 2696 1346 vicesimo
2724 1291 2964 1346 secundo
2989 1306 3197 1346 canone
3233 1303 3436 1362 quarta:
3465 1309 3628 1365 syno-

2060 1389 2109 1441 di
2135 1388 2392 1456 scriptum
2441 1397 2547 1449 est,
2594 1387 2944 1455 deponendos
2985 1385 3232 1451 clericos,
3280 1388 3370 1456 qui
3414 1390 3629 1457 rapiunt

2058 1480 2200 1534 bona
2226 1494 2346 1547 qua:
2374 1477 2440 1531 ad
2467 1489 2736 1531 mortuum
2779 1478 3087 1547 episcopum
3144 1478 3433 1547 pertinent.
3475 1479 3618 1534 Prat-

2059 1585 2184 1624 sens
2215 1579 2392 1623 autem
2428 1582 2599 1622 canon
2624 1567 2874 1635 prohibet
2904 1567 3372 1635 metropolitanum
3400 1568 3471 1622 ea
3522 1570 3624 1622 sibi

2057 1666 2350 1719 vindicare.
2380 1662 2512 1717 Cum
2548 1669 2728 1714 autem
2781 1661 2936 1714 audis
2988 1674 3050 1713 ea
3104 1661 3302 1715 debere
3357 1675 3479 1715 esse
3526 1666 3625 1715 sub

2058 1756 2326 1818 custodia,
2356 1754 2438 1819 vel
2464 1753 2603 1823 apud
2636 1753 2861 1816 clerum,
2891 1751 2972 1805 vel
3002 1754 3219 1825 quando
3269 1766 3376 1805 non
3422 1751 3623 1805 fuerint

2022 1842 2029 1915 ξ
2058 1848 2262 1911 clerici,
2287 1846 2424 1915 apud
2455 1844 2953 1913 metropolitanum,
2988 1851 3046 1895 ut
3094 1844 3292 1897 dentur
3314 1842 3626 1899 ordinando

2055 1943 2307 2010 episcopo
2338 1956 2353 1993 :
2384 1952 2450 1993 ne
2471 1938 2671 1991 dixeris
2693 1937 2793 1990 hoc
2824 1936 3023 1989 debere
3054 1936 3363 1989 necessario
3401 1936 3535 1988 fieri.
3563 1933 3619 1988 Si

2056 2034 2197 2088 enim
2245 2031 2532 2087 defunctus
2573 2030 2857 2098 episcopus
2910 2030 3268 2083 inventarium
3317 2028 3504 2082 fecerit
3543 2028 3624 2098 (ut

2056 2125 2167 2178 vult
2207 2124 2275 2178 40
2308 2138 2477 2176 canon
2506 2119 2855 2189 apostolicus)
2896 2135 3018 2172 cum
3058 2121 3289 2188 primum
3330 2119 3427 2170 fuit
3460 2094 3629 2169 ortivi:

2054 2226 2249 2277 natus;
2308 2212 2610 2267 haeredibus
2665 2211 2781 2280 ejus
2839 2209 2906 2263 ab
2960 2210 3211 2263 intestato
3278 2209 3421 2263 illius
3479 2209 3619 2263 bona

2054 2308 2350 2361 dabuntur.
2379 2306 2445 2358 Et
2476 2294 2588 2372 lege
2607 2318 2726 2372 qua:
2760 2303 2817 2367 in
2866 2303 3008 2358 dicto
3056 2302 3127 2355 9.2
3177 2312 3385 2355 canone
3434 2298 3499 2354 de
3558 2316 3625 2354 eo

2057 2399 2257 2467 scripta
2285 2407 2432 2451 sunt.
2467 2396 2732 2450 Praeterea
2778 2404 2955 2449 autem
3017 2396 3139 2447 tene
3199 2393 3457 2447 memoria
3487 2407 3621 2445 con-

2057 2490 2390 2546 stitutionem
2436 2491 2666 2554 potentis
2705 2489 2989 2554 sanctique
3036 2485 3375 2554 imperatoris
3418 2484 3618 2538 domini

2056 2582 2364 2637 Emanuelis
2382 2580 2642 2637 Comneni
2674 2579 2975 2647 Septembri
3009 2592 3190 2631 mense
3221 2576 3287 2629 M
3331 2575 3623 2631 indictione

2056 2676 2329 2737 emissam,
2362 2674 2428 2727 de
2460 2688 2562 2726 non
2591 2672 2883 2739 rapiendis,
2929 2670 2996 2723 ab
3048 2669 3414 2730 exactoribus,
3468 2669 3625 2722 bonis

2057 2778 2176 2832 qua:
2192 2764 2256 2817 ad
2282 2764 2566 2818 defunctos
2606 2763 2887 2830 episcopos
2939 2760 3225 2828 pertinent,
3258 2772 3375 2823 quae
3406 2758 3620 2826 quidem

2059 2856 2173 2911 bare
2201 2855 2463 2910 verbatim
2499 2852 2872 2920 complectitur
2909 2869 2922 2906 :
2979 2851 3109 2916 Res,
3157 2863 3275 2917 qua:
3324 2857 3377 2902 et
3412 2848 3475 2913 ,in
3528 2846 3619 2901 Dei

2058 2954 2442 3014 contemptum.
2474 2953 2527 2997 et
2547 2944 2612 2996 ad
2649 2944 2821 3011 legum
2854 2950 3061 2995 naturae
3085 2939 3527 3004 infirmationem,
3552 2938 3621 2991 ab

2058 3036 2126 3092 iis
2157 3035 2269 3103 qui,
2303 3045 2360 3087 ut
2389 3034 2560 3100 aiunt,
2599 3048 2773 3101 neque
2806 3029 2898 3086 Dei
2921 3045 3102 3085 vocem
3147 3044 3318 3099 neque
3343 3028 3620 3083 hominum

389 3114 609 3182 θεσμῶν
646 3120 892 3184 φυσικῶν
924 3121 1075 3189 παρὰ
1097 3120 1223 3187 τῶν,
1258 3123 1285 3174 ὃ
1315 3140 1469 3191 φασι,
1510 3126 1647 3194 μήτε
1686 3125 1820 3179 Θεοῦ
1848 3127 1951 3181 ὅπα

2055 3128 2344 3181 vindictam
2387 3124 2698 3189 formidant,
2770 3133 2827 3176 ut
2879 3132 2965 3176 est
3011 3118 3323 3181 verisimile,
3352 3117 3621 3180 laudetur,

391 3207 523 3273 μήτ’
543 3208 847 3278 ἀνθρώπων
875 3212 1094 3280 νέμεσιν
1123 3214 1510 3283 ὑφορωμένων,
1542 3218 1615 3281 ὡς
1634 3218 1831 3282 ἔοικεν,
1858 3221 1955 3273 οὐκ

390 3300 618 3351 ἀνεκτὸν
667 3301 804 3364 ὅλως
853 3303 1106 3376 ἐλογίσθη
1140 3309 1207 3375 τῇ
1241 3307 1489 3379 βασιλείᾳ
1522 3327 1645 3377 μου,
1674 3312 1754 3374 εἰς
1788 3313 1955 3377 ἀκοὰς

384 3393 525 3462 αὐτῇ
579 3398 862 3458 πεπτωκός
894 3410 908 3423 ⁸
942 3398 1093 3450 ἐνθεν
1138 3417 1218 3452 τοι
1258 3401 1351 3453 καὶ
1381 3402 1471 3465 Ιὼς
1489 3403 1664 3473 πάντη
1707 3405 1799 3458 τοῦ
1848 3408 1956 3460 τῶν

384 3486 797 3557 Χριστωνύμων
850 3490 1069 3556 ἀνάξιον
1128 3493 1586 3563 ἐπαγγέλματος,
1648 3496 1954 3566 διορθοῦται

382 3579 544 3631 τοῦτο
582 3583 611 3648 ἡ
668 3580 914 3648 βασιλεία
958 3600 1082 3652 μου.
1149 3584 1439 3656 Ἀνηνέχθη
1484 3588 1592 3656 γὰρ
1621 3589 1758 3659 αὐτῇ
1792 3589 1864 3651 ὡς
1897 3591 1953 3642 ὲν

386 3672 508 3731 ταῖς
544 3671 652 3722 ἀπὸ
678 3672 771 3724 τοῦ
801 3674 900 3743 ζῇν
931 3675 1218 3744 ἐκδημίαις
1254 3675 1363 3729 τῶν
1400 3678 1735 3748 ὁπουδήποτε
1763 3681 1952 3750 ἀρχιε-

388 3763 727 3830 ρατευόντων
752 3766 808 3816 ὲν
836 3769 956 3827 ταῖς
975 3767 1068 3818 τοῦ
1092 3766 1226 3819 Θεοῦ
1253 3768 1583 3835 ἁγιωτάταις
1609 3770 1951 3839 ἐκκλησίαις,

390 3856 467 3922 πῆ
504 3857 603 3925 μὲν
631 3861 723 3909 καὶ
754 3858 990 3925 πρὸτῆς
1021 3859 1200 3911 αὐτῶν
1222 3862 1479 3928 ἐκφορᾶς,
1512 3860 1590 3927 πῆ
1615 3862 1669 3913 δὲ
1690 3862 1785 3914 καὶ
1811 3864 1953 3916 κατὰ

386 3948 487 4019 τὴν
524 3949 785 4019 ἐκφορὰν,
819 3952 867 4002 oi
900 3952 1046 4003 κατὰ
1091 3949 1275 4021 χώραν
1305 3953 1653 4021 ἐνεργοῦντες
1681 3956 1951 4023 προφάσει

383 4042 483 4110 τῆς
521 4041 700 4094 αὐτῶν
737 4041 993 4112 τελευτῆς
1036 4042 1146 4094 τῶν
1190 4059 1250 4095 τε
1298 4043 1523 4096 χελλίων
1567 4045 1746 4096 αὐτῶν
1775 4047 1952 4098 ἁπαν-

387 4134 628 4199 Ορώττως
656 4135 1158 4203 κατεπεμσαίνουσι
1188 4136 1280 4188 καὶ
1307 4136 1415 4188 τῶν
1443 4135 1549 4188 ὑπὸ
1568 4135 1666 4198 τὰς
1682 4136 1951 4205 λαχούσας

383 4228 582 4290 αὐτοὺς
631 4228 927 4295 ἐκκλησίας
970 4229 1261 4297 ἀκινήτων,
1315 4229 1408 4281 καὶ
1454 4228 1814 4299 ἀφαιροῦνται
1850 4229 1949 4297 μὲν

384 4317 606 4371 ᾶπαντα
650 4321 719 4370 τά
753 4320 810 4371 ἐν
838 4319 1049 4381 τούτοις
1087 4319 1495 4389 πρευρεθέντα
1529 4319 1639 4370 τῶν
1681 4320 1950 4389 ὑπαρχόν-

380 4429 492 4462 των
540 4412 755 4473 αὐτοῖς·
789 4410 1083 4481 καθολικὴν
1129 4410 1187 4463 δὲ
1236 4410 1510 4464 ποιοῦνται
1540 4409 1649 4462 τῶν
1690 4410 1948 4465 τοιούτων

2056 3238 2164 3277 non
2198 3221 2412 3275 ferenda
2448 3220 2666 3273 omnino
2705 3216 2968 3286 imperiali
3003 3229 3134 3268 meae
3172 3212 3452 3281 potestati,
3497 3227 3619 3266 cum

2055 3312 2123 3367 ad
2149 3311 2264 3381 ejus
2290 3326 2450 3365 aures
2504 3308 2878 3376 pervenisset,
2924 3306 3051 3385 visat
3098 3313 3200 3358 est.
3258 3302 3618 3369 Quamobrem

2008 3448 2013 3449 ν
2053 3420 2194 3464 eam,
2228 3403 2526 3456 utomnino
2576 3399 2884 3454 Christiana
2946 3396 3274 3465 professione
3325 3395 3619 3463 indignam,

2055 3511 2175 3550 mea
2200 3491 2732 3562 corrigitimperialis
2767 3498 3025 3557 potestas.
3078 3487 3139 3541 Ei
3204 3487 3349 3540 enim
3393 3486 3619 3540 relatum

2042 3599 2156 3651 est,
2182 3589 2323 3656 quod
2365 3586 2415 3637 in
2452 3599 2676 3639 excessu
2705 3598 2734 3637 e
2763 3581 2870 3635 vita
2897 3595 3108 3643 eorum,
3140 3580 3230 3648 qui
3265 3578 3441 3631 ubivis
3488 3592 3621 3647 pou-

2054 3679 2313 3733 tilicatum
2337 3682 2530 3747 gerunt
2564 3674 2616 3728 in
2650 3672 3009 3728 sanctissimis
3048 3670 3141 3724 Dei
3178 3669 3450 3731 ecclesiis,
3488 3684 3618 3739 par-

2054 3776 2151 3826 tim
2169 3771 2384 3842 quidem
2404 3778 2459 3824 et
2485 3777 2771 3836 antequam
2791 3764 2948 3818 funus
2971 3762 3245 3827 elleratnr,
3271 3763 3461 3830 partim
3488 3776 3620 3816 vero

2053 3876 2105 3919 et
2137 3875 2414 3932 postquam
2451 3861 2650 3915 elatum
2685 3857 2866 3919 fuerit,
2909 3856 2968 3919 ii,
2998 3855 3087 3923 qui
3138 3855 3192 3909 in
3265 3870 3328 3908 ea
3400 3853 3619 3923 regione

2054 3955 2164 4008 fisci
2191 3952 2620 4021 procurationem
2659 3956 2935 4012 exercent,
2962 3945 3201 4014 ipsorum
3243 3945 3433 4000 mortis
3473 3961 3613 4015 pra:-

1998 4030 2001 4033 λ
2052 4056 2224 4111 textu,
2258 4058 2445 4099 eorum
2486 4041 2649 4095 cellas
2680 4039 2972 4094 inhumane
3024 4037 3309 4101 invadunt,
3346 4046 3400 4091 et
3438 4037 3618 4091 eccle-

2050 4139 2422 4206 siarum,qu:e
2448 4135 2529 4190 eis
2576 4134 2884 4203 obtigerant
2945 4129 3265 4196 immobilia,
3318 4138 3373 4183 et
3424 4144 3617 4183 omnes

2050 4234 2265 4304 quidem
2296 4232 2596 4296 facultates,
2620 4244 2740 4299 qua:
2763 4227 2817 4282 in
2846 4227 2955 4282 illis
2990 4226 3219 4280 inventae
3261 4224 3481 4287 fuerint,
3514 4240 3613 4277 au-

2051 4326 2250 4389 ferunt,
2342 4325 2651 4378 universam
2719 4330 2898 4374 autem
2946 4317 3207 4385 ejusmodi
3256 4315 3611 4370 immobilium

2048 4420 2384 4473 exactionem
2412 4417 2635 4479 faciunt,
2668 4423 2724 4470 et
2764 4428 2826 4468 ea
2855 4411 3056 4481 alioqui
3087 4410 3306 4465 omnino
3344 4408 3610 4477 eliqnaut.

380 4506 655 4574 ἀκινήτων
702 4505 1021 4573 ἀπαίτησιν,
1085 4507 1178 4557 καὶ
1219 4504 1486 4565 παντοίως
1528 4503 1730 4572 ἑτέρως
1776 4502 1947 4556 ταῦτα

2049 4494 2344 4579 lniperialis
2362 4521 2493 4574 ergo
2524 4521 2640 4561 mea
2680 4512 2919 4575 potestas
2958 4473 3025 4557 ne
3059 4500 3140 4555 vel
3181 4499 3365 4554 auditu
3394 4473 3610 4568 quidem

380 4597 857 4665 συντρίϐουσιν.Ἡ
888 4597 943 4649 δὲ
974 4595 1218 4665 βασιλεία
1255 4612 1355 4665 μου
1390 4594 1525 4664 μηδὲ
1554 4594 1715 4664 μέχρι
1747 4595 1841 4647 καὶ
1866 4595 1946 4657 είς

377 4690 633 4759 ἄκουσμα
674 4690 834 4759 μόνον
880 4688 1109 4760 ἀνεκτὴν
1152 4689 1481 4759 ἡγησαμένη
1529 4687 1628 4756 τὴν
1674 4686 1944 4755 τοσαύτην

2051 4599 2325 4656 ferendam
2358 4614 2541 4653 eorum
2566 4612 2688 4651 esse
2718 4594 2997 4649 audaciam
3030 4591 3366 4655 existimans,
3392 4606 3459 4646 ne
3489 4606 3612 4644 cum

2052 4692 2306 4744 damnum
2334 4699 2388 4743 et
2416 4687 2693 4743 calamitas
2715 4678 2781 4740 ex
2805 4683 3108 4739 antistitum
3132 4692 3307 4736 morte
3328 4681 3395 4735 ad
3424 4697 3610 4736 eorum

1582 4777 1783 4839 Guill.
1825 4780 2374 4859 Beveregiijnotaa.

375 4884 486 4935 τῶν
514 4880 1076 4949 καταλιμπανομένων
1106 4880 1260 4932 εἰδῶν
1292 4875 1629 4933 διοικεῖσθαι.
1660 4876 1817 4929 Debet
1845 4886 1937 4931 tua

376 4958 546 5023 pietas
587 4954 630 5004 si
654 4953 771 5020 quis
796 4952 1153 5023 episcoporum.
1180 4951 1342 5023 vitam
1364 4965 1480 5023 cuin
1505 4953 1669 4999 morte
1699 4962 1933 5023 comnm-

375 5016 525 5082 tarit.
551 5016 759 5074 omnino
790 5020 920 5073 nihil
946 5036 1007 5071 ea:
1028 5019 1139 5086 ejus
1167 5018 1313 5070 rebus
1339 5018 1547 5085 auferre
1569 5057 1583 5077 ,
1611 5033 1702 5069 nec
1722 5016 1935 5070 honesto

377 5095 587 5145 nomine
645 5091 1028 5144 consuetudinis
1077 5089 1395 5155 prohibitum
1446 5089 1645 5155 rapina:
1693 5089 1934 5154 tyranni-

374 5166 555 5230 disque
583 5165 788 5226 [acinus
826 5159 1134 5214 obumbrare
1166 5175 1183 5211 :
1220 5159 1308 5210 sed
1342 5158 1595 5209 universi:
1628 5155 1934 5209 denuntiare
1972 5188 1975 5189 ν

371 5227 632 5301 futurum.
668 5244 718 5282 ut
753 5233 926 5283 omnia
960 5230 1105 5281 salva
1134 5238 1499 5301 conserventur
1520 5268 1533 5287 ,
1566 5239 1609 5278 et
1643 5227 1931 5301 secundum

372 5296 644 5371 ipsiusmet
670 5302 1064 5371 dispositionem
1088 5298 1279 5371 qumvis
1317 5297 1510 5349 relicta:
1538 5297 1729 5371 species
1764 5296 1936 5371 andmif

373 5316 644 5371 ipsiusmet
670 5316 1064 5366 dispositionem
1125 5316 1279 5350 ιιιιιυιε
1317 5316 1510 5349 reucrw
1538 5316 1729 5362 specres
1764 5316 1932 5347 aumt-

373 5377 681 5425 nistrentur.
720 5372 771 5424 ln
801 5370 924 5425 Jur.
961 5370 1054 5425 Gr.
1081 5316 1231 5422 Ἁοηι.
1266 5369 1304 5429 l,
1333 5382 1380 5418 vi
1406 5405 1419 5427 ,
1465 5384 1583 5434 pag.
1618 5366 1741 5419 450.
1777 5364 1932 5428 Quod

316 5500 327 5505 ί
372 5444 591 5511 quidem
637 5441 947 5511 mandatum
993 5457 1057 5493 ex
1106 5440 1354 5508 praesenti
1411 5452 1619 5490 canone
1667 5436 1930 5504 originem

372 5510 612 5566 traxi~se
638 5510 871 5564 videtur.

446 5584 556 5649 (lli)
602 5579 891 5648 Κραταιοῦ
924 5581 1018 5633 καί
1060 5581 1231 5647 ἁγίου
1264 5577 1431 5649 ἡμῶν
1451 5574 1777 5649 βασιγιέῳς.
1822 5574 1922 5629 Ms.

373 5648 837 5707 Atnerbacbianus
859 5651 984 5719 legit
1006 5652 1266 5701 αὑθέντου
1293 5648 1704 5719 βασιλέωςηδυιι
1730 5661 1922 5719 nomen

374 5726 718 5790 imperatoris
746 5715 1041 5787 li:tjtls;ijui
1068 5715 1509 5773 constitutionem
1540 5716 1625 5769 hic
1647 5715 1918 5768 laudatam

376 5793 569 5854 edixit,
595 5807 692 5845 nec
725 5792 776 5845 in
798 5792 922 5854 isto,
948 5806 1045 5843 nec.
1072 5791 1122 5842 in
1144 5792 1343 5845 nostris
1378 5804 1510 5843 mss.
1539 5800 1933 5841 commemora-

2045 4892 2133 4934 tur
2175 4898 2188 4934 :
2238 4892 2294 4934 at
2341 4880 2395 4934 in
2430 4880 2621 4934 codice
2666 4876 2882 4932 Tiliano
2925 4872 3244 4927 Emmanuel
3291 4871 3614 4937 Comnenus

2042 4952 2392 5014 nominatur;
2423 4950 2499 5002 uti
2529 4956 2743 5003 constat
2772 4962 2836 5000 ex
2864 4945 3054 5014 Latina
3089 4942 3303 5014 Herveti
3339 4945 3605 5014 νει-δίωμαι,

2041 5021 2128 5087 qui
2155 5010 2405 5081 reddidit,
2430 5018 2760 5087 imperatoris
2781 5011 3310 5087 dominiAEmanuelis
3331 5010 3605 5087 Gornneni,

2040 5083 2201 5158 quam
2226 5083 2513 5158 propterea
2539 5091 2838 5158 versionem
2869 5099 2965 5139 nos
2992 5083 3288 5158 immutare
3304 5083 3604 5158 noluimus,

2042 5150 2100 5211 ut
2130 5150 2473 5225 imperatoris
2498 5174 2692 5211 nomen
2719 5150 3223 5225 intlicantem.Nam
3252 5152 3600 5208 Emauuelem

2035 5224 2372 5281 Comnenum
2424 5230 2560 5280 hanc
2604 5227 2839 5281 edidisse
2907 5224 3354 5277 constitutionem
3403 5237 3466 5276 ex
3504 5225 3604 5289 linis

2034 5298 2167 5358 ipsus
2200 5298 2366 5351 etiam
2422 5297 2598 5350 verbis
2635 5304 2869 5358 consuit,
2910 5293 3073 5361 ἁγίου
3114 5292 3271 5362 ἡμῶν
3309 5290 3599 5361 βασιλέως.

2032 5367 2164 5421 Nam
2217 5367 2553 5421 Balsamonis
2603 5366 2937 5435 temporibus
2988 5362 3413 5435 illeimperator
3458 5374 3598 5425 erat,

2031 5439 2190 5505 cujus
2234 5438 2396 5491 etiam
2443 5436 2599 5501 jussu
2631 5431 2914 5489 Balsamon
2954 5431 3268 5505 praeclarum
3314 5432 3415 5484 hoc
3463 5446 3601 5499 opus

2031 5499 2305 5576 suscepit;
2334 5514 2415 5561 .ut
2446 5499 2558 5575 ipse
2597 5506 2678 5576 in__
2701 5499 3011 5574 prmfatioue
3057 5502 3124 5555 ad
3156 5499 3594 5576 Nomocanonem

2032 5569 2209 5631 Pbotii
2242 5569 2480 5631 testatus
2499 5585 2600 5630 est.
2639 5569 2772 5627 Hinc
2801 5576 2962 5627 etiam
2993 5579 3128 5634 est,
3152 5569 3295 5640 quod
3337 5572 3448 5623 haec
3480 5571 3596 5639 ipsa

2030 5648 2359 5713 Constitutio
2389 5649 2488 5699 sub
2517 5645 2759 5714 ejusdem
2799 5643 3142 5714 imperatoris
3170 5640 3387 5714 nomine
3417 5650 3595 5696 exstet

2027 5721 2186 5774 etiam
2225 5709 2453 5773 in‘Juris
2478 5709 2906 5772 Greco-Romani
2936 5713 2970 5766 l.
3004 5726 3065 5778 ιι,
3097 5727 3150 5780 p.
3188 5709 3305 5769 154.
