  <div class='ocr_page' id='page_1' title='image "/cluster/home/n/w/nwhite01/storage/ocr_20150623/137:no.1/coo.31924054870427/325.png"; bbox 0 0 4074 6380; ppageno 0'>
   <div class='ocr_carea' id='block_1_1' title="bbox 444 286 548 349">
    <p class='ocr_par' dir='ltr' id='par_1_1' title="bbox 444 286 548 349">
     <span class='ocr_line' id='line_1_1' title="bbox 444 286 548 349; baseline 0.019 -2"><span class='ocrx_word' id='word_1_1' title='bbox 444 286 548 349; x_wconf 85' lang='grc'><strong>635</strong></span> 
     </span>
    </p>
   </div>
   <div class='ocr_carea' id='block_1_2' title="bbox 1704 279 2427 341">
    <p class='ocr_par' dir='ltr' id='par_1_2' title="bbox 1704 279 2427 341">
     <span class='ocr_line' id='line_1_2' title="bbox 1704 279 2427 341; baseline -0.001 -3"><span class='ocrx_word' id='word_1_2' title='bbox 1704 281 1980 341; x_wconf 74' lang='grc' dir='ltr'><strong>ἸἪΕΟῘ).</strong></span> <span class='ocrx_word' id='word_1_3' title='bbox 2026 279 2427 338; x_wconf 75' lang='lat' dir='ltr'><strong>BALSAMON</strong></span> 
     </span>
    </p>
   </div>
   <div class='ocr_carea' id='block_1_3' title="bbox 3590 279 3701 341">
    <p class='ocr_par' dir='ltr' id='par_1_3' title="bbox 3590 279 3701 341">
     <span class='ocr_line' id='line_1_3' title="bbox 3590 279 3701 341; baseline 0.009 -1"><span class='ocrx_word' id='word_1_4' title='bbox 3590 279 3701 341; x_wconf 80' lang='lat'><strong>636</strong></span> 
     </span>
    </p>
   </div>
   <div class='ocr_carea' id='block_1_4' title="bbox 441 382 2023 473">
    <p class='ocr_par' dir='ltr' id='par_1_4' title="bbox 441 398 2017 473">
     <span class='ocr_line' id='line_1_4' title="bbox 441 398 2017 473; baseline -0.006 -16"><span class='ocrx_word' id='word_1_5' title='bbox 441 405 700 458; x_wconf 74' lang='lat' dir='ltr'><strong>ecclesias</strong></span> <span class='ocrx_word' id='word_1_6' title='bbox 726 406 1040 473; x_wconf 78' lang='lat' dir='ltr'><strong>pervaserit,</strong></span> <span class='ocrx_word' id='word_1_7' title='bbox 1076 403 1127 457; x_wconf 99' lang='lat' dir='ltr'><strong>hi</strong></span> <span class='ocrx_word' id='word_1_8' title='bbox 1170 402 1340 457; x_wconf 79' lang='lat' dir='ltr'><strong>multo</strong></span> <span class='ocrx_word' id='word_1_9' title='bbox 1372 400 1627 465; x_wconf 74' lang='lat' dir='ltr'><strong>majorem</strong></span> <span class='ocrx_word' id='word_1_10' title='bbox 1654 398 2017 453; x_wconf 79' lang='lat' dir='ltr'><strong>calamitatem</strong></span> 
     </span>
    </p>
   </div>
   <div class='ocr_carea' id='block_1_5' title="bbox 2125 382 3699 473">
    <p class='ocr_par' dir='ltr' id='par_1_5' title="bbox 2125 382 3699 466">
     <span class='ocr_line' id='line_1_5' title="bbox 2125 382 3699 466; baseline 0 -20"><span class='ocrx_word' id='word_1_11' title='bbox 2125 395 2329 465; x_wconf 88' lang='grc' dir='ltr'>τόλμαν</span> <span class='ocrx_word' id='word_1_12' title='bbox 2359 382 2567 462; x_wconf 83' lang='grc' dir='ltr'>αὐτῶν,</span> <span class='ocrx_word' id='word_1_13' title='bbox 2596 396 2685 450; x_wconf 79' lang='grc' dir='ltr'>ἵνα</span> <span class='ocrx_word' id='word_1_14' title='bbox 2718 395 2793 466; x_wconf 79' lang='grc' dir='ltr'>μὴ</span> <span class='ocrx_word' id='word_1_15' title='bbox 2813 395 3025 465; x_wconf 68' lang='grc' dir='ltr'>καὶτῆς</span> <span class='ocrx_word' id='word_1_16' title='bbox 3055 394 3149 447; x_wconf 71' lang='grc' dir='ltr'><strong>ἐπὶ</strong></span> <span class='ocrx_word' id='word_1_17' title='bbox 3174 396 3289 457; x_wconf 88' lang='grc' dir='ltr'>τοῖς</span> <span class='ocrx_word' id='word_1_18' title='bbox 3313 392 3562 458; x_wconf 81' lang='grc' dir='ltr'>Θανάτοις</span> <span class='ocrx_word' id='word_1_19' title='bbox 3588 398 3699 451; x_wconf 85' lang='grc' dir='ltr'><strong>τῶν</strong></span> 
     </span>
    </p>
   </div>
   <div class='ocr_carea' id='block_1_6' title="bbox 441 490 2010 563">
    <p class='ocr_par' dir='ltr' id='par_1_6' title="bbox 441 490 2010 563">
     <span class='ocr_line' id='line_1_6' title="bbox 441 490 2010 563; baseline -0.006 -14"><span class='ocrx_word' id='word_1_20' title='bbox 441 496 720 557; x_wconf 84' lang='lat' dir='ltr'><strong>invehant,</strong></span> <span class='ocrx_word' id='word_1_21' title='bbox 741 505 795 549; x_wconf 91' lang='lat' dir='ltr'><strong>et</strong></span> <span class='ocrx_word' id='word_1_22' title='bbox 812 511 875 548; x_wconf 90' lang='lat' dir='ltr'><strong>ea</strong></span> <span class='ocrx_word' id='word_1_23' title='bbox 904 498 1013 547; x_wconf 80' lang='lat' dir='ltr'><strong>sint</strong></span> <span class='ocrx_word' id='word_1_24' title='bbox 1040 510 1199 563; x_wconf 90' lang='lat' dir='ltr'><strong>quam</strong></span> <span class='ocrx_word' id='word_1_25' title='bbox 1239 495 1348 563; x_wconf 89' lang='lat' dir='ltr'><strong>jam</strong></span> <span class='ocrx_word' id='word_1_26' title='bbox 1369 493 1560 547; x_wconf 82' lang='lat' dir='ltr'><strong>habent</strong></span> <span class='ocrx_word' id='word_1_27' title='bbox 1585 490 1831 545; x_wconf 76' lang='lat' dir='ltr'><strong>molestia</strong></span> <span class='ocrx_word' id='word_1_28' title='bbox 1854 491 2010 556; x_wconf 81' lang='lat' dir='ltr'><strong>longe</strong></span> 
     </span>
    </p>
   </div>
   <div class='ocr_carea' id='block_1_7' title="bbox 444 582 2019 653">
    <p class='ocr_par' dir='ltr' id='par_1_7' title="bbox 444 582 2019 653">
     <span class='ocr_line' id='line_1_7' title="bbox 444 582 2019 653; baseline -0.002 -16"><span class='ocrx_word' id='word_1_29' title='bbox 444 585 819 650; x_wconf 73' lang='lat' dir='ltr'><strong>molestiores;</strong></span> <span class='ocrx_word' id='word_1_30' title='bbox 844 587 1034 639; x_wconf 87' lang='lat' dir='ltr'><strong>statuit</strong></span> <span class='ocrx_word' id='word_1_31' title='bbox 1060 600 1156 653; x_wconf 90' lang='lat' dir='ltr'><strong>per</strong></span> <span class='ocrx_word' id='word_1_32' title='bbox 1181 585 1321 639; x_wconf 88' lang='lat' dir='ltr'><strong>hanc</strong></span> <span class='ocrx_word' id='word_1_33' title='bbox 1341 592 1655 652; x_wconf 67' lang='lat' dir='ltr'><strong>prmsetttetn</strong></span> <span class='ocrx_word' id='word_1_34' title='bbox 1676 582 2019 636; x_wconf 77' lang='lat' dir='ltr'><strong>COtISIiluliO-</strong></span> 
     </span>
    </p>
   </div>
   <div class='ocr_carea' id='block_1_8' title="bbox 440 673 2017 746">
    <p class='ocr_par' dir='ltr' id='par_1_8' title="bbox 440 673 2017 746">
     <span class='ocr_line' id='line_1_8' title="bbox 440 673 2017 746; baseline -0.003 -16"><span class='ocrx_word' id='word_1_35' title='bbox 440 694 585 741; x_wconf 87' lang='lat' dir='ltr'><strong>nem,</strong></span> <span class='ocrx_word' id='word_1_36' title='bbox 617 693 684 730; x_wconf 90' lang='lat' dir='ltr'><strong>ne</strong></span> <span class='ocrx_word' id='word_1_37' title='bbox 718 678 786 730; x_wconf 85' lang='lat' dir='ltr'><strong>ab</strong></span> <span class='ocrx_word' id='word_1_38' title='bbox 816 678 903 742; x_wconf 90' lang='lat' dir='ltr'><strong>iis,</strong></span> <span class='ocrx_word' id='word_1_39' title='bbox 934 678 1025 746; x_wconf 85' lang='lat' dir='ltr'><strong>qui</strong></span> <span class='ocrx_word' id='word_1_40' title='bbox 1055 678 1275 731; x_wconf 88' lang='lat' dir='ltr'><strong>ducales</strong></span> <span class='ocrx_word' id='word_1_41' title='bbox 1321 676 1670 743; x_wconf 82' lang='lat' dir='ltr'><strong>magistratus</strong></span> <span class='ocrx_word' id='word_1_42' title='bbox 1695 682 1903 743; x_wconf 78' lang='lat' dir='ltr'><strong>gerunt,</strong></span> <span class='ocrx_word' id='word_1_43' title='bbox 1930 673 2017 725; x_wconf 79' lang='lat' dir='ltr'><strong>vel</strong></span> 
     </span>
    </p>
   </div>
   <div class='ocr_carea' id='block_1_9' title="bbox 439 765 2018 837">
    <p class='ocr_par' dir='ltr' id='par_1_9' title="bbox 439 765 2018 837">
     <span class='ocr_line' id='line_1_9' title="bbox 439 765 2018 837; baseline -0.001 -19"><span class='ocrx_word' id='word_1_44' title='bbox 439 769 838 837; x_wconf 77' lang='lat' dir='ltr'><strong>descriptiones</strong></span> <span class='ocrx_word' id='word_1_45' title='bbox 856 768 936 821; x_wconf 86' lang='lat' dir='ltr'><strong>vel</strong></span> <span class='ocrx_word' id='word_1_46' title='bbox 954 768 1131 837; x_wconf 87' lang='lat' dir='ltr'><strong>aliqua</strong></span> <span class='ocrx_word' id='word_1_47' title='bbox 1154 768 1253 820; x_wconf 89' lang='lat' dir='ltr'><strong>alia</strong></span> <span class='ocrx_word' id='word_1_48' title='bbox 1275 766 1603 835; x_wconf 89' lang='lat' dir='ltr'><strong>publicijure</strong></span> <span class='ocrx_word' id='word_1_49' title='bbox 1620 776 1893 828; x_wconf 80' lang='lat' dir='ltr'><strong>exercent,</strong></span> <span class='ocrx_word' id='word_1_50' title='bbox 1914 765 2018 817; x_wconf 86' lang='lat' dir='ltr'><strong>tale</strong></span> 
     </span>
    </p>
   </div>
   <div class='ocr_carea' id='block_1_10' title="bbox 439 855 2014 929">
    <p class='ocr_par' dir='ltr' id='par_1_10' title="bbox 439 855 2014 929">
     <span class='ocr_line' id='line_1_10' title="bbox 439 855 2014 929; baseline -0.004 -16"><span class='ocrx_word' id='word_1_51' title='bbox 439 862 568 929; x_wconf 84' lang='lat' dir='ltr'><strong>quid</strong></span> <span class='ocrx_word' id='word_1_52' title='bbox 600 862 651 913; x_wconf 86' lang='lat' dir='ltr'><strong>in</strong></span> <span class='ocrx_word' id='word_1_53' title='bbox 677 861 1046 915; x_wconf 85' lang='lat' dir='ltr'><strong>sanctissimas</strong></span> <span class='ocrx_word' id='word_1_54' title='bbox 1073 860 1354 925; x_wconf 85' lang='lat' dir='ltr'><strong>ecclesias,</strong></span> <span class='ocrx_word' id='word_1_55' title='bbox 1382 859 1461 911; x_wconf 76' lang='lat' dir='ltr'><strong>vel</strong></span> <span class='ocrx_word' id='word_1_56' title='bbox 1492 873 1675 911; x_wconf 90' lang='lat' dir='ltr'><strong>earum</strong></span> <span class='ocrx_word' id='word_1_57' title='bbox 1698 855 2014 919; x_wconf 86' lang='lat' dir='ltr'><strong>immobilia,</strong></span> 
     </span>
    </p>
   </div>
   <div class='ocr_carea' id='block_1_11' title="bbox 439 949 2017 1016">
    <p class='ocr_par' dir='ltr' id='par_1_11' title="bbox 439 949 2017 1016">
     <span class='ocr_line' id='line_1_11' title="bbox 439 949 2017 1016; baseline -0.004 -9"><span class='ocrx_word' id='word_1_58' title='bbox 439 954 518 1007; x_wconf 84' lang='lat' dir='ltr'><strong>vel</strong></span> <span class='ocrx_word' id='word_1_59' title='bbox 548 953 852 1006; x_wconf 88' lang='lat' dir='ltr'><strong>antistitum</strong></span> <span class='ocrx_word' id='word_1_60' title='bbox 881 952 1066 1016; x_wconf 88' lang='lat' dir='ltr'><strong>cellas,</strong></span> <span class='ocrx_word' id='word_1_61' title='bbox 1109 953 1160 1005; x_wconf 93' lang='lat' dir='ltr'><strong>iu</strong></span> <span class='ocrx_word' id='word_1_62' title='bbox 1195 966 1382 1004; x_wconf 92' lang='lat' dir='ltr'><strong>eorum</strong></span> <span class='ocrx_word' id='word_1_63' title='bbox 1418 961 1592 1003; x_wconf 88' lang='lat' dir='ltr'><strong>morte</strong></span> <span class='ocrx_word' id='word_1_64' title='bbox 1618 949 1875 1016; x_wconf 87' lang='lat' dir='ltr'><strong>deinceps</strong></span> <span class='ocrx_word' id='word_1_65' title='bbox 1901 963 2017 1001; x_wconf 89' lang='lat' dir='ltr'><strong>am-</strong></span> 
     </span>
    </p>
   </div>
   <div class='ocr_carea' id='block_1_12' title="bbox 440 1042 2016 1111">
    <p class='ocr_par' dir='ltr' id='par_1_12' title="bbox 440 1042 2016 1111">
     <span class='ocr_line' id='line_1_12' title="bbox 440 1042 2016 1111; baseline -0.001 -18"><span class='ocrx_word' id='word_1_66' title='bbox 440 1046 576 1111; x_wconf 74' lang='lat' dir='ltr'><strong>plius</strong></span> <span class='ocrx_word' id='word_1_67' title='bbox 618 1045 908 1099; x_wconf 84' lang='lat' dir='ltr'><strong>innovetur</strong></span> <span class='ocrx_word' id='word_1_68' title='bbox 942 1058 959 1097; x_wconf 88' lang='lat'><strong>:</strong></span> <span class='ocrx_word' id='word_1_69' title='bbox 1011 1045 1104 1098; x_wconf 89' lang='lat' dir='ltr'><strong>sed</strong></span> <span class='ocrx_word' id='word_1_70' title='bbox 1138 1044 1183 1097; x_wconf 89' lang='lat' dir='ltr'><strong>si</strong></span> <span class='ocrx_word' id='word_1_71' title='bbox 1217 1044 1393 1097; x_wconf 84' lang='lat' dir='ltr'><strong>testati</strong></span> <span class='ocrx_word' id='word_1_72' title='bbox 1442 1042 1658 1111; x_wconf 88' lang='lat' dir='ltr'><strong>quidem</strong></span> <span class='ocrx_word' id='word_1_73' title='bbox 1710 1042 2016 1093; x_wconf 85' lang='lat' dir='ltr'><strong>moriantur</strong></span> 
     </span>
    </p>
   </div>
   <div class='ocr_carea' id='block_1_13' title="bbox 437 1131 2016 1202">
    <p class='ocr_par' dir='ltr' id='par_1_13' title="bbox 437 1131 2016 1202">
     <span class='ocr_line' id='line_1_13' title="bbox 437 1131 2016 1202; baseline 0.001 -19"><span class='ocrx_word' id='word_1_74' title='bbox 437 1135 708 1189; x_wconf 71' lang='lat' dir='ltr'><strong>antistites</strong></span> <span class='ocrx_word' id='word_1_75' title='bbox 735 1135 887 1202; x_wconf 78' lang='lat' dir='ltr'><strong>juxta</strong></span> <span class='ocrx_word' id='word_1_76' title='bbox 913 1150 1100 1188; x_wconf 92' lang='lat' dir='ltr'><strong>eorum</strong></span> <span class='ocrx_word' id='word_1_77' title='bbox 1150 1134 1483 1188; x_wconf 81' lang='lat' dir='ltr'><strong>voluntatem</strong></span> <span class='ocrx_word' id='word_1_78' title='bbox 1530 1143 1583 1186; x_wconf 89' lang='lat' dir='ltr'><strong>et</strong></span> <span class='ocrx_word' id='word_1_79' title='bbox 1621 1131 2016 1186; x_wconf 86' lang='lat' dir='ltr'><strong>ordinationem</strong></span> 
     </span>
    </p>
   </div>
   <div class='ocr_carea' id='block_1_14' title="bbox 438 1224 2016 1295">
    <p class='ocr_par' dir='ltr' id='par_1_14' title="bbox 438 1224 2016 1295">
     <span class='ocr_line' id='line_1_14' title="bbox 438 1224 2016 1295; baseline 0.001 -18"><span class='ocrx_word' id='word_1_80' title='bbox 438 1226 620 1279; x_wconf 82' lang='lat' dir='ltr'><strong>omnia</strong></span> <span class='ocrx_word' id='word_1_81' title='bbox 659 1227 811 1289; x_wconf 84' lang='lat' dir='ltr'><strong>ﬂant,</strong></span> <span class='ocrx_word' id='word_1_82' title='bbox 842 1227 985 1293; x_wconf 91' lang='lat' dir='ltr'><strong>quod</strong></span> <span class='ocrx_word' id='word_1_83' title='bbox 1012 1228 1077 1277; x_wconf 90' lang='lat' dir='ltr'><strong>ad</strong></span> <span class='ocrx_word' id='word_1_84' title='bbox 1112 1239 1172 1278; x_wconf 85' lang='lat' dir='ltr'><strong>ea</strong></span> <span class='ocrx_word' id='word_1_85' title='bbox 1205 1227 1398 1278; x_wconf 82' lang='lat' dir='ltr'><strong>attinet</strong></span> <span class='ocrx_word' id='word_1_86' title='bbox 1426 1240 1550 1295; x_wconf 70' lang='lat' dir='ltr'><strong>qum</strong></span> <span class='ocrx_word' id='word_1_87' title='bbox 1576 1225 1625 1277; x_wconf 95' lang='lat' dir='ltr'><strong>in</strong></span> <span class='ocrx_word' id='word_1_88' title='bbox 1654 1238 1840 1277; x_wconf 82' lang='lat' dir='ltr'><strong>eorum</strong></span> <span class='ocrx_word' id='word_1_89' title='bbox 1866 1224 2016 1278; x_wconf 90' lang='lat' dir='ltr'><strong>cellis</strong></span> 
     </span>
    </p>
   </div>
   <div class='ocr_carea' id='block_1_15' title="bbox 440 1314 2019 1380">
    <p class='ocr_par' dir='ltr' id='par_1_15' title="bbox 440 1314 2019 1380">
     <span class='ocr_line' id='line_1_15' title="bbox 440 1314 2019 1380; baseline -0.001 -13"><span class='ocrx_word' id='word_1_90' title='bbox 440 1314 812 1368; x_wconf 80' lang='lat' dir='ltr'><strong>inveniuntur.</strong></span> <span class='ocrx_word' id='word_1_91' title='bbox 844 1315 995 1380; x_wconf 87' lang='lat' dir='ltr'><strong>Quod</strong></span> <span class='ocrx_word' id='word_1_92' title='bbox 1029 1315 1074 1369; x_wconf 85' lang='lat' dir='ltr'><strong>si</strong></span> <span class='ocrx_word' id='word_1_93' title='bbox 1101 1316 1236 1368; x_wconf 84' lang='lat' dir='ltr'><strong>forte</strong></span> <span class='ocrx_word' id='word_1_94' title='bbox 1272 1315 1434 1367; x_wconf 89' lang='lat' dir='ltr'><strong>etiam</strong></span> <span class='ocrx_word' id='word_1_95' title='bbox 1491 1314 1726 1368; x_wconf 84' lang='lat' dir='ltr'><strong>intestati</strong></span> <span class='ocrx_word' id='word_1_96' title='bbox 1774 1314 2019 1368; x_wconf 84' lang='lat' dir='ltr'><strong>decesse-</strong></span> 
     </span>
    </p>
   </div>
   <div class='ocr_carea' id='block_1_16' title="bbox 442 1406 2016 1476">
    <p class='ocr_par' dir='ltr' id='par_1_16' title="bbox 442 1406 2016 1476">
     <span class='ocr_line' id='line_1_16' title="bbox 442 1406 2016 1476; baseline 0.003 -19"><span class='ocrx_word' id='word_1_97' title='bbox 442 1407 572 1469; x_wconf 88' lang='lat' dir='ltr'><strong>rint,</strong></span> <span class='ocrx_word' id='word_1_98' title='bbox 599 1407 779 1460; x_wconf 82' lang='lat' dir='ltr'><strong>omnia</strong></span> <span class='ocrx_word' id='word_1_99' title='bbox 817 1422 1035 1476; x_wconf 85' lang='lat' dir='ltr'><strong>quoque</strong></span> <span class='ocrx_word' id='word_1_100' title='bbox 1066 1406 1216 1469; x_wconf 79' lang='lat' dir='ltr'><strong>(lant,</strong></span> <span class='ocrx_word' id='word_1_101' title='bbox 1250 1415 1409 1475; x_wconf 87' lang='lat' dir='ltr'><strong>prout</strong></span> <span class='ocrx_word' id='word_1_102' title='bbox 1439 1406 1490 1459; x_wconf 91' lang='lat' dir='ltr'><strong>in</strong></span> <span class='ocrx_word' id='word_1_103' title='bbox 1524 1406 1693 1459; x_wconf 79' lang='lat' dir='ltr'><strong>sacris</strong></span> <span class='ocrx_word' id='word_1_104' title='bbox 1717 1406 2016 1461; x_wconf 90' lang='lat' dir='ltr'><strong>canonibus</strong></span> 
     </span>
    </p>
   </div>
   <div class='ocr_carea' id='block_1_17' title="bbox 439 1498 2014 1569">
    <p class='ocr_par' dir='ltr' id='par_1_17' title="bbox 439 1498 2014 1569">
     <span class='ocr_line' id='line_1_17' title="bbox 439 1498 2014 1569; baseline 0.001 -18"><span class='ocrx_word' id='word_1_105' title='bbox 439 1513 493 1551; x_wconf 87' lang='lat' dir='ltr'><strong>et</strong></span> <span class='ocrx_word' id='word_1_106' title='bbox 522 1498 733 1569; x_wconf 80' lang='lat' dir='ltr'><strong>legibus</strong></span> <span class='ocrx_word' id='word_1_107' title='bbox 764 1500 878 1553; x_wconf 86' lang='lat' dir='ltr'><strong>iicri</strong></span> <span class='ocrx_word' id='word_1_108' title='bbox 907 1501 1281 1569; x_wconf 62' lang='lat' dir='ltr'><strong>praescriptum</strong></span> <span class='ocrx_word' id='word_1_109' title='bbox 1318 1510 1421 1554; x_wconf 87' lang='lat' dir='ltr'><strong>est.</strong></span> <span class='ocrx_word' id='word_1_110' title='bbox 1455 1500 1618 1568; x_wconf 84' lang='lat' dir='ltr'><strong>Atqui</strong></span> <span class='ocrx_word' id='word_1_111' title='bbox 1647 1499 1701 1552; x_wconf 91' lang='lat' dir='ltr'><strong>in</strong></span> <span class='ocrx_word' id='word_1_112' title='bbox 1732 1499 2014 1553; x_wconf 85' lang='lat' dir='ltr'><strong>viduarum</strong></span> 
     </span>
    </p>
   </div>
   <div class='ocr_carea' id='block_1_18' title="bbox 441 1592 2013 1661">
    <p class='ocr_par' dir='ltr' id='par_1_18' title="bbox 441 1592 2013 1661">
     <span class='ocr_line' id='line_1_18' title="bbox 441 1592 2013 1661; baseline 0.002 -18"><span class='ocrx_word' id='word_1_113' title='bbox 441 1593 1117 1647; x_wconf 80' lang='lat' dir='ltr'><strong>et-clcsiarmuimmobilia</strong></span> <span class='ocrx_word' id='word_1_114' title='bbox 1172 1607 1237 1645; x_wconf 90' lang='lat' dir='ltr'><strong>ne</strong></span> <span class='ocrx_word' id='word_1_115' title='bbox 1287 1595 1475 1661; x_wconf 87' lang='lat' dir='ltr'><strong>pedem</strong></span> <span class='ocrx_word' id='word_1_116' title='bbox 1524 1592 1739 1655; x_wconf 86' lang='lat' dir='ltr'><strong>quidem</strong></span> <span class='ocrx_word' id='word_1_117' title='bbox 1786 1594 2013 1646; x_wconf 87' lang='lat' dir='ltr'><strong>omnino</strong></span> 
     </span>
    </p>
   </div>
   <div class='ocr_carea' id='block_1_19' title="bbox 442 1678 2017 1754">
    <p class='ocr_par' dir='ltr' id='par_1_19' title="bbox 442 1678 2017 1754">
     <span class='ocr_line' id='line_1_19' title="bbox 442 1678 2017 1754; baseline -0.003 -19"><span class='ocrx_word' id='word_1_118' title='bbox 442 1684 693 1735; x_wconf 87' lang='lat' dir='ltr'><strong>immittet</strong></span> <span class='ocrx_word' id='word_1_119' title='bbox 725 1684 919 1750; x_wconf 87' lang='lat' dir='ltr'><strong>aliquis</strong></span> <span class='ocrx_word' id='word_1_120' title='bbox 945 1697 1010 1735; x_wconf 78' lang='lat' dir='ltr'><strong>ex</strong></span> <span class='ocrx_word' id='word_1_121' title='bbox 1044 1682 1289 1754; x_wconf 83' lang='lat' dir='ltr'><strong>ducibus,</strong></span> <span class='ocrx_word' id='word_1_122' title='bbox 1339 1680 1422 1733; x_wconf 85' lang='lat' dir='ltr'><strong>vel</strong></span> <span class='ocrx_word' id='word_1_123' title='bbox 1475 1678 1742 1748; x_wconf 81' lang='lat' dir='ltr'><strong>aliquibus</strong></span> <span class='ocrx_word' id='word_1_124' title='bbox 1781 1679 1922 1742; x_wconf 81' lang='lat' dir='ltr'><strong>aliis,</strong></span> <span class='ocrx_word' id='word_1_125' title='bbox 1961 1688 2017 1730; x_wconf 85' lang='grc' dir='ltr'><strong>ιιι</strong></span> 
     </span>
    </p>
   </div>
   <div class='ocr_carea' id='block_1_20' title="bbox 2129 486 3699 555">
    <p class='ocr_par' dir='ltr' id='par_1_20' title="bbox 2129 486 3699 555">
     <span class='ocr_line' id='line_1_20' title="bbox 2129 486 3699 555; baseline 0 -16"><span class='ocrx_word' id='word_1_126' title='bbox 2129 488 2432 555; x_wconf 83' lang='grc' dir='ltr'>ἀρχιερέων</span> <span class='ocrx_word' id='word_1_127' title='bbox 2484 487 2747 555; x_wconf 84' lang='grc' dir='ltr'><strong>ἐπιούσης</strong></span> <span class='ocrx_word' id='word_1_128' title='bbox 2795 489 2915 547; x_wconf 87' lang='grc' dir='ltr'>ταῖς</span> <span class='ocrx_word' id='word_1_129' title='bbox 2968 487 3086 539; x_wconf 81' lang='grc' dir='ltr'>κατ’</span> <span class='ocrx_word' id='word_1_130' title='bbox 3136 486 3338 547; x_wconf 73' lang='grc' dir='ltr'>αὐτοὺς</span> <span class='ocrx_word' id='word_1_131' title='bbox 3378 487 3699 553; x_wconf 81' lang='grc' dir='ltr'><strong>ἐκκλησίαις</strong></span> 
     </span>
    </p>
   </div>
   <div class='ocr_carea' id='block_1_21' title="bbox 2127 576 3704 651">
    <p class='ocr_par' dir='ltr' id='par_1_21' title="bbox 2127 576 3704 651">
     <span class='ocr_line' id='line_1_21' title="bbox 2127 576 3704 651; baseline -0.001 -19"><span class='ocrx_word' id='word_1_132' title='bbox 2127 580 2332 650; x_wconf 80' lang='grc' dir='ltr'>ζημίας</span> <span class='ocrx_word' id='word_1_133' title='bbox 2367 580 2462 632; x_wconf 68' lang='grc' dir='ltr'><strong>κιιιί⁵</strong></span> <span class='ocrx_word' id='word_1_134' title='bbox 2496 581 2788 651; x_wconf 80' lang='grc' dir='ltr'>συμφορᾶς</span> <span class='ocrx_word' id='word_1_135' title='bbox 2821 576 2969 631; x_wconf 74' lang='grc' dir='ltr'>οὗτοι</span> <span class='ocrx_word' id='word_1_136' title='bbox 3013 577 3579 648; x_wconf 83' lang='grc' dir='ltr'>βαρυσυμφορώτεροι</span> <span class='ocrx_word' id='word_1_137' title='bbox 3615 580 3704 647; x_wconf 85' lang='grc' dir='ltr'><strong>γί-</strong></span> 
     </span>
    </p>
   </div>
   <div class='ocr_carea' id='block_1_22' title="bbox 2126 669 3704 741">
    <p class='ocr_par' dir='ltr' id='par_1_22' title="bbox 2126 669 3704 741">
     <span class='ocr_line' id='line_1_22' title="bbox 2126 669 3704 741; baseline -0.001 -17"><span class='ocrx_word' id='word_1_138' title='bbox 2126 689 2321 733; x_wconf 87' lang='grc' dir='ltr'>νοιντο,</span> <span class='ocrx_word' id='word_1_139' title='bbox 2350 672 2568 741; x_wconf 74' lang='grc' dir='ltr'>καὶτῆς</span> <span class='ocrx_word' id='word_1_140' title='bbox 2604 673 2698 723; x_wconf 78' lang='grc' dir='ltr'><strong>ἐπὶ</strong></span> <span class='ocrx_word' id='word_1_141' title='bbox 2730 671 2911 733; x_wconf 81' lang='grc' dir='ltr'>αὐτοῖς</span> <span class='ocrx_word' id='word_1_142' title='bbox 2937 670 3091 732; x_wconf 82' lang='grc' dir='ltr'><strong>ἀνίας</strong></span> <span class='ocrx_word' id='word_1_143' title='bbox 3115 669 3502 740; x_wconf 84' lang='grc' dir='ltr'>ἁνιαρώτεροι,</span> <span class='ocrx_word' id='word_1_144' title='bbox 3535 671 3704 739; x_wconf 80' lang='grc' dir='ltr'>διορί-</span> 
     </span>
    </p>
   </div>
   <div class='ocr_carea' id='block_1_23' title="bbox 2125 761 3703 834">
    <p class='ocr_par' dir='ltr' id='par_1_23' title="bbox 2125 761 3703 834">
     <span class='ocr_line' id='line_1_23' title="bbox 2125 761 3703 834; baseline 0.001 -18"><span class='ocrx_word' id='word_1_145' title='bbox 2125 762 2277 827; x_wconf 77' lang='grc' dir='ltr'>ζεται</span> <span class='ocrx_word' id='word_1_146' title='bbox 2326 764 2415 817; x_wconf 84' lang='grc' dir='ltr'>διὰ</span> <span class='ocrx_word' id='word_1_147' title='bbox 2454 763 2555 832; x_wconf 84' lang='grc' dir='ltr'>τῆς</span> <span class='ocrx_word' id='word_1_148' title='bbox 2592 764 2883 834; x_wconf 79' lang='grc' dir='ltr'><strong>παρούσης</strong></span> <span class='ocrx_word' id='word_1_149' title='bbox 2913 761 3261 831; x_wconf 74' lang='grc' dir='ltr'><strong>προστάξεως</strong></span> <span class='ocrx_word' id='word_1_150' title='bbox 3304 764 3503 833; x_wconf 83' lang='grc' dir='ltr'><strong>μηκέτι</strong></span> <span class='ocrx_word' id='word_1_151' title='bbox 3550 764 3703 833; x_wconf 76' lang='grc' dir='ltr'>παρὰ</span> 
     </span>
    </p>
   </div>
   <div class='ocr_carea' id='block_1_24' title="bbox 2125 851 3701 926">
    <p class='ocr_par' dir='ltr' id='par_1_24' title="bbox 2125 851 3701 926">
     <span class='ocr_line' id='line_1_24' title="bbox 2125 851 3701 926; baseline 0.002 -24"><span class='ocrx_word' id='word_1_152' title='bbox 2125 851 2236 903; x_wconf 90' lang='grc' dir='ltr'><strong>τῶν</strong></span> <span class='ocrx_word' id='word_1_153' title='bbox 2287 852 2431 905; x_wconf 80' lang='grc' dir='ltr'>κατὰ</span> <span class='ocrx_word' id='word_1_154' title='bbox 2473 852 2659 922; x_wconf 85' lang='grc' dir='ltr'>χώραν</span> <span class='ocrx_word' id='word_1_155' title='bbox 2692 854 2790 914; x_wconf 74' lang='grc' dir='ltr'>τὰς</span> <span class='ocrx_word' id='word_1_156' title='bbox 2833 853 3090 915; x_wconf 84' lang='grc' dir='ltr'>δουκικὰς</span> <span class='ocrx_word' id='word_1_157' title='bbox 3126 854 3299 923; x_wconf 81' lang='grc' dir='ltr'>ἀρχὰς</span> <span class='ocrx_word' id='word_1_158' title='bbox 3339 854 3634 907; x_wconf 76' lang='grc' dir='ltr'><strong>διεπόντων</strong></span> <span class='ocrx_word' id='word_1_159' title='bbox 3666 854 3701 926; x_wconf 82' lang='grc' dir='ltr'><strong>ἥ</strong></span> 
     </span>
    </p>
   </div>
   <div class='ocr_carea' id='block_1_25' title="bbox 2122 942 3707 1016">
    <p class='ocr_par' dir='ltr' id='par_1_25' title="bbox 2122 942 3707 1016">
     <span class='ocr_line' id='line_1_25' title="bbox 2122 942 3707 1016; baseline 0.001 -21"><span class='ocrx_word' id='word_1_160' title='bbox 2122 942 2447 1012; x_wconf 83' lang='grc' dir='ltr'>ἀναγραφὰς</span> <span class='ocrx_word' id='word_1_161' title='bbox 2479 943 2510 1012; x_wconf 82' lang='grc' dir='ltr'>ἦ</span> <span class='ocrx_word' id='word_1_162' title='bbox 2554 943 2699 1016; x_wconf 72' lang='grc' dir='ltr'>ἕτερ’</span> <span class='ocrx_word' id='word_1_163' title='bbox 2725 945 2861 999; x_wconf 79' lang='grc' dir='ltr'>ἄττα</span> <span class='ocrx_word' id='word_1_164' title='bbox 2906 944 3100 1013; x_wconf 87' lang='grc' dir='ltr'>δικαίῳ</span> <span class='ocrx_word' id='word_1_165' title='bbox 3133 944 3228 996; x_wconf 83' lang='grc' dir='ltr'>τοῦ</span> <span class='ocrx_word' id='word_1_166' title='bbox 3259 944 3521 1014; x_wconf 82' lang='grc' dir='ltr'><strong>δημοσίου</strong></span> <span class='ocrx_word' id='word_1_167' title='bbox 3557 949 3707 1014; x_wconf 78' lang='grc' dir='ltr'>ἐνερ-</span> 
     </span>
    </p>
   </div>
   <div class='ocr_carea' id='block_1_26' title="bbox 2125 1035 3707 1105">
    <p class='ocr_par' dir='ltr' id='par_1_26' title="bbox 2125 1035 3707 1105">
     <span class='ocr_line' id='line_1_26' title="bbox 2125 1035 3707 1105; baseline 0.001 -18"><span class='ocrx_word' id='word_1_168' title='bbox 2125 1035 2372 1103; x_wconf 87' lang='grc' dir='ltr'>γούντων</span> <span class='ocrx_word' id='word_1_169' title='bbox 2419 1035 2663 1089; x_wconf 79' lang='grc' dir='ltr'>τοιοῦτόν</span> <span class='ocrx_word' id='word_1_170' title='bbox 2699 1054 2752 1089; x_wconf 88' lang='grc' dir='ltr'>τι</span> <span class='ocrx_word' id='word_1_171' title='bbox 2801 1038 2943 1090; x_wconf 81' lang='grc' dir='ltr'>κατὰ</span> <span class='ocrx_word' id='word_1_172' title='bbox 2981 1036 3088 1088; x_wconf 83' lang='grc' dir='ltr'><strong>τῶν</strong></span> <span class='ocrx_word' id='word_1_173' title='bbox 3130 1037 3456 1104; x_wconf 80' lang='grc' dir='ltr'><strong>ἁγιωτάτων</strong></span> <span class='ocrx_word' id='word_1_174' title='bbox 3507 1038 3707 1105; x_wconf 77' lang='grc' dir='ltr'>ἐκκλη-</span> 
     </span>
    </p>
   </div>
   <div class='ocr_carea' id='block_1_27' title="bbox 2129 1124 3705 1209">
    <p class='ocr_par' dir='ltr' id='par_1_27' title="bbox 2129 1124 3705 1209">
     <span class='ocr_line' id='line_1_27' title="bbox 2129 1124 3705 1209; baseline 0 -32"><span class='ocrx_word' id='word_1_175' title='bbox 2129 1125 2283 1189; x_wconf 83' lang='grc' dir='ltr'><strong>σιῶν,</strong></span> <span class='ocrx_word' id='word_1_176' title='bbox 2317 1124 2348 1195; x_wconf 79' lang='grc' dir='ltr'>ἢ</span> <span class='ocrx_word' id='word_1_177' title='bbox 2376 1125 2485 1178; x_wconf 89' lang='grc' dir='ltr'><strong>τῶν</strong></span> <span class='ocrx_word' id='word_1_178' title='bbox 2516 1125 2609 1177; x_wconf 85' lang='grc' dir='ltr'><strong>ὑπ’</strong></span> <span class='ocrx_word' id='word_1_179' title='bbox 2632 1126 2798 1209; x_wconf 51' lang='lat' dir='ltr'><strong>aura;</strong></span> <span class='ocrx_word' id='word_1_180' title='bbox 2827 1126 3171 1198; x_wconf 83' lang='grc' dir='ltr'>ἁκινήτων,ἢ</span> <span class='ocrx_word' id='word_1_181' title='bbox 3198 1126 3307 1179; x_wconf 90' lang='grc' dir='ltr'><strong>τῶν</strong></span> <span class='ocrx_word' id='word_1_182' title='bbox 3337 1126 3563 1181; x_wconf 85' lang='grc' dir='ltr'>κελλίων</span> <span class='ocrx_word' id='word_1_183' title='bbox 3594 1124 3705 1177; x_wconf 90' lang='grc' dir='ltr'><strong>τῶν</strong></span> 
     </span>
    </p>
   </div>
   <div class='ocr_carea' id='block_1_28' title="bbox 2126 1216 3707 1289">
    <p class='ocr_par' dir='ltr' id='par_1_28' title="bbox 2126 1216 3707 1289">
     <span class='ocr_line' id='line_1_28' title="bbox 2126 1216 3707 1289; baseline 0 -18"><span class='ocrx_word' id='word_1_184' title='bbox 2126 1217 2455 1289; x_wconf 87' lang='grc' dir='ltr'>ἀρχιερέων.</span> <span class='ocrx_word' id='word_1_185' title='bbox 2488 1220 2546 1271; x_wconf 80' lang='grc' dir='ltr'>ὲν</span> <span class='ocrx_word' id='word_1_186' title='bbox 2571 1221 2692 1282; x_wconf 87' lang='grc' dir='ltr'>ταῖς</span> <span class='ocrx_word' id='word_1_187' title='bbox 2723 1218 2902 1271; x_wconf 81' lang='grc' dir='ltr'>αὐτῶν</span> <span class='ocrx_word' id='word_1_188' title='bbox 2929 1218 3206 1281; x_wconf 80' lang='grc' dir='ltr'>τελευταῖς</span> <span class='ocrx_word' id='word_1_189' title='bbox 3227 1218 3321 1271; x_wconf 78' lang='grc' dir='ltr'><strong>τοῦ</strong></span> <span class='ocrx_word' id='word_1_190' title='bbox 3347 1216 3538 1272; x_wconf 76' lang='grc' dir='ltr'>λοιποῦ</span> <span class='ocrx_word' id='word_1_191' title='bbox 3573 1236 3707 1271; x_wconf 86' lang='grc' dir='ltr'>νεω-</span> 
     </span>
    </p>
   </div>
   <div class='ocr_carea' id='block_1_29' title="bbox 2122 1309 3704 1381">
    <p class='ocr_par' dir='ltr' id='par_1_29' title="bbox 2122 1309 3704 1381">
     <span class='ocr_line' id='line_1_29' title="bbox 2122 1309 3704 1381; baseline 0.002 -21"><span class='ocrx_word' id='word_1_192' title='bbox 2122 1309 2479 1377; x_wconf 71' lang='grc' dir='ltr'>τερισθῆναιο</span> <span class='ocrx_word' id='word_1_193' title='bbox 2533 1311 2647 1364; x_wconf 85' lang='grc' dir='ltr'>ἀλλ’</span> <span class='ocrx_word' id='word_1_194' title='bbox 2700 1313 2750 1364; x_wconf 88' lang='grc' dir='ltr'><strong>εί</strong></span> <span class='ocrx_word' id='word_1_195' title='bbox 2796 1311 2897 1381; x_wconf 84' lang='grc' dir='ltr'>μὲν</span> <span class='ocrx_word' id='word_1_196' title='bbox 2941 1311 3278 1380; x_wconf 83' lang='grc' dir='ltr'>ὲνδιαθήκως</span> <span class='ocrx_word' id='word_1_197' title='bbox 3330 1313 3378 1365; x_wconf 81' lang='grc' dir='ltr'>οἱ</span> <span class='ocrx_word' id='word_1_198' title='bbox 3424 1313 3704 1381; x_wconf 79' lang='grc' dir='ltr'><strong>ἀρχιερεῖς</strong></span> 
     </span>
    </p>
   </div>
   <div class='ocr_carea' id='block_1_30' title="bbox 2127 1399 3709 1470">
    <p class='ocr_par' dir='ltr' id='par_1_30' title="bbox 2127 1399 3709 1470">
     <span class='ocr_line' id='line_1_30' title="bbox 2127 1399 3709 1470; baseline 0.001 -19"><span class='ocrx_word' id='word_1_199' title='bbox 2127 1399 2453 1470; x_wconf 83' lang='grc' dir='ltr'>τελευτῷεν,</span> <span class='ocrx_word' id='word_1_200' title='bbox 2488 1401 2632 1453; x_wconf 81' lang='grc' dir='ltr'>κατὰ</span> <span class='ocrx_word' id='word_1_201' title='bbox 2658 1402 2754 1462; x_wconf 81' lang='grc' dir='ltr'>τὰς</span> <span class='ocrx_word' id='word_1_202' title='bbox 2784 1401 2963 1454; x_wconf 85' lang='grc' dir='ltr'>αὐτῶν</span> <span class='ocrx_word' id='word_1_203' title='bbox 2994 1400 3194 1470; x_wconf 83' lang='grc' dir='ltr'>βουλάς</span> <span class='ocrx_word' id='word_1_204' title='bbox 3223 1419 3281 1455; x_wconf 88' lang='grc' dir='ltr'><strong>τε</strong></span> <span class='ocrx_word' id='word_1_205' title='bbox 3312 1402 3407 1455; x_wconf 80' lang='grc' dir='ltr'>καὶ</span> <span class='ocrx_word' id='word_1_206' title='bbox 3433 1402 3709 1467; x_wconf 76' lang='grc' dir='ltr'><strong>διατάξεις</strong></span> 
     </span>
    </p>
   </div>
   <div class='ocr_carea' id='block_1_31' title="bbox 2124 1492 3708 1563">
    <p class='ocr_par' dir='ltr' id='par_1_31' title="bbox 2124 1492 3708 1563">
     <span class='ocr_line' id='line_1_31' title="bbox 2124 1492 3708 1563; baseline -0.001 -18"><span class='ocrx_word' id='word_1_207' title='bbox 2124 1492 2341 1545; x_wconf 76' lang='grc' dir='ltr'>ἅπαντα</span> <span class='ocrx_word' id='word_1_208' title='bbox 2371 1493 2622 1559; x_wconf 80' lang='grc' dir='ltr'>γίνεσθαι</span> <span class='ocrx_word' id='word_1_209' title='bbox 2646 1495 2770 1547; x_wconf 82' lang='grc' dir='ltr'>ὅσον</span> <span class='ocrx_word' id='word_1_210' title='bbox 2813 1495 2904 1546; x_wconf 76' lang='grc' dir='ltr'><strong>ἐπὶ</strong></span> <span class='ocrx_word' id='word_1_211' title='bbox 2937 1495 3052 1555; x_wconf 88' lang='grc' dir='ltr'>τοῖς</span> <span class='ocrx_word' id='word_1_212' title='bbox 3086 1494 3617 1563; x_wconf 86' lang='grc' dir='ltr'>παρευρισκομένοις</span> <span class='ocrx_word' id='word_1_213' title='bbox 3647 1496 3708 1546; x_wconf 79' lang='grc' dir='ltr'>ἐν</span> 
     </span>
    </p>
   </div>
   <div class='ocr_carea' id='block_1_32' title="bbox 2124 1586 3705 1647">
    <p class='ocr_par' dir='ltr' id='par_1_32' title="bbox 2124 1586 3705 1647">
     <span class='ocr_line' id='line_1_32' title="bbox 2124 1586 3705 1647; baseline 0 -10"><span class='ocrx_word' id='word_1_214' title='bbox 2124 1587 2238 1646; x_wconf 83' lang='grc' dir='ltr'>τοῖς</span> <span class='ocrx_word' id='word_1_215' title='bbox 2263 1586 2493 1647; x_wconf 88' lang='grc' dir='ltr'>κελλίοις</span> <span class='ocrx_word' id='word_1_216' title='bbox 2527 1587 2707 1640; x_wconf 79' lang='grc' dir='ltr'>αὑτων</span> <span class='ocrx_word' id='word_1_217' title='bbox 2729 1600 2743 1615; x_wconf 77' lang='grc'><strong><em>⁸</em></strong></span> <span class='ocrx_word' id='word_1_218' title='bbox 2786 1587 2834 1638; x_wconf 90' lang='grc' dir='ltr'><strong>εἰ</strong></span> <span class='ocrx_word' id='word_1_219' title='bbox 2860 1586 2903 1638; x_wconf 84' lang='grc' dir='ltr'>δ’</span> <span class='ocrx_word' id='word_1_220' title='bbox 2939 1586 3069 1647; x_wconf 81' lang='grc' dir='ltr'>ἴσως</span> <span class='ocrx_word' id='word_1_221' title='bbox 3093 1588 3187 1639; x_wconf 72' lang='grc' dir='ltr'>καὶ</span> <span class='ocrx_word' id='word_1_222' title='bbox 3223 1586 3496 1639; x_wconf 79' lang='grc' dir='ltr'>ἁδιάθετοι</span> <span class='ocrx_word' id='word_1_223' title='bbox 3526 1587 3705 1641; x_wconf 81' lang='grc' dir='ltr'>ἁπαλ-</span> 
     </span>
    </p>
   </div>
   <div class='ocr_carea' id='block_1_33' title="bbox 2126 1678 3707 1748">
    <p class='ocr_par' dir='ltr' id='par_1_33' title="bbox 2126 1678 3707 1748">
     <span class='ocr_line' id='line_1_33' title="bbox 2126 1678 3707 1748; baseline 0.001 -19"><span class='ocrx_word' id='word_1_224' title='bbox 2126 1678 2394 1742; x_wconf 84' lang='grc' dir='ltr'>λάτοιντο,</span> <span class='ocrx_word' id='word_1_225' title='bbox 2431 1680 2610 1732; x_wconf 84' lang='grc' dir='ltr'>πάντα</span> <span class='ocrx_word' id='word_1_226' title='bbox 2645 1681 2738 1731; x_wconf 79' lang='grc' dir='ltr'>καὶ</span> <span class='ocrx_word' id='word_1_227' title='bbox 2789 1679 2933 1732; x_wconf 75' lang='grc' dir='ltr'>οὕτω</span> <span class='ocrx_word' id='word_1_228' title='bbox 2978 1680 3411 1748; x_wconf 80' lang='grc' dir='ltr'>συντελεωθῆναι</span> <span class='ocrx_word' id='word_1_229' title='bbox 3455 1680 3599 1731; x_wconf 81' lang='grc' dir='ltr'>κατᾶ</span> <span class='ocrx_word' id='word_1_230' title='bbox 3636 1679 3707 1741; x_wconf 40' lang='grc' dir='ltr'><strong>,τὸ</strong></span> 
     </span>
    </p>
   </div>
   <div class='ocr_carea' id='block_1_34' title="bbox 441 1757 2023 1843">
    <p class='ocr_par' dir='ltr' id='par_1_34' title="bbox 441 1762 2023 1843">
     <span class='ocr_line' id='line_1_34' title="bbox 441 1762 2023 1843; baseline -0.002 -17"><span class='ocrx_word' id='word_1_231' title='bbox 441 1776 643 1828; x_wconf 83' lang='lat' dir='ltr'><strong>dctum</strong></span> <span class='ocrx_word' id='word_1_232' title='bbox 674 1785 755 1828; x_wconf 83' lang='lat' dir='ltr'><strong>est</strong></span> <span class='ocrx_word' id='word_1_233' title='bbox 787 1792 801 1831; x_wconf 85' lang='lat'>:</span> <span class='ocrx_word' id='word_1_234' title='bbox 832 1762 925 1829; x_wconf 62' lang='lat' dir='ltr'><strong>sed</strong></span> <span class='ocrx_word' id='word_1_235' title='bbox 967 1790 1067 1829; x_wconf 85' lang='lat' dir='ltr'><strong>nec</strong></span> <span class='ocrx_word' id='word_1_236' title='bbox 1113 1773 1367 1843; x_wconf 68' lang='lat' dir='ltr'><strong>quaslibet</strong></span> <span class='ocrx_word' id='word_1_237' title='bbox 1421 1773 1569 1827; x_wconf 84' lang='lat' dir='ltr'><strong>illinc</strong></span> <span class='ocrx_word' id='word_1_238' title='bbox 1618 1787 1741 1840; x_wconf 83' lang='lat' dir='ltr'><strong>pars</strong></span> <span class='ocrx_word' id='word_1_239' title='bbox 1796 1788 2023 1839; x_wconf 87' lang='lat' dir='ltr'><strong>quomo-</strong></span> 
     </span>
    </p>
   </div>
   <div class='ocr_carea' id='block_1_35' title="bbox 2125 1757 3706 1843">
    <p class='ocr_par' dir='ltr' id='par_1_35' title="bbox 2128 1770 3706 1841">
     <span class='ocr_line' id='line_1_35' title="bbox 2128 1770 3706 1841; baseline 0.003 -20"><span class='ocrx_word' id='word_1_240' title='bbox 2128 1773 2241 1833; x_wconf 89' lang='grc' dir='ltr'>τοῖς</span> <span class='ocrx_word' id='word_1_241' title='bbox 2278 1771 2443 1841; x_wconf 82' lang='grc' dir='ltr'>ἱεροῖς</span> <span class='ocrx_word' id='word_1_242' title='bbox 2472 1770 2663 1824; x_wconf 81' lang='grc' dir='ltr'><strong>κανόσι</strong></span> <span class='ocrx_word' id='word_1_243' title='bbox 2692 1772 2918 1833; x_wconf 74' lang='grc' dir='ltr'>καὶτοῖς</span> <span class='ocrx_word' id='word_1_244' title='bbox 2957 1771 3145 1841; x_wconf 88' lang='grc' dir='ltr'>νόμοις</span> <span class='ocrx_word' id='word_1_245' title='bbox 3174 1771 3392 1826; x_wconf 81' lang='grc' dir='ltr'>δοκοῦν.</span> <span class='ocrx_word' id='word_1_246' title='bbox 3422 1773 3547 1835; x_wconf 83' lang='grc' dir='ltr'>Τοῖς</span> <span class='ocrx_word' id='word_1_247' title='bbox 3582 1774 3706 1825; x_wconf 83' lang='grc' dir='ltr'>ἀκι-</span> 
     </span>
    </p>
   </div>
   <div class='ocr_carea' id='block_1_36' title="bbox 441 1865 2021 1935">
    <p class='ocr_par' dir='ltr' id='par_1_36' title="bbox 441 1865 2021 1935">
     <span class='ocr_line' id='line_1_36' title="bbox 441 1865 2021 1935; baseline -0.001 -17"><span class='ocrx_word' id='word_1_248' title='bbox 441 1870 722 1935; x_wconf 82' lang='lat' dir='ltr'><strong>tlncItnque</strong></span> <span class='ocrx_word' id='word_1_249' title='bbox 744 1869 1043 1933; x_wconf 77' lang='lat' dir='ltr'><strong>auferatur,</strong></span> <span class='ocrx_word' id='word_1_250' title='bbox 1079 1868 1171 1921; x_wconf 85' lang='lat' dir='ltr'><strong>sed</strong></span> <span class='ocrx_word' id='word_1_251' title='bbox 1204 1866 1384 1919; x_wconf 82' lang='lat' dir='ltr'><strong>omnia</strong></span> <span class='ocrx_word' id='word_1_252' title='bbox 1408 1882 1436 1917; x_wconf 88' lang='lat' dir='ltr'><strong>a</strong></span> <span class='ocrx_word' id='word_1_253' title='bbox 1480 1866 1727 1933; x_wconf 80' lang='lat' dir='ltr'><strong>partibus</strong></span> <span class='ocrx_word' id='word_1_254' title='bbox 1755 1865 2021 1933; x_wconf 81' lang='lat' dir='ltr'><strong>ejusmodi</strong></span> 
     </span>
    </p>
   </div>
   <div class='ocr_carea' id='block_1_37' title="bbox 442 1956 2024 2029">
    <p class='ocr_par' dir='ltr' id='par_1_37' title="bbox 442 1956 2024 2029">
     <span class='ocr_line' id='line_1_37' title="bbox 442 1956 2024 2029; baseline 0.001 -23"><span class='ocrx_word' id='word_1_255' title='bbox 442 1958 792 2028; x_wconf 67' lang='lat' dir='ltr'><strong>ecclesiarum</strong></span> <span class='ocrx_word' id='word_1_256' title='bbox 833 1961 883 2029; x_wconf 86' lang='lat' dir='ltr'><strong>in</strong></span> <span class='ocrx_word' id='word_1_257' title='bbox 915 1960 1046 2027; x_wconf 86' lang='lat' dir='ltr'><strong>ipsis</strong></span> <span class='ocrx_word' id='word_1_258' title='bbox 1076 1956 1621 2019; x_wconf 67' lang='lat' dir='ltr'><strong>administrabuntm‘,</strong></span> <span class='ocrx_word' id='word_1_259' title='bbox 1670 1956 2024 2023; x_wconf 87' lang='lat' dir='ltr'><strong>quemadmo-</strong></span> 
     </span>
    </p>
   </div>
   <div class='ocr_carea' id='block_1_38' title="bbox 440 2048 2025 2121">
    <p class='ocr_par' dir='ltr' id='par_1_38' title="bbox 440 2048 2025 2121">
     <span class='ocr_line' id='line_1_38' title="bbox 440 2048 2025 2121; baseline -0.002 -18"><span class='ocrx_word' id='word_1_260' title='bbox 440 2054 570 2106; x_wconf 89' lang='lat' dir='ltr'><strong>dum</strong></span> <span class='ocrx_word' id='word_1_261' title='bbox 603 2054 669 2105; x_wconf 87' lang='lat' dir='ltr'><strong>de</strong></span> <span class='ocrx_word' id='word_1_262' title='bbox 698 2068 757 2105; x_wconf 88' lang='lat' dir='ltr'><strong>ea</strong></span> <span class='ocrx_word' id='word_1_263' title='bbox 786 2052 1020 2121; x_wconf 76' lang='lat' dir='ltr'><strong>legitime</strong></span> <span class='ocrx_word' id='word_1_264' title='bbox 1045 2062 1098 2105; x_wconf 91' lang='lat' dir='ltr'><strong>et</strong></span> <span class='ocrx_word' id='word_1_265' title='bbox 1126 2053 1391 2104; x_wconf 85' lang='lat' dir='ltr'><strong>canonice</strong></span> <span class='ocrx_word' id='word_1_266' title='bbox 1414 2050 1651 2101; x_wconf 80' lang='lat' dir='ltr'><strong>edictum</strong></span> <span class='ocrx_word' id='word_1_267' title='bbox 1702 2056 1807 2107; x_wconf 85' lang='lat' dir='ltr'><strong>est,</strong></span> <span class='ocrx_word' id='word_1_268' title='bbox 1855 2048 2025 2100; x_wconf 89' lang='lat' dir='ltr'><strong>donec</strong></span> 
     </span>
    </p>
   </div>
   <div class='ocr_carea' id='block_1_39' title="bbox 445 2140 2023 2213">
    <p class='ocr_par' dir='ltr' id='par_1_39' title="bbox 445 2140 2023 2213">
     <span class='ocr_line' id='line_1_39' title="bbox 445 2140 2023 2213; baseline -0.005 -13"><span class='ocrx_word' id='word_1_269' title='bbox 445 2146 675 2207; x_wconf 72' lang='lat' dir='ltr'><strong>scilicet,</strong></span> <span class='ocrx_word' id='word_1_270' title='bbox 726 2146 817 2213; x_wconf 87' lang='lat' dir='ltr'><strong>qui</strong></span> <span class='ocrx_word' id='word_1_271' title='bbox 851 2155 971 2212; x_wconf 86' lang='lat' dir='ltr'><strong>post</strong></span> <span class='ocrx_word' id='word_1_272' title='bbox 1028 2156 1270 2197; x_wconf 87' lang='lat' dir='ltr'><strong>mortuos</strong></span> <span class='ocrx_word' id='word_1_273' title='bbox 1339 2141 1609 2195; x_wconf 83' lang='lat' dir='ltr'><strong>antistites</strong></span> <span class='ocrx_word' id='word_1_274' title='bbox 1658 2141 1708 2194; x_wconf 92' lang='lat' dir='ltr'><strong>iu</strong></span> <span class='ocrx_word' id='word_1_275' title='bbox 1765 2140 2023 2194; x_wconf 78' lang='lat' dir='ltr'><strong>ecclesias</strong></span> 
     </span>
    </p>
   </div>
   <div class='ocr_carea' id='block_1_40' title="bbox 443 2233 2028 2306">
    <p class='ocr_par' dir='ltr' id='par_1_40' title="bbox 443 2233 2028 2306">
     <span class='ocr_line' id='line_1_40' title="bbox 443 2233 2028 2306; baseline -0.002 -17"><span class='ocrx_word' id='word_1_276' title='bbox 443 2236 739 2290; x_wconf 88' lang='lat' dir='ltr'><strong>renuntiati</strong></span> <span class='ocrx_word' id='word_1_277' title='bbox 766 2246 913 2300; x_wconf 92' lang='lat' dir='ltr'><strong>sunt,</strong></span> <span class='ocrx_word' id='word_1_278' title='bbox 944 2238 995 2289; x_wconf 90' lang='lat' dir='ltr'><strong>in</strong></span> <span class='ocrx_word' id='word_1_279' title='bbox 1028 2237 1244 2306; x_wconf 76' lang='lat' dir='ltr'><strong>regione</strong></span> <span class='ocrx_word' id='word_1_280' title='bbox 1273 2233 1493 2298; x_wconf 82' lang='lat' dir='ltr'><strong>fuerint,</strong></span> <span class='ocrx_word' id='word_1_281' title='bbox 1525 2243 1580 2287; x_wconf 93' lang='lat' dir='ltr'><strong>et</strong></span> <span class='ocrx_word' id='word_1_282' title='bbox 1627 2247 1814 2287; x_wconf 73' lang='lat' dir='ltr'><strong>eorum</strong></span> <span class='ocrx_word' id='word_1_283' title='bbox 1863 2233 2028 2303; x_wconf 74' lang='lat'><strong>198</strong></span> 
     </span>
    </p>
   </div>
   <div class='ocr_carea' id='block_1_41' title="bbox 446 2322 2026 2394">
    <p class='ocr_par' dir='ltr' id='par_1_41' title="bbox 446 2322 2026 2394">
     <span class='ocr_line' id='line_1_41' title="bbox 446 2322 2026 2394; baseline -0.001 -17"><span class='ocrx_word' id='word_1_284' title='bbox 446 2326 976 2379; x_wconf 84' lang='lat' dir='ltr'><strong>administrationem</strong></span> <span class='ocrx_word' id='word_1_285' title='bbox 1000 2324 1363 2394; x_wconf 84' lang='lat' dir='ltr'><strong>susceperint.</strong></span> <span class='ocrx_word' id='word_1_286' title='bbox 1395 2323 1611 2377; x_wconf 89' lang='lat' dir='ltr'><strong>interim</strong></span> <span class='ocrx_word' id='word_1_287' title='bbox 1649 2324 1788 2377; x_wconf 86' lang='lat' dir='ltr'><strong>sciat</strong></span> <span class='ocrx_word' id='word_1_288' title='bbox 1832 2322 1900 2385; x_wconf 89' lang='lat' dir='ltr'><strong>is,</strong></span> <span class='ocrx_word' id='word_1_289' title='bbox 1932 2322 2026 2393; x_wconf 91' lang='lat' dir='ltr'><strong>qui</strong></span> 
     </span>
    </p>
   </div>
   <div class='ocr_carea' id='block_1_42' title="bbox 447 2416 2025 2484">
    <p class='ocr_par' dir='ltr' id='par_1_42' title="bbox 447 2416 2025 2484">
     <span class='ocr_line' id='line_1_42' title="bbox 447 2416 2025 2484; baseline 0 -13"><span class='ocrx_word' id='word_1_290' title='bbox 447 2418 511 2471; x_wconf 89' lang='lat' dir='ltr'><strong>:d</strong></span> <span class='ocrx_word' id='word_1_291' title='bbox 540 2417 959 2471; x_wconf 82' lang='lat' dir='ltr'><strong>iniinuationem</strong></span> <span class='ocrx_word' id='word_1_292' title='bbox 997 2416 1226 2479; x_wconf 81' lang='lat' dir='ltr'><strong>alicujus</strong></span> <span class='ocrx_word' id='word_1_293' title='bbox 1284 2430 1494 2477; x_wconf 90' lang='lat' dir='ltr'><strong>eorum,</strong></span> <span class='ocrx_word' id='word_1_294' title='bbox 1534 2432 1654 2484; x_wconf 74' lang='lat' dir='ltr'><strong>qua:</strong></span> <span class='ocrx_word' id='word_1_295' title='bbox 1706 2433 1734 2470; x_wconf 87' lang='lat' dir='ltr'><strong>a</strong></span> <span class='ocrx_word' id='word_1_296' title='bbox 1770 2418 2025 2484; x_wconf 72' lang='lat' dir='ltr'><strong>przesenti</strong></span> 
     </span>
    </p>
   </div>
   <div class='ocr_carea' id='block_1_43' title="bbox 447 2508 2030 2576">
    <p class='ocr_par' dir='ltr' id='par_1_43' title="bbox 447 2508 2030 2576">
     <span class='ocr_line' id='line_1_43' title="bbox 447 2508 2030 2576; baseline 0 -14"><span class='ocrx_word' id='word_1_297' title='bbox 447 2510 461 2562; x_wconf 90' lang='lat' dir='ltr'><strong>i</strong></span> <span class='ocrx_word' id='word_1_298' title='bbox 489 2508 743 2576; x_wconf 84' lang='lat' dir='ltr'><strong>nperialis</strong></span> <span class='ocrx_word' id='word_1_299' title='bbox 765 2510 1047 2575; x_wconf 79' lang='lat' dir='ltr'><strong>patestatis</strong></span> <span class='ocrx_word' id='word_1_300' title='bbox 1074 2524 1206 2562; x_wconf 70' lang='lat' dir='ltr'><strong>meae</strong></span> <span class='ocrx_word' id='word_1_301' title='bbox 1236 2511 1625 2565; x_wconf 86' lang='lat' dir='ltr'><strong>constitutione</strong></span> <span class='ocrx_word' id='word_1_302' title='bbox 1666 2508 1879 2567; x_wconf 81' lang='lat' dir='ltr'><strong>deereta</strong></span> <span class='ocrx_word' id='word_1_303' title='bbox 1903 2518 2030 2563; x_wconf 88' lang='lat' dir='ltr'><strong>sunt</strong></span> 
     </span>
    </p>
   </div>
   <div class='ocr_carea' id='block_1_44' title="bbox 449 2600 2030 2669">
    <p class='ocr_par' dir='ltr' id='par_1_44' title="bbox 449 2600 2030 2669">
     <span class='ocr_line' id='line_1_44' title="bbox 449 2600 2030 2669; baseline 0.001 -18"><span class='ocrx_word' id='word_1_304' title='bbox 449 2602 798 2667; x_wconf 75' lang='lat' dir='ltr'><strong>processerit,</strong></span> <span class='ocrx_word' id='word_1_305' title='bbox 859 2601 1003 2669; x_wconf 85' lang='lat' dir='ltr'><strong>quod</strong></span> <span class='ocrx_word' id='word_1_306' title='bbox 1031 2601 1244 2655; x_wconf 87' lang='lat' dir='ltr'><strong>etiamsi</strong></span> <span class='ocrx_word' id='word_1_307' title='bbox 1278 2602 1419 2657; x_wconf 86' lang='lat' dir='ltr'><strong>Dens</strong></span> <span class='ocrx_word' id='word_1_308' title='bbox 1450 2602 1502 2655; x_wconf 90' lang='lat' dir='ltr'><strong>in</strong></span> <span class='ocrx_word' id='word_1_309' title='bbox 1534 2600 1627 2655; x_wconf 88' lang='lat' dir='ltr'><strong>tali</strong></span> <span class='ocrx_word' id='word_1_310' title='bbox 1664 2601 1783 2669; x_wconf 91' lang='lat' dir='ltr'><strong>ejus</strong></span> <span class='ocrx_word' id='word_1_311' title='bbox 1810 2609 2030 2668; x_wconf 88' lang='lat' dir='ltr'><strong>tamque</strong></span> 
     </span>
    </p>
   </div>
   <div class='ocr_carea' id='block_1_45' title="bbox 454 2692 2027 2764">
    <p class='ocr_par' dir='ltr' id='par_1_45' title="bbox 454 2692 2027 2764">
     <span class='ocr_line' id='line_1_45' title="bbox 454 2692 2027 2764; baseline 0.001 -20"><span class='ocrx_word' id='word_1_312' title='bbox 454 2694 641 2748; x_wconf 82' lang='lat' dir='ltr'><strong>audaci</strong></span> <span class='ocrx_word' id='word_1_313' title='bbox 669 2695 887 2763; x_wconf 91' lang='lat' dir='ltr'><strong>incepto</strong></span> <span class='ocrx_word' id='word_1_314' title='bbox 915 2695 966 2748; x_wconf 92' lang='lat' dir='ltr'><strong>in</strong></span> <span class='ocrx_word' id='word_1_315' title='bbox 997 2696 1279 2764; x_wconf 59' lang='lat' dir='ltr'><strong>praesentia</strong></span> <span class='ocrx_word' id='word_1_316' title='bbox 1314 2696 1545 2759; x_wconf 87' lang='lat' dir='ltr'><strong>siluerit,</strong></span> <span class='ocrx_word' id='word_1_317' title='bbox 1583 2694 1805 2748; x_wconf 90' lang='lat' dir='ltr'><strong>omnino</strong></span> <span class='ocrx_word' id='word_1_318' title='bbox 1839 2693 1894 2746; x_wconf 88' lang='lat' dir='ltr'><strong>in</strong></span> <span class='ocrx_word' id='word_1_319' title='bbox 1938 2692 2027 2745; x_wconf 78' lang='lat' dir='ltr'><strong>iu-</strong></span> 
     </span>
    </p>
   </div>
   <div class='ocr_carea' id='block_1_46' title="bbox 450 2785 2030 2856">
    <p class='ocr_par' dir='ltr' id='par_1_46' title="bbox 450 2785 2030 2856">
     <span class='ocr_line' id='line_1_46' title="bbox 450 2785 2030 2856; baseline 0.001 -21"><span class='ocrx_word' id='word_1_320' title='bbox 450 2795 633 2837; x_wconf 87' lang='lat' dir='ltr'><strong>tnrnm</strong></span> <span class='ocrx_word' id='word_1_321' title='bbox 665 2788 886 2854; x_wconf 86' lang='lat' dir='ltr'><strong>dignum</strong></span> <span class='ocrx_word' id='word_1_322' title='bbox 920 2786 1035 2853; x_wconf 80' lang='lat' dir='ltr'><strong>ejus</strong></span> <span class='ocrx_word' id='word_1_323' title='bbox 1063 2788 1385 2856; x_wconf 78' lang='lat' dir='ltr'><strong>supplicium</strong></span> <span class='ocrx_word' id='word_1_324' title='bbox 1414 2803 1699 2842; x_wconf 84' lang='lat' dir='ltr'><strong>reservans</strong></span> <span class='ocrx_word' id='word_1_325' title='bbox 1723 2827 1738 2849; x_wconf 93' lang='lat'><strong>,</strong></span> <span class='ocrx_word' id='word_1_326' title='bbox 1773 2785 2030 2854; x_wconf 88' lang='lat' dir='ltr'><strong>imperia-</strong></span> 
     </span>
    </p>
   </div>
   <div class='ocr_carea' id='block_1_47' title="bbox 450 2875 2031 2946">
    <p class='ocr_par' dir='ltr' id='par_1_47' title="bbox 450 2875 2031 2946">
     <span class='ocr_line' id='line_1_47' title="bbox 450 2875 2031 2946; baseline 0.003 -20"><span class='ocrx_word' id='word_1_327' title='bbox 450 2880 513 2931; x_wconf 82' lang='lat' dir='ltr'><strong>lis</strong></span> <span class='ocrx_word' id='word_1_328' title='bbox 548 2888 727 2932; x_wconf 89' lang='lat' dir='ltr'><strong>tamen</strong></span> <span class='ocrx_word' id='word_1_329' title='bbox 764 2892 883 2932; x_wconf 87' lang='lat' dir='ltr'><strong>mea</strong></span> <span class='ocrx_word' id='word_1_330' title='bbox 919 2886 1160 2946; x_wconf 80' lang='lat' dir='ltr'><strong>potestas</strong></span> <span class='ocrx_word' id='word_1_331' title='bbox 1194 2894 1317 2933; x_wconf 91' lang='lat' dir='ltr'><strong>eum</strong></span> <span class='ocrx_word' id='word_1_332' title='bbox 1352 2876 1605 2933; x_wconf 82' lang='lat' dir='ltr'><strong>acerbius</strong></span> <span class='ocrx_word' id='word_1_333' title='bbox 1651 2878 1706 2932; x_wconf 92' lang='lat' dir='ltr'><strong>in</strong></span> <span class='ocrx_word' id='word_1_334' title='bbox 1742 2875 2031 2945; x_wconf 67' lang='lat' dir='ltr'><strong>praesentia</strong></span> 
     </span>
    </p>
   </div>
   <div class='ocr_carea' id='block_1_48' title="bbox 445 2968 2031 3040">
    <p class='ocr_par' dir='ltr' id='par_1_48' title="bbox 445 2968 2031 3040">
     <span class='ocr_line' id='line_1_48' title="bbox 445 2968 2031 3040; baseline 0.001 -20"><span class='ocrx_word' id='word_1_335' title='bbox 445 2970 812 3036; x_wconf 71' lang='lat' dir='ltr'><strong>aggrediatur,</strong></span> <span class='ocrx_word' id='word_1_336' title='bbox 842 2974 1017 3037; x_wconf 62' lang='lat' dir='ltr'><strong>poenis</strong></span> <span class='ocrx_word' id='word_1_337' title='bbox 1051 2984 1174 3023; x_wconf 91' lang='lat' dir='ltr'><strong>eum</strong></span> <span class='ocrx_word' id='word_1_338' title='bbox 1212 2969 1587 3040; x_wconf 87' lang='lat' dir='ltr'><strong>corporalibus</strong></span> <span class='ocrx_word' id='word_1_339' title='bbox 1617 2968 1932 3035; x_wconf 86' lang='lat' dir='ltr'><strong>subjiciens,</strong></span> <span class='ocrx_word' id='word_1_340' title='bbox 1975 2976 2031 3022; x_wconf 86' lang='lat' dir='ltr'><strong>et</strong></span> 
     </span>
    </p>
   </div>
   <div class='ocr_carea' id='block_1_49' title="bbox 449 3059 2029 3125">
    <p class='ocr_par' dir='ltr' id='par_1_49' title="bbox 449 3059 2029 3125">
     <span class='ocr_line' id='line_1_49' title="bbox 449 3059 2029 3125; baseline 0.001 -14"><span class='ocrx_word' id='word_1_341' title='bbox 449 3072 671 3111; x_wconf 86' lang='lat' dir='ltr'><strong>suorum</strong></span> <span class='ocrx_word' id='word_1_342' title='bbox 733 3059 1104 3113; x_wconf 87' lang='lat' dir='ltr'><strong>membrorum</strong></span> <span class='ocrx_word' id='word_1_343' title='bbox 1167 3060 1619 3125; x_wconf 84' lang='lat' dir='ltr'><strong>truncationibus,</strong></span> <span class='ocrx_word' id='word_1_344' title='bbox 1657 3059 2029 3125; x_wconf 79' lang='lat' dir='ltr'><strong>bonorumque</strong></span> 
     </span>
    </p>
   </div>
   <div class='ocr_carea' id='block_1_50' title="bbox 448 3150 2025 3215">
    <p class='ocr_par' dir='ltr' id='par_1_50' title="bbox 448 3150 2025 3215">
     <span class='ocr_line' id='line_1_50' title="bbox 448 3150 2025 3215; baseline 0.003 -12"><span class='ocrx_word' id='word_1_345' title='bbox 448 3150 822 3215; x_wconf 59' lang='lat' dir='ltr'><strong>publicationi,</strong></span> <span class='ocrx_word' id='word_1_346' title='bbox 851 3160 905 3206; x_wconf 87' lang='lat' dir='ltr'><strong>et</strong></span> <span class='ocrx_word' id='word_1_347' title='bbox 926 3152 1189 3206; x_wconf 91' lang='lat' dir='ltr'><strong>diuturno</strong></span> <span class='ocrx_word' id='word_1_348' title='bbox 1220 3153 1429 3207; x_wconf 84' lang='lat' dir='ltr'><strong>exsilio.</strong></span> <span class='ocrx_word' id='word_1_349' title='bbox 1457 3153 1573 3207; x_wconf 88' lang='lat' dir='ltr'><strong>Non</strong></span> <span class='ocrx_word' id='word_1_350' title='bbox 1600 3154 1772 3207; x_wconf 90' lang='lat' dir='ltr'><strong>solum</strong></span> <span class='ocrx_word' id='word_1_351' title='bbox 1791 3154 1934 3207; x_wconf 78' lang='lat' dir='ltr'><strong>enim</strong></span> <span class='ocrx_word' id='word_1_352' title='bbox 1957 3170 2025 3209; x_wconf 77' lang='lat' dir='ltr'><strong>ex</strong></span> 
     </span>
    </p>
   </div>
   <div class='ocr_carea' id='block_1_51' title="bbox 448 3228 2027 3314">
    <p class='ocr_par' dir='ltr' id='par_1_51' title="bbox 448 3228 2027 3314">
     <span class='ocr_line' id='line_1_51' title="bbox 448 3228 2027 3314; baseline 0.002 -16"><span class='ocrx_word' id='word_1_353' title='bbox 448 3228 514 3298; x_wconf 73' lang='lat' dir='ltr'><strong>eo</strong></span> <span class='ocrx_word' id='word_1_354' title='bbox 544 3244 795 3313; x_wconf 87' lang='lat' dir='ltr'><strong>simplum</strong></span> <span class='ocrx_word' id='word_1_355' title='bbox 827 3247 1016 3300; x_wconf 80' lang='lat' dir='ltr'><strong>reddet</strong></span> <span class='ocrx_word' id='word_1_356' title='bbox 1057 3246 1324 3310; x_wconf 66' lang='lat' dir='ltr'><strong>ecclesiae,</strong></span> <span class='ocrx_word' id='word_1_357' title='bbox 1357 3246 1497 3314; x_wconf 88' lang='lat' dir='ltr'><strong>quod</strong></span> <span class='ocrx_word' id='word_1_358' title='bbox 1529 3247 1578 3300; x_wconf 88' lang='lat' dir='ltr'><strong>ei</strong></span> <span class='ocrx_word' id='word_1_359' title='bbox 1628 3246 1721 3301; x_wconf 89' lang='lat' dir='ltr'><strong>illo</strong></span> <span class='ocrx_word' id='word_1_360' title='bbox 1770 3249 1927 3301; x_wconf 89' lang='lat' dir='ltr'><strong>modo</strong></span> <span class='ocrx_word' id='word_1_361' title='bbox 1958 3249 2027 3301; x_wconf 84' lang='lat' dir='ltr'><strong>ab</strong></span> 
     </span>
    </p>
   </div>
   <div class='ocr_carea' id='block_1_52' title="bbox 446 3336 2030 3408">
    <p class='ocr_par' dir='ltr' id='par_1_52' title="bbox 446 3336 2030 3408">
     <span class='ocr_line' id='line_1_52' title="bbox 446 3336 2030 3408; baseline 0.003 -20"><span class='ocrx_word' id='word_1_362' title='bbox 446 3339 566 3403; x_wconf 83' lang='lat' dir='ltr'><strong>ipso</strong></span> <span class='ocrx_word' id='word_1_363' title='bbox 599 3336 950 3392; x_wconf 80' lang='lat' dir='ltr'><strong>auferendum</strong></span> <span class='ocrx_word' id='word_1_364' title='bbox 978 3350 1083 3402; x_wconf 89' lang='lat' dir='ltr'><strong>est,</strong></span> <span class='ocrx_word' id='word_1_365' title='bbox 1122 3340 1213 3393; x_wconf 77' lang='lat' dir='ltr'><strong>sed</strong></span> <span class='ocrx_word' id='word_1_366' title='bbox 1243 3339 1410 3393; x_wconf 88' lang='lat' dir='ltr'><strong>etiam</strong></span> <span class='ocrx_word' id='word_1_367' title='bbox 1447 3352 1476 3392; x_wconf 86' lang='lat' dir='ltr'><strong>a</strong></span> <span class='ocrx_word' id='word_1_368' title='bbox 1512 3339 1644 3394; x_wconf 85' lang='lat' dir='ltr'><strong>ﬁsco</strong></span> <span class='ocrx_word' id='word_1_369' title='bbox 1700 3341 1819 3393; x_wconf 84' lang='lat' dir='ltr'><strong>talis</strong></span> <span class='ocrx_word' id='word_1_370' title='bbox 1853 3356 2030 3408; x_wconf 87' lang='lat' dir='ltr'><strong>quan-</strong></span> 
     </span>
    </p>
   </div>
   <div class='ocr_carea' id='block_1_53' title="bbox 446 3429 2026 3499">
    <p class='ocr_par' dir='ltr' id='par_1_53' title="bbox 446 3429 2026 3499">
     <span class='ocr_line' id='line_1_53' title="bbox 446 3429 2026 3499; baseline 0.003 -19"><span class='ocrx_word' id='word_1_371' title='bbox 446 3430 617 3485; x_wconf 85' lang='lat' dir='ltr'><strong>litatis</strong></span> <span class='ocrx_word' id='word_1_372' title='bbox 644 3429 860 3499; x_wconf 89' lang='lat' dir='ltr'><strong>duplum</strong></span> <span class='ocrx_word' id='word_1_373' title='bbox 886 3432 1093 3499; x_wconf 87' lang='lat' dir='ltr'><strong>absque</strong></span> <span class='ocrx_word' id='word_1_374' title='bbox 1121 3431 1229 3483; x_wconf 88' lang='lat' dir='ltr'><strong>ulla</strong></span> <span class='ocrx_word' id='word_1_375' title='bbox 1260 3430 1733 3484; x_wconf 83' lang='lat' dir='ltr'><strong>commiseratione</strong></span> <span class='ocrx_word' id='word_1_376' title='bbox 1756 3434 2026 3498; x_wconf 70' lang='lat' dir='ltr'><strong>exigetur,</strong></span> 
     </span>
    </p>
   </div>
   <div class='ocr_carea' id='block_1_54' title="bbox 443 3520 2028 3597">
    <p class='ocr_par' dir='ltr' id='par_1_54' title="bbox 443 3520 2028 3597">
     <span class='ocr_line' id='line_1_54' title="bbox 443 3520 2028 3597; baseline 0.003 -27"><span class='ocrx_word' id='word_1_377' title='bbox 443 3520 833 3597; x_wconf 64' lang='lat' dir='ltr'><strong>perfectissima</strong></span> <span class='ocrx_word' id='word_1_378' title='bbox 861 3537 923 3575; x_wconf 87' lang='lat' dir='ltr'><strong>ea</strong></span> <span class='ocrx_word' id='word_1_379' title='bbox 980 3523 1047 3576; x_wconf 90' lang='lat' dir='ltr'><strong>de</strong></span> <span class='ocrx_word' id='word_1_380' title='bbox 1074 3536 1130 3574; x_wconf 88' lang='lat' dir='ltr'><strong>re</strong></span> <span class='ocrx_word' id='word_1_381' title='bbox 1165 3521 1479 3591; x_wconf 81' lang='lat' dir='ltr'><strong>cognitione</strong></span> <span class='ocrx_word' id='word_1_382' title='bbox 1506 3537 1602 3590; x_wconf 91' lang='lat' dir='ltr'><strong>per</strong></span> <span class='ocrx_word' id='word_1_383' title='bbox 1627 3523 1924 3577; x_wconf 88' lang='lat' dir='ltr'><strong>antistitem</strong></span> <span class='ocrx_word' id='word_1_384' title='bbox 1953 3526 2028 3587; x_wconf 85' lang='lat' dir='ltr'><strong>ei,</strong></span> 
     </span>
    </p>
   </div>
   <div class='ocr_carea' id='block_1_55' title="bbox 444 3614 2027 3684">
    <p class='ocr_par' dir='ltr' id='par_1_55' title="bbox 444 3614 2027 3684">
     <span class='ocr_line' id='line_1_55' title="bbox 444 3614 2027 3684; baseline 0.003 -20"><span class='ocrx_word' id='word_1_385' title='bbox 444 3615 533 3683; x_wconf 85' lang='lat' dir='ltr'><strong>qui</strong></span> <span class='ocrx_word' id='word_1_386' title='bbox 565 3630 661 3681; x_wconf 91' lang='lat' dir='ltr'><strong>pro</strong></span> <span class='ocrx_word' id='word_1_387' title='bbox 684 3624 925 3679; x_wconf 63' lang='lat' dir='ltr'><strong>tempore</strong></span> <span class='ocrx_word' id='word_1_388' title='bbox 953 3615 1214 3684; x_wconf 80' lang='lat' dir='ltr'><strong>mysticus</strong></span> <span class='ocrx_word' id='word_1_389' title='bbox 1246 3614 1374 3679; x_wconf 89' lang='lat' dir='ltr'><strong>erit,</strong></span> <span class='ocrx_word' id='word_1_390' title='bbox 1394 3614 1538 3677; x_wconf 85' lang='lat' dir='ltr'><strong>data,</strong></span> <span class='ocrx_word' id='word_1_391' title='bbox 1562 3615 1655 3684; x_wconf 86' lang='lat' dir='ltr'><strong>qui</strong></span> <span class='ocrx_word' id='word_1_392' title='bbox 1678 3619 1841 3670; x_wconf 88' lang='lat' dir='ltr'><strong>etiam</strong></span> <span class='ocrx_word' id='word_1_393' title='bbox 1877 3628 2027 3669; x_wconf 81' lang='lat' dir='ltr'><strong>utra-</strong></span> 
     </span>
    </p>
   </div>
   <div class='ocr_carea' id='block_1_56' title="bbox 442 3706 2028 3777">
    <p class='ocr_par' dir='ltr' id='par_1_56' title="bbox 442 3706 2028 3777">
     <span class='ocr_line' id='line_1_56' title="bbox 442 3706 2028 3777; baseline 0.004 -20"><span class='ocrx_word' id='word_1_394' title='bbox 442 3723 547 3774; x_wconf 82' lang='lat' dir='ltr'><strong>que</strong></span> <span class='ocrx_word' id='word_1_395' title='bbox 601 3708 985 3760; x_wconf 87' lang='lat' dir='ltr'><strong>administrare</strong></span> <span class='ocrx_word' id='word_1_396' title='bbox 1038 3708 1241 3760; x_wconf 83' lang='lat' dir='ltr'><strong>debet:</strong></span> <span class='ocrx_word' id='word_1_397' title='bbox 1292 3706 1359 3759; x_wconf 91' lang='lat' dir='ltr'><strong>de</strong></span> <span class='ocrx_word' id='word_1_398' title='bbox 1412 3722 1511 3760; x_wconf 87' lang='lat' dir='ltr'><strong>suo</strong></span> <span class='ocrx_word' id='word_1_399' title='bbox 1570 3717 1751 3761; x_wconf 85' lang='lat' dir='ltr'><strong>autem</strong></span> <span class='ocrx_word' id='word_1_400' title='bbox 1809 3722 2028 3777; x_wconf 83' lang='lat' dir='ltr'><strong>peccatu</strong></span> 
     </span>
    </p>
   </div>
   <div class='ocr_carea' id='block_1_57' title="bbox 441 3798 2028 3855">
    <p class='ocr_par' dir='ltr' id='par_1_57' title="bbox 441 3798 2028 3855">
     <span class='ocr_line' id='line_1_57' title="bbox 441 3798 2028 3855; baseline 0.003 -5"><span class='ocrx_word' id='word_1_401' title='bbox 441 3801 662 3854; x_wconf 81' lang='lat' dir='ltr'><strong>muniuo</strong></span> <span class='ocrx_word' id='word_1_402' title='bbox 696 3801 1105 3855; x_wconf 81' lang='lat' dir='ltr'><strong>excusationem</strong></span> <span class='ocrx_word' id='word_1_403' title='bbox 1144 3816 1247 3853; x_wconf 91' lang='lat' dir='ltr'><strong>nou</strong></span> <span class='ocrx_word' id='word_1_404' title='bbox 1275 3802 1513 3855; x_wconf 70' lang='lat' dir='ltr'><strong>habebit.</strong></span> <span class='ocrx_word' id='word_1_405' title='bbox 1546 3798 1709 3855; x_wconf 80' lang='lat' dir='ltr'><strong>Venit</strong></span> <span class='ocrx_word' id='word_1_406' title='bbox 1743 3802 1885 3855; x_wconf 90' lang='lat' dir='ltr'><strong>enim</strong></span> <span class='ocrx_word' id='word_1_407' title='bbox 1922 3803 2028 3854; x_wconf 83' lang='lat' dir='ltr'><strong>im-</strong></span> 
     </span>
    </p>
   </div>
   <div class='ocr_carea' id='block_1_58' title="bbox 442 3891 2028 3963">
    <p class='ocr_par' dir='ltr' id='par_1_58' title="bbox 442 3891 2028 3963">
     <span class='ocr_line' id='line_1_58' title="bbox 442 3891 2028 3963; baseline 0.004 -22"><span class='ocrx_word' id='word_1_408' title='bbox 442 3891 662 3957; x_wconf 74' lang='lat' dir='ltr'><strong>perialis</strong></span> <span class='ocrx_word' id='word_1_409' title='bbox 690 3908 807 3946; x_wconf 85' lang='lat' dir='ltr'><strong>mea</strong></span> <span class='ocrx_word' id='word_1_410' title='bbox 839 3904 1101 3959; x_wconf 77' lang='lat' dir='ltr'><strong>potestas,</strong></span> <span class='ocrx_word' id='word_1_411' title='bbox 1134 3902 1187 3946; x_wconf 90' lang='lat' dir='ltr'><strong>et</strong></span> <span class='ocrx_word' id='word_1_412' title='bbox 1214 3894 1295 3947; x_wconf 88' lang='lat' dir='ltr'><strong>eis</strong></span> <span class='ocrx_word' id='word_1_413' title='bbox 1329 3909 1424 3962; x_wconf 85' lang='lat' dir='ltr'><strong>per</strong></span> <span class='ocrx_word' id='word_1_414' title='bbox 1446 3905 1769 3963; x_wconf 80' lang='lat' dir='ltr'><strong>praesentem</strong></span> <span class='ocrx_word' id='word_1_415' title='bbox 1822 3898 2028 3950; x_wconf 78' lang='lat' dir='ltr'><strong>consti-</strong></span> 
     </span>
    </p>
   </div>
   <div class='ocr_carea' id='block_1_59' title="bbox 442 3987 2026 4056">
    <p class='ocr_par' dir='ltr' id='par_1_59' title="bbox 442 3987 2026 4056">
     <span class='ocr_line' id='line_1_59' title="bbox 442 3987 2026 4056; baseline 0.004 -21"><span class='ocrx_word' id='word_1_416' title='bbox 442 3987 705 4039; x_wconf 84' lang='lat' dir='ltr'><strong>tutionem</strong></span> <span class='ocrx_word' id='word_1_417' title='bbox 727 3988 1036 4056; x_wconf 77' lang='lat' dir='ltr'><strong>erangelice</strong></span> <span class='ocrx_word' id='word_1_418' title='bbox 1089 3988 1267 4041; x_wconf 87' lang='lat' dir='ltr'><strong>locuta</strong></span> <span class='ocrx_word' id='word_1_419' title='bbox 1302 3998 1404 4051; x_wconf 89' lang='lat' dir='ltr'><strong>est,</strong></span> <span class='ocrx_word' id='word_1_420' title='bbox 1437 4003 1558 4056; x_wconf 69' lang='lat' dir='ltr'><strong>quze</strong></span> <span class='ocrx_word' id='word_1_421' title='bbox 1589 3990 1640 4042; x_wconf 87' lang='lat' dir='ltr'><strong>in</strong></span> <span class='ocrx_word' id='word_1_422' title='bbox 1681 4004 1839 4043; x_wconf 87' lang='lat' dir='ltr'><strong>sacro</strong></span> <span class='ocrx_word' id='word_1_423' title='bbox 1863 3991 2026 4043; x_wconf 86' lang='lat' dir='ltr'><strong>char-</strong></span> 
     </span>
    </p>
   </div>
   <div class='ocr_carea' id='block_1_60' title="bbox 443 4079 2028 4148">
    <p class='ocr_par' dir='ltr' id='par_1_60' title="bbox 443 4079 2028 4148">
     <span class='ocr_line' id='line_1_60' title="bbox 443 4079 2028 4148; baseline 0.008 -22"><span class='ocrx_word' id='word_1_424' title='bbox 443 4079 751 4147; x_wconf 61' lang='lat' dir='ltr'><strong>tnuhylacin</strong></span> <span class='ocrx_word' id='word_1_425' title='bbox 800 4091 1108 4148; x_wconf 86' lang='lat' dir='ltr'><strong>reponetur,</strong></span> <span class='ocrx_word' id='word_1_426' title='bbox 1162 4082 1523 4135; x_wconf 83' lang='lat' dir='ltr'><strong>sanctissimis</strong></span> <span class='ocrx_word' id='word_1_427' title='bbox 1578 4083 1823 4137; x_wconf 85' lang='lat' dir='ltr'><strong>ecclesiis</strong></span> <span class='ocrx_word' id='word_1_428' title='bbox 1880 4084 2028 4137; x_wconf 72' lang='grc' dir='ltr'><strong>ευω.</strong></span> 
     </span>
    </p>
   </div>
   <div class='ocr_carea' id='block_1_61' title="bbox 437 4170 2028 4241">
    <p class='ocr_par' dir='ltr' id='par_1_61' title="bbox 437 4170 2028 4241">
     <span class='ocr_line' id='line_1_61' title="bbox 437 4170 2028 4241; baseline 0.007 -22"><span class='ocrx_word' id='word_1_429' title='bbox 437 4186 586 4221; x_wconf 74' lang='lat' dir='ltr'><strong>czens</strong></span> <span class='ocrx_word' id='word_1_430' title='bbox 620 4170 823 4236; x_wconf 82' lang='lat' dir='ltr'><strong>futura,</strong></span> <span class='ocrx_word' id='word_1_431' title='bbox 848 4172 889 4224; x_wconf 89' lang='lat' dir='ltr'><strong>si</strong></span> <span class='ocrx_word' id='word_1_432' title='bbox 928 4172 1045 4240; x_wconf 86' lang='lat' dir='ltr'><strong>ejus</strong></span> <span class='ocrx_word' id='word_1_433' title='bbox 1087 4171 1261 4225; x_wconf 88' lang='lat' dir='ltr'><strong>solum</strong></span> <span class='ocrx_word' id='word_1_434' title='bbox 1323 4172 1563 4241; x_wconf 79' lang='lat' dir='ltr'><strong>exetnpla</strong></span> <span class='ocrx_word' id='word_1_435' title='bbox 1620 4176 1927 4228; x_wconf 84' lang='lat' dir='ltr'><strong>authentica</strong></span> <span class='ocrx_word' id='word_1_436' title='bbox 1964 4191 2028 4231; x_wconf 90' lang='lat' dir='ltr'><strong>ac</strong></span> 
     </span>
    </p>
   </div>
   <div class='ocr_carea' id='block_1_62' title="bbox 439 4264 2028 4333">
    <p class='ocr_par' dir='ltr' id='par_1_62' title="bbox 439 4264 2028 4333">
     <span class='ocr_line' id='line_1_62' title="bbox 439 4264 2028 4333; baseline 0.007 -24"><span class='ocrx_word' id='word_1_437' title='bbox 439 4264 764 4328; x_wconf 73' lang='lat' dir='ltr'><strong>t-nmpezcnti</strong></span> <span class='ocrx_word' id='word_1_438' title='bbox 811 4264 913 4316; x_wconf 83' lang='lat' dir='ltr'><strong>iide</strong></span> <span class='ocrx_word' id='word_1_439' title='bbox 964 4266 1165 4317; x_wconf 90' lang='lat' dir='ltr'><strong>munita</strong></span> <span class='ocrx_word' id='word_1_440' title='bbox 1233 4266 1300 4317; x_wconf 88' lang='lat' dir='ltr'><strong>ab</strong></span> <span class='ocrx_word' id='word_1_441' title='bbox 1364 4266 1495 4333; x_wconf 82' lang='lat' dir='ltr'><strong>ipsis</strong></span> <span class='ocrx_word' id='word_1_442' title='bbox 1556 4268 1797 4333; x_wconf 85' lang='lat' dir='ltr'><strong>partibus</strong></span> <span class='ocrx_word' id='word_1_443' title='bbox 1843 4277 2028 4320; x_wconf 83' lang='lat' dir='ltr'><strong>osten-</strong></span> 
     </span>
    </p>
   </div>
   <div class='ocr_carea' id='block_1_63' title="bbox 435 4353 2027 4425">
    <p class='ocr_par' dir='ltr' id='par_1_63' title="bbox 435 4353 2027 4425">
     <span class='ocr_line' id='line_1_63' title="bbox 435 4353 2027 4425; baseline 0.005 -20"><span class='ocrx_word' id='word_1_444' title='bbox 435 4353 654 4407; x_wconf 66' lang='lat' dir='ltr'><strong>dantur.</strong></span> <span class='ocrx_word' id='word_1_445' title='bbox 698 4353 771 4405; x_wconf 87' lang='lat' dir='ltr'><strong>Ea</strong></span> <span class='ocrx_word' id='word_1_446' title='bbox 804 4356 947 4408; x_wconf 87' lang='lat' dir='ltr'><strong>enim</strong></span> <span class='ocrx_word' id='word_1_447' title='bbox 998 4356 1277 4425; x_wconf 85' lang='lat' dir='ltr'><strong>archetypi</strong></span> <span class='ocrx_word' id='word_1_448' title='bbox 1304 4355 1412 4408; x_wconf 85' lang='lat' dir='ltr'><strong>vim</strong></span> <span class='ocrx_word' id='word_1_449' title='bbox 1446 4356 1740 4423; x_wconf 79' lang='lat' dir='ltr'><strong>habebunt,</strong></span> <span class='ocrx_word' id='word_1_450' title='bbox 1786 4367 1841 4411; x_wconf 87' lang='lat' dir='ltr'><strong>et</strong></span> <span class='ocrx_word' id='word_1_451' title='bbox 1867 4360 2027 4412; x_wconf 79' lang='lat' dir='ltr'><strong>cxlti-</strong></span> 
     </span>
    </p>
   </div>
   <div class='ocr_carea' id='block_1_64' title="bbox 438 4442 1677 4500">
    <p class='ocr_par' dir='ltr' id='par_1_64' title="bbox 438 4442 1677 4500">
     <span class='ocr_line' id='line_1_64' title="bbox 438 4442 1677 4500; baseline 0.008 -10"><span class='ocrx_word' id='word_1_452' title='bbox 438 4442 686 4495; x_wconf 73' lang='lat' dir='ltr'><strong>lwntihus</strong></span> <span class='ocrx_word' id='word_1_453' title='bbox 717 4444 781 4496; x_wconf 80' lang='lat' dir='ltr'><strong>ad</strong></span> <span class='ocrx_word' id='word_1_454' title='bbox 816 4456 1076 4498; x_wconf 65' lang='lat' dir='ltr'><strong>aeternam</strong></span> <span class='ocrx_word' id='word_1_455' title='bbox 1104 4448 1454 4499; x_wconf 87' lang='lat' dir='ltr'><strong>securitatem</strong></span> <span class='ocrx_word' id='word_1_456' title='bbox 1495 4455 1677 4500; x_wconf 89' lang='lat' dir='ltr'><strong>erunt.</strong></span> 
     </span>
    </p>
   </div>
   <div class='ocr_carea' id='block_1_65' title="bbox 2132 1863 3709 1933">
    <p class='ocr_par' dir='ltr' id='par_1_65' title="bbox 2132 1863 3709 1933">
     <span class='ocr_line' id='line_1_65' title="bbox 2132 1863 3709 1933; baseline 0 -16"><span class='ocrx_word' id='word_1_457' title='bbox 2132 1864 2315 1931; x_wconf 84' lang='grc' dir='ltr'>νήτοις</span> <span class='ocrx_word' id='word_1_458' title='bbox 2348 1863 2533 1929; x_wconf 89' lang='grc' dir='ltr'>μέντοι</span> <span class='ocrx_word' id='word_1_459' title='bbox 2566 1864 2672 1917; x_wconf 82' lang='grc' dir='ltr'><strong>τῶν</strong></span> <span class='ocrx_word' id='word_1_460' title='bbox 2694 1864 3045 1933; x_wconf 82' lang='grc' dir='ltr'><strong>χηρευουσῶν</strong></span> <span class='ocrx_word' id='word_1_461' title='bbox 3078 1864 3386 1932; x_wconf 78' lang='grc' dir='ltr'>ἐκκλησιῶν</span> <span class='ocrx_word' id='word_1_462' title='bbox 3417 1864 3537 1917; x_wconf 83' lang='grc' dir='ltr'>οὐδὲ</span> <span class='ocrx_word' id='word_1_463' title='bbox 3569 1864 3709 1917; x_wconf 85' lang='grc' dir='ltr'>πόδα</span> 
     </span>
    </p>
   </div>
   <div class='ocr_carea' id='block_1_66' title="bbox 2126 1955 3710 2028">
    <p class='ocr_par' dir='ltr' id='par_1_66' title="bbox 2126 1955 3710 2028">
     <span class='ocr_line' id='line_1_66' title="bbox 2126 1955 3710 2028; baseline -0.001 -20"><span class='ocrx_word' id='word_1_464' title='bbox 2126 1956 2261 2018; x_wconf 82' lang='grc' dir='ltr'><strong>ὅλως</strong></span> <span class='ocrx_word' id='word_1_465' title='bbox 2304 1955 2555 2008; x_wconf 76' lang='grc' dir='ltr'>ὲπιὸαλεῖ</span> <span class='ocrx_word' id='word_1_466' title='bbox 2586 1973 2672 2021; x_wconf 89' lang='grc' dir='ltr'><strong>τις</strong></span> <span class='ocrx_word' id='word_1_467' title='bbox 2710 1956 2816 2009; x_wconf 84' lang='grc' dir='ltr'><strong>τῶν</strong></span> <span class='ocrx_word' id='word_1_468' title='bbox 2849 1958 2989 2009; x_wconf 80' lang='grc' dir='ltr'>κατὰ</span> <span class='ocrx_word' id='word_1_469' title='bbox 3018 1957 3203 2028; x_wconf 79' lang='grc' dir='ltr'>χώραν</span> <span class='ocrx_word' id='word_1_470' title='bbox 3231 1955 3440 2009; x_wconf 89' lang='grc' dir='ltr'>δουκῶν</span> <span class='ocrx_word' id='word_1_471' title='bbox 3471 1956 3517 2026; x_wconf 78' lang='grc' dir='ltr'>ἦ.</span> <span class='ocrx_word' id='word_1_472' title='bbox 3542 1973 3710 2009; x_wconf 81' lang='grc' dir='ltr'>τινων</span> 
     </span>
    </p>
   </div>
   <div class='ocr_carea' id='block_1_67' title="bbox 2127 2046 3716 2116">
    <p class='ocr_par' dir='ltr' id='par_1_67' title="bbox 2127 2046 3716 2116">
     <span class='ocr_line' id='line_1_67' title="bbox 2127 2046 3716 2116; baseline 0.001 -18"><span class='ocrx_word' id='word_1_473' title='bbox 2127 2046 2351 2116; x_wconf 80' lang='grc' dir='ltr'>ἐτέρων,</span> <span class='ocrx_word' id='word_1_474' title='bbox 2382 2047 2456 2110; x_wconf 88' lang='grc' dir='ltr'>ὠς</span> <span class='ocrx_word' id='word_1_475' title='bbox 2487 2048 2727 2116; x_wconf 74' lang='grc' dir='ltr'>εἴρηται,</span> <span class='ocrx_word' id='word_1_476' title='bbox 2753 2047 2875 2099; x_wconf 85' lang='grc' dir='ltr'>οὐδέ</span> <span class='ocrx_word' id='word_1_477' title='bbox 2904 2065 2957 2100; x_wconf 94' lang='grc' dir='ltr'>τι</span> <span class='ocrx_word' id='word_1_478' title='bbox 2987 2047 3195 2101; x_wconf 80' lang='grc' dir='ltr'>οίονοῦν</span> <span class='ocrx_word' id='word_1_479' title='bbox 3219 2046 3430 2101; x_wconf 75' lang='grc' dir='ltr'>ἐκεῖθεν</span> <span class='ocrx_word' id='word_1_480' title='bbox 3461 2047 3716 2099; x_wconf 78' lang='grc' dir='ltr'><strong>ὁπωσοῦν</strong></span> 
     </span>
    </p>
   </div>
   <div class='ocr_carea' id='block_1_68' title="bbox 2129 2139 3715 2212">
    <p class='ocr_par' dir='ltr' id='par_1_68' title="bbox 2129 2139 3715 2212">
     <span class='ocr_line' id='line_1_68' title="bbox 2129 2139 3715 2212; baseline 0.001 -21"><span class='ocrx_word' id='word_1_481' title='bbox 2129 2139 2473 2210; x_wconf 79' lang='grc' dir='ltr'>ἁναλάὅηται</span> <span class='ocrx_word' id='word_1_482' title='bbox 2501 2155 2517 2170; x_wconf 89' lang='grc'><strong>·</strong></span> <span class='ocrx_word' id='word_1_483' title='bbox 2551 2139 2687 2193; x_wconf 78' lang='grc' dir='ltr'>ἀλλὰ</span> <span class='ocrx_word' id='word_1_484' title='bbox 2721 2140 2900 2193; x_wconf 78' lang='grc' dir='ltr'>πάντα</span> <span class='ocrx_word' id='word_1_485' title='bbox 2929 2141 3081 2209; x_wconf 85' lang='grc' dir='ltr'>παρὰ</span> <span class='ocrx_word' id='word_1_486' title='bbox 3106 2141 3214 2195; x_wconf 86' lang='grc' dir='ltr'><strong>τῶν</strong></span> <span class='ocrx_word' id='word_1_487' title='bbox 3240 2142 3425 2212; x_wconf 84' lang='grc' dir='ltr'>μερῶν</span> <span class='ocrx_word' id='word_1_488' title='bbox 3452 2143 3562 2194; x_wconf 86' lang='grc' dir='ltr'><strong>τῶν</strong></span> <span class='ocrx_word' id='word_1_489' title='bbox 3599 2159 3715 2193; x_wconf 83' lang='grc' dir='ltr'>τοι·</span> 
     </span>
    </p>
   </div>
   <div class='ocr_carea' id='block_1_69' title="bbox 2127 2230 3715 2302">
    <p class='ocr_par' dir='ltr' id='par_1_69' title="bbox 2127 2230 3715 2302">
     <span class='ocr_line' id='line_1_69' title="bbox 2127 2230 3715 2302; baseline 0.001 -20"><span class='ocrx_word' id='word_1_490' title='bbox 2127 2230 2303 2283; x_wconf 90' lang='grc' dir='ltr'>ούτων</span> <span class='ocrx_word' id='word_1_491' title='bbox 2331 2230 2645 2298; x_wconf 72' lang='grc' dir='ltr'>ἐκκλησιῶν</span> <span class='ocrx_word' id='word_1_492' title='bbox 2677 2232 2735 2283; x_wconf 80' lang='grc' dir='ltr'>ἐν</span> <span class='ocrx_word' id='word_1_493' title='bbox 2766 2232 2951 2295; x_wconf 80' lang='grc' dir='ltr'>αὐτοῖς</span> <span class='ocrx_word' id='word_1_494' title='bbox 2980 2233 3497 2302; x_wconf 83' lang='grc' dir='ltr'>οἰκονομηθήσεται,</span> <span class='ocrx_word' id='word_1_495' title='bbox 3525 2232 3715 2295; x_wconf 84' lang='grc' dir='ltr'>καθὼς</span> 
     </span>
    </p>
   </div>
   <div class='ocr_carea' id='block_1_70' title="bbox 2133 2323 3720 2395">
    <p class='ocr_par' dir='ltr' id='par_1_70' title="bbox 2133 2323 3720 2395">
     <span class='ocr_line' id='line_1_70' title="bbox 2133 2323 3720 2395; baseline 0 -18"><span class='ocrx_word' id='word_1_496' title='bbox 2133 2323 2245 2392; x_wconf 75' lang='grc' dir='ltr'>ἄρα</span> <span class='ocrx_word' id='word_1_497' title='bbox 2281 2325 2377 2377; x_wconf 81' lang='grc' dir='ltr'>καὶ</span> <span class='ocrx_word' id='word_1_498' title='bbox 2405 2325 2535 2395; x_wconf 77' lang='grc' dir='ltr'>περὶ</span> <span class='ocrx_word' id='word_1_499' title='bbox 2559 2325 2751 2377; x_wconf 87' lang='grc' dir='ltr'>τούτου</span> <span class='ocrx_word' id='word_1_500' title='bbox 2785 2324 3033 2394; x_wconf 82' lang='grc' dir='ltr'>νομίμως</span> <span class='ocrx_word' id='word_1_501' title='bbox 3064 2325 3159 2377; x_wconf 85' lang='grc' dir='ltr'>καὶ</span> <span class='ocrx_word' id='word_1_502' title='bbox 3193 2324 3497 2388; x_wconf 86' lang='grc' dir='ltr'>κανονικῶς</span> <span class='ocrx_word' id='word_1_503' title='bbox 3529 2324 3720 2395; x_wconf 82' lang='grc' dir='ltr'>διηγό-</span> 
     </span>
    </p>
   </div>
   <div class='ocr_carea' id='block_1_71' title="bbox 2131 2416 3719 2489">
    <p class='ocr_par' dir='ltr' id='par_1_71' title="bbox 2131 2416 3719 2489">
     <span class='ocr_line' id='line_1_71' title="bbox 2131 2416 3719 2489; baseline 0.001 -21"><span class='ocrx_word' id='word_1_504' title='bbox 2131 2434 2346 2486; x_wconf 89' lang='grc' dir='ltr'>ρευται,</span> <span class='ocrx_word' id='word_1_505' title='bbox 2380 2417 2572 2488; x_wconf 81' lang='grc' dir='ltr'>μέχρις</span> <span class='ocrx_word' id='word_1_506' title='bbox 2613 2417 2679 2471; x_wconf 86' lang='grc' dir='ltr'>ἂν</span> <span class='ocrx_word' id='word_1_507' title='bbox 2710 2417 2913 2489; x_wconf 85' lang='grc' dir='ltr'>δηλαδὴ</span> <span class='ocrx_word' id='word_1_508' title='bbox 2950 2418 3001 2470; x_wconf 79' lang='lat' dir='ltr'><strong>oi</strong></span> <span class='ocrx_word' id='word_1_509' title='bbox 3043 2416 3187 2471; x_wconf 82' lang='grc' dir='ltr'>κατὰ</span> <span class='ocrx_word' id='word_1_510' title='bbox 3221 2417 3348 2479; x_wconf 77' lang='grc' dir='ltr'>τοὺς</span> <span class='ocrx_word' id='word_1_511' title='bbox 3378 2416 3719 2485; x_wconf 76' lang='grc' dir='ltr'><strong>τεθνηκότας</strong></span> 
     </span>
    </p>
   </div>
   <div class='ocr_carea' id='block_1_72' title="bbox 2130 2506 3715 2579">
    <p class='ocr_par' dir='ltr' id='par_1_72' title="bbox 2130 2506 3715 2579">
     <span class='ocr_line' id='line_1_72' title="bbox 2130 2506 3715 2579; baseline -0.001 -18"><span class='ocrx_word' id='word_1_512' title='bbox 2130 2508 2415 2577; x_wconf 81' lang='grc' dir='ltr'>ἀρχιερεῖς</span> <span class='ocrx_word' id='word_1_513' title='bbox 2447 2509 2527 2571; x_wconf 83' lang='grc' dir='ltr'><strong>εἰς</strong></span> <span class='ocrx_word' id='word_1_514' title='bbox 2556 2509 2857 2577; x_wconf 71' lang='grc' dir='ltr'>ἐκκλησίας</span> <span class='ocrx_word' id='word_1_515' title='bbox 2882 2507 3376 2579; x_wconf 75' lang='grc' dir='ltr'>ὲπικηρυττόμενοι</span> <span class='ocrx_word' id='word_1_516' title='bbox 3418 2507 3562 2561; x_wconf 81' lang='grc' dir='ltr'>κατὰ</span> <span class='ocrx_word' id='word_1_517' title='bbox 3600 2506 3715 2577; x_wconf 52' lang='lat' dir='ltr'><strong>xci»</strong></span> 
     </span>
    </p>
   </div>
   <div class='ocr_carea' id='block_1_73' title="bbox 2139 2598 3711 2670">
    <p class='ocr_par' dir='ltr' id='par_1_73' title="bbox 2139 2598 3711 2670">
     <span class='ocr_line' id='line_1_73' title="bbox 2139 2598 3711 2670; baseline -0.001 -18"><span class='ocrx_word' id='word_1_518' title='bbox 2139 2614 2241 2670; x_wconf 90' lang='grc' dir='ltr'><strong>ραν</strong></span> <span class='ocrx_word' id='word_1_519' title='bbox 2273 2602 2558 2668; x_wconf 81' lang='grc' dir='ltr'>γεγονότες</span> <span class='ocrx_word' id='word_1_520' title='bbox 2596 2599 2771 2665; x_wconf 63' lang='grc' dir='ltr'>αὐτοὶ,</span> <span class='ocrx_word' id='word_1_521' title='bbox 2809 2600 2910 2669; x_wconf 82' lang='grc' dir='ltr'>τῆς</span> <span class='ocrx_word' id='word_1_522' title='bbox 2946 2598 3152 2653; x_wconf 74' lang='grc' dir='ltr'>τούτων</span> <span class='ocrx_word' id='word_1_523' title='bbox 3179 2600 3493 2668; x_wconf 80' lang='grc' dir='ltr'>οἰκονομίας</span> <span class='ocrx_word' id='word_1_524' title='bbox 3523 2600 3711 2653; x_wconf 83' lang='grc' dir='ltr'>ἀναδέ-</span> 
     </span>
    </p>
   </div>
   <div class='ocr_carea' id='block_1_74' title="bbox 2132 2690 3709 2769">
    <p class='ocr_par' dir='ltr' id='par_1_74' title="bbox 2132 2690 3709 2769">
     <span class='ocr_line' id='line_1_74' title="bbox 2132 2690 3709 2769; baseline -0.001 -25"><span class='ocrx_word' id='word_1_525' title='bbox 2132 2692 2350 2757; x_wconf 79' lang='grc' dir='ltr'>ξωνται.</span> <span class='ocrx_word' id='word_1_526' title='bbox 2405 2690 2618 2743; x_wconf 83' lang='grc' dir='ltr'>Εἱδέναι</span> <span class='ocrx_word' id='word_1_527' title='bbox 2674 2691 2983 2757; x_wconf 75' lang='grc' dir='ltr'>ὀφειλοντος</span> <span class='ocrx_word' id='word_1_528' title='bbox 3024 2691 3118 2743; x_wconf 80' lang='grc' dir='ltr'>τοῦ</span> <span class='ocrx_word' id='word_1_529' title='bbox 3162 2693 3242 2755; x_wconf 86' lang='grc' dir='ltr'><strong>εἰς</strong></span> <span class='ocrx_word' id='word_1_530' title='bbox 3277 2691 3533 2761; x_wconf 82' lang='grc' dir='ltr'>ἁθέτησίν</span> <span class='ocrx_word' id='word_1_531' title='bbox 3568 2708 3709 2769; x_wconf 72' lang='grc' dir='ltr'>τινος</span> 
     </span>
    </p>
   </div>
   <div class='ocr_carea' id='block_1_75' title="bbox 2131 2783 3713 2854">
    <p class='ocr_par' dir='ltr' id='par_1_75' title="bbox 2131 2783 3713 2854">
     <span class='ocr_line' id='line_1_75' title="bbox 2131 2783 3713 2854; baseline 0.003 -20"><span class='ocrx_word' id='word_1_532' title='bbox 2131 2783 2240 2834; x_wconf 86' lang='grc' dir='ltr'><strong>τῶν</strong></span> <span class='ocrx_word' id='word_1_533' title='bbox 2288 2786 2347 2835; x_wconf 83' lang='grc' dir='ltr'>ὲν</span> <span class='ocrx_word' id='word_1_534' title='bbox 2396 2786 2463 2852; x_wconf 87' lang='grc' dir='ltr'>τῇ</span> <span class='ocrx_word' id='word_1_535' title='bbox 2506 2783 2759 2854; x_wconf 78' lang='grc' dir='ltr'>παρούσῃ</span> <span class='ocrx_word' id='word_1_536' title='bbox 2812 2783 3109 2852; x_wconf 81' lang='grc' dir='ltr'>προστάξει</span> <span class='ocrx_word' id='word_1_537' title='bbox 3154 2784 3255 2853; x_wconf 85' lang='grc' dir='ltr'><strong>τῆς</strong></span> <span class='ocrx_word' id='word_1_538' title='bbox 3297 2784 3574 2852; x_wconf 70' lang='grc' dir='ltr'>βασιλείας</span> <span class='ocrx_word' id='word_1_539' title='bbox 3606 2802 3713 2854; x_wconf 85' lang='grc' dir='ltr'><strong>μου</strong></span> 
     </span>
    </p>
   </div>
   <div class='ocr_carea' id='block_1_76' title="bbox 2131 2873 3716 2946">
    <p class='ocr_par' dir='ltr' id='par_1_76' title="bbox 2131 2873 3716 2946">
     <span class='ocr_line' id='line_1_76' title="bbox 2131 2873 3716 2946; baseline 0.002 -21"><span class='ocrx_word' id='word_1_540' title='bbox 2131 2873 2504 2942; x_wconf 82' lang='grc' dir='ltr'>διωρισμένων</span> <span class='ocrx_word' id='word_1_541' title='bbox 2554 2875 2910 2942; x_wconf 84' lang='grc' dir='ltr'>χωρήσαντος</span> <span class='ocrx_word' id='word_1_542' title='bbox 2960 2875 3059 2938; x_wconf 80' lang='grc' dir='ltr'>ὡς,</span> <span class='ocrx_word' id='word_1_543' title='bbox 3112 2875 3163 2926; x_wconf 78' lang='grc' dir='ltr'><strong>εἰ</strong></span> <span class='ocrx_word' id='word_1_544' title='bbox 3203 2876 3296 2929; x_wconf 73' lang='grc' dir='ltr'><strong>καὶ</strong></span> <span class='ocrx_word' id='word_1_545' title='bbox 3322 2875 3454 2937; x_wconf 83' lang='grc' dir='ltr'>Θεὸς</span> <span class='ocrx_word' id='word_1_546' title='bbox 3503 2877 3596 2927; x_wconf 75' lang='grc' dir='ltr'><strong>ἐπὶ</strong></span> <span class='ocrx_word' id='word_1_547' title='bbox 3633 2877 3716 2946; x_wconf 84' lang='grc' dir='ltr'>τῷ</span> 
     </span>
    </p>
   </div>
   <div class='ocr_carea' id='block_1_77' title="bbox 2134 2965 3719 3039">
    <p class='ocr_par' dir='ltr' id='par_1_77' title="bbox 2134 2965 3719 3039">
     <span class='ocr_line' id='line_1_77' title="bbox 2134 2965 3719 3039; baseline 0.004 -23"><span class='ocrx_word' id='word_1_548' title='bbox 2134 2965 2366 3037; x_wconf 83' lang='grc' dir='ltr'><strong>τοιούτῳ</strong></span> <span class='ocrx_word' id='word_1_549' title='bbox 2393 2965 2576 3018; x_wconf 87' lang='grc' dir='ltr'>αὐτῶν</span> <span class='ocrx_word' id='word_1_550' title='bbox 2615 2967 2928 3036; x_wconf 84' lang='grc' dir='ltr'>τολμήματι</span> <span class='ocrx_word' id='word_1_551' title='bbox 2971 2968 3108 3038; x_wconf 86' lang='grc' dir='ltr'>πρός</span> <span class='ocrx_word' id='word_1_552' title='bbox 3136 2985 3195 3021; x_wconf 89' lang='grc' dir='ltr'><strong>τε</strong></span> <span class='ocrx_word' id='word_1_553' title='bbox 3237 2969 3298 3020; x_wconf 86' lang='grc' dir='ltr'><strong>τὸ</strong></span> <span class='ocrx_word' id='word_1_554' title='bbox 3336 2969 3509 3039; x_wconf 84' lang='grc' dir='ltr'>παρὸν</span> <span class='ocrx_word' id='word_1_555' title='bbox 3535 2987 3719 3036; x_wconf 87' lang='grc' dir='ltr'>παρα-</span> 
     </span>
    </p>
   </div>
   <div class='ocr_carea' id='block_1_78' title="bbox 2052 3060 3716 3156">
    <p class='ocr_par' dir='ltr' id='par_1_78' title="bbox 2052 3060 3716 3156">
     <span class='ocr_line' id='line_1_78' title="bbox 2052 3060 3716 3156; baseline 0.001 -43"><span class='ocrx_word' id='word_1_556' title='bbox 2052 3086 2100 3156; x_wconf 78' lang='lat' dir='ltr'>C</span> <span class='ocrx_word' id='word_1_557' title='bbox 2137 3062 2503 3129; x_wconf 81' lang='grc' dir='ltr'>σιωπήσεται,</span> <span class='ocrx_word' id='word_1_558' title='bbox 2537 3061 2757 3124; x_wconf 84' lang='grc' dir='ltr'>πάντως</span> <span class='ocrx_word' id='word_1_559' title='bbox 2784 3062 2865 3123; x_wconf 82' lang='grc' dir='ltr'><strong>εἰς</strong></span> <span class='ocrx_word' id='word_1_560' title='bbox 2893 3060 2956 3112; x_wconf 87' lang='grc' dir='ltr'>τὸ</span> <span class='ocrx_word' id='word_1_561' title='bbox 2998 3061 3193 3129; x_wconf 81' lang='grc' dir='ltr'>μέλλον</span> <span class='ocrx_word' id='word_1_562' title='bbox 3218 3062 3406 3126; x_wconf 86' lang='grc' dir='ltr'>αὐτοῖς</span> <span class='ocrx_word' id='word_1_563' title='bbox 3428 3064 3527 3133; x_wconf 86' lang='grc' dir='ltr'>τὴν</span> <span class='ocrx_word' id='word_1_564' title='bbox 3554 3064 3716 3128; x_wconf 79' lang='grc' dir='ltr'>ἀξίαν</span> 
     </span>
    </p>
   </div>
   <div class='ocr_carea' id='block_1_79' title="bbox 2130 3153 3718 3225">
    <p class='ocr_par' dir='ltr' id='par_1_79' title="bbox 2130 3153 3718 3225">
     <span class='ocr_line' id='line_1_79' title="bbox 2130 3153 3718 3225; baseline 0.002 -17"><span class='ocrx_word' id='word_1_565' title='bbox 2130 3154 2289 3223; x_wconf 84' lang='grc' dir='ltr'>δίκην</span> <span class='ocrx_word' id='word_1_566' title='bbox 2316 3154 2735 3221; x_wconf 85' lang='grc' dir='ltr'>ταμιευόμενος,</span> <span class='ocrx_word' id='word_1_567' title='bbox 2771 3153 2885 3206; x_wconf 81' lang='grc' dir='ltr'>ἀλλ’</span> <span class='ocrx_word' id='word_1_568' title='bbox 2921 3155 2952 3224; x_wconf 79' lang='grc' dir='ltr'><strong>ἡ</strong></span> <span class='ocrx_word' id='word_1_569' title='bbox 3000 3153 3248 3223; x_wconf 84' lang='grc' dir='ltr'>βασιλεία</span> <span class='ocrx_word' id='word_1_570' title='bbox 3283 3173 3384 3225; x_wconf 89' lang='grc' dir='ltr'><strong>μου</strong></span> <span class='ocrx_word' id='word_1_571' title='bbox 3414 3159 3508 3210; x_wconf 75' lang='grc' dir='ltr'><strong>καὶ</strong></span> <span class='ocrx_word' id='word_1_572' title='bbox 3542 3161 3624 3220; x_wconf 84' lang='grc' dir='ltr'><strong>είς</strong></span> <span class='ocrx_word' id='word_1_573' title='bbox 3642 3160 3718 3211; x_wconf 61' lang='lat' dir='ltr'><strong>ab</strong></span> 
     </span>
    </p>
   </div>
   <div class='ocr_carea' id='block_1_80' title="bbox 2129 3247 3718 3319">
    <p class='ocr_par' dir='ltr' id='par_1_80' title="bbox 2129 3247 3718 3319">
     <span class='ocr_line' id='line_1_80' title="bbox 2129 3247 3718 3319; baseline 0.003 -19"><span class='ocrx_word' id='word_1_574' title='bbox 2129 3248 2303 3317; x_wconf 81' lang='grc' dir='ltr'>παρὸν</span> <span class='ocrx_word' id='word_1_575' title='bbox 2346 3247 2672 3318; x_wconf 86' lang='grc' dir='ltr'>πικρότερον</span> <span class='ocrx_word' id='word_1_576' title='bbox 2724 3247 2857 3301; x_wconf 84' lang='grc' dir='ltr'>αὐτὸ</span> <span class='ocrx_word' id='word_1_577' title='bbox 2909 3248 3316 3316; x_wconf 83' lang='grc' dir='ltr'>μετελεύσεται,</span> <span class='ocrx_word' id='word_1_578' title='bbox 3373 3255 3718 3319; x_wconf 87' lang='grc' dir='ltr'>σωματικαῖς</span> 
     </span>
    </p>
   </div>
   <div class='ocr_carea' id='block_1_81' title="bbox 2128 3339 3718 3411">
    <p class='ocr_par' dir='ltr' id='par_1_81' title="bbox 2128 3339 3718 3411">
     <span class='ocr_line' id='line_1_81' title="bbox 2128 3339 3718 3411; baseline 0.003 -18"><span class='ocrx_word' id='word_1_579' title='bbox 2128 3342 2342 3403; x_wconf 82' lang='grc' dir='ltr'>ποιναῖς</span> <span class='ocrx_word' id='word_1_580' title='bbox 2383 3340 2545 3394; x_wconf 81' lang='grc' dir='ltr'>αὐτὸν</span> <span class='ocrx_word' id='word_1_581' title='bbox 2598 3339 3059 3395; x_wconf 80' lang='grc' dir='ltr'>καθυποὸαλοῦσα</span> <span class='ocrx_word' id='word_1_582' title='bbox 3101 3378 3119 3407; x_wconf 86' lang='grc'><strong>,</strong></span> <span class='ocrx_word' id='word_1_583' title='bbox 3170 3343 3349 3411; x_wconf 86' lang='grc' dir='ltr'>μελῶν</span> <span class='ocrx_word' id='word_1_584' title='bbox 3392 3361 3451 3397; x_wconf 88' lang='grc' dir='ltr'><strong>τε</strong></span> <span class='ocrx_word' id='word_1_585' title='bbox 3493 3346 3718 3399; x_wconf 79' lang='grc' dir='ltr'>οἰκείων</span> 
     </span>
    </p>
   </div>
   <div class='ocr_carea' id='block_1_82' title="bbox 2126 3432 3716 3505">
    <p class='ocr_par' dir='ltr' id='par_1_82' title="bbox 2126 3432 3716 3505">
     <span class='ocr_line' id='line_1_82' title="bbox 2126 3432 3716 3505; baseline 0.004 -20"><span class='ocrx_word' id='word_1_586' title='bbox 2126 3433 2632 3503; x_wconf 85' lang='grc' dir='ltr'>ἁκρωτηριασμοίς,</span> <span class='ocrx_word' id='word_1_587' title='bbox 2662 3432 2759 3486; x_wconf 78' lang='grc' dir='ltr'>καὶ</span> <span class='ocrx_word' id='word_1_588' title='bbox 2787 3432 2896 3487; x_wconf 89' lang='grc' dir='ltr'><strong>τῶν</strong></span> <span class='ocrx_word' id='word_1_589' title='bbox 2924 3434 3594 3505; x_wconf 80' lang='grc' dir='ltr'>ὑπαρχόντωνδημεύσει,</span> <span class='ocrx_word' id='word_1_590' title='bbox 3620 3440 3716 3492; x_wconf 82' lang='grc' dir='ltr'>καὶ</span> 
     </span>
    </p>
   </div>
   <div class='ocr_carea' id='block_1_83' title="bbox 2128 3524 3717 3597">
    <p class='ocr_par' dir='ltr' id='par_1_83' title="bbox 2128 3524 3717 3597">
     <span class='ocr_line' id='line_1_83' title="bbox 2128 3524 3717 3597; baseline 0.004 -20"><span class='ocrx_word' id='word_1_591' title='bbox 2128 3524 2319 3597; x_wconf 78' lang='grc' dir='ltr'>ὲξορίᾳ</span> <span class='ocrx_word' id='word_1_592' title='bbox 2356 3525 2566 3595; x_wconf 77' lang='grc' dir='ltr'>μακρᾷ.</span> <span class='ocrx_word' id='word_1_593' title='bbox 2600 3524 2676 3577; x_wconf 81' lang='grc' dir='ltr'>Οὐ</span> <span class='ocrx_word' id='word_1_594' title='bbox 2717 3525 2877 3595; x_wconf 88' lang='grc' dir='ltr'>μόνον</span> <span class='ocrx_word' id='word_1_595' title='bbox 2906 3525 3016 3595; x_wconf 77' lang='grc' dir='ltr'>γὰρ</span> <span class='ocrx_word' id='word_1_596' title='bbox 3040 3525 3103 3579; x_wconf 88' lang='grc' dir='ltr'><strong>τὸ</strong></span> <span class='ocrx_word' id='word_1_597' title='bbox 3139 3526 3347 3580; x_wconf 80' lang='grc' dir='ltr'>ἁπλοῦν</span> <span class='ocrx_word' id='word_1_598' title='bbox 3379 3529 3717 3583; x_wconf 82' lang='grc' dir='ltr'>ἁπεντεῦθεν</span> 
     </span>
    </p>
   </div>
   <div class='ocr_carea' id='block_1_84' title="bbox 2129 3612 3717 3690">
    <p class='ocr_par' dir='ltr' id='par_1_84' title="bbox 2129 3612 3717 3690">
     <span class='ocr_line' id='line_1_84' title="bbox 2129 3612 3717 3690; baseline 0.002 -19"><span class='ocrx_word' id='word_1_599' title='bbox 2129 3618 2406 3671; x_wconf 85' lang='grc' dir='ltr'>ἀποδώσει</span> <span class='ocrx_word' id='word_1_600' title='bbox 2442 3619 2471 3671; x_wconf 86' lang='grc' dir='ltr'>ὁ</span> <span class='ocrx_word' id='word_1_601' title='bbox 2504 3617 2748 3681; x_wconf 83' lang='grc' dir='ltr'>τοιοῦτος</span> <span class='ocrx_word' id='word_1_602' title='bbox 2778 3621 2843 3689; x_wconf 85' lang='grc' dir='ltr'><strong>τῇ</strong></span> <span class='ocrx_word' id='word_1_603' title='bbox 2877 3612 3166 3690; x_wconf 74' lang='grc' dir='ltr'>ἐκκλησίᾳ,</span> <span class='ocrx_word' id='word_1_604' title='bbox 3210 3621 3270 3672; x_wconf 75' lang='grc' dir='ltr'><strong>τὸ</strong></span> <span class='ocrx_word' id='word_1_605' title='bbox 3304 3621 3360 3687; x_wconf 76' lang='grc' dir='ltr'><strong>ἐξ</strong></span> <span class='ocrx_word' id='word_1_606' title='bbox 3392 3621 3566 3689; x_wconf 78' lang='grc' dir='ltr'>αὐτῆς</span> <span class='ocrx_word' id='word_1_607' title='bbox 3590 3640 3717 3674; x_wconf 85' lang='grc' dir='ltr'>-τοι-</span> 
     </span>
    </p>
   </div>
   <div class='ocr_carea' id='block_1_85' title="bbox 2127 3708 3716 3781">
    <p class='ocr_par' dir='ltr' id='par_1_85' title="bbox 2127 3708 3716 3781">
     <span class='ocr_line' id='line_1_85' title="bbox 2127 3708 3716 3781; baseline 0.001 -17"><span class='ocrx_word' id='word_1_608' title='bbox 2127 3711 2468 3779; x_wconf 82' lang='grc' dir='ltr'>ουτοτρόπως</span> <span class='ocrx_word' id='word_1_609' title='bbox 2506 3711 2635 3780; x_wconf 85' lang='grc' dir='ltr'>παρ’</span> <span class='ocrx_word' id='word_1_610' title='bbox 2662 3708 2826 3762; x_wconf 76' lang='grc' dir='ltr'>αὐτοῦ</span> <span class='ocrx_word' id='word_1_611' title='bbox 2886 3710 3417 3781; x_wconf 79' lang='grc' dir='ltr'>ἀφαιρεθησόμενον,</span> <span class='ocrx_word' id='word_1_612' title='bbox 3453 3712 3589 3765; x_wconf 80' lang='grc' dir='ltr'>ἀλλὰ</span> <span class='ocrx_word' id='word_1_613' title='bbox 3620 3715 3716 3765; x_wconf 73' lang='grc' dir='ltr'>καὶ</span> 
     </span>
    </p>
   </div>
   <div class='ocr_carea' id='block_1_86' title="bbox 2131 3800 3713 3871">
    <p class='ocr_par' dir='ltr' id='par_1_86' title="bbox 2131 3800 3713 3871">
     <span class='ocr_line' id='line_1_86' title="bbox 2131 3800 3713 3871; baseline 0.001 -17"><span class='ocrx_word' id='word_1_614' title='bbox 2131 3802 2271 3867; x_wconf 86' lang='grc' dir='ltr'>πρὸς</span> <span class='ocrx_word' id='word_1_615' title='bbox 2303 3802 2397 3854; x_wconf 81' lang='grc' dir='ltr'>τοῦ</span> <span class='ocrx_word' id='word_1_616' title='bbox 2432 3802 2696 3871; x_wconf 81' lang='grc' dir='ltr'>δημοσίου</span> <span class='ocrx_word' id='word_1_617' title='bbox 2726 3803 2805 3864; x_wconf 80' lang='grc' dir='ltr'><strong>εἰς</strong></span> <span class='ocrx_word' id='word_1_618' title='bbox 2833 3801 2894 3853; x_wconf 84' lang='grc' dir='ltr'>τὸ</span> <span class='ocrx_word' id='word_1_619' title='bbox 2920 3800 3142 3854; x_wconf 83' lang='grc' dir='ltr'>διπλοῦν</span> <span class='ocrx_word' id='word_1_620' title='bbox 3172 3802 3516 3871; x_wconf 83' lang='grc' dir='ltr'>ἁσυμπαθῶς</span> <span class='ocrx_word' id='word_1_621' title='bbox 3543 3804 3713 3855; x_wconf 75' lang='grc' dir='ltr'>ἁπαι-</span> 
     </span>
    </p>
   </div>
   <div class='ocr_carea' id='block_1_87' title="bbox 2128 3892 3716 3965">
    <p class='ocr_par' dir='ltr' id='par_1_87' title="bbox 2128 3892 3716 3965">
     <span class='ocr_line' id='line_1_87' title="bbox 2128 3892 3716 3965; baseline 0 -17"><span class='ocrx_word' id='word_1_622' title='bbox 2128 3894 2431 3965; x_wconf 82' lang='grc' dir='ltr'>τηθήσεται</span> <span class='ocrx_word' id='word_1_623' title='bbox 2464 3894 2561 3963; x_wconf 82' lang='grc' dir='ltr'>τὴν</span> <span class='ocrx_word' id='word_1_624' title='bbox 2584 3892 2848 3962; x_wconf 90' lang='grc' dir='ltr'>τοιαύτην</span> <span class='ocrx_word' id='word_1_625' title='bbox 2874 3894 3171 3964; x_wconf 85' lang='grc' dir='ltr'>ποσότητα,</span> <span class='ocrx_word' id='word_1_626' title='bbox 3197 3894 3455 3963; x_wconf 85' lang='grc' dir='ltr'>εἰδήσεως</span> <span class='ocrx_word' id='word_1_627' title='bbox 3486 3897 3716 3965; x_wconf 72' lang='grc' dir='ltr'>ἀκριϐεο</span> 
     </span>
    </p>
   </div>
   <div class='ocr_carea' id='block_1_88' title="bbox 2137 3982 3717 4055">
    <p class='ocr_par' dir='ltr' id='par_1_88' title="bbox 2137 3982 3717 4055">
     <span class='ocr_line' id='line_1_88' title="bbox 2137 3982 3717 4055; baseline 0.001 -17"><span class='ocrx_word' id='word_1_628' title='bbox 2137 3986 2338 4052; x_wconf 82' lang='grc' dir='ltr'>στάτης</span> <span class='ocrx_word' id='word_1_629' title='bbox 2367 3983 2651 4053; x_wconf 83' lang='grc' dir='ltr'>διδομένης</span> <span class='ocrx_word' id='word_1_630' title='bbox 2698 3983 2827 4052; x_wconf 75' lang='grc' dir='ltr'>περὶ</span> <span class='ocrx_word' id='word_1_631' title='bbox 2857 3982 3049 4035; x_wconf 85' lang='grc' dir='ltr'>τούτου</span> <span class='ocrx_word' id='word_1_632' title='bbox 3086 3983 3238 4051; x_wconf 84' lang='grc' dir='ltr'>παρὰ</span> <span class='ocrx_word' id='word_1_633' title='bbox 3278 3983 3371 4036; x_wconf 78' lang='grc' dir='ltr'>τοῦ</span> <span class='ocrx_word' id='word_1_634' title='bbox 3413 3985 3717 4055; x_wconf 75' lang='grc' dir='ltr'>τηνικαῦτα</span> 
     </span>
    </p>
   </div>
   <div class='ocr_carea' id='block_1_89' title="bbox 2135 4075 3716 4148">
    <p class='ocr_par' dir='ltr' id='par_1_89' title="bbox 2135 4075 3716 4148">
     <span class='ocr_line' id='line_1_89' title="bbox 2135 4075 3716 4148; baseline -0.003 -16"><span class='ocrx_word' id='word_1_635' title='bbox 2135 4079 2442 4148; x_wconf 76' lang='grc' dir='ltr'>ἀρχιερέως</span> <span class='ocrx_word' id='word_1_636' title='bbox 2477 4077 2555 4145; x_wconf 84' lang='grc' dir='ltr'>τῷ</span> <span class='ocrx_word' id='word_1_637' title='bbox 2587 4077 2730 4129; x_wconf 84' lang='grc' dir='ltr'>κατὰ</span> <span class='ocrx_word' id='word_1_638' title='bbox 2773 4075 2871 4144; x_wconf 83' lang='grc' dir='ltr'>τὴν</span> <span class='ocrx_word' id='word_1_639' title='bbox 2922 4076 3137 4145; x_wconf 82' lang='grc' dir='ltr'>ἡμέραν</span> <span class='ocrx_word' id='word_1_640' title='bbox 3190 4076 3461 4145; x_wconf 83' lang='grc' dir='ltr'>μυστικῷ,</span> <span class='ocrx_word' id='word_1_641' title='bbox 3512 4076 3571 4138; x_wconf 79' lang='grc' dir='ltr'>ὃς</span> <span class='ocrx_word' id='word_1_642' title='bbox 3621 4080 3716 4128; x_wconf 75' lang='grc' dir='ltr'>καὶ</span> 
     </span>
    </p>
   </div>
   <div class='ocr_carea' id='block_1_90' title="bbox 2129 4167 3714 4239">
    <p class='ocr_par' dir='ltr' id='par_1_90' title="bbox 2129 4167 3714 4239">
     <span class='ocr_line' id='line_1_90' title="bbox 2129 4167 3714 4239; baseline -0.003 -17"><span class='ocrx_word' id='word_1_643' title='bbox 2129 4170 2337 4239; x_wconf 80' lang='grc' dir='ltr'>ὀφείλει</span> <span class='ocrx_word' id='word_1_644' title='bbox 2374 4168 2469 4221; x_wconf 73' lang='grc' dir='ltr'>καὶ</span> <span class='ocrx_word' id='word_1_645' title='bbox 2508 4170 2674 4236; x_wconf 76' lang='grc' dir='ltr'>ἄμφω</span> <span class='ocrx_word' id='word_1_646' title='bbox 2707 4168 3008 4236; x_wconf 61' lang='grc' dir='ltr'>οἰκονομεῖν</span> <span class='ocrx_word' id='word_1_647' title='bbox 3041 4184 3053 4195; x_wconf 61' lang='grc' dir='ltr'><strong><em>ο</em></strong></span> <span class='ocrx_word' id='word_1_648' title='bbox 3086 4167 3361 4235; x_wconf 77' lang='grc' dir='ltr'>πρόφασιν</span> <span class='ocrx_word' id='word_1_649' title='bbox 3406 4168 3461 4219; x_wconf 88' lang='grc' dir='ltr'>δὲ</span> <span class='ocrx_word' id='word_1_650' title='bbox 3499 4169 3714 4227; x_wconf 75' lang='grc' dir='ltr'>πάντως</span> 
     </span>
    </p>
   </div>
   <div class='ocr_carea' id='block_1_91' title="bbox 2130 4254 3716 4333">
    <p class='ocr_par' dir='ltr' id='par_1_91' title="bbox 2130 4254 3716 4333">
     <span class='ocr_line' id='line_1_91' title="bbox 2130 4254 3716 4333; baseline -0.003 -18"><span class='ocrx_word' id='word_1_651' title='bbox 2130 4264 2227 4333; x_wconf 81' lang='grc' dir='ltr'><strong>ούχ</strong></span> <span class='ocrx_word' id='word_1_652' title='bbox 2263 4261 2375 4326; x_wconf 74' lang='grc' dir='ltr'>’ἐξει</span> <span class='ocrx_word' id='word_1_653' title='bbox 2410 4261 2538 4330; x_wconf 77' lang='grc' dir='ltr'>περὶ</span> <span class='ocrx_word' id='word_1_654' title='bbox 2584 4260 2685 4327; x_wconf 82' lang='grc' dir='ltr'>τῆς</span> <span class='ocrx_word' id='word_1_655' title='bbox 2727 4258 3003 4328; x_wconf 85' lang='grc' dir='ltr'>ἁμαρτίας</span> <span class='ocrx_word' id='word_1_656' title='bbox 3043 4258 3231 4311; x_wconf 76' lang='grc' dir='ltr'>αὑτοῦ.</span> <span class='ocrx_word' id='word_1_657' title='bbox 3293 4254 3464 4311; x_wconf 66' lang='grc' dir='ltr'><strong>⁷11).οε</strong></span> <span class='ocrx_word' id='word_1_658' title='bbox 3518 4261 3627 4327; x_wconf 78' lang='grc' dir='ltr'><strong>γὰρ</strong></span> <span class='ocrx_word' id='word_1_659' title='bbox 3681 4263 3716 4329; x_wconf 84' lang='grc' dir='ltr'><strong>ή</strong></span> 
     </span>
    </p>
   </div>
   <div class='ocr_carea' id='block_1_92' title="bbox 2134 4350 3716 4423">
    <p class='ocr_par' dir='ltr' id='par_1_92' title="bbox 2134 4350 3716 4423">
     <span class='ocr_line' id='line_1_92' title="bbox 2134 4350 3716 4423; baseline -0.005 -15"><span class='ocrx_word' id='word_1_660' title='bbox 2134 4354 2381 4423; x_wconf 82' lang='grc' dir='ltr'>βασιλεία</span> <span class='ocrx_word' id='word_1_661' title='bbox 2420 4369 2522 4422; x_wconf 89' lang='grc' dir='ltr'><strong>μου</strong></span> <span class='ocrx_word' id='word_1_662' title='bbox 2563 4351 2937 4419; x_wconf 78' lang='grc' dir='ltr'>εύαγγελικῶς</span> <span class='ocrx_word' id='word_1_663' title='bbox 2971 4352 3067 4401; x_wconf 73' lang='grc' dir='ltr'>καὶ</span> <span class='ocrx_word' id='word_1_664' title='bbox 3103 4350 3366 4418; x_wconf 79' lang='grc' dir='ltr'>ἐλάλησεν</span> <span class='ocrx_word' id='word_1_665' title='bbox 3396 4351 3580 4412; x_wconf 79' lang='grc' dir='ltr'>αὐτοῖς</span> <span class='ocrx_word' id='word_1_666' title='bbox 3627 4350 3716 4401; x_wconf 72' lang='grc' dir='ltr'>διὰ</span> 
     </span>
    </p>
   </div>
   <div class='ocr_carea' id='block_1_93' title="bbox 2055 4441 3701 4517">
    <p class='ocr_par' dir='ltr' id='par_1_93' title="bbox 2055 4441 3701 4517">
     <span class='ocr_line' id='line_1_93' title="bbox 2055 4441 3701 4517; baseline -0.007 -13"><span class='ocrx_word' id='word_1_667' title='bbox 2055 4448 2099 4504; x_wconf 84' lang='grc' dir='ltr'>ι)</span> <span class='ocrx_word' id='word_1_668' title='bbox 2128 4450 2229 4517; x_wconf 81' lang='grc' dir='ltr'>τῆς</span> <span class='ocrx_word' id='word_1_669' title='bbox 2259 4445 2543 4515; x_wconf 78' lang='grc' dir='ltr'>παρούσης</span> <span class='ocrx_word' id='word_1_670' title='bbox 2585 4441 2962 4511; x_wconf 80' lang='grc' dir='ltr'>προστάξεως,</span> <span class='ocrx_word' id='word_1_671' title='bbox 3005 4441 3128 4509; x_wconf 81' lang='grc' dir='ltr'>ἣτις</span> <span class='ocrx_word' id='word_1_672' title='bbox 3176 4442 3701 4509; x_wconf 70' lang='grc' dir='ltr'>καταστρωθὴσεται</span> 
     </span>
    </p>
   </div>
   <div class='ocr_carea' id='block_1_94' title="bbox 434 4526 3717 4611">
    <p class='ocr_par' dir='ltr' id='par_1_94' title="bbox 434 4526 3717 4611">
     <span class='ocr_line' id='line_1_94' title="bbox 434 4526 3717 4611; baseline 0.001 -26"><span class='ocrx_word' id='word_1_673' title='bbox 434 4534 531 4585; x_wconf 76' lang='grc' dir='ltr'>καὶ</span> <span class='ocrx_word' id='word_1_674' title='bbox 566 4532 641 4602; x_wconf 82' lang='grc' dir='ltr'>τῷ</span> <span class='ocrx_word' id='word_1_675' title='bbox 674 4535 803 4605; x_wconf 73' lang='grc' dir='ltr'>ἱερῷ</span> <span class='ocrx_word' id='word_1_676' title='bbox 846 4538 1267 4607; x_wconf 82' lang='grc' dir='ltr'>χαρτοφυλακίῳ</span> <span class='ocrx_word' id='word_1_677' title='bbox 1310 4539 1794 4609; x_wconf 73' lang='grc' dir='ltr'>ὲναποτεθήσεται,</span> <span class='ocrx_word' id='word_1_678' title='bbox 1853 4542 2165 4611; x_wconf 79' lang='grc' dir='ltr'>ἀρκέσουσα</span> <span class='ocrx_word' id='word_1_679' title='bbox 2197 4542 2317 4601; x_wconf 84' lang='grc' dir='ltr'>ταῖς</span> <span class='ocrx_word' id='word_1_680' title='bbox 2384 4535 2716 4604; x_wconf 81' lang='grc' dir='ltr'>ἁγιωτάταις</span> <span class='ocrx_word' id='word_1_681' title='bbox 2781 4535 3120 4603; x_wconf 82' lang='grc' dir='ltr'>ἐκκλησίαις,</span> <span class='ocrx_word' id='word_1_682' title='bbox 3193 4532 3294 4587; x_wconf 84' lang='grc' dir='ltr'>κᾶν</span> <span class='ocrx_word' id='word_1_683' title='bbox 3358 4536 3589 4585; x_wconf 85' lang='grc' dir='ltr'>ἰσότυπα</span> <span class='ocrx_word' id='word_1_684' title='bbox 3626 4526 3717 4587; x_wconf 44' lang='grc' dir='ltr'><strong>καὶ</strong></span> 
     </span>
    </p>
   </div>
   <div class='ocr_carea' id='block_1_95' title="bbox 439 4625 3719 4708">
    <p class='ocr_par' dir='ltr' id='par_1_95' title="bbox 439 4625 3719 4708">
     <span class='ocr_line' id='line_1_95' title="bbox 439 4625 3719 4708; baseline 0.001 -31"><span class='ocrx_word' id='word_1_685' title='bbox 439 4625 575 4694; x_wconf 87' lang='grc' dir='ltr'>μόνα</span> <span class='ocrx_word' id='word_1_686' title='bbox 605 4628 813 4697; x_wconf 84' lang='grc' dir='ltr'>ταύτης</span> <span class='ocrx_word' id='word_1_687' title='bbox 845 4631 1238 4699; x_wconf 84' lang='grc' dir='ltr'>πεπιστωμένα</span> <span class='ocrx_word' id='word_1_688' title='bbox 1278 4631 1433 4701; x_wconf 69' lang='grc' dir='ltr'>παρὰ</span> <span class='ocrx_word' id='word_1_689' title='bbox 1474 4632 1585 4683; x_wconf 85' lang='grc' dir='ltr'><strong>τῶν</strong></span> <span class='ocrx_word' id='word_1_690' title='bbox 1624 4634 1806 4701; x_wconf 85' lang='grc' dir='ltr'>μερῶν</span> <span class='ocrx_word' id='word_1_691' title='bbox 1834 4636 2015 4691; x_wconf 82' lang='grc' dir='ltr'>αὐτῶν</span> <span class='ocrx_word' id='word_1_692' title='bbox 2054 4627 2688 4708; x_wconf 70' lang='grc' dir='ltr'>ἐμφανίζηται.”Εξουσι</span> <span class='ocrx_word' id='word_1_693' title='bbox 2714 4626 2823 4697; x_wconf 78' lang='grc' dir='ltr'>γὰρ</span> <span class='ocrx_word' id='word_1_694' title='bbox 2874 4625 3253 4695; x_wconf 84' lang='grc' dir='ltr'>πρωτοτύπων</span> <span class='ocrx_word' id='word_1_695' title='bbox 3314 4626 3470 4695; x_wconf 78' lang='grc' dir='ltr'>ἰσχὺν</span> <span class='ocrx_word' id='word_1_696' title='bbox 3536 4626 3719 4686; x_wconf 74' lang='grc' dir='ltr'>ταῦτα</span> 
     </span>
    </p>
   </div>
   <div class='ocr_carea' id='block_1_96' title="bbox 433 4719 2438 4795">
    <p class='ocr_par' dir='ltr' id='par_1_96' title="bbox 433 4719 2438 4795">
     <span class='ocr_line' id='line_1_96' title="bbox 433 4719 2438 4795; baseline 0.001 -22"><span class='ocrx_word' id='word_1_697' title='bbox 433 4719 530 4773; x_wconf 64' lang='grc' dir='ltr'>καὶ</span> <span class='ocrx_word' id='word_1_698' title='bbox 580 4723 693 4782; x_wconf 83' lang='grc' dir='ltr'>τοῖς</span> <span class='ocrx_word' id='word_1_699' title='bbox 742 4721 1136 4790; x_wconf 80' lang='grc' dir='ltr'>πορισαμένοις</span> <span class='ocrx_word' id='word_1_700' title='bbox 1179 4725 1541 4790; x_wconf 86' lang='grc' dir='ltr'>προσέσονται</span> <span class='ocrx_word' id='word_1_701' title='bbox 1592 4726 1672 4788; x_wconf 83' lang='grc' dir='ltr'><strong>εἰς</strong></span> <span class='ocrx_word' id='word_1_702' title='bbox 1714 4726 2015 4795; x_wconf 82' lang='grc' dir='ltr'>ἀσφάλειαν</span> <span class='ocrx_word' id='word_1_703' title='bbox 2050 4726 2438 4788; x_wconf 78' lang='grc' dir='ltr'>αἱωνίζουσαν.</span> 
     </span>
    </p>
   </div>
   <div class='ocr_carea' id='block_1_97' title="bbox 434 4810 2023 4891">
    <p class='ocr_par' dir='ltr' id='par_1_97' title="bbox 434 4810 2023 4891">
     <span class='ocr_line' id='line_1_97' title="bbox 434 4810 2023 4891; baseline 0.008 -29"><span class='ocrx_word' id='word_1_704' title='bbox 434 4876 447 4891; x_wconf 28' lang='grc' dir='ltr'>θ</span> <span class='ocrx_word' id='word_1_705' title='bbox 508 4810 756 4865; x_wconf 75' lang='lat' dir='ltr'><strong>ZONAR.</strong></span> <span class='ocrx_word' id='word_1_706' title='bbox 792 4815 945 4873; x_wconf 61' lang='lat' dir='ltr'><strong>Idem,</strong></span> <span class='ocrx_word' id='word_1_707' title='bbox 987 4810 1363 4881; x_wconf 77' lang='lat' dir='ltr'><strong>argumentum</strong></span> <span class='ocrx_word' id='word_1_708' title='bbox 1418 4827 1626 4885; x_wconf 72' lang='lat' dir='ltr'><strong>quartae</strong></span> <span class='ocrx_word' id='word_1_709' title='bbox 1665 4834 1878 4887; x_wconf 88' lang='lat' dir='ltr'><strong>quoque</strong></span> <span class='ocrx_word' id='word_1_710' title='bbox 1908 4835 2023 4891; x_wconf 88' lang='lat' dir='ltr'><strong>.sy-</strong></span> 
     </span>
    </p>
   </div>
   <div class='ocr_carea' id='block_1_98' title="bbox 440 4894 2023 4981">
    <p class='ocr_par' dir='ltr' id='par_1_98' title="bbox 440 4894 2023 4981">
     <span class='ocr_line' id='line_1_98' title="bbox 440 4894 2023 4981; baseline 0.009 -28"><span class='ocrx_word' id='word_1_711' title='bbox 440 4903 566 4954; x_wconf 89' lang='lat' dir='ltr'><strong>nodi</strong></span> <span class='ocrx_word' id='word_1_712' title='bbox 629 4894 804 4958; x_wconf 85' lang='lat' dir='ltr'><strong>canon</strong></span> <span class='ocrx_word' id='word_1_713' title='bbox 859 4906 1154 4961; x_wconf 84' lang='lat' dir='ltr'><strong>vicesimus</strong></span> <span class='ocrx_word' id='word_1_714' title='bbox 1217 4909 1488 4963; x_wconf 87' lang='lat' dir='ltr'><strong>secundus</strong></span> <span class='ocrx_word' id='word_1_715' title='bbox 1546 4913 1876 4981; x_wconf 78' lang='lat' dir='ltr'><strong>exsequitur.</strong></span> <span class='ocrx_word' id='word_1_716' title='bbox 1945 4912 2023 4967; x_wconf 88' lang='lat' dir='ltr'><strong>lhi</strong></span> 
     </span>
    </p>
   </div>
   <div class='ocr_carea' id='block_1_99' title="bbox 439 4991 2025 5073">
    <p class='ocr_par' dir='ltr' id='par_1_99' title="bbox 439 4991 2025 5073">
     <span class='ocr_line' id='line_1_99' title="bbox 439 4991 2025 5073; baseline 0.009 -31"><span class='ocrx_word' id='word_1_717' title='bbox 439 5001 493 5043; x_wconf 85' lang='lat' dir='ltr'><strong>et</strong></span> <span class='ocrx_word' id='word_1_718' title='bbox 524 4991 682 5059; x_wconf 86' lang='lat' dir='ltr'><strong>hujus</strong></span> <span class='ocrx_word' id='word_1_719' title='bbox 709 4997 938 5050; x_wconf 87' lang='lat' dir='ltr'><strong>canonis</strong></span> <span class='ocrx_word' id='word_1_720' title='bbox 968 4998 1173 5052; x_wconf 88' lang='lat' dir='ltr'><strong>mentio</strong></span> <span class='ocrx_word' id='word_1_721' title='bbox 1199 5014 1228 5051; x_wconf 90' lang='lat' dir='ltr'><strong>a</strong></span> <span class='ocrx_word' id='word_1_722' title='bbox 1262 5000 1420 5054; x_wconf 90' lang='lat' dir='ltr'><strong>nobis</strong></span> <span class='ocrx_word' id='word_1_723' title='bbox 1441 4999 1604 5065; x_wconf 82' lang='lat' dir='ltr'><strong>facta,</strong></span> <span class='ocrx_word' id='word_1_724' title='bbox 1654 5011 1709 5055; x_wconf 91' lang='lat' dir='ltr'><strong>et</strong></span> <span class='ocrx_word' id='word_1_725' title='bbox 1772 5003 1876 5055; x_wconf 90' lang='lat' dir='ltr'><strong>alia</strong></span> <span class='ocrx_word' id='word_1_726' title='bbox 1928 5018 2025 5073; x_wconf 89' lang='lat' dir='ltr'><strong>per</strong></span> 
     </span>
    </p>
   </div>
   <div class='ocr_carea' id='block_1_100' title="bbox 439 5085 2021 5159">
    <p class='ocr_par' dir='ltr' id='par_1_100' title="bbox 439 5085 2021 5159">
     <span class='ocr_line' id='line_1_100' title="bbox 439 5085 2021 5159; baseline 0.009 -28"><span class='ocrx_word' id='word_1_727' title='bbox 439 5099 558 5149; x_wconf 76' lang='lat' dir='ltr'><strong>qua:</strong></span> <span class='ocrx_word' id='word_1_728' title='bbox 589 5085 828 5151; x_wconf 87' lang='lat' dir='ltr'><strong>ejusdem</strong></span> <span class='ocrx_word' id='word_1_729' title='bbox 860 5089 1207 5159; x_wconf 78' lang='lat' dir='ltr'><strong>explicationi</strong></span> <span class='ocrx_word' id='word_1_730' title='bbox 1262 5093 1606 5147; x_wconf 75' lang='lat' dir='ltr'><strong>satisfactum</strong></span> <span class='ocrx_word' id='word_1_731' title='bbox 1664 5093 2021 5157; x_wconf 81' lang='lat' dir='ltr'><strong>arbitramur,</strong></span> 
     </span>
    </p>
   </div>
   <div class='ocr_carea' id='block_1_101' title="bbox 442 5175 815 5233">
    <p class='ocr_par' dir='ltr' id='par_1_101' title="bbox 442 5175 815 5233">
     <span class='ocr_line' id='line_1_101' title="bbox 442 5175 815 5233; baseline 0.013 -10"><span class='ocrx_word' id='word_1_732' title='bbox 442 5175 603 5227; x_wconf 74' lang='lat' dir='ltr'><strong>allata</strong></span> <span class='ocrx_word' id='word_1_733' title='bbox 638 5175 815 5233; x_wconf 82' lang='lat' dir='ltr'><strong>fuere.</strong></span> 
     </span>
    </p>
   </div>
   <div class='ocr_carea' id='block_1_102' title="bbox 439 5265 2019 5345">
    <p class='ocr_par' dir='ltr' id='par_1_102' title="bbox 439 5265 2019 5345">
     <span class='ocr_line' id='line_1_102' title="bbox 439 5265 2019 5345; baseline 0.008 -26"><span class='ocrx_word' id='word_1_734' title='bbox 439 5265 670 5323; x_wconf 76' lang='lat' dir='ltr'><strong>AillST.</strong></span> <span class='ocrx_word' id='word_1_735' title='bbox 717 5286 737 5321; x_wconf 87' lang='grc'><em>‹</em></span> <span class='ocrx_word' id='word_1_736' title='bbox 783 5271 1051 5345; x_wconf 85' lang='lat' dir='ltr'><strong>Episcopo</strong></span> <span class='ocrx_word' id='word_1_737' title='bbox 1083 5276 1192 5329; x_wconf 84' lang='lat' dir='ltr'><strong>vita</strong></span> <span class='ocrx_word' id='word_1_738' title='bbox 1224 5275 1502 5342; x_wconf 84' lang='lat' dir='ltr'><strong>defuncto,</strong></span> <span class='ocrx_word' id='word_1_739' title='bbox 1537 5276 1718 5330; x_wconf 89' lang='lat' dir='ltr'><strong>clerus</strong></span> <span class='ocrx_word' id='word_1_740' title='bbox 1757 5276 2019 5330; x_wconf 61' lang='lat' dir='ltr'><strong>hortame-</strong></span> 
     </span>
    </p>
   </div>
   <div class='ocr_carea' id='block_1_103' title="bbox 519 5365 2027 5441">
    <p class='ocr_par' dir='ltr' id='par_1_103' title="bbox 519 5365 2027 5441">
     <span class='ocr_line' id='line_1_103' title="bbox 519 5365 2027 5441; baseline 0.004 -27"><span class='ocrx_word' id='word_1_741' title='bbox 519 5382 535 5408; x_wconf 76' lang='grc' dir='ltr'>ι</span> <span class='ocrx_word' id='word_1_742' title='bbox 572 5365 836 5441; x_wconf 60' lang='lat' dir='ltr'><strong>servabit.</strong></span> <span class='ocrx_word' id='word_1_743' title='bbox 873 5366 928 5420; x_wconf 83' lang='lat' dir='ltr'><strong>Si</strong></span> <span class='ocrx_word' id='word_1_744' title='bbox 969 5383 1113 5425; x_wconf 24' lang='lat' dir='ltr'><strong>vero,</strong></span> <span class='ocrx_word' id='word_1_745' title='bbox 1147 5367 1325 5422; x_wconf 75' lang='lat' dir='ltr'><strong>nullus</strong></span> <span class='ocrx_word' id='word_1_746' title='bbox 1378 5368 1713 5435; x_wconf 85' lang='lat' dir='ltr'><strong>relinquatur</strong></span> <span class='ocrx_word' id='word_1_747' title='bbox 1770 5373 2027 5428; x_wconf 78' lang='lat' dir='ltr'><strong>clericus,</strong></span> 
     </span>
    </p>
   </div>
   <div class='ocr_carea' id='block_1_104' title="bbox 531 5448 2024 5524">
    <p class='ocr_par' dir='ltr' id='par_1_104' title="bbox 531 5448 2024 5524">
     <span class='ocr_line' id='line_1_104' title="bbox 531 5448 2024 5524; baseline 0.005 -21"><span class='ocrx_word' id='word_1_748' title='bbox 531 5448 1050 5524; x_wconf 56' lang='lat' dir='ltr'><strong>(utetropolitanus</strong></span> <span class='ocrx_word' id='word_1_749' title='bbox 1112 5473 1177 5513; x_wconf 89' lang='lat' dir='ltr'><strong>ea</strong></span> <span class='ocrx_word' id='word_1_750' title='bbox 1237 5460 1605 5524; x_wconf 79' lang='lat' dir='ltr'><strong>conservabit,</strong></span> <span class='ocrx_word' id='word_1_751' title='bbox 1656 5459 1827 5513; x_wconf 87' lang='lat' dir='ltr'><strong>donec</strong></span> <span class='ocrx_word' id='word_1_752' title='bbox 1886 5460 2024 5513; x_wconf 81' lang='lat' dir='ltr'><strong>alter</strong></span> 
     </span>
    </p>
   </div>
   <div class='ocr_carea' id='block_1_105' title="bbox 523 5555 938 5607">
    <p class='ocr_par' dir='ltr' id='par_1_105' title="bbox 523 5555 938 5607">
     <span class='ocr_line' id='line_1_105' title="bbox 523 5555 938 5607; baseline 0.002 -4"><span class='ocrx_word' id='word_1_753' title='bbox 523 5573 541 5603; x_wconf 83' lang='grc'><strong><em>‹</em></strong></span> <span class='ocrx_word' id='word_1_754' title='bbox 572 5555 876 5607; x_wconf 80' lang='lat' dir='ltr'><strong>ordinetur.</strong></span> <span class='ocrx_word' id='word_1_755' title='bbox 918 5572 938 5604; x_wconf 70' lang='grc' dir='ltr'>ι</span> 
     </span>
    </p>
   </div>
   <div class='ocr_carea' id='block_1_106' title="bbox 514 5644 2026 5716">
    <p class='ocr_par' dir='ltr' id='par_1_106' title="bbox 514 5644 2026 5716">
     <span class='ocr_line' id='line_1_106' title="bbox 514 5644 2026 5716; baseline -0.001 -20"><span class='ocrx_word' id='word_1_756' title='bbox 514 5644 628 5697; x_wconf 68' lang='lat' dir='ltr'><strong>Nec</strong></span> <span class='ocrx_word' id='word_1_757' title='bbox 667 5647 883 5700; x_wconf 88' lang='lat' dir='ltr'><strong>clericis</strong></span> <span class='ocrx_word' id='word_1_758' title='bbox 922 5657 1045 5715; x_wconf 80' lang='lat' dir='ltr'><strong>post</strong></span> <span class='ocrx_word' id='word_1_759' title='bbox 1078 5654 1307 5699; x_wconf 75' lang='lat' dir='ltr'><strong>mortem</strong></span> <span class='ocrx_word' id='word_1_760' title='bbox 1333 5644 1573 5716; x_wconf 78' lang='lat' dir='ltr'><strong>episcopi</strong></span> <span class='ocrx_word' id='word_1_761' title='bbox 1624 5660 1708 5699; x_wconf 88' lang='lat' dir='ltr'><strong>sm</strong></span> <span class='ocrx_word' id='word_1_762' title='bbox 1762 5660 1858 5698; x_wconf 90' lang='lat' dir='ltr'><strong>nec</strong></span> <span class='ocrx_word' id='word_1_763' title='bbox 1917 5659 2026 5695; x_wconf 84' lang='lat' dir='ltr'><strong>me-</strong></span> 
     </span>
    </p>
   </div>
   <div class='ocr_carea' id='block_1_107' title="bbox 446 5736 2030 5808">
    <p class='ocr_par' dir='ltr' id='par_1_107' title="bbox 446 5736 2030 5808">
     <span class='ocr_line' id='line_1_107' title="bbox 446 5736 2030 5808; baseline 0 -19"><span class='ocrx_word' id='word_1_764' title='bbox 446 5737 775 5806; x_wconf 65' lang='lat' dir='ltr'><strong>tropolitauo</strong></span> <span class='ocrx_word' id='word_1_765' title='bbox 828 5740 957 5794; x_wconf 83' lang='lat' dir='ltr'><strong>licet</strong></span> <span class='ocrx_word' id='word_1_766' title='bbox 1012 5742 1307 5808; x_wconf 84' lang='lat' dir='ltr'><strong>quidquam</strong></span> <span class='ocrx_word' id='word_1_767' title='bbox 1390 5758 1421 5795; x_wconf 82' lang='lat' dir='ltr'><strong>e</strong></span> <span class='ocrx_word' id='word_1_768' title='bbox 1480 5748 1727 5792; x_wconf 64' lang='lat' dir='ltr'><strong>vacantis</strong></span> <span class='ocrx_word' id='word_1_769' title='bbox 1782 5736 2030 5791; x_wconf 66' lang='grc' dir='ltr'>θςριοδίιυ</span> 
     </span>
    </p>
   </div>
   <div class='ocr_carea' id='block_1_108' title="bbox 2204 4809 3719 4878">
    <p class='ocr_par' dir='ltr' id='par_1_108' title="bbox 2204 4809 3719 4878">
     <span class='ocr_line' id='line_1_108' title="bbox 2204 4809 3719 4878; baseline -0.005 -9"><span class='ocrx_word' id='word_1_770' title='bbox 2204 4813 2443 4870; x_wconf 81' lang='grc' dir='ltr'><strong>ΖΩΝΑΡ.</strong></span> <span class='ocrx_word' id='word_1_771' title='bbox 2496 4813 2607 4865; x_wconf 73' lang='grc' dir='ltr'><strong>Καὶ</strong></span> <span class='ocrx_word' id='word_1_772' title='bbox 2635 4813 2662 4863; x_wconf 86' lang='grc' dir='ltr'>ὁ</span> <span class='ocrx_word' id='word_1_773' title='bbox 2691 4810 2939 4873; x_wconf 81' lang='grc' dir='ltr'>εἰκοστὸς</span> <span class='ocrx_word' id='word_1_774' title='bbox 2982 4809 3238 4878; x_wconf 86' lang='grc' dir='ltr'>δεύτερος</span> <span class='ocrx_word' id='word_1_775' title='bbox 3272 4809 3455 4863; x_wconf 86' lang='grc' dir='ltr'>κανὼν</span> <span class='ocrx_word' id='word_1_776' title='bbox 3500 4814 3599 4878; x_wconf 86' lang='grc' dir='ltr'>τῆς</span> <span class='ocrx_word' id='word_1_777' title='bbox 3630 4820 3719 4862; x_wconf 81' lang='grc' dir='ltr'>τε·</span> 
     </span>
    </p>
   </div>
   <div class='ocr_carea' id='block_1_109' title="bbox 2132 4900 3720 4978">
    <p class='ocr_par' dir='ltr' id='par_1_109' title="bbox 2132 4900 3720 4978">
     <span class='ocr_line' id='line_1_109' title="bbox 2132 4900 3720 4978; baseline -0.004 -17"><span class='ocrx_word' id='word_1_778' title='bbox 2132 4909 2339 4978; x_wconf 68' lang='grc' dir='ltr'>τάρτης</span> <span class='ocrx_word' id='word_1_779' title='bbox 2377 4905 2598 4957; x_wconf 78' lang='grc' dir='ltr'>συνόδου</span> <span class='ocrx_word' id='word_1_780' title='bbox 2629 4904 2759 4972; x_wconf 79' lang='grc' dir='ltr'>περὶ</span> <span class='ocrx_word' id='word_1_781' title='bbox 2794 4901 2987 4953; x_wconf 87' lang='grc' dir='ltr'>τούτου</span> <span class='ocrx_word' id='word_1_782' title='bbox 3039 4900 3134 4953; x_wconf 82' lang='grc' dir='ltr'><strong>τοῦ</strong></span> <span class='ocrx_word' id='word_1_783' title='bbox 3163 4900 3462 4967; x_wconf 77' lang='grc' dir='ltr'>κεφαλαίου</span> <span class='ocrx_word' id='word_1_784' title='bbox 3495 4902 3720 4970; x_wconf 79' lang='grc' dir='ltr'>διαλαμ-</span> 
     </span>
    </p>
   </div>
   <div class='ocr_carea' id='block_1_110' title="bbox 2133 4992 3712 5064">
    <p class='ocr_par' dir='ltr' id='par_1_110' title="bbox 2133 4992 3712 5064">
     <span class='ocr_line' id='line_1_110' title="bbox 2133 4992 3712 5064; baseline -0.007 -11"><span class='ocrx_word' id='word_1_785' title='bbox 2133 5001 2307 5064; x_wconf 76' lang='grc' dir='ltr'>ϐάνει,</span> <span class='ocrx_word' id='word_1_786' title='bbox 2354 4996 2485 5049; x_wconf 75' lang='grc' dir='ltr'>ἔνθα</span> <span class='ocrx_word' id='word_1_787' title='bbox 2525 4997 2618 5047; x_wconf 76' lang='grc' dir='ltr'>καὶ</span> <span class='ocrx_word' id='word_1_788' title='bbox 2648 4994 2743 5046; x_wconf 84' lang='grc' dir='ltr'>τού</span> <span class='ocrx_word' id='word_1_789' title='bbox 2779 4994 3050 5060; x_wconf 80' lang='grc' dir='ltr'>παρόντος</span> <span class='ocrx_word' id='word_1_790' title='bbox 3083 4992 3308 5056; x_wconf 88' lang='grc' dir='ltr'>κανόνος</span> <span class='ocrx_word' id='word_1_791' title='bbox 3335 4992 3712 5063; x_wconf 61' lang='grc' dir='ltr'>ἐμνήσθημεν</span> 
     </span>
    </p>
   </div>
   <div class='ocr_carea' id='block_1_111' title="bbox 2132 5088 3647 5163">
    <p class='ocr_par' dir='ltr' id='par_1_111' title="bbox 2132 5088 3647 5163">
     <span class='ocr_line' id='line_1_111' title="bbox 2132 5088 3647 5163; baseline -0.01 -17"><span class='ocrx_word' id='word_1_792' title='bbox 2132 5095 2297 5163; x_wconf 81' lang='grc' dir='ltr'>ἀρκεῖ</span> <span class='ocrx_word' id='word_1_793' title='bbox 2322 5090 2417 5143; x_wconf 78' lang='grc' dir='ltr'>οὖν</span> <span class='ocrx_word' id='word_1_794' title='bbox 2455 5092 2522 5141; x_wconf 77' lang='grc' dir='ltr'>τὰ</span> <span class='ocrx_word' id='word_1_795' title='bbox 2555 5088 2823 5158; x_wconf 69' lang='grc' dir='ltr'>εἰρημένα</span> <span class='ocrx_word' id='word_1_796' title='bbox 2852 5090 2987 5139; x_wconf 82' lang='grc' dir='ltr'>ἐκεῖ.</span> <span class='ocrx_word' id='word_1_797' title='bbox 3644 5098 3647 5099; x_wconf 68' lang='lat'><strong><em>&#39;</em></strong></span> 
     </span>
    </p>
   </div>
   <div class='ocr_carea' id='block_1_112' title="bbox 2125 5263 3716 5334">
    <p class='ocr_par' dir='ltr' id='par_1_112' title="bbox 2125 5263 3716 5334">
     <span class='ocr_line' id='line_1_112' title="bbox 2125 5263 3716 5334; baseline -0.008 -5"><span class='ocrx_word' id='word_1_798' title='bbox 2125 5274 2344 5329; x_wconf 82' lang='grc' dir='ltr'><strong>ΑΡΙΣΤ.</strong></span> <span class='ocrx_word' id='word_1_799' title='bbox 2395 5291 2414 5323; x_wconf 73' lang='grc' dir='ltr'><strong>ι</strong></span> <span class='ocrx_word' id='word_1_800' title='bbox 2454 5268 2827 5330; x_wconf 84' lang='grc' dir='ltr'>Τελευτῶντος</span> <span class='ocrx_word' id='word_1_801' title='bbox 2852 5265 3177 5331; x_wconf 74' lang='grc' dir='ltr'>ἐπισκόπου,</span> <span class='ocrx_word' id='word_1_802' title='bbox 3203 5263 3232 5315; x_wconf 88' lang='grc' dir='ltr'><strong>ό</strong></span> <span class='ocrx_word' id='word_1_803' title='bbox 3259 5264 3462 5334; x_wconf 78' lang='grc' dir='ltr'>κλῆρος</span> <span class='ocrx_word' id='word_1_804' title='bbox 3486 5264 3716 5331; x_wconf 70' lang='grc' dir='ltr'>φυλάξει</span> 
     </span>
    </p>
   </div>
   <div class='ocr_carea' id='block_1_113' title="bbox 2211 5358 3718 5434">
    <p class='ocr_par' dir='ltr' id='par_1_113' title="bbox 2211 5358 3718 5434">
     <span class='ocr_line' id='line_1_113' title="bbox 2211 5358 3718 5434; baseline -0.005 -17"><span class='ocrx_word' id='word_1_805' title='bbox 2211 5387 2228 5417; x_wconf 73' lang='grc' dir='ltr'>ι</span> <span class='ocrx_word' id='word_1_806' title='bbox 2267 5367 2337 5417; x_wconf 82' lang='grc' dir='ltr'>τὰ</span> <span class='ocrx_word' id='word_1_807' title='bbox 2380 5365 2685 5434; x_wconf 82' lang='grc' dir='ltr'>πράγματα</span> <span class='ocrx_word' id='word_1_808' title='bbox 2720 5379 2735 5393; x_wconf 87' lang='grc'>·</span> <span class='ocrx_word' id='word_1_809' title='bbox 2772 5363 2820 5414; x_wconf 90' lang='grc' dir='ltr'>εἰ</span> <span class='ocrx_word' id='word_1_810' title='bbox 2866 5360 2925 5414; x_wconf 81' lang='grc' dir='ltr'>δὲ</span> <span class='ocrx_word' id='word_1_811' title='bbox 2976 5359 3051 5430; x_wconf 80' lang='grc' dir='ltr'>μὴ</span> <span class='ocrx_word' id='word_1_812' title='bbox 3090 5358 3481 5411; x_wconf 81' lang='grc' dir='ltr'>ὑπολέλειπται</span> <span class='ocrx_word' id='word_1_813' title='bbox 3522 5358 3718 5427; x_wconf 63' lang='grc' dir='ltr'>κληριε</span> 
     </span>
    </p>
   </div>
   <div class='ocr_carea' id='block_1_114' title="bbox 2204 5450 3713 5524">
    <p class='ocr_par' dir='ltr' id='par_1_114' title="bbox 2204 5450 3713 5524">
     <span class='ocr_line' id='line_1_114' title="bbox 2204 5450 3713 5524; baseline -0.002 -17"><span class='ocrx_word' id='word_1_814' title='bbox 2204 5477 2220 5507; x_wconf 72' lang='grc' dir='ltr'><strong>ι</strong></span> <span class='ocrx_word' id='word_1_815' title='bbox 2261 5458 2374 5518; x_wconf 70' lang='grc' dir='ltr'>κὸς,</span> <span class='ocrx_word' id='word_1_816' title='bbox 2409 5457 2437 5507; x_wconf 90' lang='grc' dir='ltr'>ὁ</span> <span class='ocrx_word' id='word_1_817' title='bbox 2470 5454 2875 5524; x_wconf 78' lang='grc' dir='ltr'>μητροπολίτης</span> <span class='ocrx_word' id='word_1_818' title='bbox 2908 5455 3084 5506; x_wconf 76' lang='grc' dir='ltr'>ταῦτα</span> <span class='ocrx_word' id='word_1_819' title='bbox 3127 5450 3448 5521; x_wconf 78' lang='grc' dir='ltr'>διαφυλάξει</span> <span class='ocrx_word' id='word_1_820' title='bbox 3474 5451 3579 5512; x_wconf 80' lang='grc' dir='ltr'>ἕως</span> <span class='ocrx_word' id='word_1_821' title='bbox 3614 5452 3713 5521; x_wconf 67' lang='grc' dir='ltr'>τῆς</span> 
     </span>
    </p>
   </div>
   <div class='ocr_carea' id='block_1_115' title="bbox 2215 5546 2918 5617">
    <p class='ocr_par' dir='ltr' id='par_1_115' title="bbox 2215 5546 2918 5617">
     <span class='ocr_line' id='line_1_115' title="bbox 2215 5546 2918 5617; baseline -0.006 -19"><span class='ocrx_word' id='word_1_822' title='bbox 2215 5568 2231 5598; x_wconf 74' lang='grc' dir='ltr'><strong>ι</strong></span> <span class='ocrx_word' id='word_1_823' title='bbox 2276 5549 2468 5616; x_wconf 81' lang='grc' dir='ltr'>ἑτέρου</span> <span class='ocrx_word' id='word_1_824' title='bbox 2500 5546 2858 5617; x_wconf 82' lang='grc' dir='ltr'>χειροτονίας.</span> <span class='ocrx_word' id='word_1_825' title='bbox 2899 5565 2918 5594; x_wconf 77' lang='grc' dir='ltr'><strong>ι</strong></span> 
     </span>
    </p>
   </div>
   <div class='ocr_carea' id='block_1_116' title="bbox 2203 5633 3719 5710">
    <p class='ocr_par' dir='ltr' id='par_1_116' title="bbox 2203 5633 3719 5710">
     <span class='ocr_line' id='line_1_116' title="bbox 2203 5633 3719 5710; baseline -0.005 -18"><span class='ocrx_word' id='word_1_826' title='bbox 2203 5636 2338 5692; x_wconf 72' lang='grc' dir='ltr'>Οὔτε</span> <span class='ocrx_word' id='word_1_827' title='bbox 2375 5641 2487 5702; x_wconf 87' lang='grc' dir='ltr'>τοῖς</span> <span class='ocrx_word' id='word_1_828' title='bbox 2521 5641 2805 5707; x_wconf 79' lang='grc' dir='ltr'>κληρικοῖς</span> <span class='ocrx_word' id='word_1_829' title='bbox 2843 5638 2984 5710; x_wconf 69' lang='grc' dir='ltr'>μετὰ</span> <span class='ocrx_word' id='word_1_830' title='bbox 3022 5637 3124 5707; x_wconf 85' lang='grc' dir='ltr'>τὴν</span> <span class='ocrx_word' id='word_1_831' title='bbox 3166 5636 3425 5707; x_wconf 77' lang='grc' dir='ltr'>τελευτὴν</span> <span class='ocrx_word' id='word_1_832' title='bbox 3452 5633 3544 5689; x_wconf 81' lang='grc' dir='ltr'><strong>τού</strong></span> <span class='ocrx_word' id='word_1_833' title='bbox 3588 5637 3719 5688; x_wconf 63' lang='lat' dir='ltr'><strong>sm-</strong></span> 
     </span>
    </p>
   </div>
   <div class='ocr_carea' id='block_1_117' title="bbox 2138 5729 3710 5804">
    <p class='ocr_par' dir='ltr' id='par_1_117' title="bbox 2138 5729 3710 5804">
     <span class='ocr_line' id='line_1_117' title="bbox 2138 5729 3710 5804; baseline -0.005 -18"><span class='ocrx_word' id='word_1_834' title='bbox 2138 5733 2341 5787; x_wconf 77' lang='grc' dir='ltr'>σκόπου</span> <span class='ocrx_word' id='word_1_835' title='bbox 2370 5734 2552 5786; x_wconf 76' lang='grc' dir='ltr'>αὐτῶν</span> <span class='ocrx_word' id='word_1_836' title='bbox 2575 5731 2698 5786; x_wconf 73' lang='grc' dir='ltr'>οὔτε</span> <span class='ocrx_word' id='word_1_837' title='bbox 2722 5732 2799 5803; x_wconf 77' lang='grc' dir='ltr'><strong>τῷ</strong></span> <span class='ocrx_word' id='word_1_838' title='bbox 2829 5734 3202 5804; x_wconf 72' lang='grc' dir='ltr'>μητροπολίτῃ</span> <span class='ocrx_word' id='word_1_839' title='bbox 3228 5729 3437 5798; x_wconf 76' lang='grc' dir='ltr'>ἔξεστιν</span> <span class='ocrx_word' id='word_1_840' title='bbox 3456 5730 3710 5799; x_wconf 66' lang='grc' dir='ltr'>ἀφαιρεῖς</span> 
     </span>
    </p>
   </div>
  </div>
