4074 6452
427 343 534 409 637
1174 357 1258 418 IN
1298 359 1462 422 CAN.
1506 362 1748 423 XXXVI
1792 367 1890 425 ET
1933 365 2210 429 xxxvn
2247 347 2454 438 certe
2497 377 2580 438 1N
2601 380 2924 442 TRULLO.
3082 418 3091 430 .
3555 378 3659 440 633

426 459 552 512 σθαί
576 478 630 515 τι
653 462 763 516 τῶν
783 463 884 536 τῆς
907 481 1249 536 χηρευουσης
1275 472 1572 542 ἐκκλησίας
1597 475 1941 543 πραγμάτων
1970 490 1986 506 ο

2093 483 2246 538 hortis
2276 487 2516 552 auferre,
2550 492 2643 544 sed
2679 493 2861 546 omnia
2905 492 3166 547 custodiri
3218 492 3418 548 debent
3454 493 3521 547 ab
3552 493 3663 547 illis

418 552 555 604 ἀλλὰ
585 553 761 609 πάντα
789 556 1066 625 ὀφείλουσι
1090 563 1618 630 παραφυλάττεσθαι
1649 566 1780 638 παρ’
1806 565 1987 621 αὐτῶν

2095 575 2228 644 ipsis
2249 576 2485 641 clericis,
2523 595 2692 649 usque
2717 582 2841 634 dum
2872 581 3011 635 alius
3037 585 3323 650 episcOpns
3354 583 3646 636 constitua-

415 642 481 712 δὴ
507 644 617 697 τῶν
656 647 952 716 κληρικῶν,
974 651 1170 722 μέχρις
1191 653 1258 707 ἂν
1287 655 1473 726 ἔτερος
1490 657 1786 722 ἐπίσκοπος
1810 676 1990 728 χειρο-

418 733 643 803 τονηθῇ.
676 737 737 788 Εἰ
767 737 810 789 δ’
842 739 973 802 ἴσως
999 741 1262 811 κληρικδς
1292 747 1352 798 ὲν
1384 749 1449 817 τῇ
1475 748 1699 822 τοιαύτῃ
1733 750 1832 821 οὐχ
1857 752 1991 804 ὑπε-

423 822 621 892 λείφθη
645 827 930 912 ὲλκκλησίᾳ,
967 833 995 884 6
1026 837 1428 908 μητροπολίτης
1453 838 1626 892 ταῦτα
1663 843 1988 912 παραφυλά-

427 913 506 976 ξει
536 898 804 984 dimensa,
844 922 1139 979 ἀποδοῦναι
1187 927 1396 997 μέλλων
1433 932 1613 985 πάντα
1640 933 1716 1005 τῷ
1745 951 1989 1004 χειροτοο

420 1006 776 1082 νηθησομένῳ
807 1015 1113 1087 ὲπισκόπῳ.
1396 1039 1410 1048 ’
1467 1080 1470 1083 ,

1003 1109 1414 1180 KANQN‘ACT.

427 1204 446 1238 ι
502 1188 912 1262 Ἀνανεούμενοι
959 1197 1025 1250 τὰ
1072 1203 1221 1272 παρὰ
1253 1203 1362 1254 τῶν
1399 1203 1602 1257 ’ἑκατόν
1648 1224 1985 1278 πεντηκοντα

499 1302 517 1331 ι
562 1284 732 1351 ἁγίων
777 1288 1034 1358 Πατέρων
1067 1293 1176 1346 τῶν
1221 1295 1280 1347 ὲν
1311 1298 1378 1366 τῇ
1430 1297 1779 1371 θεοφυλάκτῳ
1811 1302 1984 1374 ταύτῃ

499 1395 517 1424 ‹
559 1378 654 1429 καὶ
687 1378 917 1447 βασιλίδι
951 1384 1104 1438 πόλει
1139 1388 1521 1456 συνελθόντων,
1541 1393 1767 1446 καὶτῶν
1792 1394 1987 1458 ἐξακο-

497 1488 514 1517 ς
561 1471 692 1525 σίων
717 1473 1009 1542 τριάκοντα
1040 1479 1149 1532 τῶν
1177 1482 1234 1533 ἐν
1279 1483 1584 1555 Χαλκηδόνι
1619 1487 1985 1542 συνελθόντων

497 1584 514 1611 σ
559 1566 1014 1635 νομοθετηθέντα,
1041 1571 1298 1642 ὁρίζομεν
1342 1575 1436 1628 τὸν
1470 1577 1984 1635 Κωνσταντινουπό-

496 1677 512 1702 ι
556 1655 690 1718 λεως
720 1657 907 1726 θρόνον
931 1660 1042 1712 τῶν
1071 1660 1199 1715 ἴσων
1226 1663 1522 1718 ἀπολαύειν
1546 1661 1859 1738 πρεσϐείων
1888 1672 1984 1726 τοῦ

497 1770 511 1794 ι
555 1750 654 1818 τῆς
694 1753 1073 1822 πρεσϐυτέρας
1107 1754 1327 1826 Ῥώμης
1373 1757 1586 1828 θρόνου,
1640 1762 1735 1814 καὶ
1775 1763 1832 1815 ἐν
1872 1765 1984 1826 τοῖς

494 1860 512 1888 ς
559 1841 1036 1911 ἐκκλησιαστικοϊς
1063 1847 1139 1909 ὡς
1169 1848 1375 1902 ἐκεῖνον
1409 1853 1809 1922 μεγαλύνεσθαι
1845 1859 1986 1926 πρά·
2014 1827 2060 1882 Β

494 1955 510 1979 ε
554 1952 748 2002 γμασι,
779 1937 1030 2007 δεύτερον
1066 1939 1183 2008 μετ’
1207 1943 1413 1996 ἐκεῖνον
1457 1945 1768 2016 ὑπάρχοντα
1795 1963 1813 1980 ·
1861 1948 1983 2017 μεθ’

497 2047 512 2072 ι
557 2027 614 2078 ὃν
653 2029 678 2077 6
709 2029 808 2095 τῆς
853 2029 1240 2102 Ἀλεξανδρέων
1271 2036 1692 2102 μεγαλοπόλεως
1735 2039 1985 2110 ἀριθμεῖ-

493 2139 509 2163 ι
557 2119 666 2170 σθω
699 2119 903 2188 θρόνος,
931 2117 1047 2175 εἶτα
1076 2126 1104 2176 6
1147 2126 1492 2197 Ἀντιοχείας,
1523 2129 1612 2181 καὶ
1636 2132 1774 2202 μετὰ
1795 2133 1982 2188 τοῦτον

493 2231 508 2260 ι
555 2211 704 2280 ὀτῆς
744 2215 1192 2286 Ἱεροσολυμιτῶν
1229 2219 1457 2282 πόλεως.
1498 2240 1520 2274 ι

489 2305 682 2357 ΒΑΛΣ.
709 2308 842 2377 Περὶ
866 2309 959 2360 τοῦ
989 2310 1245 2382 δευτέρου
1275 2315 1368 2380 καὶ
1393 2315 1578 2386 τρίτου
1600 2308 1824 2383 κανόνος
1848 2319 1982 2388 φασὶ

415 2395 517 2463 τῆς
539 2397 798 2480 δευτέρας
836 2401 1057 2454 συνόδου
1079 2418 1094 2432 ⁸
1135 2405 1229 2458 καὶ
1261 2407 1355 2458 τοῦ
1390 2405 1475 2476 κη’
1525 2410 1751 2473 κανόνος
1805 2413 1905 2479 τῆς
1939 2411 1980 2462 δ’

421 2488 664 2542 συνόδου.
710 2491 818 2544 Καὶ
869 2491 1146 2560 ἀνάγνωθι
1204 2497 1272 2550 τὰ
1319 2499 1379 2550 ἐν
1427 2499 1638 2564 τούτοις
1668 2499 1797 2572 παρ’
1825 2501 1981 2572 ἡμῶν

414 2577 719 2645 γραφέντα.

484 2671 840 2729 ΖΩΝΑΡυ-ητὰ
869 2674 926 2726 ἐν
955 2678 1020 2746 τῇ
1056 2675 1315 2750 ἐξηγήσει
1343 2681 1450 2734 τῶν
1485 2685 1793 2754 εἰρημένων
1817 2686 1981 2740 κανόο

420 2779 550 2826 νων,
593 2758 668 2819 ὧν
717 2769 990 2839 μέμνηται
1018 2773 1045 2824 6
1077 2773 1270 2850 παρὼν
1299 2777 1501 2843 κανὼν,
1544 2781 1809 2849 εἰρημένα
1849 2783 1980 2850 ἡμῖν

417 2857 662 2925 περὶτοῦ
696 2858 886 2926 θρόνου
919 2861 1017 2930 τῆς
1043 2865 1663 2933 Κωνσταντινουπόλεως
1695 2870 1980 2941 ζητητέον,

415 2951 507 2999 καὶ
536 2947 692 3017 οἶμαι
722 2951 799 3014 ὡς
845 2955 905 3006 οὐ
937 2955 1200 3011 πλειόνων
1231 2959 1417 3030 δεήσει
1443 2963 1522 3032 τῷ
1555 2963 1746 3018 τοῦτον
1785 2967 1980 3020 ἀνοινι⁴

414 3057 700 3100 νωσκοντι.

2093 675 2201 723 tur.
2226 668 2284 724 Si
2311 669 2453 726 forte
2482 667 2658 726 autem
2697 673 2926 728 clericus
2955 675 3007 728 in
3039 674 3128 728 illa
3164 689 3270 728 nou
3323 675 3660 741 relinquatur

2093 762 2342 826 ecclesia,
2372 766 2816 834 metropolitanns
2845 782 2906 820 ea
2955 767 3236 822 imminuta
3277 768 3515 823 servabit
3541 781 3672 822 om-r

2096 855 2183 909 nia
2212 854 2397 912 futuro
2426 858 2678 928 episcopo
2709 858 3041 914 redditurus.

2615 1127 2842 1184 CANON
2890 1113 3142 1182 xxxvn

2073 1237 2116 1270 -¢
2149 1218 2492 1275 Renovautes
2522 1237 2640 1288 qua:
2671 1239 2698 1276 a
2750 1222 2952 1276 sanctis
3008 1229 3224 1274 centum
3271 1225 3326 1272 et
3384 1217 3653 1288 quinqua-

2169 1330 2188 1362 ι
2224 1311 2369 1378 ginta
2400 1313 2674 1379 Patribus,
2703 1314 2793 1381 qui
2822 1314 2872 1366 in
2909 1315 3009 1367 hac
3038 1329 3065 1365 a
3096 1313 3203 1366 Deo
3250 1320 3561 1366 conservata
3601 1322 3656 1363 et

2176 1423 2194 1455 ι
2226 1405 2372 1473 regia
2403 1403 2556 1470 urbe,
2595 1416 2651 1460 et
2685 1406 2957 1460 sexcentis
2998 1405 3236 1473 triginta.
3287 1405 3377 1472 qui
3429 1403 3656 1458 Chalce-

2166 1517 2186 1549 ι
2224 1498 2364 1553 done
2395 1513 2719 1562 convenere,
2747 1501 3036 1554 constituta
3089 1508 3236 1560 sunt,
3286 1497 3651 1554 decernimus.

2167 1609 2186 1641 ι
2224 1601 2282 1644 ιιι
2314 1591 2543 1645 thronus
2582 1590 3212 1660 ConstantinOpolitanns
3259 1589 3481 1659 aequalia
3539 1587 3652 1657 pri—

2165 1701 2185 1733 ι
2226 1681 2418 1752 vilegia
2457 1697 2578 1737 cum
2614 1683 2850 1751 antiqua:
2876 1682 3060 1735 Romae
3085 1682 3278 1736 throno
3307 1682 3568 1740 obtineat,
3601 1688 3655 1733 et

2165 1793 2184 1826 ι
2224 1775 2278 1829 in
2302 1773 2688 1829 ecclesiasticis
2716 1774 2943 1842 negotiis
2969 1783 3026 1828 nt
3048 1773 3136 1827 ille
3161 1773 3532 1842 magniﬁat,ut
3557 1771 3648 1838 qui

2163 1871 2280 1920 «sit
2305 1867 2571 1922 secundus
2625 1875 2747 1936 post
2803 1866 2973 1919 illum.
3034 1865 3164 1919 Post
3221 1879 3381 1929 quem
3444 1878 3651 1931 magna:

2161 1979 2179 2012 ι
2218 1960 2701 2014 Alexandrinorum
2750 1959 2984 2014 civitatis
3031 1967 3342 2011 numeretur
3391 1957 3648 2019 thronus,

2163 2071 2180 2103 ι
2220 2053 2413 2108 deinde
2437 2052 2754 2117 Antiochiae,
2775 2061 2828 2106 et
2857 2061 2978 2121 post
3007 2066 3128 2105 eum
3155 2047 3650 2120 Hierosolymitanaa

2164 2162 2182 2194 ι
2216 2144 2474 2200 civitatis.
2515 2163 2536 2196 ι

2157 2318 2354 2373 BALS.
2385 2317 2460 2372 De
2519 2316 2758 2372 secundo
2813 2325 2868 2370 et
2924 2313 3084 2368 tertio
3141 2326 3351 2368 canone
3399 2310 3651 2365 secunda:

2083 2411 2292 2482 synodi,
2323 2417 2379 2464 et
2405 2410 2476 2464 τε
2500 2424 2622 2462 can.
2661 2419 2866 2476 quarta:
2899 2405 3087 2477 synodi
3120 2407 3434 2474 loquuntur.
3473 2403 3542 2457 Et
3570 2402 3650 2457 le-

2083 2516 2148 2571 ge
2177 2516 2297 2570 quae
2327 2500 2380 2554 iu
2414 2513 2508 2554 eos
2537 2514 2568 2553 a
2600 2498 2755 2554 nobis
2782 2498 2984 2566 scripta
3021 2505 3164 2550 sunt.

2152 2674 2404 2730 ZONAR.
2450 2672 2579 2739 Qum
2636 2688 2662 2725 a
2717 2671 2874 2726 nobis
2929 2670 2995 2724 de
3053 2665 3648 2734 Constantimipolitana

2082 2770 2208 2824 Sede
2241 2771 2291 2822 in
2353 2783 2539 2822 eorum
2580 2781 2868 2831 canonum,
2918 2763 3009 2832 qui
3062 2745 3168 2818 hic.
3203 2762 3507 2822 laudantur,
3559 2774 3651 2812 ex-

2051 2859 2374 2930 -plica|.ione
2440 2859 2580 2911 dicta
2655 2867 2819 2922 sunt,
2875 2871 2954 2915 .ea
3007 2857 3330 2923 quaerenda;
3386 2867 3503 2920 qua:
3557 2851 3646 2921 qni

2082 2951 2294 3020 legerit,
2330 2952 2485 3019 plura
2515 2951 2568 3004 in
2604 2949 2748 3003 hanc
2777 2938 3097 3003 sententiam
3149 2956 3206 3000 ut
3246 2945 3500 3002 arbitror.
3543 2960 3648 2997 non

2083 3044 2341 3110 requiret.

409 3135 632 3188 APIZT.
700 3156 719 3189 ι
779 3138 838 3191 '0
869 3107 1488 3214 Κωνσταντινουπόλεως
1543 3147 1682 3218 μετὰ
1705 3149 1798 3201 τὸν
1835 3149 1968 3203 Ῥώ-

2087 3107 2245 3206 199
2276 3131 2501 3189 ARIST.
2542 3152 2560 3184 ι
2583 3131 2831 3186 Thronus
2862 3128 3485 3194 Coustanliuopolitanus
3527 3135 3649 3193 post

490 3245 508 3276 ι
553 3245 662 3295 μης
713 3229 875 3296 ἔστω,
922 3234 1031 3287 τῶν
1096 3238 1225 3290 ίσων
1285 3239 1572 3292 ἀπολαύων
1626 3241 1974 3310 πρεσϐείων

493 3337 511 3365 ι
559 3319 680 3387 μεθ’
731 3321 788 3374 ὃν
819 3324 847 3374 6
901 3326 1000 3392 τῆς
1039 3327 1447 3400 ’Δλεξανδρείας
1483 3347 1495 3359 ⁸
1528 3331 1654 3400 ἑξῆς
1708 3331 1737 3383 ὁ
1774 3332 1958 3386 Ἀντιο

493 3429 508 3458 ι
559 3411 731 3479 χείας⁹
760 3408 876 3467 εἶτα
903 3417 930 3467 6
965 3418 1376 3490 Ἱεροσολύμων.
1423 3442 1441 3474 ι
1637 3465 1640 3468 ~
1917 3405 1926 3422 Ἰ

484 3503 555 3553 T6
582 3505 674 3556 τὸν
732 3507 1358 3571 Κωνσταντινουπόλεως
1389 3518 1497 3569 τῶν
1522 3518 1653 3573 ἴσων
1677 3520 1976 3575 ἀπολαύειν

415 3595 722 3661 πρεσϐείων
777 3601 912 3664 μετὰ
954 3603 1045 3656 τὸν
1081 3605 1299 3676 Ῥώμης
1362 3608 1531 3673 οὕτως
1577 3613 1638 3665 ὲν
1686 3613 1763 3683 τῷ
1815 3614 1983 3684 τρίτῳ

413 3690 596 3743 κανόνι
643 3691 742 3760 τῆς
775 3695 832 3746 ὲν
893 3697 1461 3754 Κωνσταντινουπόλει
1528 3706 1744 3779 συνόδου
1795 3709 1985 3779 ἡρμη-

411 3780 700 3874 νεύσαμεν,
752 3787 845 3837 καὶ
872 3786 929 3839 ἑν
955 3787 1034 3858 τῷ
1091 3791 1323 3861 εἰκοστῷ
1352 3793 1520 3864 ὀγδόῳ
1551 3799 1651 3866 τῆς
1677 3772 1736 3874 ἐν
1762 3772 1976 3870 Χᾶλκτίη

409 3873 524 3963 εόνι
548 3877 798 3929 συνόδου·
857 3876 998 3933 ὥστε
1047 3884 1122 3952 μὴ
1179 3883 1320 3938 κατὰ
1375 3888 1473 3956 τὴν
1524 3873 1984 3963 τιμὴνδεύτερον

411 3961 508 4053 τοδ
544 3963 760 4035 Ῥώμης
801 3969 1112 4035 τάττεσθαι,
1175 3974 1311 4030 ἀλλά
1357 3977 1499 4032 κατὰ
1554 3981 1680 4042 τοὺς
1734 3961 1979 4053 χρόνους.

415 4052 572 4108 Οὕτω
599 4058 730 4124 γοῦν
760 4061 853 4112 καὶ
886 4064 1124 4117 ἐνταῦθα
1152 4066 1232 4120 δεῖ
1255 4071 1394 4120 νοεῖν
1425 4069 1522 4140 τὴν
1551 4071 1690 4139 μετὰ
1718 4052 2001 4144 πρόθεσιν’

413 4146 508 4198 τοῦ
565 4151 758 4218 χρόνου
815 4149 956 4208 εἶναι
1000 4156 1326 4231 δηλωτικὴν,
1378 4162 1493 4214 ἀλλ’
1538 4163 1598 4215 οὐ
1641 4164 1738 4233 τῆς
1794 4167 1978 4235 τιμῆς.

415 4239 568 4293 Μετὰ
597 4244 705 4314 γὰρ
728 4245 954 4315 χρόνους
987 4248 1214 4314 πολλοὺς
1251 4251 1359 4305 τῶν
1389 4255 1548 4308 ,ἴσων
1583 4258 1886 4326 πρεσϐείων
1912 4262 1980 4330 τῇ

426 4333 721 4401 Ῥωμαίων
751 4337 1051 4410 Ἐκκλησία
1077 4343 1170 4394 καὶ
1201 4345 1228 4396 6
1273 4345 1460 4416 θρόνος
1509 4342 1663 4412 οὗτος
1685 4350 1783 4418 τῆς
1823 4352 1980 4403 Κων-

415 4425 903 4492 σταντινουπόλεως
927 4427 1106 4500 ἔτυχε,
1144 4431 1232 4486 διὰ
1277 4435 1336 4487 τὸ
1363 4435 1608 4506 βασιλείᾳ
1639 4455 1696 4490 τε
1723 4438 1818 4491 καὶ
1845 4455 1982 4507 συγ-

2164 3245 2182 3278 ι
2223 3227 2520 3279 Romanum
2542 3225 2854 3293 proximus,
2886 3225 3179 3294 mqualihus
3200 3221 3408 3275 fruatur
3426 3219 3646 3290 privile-

2161 3338 2180 3372 ι
2220 3320 2358 3389 εἰίςν
2389 3318 2520 3374 Post
2560 3333 2682 3371 eum
2721 3317 3136 3380 Alexandrinus,
3175 3317 3429 3383 deinceps
3459 3315 3650 3366 Antio-

2157 3429 2177 3462 ι
2221 3413 2446 3472 cheuus,
2475 3420 2528 3464 et
2558 3410 2745 3464 deinde
2772 3408 3312 3478 Hierosolymitauns.
3359 3425 3376 3456 ι

2153 3504 2474 3571 Episc0pum
2521 3500 3173 3568 Constantinopolitannm
3206 3498 3500 3570 aequalibus
3539 3497 3647 3552 frui

2083 3594 2381 3664 privilegiis
2407 3603 2527 3661 post
2554 3592 2883 3664 Romanum,
2906 3591 2984 3644 sic
3015 3591 3066 3642 in
3105 3591 3262 3643 tertio
3294 3590 3478 3659 synodi
3503 3588 3649 3644 Cun-

2084 3684 2594 3751 stantinopolitanae,
2653 3692 2707 3735 et
2761 3682 2815 3735 in
2877 3680 3142 3734 vicesimo
3200 3689 3390 3732 octavo
3454 3680 3641 3749 synodi

2083 3773 2534 3831 Chalcedonensis
2577 3787 2784 3828 canone
2817 3771 3151 3839 interpretati
3194 3784 3402 3832 sumus,
3439 3781 3496 3823 nt
3539 3785 3642 3822 nou

2085 3862 2329 3926 honoris,
2354 3862 2446 3917 sed
2479 3860 2733 3929 temporis
2763 3871 3008 3928 respectu
3040 3860 3315 3915 semindus
3345 3876 3372 3909 a
3407 3859 3648 3912 Romanu

2084 3954 2408 4009 collocetur.
2448 3951 2540 4006 Sic
2571 3953 2751 4020 itaque
2775 3961 2828 4006 et
2860 3951 2949 4005 hic
2983 3951 3389 4021 intelligendum
3415 3961 3494 4004 est
3523 3966 3652 4015 prm-
3697 3939 3710 3956 ”

2074 4043 2432 4118 positionem,
2471 4052 2616 4114 post,
2651 4029 2864 4109 tempus
2890 4041 3155 4105 indicare,
3203 4057 3310 4094 non
3346 4050 3522 4094 autem
3554 4041 3649 4094 ho-

2084 4149 2294 4189 norem.
2342 4133 2471 4187 Nam
2524 4142 2644 4204 post
2679 4149 2849 4188 annos
2899 4133 3357 4203 utnullos'mqttalia
3397 4132 3652 4186 Romanae

2083 4227 2337 4282 Ecclesiae
2364 4228 2596 4282 obtinuit
2632 4228 2858 4280 thronus
2893 4227 2980 4281 hic
3017 4227 3648 4295 Constantinopolim“us

2084 4318 2401 4388 privilegia;
2436 4333 2502 4372 eo
2536 4319 2682 4387 quod
2714 4317 2940 4388 imperio
2969 4325 3024 4370 et
3086 4327 3276 4369 senatu
3313 4317 3427 4370 lucc
3459 4317 3650 4370 civitas

2084 4411 2343 4464 honorata
2377 4419 2482 4475 est,
2515 4407 2813 4480 aequalibus
2851 4408 3020 4465 veteri
3059 4407 3244 4463 Romae
3292 4408 3492 4479 gaudet
3542 4408 3651 4476 pri-

411 4511 596 4582 κλήτῳ
624 4514 922 4584 τιμηθῆναι
945 4518 1043 4587 τὴν
1075 4521 1230 4575 πόλιν
1261 4523 1492 4594 ταύτην,
1549 4527 1642 4579 καὶ
1675 4528 1785 4580 τῶν
1848 4529 1984 4582 ἴσων

2085 4499 2318 4572 vilegiis.

411 4603 710 4658 ἀπολαύειν
740 4609 1048 4675 πρεσϐείων
1081 4615 1146 4683 τῇ
1181 4616 1527 4687 πρεσϐυτέρᾳ
1569 4617 1777 4689 Ῥώμῃ.

1003 4704 1238 4757 ΚΔΝΩΝ
1268 4705 1388 4760 ΛΖ’.

418 4805 440 4835 ‹
499 4789 715 4860 Ἐπειδὴ
756 4793 900 4845 κατὰ
922 4794 1213 4865 διαφόρους
1261 4800 1489 4868 καιροὺς
1523 4801 1859 4872 βαρϐαρικαὶ
1891 4823 1984 4873 γε-

491 4900 507 4928 ι
555 4882 776 4947 γόνασιν
804 4884 1003 4954 ἔφοδοι,
1059 4890 1157 4939 καὶ
1215 4890 1466 4943 πλεῖσται
1516 4893 1700 4956 πόλεις
1731 4896 1982 4952 ἐντεῦθεν

488 4992 504 5020 ι
546 4973 847 5045 ὑποχείριοι
885 4979 999 5040 τοίς
1027 4978 1251 5047 ἀνόμοις
1277 4982 1646 5053 κατέστησαν,
1680 4985 1757 5048 ὡς
1801 4987 1983 5041 ἐντεῦ-

487 5083 506 5114 ι
553 5067 643 5118 θεν
702 5068 776 5136 μὴ
813 5068 1111 5137 δυνηθῆναι
1171 5069 1262 5121 τὸν
1315 5072 1415 5139 τῆς
1457 5074 1711 5145 τοιαύτης
1775 5078 1982 5141 πόλεως

491 5175 507 5204 ι
557 5157 818 5228 πρόεδρον
878 5160 1016 5228 μετὰ
1067 5158 1164 5228 τὴν
1213 5157 1301 5212 ἐπ’
1331 5162 1478 5230 αὐτῷ
1526 5165 1861 5236 χειροτονίαν
1889 5168 1980 5221 τὸν

491 5269 508 5299 ι
551 5251 752 5304 οἰκεῖον
786 5252 974 5322 θρόνον
1007 5253 1360 5316 καταλαϐεῖν,
1421 5257 1514 5308 καὶ
1547 5259 1605 5308 ἐν
1630 5255 1781 5325 αὐτῷ
1828 5257 1979 5327 ἱερα-

489 5360 505 5388 ι
555 5345 678 5411 τικῇ
706 5345 1039 5398 καταστάσει
1068 5343 1441 5415 ὲνιδρυνθῆναι
1465 5361 1481 5376 ο
1540 5347 1633 5398 καὶ
1657 5344 1804 5398 οὕτω
1832 5348 1976 5400 κατὰ

491 5450 509 5481 ι
550 5432 613 5484 ’ἱδ
642 5435 921 5504 κρατῆσαν
953 5437 1071 5498 ἔθος
1111 5439 1210 5500 τὰς
1251 5438 1581 5508 χειροτονίας
1612 5442 1710 5506 καὶ,
1736 5438 1912 5492 πάντα
1941 5439 1978 5494 ἃ

493 5544 508 5574 ι
553 5525 628 5595 τῷ
647 5527 924 5598 ἐπισκόπῳ
941 5531 1132 5598 ἀνήκει
1164 5531 1425 5599 πράττειν
1457 5546 1513 5581 τε
1547 5532 1642 5582 καὶ
1668 5532 1978 5600 μεταχειρί-

493 5637 511 5668 ι
559 5618 766 5681 ζεσθαι·
799 5619 980 5688 ἡμεῖς,
1002 5622 1062 5674 τὸ
1091 5621 1270 5691 τίμιον
1316 5623 1412 5676 καὶ
1472 5624 1768 5692 σεϐάσμιον
1793 5626 1858 5692 τῇ
1900 5627 1976 5676 ἱε-

494 5727 511 5757 ι
555 5707 770 5778 ρωσύνῃ
804 5709 1184 5775 φυλάττοντες,
1216 5713 1312 5766 ml.
1338 5712 1595 5782 μηδαμῶς
1630 5701 1974 5784 πρδίλύμην

498 5815 515 5845 ι
557 5795 670 5850 τῶν
695 5798 1164 5868 ὲκκλησιαστικῶν
1198 5802 1424 5857 δικαίων
1453 5805 1551 5872 τὴν
1582 5803 1798 5873 ἐθνικὴν
1833 5807 1970 5876 ἐπή-

2597 4694 2737 4750 CAN
2750 4692 2841 4749 ON
2878 4692 3148 4750 XXXVII.

2087 4809 2106 4863 Δι
2147 4788 2410 4854 Quoniam
2467 4787 2698 4842 diversis
2749 4787 3080 4854 temporibus
3129 4785 3427 4864 barbarica:
3473 4786 3659 4839 incur-

2164 4905 2181 4935 ‹
2222 4885 2402 4939 siones
2435 4883 2603 4945 fuere,
2638 4890 2694 4936 et
2724 4898 2788 4937 ex
2819 4897 2884 4937 eo
2918 4882 3160 4952 plurimae
3187 4881 3432 4936 civitates
3455 4881 3522 4937 al;
3544 4878 3650 4938 fni-

2158 4999 2176 5026 ι
2222 4979 2343 5048 quis
2381 4979 2700 5048 subjugatae,
2747 4989 2804 5032 ut
2843 4979 2960 5034 ideo
2998 4994 3104 5032 non
3147 4977 3316 5044 possit
3365 4976 3480 5045 ejus
3521 4978 3652 5031 civi-

2154 5090 2171 5118 ‹
2217 5071 2342 5125 tatis
2369 5071 2586 5140 praesul,
2631 5080 2912 5139 postquam
2947 5070 3229 5124 ordinatus
3260 5069 3456 5132 fuerit,
3492 5086 3650 5123 stmm

2162 5181 2182 5210 .-
2221 5163 2473 5216 thronu‘m
2524 5177 2812 5232 occupare,
2859 5169 2914 5216 et
2961 5161 3010 5213 in
3043 5160 3360 5214 sacerdotali
3401 5171 3543 5214 statu
3595 5162 3646 5214 in

2157 5274 2172 5302 ι
2215 5269 2278 5308 eo
2301 5253 2548 5308 collocari
2571 5293 2584 5315 ,
2618 5264 2672 5306 et
2703 5253 2780 5306 sic
2807 5269 2901 5322 pro
2927 5271 2990 5309 ea
3020 5271 3138 5324 qua:
3169 5253 3392 5309 invaluit
3418 5269 3644 5307 consuc-

2117 5390 2122 5395 .
2157 5367 2172 5394 ‹
2217 5346 2420 5408 tudine,
2441 5345 2808 5400 ordinationes
2829 5355 2883 5399 et
2903 5347 3084 5399 omnia
3103 5361 3224 5414 qua:
3247 5346 3312 5398 ad
3337 5346 3642 5414 episcopum

2153 5457 2169 5483 ‹
2212 5435 2506 5506 pertinent,
2542 5452 2701 5504 agere
2739 5447 2793 5488 et
2837 5447 3072 5491 tractare
3109 5456 3123 5492 :
3161 5452 3258 5493 nos
3291 5439 3545 5491 honorem
3580 5451 3643 5489 ac

2157 5547 2172 5576 ι
2217 5527 2612 5580 venerationem
2637 5527 2941 5582 sacerdotio
2971 5539 3272 5594 servantes,
3303 5538 3359 5583 et
3386 5527 3638 5598 gentilem

2150 5641 2166 5666 ι
2209 5619 2454 5686 iniuriam
2478 5634 2811 5685 nequaquam
2838 5619 2902 5672 ad
2924 5620 3408 5676 ecclesi'asticorum
3439 5619 3640 5687 jurinm

2159 5731 2172 5756 α
2217 5711 2506 5778 perniciem
2553 5726 2708 5777 posse
2750 5711 3045 5780 quidquam
3077 5726 3236 5779 agerc
3267 5711 3531 5774 volentes,
3560 5712 3642 5762 eis

2152 5829 2163 5846 ε
2210 5799 2300 5867 qui
2358 5802 2437 5856 sic
2491 5800 2726 5854 ordinati
2783 5810 2930 5862 sunt,
2977 5809 3030 5856 et
3061 5810 3280 5872 propter
3327 5799 3636 5871 praedictam
