4074 6386
254 335 456 398 obii

1289 330 1363 403 ΙΝ
1407 332 1570 392 CAN.
1611 333 1884 395 XXXVII
1920 333 2126 397 CONC.
2162 336 2244 401 IN
2284 340 2607 403 TRULLO.

3510 348 3617 412 64?.

359 456 425 502 τὰ
456 448 729 519 προσόντα
762 448 945 510 αὐτοῖς
997 448 1336 518 ἡγουμενεῖα
1376 448 1471 501 καί⁵
1524 448 1799 515 ἀδελφάτα
1833 451 1929 502 καὶ

2036 453 2187 507 electi
2215 466 2359 519 sunt,
2386 457 2585 511 habere
2613 458 2664 511 in
2691 467 2968 527 posterum
2998 459 3446 515 monasteriorum
3476 477 3615 529 prae-

357 543 607 611 ὀφφίκιαο
642 544 762 611 ἥτις
835 541 947 611 ἔχει
1000 542 1139 593 κατὰ
1191 540 1344 610 ῥῆμα
1373 538 1580 602 οὕτως’
1636 541 1933 610 ’Λνέμαθεν

359 641 396 706 ἡ
426 636 677 704 βασιλεία
710 653 834 706 μου,
866 636 1138 703 ἁγιωτατε
1169 632 1411 685 δέσποτά
1458 648 1560 699 μου
1593 633 1688 683 καὶ
1750 633 1932 685 οἰκου-

365 730 552 796 μενικὲ
584 729 923 799 πατριάρχαι,
957 727 1040 779 ὅτι
1064 725 1172 778 τῶν
1197 727 1255 777 ἐν
1284 726 1405 786 ταῖς
1432 724 1528 775 τοῦ
1548 723 1681 775 Θεοῦ
1706 764 1709 767 ν
1733 724 1934 792 ἐκκληι-

364 819 504 880 σίαις
579 818 777 887 ψήφων
830 813 1278 886 προϐαινουσῶν,
1340 812 1643 873 τινέςτῶν
1710 813 1789 875 εἰς
1836 811 1934 873 τὰς

357 910 574 981 ψήφους
660 908 1024 975 ἐπιλεγέντων
1102 902 1563 974 ὴγουμενεύοντες
1641 903 1698 954 ἐν
1763 920 1931 972 μονα-

363 1003 607 1072 στηρίοις
663 1000 760 1053 καὶ
807 996 1312 1067 οἰκονομοῦντες,ἢ
1374 998 1471 1048 καὶ
1522 996 1720 1064 ἐτέρας
1778 995 1933 1057 τινὰς

360 1089 667 1160 ὑπηρεσίας
721 1086 1149 1156 διενεργοῦντες,
1206 1086 1300 1138 καὶ
1330 1084 1519 1147 ἁπλῶς
1568 1084 1933 1153 τυγχάνοντες

368 1183 617 1252 μοναχοὶ,
670 1182 848 1252 ἕτεροι
878 1181 935 1234 δὲ
964 1180 1021 1232 ἐν
1054 1196 1113 1232 τε
1143 1181 1210 1248 τῇ
1260 1179 1367 1231 τοῦ
1404 1178 1543 1230 Θεοῦ
1583 1178 1813 1249 Μεγάλῃ
1842 1178 1934 1229 ἐκ·

358 1275 561 1345 κλησίᾳ
588 1273 683 1326 καὶ
710 1274 769 1326 ἐν
804 1273 1040 1342 ἑτέραις,
1065 1256 1187 1325 ’ἀπό
1214 1288 1274 1324 τε
1297 1270 1570 1340 ὀφιρικξων
1598 1270 1693 1322 καὶ
1726 1270 1931 1340 ἐτέρων

360 1366 523 1417 τινῶν
546 1364 898 1434 λειτουργιῶν
919 1364 985 1416 τὰ
1020 1362 1244 1434 ζωαρκῆ
1276 1362 1628 1431 κεκτημένοι,
1653 1361 1932 1432 δυσχερῶς

360 1457 546 1525 ἔχουσι
583 1457 673 1507 τὸν
706 1457 805 1522 τῆς
844 1444 1145 1525 ἱερωσύνης
1168 1453 1335 1519 ζυγὸν
1368 1452 1481 1520 (ΞΟ)
1522 1451 1797 1517 ὑπελθεῖν,
1834 1453 1931 1505 καὶ

364 1529 488 1609 ταῖς
528 1547 848 1616 ἐκκλησίαις
906 1545 1275 1613 ἐπιστατῆσαι
1311 1538 1400 1605 αἷς
1454 1542 1929 1612 ἐπεκηρύχθησαν,

364 1640 598 1702 δεδιότες
656 1641 891 1709 μήποτε,
926 1637 1035 1689 τῶν
1069 1636 1327 1689 τοιούτων
1381 1635 1692 1705 ἐκκλησιῶν
1716 1637 1774 1688 ἐν
1816 1636 1933 1698 τοῖς

355 1732 457 1799 τῆς
488 1729 779 1800 Ἀνατολῆς
816 1730 1007 1800 μέρεσι
1038 1726 1421 1796 διακειμένων,
1451 1726 1755 1795 ἐπιλείψειε
1812 1726 1931 1779 τοὺ-

358 1841 474 1887 τοις
502 1822 570 1878 τὰ
599 1824 872 1891 ἀναγκαῖα
898 1841 911 1853 ο
947 1822 1042 1875 ἆτε
1069 1820 1176 1872 τῶν
1210 1820 1307 1889 μὲν
1334 1821 1390 1871 ἐν
1419 1814 1508 1882 αἷς
1556 1816 1931 1895 ἐπεψηφίσθηέ

354 2004 720 2076 ἀπροσόάτων
766 2004 952 2067 αὑτοῖς
984 2003 1285 2065 παντελῶς,
1346 2002 1724 2071 στερουμένων
1749 2000 1806 2053 δὲ
1835 2002 1931 2054 καὶ

356 2097 561 2159 αὐτῶν,
587 2096 676 2149 διὰ
709 2095 766 2148 τὸ
800 2097 902 2164 τὴν
933 2094 1258 2147 ἐπιστασίαν
1288 2092 1498 2145 τούτων
1554 2091 1924 2155 ὑπεισελθεῖν,

354 2193 463 2244 τῶν
486 2189 807 2260 προσουσῶν
832 2190 1018 2252 αὑτοῖς
1050 2186 1433 2257 ήγουμενειῶν
1457 2185 1553 2237 καὶ
1578 2183 1927 2252 οἰκονομιῶν,

355 2283 451 2334 καὶ
473 2282 675 2351 ἐτέρων
708 2278 1080 2350 λειτουργιῶν,
1129 2279 1226 2332 καὶ
1256 2277 1367 2329 τῶν
1392 2275 1669 2339 ἁπλοϊκῶς
1700 2275 1928 2344 λεγομέο

358 2390 463 2425 νων
502 2371 877 2442 ἁδελφάτωνῆ
915 2371 1008 2423 καὶ
1049 2368 1337 2439 ὀφφικίων,
1372 2369 1467 2421 καὶ
1514 2367 1716 2436 ἐτέρων
1764 2368 1930 2420 τινῶν

359 2464 697 2534 ὑπηρεσιῶν.
727 2461 1031 2531 Διορίζεται
1091 2460 1274 2513 τοίνυν
1312 2463 1344 2528 ή
1395 2459 1647 2529 βασιλεία
1680 2477 1805 2528 μου,
1849 2461 1928 2511 οξ-

356 2553 635 2624 κονομικῷ
673 2570 780 2605 τινι
829 2553 970 2621 λόγῳ
1031 2550 1383 2603 διευθετοῦσα
1430 2550 1500 2602 τά
1549 2550 1670 2602 κατ’
1705 2551 1947 2616 αὑτοὺς,

360 2646 435 2717 μή
458 2634 461 2639 ’
486 2662 609 2699 τινα
635 2645 840 2698 τούτων
864 2645 1002 2713 μετά
1050 2642 1228 2697 ταῦτα
1262 2641 1640 2711 δυσχεραίνειν
1671 2642 1748 2712 τῷ
1776 2641 1929 2711 ζυγῷ

355 2738 456 2805 τῆς
481 2734 895 2805 ἀρχιερωσύνης
939 2733 1295 2801 ὑποδραμεῖν.
1354 2732 1563 2794 Πάντες
1623 2732 1732 2801 γὰρ
1781 2726 1927 2786 οὗτοι

356 2826 837 2880 καταπολαύσουσι
894 2828 985 2877 καὶ
1050 2824 1215 2877 πάλιν
1244 2822 1353 2875 τῶν
1402 2823 1723 2892 προσουσῶν
1744 2824 1929 2886 αὑτοῖς

360 2915 734 2984 ὴγουμενειῶν
795 2930 853 2967 τε
906 2915 1000 2966 καὶ
1059 2913 1403 2983 οἰκονομιῶν,
1462 2913 1574 2964 τῶν
1629 2913 1838 2984 ἐτέρων
1865 2931 1925 2967 τε

294 3004 301 3007 ⁷
358 3003 675 3075 ὑπηρεσιῶν
718 3007 812 3058 καὶ
842 3004 1201 3075 λειτουργιῶν
1253 3006 1348 3056 καὶ
1370 3004 1668 3072 ὀφφικίων,
1700 3006 1925 3058 καὶτῶν

357 1933 458 1968 σαν
497 1913 806 1984 ἐκκλησιῶν
864 1913 1042 1984 πάντη
1100 1912 1495 1982 τυγχανουσῶν
1554 1912 1777 1982 ἀπόρων
1832 1912 1929 1964 κα)⁵
1960 1940 1977 1957 τ

2036 544 2296 609 fecturas,
2329 556 2384 600 et
2421 548 2816 612 fraternitates,
2848 559 2901 603 et
2934 549 3128 613 oliicia,
3177 553 3243 604 ad
3278 551 3401 606 illos
3446 556 3617 619 perii-

2034 635 2241 688 nentia.
2274 634 2403 700 Quae
2444 637 2708 691 verbatim
2749 639 2827 691 sic
2856 652 2916 692 se
2949 638 3109 692 habet
3150 653 3166 695 :
3206 638 3408 692 Didicit
3444 641 3613 708 impc-

2034 726 2181 780 r.alis
2200 741 2315 779 mea
2336 737 2595 796 potestas,
2618 729 2958 782 sanctissime
2982 730 3195 784 domine
3216 742 3269 784 et
3290 732 3633 805 universaiis

2035 819 2365 885 patriarcha,
2418 821 2559 888 quod
2608 833 2728 871 cum
2782 819 2836 872 in
2884 819 2973 872 Dei
3030 820 3271 873 Ecclesia
3319 822 3615 876 electiones

2034 912 2353 978 procedant,
2398 911 2617 979 quidam
2646 925 2856 977 eorum,
2887 913 2976 980 qui
3013 912 3170 966 electi
3214 924 3362 977 sunt,
3396 915 3448 967 in
3493 931 3613 966 mo-

2038 999 2300 1053 nasteriis
2349 1001 2716 1068 gubernantes
2761 1013 2817 1053 et
2873 1004 3064 1054 domus
3117 1002 3614 1057 administrationis

2043 1104 2229 1142 curam
2262 1099 2535 1158 gerentes,
2572 1090 2651 1145 vel
2688 1089 2792 1144 alia
2825 1091 2989 1145 etiam
3026 1092 3321 1146 ministeria
3354 1110 3616 1148 exercen-

2034 1188 2140 1239 tes.
2187 1189 2241 1234 et
2278 1182 2503 1235 omnino
2537 1181 2785 1236 monachi
2835 1184 3181 1247 eXsistentes,
3230 1185 3317 1238 alii
3351 1197 3528 1241 autem
3558 1188 3609 1239 in

2040 1268 2230 1344 Magna
2280 1274 2371 1327 Dei
2418 1275 2673 1339 ecclesia,
2705 1284 2758 1329 et
2816 1276 2865 1330 in
2901 1277 3040 1343 aliis,
3078 1294 3143 1333 ex
3186 1280 3376 1336 oliiciis
3407 1293 3461 1335 et
3491 1284 3612 1339 aliis

2020 1361 2347 1414 .tnunerib'ns
2377 1377 2441 1416 ac
2482 1363 2822 1429 ministeriis,
2874 1382 2934 1419 ea
2968 1383 3087 1436 quae
3123 1371 3290 1424 victui
3341 1373 3613 1428 sulliciunt

2043 1452 2403 1519 possidentes,
2438 1470 2582 1524 :egre
2628 1458 2807 1511 lerunt
2835 1462 3141 1526 pootilicale
3170 1464 3355 1535 jugum
3403 1467 3609 1531 subire,

2033 1552 2088 1596 ct
2128 1544 2236 1599 illis
2282 1546 2529 1600 ecclesiis
2557 1563 2813 1617 praeesse,
2859 1552 2911 1604 in
2945 1567 3079 1619 quas
3122 1557 3416 1613 renuntiati
3462 1570 3607 1623 sunt,

2036 1626 2196 1689 veriti
2220 1652 2293 1691 ne
2320 1654 2442 1691 cum
2467 1640 2730 1708 ejusmodi
2760 1644 3001 1698 ecclesia}
3030 1648 3079 1699 in
3104 1645 3342 1703 Orientis
3369 1651 3610 1717 partibus

2036 1729 2167 1791 sint,
2216 1730 2639 1787 eis'necessaria
2683 1735 2902 1803 desint;
2950 1750 3156 1806 utpote,
3204 1758 3325 1795 cum
3370 1746 3611 1798 eet-lesire

2036 1820 2276 1890 quidem,
2309 1825 2359 1876 in
2389 1823 2583 1892 quibus
2621 1825 2776 1881 electi
2804 1839 2953 1893 sunt,
2982 1833 3271 1886 admodum
3308 1837 3629 1903 indigentes

2037 1918 2147 1971 sint
2176 1928 2231 1971 et
2261 1918 2366 1973 illis
2402 1922 2628 1975 omnino
2664 1922 2974 1989 inaccessae,
3015 1928 3293 1995 priventnr
3338 1942 3518 1984 antem
3556 1943 3609 1985 ιιι

2031 1996 2164 2076 ipsi,
2199 2025 2264 2065 eo
2289 2013 2433 2079 quod
2470 2011 2681 2067 illarum
2712 2030 2895 2069 curam
2921 2018 3241 2087 suscipiant,
3277 2022 3608 2087 prarl'ccinris

2036 2111 2090 2156 et
2116 2105 2458 2168 (economiis,
2489 2121 2609 2175 quae
2639 2108 2741 2162 sibi
2777 2110 2995 2172 adsunt,
3028 2120 3079 2162 et
3111 2110 3229 2164 aliis
3261 2114 3605 2179 muneribus,

2036 2200 2089 2245 et
2139 2191 2225 2254 iis,
2273 2208 2391 2261 qua:
2440 2195 2759 2265 simpliciter
2808 2196 3066 2250 dicuntur
3113 2198 3497 2264 fraternitates,
3553 2211 3608 2253 et

2034 2281 2248 2350 oliiciis,
2280 2294 2335 2337 et
2377 2287 2699 2354 quibusdam
2735 2288 2856 2343 aliis
2892 2288 3227 2343 ministeriis.
3263 2289 3375 2342 Mea
3428 2290 3607 2358 itaque

2035 2377 2222 2429 statuit
2258 2375 2557 2445 imperialis
2592 2390 2851 2448 potestas,
2893 2396 2977 2444 ea,
3011 2396 3129 2449 qua:
3164 2382 3229 2434 ad
3263 2383 3409 2449 ipsos
3438 2388 3607 2449 perti-

2036 2476 2186 2529 nent,
2232 2466 2599 2534 dispensativa
2647 2472 2881 2539 quadam
2920 2464 3150 2526 ratione
3196 2474 3507 2544 disponens,
3542 2490 3608 2527 ne

2035 2554 2155 2620 quis
2204 2555 2428 2623 posthac
2476 2557 2789 2623 pontiﬁcale
2832 2558 3020 2627 jugum
3071 2559 3254 2613 subire
3289 2572 3522 2616 recuset.
3568 2564 3604 2615 Ii

2032 2644 2175 2703 enim
2221 2659 2407 2698 omnes
2452 2647 2614 2699 etiam
2665 2663 2852 2702 rursus
2897 2648 3148 2702 fruentur
3198 2649 3297 2714 iis,
3344 2667 3462 2721 quae
3507 2652 3605 2713 sibi

2034 2735 2249 2799 adsunt,
2276 2736 2634 2811 praefecturis,
2664 2749 2719 2794 et
2740 2742 3082 2806 (economiis,
3113 2751 3168 2797 et
3195 2744 3313 2797 aliis
3346 2747 3471 2799 item
3509 2748 3607 2798 mi-

2036 2827 2276 2880 nisteriis
2302 2842 2365 2881 ac
2390 2831 2705 2885 muneribus
2732 2842 2785 2884 et
2812 2832 3026 2898 oliiciis,
3056 2842 3111 2886 et
3137 2849 3256 2902 quae
3288 2835 3389 2887 illis
3415 2837 3610 2891 adsunt

2036 2916 2403 2972 fraternitates
2448 2935 2463 2972 :
2514 2928 2567 2973 et
2622 2922 2880 2975 doctrime
2939 2923 3206 2976 rationem
3270 2922 3606 2993 subeuhtes,

2032 3008 2342 3074 perliciente
2393 3024 2421 3062 a
2467 3024 2527 3063 se
2576 3021 2829 3080 suscepto
2882 3013 3092 3078 ordine,
3139 3013 3351 3067 illorum
3396 3031 3610 3085 quoque

357 3099 676 3170 προσόντων
702 3098 886 3161 αὐτοῖς
916 3096 1232 3164 άδελφάτων
1255 3111 1269 3126 ·
1310 3096 1405 3148 καὶ
1429 3096 1521 3148 τὸν
1548 3098 1648 3164 τῆς
1674 3097 1925 3151 διδασκα-

2036 3099 2236 3152 reditus
2269 3098 2432 3153 libere
2470 3102 2787 3170 percipient,
2826 3104 2998 3157 donec
3043 3106 3416 3159 remissionem
3448 3124 3608 3161 acce-

356 3192 479 3254 λίας
528 3189 979 3260 ὑπεισερχόμενοι
1037 3187 1237 3255 λόγον,
1289 3191 1383 3238 καὶ
1434 3187 1532 3257 τὴν
1595 3187 1928 3242 τελειοποιὸν

357 3281 514 3345 τάξιν
548 3280 960 3349 ἀναδεξάμενοι,
1019 3280 1110 3331 καὶ
1138 3277 1247 3330 τῶν
1275 3278 1372 3330 ἀπ’
1397 3277 1623 3331 ἐκείνων
1647 3280 1928 3349 προσόδων

355 3373 853 3437 κατεξουσιάσουσι
905 3372 1101 3441 μέχρις
1126 3370 1193 3424 ἂν
1222 3370 1407 3423 ἄνεσιν
1438 3370 1673 3434 λάϐοιεν,
1706 3374 1798 3424 καὶ
1823 3373 1930 3426 ἀπὸ

355 3468 454 3533 τῆς
485 3465 581 3517 νῦν
610 3464 940 3534 δυσκληρίας
974 3464 1303 3517 κατασταίεν
1338 3463 1476 3531 πρὸς
1505 3463 1805 3533 εὐκληρίαν
1829 3466 1929 3534 τὴν

356 3557 468 3609 τῶν
503 3555 972 3625 ἐπιψηφισθεισῶν
1004 3555 1190 3620 αὑτοῖς
1224 3553 1551 3622 ἐκκλησιῶν,
1580 3555 1653 3616 ὡς
1684 3556 1923 3625 εἴρηται,

363 3646 580 3700 ἀϐάτων
607 3645 781 3698 οὐσῶν
810 3644 1041 3705 τούτοις,
1071 3644 1145 3706 ὡς
1175 3644 1282 3695 ὑπὸ
1329 3645 1438 3697 τῶν
1481 3644 1740 3713 ἐχθίστων
1796 3662 1931 3698 κατ-

360 3741 637 3808 εχομένων
693 3736 924 3807 ἐχθρῶν.
987 3734 1135 3805 Πλὴν
1183 3738 1249 3788 τά
1299 3735 1561 3789 ἐνταῦθα’
1595 3736 1933 3807 διωρισμένα

360 3832 515 3902 παρὰ
549 3836 648 3899 τῆς
700 3829 979 3900 βασιλείας
1018 3844 1119 3897 μου
1150 3829 1252 3880 οὑκ
1300 3828 1526 3898 ἐπὶτῶν
1572 3829 1930 3898 ἀρχοντικίων

361 3924 626 3992 κρατήσει
657 3924 752 3974 καὶ
807 3921 915 3972 τῶν
942 3918 1169 3989 βαθμῶν
1196 3918 1306 3971 τῶν
1374 3918 1565 3986 ἱερέων
1587 3936 1646 3972 τε
1699 3923 1792 3973 καὶ
1818 3922 1925 3973 τῶν

359 4013 624 4066 διακόνων
658 4010 883 4066 καὶτῶν
913 4011 1117 4063 λοιπῶν
1147 4009 1245 4062 τοῦ
1303 4008 1506 4079 κλήρου
1534 4012 1632 4081 τῆς
1660 4011 1753 4063 τοῦ
1788 4012 1922 4065 Θεοῦ

2031 3190 2227 3258 perint,
2250 3198 2302 3245 et
2323 3190 2639 3261 abea,quae
2671 3208 2811 3247 nunc
2839 3204 2944 3256 est,
2973 3194 3099 3248 cieri
3124 3198 3440 3251 calamitosa
3459 3210 3609 3252 sorte

2034 3283 2101 3335 ad
2130 3281 2405 3352 meliorem
2430 3283 2562 3338 cleri
2589 3299 2894 3339 successum
2925 3285 3003 3340 eis
3023 3288 3401 3362 attributarum
3429 3289 3609 3341 eccle-

2033 3375 2257 3440 siarum,
2294 3392 2414 3445 qua:
2451 3376 2518 3431 ab
2546 3377 2645 3443 eis,
2680 3387 2737 3430 ut
2775 3379 2908 3444 dixi,
2953 3380 3087 3433 adiri
3128 3394 3237 3433 non
3269 3389 3516 3449 possunt,
3552 3389 3609 3433 ut

2035 3481 2154 3534 quae
2197 3469 2264 3521 ab
2297 3469 2668 3524 infestissimis
2712 3479 2999 3523 teneantur
3037 3471 3311 3535 hostibus,
3351 3486 3609 3541 pervene-

2037 3560 2164 3613 rint.
2197 3560 2326 3623 Sed,
2358 3575 2477 3629 qua:
2511 3576 2539 3614 a
2571 3576 2688 3615 mea
2714 3562 2977 3629 imperiali
3015 3572 3281 3632 potestate
3309 3566 3601 3618 constituta

2038 3662 2188 3715 sunt,
2234 3651 2411 3705 locum
2458 3666 2566 3705 non
2606 3652 2877 3706 habebunt
2920 3654 2979 3715 in,
3013 3652 3201 3708 oliiciis
3239 3655 3316 3709 vel
3355 3656 3609 3723 gradibus

2037 3744 2376 3817 sacerdotum
2442 3753 2495 3798 et
2563 3745 2917 3799 diaconorum
2981 3755 3038 3801 et
3090 3756 3411 3800 czeterorum
3471 3748 3603 3800 cieri

2038 3835 2242 3905 Magnae
2274 3836 2362 3891 Dei
2403 3837 2665 3893 ecclesiae.
2698 3837 2842 3891 Pone
2871 3851 3002 3906 ergo
3041 3849 3357 3905 praesentem
3390 3841 3604 3893 consti-

2037 3927 2299 3980 tutionem
2346 3929 2398 3982 in
2452 3927 2728 3983 codicibus
2782 3926 3211 3998 ehartophylacii
3267 3929 3470 4000 Magna:
3511 3929 3603 3982 Dei

2031 4017 2295 4073 ecclesiae.

358 4110 620 4179 Μεγάλης
660 4107 975 4179 ἐκκλησίας.
1032 4106 1431 4192 Κατάστριιισον
1486 4105 1580 4160 οῦν
1636 4108 1697 4161 τὸ
1741 4113 1915 4180 παρὸν
1940 4114 2225 4167 πιττάκιον
2248 4116 2305 4167 ἐν
2331 4115 2446 4176 τοῖς
2477 4113 2664 4181 κώδιξι
2699 4113 2794 4167 τοῦ
2844 4112 3290 4185 χαρτοφυλακίου
3328 4114 3442 4195 ,τῆς
3510 4112 3605 4171 τοῦ

283 4203 293 4212 ’
360 4204 498 4260 Θεοῦ
527 4203 785 4272 Μεγάλης
819 4200 1137 4279 ἐκκλησίας.

435 4297 678 4350 ΖΩΝΑΡ.
733 4294 873 4353 Τοὺς
912 4289 1208 4360 κληθέντας
1268 4289 1349 4351 είς
1398 4286 1526 4341 λαοῦ
1556 4290 1916 4360 προστασίαν,

2110 4290 2361 4347 ZONAR.
2407 4292 2505 4358 Qui
2549 4294 2887 4362 assignatum
2923 4295 3263 4363 praefectura:
3295 4312 3487 4349 munus
3517 4300 3608 4366 de-

364 4389 462 4443 καὶ
596 4384 949 4453 πειθομένους
998 4382 1274 4453 ἀπελθεῖν,
1328 4380 1579 4450 ἀφορίζει
1607 4381 1636 4433 ὁ
1664 4381 1931 4435 ἐπτακαι-

364 4481 590 4539 δέκατος
640 4476 739 4545 τῆς
762 4477 818 4527 ἐν
854 4475 1165 4542 Ἀντιοχείᾳ
1219 4470 1438 4524 συνόδου
1489 4469 1690 4525 κανών.
1717 4473 1853 4534 Τοὺς
1873 4475 1930 4528 δὲ

365 4567 872 4642 χειροτονηθέντας,
915 4566 991 4635 μὴ
1045 4564 1379 4625 ἀπελθόντας
1401 4563 1477 4629 δὲ,
1503 4564 1561 4615 οὑ
1593 4563 1723 4634 παρ’
1747 4566 1929 4619 αἰτίαν

364 4664 594 4725 οἰκείαν,
625 4658 741 4714 ἀλλ’
773 4660 806 4730 ἢ
842 4659 931 4711 διὰ
974 4658 1074 4729 τὴν
1106 4655 1201 4709 τοῦ
1245 4654 1376 4708 λαοῦ
1408 4654 1761 4725 παραίτησιν,
1795 4656 1930 4727 ἢδι⁹

363 4760 564 4826 ἑτέραν
596 4753 774 4808 αἰτίαν
805 4752 905 4805 οὐκ
935 4750 994 4815 ἐξ
1044 4749 1223 4802 αὐτῶν
1254 4747 1575 4816 γενομένην,
1606 4749 1634 4799 ὁ
1662 4746 1931 4801 ὀκτωκαι-

344 4851 595 4909 ,δέκατος
642 4846 739 4916 τῆς
792 4844 962 4913 αὐτῆς
1017 4841 1237 4895 συνόδου
1292 4839 1473 4892 κανὼν
1533 4840 1778 4909 μετέχειν
1837 4843 1933 4910 τῆς

368 4940 539 5008 τιμῆς
567 4937 661 4991 καὶ
690 4937 788 5005 τῆς
836 4932 1180 5002 λειτουργίας
1240 4928 1475 4984 κελεύει.
1503 4929 1673 4982 Τοῦτο
1703 4929 1768 5001 δὴ
1796 4929 1935 4983 πλα-

366 5032 592 5099 τύτερον
621 5028 717 5081 καὶ
757 5027 785 5077 ὁ
818 5024 1009 5095 παρὼν
1055 5021 1300 5085 θεσπίζει
1356 5021 1558 5082 κανὼν,
1613 5021 1788 5089 λέγων
1833 5021 1932 5087 ὡς,

368 5124 467 5177 ἐάν
503 5137 587 5183 τις
619 5121 697 5181 είς
719 5117 1025 5186 ἐπισκοπὴν
1060 5112 1356 5184 προαχθεὶς
1406 5115 1480 5182 μὴ
1530 5112 1731 5181 δυνηθῇ
1765 5113 1937 5164 ἀπελ-

372 5215 488 5268 θεῖν
521 5214 600 5275 εἰς
638 5211 736 5281 τὴν
767 5207 1043 5277 λαχοῦσαν
1072 5205 1238 5258 αὑτὸν
1267 5204 1444 5267 πόλιν,
1489 5204 1592 5256 ὑπὸ
1640 5203 1939 5275 Βαρϐάρων

373 5306 506 5367 ἴσως
562 5284 955 5371 κατεχομένην,
980 5299 1008 5351 ὁ
1033 5294 1277 5359 τοιοῦτος
1303 5293 1451 5349 ἅπαν
1474 5294 1585 5358 ἐξει
1640 5294 1936 5363 προνόμιον

2037 4383 2271 4450 lugiunt,
2318 4381 2672 4436 Antiochense
2720 4386 2909 4452 synodi
2962 4384 3027 4438 l7
3061 4400 3181 4439 can.
3229 4401 3603 4455 segregantur.

2036 4477 2135 4542 Qui
2165 4489 2292 4527 vero
2327 4486 2573 4543 pastores
2607 4475 2926 4541 renuntiati,
2963 4492 3067 4529 non
3101 4478 3282 4546 aliquo
3316 4494 3414 4532 suo
3451 4482 3604 4543 vitio,

2035 4568 2128 4621 sed
2158 4565 2241 4619 vel
2270 4580 2298 4618 a
2327 4565 2666 4620 multitudine
2696 4568 2925 4633 exclusi,
2956 4571 3040 4624 vel
3067 4569 3169 4623 alia
3204 4587 3386 4635 causa,
3422 4574 3472 4625 in
3497 4589 3600 4641 qua

2034 4657 2188 4726 culpa
2233 4656 2333 4726 ipsi
2373 4666 2649 4721 vacarent,
2696 4658 2958 4726 impediti,
3012 4662 3250 4717 muneris
3302 4665 3380 4717 sui
3426 4676 3607 4733 partes

2038 4750 2188 4801 obire
2222 4756 2552 4812 vetarentur,
2583 4748 2649 4801 iis
2682 4760 2739 4803 ut
2782 4752 2984 4805 honore
3015 4752 3362 4808 nihilominus
3406 4765 3459 4806 et
3503 4758 3604 4806 mi-

2039 4838 2247 4892 nisterii
2274 4839 2648 4909 prmrogativis
2670 4838 2773 4892 frui
2798 4840 2980 4906 liceat,
3013 4843 3217 4896 decimo
3241 4856 3432 4897 oetavo
3459 4843 3605 4911 ejus-

2037 4928 2156 4982 dem
2204 4932 2389 4991 synodi
2434 4947 2555 4985 can.
2610 4934 2983 4986 constitutum.
3035 4933 3180 4989 Idem
3226 4936 3327 4989 hoc
3377 4951 3603 4996 canone,

2037 5017 2210 5072 fusius
2257 5020 2523 5088 explicata
2569 5023 2978 5087 constitutione,
3017 5026 3343 5078 decernitur.
3390 5026 3448 5078 Si
3487 5042 3607 5095 quis

2038 5108 2203 5172 enim,
2239 5110 2431 5177 inquit,
2478 5111 2571 5175 ad,
2591 5111 2958 5180 episcopatum
2992 5126 3231 5176 evectus,
3278 5115 3602 5169 destinatam

2045 5199 2146 5254 sibi
2174 5201 2473 5266 civitatem,
2503 5204 2695 5273 quippe
2726 5219 2756 5257 a
2780 5200 3050 5259 ’Barbaris
3082 5207 3224 5262 forte
3255 5219 3602 5276 occupatam,

2046 5293 2197 5348 obire
2228 5308 2336 5348 non
2369 5305 2552 5364 queat,
2588 5297 2769 5351 omnia
2805 5296 2852 5351 is
2881 5297 3179 5367 privilegia,
3215 5298 3314 5352 sibi
3359 5313 3455 5367 pro
3487 5316 3603 5351 Inu-

1583 5426 1728 5489 Guil
1745 5427 1785 5488 ι.
1832 5428 2158 5507 Beveregii
2189 5434 2372 5490 noue.

447 5561 561 5631 (9.0)
612 5561 726 5629 Τῆς
760 5561 1088 5628 ἱερωσύνης
1131 5557 1327 5627 ζυγόν.
1383 5554 1852 5631 Attierbachianus
1883 5562 1936 5608 et

372 5625 714 5687 [Etoniensis
738 5625 974 5706 codices
1041 5625 1174 5683 mss.
1207 5625 1432 5706 'legunt
1476 5625 1893 5706 άρχιερωσὺνης
1917 5665 1934 5690 ,

375 5717 541 5767 quam
577 5717 710 5756 sane
738 5702 1025 5780 lectionem
1062 5714 1258 5780 sensus
1280 5700 1521 5780 requirit
1541 5715 1561 5776 ;_‘
1586 5712 1762 5776 neque
1791 5711 1933 5780 enim

380 5764 452 5828 tle
484 5771 818 5827 sacerdotali
848 5810 863 5835 ,
896 5773 988 5826 sed
1022 5770 1311 5839 episc0pali
1339 5764 1469 5839 iugo
1510 5768 1597 5820 hic
1639 5767 1837 5834 agitur.
1872 5764 1935 5818 Et

2043 5558 2265 5627 quidem
2305 5557 2355 5611 in
2400 5572 2528 5612 vera
2556 5570 2657 5612 nae
2685 5566 2926 5611 lectione
2977 5575 3167 5613 omnes
3196 5560 3413 5614 codices
3440 5569 3601 5628 paulo

2043 5632 2413 5706 consentiunt,
2448 5629 2541 5684 ubi
2563 5628 2878 5698 diciturnt'p
2900 5629 3047 5699 ζυγῷ
3080 5631 3177 5700 τῆς
3196 5632 3601 5706 ἀρχιερωσύνης

2046 5700 2404 5769 ὑποδραμεῖν.
