  <div class='ocr_page' id='page_1' title='image "/cluster/home/n/w/nwhite01/storage/ocr_20150623/137:no.1/coo.31924054870427/329.png"; bbox 0 0 4074 6384; ppageno 0'>
   <div class='ocr_carea' id='block_1_1' title="bbox 431 341 546 406">
    <p class='ocr_par' dir='ltr' id='par_1_1' title="bbox 431 341 546 406">
     <span class='ocr_line' id='line_1_1' title="bbox 431 341 546 406; baseline -0.035 0"><span class='ocrx_word' id='word_1_1' title='bbox 431 341 546 406; x_wconf 79' lang='grc'><strong>643</strong></span> 
     </span>
    </p>
   </div>
   <div class='ocr_carea' id='block_1_2' title="bbox 1614 332 2420 392">
    <p class='ocr_par' dir='ltr' id='par_1_2' title="bbox 1614 332 2420 392">
     <span class='ocr_line' id='line_1_2' title="bbox 1614 332 2420 392; baseline 0.001 -3"><span class='ocrx_word' id='word_1_2' title='bbox 1614 388 1617 389; x_wconf 30' lang='grc' dir='ltr'><strong>ν</strong></span> <span class='ocrx_word' id='word_1_3' title='bbox 1702 332 1977 392; x_wconf 75' lang='lat' dir='ltr'><strong>THEOD.</strong></span> <span class='ocrx_word' id='word_1_4' title='bbox 2023 332 2420 390; x_wconf 73' lang='lat' dir='ltr'><strong>BALSAMON</strong></span> 
     </span>
    </p>
   </div>
   <div class='ocr_carea' id='block_1_3' title="bbox 3580 328 3689 391">
    <p class='ocr_par' dir='ltr' id='par_1_3' title="bbox 3580 328 3689 391">
     <span class='ocr_line' id='line_1_3' title="bbox 3580 328 3689 391; baseline -0.028 0"><span class='ocrx_word' id='word_1_5' title='bbox 3580 328 3689 391; x_wconf 73' lang='grc'><strong>644</strong></span> 
     </span>
    </p>
   </div>
   <div class='ocr_carea' id='block_1_4' title="bbox 431 442 2025 520">
    <p class='ocr_par' dir='ltr' id='par_1_4' title="bbox 431 445 2018 520">
     <span class='ocr_line' id='line_1_4' title="bbox 431 445 2018 520; baseline -0.006 -13"><span class='ocrx_word' id='word_1_6' title='bbox 431 469 565 507; x_wconf 87' lang='lat' dir='ltr'><strong>nere</strong></span> <span class='ocrx_word' id='word_1_7' title='bbox 596 451 956 520; x_wconf 71' lang='lat' dir='ltr'><strong>praefectum,</strong></span> <span class='ocrx_word' id='word_1_8' title='bbox 989 461 1157 517; x_wconf 82' lang='lat' dir='ltr'><strong>quam</strong></span> <span class='ocrx_word' id='word_1_9' title='bbox 1188 446 1401 502; x_wconf 86' lang='lat' dir='ltr'><strong>obtinet</strong></span> <span class='ocrx_word' id='word_1_10' title='bbox 1426 445 1631 510; x_wconf 87' lang='lat' dir='ltr'><strong>debita,</strong></span> <span class='ocrx_word' id='word_1_11' title='bbox 1664 448 2018 499; x_wconf 81' lang='lat' dir='ltr'><strong>nihilominus</strong></span> 
     </span>
    </p>
   </div>
   <div class='ocr_carea' id='block_1_5' title="bbox 2129 442 3693 520">
    <p class='ocr_par' dir='ltr' id='par_1_5' title="bbox 2129 442 3693 520">
     <span class='ocr_line' id='line_1_5' title="bbox 2129 442 3693 520; baseline -0.001 -24"><span class='ocrx_word' id='word_1_12' title='bbox 2129 445 2510 515; x_wconf 78' lang='grc' dir='ltr'>ἀρχιερατικὸν</span> <span class='ocrx_word' id='word_1_13' title='bbox 2538 445 2741 514; x_wconf 75' lang='grc' dir='ltr'>ἀνῆκον</span> <span class='ocrx_word' id='word_1_14' title='bbox 2799 444 2965 512; x_wconf 70' lang='grc' dir='ltr'>αὐτῷ.</span> <span class='ocrx_word' id='word_1_15' title='bbox 3011 444 3118 497; x_wconf 75' lang='grc' dir='ltr'><strong>Καὶ</strong></span> <span class='ocrx_word' id='word_1_16' title='bbox 3176 444 3546 520; x_wconf 63' lang='grc' dir='ltr'>χειροτονήρει</span> <span class='ocrx_word' id='word_1_17' title='bbox 3580 442 3693 512; x_wconf 71' lang='grc' dir='ltr'>γὰρ</span> 
     </span>
    </p>
   </div>
   <div class='ocr_carea' id='block_1_6' title="bbox 432 539 2011 610">
    <p class='ocr_par' dir='ltr' id='par_1_6' title="bbox 432 539 2011 610">
     <span class='ocr_line' id='line_1_6' title="bbox 432 539 2011 610; baseline -0.004 -15"><span class='ocrx_word' id='word_1_18' title='bbox 432 546 750 599; x_wconf 67' lang='lat' dir='ltr'><strong>vindicabit.</strong></span> <span class='ocrx_word' id='word_1_19' title='bbox 806 542 990 610; x_wconf 85' lang='lat' dir='ltr'><strong>Itaque</strong></span> <span class='ocrx_word' id='word_1_20' title='bbox 1037 551 1093 594; x_wconf 89' lang='lat' dir='ltr'><strong>et</strong></span> <span class='ocrx_word' id='word_1_21' title='bbox 1142 540 1369 596; x_wconf 83' lang='lat' dir='ltr'><strong>clericos</strong></span> <span class='ocrx_word' id='word_1_22' title='bbox 1416 541 1695 592; x_wconf 84' lang='lat' dir='ltr'><strong>ordinibus</strong></span> <span class='ocrx_word' id='word_1_23' title='bbox 1730 539 2011 605; x_wconf 80' lang='lat' dir='ltr'><strong>insignire,</strong></span> 
     </span>
    </p>
   </div>
   <div class='ocr_carea' id='block_1_7' title="bbox 438 632 2015 693">
    <p class='ocr_par' dir='ltr' id='par_1_7' title="bbox 438 632 2015 693">
     <span class='ocr_line' id='line_1_7' title="bbox 438 632 2015 693; baseline -0.005 -6"><span class='ocrx_word' id='word_1_24' title='bbox 438 638 698 690; x_wconf 79' lang='lat' dir='ltr'><strong>canonice</strong></span> <span class='ocrx_word' id='word_1_25' title='bbox 740 644 946 693; x_wconf 87' lang='lat' dir='ltr'><strong>tamen,</strong></span> <span class='ocrx_word' id='word_1_26' title='bbox 986 633 1098 686; x_wconf 84' lang='lat' dir='ltr'><strong>hoc</strong></span> <span class='ocrx_word' id='word_1_27' title='bbox 1132 642 1234 693; x_wconf 84' lang='lat' dir='ltr'><strong>est,</strong></span> <span class='ocrx_word' id='word_1_28' title='bbox 1282 632 1508 683; x_wconf 84' lang='lat' dir='ltr'><strong>servatis</strong></span> <span class='ocrx_word' id='word_1_29' title='bbox 1550 632 1601 682; x_wconf 92' lang='lat' dir='ltr'><strong>in</strong></span> <span class='ocrx_word' id='word_1_30' title='bbox 1635 646 1703 683; x_wconf 89' lang='lat' dir='ltr'><strong>eo</strong></span> <span class='ocrx_word' id='word_1_31' title='bbox 1745 643 2015 682; x_wconf 88' lang='lat' dir='ltr'><strong>canonum</strong></span> 
     </span>
    </p>
   </div>
   <div class='ocr_carea' id='block_1_8' title="bbox 434 724 2012 794">
    <p class='ocr_par' dir='ltr' id='par_1_8' title="bbox 434 724 2012 794">
     <span class='ocr_line' id='line_1_8' title="bbox 434 724 2012 794; baseline -0.006 -13"><span class='ocrx_word' id='word_1_32' title='bbox 434 728 801 781; x_wconf 68' lang='lat' dir='ltr'><strong>sanctionibus</strong></span> <span class='ocrx_word' id='word_1_33' title='bbox 827 726 1045 794; x_wconf 90' lang='lat' dir='ltr'><strong>poterit,</strong></span> <span class='ocrx_word' id='word_1_34' title='bbox 1078 737 1133 776; x_wconf 88' lang='lat' dir='ltr'><strong>et</strong></span> <span class='ocrx_word' id='word_1_35' title='bbox 1165 726 1425 777; x_wconf 83' lang='lat' dir='ltr'><strong>honorem</strong></span> <span class='ocrx_word' id='word_1_36' title='bbox 1462 724 1700 790; x_wconf 84' lang='lat' dir='ltr'><strong>episcopi</strong></span> <span class='ocrx_word' id='word_1_37' title='bbox 1734 733 1788 774; x_wconf 89' lang='lat' dir='ltr'><strong>et</strong></span> <span class='ocrx_word' id='word_1_38' title='bbox 1822 724 2012 773; x_wconf 77' lang='lat' dir='ltr'><strong>cathe-</strong></span> 
     </span>
    </p>
   </div>
   <div class='ocr_carea' id='block_1_9' title="bbox 434 814 2019 889">
    <p class='ocr_par' dir='ltr' id='par_1_9' title="bbox 434 814 2019 889">
     <span class='ocr_line' id='line_1_9' title="bbox 434 814 2019 889; baseline -0.005 -15"><span class='ocrx_word' id='word_1_39' title='bbox 434 824 544 875; x_wconf 74' lang='lat' dir='ltr'><strong>dra:</strong></span> <span class='ocrx_word' id='word_1_40' title='bbox 561 818 876 889; x_wconf 71' lang='lat' dir='ltr'><strong>dignitatem</strong></span> <span class='ocrx_word' id='word_1_41' title='bbox 899 818 1183 871; x_wconf 75' lang='lat' dir='ltr'><strong>obtinebit.</strong></span> <span class='ocrx_word' id='word_1_42' title='bbox 1211 816 1302 869; x_wconf 85' lang='lat' dir='ltr'><strong>Est</strong></span> <span class='ocrx_word' id='word_1_43' title='bbox 1322 818 1434 870; x_wconf 76' lang='lat' dir='ltr'><strong>Inec</strong></span> <span class='ocrx_word' id='word_1_44' title='bbox 1458 832 1689 883; x_wconf 78' lang='lat' dir='ltr'><strong>namque</strong></span> <span class='ocrx_word' id='word_1_45' title='bbox 1706 814 2019 880; x_wconf 54' lang='lat' dir='ltr'><strong>praesulatus</strong></span> 
     </span>
    </p>
   </div>
   <div class='ocr_carea' id='block_1_10' title="bbox 435 906 2022 978">
    <p class='ocr_par' dir='ltr' id='par_1_10' title="bbox 435 906 2022 978">
     <span class='ocr_line' id='line_1_10' title="bbox 435 906 2022 978; baseline -0.003 -15"><span class='ocrx_word' id='word_1_46' title='bbox 435 914 731 967; x_wconf 79' lang='lat' dir='ltr'><strong>auctoritas</strong></span> <span class='ocrx_word' id='word_1_47' title='bbox 766 913 1064 965; x_wconf 87' lang='lat' dir='ltr'><strong>secundum</strong></span> <span class='ocrx_word' id='word_1_48' title='bbox 1100 912 1347 978; x_wconf 68' lang='lat' dir='ltr'><strong>proiirios</strong></span> <span class='ocrx_word' id='word_1_49' title='bbox 1386 910 1523 961; x_wconf 87' lang='lat' dir='ltr'><strong>lines</strong></span> <span class='ocrx_word' id='word_1_50' title='bbox 1556 910 1668 960; x_wconf 87' lang='lat' dir='ltr'><strong>sive</strong></span> <span class='ocrx_word' id='word_1_51' title='bbox 1701 920 1859 975; x_wconf 83' lang='lat' dir='ltr'><strong>prout</strong></span> <span class='ocrx_word' id='word_1_52' title='bbox 1891 906 2022 959; x_wconf 79' lang='lat' dir='ltr'><strong>deli-</strong></span> 
     </span>
    </p>
   </div>
   <div class='ocr_carea' id='block_1_11' title="bbox 438 998 2020 1065">
    <p class='ocr_par' dir='ltr' id='par_1_11' title="bbox 438 998 2020 1065">
     <span class='ocr_line' id='line_1_11' title="bbox 438 998 2020 1065; baseline -0.005 -11"><span class='ocrx_word' id='word_1_53' title='bbox 438 1006 609 1055; x_wconf 87' lang='lat' dir='ltr'><strong>nitum</strong></span> <span class='ocrx_word' id='word_1_54' title='bbox 641 1016 722 1055; x_wconf 87' lang='lat' dir='ltr'><strong>est</strong></span> <span class='ocrx_word' id='word_1_55' title='bbox 750 1013 803 1057; x_wconf 91' lang='lat' dir='ltr'><strong>et</strong></span> <span class='ocrx_word' id='word_1_56' title='bbox 830 1003 1204 1065; x_wconf 81' lang='lat' dir='ltr'><strong>constitutum,</strong></span> <span class='ocrx_word' id='word_1_57' title='bbox 1240 1002 1445 1054; x_wconf 83' lang='lat' dir='ltr'><strong>honore</strong></span> <span class='ocrx_word' id='word_1_58' title='bbox 1478 1000 1615 1053; x_wconf 84' lang='lat' dir='ltr'><strong>allici</strong></span> <span class='ocrx_word' id='word_1_59' title='bbox 1651 1001 1796 1050; x_wconf 89' lang='lat' dir='ltr'><strong>illam</strong></span> <span class='ocrx_word' id='word_1_60' title='bbox 1829 998 2020 1050; x_wconf 76' lang='lat' dir='ltr'><strong>civita-</strong></span> 
     </span>
    </p>
   </div>
   <div class='ocr_carea' id='block_1_12' title="bbox 437 1089 2017 1160">
    <p class='ocr_par' dir='ltr' id='par_1_12' title="bbox 437 1089 2017 1160">
     <span class='ocr_line' id='line_1_12' title="bbox 437 1089 2017 1160; baseline -0.004 -14"><span class='ocrx_word' id='word_1_61' title='bbox 437 1104 565 1154; x_wconf 87' lang='lat' dir='ltr'><strong>tem,</strong></span> <span class='ocrx_word' id='word_1_62' title='bbox 598 1095 669 1147; x_wconf 84' lang='lat' dir='ltr'><strong>ita</strong></span> <span class='ocrx_word' id='word_1_63' title='bbox 717 1106 771 1143; x_wconf 90' lang='lat' dir='ltr'><strong>ut</strong></span> <span class='ocrx_word' id='word_1_64' title='bbox 817 1096 990 1160; x_wconf 83' lang='lat' dir='ltr'><strong>prima</strong></span> <span class='ocrx_word' id='word_1_65' title='bbox 1037 1094 1107 1144; x_wconf 86' lang='lat' dir='ltr'><strong>sit</strong></span> <span class='ocrx_word' id='word_1_66' title='bbox 1154 1092 1312 1153; x_wconf 77' lang='lat' dir='ltr'><strong>forte,</strong></span> <span class='ocrx_word' id='word_1_67' title='bbox 1360 1090 1439 1142; x_wconf 87' lang='lat' dir='ltr'><strong>vel</strong></span> <span class='ocrx_word' id='word_1_68' title='bbox 1479 1092 1739 1151; x_wconf 87' lang='lat' dir='ltr'><strong>secunda,</strong></span> <span class='ocrx_word' id='word_1_69' title='bbox 1790 1090 1869 1143; x_wconf 88' lang='lat' dir='ltr'><strong>vel</strong></span> <span class='ocrx_word' id='word_1_70' title='bbox 1917 1089 2017 1140; x_wconf 88' lang='lat' dir='ltr'><strong>alia</strong></span> 
     </span>
    </p>
   </div>
   <div class='ocr_carea' id='block_1_13' title="bbox 438 1176 2008 1249">
    <p class='ocr_par' dir='ltr' id='par_1_13' title="bbox 438 1176 2008 1249">
     <span class='ocr_line' id='line_1_13' title="bbox 438 1176 2008 1249; baseline -0.004 -15"><span class='ocrx_word' id='word_1_71' title='bbox 438 1184 712 1249; x_wconf 89' lang='lat' dir='ltr'><strong>deinceps.</strong></span> <span class='ocrx_word' id='word_1_72' title='bbox 741 1180 855 1233; x_wconf 82' lang='lat' dir='ltr'><strong>Non</strong></span> <span class='ocrx_word' id='word_1_73' title='bbox 879 1182 1022 1233; x_wconf 89' lang='lat' dir='ltr'><strong>enim</strong></span> <span class='ocrx_word' id='word_1_74' title='bbox 1045 1181 1112 1233; x_wconf 85' lang='lat' dir='ltr'><strong>de</strong></span> <span class='ocrx_word' id='word_1_75' title='bbox 1136 1195 1197 1232; x_wconf 86' lang='lat' dir='ltr'><strong>ea</strong></span> <span class='ocrx_word' id='word_1_76' title='bbox 1220 1178 1525 1245; x_wconf 84' lang='lat' dir='ltr'><strong>dejicietur,</strong></span> <span class='ocrx_word' id='word_1_77' title='bbox 1556 1188 1839 1245; x_wconf 84' lang='lat' dir='ltr'><strong>propterea</strong></span> <span class='ocrx_word' id='word_1_78' title='bbox 1866 1176 2008 1245; x_wconf 86' lang='lat' dir='ltr'><strong>quod</strong></span> 
     </span>
    </p>
   </div>
   <div class='ocr_carea' id='block_1_14' title="bbox 440 1269 2019 1340">
    <p class='ocr_par' dir='ltr' id='par_1_14' title="bbox 440 1269 2019 1340">
     <span class='ocr_line' id='line_1_14' title="bbox 440 1269 2019 1340; baseline -0.003 -16"><span class='ocrx_word' id='word_1_79' title='bbox 440 1287 649 1326; x_wconf 86' lang='lat' dir='ltr'><strong>sacram</strong></span> <span class='ocrx_word' id='word_1_80' title='bbox 695 1272 864 1340; x_wconf 85' lang='lat' dir='ltr'><strong>ipsius</strong></span> <span class='ocrx_word' id='word_1_81' title='bbox 915 1272 1065 1323; x_wconf 89' lang='lat' dir='ltr'><strong>urbis</strong></span> <span class='ocrx_word' id='word_1_82' title='bbox 1106 1270 1418 1323; x_wconf 84' lang='lat' dir='ltr'><strong>cathedram</strong></span> <span class='ocrx_word' id='word_1_83' title='bbox 1466 1280 1652 1322; x_wconf 88' lang='lat' dir='ltr'><strong>tenere</strong></span> <span class='ocrx_word' id='word_1_84' title='bbox 1701 1269 1875 1320; x_wconf 85' lang='lat' dir='ltr'><strong>adhuc</strong></span> <span class='ocrx_word' id='word_1_85' title='bbox 1916 1284 2019 1320; x_wconf 89' lang='lat' dir='ltr'><strong>non</strong></span> 
     </span>
    </p>
   </div>
   <div class='ocr_carea' id='block_1_15' title="bbox 442 1361 2023 1432">
    <p class='ocr_par' dir='ltr' id='par_1_15' title="bbox 442 1361 2023 1432">
     <span class='ocr_line' id='line_1_15' title="bbox 442 1361 2023 1432; baseline -0.003 -17"><span class='ocrx_word' id='word_1_86' title='bbox 442 1365 701 1432; x_wconf 85' lang='lat' dir='ltr'><strong>potuerit.</strong></span> <span class='ocrx_word' id='word_1_87' title='bbox 750 1366 852 1416; x_wconf 82' lang='lat' dir='ltr'><strong>Sed</strong></span> <span class='ocrx_word' id='word_1_88' title='bbox 892 1375 943 1416; x_wconf 87' lang='lat' dir='ltr'><strong>et</strong></span> <span class='ocrx_word' id='word_1_89' title='bbox 986 1380 1327 1431; x_wconf 79' lang='lat' dir='ltr'><strong>qna-cunque</strong></span> <span class='ocrx_word' id='word_1_90' title='bbox 1372 1361 1661 1429; x_wconf 81' lang='lat' dir='ltr'><strong>episcopali</strong></span> <span class='ocrx_word' id='word_1_91' title='bbox 1695 1362 2023 1411; x_wconf 83' lang='lat' dir='ltr'><strong>auctoritate</strong></span> 
     </span>
    </p>
   </div>
   <div class='ocr_carea' id='block_1_16' title="bbox 442 1456 2018 1521">
    <p class='ocr_par' dir='ltr' id='par_1_16' title="bbox 442 1456 2018 1521">
     <span class='ocr_line' id='line_1_16' title="bbox 442 1456 2018 1521; baseline -0.006 -9"><span class='ocrx_word' id='word_1_92' title='bbox 442 1460 511 1513; x_wconf 77' lang='lat' dir='ltr'><strong>ah</strong></span> <span class='ocrx_word' id='word_1_93' title='bbox 539 1476 601 1511; x_wconf 87' lang='lat' dir='ltr'><strong>eo</strong></span> <span class='ocrx_word' id='word_1_94' title='bbox 635 1459 933 1511; x_wconf 70' lang='lat' dir='ltr'><strong>coiistitnta</strong></span> <span class='ocrx_word' id='word_1_95' title='bbox 962 1468 1149 1508; x_wconf 83' lang='lat' dir='ltr'><strong>actave</strong></span> <span class='ocrx_word' id='word_1_96' title='bbox 1179 1457 1397 1517; x_wconf 77' lang='lat' dir='ltr'><strong>fuerint,</strong></span> <span class='ocrx_word' id='word_1_97' title='bbox 1433 1466 1545 1507; x_wconf 86' lang='lat' dir='ltr'><strong>rata</strong></span> <span class='ocrx_word' id='word_1_98' title='bbox 1578 1456 1755 1506; x_wconf 86' lang='lat' dir='ltr'><strong>omnia</strong></span> <span class='ocrx_word' id='word_1_99' title='bbox 1784 1467 1831 1505; x_wconf 91' lang='lat' dir='ltr'><strong>et</strong></span> <span class='ocrx_word' id='word_1_100' title='bbox 1859 1470 2018 1521; x_wconf 86' lang='lat' dir='ltr'><strong>quam</strong></span> 
     </span>
    </p>
   </div>
   <div class='ocr_carea' id='block_1_17' title="bbox 441 1544 2019 1618">
    <p class='ocr_par' dir='ltr' id='par_1_17' title="bbox 441 1544 2019 1618">
     <span class='ocr_line' id='line_1_17' title="bbox 441 1544 2019 1618; baseline -0.004 -15"><span class='ocrx_word' id='word_1_101' title='bbox 441 1553 649 1616; x_wconf 84' lang='lat' dir='ltr'><strong>Optimo</strong></span> <span class='ocrx_word' id='word_1_102' title='bbox 692 1550 814 1618; x_wconf 86' lang='lat' dir='ltr'><strong>jure</strong></span> <span class='ocrx_word' id='word_1_103' title='bbox 862 1550 1014 1600; x_wconf 83' lang='lat' dir='ltr'><strong>lirnia</strong></span> <span class='ocrx_word' id='word_1_104' title='bbox 1066 1548 1249 1600; x_wconf 82' lang='lat' dir='ltr'><strong>haberi</strong></span> <span class='ocrx_word' id='word_1_105' title='bbox 1295 1548 1489 1613; x_wconf 77' lang='lat' dir='ltr'><strong>piaret.</strong></span> <span class='ocrx_word' id='word_1_106' title='bbox 1536 1544 1642 1599; x_wconf 84' lang='lat' dir='ltr'><strong>Nec</strong></span> <span class='ocrx_word' id='word_1_107' title='bbox 1686 1548 1848 1606; x_wconf 79' lang='lat' dir='ltr'><strong>eiiim,</strong></span> <span class='ocrx_word' id='word_1_108' title='bbox 1898 1547 2019 1609; x_wconf 82' lang='lat' dir='ltr'><strong>quia</strong></span> 
     </span>
    </p>
   </div>
   <div class='ocr_carea' id='block_1_18' title="bbox 446 1636 2024 1706">
    <p class='ocr_par' dir='ltr' id='par_1_18' title="bbox 446 1636 2024 1706">
     <span class='ocr_line' id='line_1_18' title="bbox 446 1636 2024 1706; baseline -0.003 -18"><span class='ocrx_word' id='word_1_109' title='bbox 446 1650 744 1706; x_wconf 62' lang='lat' dir='ltr'><strong>temporum</strong></span> <span class='ocrx_word' id='word_1_110' title='bbox 785 1638 1092 1705; x_wconf 84' lang='lat' dir='ltr'><strong>iniquitate,</strong></span> <span class='ocrx_word' id='word_1_111' title='bbox 1125 1638 1481 1703; x_wconf 50' lang='lat' dir='ltr'><strong>excitatusque</strong></span> <span class='ocrx_word' id='word_1_112' title='bbox 1528 1651 1554 1687; x_wconf 83' lang='grc' dir='ltr'><strong>ιι</strong></span> <span class='ocrx_word' id='word_1_113' title='bbox 1604 1636 1855 1688; x_wconf 85' lang='lat' dir='ltr'><strong>Barbaris</strong></span> <span class='ocrx_word' id='word_1_114' title='bbox 1901 1652 2024 1702; x_wconf 87' lang='lat' dir='ltr'><strong>pro-</strong></span> 
     </span>
    </p>
   </div>
   <div class='ocr_carea' id='block_1_19' title="bbox 446 1728 2018 1796">
    <p class='ocr_par' dir='ltr' id='par_1_19' title="bbox 446 1728 2018 1796">
     <span class='ocr_line' id='line_1_19' title="bbox 446 1728 2018 1796; baseline -0.004 -14"><span class='ocrx_word' id='word_1_115' title='bbox 446 1730 595 1782; x_wconf 70' lang='lat' dir='ltr'><strong>cella:</strong></span> <span class='ocrx_word' id='word_1_116' title='bbox 631 1729 870 1796; x_wconf 90' lang='lat' dir='ltr'><strong>periculo</strong></span> <span class='ocrx_word' id='word_1_117' title='bbox 906 1728 1159 1781; x_wconf 78' lang='lat' dir='ltr'><strong>exclusus</strong></span> <span class='ocrx_word' id='word_1_118' title='bbox 1194 1728 1437 1780; x_wconf 76' lang='lat' dir='ltr'><strong>ecclesia:</strong></span> <span class='ocrx_word' id='word_1_119' title='bbox 1469 1742 1577 1780; x_wconf 63' lang='lat' dir='ltr'><strong>sua!</strong></span> <span class='ocrx_word' id='word_1_120' title='bbox 1616 1729 2018 1793; x_wconf 75' lang='lat' dir='ltr'><strong>possessionem</strong></span> 
     </span>
    </p>
   </div>
   <div class='ocr_carea' id='block_1_20' title="bbox 2121 535 3692 606">
    <p class='ocr_par' dir='ltr' id='par_1_20' title="bbox 2121 535 3692 606">
     <span class='ocr_line' id='line_1_20' title="bbox 2121 535 3692 606; baseline 0.001 -19"><span class='ocrx_word' id='word_1_121' title='bbox 2121 538 2439 603; x_wconf 77' lang='grc' dir='ltr'>κληρικοὺς,</span> <span class='ocrx_word' id='word_1_122' title='bbox 2475 536 2612 606; x_wconf 85' lang='grc' dir='ltr'>πλὴν</span> <span class='ocrx_word' id='word_1_123' title='bbox 2677 540 2859 603; x_wconf 83' lang='grc' dir='ltr'>μέντοι</span> <span class='ocrx_word' id='word_1_124' title='bbox 2922 535 3243 597; x_wconf 71' lang='grc' dir='ltr'>κανονικῶς,</span> <span class='ocrx_word' id='word_1_125' title='bbox 3280 536 3356 599; x_wconf 83' lang='grc' dir='ltr'><strong>ὡς</strong></span> <span class='ocrx_word' id='word_1_126' title='bbox 3387 538 3692 603; x_wconf 33' lang='grc' dir='ltr'>οἱηκανόνες</span> 
     </span>
    </p>
   </div>
   <div class='ocr_carea' id='block_1_21' title="bbox 2120 626 3691 696">
    <p class='ocr_par' dir='ltr' id='par_1_21' title="bbox 2120 626 3691 696">
     <span class='ocr_line' id='line_1_21' title="bbox 2120 626 3691 696; baseline 0.001 -17"><span class='ocrx_word' id='word_1_127' title='bbox 2120 627 2322 696; x_wconf 81' lang='grc' dir='ltr'>δηλαδὴ</span> <span class='ocrx_word' id='word_1_128' title='bbox 2360 628 2759 687; x_wconf 71' lang='grc' dir='ltr'>διατάττονται,</span> <span class='ocrx_word' id='word_1_129' title='bbox 2788 629 2882 679; x_wconf 76' lang='grc' dir='ltr'><strong>καὶ</strong></span> <span class='ocrx_word' id='word_1_130' title='bbox 2936 629 3032 696; x_wconf 81' lang='grc' dir='ltr'><strong>τὴν</strong></span> <span class='ocrx_word' id='word_1_131' title='bbox 3079 629 3245 696; x_wconf 82' lang='grc' dir='ltr'>τιμὴν</span> <span class='ocrx_word' id='word_1_132' title='bbox 3270 628 3381 691; x_wconf 66' lang='grc' dir='ltr'>ἕξει</span> <span class='ocrx_word' id='word_1_133' title='bbox 3430 626 3522 680; x_wconf 69' lang='grc' dir='ltr'>τοῦ</span> <span class='ocrx_word' id='word_1_134' title='bbox 3566 632 3691 680; x_wconf 76' lang='grc' dir='ltr'>ἐπι-</span> 
     </span>
    </p>
   </div>
   <div class='ocr_carea' id='block_1_22' title="bbox 2124 720 3693 790">
    <p class='ocr_par' dir='ltr' id='par_1_22' title="bbox 2124 720 3693 790">
     <span class='ocr_line' id='line_1_22' title="bbox 2124 720 3693 790; baseline -0.002 -18"><span class='ocrx_word' id='word_1_135' title='bbox 2124 722 2331 772; x_wconf 87' lang='grc' dir='ltr'>σκόπου</span> <span class='ocrx_word' id='word_1_136' title='bbox 2375 720 2469 772; x_wconf 78' lang='grc' dir='ltr'><strong>καὶ</strong></span> <span class='ocrx_word' id='word_1_137' title='bbox 2504 720 2771 786; x_wconf 77' lang='grc' dir='ltr'><strong>καθέδρας</strong></span> <span class='ocrx_word' id='word_1_138' title='bbox 2800 720 3182 785; x_wconf 68' lang='grc' dir='ltr'><strong>ἀξιωθήσεται.</strong></span> <span class='ocrx_word' id='word_1_139' title='bbox 3219 720 3365 788; x_wconf 76' lang='grc' dir='ltr'>Αὗτη</span> <span class='ocrx_word' id='word_1_140' title='bbox 3392 722 3499 789; x_wconf 77' lang='grc' dir='ltr'>γὰρ</span> <span class='ocrx_word' id='word_1_141' title='bbox 3532 723 3563 790; x_wconf 79' lang='grc' dir='ltr'>ἡ</span> <span class='ocrx_word' id='word_1_142' title='bbox 3592 722 3693 787; x_wconf 74' lang='grc' dir='ltr'><strong>τῆς</strong></span> 
     </span>
    </p>
   </div>
   <div class='ocr_carea' id='block_1_23' title="bbox 2120 807 3694 880">
    <p class='ocr_par' dir='ltr' id='par_1_23' title="bbox 2120 807 3694 880">
     <span class='ocr_line' id='line_1_23' title="bbox 2120 807 3694 880; baseline 0.002 -22"><span class='ocrx_word' id='word_1_143' title='bbox 2120 807 2409 876; x_wconf 69' lang='grc' dir='ltr'>προεδρίας</span> <span class='ocrx_word' id='word_1_144' title='bbox 2469 807 2725 859; x_wconf 77' lang='grc' dir='ltr'>αὑθεντία</span> <span class='ocrx_word' id='word_1_145' title='bbox 2791 809 2929 859; x_wconf 71' lang='grc' dir='ltr'>κατὰ</span> <span class='ocrx_word' id='word_1_146' title='bbox 2985 811 3078 858; x_wconf 82' lang='grc' dir='ltr'><strong>τὸν</strong></span> <span class='ocrx_word' id='word_1_147' title='bbox 3130 809 3258 861; x_wconf 73' lang='grc' dir='ltr'>ἴδιον</span> <span class='ocrx_word' id='word_1_148' title='bbox 3319 810 3462 878; x_wconf 83' lang='grc' dir='ltr'>ὅρον,</span> <span class='ocrx_word' id='word_1_149' title='bbox 3520 811 3694 880; x_wconf 76' lang='grc' dir='ltr'>ἤγουν</span> 
     </span>
    </p>
   </div>
   <div class='ocr_carea' id='block_1_24' title="bbox 2121 895 3695 969">
    <p class='ocr_par' dir='ltr' id='par_1_24' title="bbox 2121 895 3695 969">
     <span class='ocr_line' id='line_1_24' title="bbox 2121 895 3695 969; baseline 0.004 -23"><span class='ocrx_word' id='word_1_150' title='bbox 2121 895 2307 957; x_wconf 78' lang='grc' dir='ltr'>καθὼς</span> <span class='ocrx_word' id='word_1_151' title='bbox 2338 896 2570 961; x_wconf 77' lang='grc' dir='ltr'><strong>ὥρισται</strong></span> <span class='ocrx_word' id='word_1_152' title='bbox 2635 900 2727 948; x_wconf 72' lang='grc' dir='ltr'><strong>καὶ</strong></span> <span class='ocrx_word' id='word_1_153' title='bbox 2762 899 3068 949; x_wconf 80' lang='grc' dir='ltr'>τετύπωται</span> <span class='ocrx_word' id='word_1_154' title='bbox 3094 899 3359 966; x_wconf 85' lang='grc' dir='ltr'>τιμᾶσθαι</span> <span class='ocrx_word' id='word_1_155' title='bbox 3388 899 3488 969; x_wconf 76' lang='grc' dir='ltr'>τὴν</span> <span class='ocrx_word' id='word_1_156' title='bbox 3537 901 3695 952; x_wconf 86' lang='grc' dir='ltr'>πόλιν</span> 
     </span>
    </p>
   </div>
   <div class='ocr_carea' id='block_1_25' title="bbox 2118 984 3694 1062">
    <p class='ocr_par' dir='ltr' id='par_1_25' title="bbox 2118 984 3694 1062">
     <span class='ocr_line' id='line_1_25' title="bbox 2118 984 3694 1062; baseline 0.004 -22"><span class='ocrx_word' id='word_1_157' title='bbox 2118 988 2354 1057; x_wconf 76' lang='grc' dir='ltr'>ἐκείνην,</span> <span class='ocrx_word' id='word_1_158' title='bbox 2410 988 2634 1057; x_wconf 83' lang='grc' dir='ltr'>πρώτην</span> <span class='ocrx_word' id='word_1_159' title='bbox 2683 985 2823 1041; x_wconf 81' lang='grc' dir='ltr'>εἶναι</span> <span class='ocrx_word' id='word_1_160' title='bbox 2873 992 3053 1059; x_wconf 69' lang='grc' dir='ltr'>τυχὸν,</span> <span class='ocrx_word' id='word_1_161' title='bbox 3106 991 3136 1060; x_wconf 79' lang='grc' dir='ltr'><strong><em>ἦ</em></strong></span> <span class='ocrx_word' id='word_1_162' title='bbox 3193 984 3558 1062; x_wconf 71' lang='grc' dir='ltr'>δευτέραν,’ῆ</span> <span class='ocrx_word' id='word_1_163' title='bbox 3593 996 3694 1062; x_wconf 62' lang='lat'><strong>€9-</strong></span> 
     </span>
    </p>
   </div>
   <div class='ocr_carea' id='block_1_26' title="bbox 2122 1077 3697 1153">
    <p class='ocr_par' dir='ltr' id='par_1_26' title="bbox 2122 1077 3697 1153">
     <span class='ocr_line' id='line_1_26' title="bbox 2122 1077 3697 1153; baseline 0.004 -24"><span class='ocrx_word' id='word_1_164' title='bbox 2122 1077 2268 1146; x_wconf 79' lang='grc' dir='ltr'>εξῆς.</span> <span class='ocrx_word' id='word_1_165' title='bbox 2300 1079 2372 1130; x_wconf 78' lang='grc' dir='ltr'><strong>Οὐ</strong></span> <span class='ocrx_word' id='word_1_166' title='bbox 2405 1080 2514 1147; x_wconf 77' lang='grc' dir='ltr'><strong>γὰρ</strong></span> <span class='ocrx_word' id='word_1_167' title='bbox 2561 1079 3087 1149; x_wconf 77' lang='grc' dir='ltr'>ὑποϐιϐασθήσεται,</span> <span class='ocrx_word' id='word_1_168' title='bbox 3123 1084 3210 1135; x_wconf 67' lang='grc' dir='ltr'><strong>διὰ</strong></span> <span class='ocrx_word' id='word_1_169' title='bbox 3240 1084 3301 1135; x_wconf 86' lang='grc' dir='ltr'><strong>τὸ</strong></span> <span class='ocrx_word' id='word_1_170' title='bbox 3334 1086 3405 1153; x_wconf 87' lang='grc' dir='ltr'><strong>μὴ</strong></span> <span class='ocrx_word' id='word_1_171' title='bbox 3443 1085 3697 1152; x_wconf 73' lang='grc' dir='ltr'>ἐνιδρυν-</span> 
     </span>
    </p>
   </div>
   <div class='ocr_carea' id='block_1_27' title="bbox 2122 1170 3699 1241">
    <p class='ocr_par' dir='ltr' id='par_1_27' title="bbox 2122 1170 3699 1241">
     <span class='ocr_line' id='line_1_27' title="bbox 2122 1170 3699 1241; baseline 0.005 -20"><span class='ocrx_word' id='word_1_172' title='bbox 2122 1170 2284 1235; x_wconf 81' lang='grc' dir='ltr'>θῆναι</span> <span class='ocrx_word' id='word_1_173' title='bbox 2312 1170 2449 1238; x_wconf 83' lang='grc' dir='ltr'><strong>αὐτῇ</strong></span> <span class='ocrx_word' id='word_1_174' title='bbox 2490 1172 2553 1238; x_wconf 80' lang='grc' dir='ltr'><strong>τῇ</strong></span> <span class='ocrx_word' id='word_1_175' title='bbox 2588 1171 2992 1241; x_wconf 74' lang='grc' dir='ltr'>ίερᾷκαθέδρα.</span> <span class='ocrx_word' id='word_1_176' title='bbox 3036 1174 3191 1226; x_wconf 74' lang='grc' dir='ltr'>Ἀλλὰ</span> <span class='ocrx_word' id='word_1_177' title='bbox 3213 1175 3305 1226; x_wconf 68' lang='grc' dir='ltr'><strong>καὶ</strong></span> <span class='ocrx_word' id='word_1_178' title='bbox 3350 1176 3450 1229; x_wconf 84' lang='grc' dir='ltr'>ὃσα</span> <span class='ocrx_word' id='word_1_179' title='bbox 3481 1179 3544 1228; x_wconf 83' lang='grc' dir='ltr'>ἄν</span> <span class='ocrx_word' id='word_1_180' title='bbox 3571 1178 3699 1229; x_wconf 84' lang='grc' dir='ltr'>διοι-</span> 
     </span>
    </p>
   </div>
   <div class='ocr_carea' id='block_1_28' title="bbox 2121 1261 3696 1337">
    <p class='ocr_par' dir='ltr' id='par_1_28' title="bbox 2121 1261 3696 1337">
     <span class='ocr_line' id='line_1_28' title="bbox 2121 1261 3696 1337; baseline 0.006 -26"><span class='ocrx_word' id='word_1_181' title='bbox 2121 1262 2265 1331; x_wconf 83' lang='grc' dir='ltr'>κήσῃ</span> <span class='ocrx_word' id='word_1_182' title='bbox 2293 1261 2386 1313; x_wconf 80' lang='grc' dir='ltr'><strong>καὶ</strong></span> <span class='ocrx_word' id='word_1_183' title='bbox 2432 1262 2800 1331; x_wconf 78' lang='grc' dir='ltr'><strong>διαπράξηται</strong></span> <span class='ocrx_word' id='word_1_184' title='bbox 2842 1265 3218 1334; x_wconf 86' lang='grc' dir='ltr'>ἀρχιερατικῷ</span> <span class='ocrx_word' id='word_1_185' title='bbox 3248 1266 3464 1335; x_wconf 83' lang='grc' dir='ltr'>δικαίῳ,</span> <span class='ocrx_word' id='word_1_186' title='bbox 3497 1268 3696 1337; x_wconf 83' lang='grc' dir='ltr'>βέϐαια</span> 
     </span>
    </p>
   </div>
   <div class='ocr_carea' id='block_1_29' title="bbox 2122 1349 3725 1431">
    <p class='ocr_par' dir='ltr' id='par_1_29' title="bbox 2122 1349 3725 1431">
     <span class='ocr_line' id='line_1_29' title="bbox 2122 1349 3725 1431; baseline 0.002 -27"><span class='ocrx_word' id='word_1_187' title='bbox 2122 1355 2333 1405; x_wconf 72' lang='grc' dir='ltr'>ἔσονται</span> <span class='ocrx_word' id='word_1_188' title='bbox 2369 1354 2563 1417; x_wconf 85' lang='grc' dir='ltr'>πάντα,</span> <span class='ocrx_word' id='word_1_189' title='bbox 2614 1356 2705 1407; x_wconf 70' lang='grc' dir='ltr'><strong>καὶ</strong></span> <span class='ocrx_word' id='word_1_190' title='bbox 2731 1357 2941 1424; x_wconf 66' lang='grc' dir='ltr'>νόμιμα</span> <span class='ocrx_word' id='word_1_191' title='bbox 2973 1349 3416 1425; x_wconf 74' lang='grc' dir='ltr'>λογισθήσονται.</span> <span class='ocrx_word' id='word_1_192' title='bbox 3472 1364 3546 1412; x_wconf 64' lang='grc' dir='ltr'><strong>υ)</strong></span> <span class='ocrx_word' id='word_1_193' title='bbox 3580 1362 3725 1431; x_wconf 61' lang='grc' dir='ltr'>γὰρ·</span> 
     </span>
    </p>
   </div>
   <div class='ocr_carea' id='block_1_30' title="bbox 2124 1444 3703 1520">
    <p class='ocr_par' dir='ltr' id='par_1_30' title="bbox 2124 1444 3703 1520">
     <span class='ocr_line' id='line_1_30' title="bbox 2124 1444 3703 1520; baseline 0.004 -25"><span class='ocrx_word' id='word_1_194' title='bbox 2124 1444 2188 1495; x_wconf 80' lang='grc' dir='ltr'>ἐκ</span> <span class='ocrx_word' id='word_1_195' title='bbox 2218 1445 2309 1496; x_wconf 82' lang='grc' dir='ltr'>τοῦ</span> <span class='ocrx_word' id='word_1_196' title='bbox 2369 1446 2442 1513; x_wconf 85' lang='grc' dir='ltr'>μὴ</span> <span class='ocrx_word' id='word_1_197' title='bbox 2472 1445 2767 1513; x_wconf 78' lang='grc' dir='ltr'>δυνηθῆναι</span> <span class='ocrx_word' id='word_1_198' title='bbox 2796 1448 2959 1498; x_wconf 61' lang='grc' dir='ltr'>αὐτὸν</span> <span class='ocrx_word' id='word_1_199' title='bbox 2986 1449 3243 1501; x_wconf 73' lang='grc' dir='ltr'><strong>ἀπελθεῖν</strong></span> <span class='ocrx_word' id='word_1_200' title='bbox 3272 1452 3351 1512; x_wconf 84' lang='grc' dir='ltr'><strong>είς</strong></span> <span class='ocrx_word' id='word_1_201' title='bbox 3380 1450 3477 1519; x_wconf 72' lang='grc' dir='ltr'>τὴν</span> <span class='ocrx_word' id='word_1_202' title='bbox 3501 1452 3703 1520; x_wconf 75' lang='grc' dir='ltr'>ἐκκλη-</span> 
     </span>
    </p>
   </div>
   <div class='ocr_carea' id='block_1_31' title="bbox 2124 1538 3699 1611">
    <p class='ocr_par' dir='ltr' id='par_1_31' title="bbox 2124 1538 3699 1611">
     <span class='ocr_line' id='line_1_31' title="bbox 2124 1538 3699 1611; baseline 0.003 -24"><span class='ocrx_word' id='word_1_203' title='bbox 2124 1538 2249 1588; x_wconf 79' lang='grc' dir='ltr'>σίαν</span> <span class='ocrx_word' id='word_1_204' title='bbox 2284 1538 2449 1589; x_wconf 78' lang='grc' dir='ltr'>αὐτοῦ</span> <span class='ocrx_word' id='word_1_205' title='bbox 2503 1538 2590 1589; x_wconf 75' lang='grc' dir='ltr'><strong>διὰ</strong></span> <span class='ocrx_word' id='word_1_206' title='bbox 2641 1540 2739 1608; x_wconf 80' lang='grc' dir='ltr'>τὴν</span> <span class='ocrx_word' id='word_1_207' title='bbox 2786 1540 3036 1611; x_wconf 70' lang='grc' dir='ltr'>ἀνάγκην</span> <span class='ocrx_word' id='word_1_208' title='bbox 3082 1540 3177 1592; x_wconf 74' lang='grc' dir='ltr'><strong>τοῦ</strong></span> <span class='ocrx_word' id='word_1_209' title='bbox 3234 1540 3449 1611; x_wconf 78' lang='grc' dir='ltr'>καιροῦ,</span> <span class='ocrx_word' id='word_1_210' title='bbox 3479 1544 3572 1594; x_wconf 74' lang='grc' dir='ltr'><strong>καὶ</strong></span> <span class='ocrx_word' id='word_1_211' title='bbox 3596 1545 3699 1611; x_wconf 80' lang='grc' dir='ltr'>τὴν</span> 
     </span>
    </p>
   </div>
   <div class='ocr_carea' id='block_1_32' title="bbox 2124 1630 3699 1703">
    <p class='ocr_par' dir='ltr' id='par_1_32' title="bbox 2124 1630 3699 1703">
     <span class='ocr_line' id='line_1_32' title="bbox 2124 1630 3699 1703; baseline 0.003 -22"><span class='ocrx_word' id='word_1_212' title='bbox 2124 1633 2447 1697; x_wconf 81' lang='grc' dir='ltr'>περίστασιν</span> <span class='ocrx_word' id='word_1_213' title='bbox 2466 1632 2563 1698; x_wconf 81' lang='grc' dir='ltr'>τὴν</span> <span class='ocrx_word' id='word_1_214' title='bbox 2586 1632 2649 1681; x_wconf 87' lang='grc' dir='ltr'>ὲκ</span> <span class='ocrx_word' id='word_1_215' title='bbox 2663 1631 2770 1683; x_wconf 83' lang='grc' dir='ltr'><strong>τῶν</strong></span> <span class='ocrx_word' id='word_1_216' title='bbox 2798 1630 3118 1701; x_wconf 86' lang='grc' dir='ltr'>Βαρϐάρων,</span> <span class='ocrx_word' id='word_1_217' title='bbox 3139 1635 3641 1703; x_wconf 70' lang='grc' dir='ltr'>παραγραφὴσεται</span> <span class='ocrx_word' id='word_1_218' title='bbox 3666 1636 3699 1702; x_wconf 84' lang='grc' dir='ltr'><strong>ὴ</strong></span> 
     </span>
    </p>
   </div>
   <div class='ocr_carea' id='block_1_33' title="bbox 2124 1721 3693 1792">
    <p class='ocr_par' dir='ltr' id='par_1_33' title="bbox 2124 1721 3693 1792">
     <span class='ocr_line' id='line_1_33' title="bbox 2124 1721 3693 1792; baseline 0.001 -20"><span class='ocrx_word' id='word_1_219' title='bbox 2124 1721 2402 1791; x_wconf 83' lang='grc' dir='ltr'>ἀκρίϐεια,</span> <span class='ocrx_word' id='word_1_220' title='bbox 2442 1724 2534 1774; x_wconf 68' lang='grc' dir='ltr'>καὶ</span> <span class='ocrx_word' id='word_1_221' title='bbox 2563 1725 2589 1774; x_wconf 79' lang='grc' dir='ltr'><strong>ό</strong></span> <span class='ocrx_word' id='word_1_222' title='bbox 2620 1725 2719 1791; x_wconf 74' lang='grc' dir='ltr'>τῆς</span> <span class='ocrx_word' id='word_1_223' title='bbox 2747 1724 3064 1790; x_wconf 75' lang='grc' dir='ltr'>οἰκονομίας</span> <span class='ocrx_word' id='word_1_224' title='bbox 3108 1724 3230 1792; x_wconf 80' lang='grc' dir='ltr'>ὅρος</span> <span class='ocrx_word' id='word_1_225' title='bbox 3278 1724 3693 1792; x_wconf 71' lang='grc' dir='ltr'>περιορισθήσε-</span> 
     </span>
    </p>
   </div>
   <div class='ocr_carea' id='block_1_34' title="bbox 445 1803 2025 1889">
    <p class='ocr_par' dir='ltr' id='par_1_34' title="bbox 445 1819 2021 1889">
     <span class='ocr_line' id='line_1_34' title="bbox 445 1819 2021 1889; baseline -0.005 -14"><span class='ocrx_word' id='word_1_226' title='bbox 445 1824 729 1888; x_wconf 73' lang='lat' dir='ltr'><strong>episcopus</strong></span> <span class='ocrx_word' id='word_1_227' title='bbox 760 1822 907 1873; x_wconf 88' lang='lat' dir='ltr'><strong>adire</strong></span> <span class='ocrx_word' id='word_1_228' title='bbox 936 1838 1039 1873; x_wconf 90' lang='lat' dir='ltr'><strong>non</strong></span> <span class='ocrx_word' id='word_1_229' title='bbox 1086 1821 1283 1887; x_wconf 83' lang='lat' dir='ltr'><strong>possit,</strong></span> <span class='ocrx_word' id='word_1_230' title='bbox 1308 1821 1511 1871; x_wconf 80' lang='lat' dir='ltr'><strong>ideirco</strong></span> <span class='ocrx_word' id='word_1_231' title='bbox 1542 1819 2021 1889; x_wconf 64' lang='grc' dir='ltr'>εἰτριιιιιδρῐθὶίιθιιιι·</span> 
     </span>
    </p>
   </div>
   <div class='ocr_carea' id='block_1_35' title="bbox 2129 1803 3704 1889">
    <p class='ocr_par' dir='ltr' id='par_1_35' title="bbox 2129 1808 3704 1885">
     <span class='ocr_line' id='line_1_35' title="bbox 2129 1808 3704 1885; baseline 0.003 -22"><span class='ocrx_word' id='word_1_232' title='bbox 2129 1830 2238 1873; x_wconf 80' lang='grc' dir='ltr'>ται,</span> <span class='ocrx_word' id='word_1_233' title='bbox 2268 1814 2389 1867; x_wconf 72' lang='grc' dir='ltr'>ἀντὶ</span> <span class='ocrx_word' id='word_1_234' title='bbox 2413 1813 2530 1875; x_wconf 81' lang='grc' dir='ltr'>τοῦ,</span> <span class='ocrx_word' id='word_1_235' title='bbox 2571 1815 2832 1883; x_wconf 73' lang='grc' dir='ltr'><strong>συστολὴν</strong></span> <span class='ocrx_word' id='word_1_236' title='bbox 2857 1816 2966 1879; x_wconf 73' lang='grc' dir='ltr'>ἔξει</span> <span class='ocrx_word' id='word_1_237' title='bbox 3001 1808 3240 1869; x_wconf 79' lang='grc' dir='ltr'>τινὰκαὶ</span> <span class='ocrx_word' id='word_1_238' title='bbox 3266 1817 3704 1885; x_wconf 63' lang='grc' dir='ltr'>ἐλαττωθήσεται</span> 
     </span>
    </p>
   </div>
   <div class='ocr_carea' id='block_1_36' title="bbox 446 1910 2017 1979">
    <p class='ocr_par' dir='ltr' id='par_1_36' title="bbox 446 1910 2017 1979">
     <span class='ocr_line' id='line_1_36' title="bbox 446 1910 2017 1979; baseline -0.003 -14"><span class='ocrx_word' id='word_1_239' title='bbox 446 1915 741 1979; x_wconf 66' lang='lat' dir='ltr'><strong>tliligetttid,</strong></span> <span class='ocrx_word' id='word_1_240' title='bbox 775 1926 827 1967; x_wconf 87' lang='lat' dir='ltr'><strong>et</strong></span> <span class='ocrx_word' id='word_1_241' title='bbox 857 1913 1171 1966; x_wconf 65' lang='lat' dir='ltr'><strong>mentientia:</strong></span> <span class='ocrx_word' id='word_1_242' title='bbox 1203 1913 1317 1963; x_wconf 82' lang='lat' dir='ltr'><strong>sive</strong></span> <span class='ocrx_word' id='word_1_243' title='bbox 1342 1912 1767 1978; x_wconf 79' lang='lat' dir='ltr'><strong>dispensutimtis</strong></span> <span class='ocrx_word' id='word_1_244' title='bbox 1803 1910 2017 1962; x_wconf 83' lang='lat' dir='ltr'><strong>termini</strong></span> 
     </span>
    </p>
   </div>
   <div class='ocr_carea' id='block_1_37' title="bbox 446 2002 2014 2073">
    <p class='ocr_par' dir='ltr' id='par_1_37' title="bbox 446 2002 2014 2073">
     <span class='ocr_line' id='line_1_37' title="bbox 446 2002 2014 2073; baseline -0.004 -15"><span class='ocrx_word' id='word_1_245' title='bbox 446 2006 725 2073; x_wconf 75' lang='lat' dir='ltr'><strong>angustius</strong></span> <span class='ocrx_word' id='word_1_246' title='bbox 762 2006 1131 2063; x_wconf 88' lang='lat' dir='ltr'><strong>detinieutur;</strong></span> <span class='ocrx_word' id='word_1_247' title='bbox 1186 2003 1287 2056; x_wconf 91' lang='lat' dir='ltr'><strong>hoc</strong></span> <span class='ocrx_word' id='word_1_248' title='bbox 1334 2012 1440 2062; x_wconf 88' lang='lat' dir='ltr'><strong>est,</strong></span> <span class='ocrx_word' id='word_1_249' title='bbox 1489 2019 1592 2055; x_wconf 90' lang='lat' dir='ltr'><strong>non</strong></span> <span class='ocrx_word' id='word_1_250' title='bbox 1638 2019 1700 2054; x_wconf 84' lang='lat' dir='ltr'><strong>ea</strong></span> <span class='ocrx_word' id='word_1_251' title='bbox 1750 2002 1816 2052; x_wconf 89' lang='lat' dir='ltr'><strong>de</strong></span> <span class='ocrx_word' id='word_1_252' title='bbox 1851 2016 2014 2053; x_wconf 70' lang='lat' dir='ltr'><strong>causa</strong></span> 
     </span>
    </p>
   </div>
   <div class='ocr_carea' id='block_1_38' title="bbox 449 2092 2015 2159">
    <p class='ocr_par' dir='ltr' id='par_1_38' title="bbox 449 2092 2015 2159">
     <span class='ocr_line' id='line_1_38' title="bbox 449 2092 2015 2159; baseline -0.004 -14"><span class='ocrx_word' id='word_1_253' title='bbox 449 2096 627 2150; x_wconf 85' lang='lat' dir='ltr'><strong>minus</strong></span> <span class='ocrx_word' id='word_1_254' title='bbox 686 2106 874 2148; x_wconf 76' lang='lat' dir='ltr'><strong>exacte</strong></span> <span class='ocrx_word' id='word_1_255' title='bbox 932 2109 996 2147; x_wconf 83' lang='lat' dir='ltr'><strong>ac</strong></span> <span class='ocrx_word' id='word_1_256' title='bbox 1056 2093 1307 2159; x_wconf 84' lang='lat' dir='ltr'><strong>religiose</strong></span> <span class='ocrx_word' id='word_1_257' title='bbox 1359 2108 1478 2144; x_wconf 86' lang='lat' dir='ltr'><strong>can.</strong></span> <span class='ocrx_word' id='word_1_258' title='bbox 1536 2092 1741 2145; x_wconf 76' lang='lat' dir='ltr'><strong>servari</strong></span> <span class='ocrx_word' id='word_1_259' title='bbox 1797 2094 2015 2157; x_wconf 72' lang='grc' dir='ltr'>ριειονι,</span> 
     </span>
    </p>
   </div>
   <div class='ocr_carea' id='block_1_39' title="bbox 448 2183 2055 2254">
    <p class='ocr_par' dir='ltr' id='par_1_39' title="bbox 448 2183 2055 2254">
     <span class='ocr_line' id='line_1_39' title="bbox 448 2183 2055 2254; baseline -0.004 -13"><span class='ocrx_word' id='word_1_260' title='bbox 448 2203 677 2254; x_wconf 78' lang='lat' dir='ltr'><strong>quorum</strong></span> <span class='ocrx_word' id='word_1_261' title='bbox 703 2187 1025 2240; x_wconf 81' lang='lat' dir='ltr'><strong>auctoritate</strong></span> <span class='ocrx_word' id='word_1_262' title='bbox 1043 2186 1334 2253; x_wconf 78' lang='lat' dir='ltr'><strong>episcopis,</strong></span> <span class='ocrx_word' id='word_1_263' title='bbox 1364 2187 1414 2235; x_wconf 94' lang='lat' dir='ltr'><strong>in</strong></span> <span class='ocrx_word' id='word_1_264' title='bbox 1440 2200 1532 2236; x_wconf 87' lang='lat' dir='ltr'><strong>sua</strong></span> <span class='ocrx_word' id='word_1_265' title='bbox 1559 2186 1753 2250; x_wconf 84' lang='lat' dir='ltr'><strong>cuique</strong></span> <span class='ocrx_word' id='word_1_266' title='bbox 1812 2183 2055 2249; x_wconf 71' lang='lat' dir='ltr'><strong>dimcesi,</strong></span> 
     </span>
    </p>
   </div>
   <div class='ocr_carea' id='block_1_40' title="bbox 448 2278 1305 2332">
    <p class='ocr_par' dir='ltr' id='par_1_40' title="bbox 448 2278 1305 2332">
     <span class='ocr_line' id='line_1_40' title="bbox 448 2278 1305 2332; baseline 0.002 -3"><span class='ocrx_word' id='word_1_267' title='bbox 448 2294 708 2332; x_wconf 70' lang='lat' dir='ltr'><strong>concessa</strong></span> <span class='ocrx_word' id='word_1_268' title='bbox 746 2278 992 2332; x_wconf 75' lang='lat' dir='ltr'><strong>facultas.</strong></span> <span class='ocrx_word' id='word_1_269' title='bbox 1296 2320 1305 2331; x_wconf 44' lang='grc' dir='ltr'><strong>ι</strong></span> 
     </span>
    </p>
   </div>
   <div class='ocr_carea' id='block_1_41' title="bbox 450 2371 2021 2444">
    <p class='ocr_par' dir='ltr' id='par_1_41' title="bbox 450 2371 2021 2444">
     <span class='ocr_line' id='line_1_41' title="bbox 450 2371 2021 2444; baseline -0.004 -14"><span class='ocrx_word' id='word_1_270' title='bbox 450 2375 607 2444; x_wconf 78' lang='lat'><strong>201</strong></span> <span class='ocrx_word' id='word_1_271' title='bbox 642 2373 866 2427; x_wconf 75' lang='lat' dir='ltr'><strong>AltIS&#39;l‘.</strong></span> <span class='ocrx_word' id='word_1_272' title='bbox 901 2392 918 2423; x_wconf 81' lang='grc' dir='ltr'><strong>ι</strong></span> <span class='ocrx_word' id='word_1_273' title='bbox 959 2372 1259 2442; x_wconf 74' lang='lat' dir='ltr'><strong>Episcopus</strong></span> <span class='ocrx_word' id='word_1_274' title='bbox 1288 2372 1377 2439; x_wconf 81' lang='lat' dir='ltr'><strong>qui</strong></span> <span class='ocrx_word' id='word_1_275' title='bbox 1410 2381 1628 2441; x_wconf 78' lang='lat' dir='ltr'><strong>propter</strong></span> <span class='ocrx_word' id='word_1_276' title='bbox 1660 2371 2021 2426; x_wconf 75' lang='lat' dir='ltr'><strong>Barbarorum</strong></span> 
     </span>
    </p>
   </div>
   <div class='ocr_carea' id='block_1_42' title="bbox 524 2464 2024 2528">
    <p class='ocr_par' dir='ltr' id='par_1_42' title="bbox 524 2464 2024 2528">
     <span class='ocr_line' id='line_1_42' title="bbox 524 2464 2024 2528; baseline -0.001 -10"><span class='ocrx_word' id='word_1_277' title='bbox 524 2484 543 2517; x_wconf 79' lang='grc' dir='ltr'><strong>ι</strong></span> <span class='ocrx_word' id='word_1_278' title='bbox 591 2466 952 2518; x_wconf 76' lang='lat' dir='ltr'><strong>incursionem</strong></span> <span class='ocrx_word' id='word_1_279' title='bbox 985 2468 1036 2517; x_wconf 89' lang='lat' dir='ltr'><strong>in</strong></span> <span class='ocrx_word' id='word_1_280' title='bbox 1065 2466 1261 2518; x_wconf 84' lang='lat' dir='ltr'><strong>throno</strong></span> <span class='ocrx_word' id='word_1_281' title='bbox 1289 2480 1391 2517; x_wconf 86' lang='lat' dir='ltr'><strong>non</strong></span> <span class='ocrx_word' id='word_1_282' title='bbox 1422 2464 1735 2528; x_wconf 76' lang='lat' dir='ltr'><strong>collocatur,</strong></span> <span class='ocrx_word' id='word_1_283' title='bbox 1763 2474 1817 2517; x_wconf 90' lang='lat' dir='ltr'><strong>et</strong></span> <span class='ocrx_word' id='word_1_284' title='bbox 1842 2466 2024 2518; x_wconf 82' lang='lat' dir='ltr'><strong>cathe-</strong></span> 
     </span>
    </p>
   </div>
   <div class='ocr_carea' id='block_1_43' title="bbox 524 2555 2024 2622">
    <p class='ocr_par' dir='ltr' id='par_1_43' title="bbox 524 2555 2024 2622">
     <span class='ocr_line' id='line_1_43' title="bbox 524 2555 2024 2622; baseline -0.001 -13"><span class='ocrx_word' id='word_1_285' title='bbox 524 2578 545 2609; x_wconf 81' lang='grc' dir='ltr'><strong>ι</strong></span> <span class='ocrx_word' id='word_1_286' title='bbox 581 2560 673 2611; x_wconf 85' lang='lat' dir='ltr'><strong>dra</strong></span> <span class='ocrx_word' id='word_1_287' title='bbox 726 2573 819 2610; x_wconf 82' lang='lat' dir='ltr'><strong>sua</strong></span> <span class='ocrx_word' id='word_1_288' title='bbox 862 2557 1109 2619; x_wconf 80' lang='lat' dir='ltr'><strong>fruatur,</strong></span> <span class='ocrx_word' id='word_1_289' title='bbox 1164 2567 1219 2609; x_wconf 89' lang='lat' dir='ltr'><strong>et</strong></span> <span class='ocrx_word' id='word_1_290' title='bbox 1268 2555 1504 2618; x_wconf 90' lang='lat' dir='ltr'><strong>ordinet,</strong></span> <span class='ocrx_word' id='word_1_291' title='bbox 1562 2568 1725 2622; x_wconf 84' lang='lat' dir='ltr'><strong>atque</strong></span> <span class='ocrx_word' id='word_1_292' title='bbox 1769 2557 2024 2608; x_wconf 88' lang='lat' dir='ltr'><strong>omnibus</strong></span> 
     </span>
    </p>
   </div>
   <div class='ocr_carea' id='block_1_44' title="bbox 528 2646 1943 2714">
    <p class='ocr_par' dir='ltr' id='par_1_44' title="bbox 528 2646 1943 2714">
     <span class='ocr_line' id='line_1_44' title="bbox 528 2646 1943 2714; baseline -0.005 -11"><span class='ocrx_word' id='word_1_293' title='bbox 528 2670 547 2703; x_wconf 84' lang='grc' dir='ltr'><strong>ι</strong></span> <span class='ocrx_word' id='word_1_294' title='bbox 585 2650 886 2703; x_wconf 78' lang='lat' dir='ltr'><strong>sacerdotis</strong></span> <span class='ocrx_word' id='word_1_295' title='bbox 918 2647 1235 2700; x_wconf 86' lang='lat' dir='ltr'><strong>muneribus</strong></span> <span class='ocrx_word' id='word_1_296' title='bbox 1270 2646 1580 2699; x_wconf 77' lang='lat' dir='ltr'><strong>ﬁrmissime</strong></span> <span class='ocrx_word' id='word_1_297' title='bbox 1610 2646 1881 2714; x_wconf 78' lang='lat' dir='ltr'><strong>fungatur.</strong></span> <span class='ocrx_word' id='word_1_298' title='bbox 1925 2664 1943 2696; x_wconf 80' lang='grc' dir='ltr'><strong>ι</strong></span> 
     </span>
    </p>
   </div>
   <div class='ocr_carea' id='block_1_45' title="bbox 517 2742 2023 2811">
    <p class='ocr_par' dir='ltr' id='par_1_45' title="bbox 517 2742 2023 2811">
     <span class='ocr_line' id='line_1_45' title="bbox 517 2742 2023 2811; baseline -0.001 -14"><span class='ocrx_word' id='word_1_299' title='bbox 517 2742 574 2797; x_wconf 83' lang='lat' dir='ltr'><strong>Si</strong></span> <span class='ocrx_word' id='word_1_300' title='bbox 615 2742 736 2809; x_wconf 89' lang='lat' dir='ltr'><strong>quis</strong></span> <span class='ocrx_word' id='word_1_301' title='bbox 766 2743 1055 2810; x_wconf 81' lang='lat' dir='ltr'><strong>episcopus</strong></span> <span class='ocrx_word' id='word_1_302' title='bbox 1085 2746 1385 2807; x_wconf 89' lang='lat' dir='ltr'><strong>ordinetur,</strong></span> <span class='ocrx_word' id='word_1_303' title='bbox 1417 2753 1470 2795; x_wconf 89' lang='lat' dir='ltr'><strong>et</strong></span> <span class='ocrx_word' id='word_1_304' title='bbox 1506 2753 1721 2811; x_wconf 89' lang='lat' dir='ltr'><strong>propter</strong></span> <span class='ocrx_word' id='word_1_305' title='bbox 1750 2743 1919 2795; x_wconf 88' lang='lat' dir='ltr'><strong>Barba</strong></span> <span class='ocrx_word' id='word_1_306' title='bbox 1932 2758 2023 2795; x_wconf 77' lang='lat' dir='ltr'><strong>ro—</strong></span> 
     </span>
    </p>
   </div>
   <div class='ocr_carea' id='block_1_46' title="bbox 449 2823 2027 2903">
    <p class='ocr_par' dir='ltr' id='par_1_46' title="bbox 449 2823 2027 2903">
     <span class='ocr_line' id='line_1_46' title="bbox 449 2823 2027 2903; baseline -0.002 -15"><span class='ocrx_word' id='word_1_307' title='bbox 449 2823 577 2889; x_wconf 76' lang='lat' dir='ltr'><strong>rinn’</strong></span> <span class='ocrx_word' id='word_1_308' title='bbox 624 2834 963 2887; x_wconf 82' lang='lat' dir='ltr'><strong>incursiones</strong></span> <span class='ocrx_word' id='word_1_309' title='bbox 1016 2850 1122 2887; x_wconf 91' lang='lat' dir='ltr'><strong>non</strong></span> <span class='ocrx_word' id='word_1_310' title='bbox 1176 2835 1344 2903; x_wconf 86' lang='lat' dir='ltr'><strong>possit</strong></span> <span class='ocrx_word' id='word_1_311' title='bbox 1393 2835 1457 2888; x_wconf 83' lang='lat' dir='ltr'><strong>ad</strong></span> <span class='ocrx_word' id='word_1_312' title='bbox 1497 2837 1708 2897; x_wconf 88' lang='lat' dir='ltr'><strong>urbem,</strong></span> <span class='ocrx_word' id='word_1_313' title='bbox 1758 2836 1811 2887; x_wconf 92' lang='lat' dir='ltr'><strong>in</strong></span> <span class='ocrx_word' id='word_1_314' title='bbox 1866 2848 2027 2903; x_wconf 88' lang='lat' dir='ltr'><strong>quam</strong></span> 
     </span>
    </p>
   </div>
   <div class='ocr_carea' id='block_1_47' title="bbox 448 2924 2027 2993">
    <p class='ocr_par' dir='ltr' id='par_1_47' title="bbox 448 2924 2027 2993">
     <span class='ocr_line' id='line_1_47' title="bbox 448 2924 2027 2993; baseline -0.002 -16"><span class='ocrx_word' id='word_1_315' title='bbox 448 2924 735 2977; x_wconf 80' lang='lat' dir='ltr'><strong>ordinatus</strong></span> <span class='ocrx_word' id='word_1_316' title='bbox 774 2932 916 2984; x_wconf 87' lang='lat' dir='ltr'><strong>erat,</strong></span> <span class='ocrx_word' id='word_1_317' title='bbox 949 2938 1008 2975; x_wconf 89' lang='lat' dir='ltr'><strong>se</strong></span> <span class='ocrx_word' id='word_1_318' title='bbox 1044 2926 1302 2993; x_wconf 85' lang='lat' dir='ltr'><strong>recipere,</strong></span> <span class='ocrx_word' id='word_1_319' title='bbox 1354 2935 1413 2977; x_wconf 89' lang='lat' dir='ltr'><strong>ut</strong></span> <span class='ocrx_word' id='word_1_320' title='bbox 1464 2926 1515 2977; x_wconf 93' lang='lat' dir='ltr'><strong>in</strong></span> <span class='ocrx_word' id='word_1_321' title='bbox 1552 2940 1613 2979; x_wconf 88' lang='lat' dir='ltr'><strong>ca</strong></span> <span class='ocrx_word' id='word_1_322' title='bbox 1643 2925 2027 2988; x_wconf 81' lang='lat' dir='ltr'><strong>constituatur,</strong></span> 
     </span>
    </p>
   </div>
   <div class='ocr_carea' id='block_1_48' title="bbox 416 3016 2030 3085">
    <p class='ocr_par' dir='ltr' id='par_1_48' title="bbox 416 3016 2030 3085">
     <span class='ocr_line' id='line_1_48' title="bbox 416 3016 2030 3085; baseline 0.002 -17"><span class='ocrx_word' id='word_1_323' title='bbox 416 3027 502 3068; x_wconf 78' lang='grc' dir='ltr'><strong>ὀι</strong></span> <span class='ocrx_word' id='word_1_324' title='bbox 545 3018 594 3068; x_wconf 95' lang='lat' dir='ltr'><strong>in</strong></span> <span class='ocrx_word' id='word_1_325' title='bbox 632 3026 775 3071; x_wconf 86' lang='lat' dir='ltr'><strong>statu</strong></span> <span class='ocrx_word' id='word_1_326' title='bbox 818 3016 1117 3069; x_wconf 81' lang='lat' dir='ltr'><strong>collocetur</strong></span> <span class='ocrx_word' id='word_1_327' title='bbox 1161 3018 1483 3071; x_wconf 86' lang='lat' dir='ltr'><strong>sacerdotali</strong></span> <span class='ocrx_word' id='word_1_328' title='bbox 1523 3035 1537 3069; x_wconf 90' lang='lat'>:</span> <span class='ocrx_word' id='word_1_329' title='bbox 1574 3032 1640 3071; x_wconf 88' lang='lat' dir='ltr'><strong>ne</strong></span> <span class='ocrx_word' id='word_1_330' title='bbox 1674 3018 2030 3085; x_wconf 88' lang='lat' dir='ltr'><strong>prohibeatur</strong></span> 
     </span>
    </p>
   </div>
   <div class='ocr_carea' id='block_1_49' title="bbox 448 3106 2029 3176">
    <p class='ocr_par' dir='ltr' id='par_1_49' title="bbox 448 3106 2029 3176">
     <span class='ocr_line' id='line_1_49' title="bbox 448 3106 2029 3176; baseline -0.002 -15"><span class='ocrx_word' id='word_1_331' title='bbox 448 3122 611 3175; x_wconf 79' lang='lat' dir='ltr'><strong>agere</strong></span> <span class='ocrx_word' id='word_1_332' title='bbox 644 3122 762 3175; x_wconf 69' lang='lat' dir='ltr'><strong>qua:</strong></span> <span class='ocrx_word' id='word_1_333' title='bbox 795 3106 861 3159; x_wconf 89' lang='lat' dir='ltr'><strong>ad</strong></span> <span class='ocrx_word' id='word_1_334' title='bbox 895 3108 1203 3176; x_wconf 88' lang='lat' dir='ltr'><strong>episcopum</strong></span> <span class='ocrx_word' id='word_1_335' title='bbox 1252 3109 1546 3176; x_wconf 88' lang='lat' dir='ltr'><strong>pertinent,</strong></span> <span class='ocrx_word' id='word_1_336' title='bbox 1590 3110 1682 3160; x_wconf 83' lang='lat' dir='ltr'><strong>sed</strong></span> <span class='ocrx_word' id='word_1_337' title='bbox 1717 3108 1895 3161; x_wconf 86' lang='lat' dir='ltr'><strong>omnia</strong></span> <span class='ocrx_word' id='word_1_338' title='bbox 1948 3108 2029 3159; x_wconf 79' lang='lat' dir='ltr'><strong>Ia-</strong></span> 
     </span>
    </p>
   </div>
   <div class='ocr_carea' id='block_1_50' title="bbox 450 3194 2025 3272">
    <p class='ocr_par' dir='ltr' id='par_1_50' title="bbox 450 3198 2024 3265">
     <span class='ocr_line' id='line_1_50' title="bbox 450 3198 2024 3265; baseline -0.001 -13"><span class='ocrx_word' id='word_1_339' title='bbox 450 3202 558 3252; x_wconf 87' lang='lat' dir='ltr'><strong>ciat</strong></span> <span class='ocrx_word' id='word_1_340' title='bbox 586 3208 903 3261; x_wconf 75' lang='lat' dir='ltr'><strong>tractetqne,</strong></span> <span class='ocrx_word' id='word_1_341' title='bbox 935 3205 987 3249; x_wconf 90' lang='lat' dir='ltr'><strong>et</strong></span> <span class='ocrx_word' id='word_1_342' title='bbox 1011 3198 1229 3251; x_wconf 88' lang='lat' dir='ltr'><strong>honoris</strong></span> <span class='ocrx_word' id='word_1_343' title='bbox 1253 3199 1341 3264; x_wconf 87' lang='lat' dir='ltr'><strong>qui</strong></span> <span class='ocrx_word' id='word_1_344' title='bbox 1370 3199 1421 3264; x_wconf 85' lang='lat' dir='ltr'><strong>in</strong></span> <span class='ocrx_word' id='word_1_345' title='bbox 1454 3198 1707 3251; x_wconf 74' lang='lat' dir='ltr'><strong>cathedra</strong></span> <span class='ocrx_word' id='word_1_346' title='bbox 1741 3208 1822 3250; x_wconf 83' lang='lat' dir='ltr'><strong>est</strong></span> <span class='ocrx_word' id='word_1_347' title='bbox 1849 3199 2024 3265; x_wconf 80' lang='lat' dir='ltr'><strong>parti-</strong></span> 
     </span>
    </p>
   </div>
   <div class='ocr_carea' id='block_1_51' title="bbox 2129 3194 3799 3272">
    <p class='ocr_par' dir='ltr' id='par_1_51' title="bbox 2138 3194 3799 3270">
     <span class='ocr_line' id='line_1_51' title="bbox 2138 3194 3799 3270; baseline 0.002 -25"><span class='ocrx_word' id='word_1_348' title='bbox 2138 3194 2373 3263; x_wconf 75' lang='grc' dir='ltr'>σθω,καὶ</span> <span class='ocrx_word' id='word_1_349' title='bbox 2395 3194 2875 3263; x_wconf 76' lang='grc' dir='ltr'>μεταχειριζέσθω,</span> <span class='ocrx_word' id='word_1_350' title='bbox 2906 3195 2997 3246; x_wconf 77' lang='grc' dir='ltr'>καὶ</span> <span class='ocrx_word' id='word_1_351' title='bbox 3018 3194 3116 3264; x_wconf 74' lang='grc' dir='ltr'>τὴν</span> <span class='ocrx_word' id='word_1_352' title='bbox 3132 3196 3189 3247; x_wconf 80' lang='grc' dir='ltr'>ὲν</span> <span class='ocrx_word' id='word_1_353' title='bbox 3208 3199 3272 3266; x_wconf 78' lang='grc' dir='ltr'>τῇ</span> <span class='ocrx_word' id='word_1_354' title='bbox 3294 3198 3531 3269; x_wconf 76' lang='grc' dir='ltr'>καθέδρᾳ</span> <span class='ocrx_word' id='word_1_355' title='bbox 3544 3199 3708 3270; x_wconf 82' lang='grc' dir='ltr'>τιμὴν</span> <span class='ocrx_word' id='word_1_356' title='bbox 3788 3218 3799 3231; x_wconf 76' lang='lat'><strong><em>~</em></strong></span> 
     </span>
    </p>
   </div>
   <div class='ocr_carea' id='block_1_52' title="bbox 448 3287 2028 3355">
    <p class='ocr_par' dir='ltr' id='par_1_52' title="bbox 448 3287 2028 3355">
     <span class='ocr_line' id='line_1_52' title="bbox 448 3287 2028 3355; baseline 0.001 -13"><span class='ocrx_word' id='word_1_357' title='bbox 448 3304 577 3355; x_wconf 75' lang='lat' dir='ltr'><strong>ceps</strong></span> <span class='ocrx_word' id='word_1_358' title='bbox 603 3291 696 3349; x_wconf 89' lang='lat' dir='ltr'><strong>sit,</strong></span> <span class='ocrx_word' id='word_1_359' title='bbox 732 3298 786 3340; x_wconf 91' lang='lat' dir='ltr'><strong>et</strong></span> <span class='ocrx_word' id='word_1_360' title='bbox 812 3287 1135 3339; x_wconf 77' lang='lat' dir='ltr'><strong>clericorum</strong></span> <span class='ocrx_word' id='word_1_361' title='bbox 1165 3290 1434 3341; x_wconf 84' lang='lat' dir='ltr'><strong>variorum</strong></span> <span class='ocrx_word' id='word_1_362' title='bbox 1466 3290 1837 3342; x_wconf 80' lang='lat' dir='ltr'><strong>ordinationes</strong></span> <span class='ocrx_word' id='word_1_363' title='bbox 1864 3306 2028 3343; x_wconf 77' lang='lat' dir='ltr'><strong>cauo-</strong></span> 
     </span>
    </p>
   </div>
   <div class='ocr_carea' id='block_1_53' title="bbox 453 3378 2027 3448">
    <p class='ocr_par' dir='ltr' id='par_1_53' title="bbox 453 3378 2027 3448">
     <span class='ocr_line' id='line_1_53' title="bbox 453 3378 2027 3448; baseline 0.001 -15"><span class='ocrx_word' id='word_1_364' title='bbox 453 3382 570 3434; x_wconf 89' lang='lat' dir='ltr'><strong>nice</strong></span> <span class='ocrx_word' id='word_1_365' title='bbox 604 3378 792 3441; x_wconf 78' lang='lat' dir='ltr'><strong>faciat,</strong></span> <span class='ocrx_word' id='word_1_366' title='bbox 828 3388 884 3432; x_wconf 91' lang='lat' dir='ltr'><strong>et</strong></span> <span class='ocrx_word' id='word_1_367' title='bbox 926 3380 1188 3448; x_wconf 89' lang='lat' dir='ltr'><strong>quidquid</strong></span> <span class='ocrx_word' id='word_1_368' title='bbox 1223 3381 1289 3433; x_wconf 84' lang='lat' dir='ltr'><strong>ab</strong></span> <span class='ocrx_word' id='word_1_369' title='bbox 1320 3397 1383 3433; x_wconf 88' lang='lat' dir='ltr'><strong>eo</strong></span> <span class='ocrx_word' id='word_1_370' title='bbox 1411 3384 1703 3434; x_wconf 66' lang='lat' dir='ltr'><strong>secundum</strong></span> <span class='ocrx_word' id='word_1_371' title='bbox 1742 3384 1833 3447; x_wconf 89' lang='lat' dir='ltr'><strong>jus</strong></span> <span class='ocrx_word' id='word_1_372' title='bbox 1866 3398 2027 3435; x_wconf 86' lang='lat' dir='ltr'><strong>cano-</strong></span> 
     </span>
    </p>
   </div>
   <div class='ocr_carea' id='block_1_54' title="bbox 449 3472 2027 3541">
    <p class='ocr_par' dir='ltr' id='par_1_54' title="bbox 449 3472 2027 3541">
     <span class='ocr_line' id='line_1_54' title="bbox 449 3472 2027 3541; baseline 0.001 -14"><span class='ocrx_word' id='word_1_373' title='bbox 449 3474 635 3537; x_wconf 79' lang='lat' dir='ltr'><strong>nicum</strong></span> <span class='ocrx_word' id='word_1_374' title='bbox 687 3472 882 3525; x_wconf 79' lang='lat' dir='ltr'><strong>factum</strong></span> <span class='ocrx_word' id='word_1_375' title='bbox 941 3472 1102 3527; x_wconf 86' lang='lat' dir='ltr'><strong>fuerit</strong></span> <span class='ocrx_word' id='word_1_376' title='bbox 1160 3474 1372 3525; x_wconf 83' lang='lat' dir='ltr'><strong>liruium</strong></span> <span class='ocrx_word' id='word_1_377' title='bbox 1427 3476 1703 3526; x_wconf 87' lang='lat' dir='ltr'><strong>habeatur.</strong></span> <span class='ocrx_word' id='word_1_378' title='bbox 1751 3474 2027 3541; x_wconf 83' lang='lat' dir='ltr'><strong>Temporis</strong></span> 
     </span>
    </p>
   </div>
   <div class='ocr_carea' id='block_1_55' title="bbox 454 3564 2028 3638">
    <p class='ocr_par' dir='ltr' id='par_1_55' title="bbox 454 3564 2028 3638">
     <span class='ocr_line' id='line_1_55' title="bbox 454 3564 2028 3638; baseline 0.003 -20"><span class='ocrx_word' id='word_1_379' title='bbox 454 3565 596 3618; x_wconf 89' lang='lat' dir='ltr'><strong>enim</strong></span> <span class='ocrx_word' id='word_1_380' title='bbox 626 3564 918 3618; x_wconf 78' lang='lat' dir='ltr'><strong>necessitas</strong></span> <span class='ocrx_word' id='word_1_381' title='bbox 948 3580 1068 3618; x_wconf 88' lang='lat' dir='ltr'><strong>eum</strong></span> <span class='ocrx_word' id='word_1_382' title='bbox 1099 3580 1204 3618; x_wconf 89' lang='lat' dir='ltr'><strong>non</strong></span> <span class='ocrx_word' id='word_1_383' title='bbox 1237 3568 1673 3629; x_wconf 70' lang='lat' dir='ltr'><strong>CertttIIScl‘lllPl,</strong></span> <span class='ocrx_word' id='word_1_384' title='bbox 1709 3579 1765 3621; x_wconf 93' lang='lat' dir='ltr'><strong>ut</strong></span> <span class='ocrx_word' id='word_1_385' title='bbox 1792 3568 2028 3638; x_wconf 80' lang='lat' dir='ltr'><strong>dignitas</strong></span> 
     </span>
    </p>
   </div>
   <div class='ocr_carea' id='block_1_56' title="bbox 450 3644 1686 3726">
    <p class='ocr_par' dir='ltr' id='par_1_56' title="bbox 450 3644 1686 3726">
     <span class='ocr_line' id='line_1_56' title="bbox 450 3644 1686 3726; baseline 0 -14"><span class='ocrx_word' id='word_1_386' title='bbox 450 3657 571 3726; x_wconf 82' lang='lat' dir='ltr'><strong>ejus</strong></span> <span class='ocrx_word' id='word_1_387' title='bbox 602 3657 924 3726; x_wconf 81' lang='lat' dir='ltr'><strong>episcopalis</strong></span> <span class='ocrx_word' id='word_1_388' title='bbox 958 3657 1066 3710; x_wconf 86' lang='lat' dir='ltr'><strong>ullo</strong></span> <span class='ocrx_word' id='word_1_389' title='bbox 1097 3658 1255 3711; x_wconf 84' lang='lat' dir='ltr'><strong>modo</strong></span> <span class='ocrx_word' id='word_1_390' title='bbox 1288 3644 1568 3712; x_wconf 81' lang='lat' dir='ltr'><strong>iinminuta</strong></span> <span class='ocrx_word' id='word_1_391' title='bbox 1596 3662 1686 3714; x_wconf 83' lang='lat' dir='ltr'><strong>sit.</strong></span> 
     </span>
    </p>
   </div>
   <div class='ocr_carea' id='block_1_57' title="bbox 963 3744 1516 3801">
    <p class='ocr_par' dir='ltr' id='par_1_57' title="bbox 963 3744 1516 3801">
     <span class='ocr_line' id='line_1_57' title="bbox 963 3744 1516 3801; baseline 0.004 -2"><span class='ocrx_word' id='word_1_392' title='bbox 963 3744 1192 3801; x_wconf 80' lang='lat' dir='ltr'><strong>CANON</strong></span> <span class='ocrx_word' id='word_1_393' title='bbox 1233 3746 1516 3801; x_wconf 77' lang='lat' dir='ltr'><strong>XXXVIII.</strong></span> 
     </span>
    </p>
   </div>
   <div class='ocr_carea' id='block_1_58' title="bbox 459 3835 2030 3910">
    <p class='ocr_par' dir='ltr' id='par_1_58' title="bbox 459 3835 2030 3910">
     <span class='ocr_line' id='line_1_58' title="bbox 459 3835 2030 3910; baseline 0.006 -24"><span class='ocrx_word' id='word_1_394' title='bbox 459 3855 479 3886; x_wconf 73' lang='lat' dir='ltr'><strong>c</strong></span> <span class='ocrx_word' id='word_1_395' title='bbox 517 3835 812 3901; x_wconf 82' lang='lat' dir='ltr'><strong>Canonem,</strong></span> <span class='ocrx_word' id='word_1_396' title='bbox 842 3837 933 3905; x_wconf 90' lang='lat' dir='ltr'><strong>qui</strong></span> <span class='ocrx_word' id='word_1_397' title='bbox 968 3853 996 3891; x_wconf 86' lang='lat' dir='ltr'><strong>a</strong></span> <span class='ocrx_word' id='word_1_398' title='bbox 1039 3837 1286 3892; x_wconf 79' lang='lat' dir='ltr'><strong>Patribus</strong></span> <span class='ocrx_word' id='word_1_399' title='bbox 1315 3840 1492 3893; x_wconf 74' lang='lat' dir='ltr'><strong>factus</strong></span> <span class='ocrx_word' id='word_1_400' title='bbox 1530 3852 1635 3903; x_wconf 86' lang='lat' dir='ltr'><strong>est,</strong></span> <span class='ocrx_word' id='word_1_401' title='bbox 1686 3856 1783 3895; x_wconf 93' lang='lat' dir='ltr'><strong>nos</strong></span> <span class='ocrx_word' id='word_1_402' title='bbox 1812 3856 2030 3910; x_wconf 87' lang='lat' dir='ltr'><strong>quoque</strong></span> 
     </span>
    </p>
   </div>
   <div class='ocr_carea' id='block_1_59' title="bbox 529 3926 2029 3999">
    <p class='ocr_par' dir='ltr' id='par_1_59' title="bbox 529 3926 2029 3999">
     <span class='ocr_line' id='line_1_59' title="bbox 529 3926 2029 3999; baseline 0.003 -22"><span class='ocrx_word' id='word_1_403' title='bbox 529 3945 551 3977; x_wconf 83' lang='grc' dir='ltr'><strong>ι</strong></span> <span class='ocrx_word' id='word_1_404' title='bbox 582 3927 970 3987; x_wconf 80' lang='lat' dir='ltr'><strong>observamus,</strong></span> <span class='ocrx_word' id='word_1_405' title='bbox 1002 3926 1199 3995; x_wconf 89' lang='lat' dir='ltr'><strong>quisic</strong></span> <span class='ocrx_word' id='word_1_406' title='bbox 1241 3927 1539 3999; x_wconf 51' lang='lat' dir='ltr'><strong>edicitaSi</strong></span> <span class='ocrx_word' id='word_1_407' title='bbox 1585 3945 1691 3999; x_wconf 86' lang='lat' dir='ltr'><strong>qua</strong></span> <span class='ocrx_word' id='word_1_408' title='bbox 1738 3932 1931 3984; x_wconf 79' lang='lat' dir='ltr'><strong>civitas</strong></span> <span class='ocrx_word' id='word_1_409' title='bbox 1962 3932 2029 3982; x_wconf 89' lang='lat' dir='ltr'><strong>ab</strong></span> 
     </span>
    </p>
   </div>
   <div class='ocr_carea' id='block_1_60' title="bbox 526 4020 2028 4090">
    <p class='ocr_par' dir='ltr' id='par_1_60' title="bbox 526 4020 2028 4090">
     <span class='ocr_line' id='line_1_60' title="bbox 526 4020 2028 4090; baseline 0.002 -18"><span class='ocrx_word' id='word_1_410' title='bbox 526 4038 545 4072; x_wconf 78' lang='grc' dir='ltr'><strong>ι</strong></span> <span class='ocrx_word' id='word_1_411' title='bbox 585 4020 716 4087; x_wconf 91' lang='lat' dir='ltr'><strong>imp.</strong></span> <span class='ocrx_word' id='word_1_412' title='bbox 776 4030 1045 4087; x_wconf 82' lang='lat' dir='ltr'><strong>potestate</strong></span> <span class='ocrx_word' id='word_1_413' title='bbox 1087 4022 1338 4073; x_wconf 87' lang='lat' dir='ltr'><strong>innovata</strong></span> <span class='ocrx_word' id='word_1_414' title='bbox 1374 4022 1464 4083; x_wconf 90' lang='lat' dir='ltr'><strong>sit,</strong></span> <span class='ocrx_word' id='word_1_415' title='bbox 1502 4021 1583 4074; x_wconf 90' lang='lat' dir='ltr'><strong>vel</strong></span> <span class='ocrx_word' id='word_1_416' title='bbox 1620 4025 1841 4090; x_wconf 78' lang='lat' dir='ltr'><strong>posthac</strong></span> <span class='ocrx_word' id='word_1_417' title='bbox 1876 4025 2028 4075; x_wconf 90' lang='lat' dir='ltr'><strong>inuo-</strong></span> 
     </span>
    </p>
   </div>
   <div class='ocr_carea' id='block_1_61' title="bbox 523 4111 2029 4184">
    <p class='ocr_par' dir='ltr' id='par_1_61' title="bbox 523 4111 2029 4184">
     <span class='ocr_line' id='line_1_61' title="bbox 523 4111 2029 4184; baseline -0.001 -18"><span class='ocrx_word' id='word_1_418' title='bbox 523 4127 550 4166; x_wconf 76' lang='grc' dir='ltr'>ι</span> <span class='ocrx_word' id='word_1_419' title='bbox 585 4112 783 4178; x_wconf 80' lang='lat' dir='ltr'><strong>vanda,</strong></span> <span class='ocrx_word' id='word_1_420' title='bbox 814 4111 1002 4165; x_wconf 84' lang='lat' dir='ltr'><strong>civiles</strong></span> <span class='ocrx_word' id='word_1_421' title='bbox 1047 4128 1108 4166; x_wconf 85' lang='lat' dir='ltr'><strong>ac</strong></span> <span class='ocrx_word' id='word_1_422' title='bbox 1142 4112 1382 4179; x_wconf 81' lang='lat' dir='ltr'><strong>publicos</strong></span> <span class='ocrx_word' id='word_1_423' title='bbox 1422 4125 1583 4184; x_wconf 70' lang='lat' dir='ltr'><strong>typos</strong></span> <span class='ocrx_word' id='word_1_424' title='bbox 1619 4125 1671 4168; x_wconf 86' lang='lat' dir='ltr'><strong>et</strong></span> <span class='ocrx_word' id='word_1_425' title='bbox 1699 4115 2029 4168; x_wconf 61' lang='lat' dir='ltr'><strong>ecclesiasd—</strong></span> 
     </span>
    </p>
   </div>
   <div class='ocr_carea' id='block_1_62' title="bbox 526 4207 1863 4273">
    <p class='ocr_par' dir='ltr' id='par_1_62' title="bbox 526 4207 1863 4273">
     <span class='ocr_line' id='line_1_62' title="bbox 526 4207 1863 4273; baseline 0.001 -19"><span class='ocrx_word' id='word_1_426' title='bbox 526 4218 547 4254; x_wconf 79' lang='grc' dir='ltr'><strong>ι</strong></span> <span class='ocrx_word' id='word_1_427' title='bbox 584 4217 770 4257; x_wconf 88' lang='lat' dir='ltr'><strong>carum</strong></span> <span class='ocrx_word' id='word_1_428' title='bbox 803 4218 1021 4272; x_wconf 86' lang='lat' dir='ltr'><strong>quoque</strong></span> <span class='ocrx_word' id='word_1_429' title='bbox 1051 4218 1233 4257; x_wconf 89' lang='lat' dir='ltr'><strong>rerum</strong></span> <span class='ocrx_word' id='word_1_430' title='bbox 1264 4207 1395 4258; x_wconf 86' lang='lat' dir='ltr'><strong>ordo</strong></span> <span class='ocrx_word' id='word_1_431' title='bbox 1427 4215 1806 4273; x_wconf 81' lang='lat' dir='ltr'><strong>consequatur.</strong></span> <span class='ocrx_word' id='word_1_432' title='bbox 1844 4223 1863 4256; x_wconf 71' lang='grc' dir='ltr'><strong>ι</strong></span> 
     </span>
    </p>
   </div>
   <div class='ocr_carea' id='block_1_63' title="bbox 525 4391 2023 4465">
    <p class='ocr_par' dir='ltr' id='par_1_63' title="bbox 525 4391 2023 4465">
     <span class='ocr_line' id='line_1_63' title="bbox 525 4391 2023 4465; baseline 0.001 -19"><span class='ocrx_word' id='word_1_433' title='bbox 525 4392 721 4447; x_wconf 76' lang='lat' dir='ltr'><strong>BALS.</strong></span> <span class='ocrx_word' id='word_1_434' title='bbox 764 4391 819 4447; x_wconf 88' lang='lat' dir='ltr'><strong>In</strong></span> <span class='ocrx_word' id='word_1_435' title='bbox 850 4391 1171 4448; x_wconf 86' lang='lat' dir='ltr'><strong>duodecimo</strong></span> <span class='ocrx_word' id='word_1_436' title='bbox 1206 4392 1416 4446; x_wconf 80' lang='lat' dir='ltr'><strong>canou&#39;e</strong></span> <span class='ocrx_word' id='word_1_437' title='bbox 1444 4393 1898 4449; x_wconf 86' lang='lat' dir='ltr'><strong>Chalcedonensis</strong></span> <span class='ocrx_word' id='word_1_438' title='bbox 1931 4412 2023 4465; x_wconf 80' lang='lat' dir='ltr'><strong>sy-</strong></span> 
     </span>
    </p>
   </div>
   <div class='ocr_carea' id='block_1_64' title="bbox 458 4486 2024 4553">
    <p class='ocr_par' dir='ltr' id='par_1_64' title="bbox 458 4486 2024 4553">
     <span class='ocr_line' id='line_1_64' title="bbox 458 4486 2024 4553; baseline 0.001 -13"><span class='ocrx_word' id='word_1_439' title='bbox 458 4487 578 4540; x_wconf 84' lang='lat' dir='ltr'><strong>nodi</strong></span> <span class='ocrx_word' id='word_1_440' title='bbox 623 4486 938 4553; x_wconf 81' lang='lat' dir='ltr'><strong>scripsimus</strong></span> <span class='ocrx_word' id='word_1_441' title='bbox 967 4500 1085 4552; x_wconf 76' lang='lat' dir='ltr'><strong>qua:</strong></span> <span class='ocrx_word' id='word_1_442' title='bbox 1118 4487 1334 4552; x_wconf 87' lang='lat' dir='ltr'><strong>quidem</strong></span> <span class='ocrx_word' id='word_1_443' title='bbox 1376 4486 1713 4552; x_wconf 83' lang='lat' dir='ltr'><strong>scripsimus.</strong></span> <span class='ocrx_word' id='word_1_444' title='bbox 1761 4490 2024 4552; x_wconf 85' lang='lat' dir='ltr'><strong>Quoniam</strong></span> 
     </span>
    </p>
   </div>
   <div class='ocr_carea' id='block_1_65' title="bbox 2124 1907 3704 1977">
    <p class='ocr_par' dir='ltr' id='par_1_65' title="bbox 2124 1907 3704 1977">
     <span class='ocr_line' id='line_1_65' title="bbox 2124 1907 3704 1977; baseline 0.002 -20"><span class='ocrx_word' id='word_1_445' title='bbox 2124 1907 2296 1977; x_wconf 81' lang='grc' dir='ltr'>ἡτῶν</span> <span class='ocrx_word' id='word_1_446' title='bbox 2348 1908 2592 1959; x_wconf 76' lang='grc' dir='ltr'>κανόνων</span> <span class='ocrx_word' id='word_1_447' title='bbox 2641 1908 2925 1975; x_wconf 81' lang='grc' dir='ltr'>ἀκρίϐεια,</span> <span class='ocrx_word' id='word_1_448' title='bbox 2967 1909 3187 1962; x_wconf 83' lang='grc' dir='ltr'>διδοῦσα</span> <span class='ocrx_word' id='word_1_449' title='bbox 3241 1913 3352 1970; x_wconf 84' lang='grc' dir='ltr'>τοῖς</span> <span class='ocrx_word' id='word_1_450' title='bbox 3378 1911 3652 1961; x_wconf 79' lang='grc' dir='ltr'>ἐπισκόπο</span> <span class='ocrx_word' id='word_1_451' title='bbox 3679 1926 3704 1969; x_wconf 92' lang='grc' dir='ltr'><strong>ς</strong></span> 
     </span>
    </p>
   </div>
   <div class='ocr_carea' id='block_1_66' title="bbox 2124 1999 3703 2068">
    <p class='ocr_par' dir='ltr' id='par_1_66' title="bbox 2124 1999 3703 2068">
     <span class='ocr_line' id='line_1_66' title="bbox 2124 1999 3703 2068; baseline 0.002 -20"><span class='ocrx_word' id='word_1_452' title='bbox 2124 1999 2373 2062; x_wconf 74' lang='grc' dir='ltr'><strong>ἐξουσίαν</strong></span> <span class='ocrx_word' id='word_1_453' title='bbox 2428 2000 2527 2067; x_wconf 79' lang='grc' dir='ltr'><strong>τῆς</strong></span> <span class='ocrx_word' id='word_1_454' title='bbox 2576 1999 2896 2068; x_wconf 79' lang='grc' dir='ltr'>διοικήσεως</span> <span class='ocrx_word' id='word_1_455' title='bbox 2952 2002 3060 2052; x_wconf 83' lang='grc' dir='ltr'><strong>τῶν</strong></span> <span class='ocrx_word' id='word_1_456' title='bbox 3094 2004 3150 2053; x_wconf 75' lang='grc' dir='ltr'>ὲν</span> <span class='ocrx_word' id='word_1_457' title='bbox 3196 2003 3317 2062; x_wconf 82' lang='grc' dir='ltr'>ταῖς</span> <span class='ocrx_word' id='word_1_458' title='bbox 3368 2003 3703 2059; x_wconf 73' lang='grc' dir='ltr'>ἑπισκοπαίς</span> 
     </span>
    </p>
   </div>
   <div class='ocr_carea' id='block_1_67' title="bbox 2123 2090 2592 2145">
    <p class='ocr_par' dir='ltr' id='par_1_67' title="bbox 2123 2090 2592 2145">
     <span class='ocr_line' id='line_1_67' title="bbox 2123 2090 2592 2145; baseline 0.004 -2"><span class='ocrx_word' id='word_1_459' title='bbox 2123 2090 2304 2143; x_wconf 71' lang='grc' dir='ltr'>αὐτῶν</span> <span class='ocrx_word' id='word_1_460' title='bbox 2353 2094 2592 2145; x_wconf 81' lang='grc' dir='ltr'>πάντων.</span> 
     </span>
    </p>
   </div>
   <div class='ocr_carea' id='block_1_68' title="bbox 2129 2185 3709 2253">
    <p class='ocr_par' dir='ltr' id='par_1_68' title="bbox 2129 2185 3709 2253">
     <span class='ocr_line' id='line_1_68' title="bbox 2129 2185 3709 2253; baseline 0.002 -16"><span class='ocrx_word' id='word_1_461' title='bbox 2129 2188 2194 2237; x_wconf 90' lang='lat' dir='ltr'><strong>de</strong></span> <span class='ocrx_word' id='word_1_462' title='bbox 2236 2185 2489 2237; x_wconf 89' lang='lat' dir='ltr'><strong>omnibus</strong></span> <span class='ocrx_word' id='word_1_463' title='bbox 2544 2200 2661 2253; x_wconf 80' lang='lat' dir='ltr'><strong>qure</strong></span> <span class='ocrx_word' id='word_1_464' title='bbox 2700 2186 2765 2239; x_wconf 88' lang='lat' dir='ltr'><strong>ad</strong></span> <span class='ocrx_word' id='word_1_465' title='bbox 2810 2201 2926 2239; x_wconf 88' lang='lat' dir='ltr'><strong>eam</strong></span> <span class='ocrx_word' id='word_1_466' title='bbox 2981 2185 3248 2252; x_wconf 78' lang='lat' dir='ltr'><strong>pertinent</strong></span> <span class='ocrx_word' id='word_1_467' title='bbox 3293 2187 3567 2240; x_wconf 70' lang='grc' dir='ltr'>ειειιιιι-ιιιὶἰ</span> <span class='ocrx_word' id='word_1_468' title='bbox 3626 2198 3709 2240; x_wconf 55' lang='lat' dir='ltr'><strong>est</strong></span> 
     </span>
    </p>
   </div>
   <div class='ocr_carea' id='block_1_69' title="bbox 2128 2364 3709 2442">
    <p class='ocr_par' dir='ltr' id='par_1_69' title="bbox 2128 2364 3709 2442">
     <span class='ocr_line' id='line_1_69' title="bbox 2128 2364 3709 2442; baseline 0.004 -26"><span class='ocrx_word' id='word_1_469' title='bbox 2128 2367 2352 2422; x_wconf 77' lang='grc' dir='ltr'><strong>ΑΡΙΣΤ.</strong></span> <span class='ocrx_word' id='word_1_470' title='bbox 2419 2383 2438 2414; x_wconf 84' lang='grc' dir='ltr'><strong>ι</strong></span> <span class='ocrx_word' id='word_1_471' title='bbox 2486 2364 2869 2427; x_wconf 84' lang='grc' dir='ltr'>Ἐπίσκοποςὸ</span> <span class='ocrx_word' id='word_1_472' title='bbox 2900 2366 2989 2418; x_wconf 78' lang='grc' dir='ltr'>διὰ</span> <span class='ocrx_word' id='word_1_473' title='bbox 3040 2366 3341 2438; x_wconf 67' lang='grc' dir='ltr'>Βαρϐάρων</span> <span class='ocrx_word' id='word_1_474' title='bbox 3393 2370 3580 2435; x_wconf 61' lang='grc' dir='ltr'>ἔσοδον</span> <span class='ocrx_word' id='word_1_475' title='bbox 3631 2372 3709 2442; x_wconf 71' lang='grc' dir='ltr'><strong>μὴ</strong></span> 
     </span>
    </p>
   </div>
   <div class='ocr_carea' id='block_1_70' title="bbox 2203 2457 3708 2537">
    <p class='ocr_par' dir='ltr' id='par_1_70' title="bbox 2203 2457 3708 2537">
     <span class='ocr_line' id='line_1_70' title="bbox 2203 2457 3708 2537; baseline -0.005 -24"><span class='ocrx_word' id='word_1_476' title='bbox 2203 2480 2221 2512; x_wconf 83' lang='grc' dir='ltr'><strong>ι</strong></span> <span class='ocrx_word' id='word_1_477' title='bbox 2265 2457 2494 2521; x_wconf 80' lang='grc' dir='ltr'>ἐπιστὰς</span> <span class='ocrx_word' id='word_1_478' title='bbox 2523 2458 2601 2528; x_wconf 81' lang='grc' dir='ltr'><strong>τῷ</strong></span> <span class='ocrx_word' id='word_1_479' title='bbox 2626 2458 2820 2527; x_wconf 86' lang='grc' dir='ltr'>θρόνῳ,</span> <span class='ocrx_word' id='word_1_480' title='bbox 2875 2459 3295 2537; x_wconf 35' lang='grc' dir='ltr'>καὶὶκαθέδραν</span> <span class='ocrx_word' id='word_1_481' title='bbox 3346 2461 3443 2529; x_wconf 75' lang='grc' dir='ltr'><strong>τὴν</strong></span> <span class='ocrx_word' id='word_1_482' title='bbox 3495 2463 3708 2515; x_wconf 72' lang='grc' dir='ltr'>οἰκείαν</span> 
     </span>
    </p>
   </div>
   <div class='ocr_carea' id='block_1_71' title="bbox 2200 2550 3704 2623">
    <p class='ocr_par' dir='ltr' id='par_1_71' title="bbox 2200 2550 3704 2623">
     <span class='ocr_line' id='line_1_71' title="bbox 2200 2550 3704 2623; baseline 0.001 -18"><span class='ocrx_word' id='word_1_483' title='bbox 2200 2572 2219 2605; x_wconf 80' lang='grc' dir='ltr'><strong>ι</strong></span> <span class='ocrx_word' id='word_1_484' title='bbox 2262 2552 2458 2621; x_wconf 78' lang='grc' dir='ltr'>ἐχέτω,</span> <span class='ocrx_word' id='word_1_485' title='bbox 2485 2552 2580 2604; x_wconf 76' lang='grc' dir='ltr'><strong>καὶ</strong></span> <span class='ocrx_word' id='word_1_486' title='bbox 2605 2550 3005 2621; x_wconf 79' lang='grc' dir='ltr'>χειροτονείτω,</span> <span class='ocrx_word' id='word_1_487' title='bbox 3040 2552 3132 2603; x_wconf 74' lang='grc' dir='ltr'><strong>καὶ</strong></span> <span class='ocrx_word' id='word_1_488' title='bbox 3163 2553 3343 2606; x_wconf 86' lang='grc' dir='ltr'>πάντα</span> <span class='ocrx_word' id='word_1_489' title='bbox 3372 2555 3440 2607; x_wconf 74' lang='grc' dir='ltr'>τὰ</span> <span class='ocrx_word' id='word_1_490' title='bbox 3470 2555 3570 2623; x_wconf 77' lang='grc' dir='ltr'>τῆς</span> <span class='ocrx_word' id='word_1_491' title='bbox 3624 2558 3704 2607; x_wconf 86' lang='grc' dir='ltr'><strong>ἱε-</strong></span> 
     </span>
    </p>
   </div>
   <div class='ocr_carea' id='block_1_72' title="bbox 2203 2642 3299 2713">
    <p class='ocr_par' dir='ltr' id='par_1_72' title="bbox 2203 2642 3299 2713">
     <span class='ocr_line' id='line_1_72' title="bbox 2203 2642 3299 2713; baseline 0.001 -18"><span class='ocrx_word' id='word_1_492' title='bbox 2203 2662 2226 2695; x_wconf 79' lang='grc' dir='ltr'><strong>ι</strong></span> <span class='ocrx_word' id='word_1_493' title='bbox 2275 2642 2525 2713; x_wconf 79' lang='grc' dir='ltr'>ρωσύνης</span> <span class='ocrx_word' id='word_1_494' title='bbox 2558 2643 2854 2711; x_wconf 70' lang='grc' dir='ltr'>ἑνεργείτω</span> <span class='ocrx_word' id='word_1_495' title='bbox 2887 2642 3240 2711; x_wconf 87' lang='grc' dir='ltr'>βεϐαιότατα.</span> <span class='ocrx_word' id='word_1_496' title='bbox 3280 2662 3299 2696; x_wconf 71' lang='grc' dir='ltr'><strong>ι</strong></span> 
     </span>
    </p>
   </div>
   <div class='ocr_carea' id='block_1_73' title="bbox 2195 2718 3704 2803">
    <p class='ocr_par' dir='ltr' id='par_1_73' title="bbox 2195 2718 3704 2803">
     <span class='ocr_line' id='line_1_73' title="bbox 2195 2718 3704 2803; baseline 0.005 -18"><span class='ocrx_word' id='word_1_497' title='bbox 2195 2734 2261 2785; x_wconf 84' lang='grc' dir='ltr'><strong>Εῐ</strong></span> <span class='ocrx_word' id='word_1_498' title='bbox 2285 2750 2371 2796; x_wconf 88' lang='grc' dir='ltr'><strong>τις</strong></span> <span class='ocrx_word' id='word_1_499' title='bbox 2418 2734 2715 2793; x_wconf 75' lang='grc' dir='ltr'>ἐπίσκοπος</span> <span class='ocrx_word' id='word_1_500' title='bbox 2748 2735 3124 2803; x_wconf 76' lang='grc' dir='ltr'>χειροτονηθῇ,</span> <span class='ocrx_word' id='word_1_501' title='bbox 3186 2737 3279 2787; x_wconf 80' lang='grc' dir='ltr'><strong>καὶ</strong></span> <span class='ocrx_word' id='word_1_502' title='bbox 3312 2718 3411 2791; x_wconf 62' lang='grc' dir='ltr'>διὰ</span> <span class='ocrx_word' id='word_1_503' title='bbox 3458 2740 3555 2800; x_wconf 71' lang='grc' dir='ltr'>τὰς</span> <span class='ocrx_word' id='word_1_504' title='bbox 3593 2740 3704 2792; x_wconf 82' lang='grc' dir='ltr'><strong>τῶν</strong></span> 
     </span>
    </p>
   </div>
   <div class='ocr_carea' id='block_1_74' title="bbox 2128 2823 3710 2900">
    <p class='ocr_par' dir='ltr' id='par_1_74' title="bbox 2128 2823 3710 2900">
     <span class='ocr_line' id='line_1_74' title="bbox 2128 2823 3710 2900; baseline 0.001 -20"><span class='ocrx_word' id='word_1_505' title='bbox 2128 2826 2431 2897; x_wconf 87' lang='grc' dir='ltr'>Βαρϐάρων</span> <span class='ocrx_word' id='word_1_506' title='bbox 2464 2825 2762 2895; x_wconf 83' lang='grc' dir='ltr'>ἐπιδρομὰς</span> <span class='ocrx_word' id='word_1_507' title='bbox 2793 2828 2853 2877; x_wconf 79' lang='grc' dir='ltr'><strong>οὐ</strong></span> <span class='ocrx_word' id='word_1_508' title='bbox 2872 2826 3066 2896; x_wconf 78' lang='grc' dir='ltr'>δυνηθῇ</span> <span class='ocrx_word' id='word_1_509' title='bbox 3086 2823 3342 2881; x_wconf 75' lang='grc' dir='ltr'>ἀπελθεῖν</span> <span class='ocrx_word' id='word_1_510' title='bbox 3368 2830 3448 2891; x_wconf 84' lang='grc' dir='ltr'>εἰς</span> <span class='ocrx_word' id='word_1_511' title='bbox 3474 2833 3540 2900; x_wconf 84' lang='grc' dir='ltr'>ῆν</span> <span class='ocrx_word' id='word_1_512' title='bbox 3564 2833 3710 2900; x_wconf 75' lang='grc' dir='ltr'>ἐχει-</span> 
     </span>
    </p>
   </div>
   <div class='ocr_carea' id='block_1_75' title="bbox 2133 2918 3703 2989">
    <p class='ocr_par' dir='ltr' id='par_1_75' title="bbox 2133 2918 3703 2989">
     <span class='ocr_line' id='line_1_75' title="bbox 2133 2918 3703 2989; baseline 0.004 -18"><span class='ocrx_word' id='word_1_513' title='bbox 2133 2919 2387 2989; x_wconf 84' lang='grc' dir='ltr'>ροτονήθη</span> <span class='ocrx_word' id='word_1_514' title='bbox 2413 2919 2591 2981; x_wconf 84' lang='grc' dir='ltr'>πόλιν,</span> <span class='ocrx_word' id='word_1_515' title='bbox 2612 2918 2749 2969; x_wconf 77' lang='grc' dir='ltr'>ὥστε</span> <span class='ocrx_word' id='word_1_516' title='bbox 2768 2920 2824 2970; x_wconf 85' lang='grc' dir='ltr'>ὲν</span> <span class='ocrx_word' id='word_1_517' title='bbox 2841 2920 2976 2986; x_wconf 77' lang='grc' dir='ltr'>αὐτῇ</span> <span class='ocrx_word' id='word_1_518' title='bbox 3003 2922 3354 2989; x_wconf 79' lang='grc' dir='ltr'>καταστῆναι,</span> <span class='ocrx_word' id='word_1_519' title='bbox 3379 2925 3472 2975; x_wconf 74' lang='grc' dir='ltr'>καὶ</span> <span class='ocrx_word' id='word_1_520' title='bbox 3499 2925 3703 2989; x_wconf 79' lang='grc' dir='ltr'>ἐγκαθ-</span> 
     </span>
    </p>
   </div>
   <div class='ocr_carea' id='block_1_76' title="bbox 2136 3010 3711 3081">
    <p class='ocr_par' dir='ltr' id='par_1_76' title="bbox 2136 3010 3711 3081">
     <span class='ocr_line' id='line_1_76' title="bbox 2136 3010 3711 3081; baseline 0.003 -20"><span class='ocrx_word' id='word_1_521' title='bbox 2136 3010 2445 3080; x_wconf 78' lang='grc' dir='ltr'>ιδρυνθῆναι</span> <span class='ocrx_word' id='word_1_522' title='bbox 2502 3011 2752 3078; x_wconf 78' lang='grc' dir='ltr'>ἱερατικῇ</span> <span class='ocrx_word' id='word_1_523' title='bbox 2782 3010 3110 3063; x_wconf 80' lang='grc' dir='ltr'>καταστάσει</span> <span class='ocrx_word' id='word_1_524' title='bbox 3144 3028 3160 3043; x_wconf 77' lang='grc' dir='ltr'><strong><em>ο</em></strong></span> <span class='ocrx_word' id='word_1_525' title='bbox 3197 3013 3269 3081; x_wconf 83' lang='grc' dir='ltr'>μὴ</span> <span class='ocrx_word' id='word_1_526' title='bbox 3310 3014 3603 3066; x_wconf 78' lang='grc' dir='ltr'>κωλυέσθω</span> <span class='ocrx_word' id='word_1_527' title='bbox 3624 3017 3711 3066; x_wconf 82' lang='grc' dir='ltr'><strong>ὲν-</strong></span> 
     </span>
    </p>
   </div>
   <div class='ocr_carea' id='block_1_77' title="bbox 2129 3102 3712 3175">
    <p class='ocr_par' dir='ltr' id='par_1_77' title="bbox 2129 3102 3712 3175">
     <span class='ocr_line' id='line_1_77' title="bbox 2129 3102 3712 3175; baseline 0.004 -21"><span class='ocrx_word' id='word_1_528' title='bbox 2129 3105 2312 3171; x_wconf 86' lang='grc' dir='ltr'>εργεῖν</span> <span class='ocrx_word' id='word_1_529' title='bbox 2334 3102 2369 3155; x_wconf 74' lang='grc' dir='ltr'>ἃ</span> <span class='ocrx_word' id='word_1_530' title='bbox 2395 3105 2505 3162; x_wconf 84' lang='grc' dir='ltr'>τοῖς</span> <span class='ocrx_word' id='word_1_531' title='bbox 2535 3103 2853 3163; x_wconf 75' lang='grc' dir='ltr'>ἐπισκόποις</span> <span class='ocrx_word' id='word_1_532' title='bbox 2878 3104 3091 3170; x_wconf 79' lang='grc' dir='ltr'>ἀνήκει,</span> <span class='ocrx_word' id='word_1_533' title='bbox 3114 3103 3247 3156; x_wconf 77' lang='grc' dir='ltr'>ἀλλὰ</span> <span class='ocrx_word' id='word_1_534' title='bbox 3278 3105 3454 3157; x_wconf 80' lang='grc' dir='ltr'>πάντα</span> <span class='ocrx_word' id='word_1_535' title='bbox 3474 3108 3712 3175; x_wconf 79' lang='grc' dir='ltr'>πραττέ-</span> 
     </span>
    </p>
   </div>
   <div class='ocr_carea' id='block_1_78' title="bbox 2132 3288 3709 3359">
    <p class='ocr_par' dir='ltr' id='par_1_78' title="bbox 2132 3288 3709 3359">
     <span class='ocr_line' id='line_1_78' title="bbox 2132 3288 3709 3359; baseline 0.001 -20"><span class='ocrx_word' id='word_1_536' title='bbox 2132 3288 2324 3356; x_wconf 81' lang='grc' dir='ltr'>ὲχέτω,</span> <span class='ocrx_word' id='word_1_537' title='bbox 2359 3290 2452 3339; x_wconf 72' lang='grc' dir='ltr'><strong>καὶ</strong></span> <span class='ocrx_word' id='word_1_538' title='bbox 2481 3288 2822 3358; x_wconf 82' lang='grc' dir='ltr'>χειροτονίας</span> <span class='ocrx_word' id='word_1_539' title='bbox 2850 3288 3131 3357; x_wconf 87' lang='grc' dir='ltr'>κληρικῶν</span> <span class='ocrx_word' id='word_1_540' title='bbox 3162 3291 3437 3359; x_wconf 64' lang='grc' dir='ltr'>διαφόρων</span> <span class='ocrx_word' id='word_1_541' title='bbox 3490 3310 3709 3344; x_wconf 73' lang='grc' dir='ltr'>κανονι-</span> 
     </span>
    </p>
   </div>
   <div class='ocr_carea' id='block_1_79' title="bbox 2130 3378 3707 3451">
    <p class='ocr_par' dir='ltr' id='par_1_79' title="bbox 2130 3378 3707 3451">
     <span class='ocr_line' id='line_1_79' title="bbox 2130 3378 3707 3451; baseline 0.004 -22"><span class='ocrx_word' id='word_1_542' title='bbox 2130 3380 2244 3439; x_wconf 86' lang='grc' dir='ltr'>κῶς</span> <span class='ocrx_word' id='word_1_543' title='bbox 2281 3378 2526 3441; x_wconf 82' lang='grc' dir='ltr'>ποιείτω,</span> <span class='ocrx_word' id='word_1_544' title='bbox 2562 3378 2656 3429; x_wconf 81' lang='grc' dir='ltr'>καὶ</span> <span class='ocrx_word' id='word_1_545' title='bbox 2692 3380 2801 3430; x_wconf 82' lang='grc' dir='ltr'><strong>πᾶν</strong></span> <span class='ocrx_word' id='word_1_546' title='bbox 2828 3380 2920 3430; x_wconf 81' lang='grc' dir='ltr'>ὑπ’</span> <span class='ocrx_word' id='word_1_547' title='bbox 2948 3379 3110 3432; x_wconf 82' lang='grc' dir='ltr'>αὐτοῦ</span> <span class='ocrx_word' id='word_1_548' title='bbox 3137 3382 3386 3451; x_wconf 81' lang='grc' dir='ltr'>πραχθὲν</span> <span class='ocrx_word' id='word_1_549' title='bbox 3417 3386 3557 3434; x_wconf 66' lang='grc' dir='ltr'>κατὰ</span> <span class='ocrx_word' id='word_1_550' title='bbox 3599 3400 3707 3436; x_wconf 81' lang='grc' dir='ltr'>κα-</span> 
     </span>
    </p>
   </div>
   <div class='ocr_carea' id='block_1_80' title="bbox 2127 3469 3703 3544">
    <p class='ocr_par' dir='ltr' id='par_1_80' title="bbox 2127 3469 3703 3544">
     <span class='ocr_line' id='line_1_80' title="bbox 2127 3469 3703 3544; baseline 0.004 -23"><span class='ocrx_word' id='word_1_551' title='bbox 2127 3472 2345 3537; x_wconf 79' lang='grc' dir='ltr'>νονικὴν</span> <span class='ocrx_word' id='word_1_552' title='bbox 2370 3470 2661 3539; x_wconf 84' lang='grc' dir='ltr'>ἀκρίϐειαν</span> <span class='ocrx_word' id='word_1_553' title='bbox 2715 3470 2857 3522; x_wconf 76' lang='grc' dir='ltr'>ἔστω</span> <span class='ocrx_word' id='word_1_554' title='bbox 2914 3469 3158 3540; x_wconf 81' lang='grc' dir='ltr'>βέϐαιον.</span> <span class='ocrx_word' id='word_1_555' title='bbox 3201 3473 3266 3525; x_wconf 83' lang='grc' dir='ltr'><strong>Ἦ</strong></span> <span class='ocrx_word' id='word_1_556' title='bbox 3317 3474 3424 3543; x_wconf 78' lang='grc' dir='ltr'><strong>γὰρ</strong></span> <span class='ocrx_word' id='word_1_557' title='bbox 3481 3475 3703 3544; x_wconf 77' lang='grc' dir='ltr'>ἀνάγκη</span> 
     </span>
    </p>
   </div>
   <div class='ocr_carea' id='block_1_81' title="bbox 2128 3561 3705 3641">
    <p class='ocr_par' dir='ltr' id='par_1_81' title="bbox 2128 3561 3705 3641">
     <span class='ocr_line' id='line_1_81' title="bbox 2128 3561 3705 3641; baseline 0.003 -27"><span class='ocrx_word' id='word_1_558' title='bbox 2128 3564 2220 3614; x_wconf 76' lang='grc' dir='ltr'>τοῦ</span> <span class='ocrx_word' id='word_1_559' title='bbox 2253 3561 2446 3629; x_wconf 82' lang='grc' dir='ltr'>καιροῦ</span> <span class='ocrx_word' id='word_1_560' title='bbox 2514 3564 2595 3624; x_wconf 85' lang='grc' dir='ltr'><strong>είς</strong></span> <span class='ocrx_word' id='word_1_561' title='bbox 2654 3562 3004 3641; x_wconf 76' lang='grc' dir='ltr'>περιγραφὴν</span> <span class='ocrx_word' id='word_1_562' title='bbox 3059 3563 3224 3616; x_wconf 83' lang='grc' dir='ltr'>αὐτοῦ</span> <span class='ocrx_word' id='word_1_563' title='bbox 3280 3565 3341 3617; x_wconf 79' lang='grc' dir='ltr'><strong>οὐ</strong></span> <span class='ocrx_word' id='word_1_564' title='bbox 3389 3566 3705 3635; x_wconf 72' lang='grc' dir='ltr'>γενήσεται,</span> 
     </span>
    </p>
   </div>
   <div class='ocr_carea' id='block_1_82' title="bbox 2130 3653 3587 3725">
    <p class='ocr_par' dir='ltr' id='par_1_82' title="bbox 2130 3653 3587 3725">
     <span class='ocr_line' id='line_1_82' title="bbox 2130 3653 3587 3725; baseline 0.001 -17"><span class='ocrx_word' id='word_1_565' title='bbox 2130 3654 2270 3708; x_wconf 80' lang='grc' dir='ltr'>ὣστε</span> <span class='ocrx_word' id='word_1_566' title='bbox 2296 3655 2393 3725; x_wconf 74' lang='grc' dir='ltr'>τὴν</span> <span class='ocrx_word' id='word_1_567' title='bbox 2425 3653 2790 3721; x_wconf 82' lang='grc' dir='ltr'>ὲπισκοπικὴν</span> <span class='ocrx_word' id='word_1_568' title='bbox 2816 3654 2982 3706; x_wconf 73' lang='grc' dir='ltr'>αὐτοῦ</span> <span class='ocrx_word' id='word_1_569' title='bbox 3010 3654 3371 3709; x_wconf 78' lang='grc' dir='ltr'>ἐλαττοῦσθαι</span> <span class='ocrx_word' id='word_1_570' title='bbox 3404 3656 3587 3720; x_wconf 79' lang='grc' dir='ltr'>ἀξίαν.</span> 
     </span>
    </p>
   </div>
   <div class='ocr_carea' id='block_1_83' title="bbox 2707 3747 3123 3803">
    <p class='ocr_par' dir='ltr' id='par_1_83' title="bbox 2707 3747 3123 3803">
     <span class='ocr_line' id='line_1_83' title="bbox 2707 3747 3123 3803; baseline 0.012 -6"><span class='ocrx_word' id='word_1_571' title='bbox 2707 3747 2948 3798; x_wconf 75' lang='grc' dir='ltr'><strong>ΚΑΝΩΝ</strong></span> <span class='ocrx_word' id='word_1_572' title='bbox 2990 3747 3123 3803; x_wconf 81' lang='lat' dir='ltr'><strong>AH&#39;.</strong></span> 
     </span>
    </p>
   </div>
   <div class='ocr_carea' id='block_1_84' title="bbox 2138 3839 3708 3911">
    <p class='ocr_par' dir='ltr' id='par_1_84' title="bbox 2138 3839 3708 3911">
     <span class='ocr_line' id='line_1_84' title="bbox 2138 3839 3708 3911; baseline 0.001 -20"><span class='ocrx_word' id='word_1_573' title='bbox 2138 3859 2156 3891; x_wconf 81' lang='grc' dir='ltr'><strong>ι</strong></span> <span class='ocrx_word' id='word_1_574' title='bbox 2190 3841 2309 3903; x_wconf 60' lang='grc' dir='ltr'><strong>ιΤὸν</strong></span> <span class='ocrx_word' id='word_1_575' title='bbox 2340 3841 2402 3893; x_wconf 80' lang='grc' dir='ltr'>ὲκ</span> <span class='ocrx_word' id='word_1_576' title='bbox 2452 3839 2564 3892; x_wconf 84' lang='grc' dir='ltr'>τῶν</span> <span class='ocrx_word' id='word_1_577' title='bbox 2624 3841 2889 3909; x_wconf 83' lang='grc' dir='ltr'>Πατέρων</span> <span class='ocrx_word' id='word_1_578' title='bbox 2942 3839 3170 3891; x_wconf 82' lang='grc' dir='ltr'>τεθέντα</span> <span class='ocrx_word' id='word_1_579' title='bbox 3200 3840 3399 3894; x_wconf 84' lang='grc' dir='ltr'>κανόνα</span> <span class='ocrx_word' id='word_1_580' title='bbox 3421 3843 3516 3894; x_wconf 77' lang='grc' dir='ltr'><strong>καὶ</strong></span> <span class='ocrx_word' id='word_1_581' title='bbox 3540 3842 3708 3911; x_wconf 79' lang='grc' dir='ltr'>ἡμεῖς</span> 
     </span>
    </p>
   </div>
   <div class='ocr_carea' id='block_1_85' title="bbox 2205 3930 3708 4001">
    <p class='ocr_par' dir='ltr' id='par_1_85' title="bbox 2205 3930 3708 4001">
     <span class='ocr_line' id='line_1_85' title="bbox 2205 3930 3708 4001; baseline 0.001 -18"><span class='ocrx_word' id='word_1_582' title='bbox 2205 3951 2226 3983; x_wconf 80' lang='grc' dir='ltr'><strong>ι</strong></span> <span class='ocrx_word' id='word_1_583' title='bbox 2265 3932 2782 4001; x_wconf 81' lang='grc' dir='ltr'>παραφυλάττομεν,</span> <span class='ocrx_word' id='word_1_584' title='bbox 2807 3932 2897 3983; x_wconf 77' lang='grc' dir='ltr'><strong>τὸν</strong></span> <span class='ocrx_word' id='word_1_585' title='bbox 2915 3930 3056 3983; x_wconf 77' lang='grc' dir='ltr'>οὕτω</span> <span class='ocrx_word' id='word_1_586' title='bbox 3080 3932 3494 4000; x_wconf 77' lang='grc' dir='ltr'>διαγορεύοντα’</span> <span class='ocrx_word' id='word_1_587' title='bbox 3532 3934 3596 3985; x_wconf 74' lang='grc' dir='ltr'><strong>Εἴ</strong></span> <span class='ocrx_word' id='word_1_588' title='bbox 3620 3952 3708 3997; x_wconf 83' lang='grc' dir='ltr'><strong>τις</strong></span> 
     </span>
    </p>
   </div>
   <div class='ocr_carea' id='block_1_86' title="bbox 2205 4022 3711 4097">
    <p class='ocr_par' dir='ltr' id='par_1_86' title="bbox 2205 4022 3711 4097">
     <span class='ocr_line' id='line_1_86' title="bbox 2205 4022 3711 4097; baseline 0 -22"><span class='ocrx_word' id='word_1_589' title='bbox 2205 4044 2224 4075; x_wconf 85' lang='grc' dir='ltr'><strong>ι</strong></span> <span class='ocrx_word' id='word_1_590' title='bbox 2270 4026 2335 4075; x_wconf 79' lang='grc' dir='ltr'><strong>ἐκ</strong></span> <span class='ocrx_word' id='word_1_591' title='bbox 2365 4023 2652 4092; x_wconf 83' lang='grc' dir='ltr'>βασιλικῆς</span> <span class='ocrx_word' id='word_1_592' title='bbox 2686 4023 2935 4086; x_wconf 79' lang='grc' dir='ltr'>ἐξουσίας</span> <span class='ocrx_word' id='word_1_593' title='bbox 2964 4023 3246 4093; x_wconf 76' lang='grc' dir='ltr'>ὲκᾱινίσθη</span> <span class='ocrx_word' id='word_1_594' title='bbox 3285 4024 3460 4087; x_wconf 84' lang='grc' dir='ltr'>πόλις,</span> <span class='ocrx_word' id='word_1_595' title='bbox 3495 4022 3711 4097; x_wconf 70' lang='grc' dir='ltr'>ἢαῦθις</span> 
     </span>
    </p>
   </div>
   <div class='ocr_carea' id='block_1_87' title="bbox 2206 4114 3711 4185">
    <p class='ocr_par' dir='ltr' id='par_1_87' title="bbox 2206 4114 3711 4185">
     <span class='ocr_line' id='line_1_87' title="bbox 2206 4114 3711 4185; baseline 0.001 -19"><span class='ocrx_word' id='word_1_596' title='bbox 2206 4136 2223 4166; x_wconf 83' lang='grc' dir='ltr'><strong>ι</strong></span> <span class='ocrx_word' id='word_1_597' title='bbox 2269 4115 2598 4182; x_wconf 84' lang='grc' dir='ltr'>καινισθείη,</span> <span class='ocrx_word' id='word_1_598' title='bbox 2635 4117 2748 4177; x_wconf 84' lang='grc' dir='ltr'>τοῖς</span> <span class='ocrx_word' id='word_1_599' title='bbox 2796 4114 3103 4176; x_wconf 74' lang='grc' dir='ltr'>πολιτικοῖς</span> <span class='ocrx_word' id='word_1_600' title='bbox 3149 4116 3245 4167; x_wconf 73' lang='grc' dir='ltr'><strong>καὶ</strong></span> <span class='ocrx_word' id='word_1_601' title='bbox 3297 4114 3581 4185; x_wconf 80' lang='grc' dir='ltr'>δημοσίοις</span> <span class='ocrx_word' id='word_1_602' title='bbox 3610 4118 3711 4168; x_wconf 62' lang='lat'><strong>1&#39;5-</strong></span> 
     </span>
    </p>
   </div>
   <div class='ocr_carea' id='block_1_88' title="bbox 2204 4198 3709 4278">
    <p class='ocr_par' dir='ltr' id='par_1_88' title="bbox 2204 4198 3709 4278">
     <span class='ocr_line' id='line_1_88' title="bbox 2204 4198 3709 4278; baseline -0.002 -18"><span class='ocrx_word' id='word_1_603' title='bbox 2204 4228 2221 4260; x_wconf 84' lang='grc' dir='ltr'><strong>ι</strong></span> <span class='ocrx_word' id='word_1_604' title='bbox 2271 4226 2393 4269; x_wconf 85' lang='grc' dir='ltr'>ποις</span> <span class='ocrx_word' id='word_1_605' title='bbox 2464 4210 2557 4260; x_wconf 73' lang='grc' dir='ltr'><strong>καὶ</strong></span> <span class='ocrx_word' id='word_1_606' title='bbox 2606 4209 2639 4277; x_wconf 80' lang='grc' dir='ltr'>ἡ</span> <span class='ocrx_word' id='word_1_607' title='bbox 2669 4208 2776 4261; x_wconf 84' lang='grc' dir='ltr'><strong>τῶν</strong></span> <span class='ocrx_word' id='word_1_608' title='bbox 2827 4208 3307 4277; x_wconf 78' lang='grc' dir='ltr'>ὲ-κκλησιαστικῷν</span> <span class='ocrx_word' id='word_1_609' title='bbox 3360 4198 3709 4278; x_wconf 82' lang='grc' dir='ltr'>πραγμάτων</span> 
     </span>
    </p>
   </div>
   <div class='ocr_carea' id='block_1_89' title="bbox 2205 4300 2898 4372">
    <p class='ocr_par' dir='ltr' id='par_1_89' title="bbox 2205 4300 2898 4372">
     <span class='ocr_line' id='line_1_89' title="bbox 2205 4300 2898 4372; baseline -0.001 -21"><span class='ocrx_word' id='word_1_610' title='bbox 2205 4320 2223 4350; x_wconf 81' lang='grc' dir='ltr'><strong>ι</strong></span> <span class='ocrx_word' id='word_1_611' title='bbox 2269 4302 2422 4365; x_wconf 82' lang='grc' dir='ltr'>τάξις</span> <span class='ocrx_word' id='word_1_612' title='bbox 2457 4300 2839 4352; x_wconf 79' lang='grc' dir='ltr'>ἀκολουθείτω.</span> <span class='ocrx_word' id='word_1_613' title='bbox 2874 4320 2898 4372; x_wconf 37' lang='grc' dir='ltr'><strong>ι,</strong></span> 
     </span>
    </p>
   </div>
   <div class='ocr_carea' id='block_1_90' title="bbox 2202 4390 3710 4465">
    <p class='ocr_par' dir='ltr' id='par_1_90' title="bbox 2202 4390 3710 4465">
     <span class='ocr_line' id='line_1_90' title="bbox 2202 4390 3710 4465; baseline 0.002 -22"><span class='ocrx_word' id='word_1_614' title='bbox 2202 4393 2390 4444; x_wconf 75' lang='grc' dir='ltr'><strong>ΒΑΛΣ.</strong></span> <span class='ocrx_word' id='word_1_615' title='bbox 2438 4390 2528 4443; x_wconf 87' lang='grc' dir='ltr'><strong>Ἐν</strong></span> <span class='ocrx_word' id='word_1_616' title='bbox 2554 4392 2653 4459; x_wconf 83' lang='grc' dir='ltr'>μὲν</span> <span class='ocrx_word' id='word_1_617' title='bbox 2704 4391 2781 4460; x_wconf 79' lang='grc' dir='ltr'>τῷ</span> <span class='ocrx_word' id='word_1_618' title='bbox 2834 4391 2899 4461; x_wconf 82' lang='grc' dir='ltr'>ιβ’</span> <span class='ocrx_word' id='word_1_619' title='bbox 2941 4394 3127 4447; x_wconf 78' lang='grc' dir='ltr'>κανόνι</span> <span class='ocrx_word' id='word_1_620' title='bbox 3184 4397 3280 4465; x_wconf 76' lang='grc' dir='ltr'>τῆς</span> <span class='ocrx_word' id='word_1_621' title='bbox 3308 4396 3367 4447; x_wconf 83' lang='grc' dir='ltr'><strong>ἐν</strong></span> <span class='ocrx_word' id='word_1_622' title='bbox 3401 4394 3710 4465; x_wconf 79' lang='grc' dir='ltr'>Χαλκηδόνι</span> 
     </span>
    </p>
   </div>
   <div class='ocr_carea' id='block_1_91' title="bbox 2135 4483 3713 4557">
    <p class='ocr_par' dir='ltr' id='par_1_91' title="bbox 2135 4483 3713 4557">
     <span class='ocr_line' id='line_1_91' title="bbox 2135 4483 3713 4557; baseline 0.001 -21"><span class='ocrx_word' id='word_1_623' title='bbox 2135 4485 2353 4536; x_wconf 81' lang='grc' dir='ltr'>συνόδου</span> <span class='ocrx_word' id='word_1_624' title='bbox 2417 4483 2738 4553; x_wconf 74' lang='grc' dir='ltr'>ἐγράψαμεν</span> <span class='ocrx_word' id='word_1_625' title='bbox 2788 4485 2888 4538; x_wconf 84' lang='grc' dir='ltr'><strong>ὅσα</strong></span> <span class='ocrx_word' id='word_1_626' title='bbox 2915 4486 2979 4556; x_wconf 84' lang='grc' dir='ltr'>δὴ</span> <span class='ocrx_word' id='word_1_627' title='bbox 3015 4489 3108 4539; x_wconf 73' lang='grc' dir='ltr'><strong>καὶ</strong></span> <span class='ocrx_word' id='word_1_628' title='bbox 3146 4487 3498 4557; x_wconf 76' lang='grc' dir='ltr'>ἐγράψαμεν·</span> <span class='ocrx_word' id='word_1_629' title='bbox 3554 4490 3713 4539; x_wconf 81' lang='grc' dir='ltr'>ἐπει-</span> 
     </span>
    </p>
   </div>
   <div class='ocr_carea' id='block_1_92' title="bbox 456 4556 2025 4650">
    <p class='ocr_par' dir='ltr' id='par_1_92' title="bbox 456 4579 2025 4649">
     <span class='ocr_line' id='line_1_92' title="bbox 456 4579 2025 4649; baseline 0.002 -19"><span class='ocrx_word' id='word_1_630' title='bbox 456 4588 640 4632; x_wconf 80' lang='lat' dir='ltr'><strong>auteni</strong></span> <span class='ocrx_word' id='word_1_631' title='bbox 692 4591 929 4646; x_wconf 68' lang='lat' dir='ltr'><strong>praesens</strong></span> <span class='ocrx_word' id='word_1_632' title='bbox 978 4592 1190 4645; x_wconf 89' lang='lat' dir='ltr'><strong>quoque</strong></span> <span class='ocrx_word' id='word_1_633' title='bbox 1241 4592 1414 4631; x_wconf 86' lang='lat' dir='ltr'><strong>canon</strong></span> <span class='ocrx_word' id='word_1_634' title='bbox 1471 4579 1662 4631; x_wconf 86' lang='lat' dir='ltr'><strong>statuit</strong></span> <span class='ocrx_word' id='word_1_635' title='bbox 1718 4594 1850 4642; x_wconf 86' lang='lat' dir='ltr'><strong>eas,</strong></span> <span class='ocrx_word' id='word_1_636' title='bbox 1909 4598 2025 4649; x_wconf 71' lang='lat' dir='ltr'><strong>qnze</strong></span> 
     </span>
    </p>
   </div>
   <div class='ocr_carea' id='block_1_93' title="bbox 2129 4556 3713 4650">
    <p class='ocr_par' dir='ltr' id='par_1_93' title="bbox 2130 4556 3713 4650">
     <span class='ocr_line' id='line_1_93' title="bbox 2130 4556 3713 4650; baseline 0.001 -22"><span class='ocrx_word' id='word_1_637' title='bbox 2130 4577 2193 4646; x_wconf 80' lang='grc' dir='ltr'>δὴ</span> <span class='ocrx_word' id='word_1_638' title='bbox 2243 4577 2297 4627; x_wconf 83' lang='grc' dir='ltr'>δὲ</span> <span class='ocrx_word' id='word_1_639' title='bbox 2349 4576 2441 4628; x_wconf 80' lang='grc' dir='ltr'><strong>καὶ</strong></span> <span class='ocrx_word' id='word_1_640' title='bbox 2501 4578 2528 4627; x_wconf 87' lang='grc' dir='ltr'>ὸ</span> <span class='ocrx_word' id='word_1_641' title='bbox 2592 4576 2785 4645; x_wconf 86' lang='grc' dir='ltr'>παρὼν</span> <span class='ocrx_word' id='word_1_642' title='bbox 2837 4577 3015 4629; x_wconf 77' lang='grc' dir='ltr'>κανὼν</span> <span class='ocrx_word' id='word_1_643' title='bbox 3084 4556 3378 4650; x_wconf 77' lang='grc' dir='ltr'>διορίζεται</span> <span class='ocrx_word' id='word_1_644' title='bbox 3437 4579 3538 4643; x_wconf 84' lang='grc' dir='ltr'><strong>τὰς</strong></span> <span class='ocrx_word' id='word_1_645' title='bbox 3616 4579 3713 4631; x_wconf 77' lang='grc' dir='ltr'>διὰ</span> 
     </span>
    </p>
   </div>
   <div class='ocr_carea' id='block_1_94' title="bbox 456 4668 2027 4739">
    <p class='ocr_par' dir='ltr' id='par_1_94' title="bbox 456 4668 2027 4739">
     <span class='ocr_line' id='line_1_94' title="bbox 456 4668 2027 4739; baseline 0.002 -15"><span class='ocrx_word' id='word_1_646' title='bbox 456 4669 804 4739; x_wconf 83' lang='lat' dir='ltr'><strong>imperatoria</strong></span> <span class='ocrx_word' id='word_1_647' title='bbox 843 4677 1108 4736; x_wconf 84' lang='lat' dir='ltr'><strong>potestate</strong></span> <span class='ocrx_word' id='word_1_648' title='bbox 1136 4668 1403 4731; x_wconf 67' lang='lat' dir='ltr'><strong>excitatae,</strong></span> <span class='ocrx_word' id='word_1_649' title='bbox 1434 4669 1515 4723; x_wconf 82' lang='lat' dir='ltr'><strong>vel</strong></span> <span class='ocrx_word' id='word_1_650' title='bbox 1539 4670 1701 4722; x_wconf 88' lang='lat' dir='ltr'><strong>etiam</strong></span> <span class='ocrx_word' id='word_1_651' title='bbox 1726 4674 2027 4727; x_wconf 62' lang='lat' dir='ltr'><strong>excitandas</strong></span> 
     </span>
    </p>
   </div>
   <div class='ocr_carea' id='block_1_95' title="bbox 460 4760 2031 4830">
    <p class='ocr_par' dir='ltr' id='par_1_95' title="bbox 460 4760 2031 4830">
     <span class='ocr_line' id='line_1_95' title="bbox 460 4760 2031 4830; baseline 0.001 -14"><span class='ocrx_word' id='word_1_652' title='bbox 460 4770 589 4816; x_wconf 81' lang='lat' dir='ltr'><strong>sunt</strong></span> <span class='ocrx_word' id='word_1_653' title='bbox 622 4760 872 4813; x_wconf 79' lang='lat' dir='ltr'><strong>civitates</strong></span> <span class='ocrx_word' id='word_1_654' title='bbox 894 4800 909 4826; x_wconf 90' lang='lat'><strong>,</strong></span> <span class='ocrx_word' id='word_1_655' title='bbox 945 4760 1012 4812; x_wconf 87' lang='lat' dir='ltr'><strong>ab</strong></span> <span class='ocrx_word' id='word_1_656' title='bbox 1050 4760 1296 4814; x_wconf 85' lang='lat' dir='ltr'><strong>ecclesiis</strong></span> <span class='ocrx_word' id='word_1_657' title='bbox 1326 4775 1542 4830; x_wconf 87' lang='lat' dir='ltr'><strong>quoque</strong></span> <span class='ocrx_word' id='word_1_658' title='bbox 1574 4760 1848 4824; x_wconf 82' lang='lat' dir='ltr'><strong>honorari,</strong></span> <span class='ocrx_word' id='word_1_659' title='bbox 1891 4765 2031 4818; x_wconf 81' lang='lat' dir='ltr'><strong>sicut</strong></span> 
     </span>
    </p>
   </div>
   <div class='ocr_carea' id='block_1_96' title="bbox 460 4850 2026 4922">
    <p class='ocr_par' dir='ltr' id='par_1_96' title="bbox 460 4850 2026 4922">
     <span class='ocr_line' id='line_1_96' title="bbox 460 4850 2026 4922; baseline 0.003 -16"><span class='ocrx_word' id='word_1_660' title='bbox 460 4851 739 4921; x_wconf 83' lang='lat' dir='ltr'><strong>imperiale</strong></span> <span class='ocrx_word' id='word_1_661' title='bbox 770 4850 982 4921; x_wconf 84' lang='lat' dir='ltr'><strong>jussum</strong></span> <span class='ocrx_word' id='word_1_662' title='bbox 1010 4850 1397 4920; x_wconf 83' lang='lat' dir='ltr'><strong>descripserit,</strong></span> <span class='ocrx_word' id='word_1_663' title='bbox 1445 4855 1495 4907; x_wconf 89' lang='lat' dir='ltr'><strong>id</strong></span> <span class='ocrx_word' id='word_1_664' title='bbox 1531 4865 1632 4919; x_wconf 77' lang='lat' dir='ltr'><strong>est,</strong></span> <span class='ocrx_word' id='word_1_665' title='bbox 1672 4863 1728 4906; x_wconf 91' lang='lat' dir='ltr'><strong>ut</strong></span> <span class='ocrx_word' id='word_1_666' title='bbox 1774 4858 1900 4922; x_wconf 58' lang='grc' dir='ltr'>ινδιξ</span> <span class='ocrx_word' id='word_1_667' title='bbox 1931 4857 2026 4909; x_wconf 89' lang='lat' dir='ltr'><strong>ha-</strong></span> 
     </span>
    </p>
   </div>
   <div class='ocr_carea' id='block_1_97' title="bbox 459 4946 2029 5018">
    <p class='ocr_par' dir='ltr' id='par_1_97' title="bbox 459 4946 2029 5018">
     <span class='ocr_line' id='line_1_97' title="bbox 459 4946 2029 5018; baseline 0 -16"><span class='ocrx_word' id='word_1_668' title='bbox 459 4948 622 5002; x_wconf 81' lang='lat' dir='ltr'><strong>beant</strong></span> <span class='ocrx_word' id='word_1_669' title='bbox 656 4946 742 5001; x_wconf 75' lang='lat' dir='ltr'><strong>vel</strong></span> <span class='ocrx_word' id='word_1_670' title='bbox 774 4946 1136 5015; x_wconf 81' lang='lat' dir='ltr'><strong>episeOpalem</strong></span> <span class='ocrx_word' id='word_1_671' title='bbox 1182 4948 1495 5017; x_wconf 82' lang='lat' dir='ltr'><strong>dignitatem</strong></span> <span class='ocrx_word' id='word_1_672' title='bbox 1529 4948 1611 5002; x_wconf 86' lang='lat' dir='ltr'><strong>vel</strong></span> <span class='ocrx_word' id='word_1_673' title='bbox 1656 4953 2029 5018; x_wconf 82' lang='lat' dir='ltr'><strong>metropolita-</strong></span> 
     </span>
    </p>
   </div>
   <div class='ocr_carea' id='block_1_98' title="bbox 458 5037 2029 5111">
    <p class='ocr_par' dir='ltr' id='par_1_98' title="bbox 458 5037 2029 5111">
     <span class='ocr_line' id='line_1_98' title="bbox 458 5037 2029 5111; baseline 0.002 -17"><span class='ocrx_word' id='word_1_674' title='bbox 458 5052 589 5094; x_wconf 80' lang='lat' dir='ltr'><strong>nam</strong></span> <span class='ocrx_word' id='word_1_675' title='bbox 623 5054 637 5093; x_wconf 89' lang='lat'><strong>:</strong></span> <span class='ocrx_word' id='word_1_676' title='bbox 672 5037 911 5111; x_wconf 81' lang='lat' dir='ltr'><strong>(oportet</strong></span> <span class='ocrx_word' id='word_1_677' title='bbox 940 5040 1083 5094; x_wconf 91' lang='lat' dir='ltr'><strong>enim</strong></span> <span class='ocrx_word' id='word_1_678' title='bbox 1114 5040 1541 5096; x_wconf 79' lang='lat' dir='ltr'><strong>ecclesiasticum</strong></span> <span class='ocrx_word' id='word_1_679' title='bbox 1573 5044 1816 5097; x_wconf 90' lang='lat' dir='ltr'><strong>ordinem</strong></span> <span class='ocrx_word' id='word_1_680' title='bbox 1844 5045 2029 5098; x_wconf 78' lang='lat' dir='ltr'><strong>civiles</strong></span> 
     </span>
    </p>
   </div>
   <div class='ocr_carea' id='block_1_99' title="bbox 456 5128 2032 5204">
    <p class='ocr_par' dir='ltr' id='par_1_99' title="bbox 456 5128 2032 5204">
     <span class='ocr_line' id='line_1_99' title="bbox 456 5128 2032 5204; baseline 0.002 -19"><span class='ocrx_word' id='word_1_681' title='bbox 456 5140 511 5185; x_wconf 81' lang='lat' dir='ltr'><strong>et</strong></span> <span class='ocrx_word' id='word_1_682' title='bbox 530 5129 792 5199; x_wconf 86' lang='lat' dir='ltr'><strong>publicos,</strong></span> <span class='ocrx_word' id='word_1_683' title='bbox 822 5132 935 5185; x_wconf 86' lang='lat' dir='ltr'><strong>sive</strong></span> <span class='ocrx_word' id='word_1_684' title='bbox 958 5131 1332 5201; x_wconf 76' lang='lat' dir='ltr'><strong>imperatorias</strong></span> <span class='ocrx_word' id='word_1_685' title='bbox 1379 5128 1531 5204; x_wconf 82' lang='lat' dir='ltr'><strong>typos</strong></span> <span class='ocrx_word' id='word_1_686' title='bbox 1559 5136 1734 5203; x_wconf 85' lang='lat' dir='ltr'><strong>sequi)</strong></span> <span class='ocrx_word' id='word_1_687' title='bbox 1780 5135 2032 5199; x_wconf 87' lang='lat' dir='ltr'><strong>dicimus,</strong></span> 
     </span>
    </p>
   </div>
   <div class='ocr_carea' id='block_1_100' title="bbox 461 5221 2029 5314">
    <p class='ocr_par' dir='ltr' id='par_1_100' title="bbox 461 5221 2029 5314">
     <span class='ocr_line' id='line_1_100' title="bbox 461 5221 2029 5314; baseline 0.001 -40"><span class='ocrx_word' id='word_1_688' title='bbox 461 5222 602 5314; x_wconf 71' lang='lat' dir='ltr'><strong>quod</strong></span> <span class='ocrx_word' id='word_1_689' title='bbox 648 5221 812 5275; x_wconf 86' lang='lat' dir='ltr'><strong>etiam</strong></span> <span class='ocrx_word' id='word_1_690' title='bbox 858 5236 887 5274; x_wconf 87' lang='lat' dir='ltr'><strong>a</strong></span> <span class='ocrx_word' id='word_1_691' title='bbox 938 5223 1188 5290; x_wconf 65' lang='lat' dir='ltr'><strong>praesenti</strong></span> <span class='ocrx_word' id='word_1_692' title='bbox 1243 5239 1453 5278; x_wconf 82' lang='lat' dir='ltr'><strong>canone</strong></span> <span class='ocrx_word' id='word_1_693' title='bbox 1496 5224 1808 5292; x_wconf 89' lang='lat' dir='ltr'><strong>imperatori</strong></span> <span class='ocrx_word' id='word_1_694' title='bbox 1848 5227 2029 5277; x_wconf 88' lang='lat' dir='ltr'><strong>datum</strong></span> 
     </span>
    </p>
   </div>
   <div class='ocr_carea' id='block_1_101' title="bbox 461 5314 2033 5385">
    <p class='ocr_par' dir='ltr' id='par_1_101' title="bbox 461 5314 2033 5385">
     <span class='ocr_line' id='line_1_101' title="bbox 461 5314 2033 5385; baseline 0.001 -17"><span class='ocrx_word' id='word_1_695' title='bbox 461 5325 541 5370; x_wconf 76' lang='lat' dir='ltr'><strong>est</strong></span> <span class='ocrx_word' id='word_1_696' title='bbox 588 5314 927 5382; x_wconf 87' lang='lat' dir='ltr'><strong>episcopatus</strong></span> <span class='ocrx_word' id='word_1_697' title='bbox 964 5331 1128 5369; x_wconf 83' lang='lat' dir='ltr'><strong>novus</strong></span> <span class='ocrx_word' id='word_1_698' title='bbox 1175 5316 1372 5376; x_wconf 77' lang='lat' dir='ltr'><strong>facere.</strong></span> <span class='ocrx_word' id='word_1_699' title='bbox 1414 5314 1551 5369; x_wconf 81' lang='lat' dir='ltr'><strong>alios</strong></span> <span class='ocrx_word' id='word_1_700' title='bbox 1598 5328 1774 5369; x_wconf 87' lang='lat' dir='ltr'><strong>autem</strong></span> <span class='ocrx_word' id='word_1_701' title='bbox 1822 5317 1873 5369; x_wconf 89' lang='lat' dir='ltr'><strong>in</strong></span> <span class='ocrx_word' id='word_1_702' title='bbox 1915 5318 2033 5385; x_wconf 84' lang='lat' dir='ltr'><strong>jura</strong></span> 
     </span>
    </p>
   </div>
   <div class='ocr_carea' id='block_1_102' title="bbox 462 5405 2038 5478">
    <p class='ocr_par' dir='ltr' id='par_1_102' title="bbox 462 5405 2038 5478">
     <span class='ocr_line' id='line_1_102' title="bbox 462 5405 2038 5478; baseline 0.004 -21"><span class='ocrx_word' id='word_1_703' title='bbox 462 5405 817 5475; x_wconf 82' lang='lat' dir='ltr'><strong>inetropoleos</strong></span> <span class='ocrx_word' id='word_1_704' title='bbox 850 5409 1078 5475; x_wconf 82' lang='lat' dir='ltr'><strong>erigere,</strong></span> <span class='ocrx_word' id='word_1_705' title='bbox 1122 5417 1177 5458; x_wconf 87' lang='lat' dir='ltr'><strong>et</strong></span> <span class='ocrx_word' id='word_1_706' title='bbox 1213 5410 1277 5460; x_wconf 90' lang='lat' dir='ltr'><strong>de</strong></span> <span class='ocrx_word' id='word_1_707' title='bbox 1307 5423 1495 5460; x_wconf 89' lang='lat' dir='ltr'><strong>eorum</strong></span> <span class='ocrx_word' id='word_1_708' title='bbox 1524 5408 1793 5463; x_wconf 83' lang='lat' dir='ltr'><strong>electione</strong></span> <span class='ocrx_word' id='word_1_709' title='bbox 1825 5412 2038 5478; x_wconf 61' lang='lat' dir='ltr'><strong>aliterue</strong></span> 
     </span>
    </p>
   </div>
   <div class='ocr_carea' id='block_1_103' title="bbox 465 5498 2033 5569">
    <p class='ocr_par' dir='ltr' id='par_1_103' title="bbox 465 5498 2033 5569">
     <span class='ocr_line' id='line_1_103' title="bbox 465 5498 2033 5569; baseline 0.005 -22"><span class='ocrx_word' id='word_1_710' title='bbox 465 5498 948 5561; x_wconf 81' lang='lat' dir='ltr'><strong>administratione,</strong></span> <span class='ocrx_word' id='word_1_711' title='bbox 1001 5509 1156 5566; x_wconf 89' lang='lat' dir='ltr'><strong>prout</strong></span> <span class='ocrx_word' id='word_1_712' title='bbox 1204 5499 1252 5569; x_wconf 89' lang='lat' dir='ltr'><strong>ei</strong></span> <span class='ocrx_word' id='word_1_713' title='bbox 1297 5501 1468 5551; x_wconf 83' lang='lat' dir='ltr'><strong>visum</strong></span> <span class='ocrx_word' id='word_1_714' title='bbox 1518 5498 1721 5563; x_wconf 79' lang='lat' dir='ltr'><strong>fuerit,</strong></span> <span class='ocrx_word' id='word_1_715' title='bbox 1774 5510 2033 5555; x_wconf 82' lang='lat' dir='ltr'><strong>statuere.</strong></span> 
     </span>
    </p>
   </div>
   <div class='ocr_carea' id='block_1_104' title="bbox 466 5588 2032 5658">
    <p class='ocr_par' dir='ltr' id='par_1_104' title="bbox 466 5588 2032 5658">
     <span class='ocr_line' id='line_1_104' title="bbox 466 5588 2032 5658; baseline 0.003 -18"><span class='ocrx_word' id='word_1_716' title='bbox 466 5590 683 5643; x_wconf 83' lang='lat' dir='ltr'><strong>Interim</strong></span> <span class='ocrx_word' id='word_1_717' title='bbox 722 5601 901 5643; x_wconf 74' lang='lat' dir='ltr'><strong>autem</strong></span> <span class='ocrx_word' id='word_1_718' title='bbox 952 5589 1107 5643; x_wconf 85' lang='lat' dir='ltr'><strong>debet</strong></span> <span class='ocrx_word' id='word_1_719' title='bbox 1153 5590 1316 5655; x_wconf 89' lang='lat' dir='ltr'><strong>scire,</strong></span> <span class='ocrx_word' id='word_1_720' title='bbox 1356 5588 1504 5658; x_wconf 83' lang='lat' dir='ltr'><strong>quod</strong></span> <span class='ocrx_word' id='word_1_721' title='bbox 1544 5588 1600 5643; x_wconf 88' lang='lat' dir='ltr'><strong>in</strong></span> <span class='ocrx_word' id='word_1_722' title='bbox 1648 5605 1835 5646; x_wconf 83' lang='lat' dir='ltr'><strong>mense</strong></span> <span class='ocrx_word' id='word_1_723' title='bbox 1870 5591 2032 5654; x_wconf 82' lang='lat' dir='ltr'><strong>Maio,</strong></span> 
     </span>
    </p>
   </div>
   <div class='ocr_carea' id='block_1_105' title="bbox 470 5680 2038 5746">
    <p class='ocr_par' dir='ltr' id='par_1_105' title="bbox 470 5680 2038 5746">
     <span class='ocr_line' id='line_1_105' title="bbox 470 5680 2038 5746; baseline 0.006 -17"><span class='ocrx_word' id='word_1_724' title='bbox 470 5684 671 5731; x_wconf 84' lang='lat' dir='ltr'><strong>decima</strong></span> <span class='ocrx_word' id='word_1_725' title='bbox 744 5680 1068 5746; x_wconf 88' lang='lat' dir='ltr'><strong>indictione,</strong></span> <span class='ocrx_word' id='word_1_726' title='bbox 1118 5696 1260 5734; x_wconf 86' lang='lat' dir='ltr'><strong>anno</strong></span> <span class='ocrx_word' id='word_1_727' title='bbox 1320 5682 1459 5735; x_wconf 81' lang='lat'><strong>6595</strong></span> <span class='ocrx_word' id='word_1_728' title='bbox 1511 5682 1642 5735; x_wconf 79' lang='lat' dir='ltr'><strong>exiit</strong></span> <span class='ocrx_word' id='word_1_729' title='bbox 1690 5682 1924 5737; x_wconf 87' lang='lat' dir='ltr'><strong>edictum</strong></span> <span class='ocrx_word' id='word_1_730' title='bbox 1970 5684 2038 5738; x_wconf 78' lang='lat' dir='ltr'><strong>ab</strong></span> 
     </span>
    </p>
   </div>
   <div class='ocr_carea' id='block_1_106' title="bbox 471 5768 2036 5837">
    <p class='ocr_par' dir='ltr' id='par_1_106' title="bbox 471 5768 2036 5837">
     <span class='ocr_line' id='line_1_106' title="bbox 471 5768 2036 5837; baseline 0.008 -21"><span class='ocrx_word' id='word_1_731' title='bbox 471 5768 659 5821; x_wconf 74' lang='lat' dir='ltr'><strong>tllllSlI‘l</strong></span> <span class='ocrx_word' id='word_1_732' title='bbox 690 5769 1015 5837; x_wconf 86' lang='lat' dir='ltr'><strong>imperatore</strong></span> <span class='ocrx_word' id='word_1_733' title='bbox 1042 5774 1259 5827; x_wconf 88' lang='lat' dir='ltr'><strong>domino</strong></span> <span class='ocrx_word' id='word_1_734' title='bbox 1282 5773 1477 5829; x_wconf 78' lang='lat' dir='ltr'><strong>Alexio</strong></span> <span class='ocrx_word' id='word_1_735' title='bbox 1505 5772 1785 5829; x_wconf 86' lang='lat' dir='ltr'><strong>Comneno</strong></span> <span class='ocrx_word' id='word_1_736' title='bbox 1814 5774 1867 5829; x_wconf 89' lang='lat' dir='ltr'><strong>in</strong></span> <span class='ocrx_word' id='word_1_737' title='bbox 1893 5775 2036 5829; x_wconf 84' lang='lat' dir='ltr'><strong>hunc</strong></span> 
     </span>
    </p>
   </div>
   <div class='ocr_carea' id='block_1_107' title="bbox 2135 4668 3710 4742">
    <p class='ocr_par' dir='ltr' id='par_1_107' title="bbox 2135 4668 3710 4742">
     <span class='ocr_line' id='line_1_107' title="bbox 2135 4668 3710 4742; baseline 0.001 -23"><span class='ocrx_word' id='word_1_738' title='bbox 2135 4668 2425 4739; x_wconf 78' lang='grc' dir='ltr'>βασιλικῆς</span> <span class='ocrx_word' id='word_1_739' title='bbox 2483 4668 2726 4732; x_wconf 78' lang='grc' dir='ltr'>ἐξουσίας</span> <span class='ocrx_word' id='word_1_740' title='bbox 2756 4670 3141 4742; x_wconf 80' lang='grc' dir='ltr'>ἀνεγερθείσας</span> <span class='ocrx_word' id='word_1_741' title='bbox 3175 4670 3416 4740; x_wconf 87' lang='grc' dir='ltr'>πόλειςῆ</span> <span class='ocrx_word' id='word_1_742' title='bbox 3449 4672 3543 4724; x_wconf 74' lang='grc' dir='ltr'>καὶ</span> <span class='ocrx_word' id='word_1_743' title='bbox 3573 4671 3710 4722; x_wconf 83' lang='grc' dir='ltr'>ἀνε-</span> 
     </span>
    </p>
   </div>
   <div class='ocr_carea' id='block_1_108' title="bbox 2133 4761 3708 4833">
    <p class='ocr_par' dir='ltr' id='par_1_108' title="bbox 2133 4761 3708 4833">
     <span class='ocr_line' id='line_1_108' title="bbox 2133 4761 3708 4833; baseline 0.003 -23"><span class='ocrx_word' id='word_1_744' title='bbox 2133 4761 2538 4829; x_wconf 81' lang='grc' dir='ltr'>γερθησομένας</span> <span class='ocrx_word' id='word_1_745' title='bbox 2600 4761 2867 4829; x_wconf 80' lang='grc' dir='ltr'>τιμᾶσθαι</span> <span class='ocrx_word' id='word_1_746' title='bbox 2938 4764 3032 4815; x_wconf 73' lang='grc' dir='ltr'>καὶ</span> <span class='ocrx_word' id='word_1_747' title='bbox 3104 4765 3254 4833; x_wconf 67' lang='grc' dir='ltr'>παρὰ</span> <span class='ocrx_word' id='word_1_748' title='bbox 3320 4764 3431 4815; x_wconf 84' lang='grc' dir='ltr'><strong>τῶν</strong></span> <span class='ocrx_word' id='word_1_749' title='bbox 3501 4764 3708 4831; x_wconf 74' lang='grc' dir='ltr'>ἐκκλησ-</span> 
     </span>
    </p>
   </div>
   <div class='ocr_carea' id='block_1_109' title="bbox 2135 4851 3709 4925">
    <p class='ocr_par' dir='ltr' id='par_1_109' title="bbox 2135 4851 3709 4925">
     <span class='ocr_line' id='line_1_109' title="bbox 2135 4851 3709 4925; baseline 0.002 -22"><span class='ocrx_word' id='word_1_750' title='bbox 2135 4852 2286 4915; x_wconf 81' lang='grc' dir='ltr'>σιών,</span> <span class='ocrx_word' id='word_1_751' title='bbox 2346 4851 2526 4913; x_wconf 80' lang='grc' dir='ltr'>καθὼς</span> <span class='ocrx_word' id='word_1_752' title='bbox 2574 4854 2606 4921; x_wconf 79' lang='grc' dir='ltr'>ἡ</span> <span class='ocrx_word' id='word_1_753' title='bbox 2662 4853 2914 4923; x_wconf 83' lang='grc' dir='ltr'>βασιλικὴ</span> <span class='ocrx_word' id='word_1_754' title='bbox 2969 4855 3313 4908; x_wconf 79' lang='grc' dir='ltr'>ὑποτυπώσει</span> <span class='ocrx_word' id='word_1_755' title='bbox 3371 4855 3709 4925; x_wconf 77' lang='grc' dir='ltr'>πρόσταξις,</span> 
     </span>
    </p>
   </div>
   <div class='ocr_carea' id='block_1_110' title="bbox 2132 4944 3712 5017">
    <p class='ocr_par' dir='ltr' id='par_1_110' title="bbox 2132 4944 3712 5017">
     <span class='ocr_line' id='line_1_110' title="bbox 2132 4944 3712 5017; baseline 0.002 -21"><span class='ocrx_word' id='word_1_756' title='bbox 2132 4946 2405 4997; x_wconf 76' lang='grc' dir='ltr'>τουτέστιν</span> <span class='ocrx_word' id='word_1_757' title='bbox 2465 4944 2614 5014; x_wconf 80' lang='grc' dir='ltr'>ἔχειν</span> <span class='ocrx_word' id='word_1_758' title='bbox 2680 4946 2849 5009; x_wconf 77' lang='grc' dir='ltr'>αὑτὰς</span> <span class='ocrx_word' id='word_1_759' title='bbox 2883 4947 2915 5017; x_wconf 83' lang='grc' dir='ltr'><strong>ἦ</strong></span> <span class='ocrx_word' id='word_1_760' title='bbox 2943 4949 3249 5016; x_wconf 73' lang='grc' dir='ltr'>ἐπισκοπῆς</span> <span class='ocrx_word' id='word_1_761' title='bbox 3275 4948 3493 5017; x_wconf 75' lang='grc' dir='ltr'>ἀξίωμα</span> <span class='ocrx_word' id='word_1_762' title='bbox 3527 4949 3559 5016; x_wconf 82' lang='grc' dir='ltr'>ἦ</span> <span class='ocrx_word' id='word_1_763' title='bbox 3599 4965 3712 5017; x_wconf 77' lang='grc' dir='ltr'>μη-</span> 
     </span>
    </p>
   </div>
   <div class='ocr_carea' id='block_1_111' title="bbox 2132 5037 3713 5112">
    <p class='ocr_par' dir='ltr' id='par_1_111' title="bbox 2132 5037 3713 5112">
     <span class='ocr_line' id='line_1_111' title="bbox 2132 5037 3713 5112; baseline 0.002 -25"><span class='ocrx_word' id='word_1_764' title='bbox 2132 5037 2440 5106; x_wconf 78' lang='grc' dir='ltr'>τροπόλεως</span> <span class='ocrx_word' id='word_1_765' title='bbox 2512 5039 2650 5106; x_wconf 77' lang='grc' dir='ltr'>(δέον</span> <span class='ocrx_word' id='word_1_766' title='bbox 2708 5039 2816 5108; x_wconf 86' lang='grc' dir='ltr'><strong>γάρ</strong></span> <span class='ocrx_word' id='word_1_767' title='bbox 2871 5044 3021 5092; x_wconf 78' lang='grc' dir='ltr'>ἐστιν</span> <span class='ocrx_word' id='word_1_768' title='bbox 3045 5041 3357 5093; x_wconf 84' lang='grc' dir='ltr'>ἀκολουθεῖν</span> <span class='ocrx_word' id='word_1_769' title='bbox 3381 5042 3480 5112; x_wconf 84' lang='grc' dir='ltr'><strong>τὴν</strong></span> <span class='ocrx_word' id='word_1_770' title='bbox 3510 5044 3713 5110; x_wconf 70' lang='grc' dir='ltr'>ἐκκλη-</span> 
     </span>
    </p>
   </div>
   <div class='ocr_carea' id='block_1_112' title="bbox 2138 5131 3716 5201">
    <p class='ocr_par' dir='ltr' id='par_1_112' title="bbox 2138 5131 3716 5201">
     <span class='ocr_line' id='line_1_112' title="bbox 2138 5131 3716 5201; baseline 0.002 -19"><span class='ocrx_word' id='word_1_771' title='bbox 2138 5132 2423 5198; x_wconf 78' lang='grc' dir='ltr'>σιαστικὴν</span> <span class='ocrx_word' id='word_1_772' title='bbox 2452 5131 2602 5195; x_wconf 81' lang='grc' dir='ltr'>τάξιν</span> <span class='ocrx_word' id='word_1_773' title='bbox 2629 5134 2741 5193; x_wconf 90' lang='grc' dir='ltr'>τοίς</span> <span class='ocrx_word' id='word_1_774' title='bbox 2787 5132 3086 5194; x_wconf 81' lang='grc' dir='ltr'>πολιτικοῖς</span> <span class='ocrx_word' id='word_1_775' title='bbox 3134 5136 3227 5185; x_wconf 79' lang='grc' dir='ltr'><strong>καὶ</strong></span> <span class='ocrx_word' id='word_1_776' title='bbox 3289 5134 3571 5201; x_wconf 80' lang='grc' dir='ltr'>δημοσίοις</span> <span class='ocrx_word' id='word_1_777' title='bbox 3618 5136 3716 5186; x_wconf 75' lang='grc' dir='ltr'><strong>τύ-</strong></span> 
     </span>
    </p>
   </div>
   <div class='ocr_carea' id='block_1_113' title="bbox 2137 5222 3712 5294">
    <p class='ocr_par' dir='ltr' id='par_1_113' title="bbox 2137 5222 3712 5294">
     <span class='ocr_line' id='line_1_113' title="bbox 2137 5222 3712 5294; baseline 0.001 -21"><span class='ocrx_word' id='word_1_778' title='bbox 2137 5238 2259 5283; x_wconf 88' lang='grc' dir='ltr'>ποις</span> <span class='ocrx_word' id='word_1_779' title='bbox 2292 5224 2409 5290; x_wconf 77' lang='grc' dir='ltr'>ἧτοι</span> <span class='ocrx_word' id='word_1_780' title='bbox 2436 5225 2547 5283; x_wconf 80' lang='grc' dir='ltr'>τοῖς</span> <span class='ocrx_word' id='word_1_781' title='bbox 2599 5222 2894 5290; x_wconf 83' lang='grc' dir='ltr'>βασιλικοῖς</span> <span class='ocrx_word' id='word_1_782' title='bbox 2921 5223 3335 5294; x_wconf 79' lang='grc' dir='ltr'>προστάγμασι)</span> <span class='ocrx_word' id='word_1_783' title='bbox 3359 5242 3373 5255; x_wconf 78' lang='grc'><strong><em>⁸</em></strong></span> <span class='ocrx_word' id='word_1_784' title='bbox 3411 5227 3594 5294; x_wconf 76' lang='grc' dir='ltr'>φαμὲν</span> <span class='ocrx_word' id='word_1_785' title='bbox 3633 5226 3712 5287; x_wconf 80' lang='grc' dir='ltr'>ὡς</span> 
     </span>
    </p>
   </div>
   <div class='ocr_carea' id='block_1_114' title="bbox 2137 5313 3715 5385">
    <p class='ocr_par' dir='ltr' id='par_1_114' title="bbox 2137 5313 3715 5385">
     <span class='ocr_line' id='line_1_114' title="bbox 2137 5313 3715 5385; baseline 0.002 -21"><span class='ocrx_word' id='word_1_786' title='bbox 2137 5313 2355 5382; x_wconf 79' lang='grc' dir='ltr'>ἐνεδόθη</span> <span class='ocrx_word' id='word_1_787' title='bbox 2397 5314 2495 5382; x_wconf 83' lang='grc' dir='ltr'><strong>μὲν</strong></span> <span class='ocrx_word' id='word_1_788' title='bbox 2526 5317 2635 5365; x_wconf 82' lang='grc' dir='ltr'>ἀπὸ</span> <span class='ocrx_word' id='word_1_789' title='bbox 2689 5315 2784 5366; x_wconf 77' lang='grc' dir='ltr'>τοῦ</span> <span class='ocrx_word' id='word_1_790' title='bbox 2819 5316 3086 5384; x_wconf 87' lang='grc' dir='ltr'>παρόντος</span> <span class='ocrx_word' id='word_1_791' title='bbox 3140 5318 3364 5379; x_wconf 84' lang='grc' dir='ltr'>κανόνος</span> <span class='ocrx_word' id='word_1_792' title='bbox 3393 5316 3468 5385; x_wconf 82' lang='grc' dir='ltr'>τῷ</span> <span class='ocrx_word' id='word_1_793' title='bbox 3501 5317 3715 5385; x_wconf 84' lang='grc' dir='ltr'>βασιλεί</span> 
     </span>
    </p>
   </div>
   <div class='ocr_carea' id='block_1_115' title="bbox 2138 5406 3711 5477">
    <p class='ocr_par' dir='ltr' id='par_1_115' title="bbox 2138 5406 3711 5477">
     <span class='ocr_line' id='line_1_115' title="bbox 2138 5406 3711 5477; baseline 0.002 -21"><span class='ocrx_word' id='word_1_794' title='bbox 2138 5406 2443 5468; x_wconf 73' lang='grc' dir='ltr'>ὲπισκοπάς</span> <span class='ocrx_word' id='word_1_795' title='bbox 2492 5409 2665 5457; x_wconf 79' lang='grc' dir='ltr'>ποιεῖν</span> <span class='ocrx_word' id='word_1_796' title='bbox 2696 5409 2759 5457; x_wconf 79' lang='grc' dir='ltr'><strong>ἐκ</strong></span> <span class='ocrx_word' id='word_1_797' title='bbox 2814 5407 2956 5470; x_wconf 81' lang='grc' dir='ltr'>νέου,</span> <span class='ocrx_word' id='word_1_798' title='bbox 3012 5409 3204 5477; x_wconf 75' lang='grc' dir='ltr'>ἑτέρας</span> <span class='ocrx_word' id='word_1_799' title='bbox 3252 5408 3309 5460; x_wconf 81' lang='grc' dir='ltr'>δὲ</span> <span class='ocrx_word' id='word_1_800' title='bbox 3342 5410 3566 5475; x_wconf 83' lang='grc' dir='ltr'>ἀνάγειν</span> <span class='ocrx_word' id='word_1_801' title='bbox 3624 5412 3711 5469; x_wconf 79' lang='grc' dir='ltr'>εὶς</span> 
     </span>
    </p>
   </div>
   <div class='ocr_carea' id='block_1_116' title="bbox 2136 5499 3712 5568">
    <p class='ocr_par' dir='ltr' id='par_1_116' title="bbox 2136 5499 3712 5568">
     <span class='ocr_line' id='line_1_116' title="bbox 2136 5499 3712 5568; baseline -0.001 -16"><span class='ocrx_word' id='word_1_802' title='bbox 2136 5499 2317 5552; x_wconf 85' lang='grc' dir='ltr'>δίκαια</span> <span class='ocrx_word' id='word_1_803' title='bbox 2374 5500 2776 5568; x_wconf 82' lang='grc' dir='ltr'>μητροπόλεως,</span> <span class='ocrx_word' id='word_1_804' title='bbox 2824 5502 2919 5551; x_wconf 86' lang='grc' dir='ltr'><strong>καί</strong></span> <span class='ocrx_word' id='word_1_805' title='bbox 2972 5501 3289 5553; x_wconf 83' lang='grc' dir='ltr'>ὑποτυποῦν</span> <span class='ocrx_word' id='word_1_806' title='bbox 3348 5500 3415 5556; x_wconf 78' lang='grc' dir='ltr'>τὰ</span> <span class='ocrx_word' id='word_1_807' title='bbox 3448 5501 3712 5568; x_wconf 75' lang='grc' dir='ltr'>περὶτῆς</span> 
     </span>
    </p>
   </div>
   <div class='ocr_carea' id='block_1_117' title="bbox 2135 5589 3714 5663">
    <p class='ocr_par' dir='ltr' id='par_1_117' title="bbox 2135 5589 3714 5663">
     <span class='ocr_line' id='line_1_117' title="bbox 2135 5589 3714 5663; baseline 0.001 -20"><span class='ocrx_word' id='word_1_808' title='bbox 2135 5589 2317 5660; x_wconf 78' lang='grc' dir='ltr'>ψήφου</span> <span class='ocrx_word' id='word_1_809' title='bbox 2369 5590 2546 5643; x_wconf 78' lang='grc' dir='ltr'>αὐτῶν</span> <span class='ocrx_word' id='word_1_810' title='bbox 2581 5590 2675 5642; x_wconf 77' lang='grc' dir='ltr'><strong>καὶ</strong></span> <span class='ocrx_word' id='word_1_811' title='bbox 2727 5592 2825 5659; x_wconf 81' lang='grc' dir='ltr'><strong>τῆς</strong></span> <span class='ocrx_word' id='word_1_812' title='bbox 2861 5592 3026 5662; x_wconf 85' lang='grc' dir='ltr'>ἄλλης</span> <span class='ocrx_word' id='word_1_813' title='bbox 3077 5593 3393 5663; x_wconf 71' lang='grc' dir='ltr'>οἰκονομίας</span> <span class='ocrx_word' id='word_1_814' title='bbox 3454 5594 3595 5645; x_wconf 73' lang='grc' dir='ltr'>κατα</span> <span class='ocrx_word' id='word_1_815' title='bbox 3651 5594 3714 5645; x_wconf 71' lang='grc' dir='ltr'>τὸ</span> 
     </span>
    </p>
   </div>
   <div class='ocr_carea' id='block_1_118' title="bbox 2139 5679 3707 5750">
    <p class='ocr_par' dir='ltr' id='par_1_118' title="bbox 2139 5679 3707 5750">
     <span class='ocr_line' id='line_1_118' title="bbox 2139 5679 3707 5750; baseline -0.001 -14"><span class='ocrx_word' id='word_1_816' title='bbox 2139 5682 2300 5746; x_wconf 82' lang='grc' dir='ltr'>δόξαν</span> <span class='ocrx_word' id='word_1_817' title='bbox 2335 5679 2484 5749; x_wconf 81' lang='grc' dir='ltr'>αὐτῷ</span> <span class='ocrx_word' id='word_1_818' title='bbox 2508 5696 2523 5710; x_wconf 74' lang='grc' dir='ltr'><strong>ο</strong></span> <span class='ocrx_word' id='word_1_819' title='bbox 2573 5682 2709 5743; x_wconf 76' lang='grc' dir='ltr'>τέως</span> <span class='ocrx_word' id='word_1_820' title='bbox 2741 5682 2797 5733; x_wconf 76' lang='grc' dir='ltr'>δὲ</span> <span class='ocrx_word' id='word_1_821' title='bbox 2851 5683 3057 5750; x_wconf 78' lang='grc' dir='ltr'>ὀφείλει</span> <span class='ocrx_word' id='word_1_822' title='bbox 3082 5685 3284 5737; x_wconf 76' lang='grc' dir='ltr'>εἰδέναι</span> <span class='ocrx_word' id='word_1_823' title='bbox 3310 5687 3392 5738; x_wconf 82' lang='grc' dir='ltr'>ὅτι</span> <span class='ocrx_word' id='word_1_824' title='bbox 3439 5685 3579 5736; x_wconf 83' lang='grc' dir='ltr'><strong>κατά</strong></span> <span class='ocrx_word' id='word_1_825' title='bbox 3615 5684 3707 5736; x_wconf 66' lang='grc' dir='ltr'><strong>τὸν</strong></span> 
     </span>
    </p>
   </div>
   <div class='ocr_carea' id='block_1_119' title="bbox 2146 5774 3703 5844">
    <p class='ocr_par' dir='ltr' id='par_1_119' title="bbox 2146 5774 3703 5844">
     <span class='ocr_line' id='line_1_119' title="bbox 2146 5774 3703 5844; baseline -0.001 -15"><span class='ocrx_word' id='word_1_826' title='bbox 2146 5776 2319 5831; x_wconf 83' lang='grc' dir='ltr'>Μάἳον</span> <span class='ocrx_word' id='word_1_827' title='bbox 2356 5776 2498 5843; x_wconf 78' lang='grc' dir='ltr'>μῆνα</span> <span class='ocrx_word' id='word_1_828' title='bbox 2523 5776 2587 5843; x_wconf 73' lang='grc' dir='ltr'>τῇ</span> <span class='ocrx_word' id='word_1_829' title='bbox 2616 5779 2647 5823; x_wconf 88' lang='grc' dir='ltr'>ι’</span> <span class='ocrx_word' id='word_1_830' title='bbox 2682 5774 2968 5829; x_wconf 78' lang='grc' dir='ltr'>ἱνδικτιὼνι</span> <span class='ocrx_word' id='word_1_831' title='bbox 2992 5774 3085 5829; x_wconf 78' lang='grc' dir='ltr'>τοῦ</span> <span class='ocrx_word' id='word_1_832' title='bbox 3127 5775 3290 5844; x_wconf 55' lang='grc' dir='ltr'>ςφιβ</span> <span class='ocrx_word' id='word_1_833' title='bbox 3321 5774 3471 5837; x_wconf 73' lang='grc' dir='ltr'>ἔτους</span> <span class='ocrx_word' id='word_1_834' title='bbox 3514 5774 3703 5841; x_wconf 73' lang='grc' dir='ltr'>γέγονε</span> 
     </span>
    </p>
   </div>
  </div>
