4074 6386
367 331 479 397 6ἐ5

1293 330 1373 389 IN
1414 329 1573 389 CAN.
1612 329 1923 390 xxxvm
1959 328 2165 390 Com
2219 308 2307 387 tN'
2342 329 2661 392 TRULLO.

3516 338 3621 400 646

371 445 666 514 σημείωμα
698 443 848 513 παρὰ
873 442 967 496 τοῦ
996 442 1241 511 ἀοιδίμου
1279 442 1540 512 βασιλέως
1567 442 1736 513 κυροῦ
1788 441 1928 493 Ἀλε-

2047 451 2306 502 tenorem,
2346 446 2486 509 quod
2517 459 2641 498 Cllltt
2676 453 2989 515 metropolis
3017 445 3227 502 Basilasi
3261 456 3314 502 et
3348 458 3620 518 metropo-

371 534 486 597 ξίου
514 534 609 587 τοῦ
636 534 950 605 Κομνηνοῦ,
990 533 1358 600 διαλαμϐάνον
1385 530 1484 595 ὡς,
1520 536 1618 603 τῆς
1655 535 1931 604 μητροπό-

368 627 505 689 λεως
532 627 626 678 τοῦ
648 625 941 677 Βασιλαίου
969 626 1066 681 καὶ
1094 626 1192 694 τῆς
1230 627 1618 694 μητροπόλεως
1670 625 1938 679 Μαδύτων

365 718 715 787 χηρευουσῶν
742 720 836 771 καὶ
871 718 1186 787 μελλουσῶν
1238 719 1601 789 ψηφισθῆναι,
1660 718 1941 787 διανέστη-

371 826 468 860 σαν
497 810 546 859 οἱ
582 808 981 878 μητροπολῖται
1010 812 1038 860 ὁ
1069 796 1400 879 Ἡρακλείοις
1448 811 1543 862 καὶ
1570 811 1597 861 ὁ
1646 808 1939 878 Ἀγκύρας,

366 896 632 953 κα“ιεῖπον
662 902 736 970 μὴ
767 901 1008 970 ὀφείλειν
1063 901 1161 966 τὰς
1192 903 1449 965 τοιαύτας
1486 903 1803 973 ἐκκλησίας,
1838 903 1940 955 κᾶν

363 994 773 1064 ἐπιτιμήθησαν
792 994 872 1065 τῷ
895 997 995 1061 τῆς
1032 1006 1419 1065 μητροπόλεως
1459 997 1752 1066 ἀξιώματι,
1791 994 1940 1065 παρὰ

363 1084 457 1135 τοῦ
492 1084 692 1155 μέρους
750 1086 851 1151 τῆς
910 1087 1168 1156 Μεγάλης
1223 1089 1519 1157 ἐκκλησίας
1574 1089 1936 1158 ψηφισθῆναι,

297 1214 303 1220 .
361 1177 498 1230 ἀλλὰ
530 1178 661 1249 παρ’
718 1180 933 1234 αὐτῶν·
976 1183 1148 1237 διὰτὸ
1176 1182 1273 1252 τὴν
1329 1182 1428 1251 μὲν
1477 1182 1778 1251 ἐκκλησίαν
1829 1182 1937 1236 τῶν

364 1268 629 1325 Μαδύτων
684 1271 990 1341 ἐπισκοπὴν
1036 1269 1179 1328 εἶναι
1228 1272 1324 1325 τοῦ
1364 1273 1712 1345 ⁹Ηρακλείας,
1755 1275 1853 1345 τὴν
1884 1276 1940 1327 δὲ

364 1361 663 1430 ἐκκλησίαν
684 1362 780 1420 τοῦ
811 1364 1100 1419 Βασιλαίου
1159 1366 1465 1439 ἐπισκοπὴν
1494 1364 1638 1425 εἶναι
1666 1365 1761 1421 τοῦ
1807 1367 1937 1435 Ἀγ-

363 1453 557 1521 κύρας.
602 1455 981 1526 Χρησαμένων
1017 1457 1071 1510 δὲ
1100 1458 1208 1511 τῶν
1238 1459 1492 1515 τοιούτων
1521 1459 1939 1529 μητροπολιτῶν

364 1548 455 1597 καὶ
481 1545 560 1612 τῷ
593 1546 658 1613 ιβ’
687 1548 878 1598 κανόνι
900 1547 1000 1615 τῆς
1027 1550 1085 1599 ἐν
1112 1549 1413 1618 Χαλκηδόνι
1436 1550 1681 1623 συνόδου,
1708 1550 1937 1620 διοριζοο

365 1634 513 1707 μένῳ
561 1636 829 1699 σώζεσθαι
885 1639 950 1705 τῇ
1003 1639 1129 1690 κατ’
1190 1639 1445 1707 ἀλήθειαν
1509 1641 1839 1709 μητροπόλει
1870 1641 1940 1694 τὰ

361 1727 633 1795 προσόντα
660 1728 797 1798 αὐτῇ
831 1728 1014 1785 δίκαια
1067 1730 1160 1783 ἐπὶ
1187 1733 1254 1799 τῇ
1284 1729 1579 1805 τιμηθείση
1648 1731 1935 1804 ἐκκλησίᾳ,

2046 532 2109 585 lis
2140 531 2416 601 Madytana
2448 533 2621 587 vidua:
2652 546 2854 598 eSsenl,
2888 545 2941 589 et
2971 538 3273 592 anti5titum
3298 540 3617 594 electionem

2041 624 2159 681 lieri
2208 635 2499 690 oporteret,
2538 641 2964 683 exsurrexerunt
3010 629 3374 686 lleracleanus
3420 644 3471 683 ct
3502 637 3619 686 An-

2042 712 2273 787 cyranns
2319 720 2790 788 metropolitanns,
2832 732 2886 775 et
2933 723 3220 784 dixerunt,
3267 740 3370 777 non
3419 725 3619 781 deherc

2042 824 2132 863 cas
2164 809 2441 872 cci-lesias,
2478 811 2690 864 etiamsi
2727 812 3099 878 metropolium
3133 814 3393 881 dignitate
3445 819 3613 870 hono-

2042 914 2173 957 rata:
2206 909 2336 964 sint,
2376 921 2406 957 a
2453 905 2652 971 Magum
2693 908 2938 961 ecclesia:
2973 909 3215 975 partibus
3260 925 3444 964 earum
3472 916 3616 964 anti-

2042 997 2229 1051 Stitnm
2264 997 2585 1050 electionem
2616 999 2919 1065 suscipere,
2947 1004 3038 1053 sed
3074 1004 3139 1052 ah
3172 1002 3300 1067 ipsis
3333 1022 3346 1057 :
3378 1020 3442 1056 eo
3470 1008 3612 1073 quod
3634 1061 3649 1079 .

2040 1086 2321 1157 Matlytana
2350 1088 2564 1155 quidem
2593 1092 2820 1144 ecclesia
2854 1091 2922 1144 sit
2947 1092 3225 1148 Heraclea:
3248 1096 3614 1163 episcopatus,

2044 1179 2250 1235 Basilzei
2288 1191 2468 1234 autem
2505 1182 2733 1237 ecclesia
2777 1183 2848 1237 sit
2897 1183 3166 1253 Aneyrani
3220 1188 3613 1253 metropolitani

2043 1272 2409 1341 episcopatus.
2447 1271 2662 1325 Etcum
2696 1274 2777 1326 usi
2822 1286 3005 1327 essent
3045 1276 3079 1327 ii
3112 1278 3510 1343 metropolitani
3551 1280 3616 1332 19.

2041 1376 2243 1415 canone
2278 1346 2992 1435 Chalcedonensissynodi,
3046 1381 3166 1435 qnze
3214 1368 3459 1422 decernit
3499 1386 3615 1422 ser-

2042 1455 2210 1507 vanda
2242 1470 2381 1509 verte
2416 1456 2696 1522 metropoli
2724 1458 2869 1525 jura,
2895 1473 3013 1526 qua:
3041 1459 3111 1509 illi
3146 1460 3341 1512 atlsnnt
3365 1463 3414 1513 in
3450 1462 3617 1515 hono—

2044 1554 2158 1599 rata
2186 1546 2411 1600 ecclesia
2440 1565 2453 1610 ;
2486 1542 2760 1602 decretum
2800 1549 3206 1619 fuitdmperiale
3241 1552 3294 1606 in
3328 1555 3614 1620 praesentia

2042 1638 2254 1707 synodi,
2285 1652 2405 1706 quae
2438 1650 2561 1692 tunc
2596 1650 2733 1701 erat,
2765 1644 3152 1695 consentientis
3186 1659 3397 1710 unaque
3428 1647 3618 1700 decer-

2043 1730 2241 1791 nentis,
2272 1730 2433 1787 licere
2480 1733 2901 1801 imperatoribus
2944 1736 3312 1802 pontiﬁcalem
3362 1738 3613 1793 thronum

361 1818 651 1885 διάγνωσις
687 1819 879 1888 γέγονε
929 1819 1188 1892 βασιλικὴ
1219 1823 1360 1881 κατὰ
1386 1823 1691 1893 παρουσίαν
1716 1823 1810 1876 καὶ
1840 1825 1928 1892 τῆς

2042 1820 2287 1874 ccclesiis
2320 1820 2522 1889 largiri,
2552 1832 2606 1874 et
2630 1824 2974 1888 episcopatus
3011 1824 3089 1876 vel
3121 1825 3616 1894 archiepiscopatus

358 1910 479 1961 τότε
537 1911 1116 1983 συνδιαγνωμονούσης
1174 1914 1418 1972 συνόδου.
1469 1917 1758 1984 ἐφειμένον
1793 1911 1933 1968 εἶναι

356 2000 434 2072 τῷ
457 2002 669 2072 βασιλεῖ
695 2005 990 2075 προεδρίας
1040 2006 1226 2078 θρόνον
1255 2010 1377 2069 ταῖς
1408 2007 1731 2068 ἐκκλησίαις
1776 2007 1932 2076 χαρίε-

358 2095 568 2161 ζεσθαι,
606 2097 701 2151 καὶ
735 2098 835 2159 τὰς
888 2100 1199 2162 ἐπισκοπὰς
1245 2101 1339 2153 καὶ
1368 2100 1468 2160 τὰς
1492 2102 1931 2169 ἀρχιεπισκοπὰς

355 2193 437 2253 εἰς
472 2192 833 2262 μητροπόλεις
852 2191 1072 2258 ἀνάγειν
1095 2210 1110 2225 ο
1160 2196 1257 2247 καὶ
1286 2195 1356 2248 τὰ
1407 2196 1535 2263 περὶ
1563 2196 1670 2249 τῶν
1732 2195 1931 2265 ψήφων

356 2283 538 2340 αὐτῶν
572 2284 782 2353 καὶτῆς
836 2285 1002 2356 ἄλλης
1033 2285 1420 2355 διευθετήσεως
1456 2288 1768 2339 ὑποτυποῦν
1790 2287 1929 2339 κατὰ

354 2378 417 2431 τὸ
467 2377 616 2447 αὐτῷ
650 2378 897 2449 θελητὸν,
932 2381 1006 2449 μὴ
1055 2379 1471 2449 ἐμποδιζομένῳ
1504 2379 1643 2449 πρὸς
1683 2379 1844 2433 τοῦτο
1866 2385 1930 2437 ἐκ

356 2468 449 2523 τοῦ
484 2470 712 2534 κανόνος
755 2470 849 2523 τοῦ
884 2471 1258 2541 διοριζομένου
1320 2468 1780 2541 φυλάττεσθαιτῇ
1821 2489 1928 2542 μη-

356 2560 612 2631 τροπόλει
639 2561 705 2614 τὰ
744 2561 886 2614 κατὰ
910 2564 1009 2630 τῆς
1049 2560 1379 2631 τιμηθείσης
1424 2564 1731 2631 ἐπισκοπῆς
1756 2580 1930 2633 προση

349 2650 481 2704 όντα
510 2652 648 2720 αὐτῇ
682 2651 922 2720 ἀρχῆθεν
953 2652 1167 2703 δίκαια.
1209 2653 1319 2704 Καὶ
1352 2652 1627 2718 ἀνάγνωθι
1660 2653 1721 2704 τὸ
1752 2654 1932 2706 τοιοῦ-

350 2758 444 2795 τον
490 2742 787 2811 σημείωμα
846 2742 1148 2811 ἐρμηνεῦον
1204 2741 1323 2804 πῶς
1368 2742 1572 2810 ὀφείλει
1606 2743 1840 2795 νοεῖσθαι
1871 2746 1931 2795 τὸ

352 2831 624 2897 σώζεσθαι
657 2835 724 2887 τὰ
752 2835 942 2889 δίκαια
981 2834 1083 2902 τῆς
1113 2834 1351 2896 παλαιᾶς
1405 2835 1810 2907 μητροπόλεως,
1836 2837 1932 2890 καὶ

354 2924 420 2976 τὸ
494 2924 570 2996 μὴ
649 2925 1085 2995 κατατέμνεσθαι
1146 2924 1242 2991 τὴν
1296 2926 1424 2993 μίαν
1491 2928 1765 2996 ἐπαρχίαν
1851 2930 1931 2991 είς

352 3015 469 3069 δύο.
528 3017 722 3085 Ἡμεῖς
750 3018 879 3085 γὰρ,
907 3016 993 3069 διὰ
1016 3017 1075 3069 τὸ
1114 3015 1438 3086 πολύστιχον
1477 3013 1635 3081 εἶναι,
1679 3018 1737 3071 οὐ
1792 3035 1927 3075 κατ-

350 3096 709 3177 εστρὼσαμεν
727 3109 857 3161 αὐτὸ
877 3107 1109 3161 ἐνταῦθα
1123 3107 1496 3179 ἐξολοκλήρου.
1515 3108 1589 3163 Τὸ
1610 3111 1742 3162 αὐτὸ
1758 3110 1811 3163 δέ
1832 3128 1930 3180 ση-
1968 3168 1969 3171 η

2038 1913 2090 1965 iu
2141 1911 2463 1981 metropolcs
2500 1912 2710 1978 erigere
2751 1930 2763 1966 :
2806 1926 3012 1979 eaque,
3045 1928 3164 1981 qua:
3204 1915 3268 1965 ad
3299 1915 3611 1969 electionem

2038 2003 2303 2071 pertinent
2352 2013 2408 2055 et
2460 2004 2721 2067 reliquam
2773 2004 3185 2075 dispositionem
3217 2044 3231 2067 ,
3287 2016 3445 2071 prout
3498 2009 3612 2071 ipse

2036 2092 2286 2155 voluerit,
2332 2092 2661 2155 describere,
2719 2108 2817 2147 nec
2870 2109 2898 2146 a
2937 2107 3146 2155 canone
3199 2096 3472 2163 impediri.
3519 2101 3609 2155 nui

2034 2184 2222 2241 Statuit
2258 2186 2537 2251 metrOpoli
2580 2185 2701 2253 jura
2758 2185 2994 2248 servari,
3048 2203 3164 2250 ηιιπι
3204 2187 3274 2241 illi
3312 2188 3613 2250 .adl'ot-runt

2036 2278 2103 2326 ah
2138 2277 2289 2329 initio
2324 2277 2374 2328 in
2412 2278 2675 2331 honorato
2724 2278 3061 2347 episcopatu.
3092 2277 3157 2331 Et
3208 2279 3322 2342 lege
3354 2280 3453 2332 hoc
3496 2282 3614 2333 edi-

2033 2382 2201 2430 Clum,
2249 2370 2389 2434 quod
2433 2370 2821 2437 interpretatur
2847 2370 3119 2439 quomodo
3149 2371 3371 2440 intelligi
3418 2372 3613 2425 delicat

2036 2459 2187 2523 illud,
2214 2462 2414 2513 servari
2442 2460 2563 2530 jttra
2612 2461 2849 2530 antiqua:
2885 2463 3224 2530 metri-polis.
3266 2475 3319 2516 et
3348 2466 3468 2525 hoc,
3502 2482 3608 2518 non

2032 2551 2376 2605 dividendam
2430 2566 2547 2605 esse
2600 2568 2755 2603 ttnant
2806 2552 3142 2619 provinciam
3200 2553 3251 2604 in
3301 2552 3455 2607 duas.
3505 2554 3611 2606 Nos

2033 2645 2206 2707 enim,
2239 2660 2302 2697 eo
2339 2646 2479 2712 quod
2517 2646 2586 2698 sit
2615 2645 2897 2714 prolixius,
2948 2646 3034 2698 hic
3068 2646 3332 2713 integrum
3372 2663 3473 2700 non
3511 2661 3609 2715 po-

2033 2739 2260 2791 Suitnus.
2303 2737 2410 2790 lloc
2444 2737 2619 2805 ipsum
2665 2748 2840 2788 autem
2877 2738 3133 2800 edictum,
3170 2746 3289 2803 post
3332 2738 3608 2793 decretum

2032 2830 2175 2896 quod
2204 2830 2467 2887 continet.
2503 2829 2699 2883 debere
2727 2828 2987 2881 eccle~ias
3024 2843 3146 2896 qua:
3178 2840 3296 2881 sunt
3338 2831 3611 2883 Impurata:

2026 2924 2179 2997 jussu
2215 2923 2474 2991 imperiali
2508 2939 2538 2977 a
2582 2923 2776 2979 throno
2809 2922 3413 2990 Constantinopolitano
3440 2925 3604 2993 202

2030 3014 2316 3084 praesulem
2354 3013 2671 3069 electionem
2711 3014 2983 3079 accipere,
3026 3026 3125 3066 nec
3159 3027 3272 3078 eos,
3323 3014 3414 3081 qui
3450 3016 3609 3080 paulo

2031 3116 2155 3161 ante
2172 3114 2327 3159 erant
2350 3105 2748 3174 metropolitani
2775 3105 2933 3157 ullam
2959 3106 3009 3156 in
3034 3106 3345 3173 eispartem
3366 3105 3605 3172 habere;

358 3203 598 3273 μείωμα,
629 3203 766 3273 μετὰ
795 3203 893 3274 τὴν
924 3202 1176 3273 διήγησιν
1228 3201 1327 3272 τὴν
1376 3202 1736 3273 περιέχουσαν
1783 3204 1928 3274 ὀφεί-

2032 3199 2148 3252 haec
2195 3211 2413 3268 quoque
2460 3211 2717 3265 eXpresse
2770 3196 3056 3250 continet:
3100 3196 3362 3259 Quoniam
3424 3206 3602 3250 autem

352 3294 469 3347 λειν
500 3294 829 3365 ψηφίζεσθαι
887 3294 986 3357 τὰς
1043 3294 1369 3364 τιμηθείσας
1417 3297 1717 3367 ἐκκλησίας
1751 3294 1929 3353 ’κατᾶ

353 3386 656 3455 πρόσταξιν
700 3385 989 3457 βασιλικὴν
1034 3387 1185 3456 παρὰ
1228 3385 1322 3440 τοῦ
1383 3386 1572 3457 θρόνου
1620 3389 1720 3458 τῆς
1776 3390 1928 3443 Κων-

352 3479 888 3542 σταντινουπόλεως,
949 3478 1047 3531 καὶ
1104 3477 1268 3548 μηδὲν
1338 3480 1590 3549 μετέχειν
1670 3482 1764 3534 ἐπὶ
1824 3483 1925 3535 αὐ-

348 3568 473 3633 ταῖς
509 3572 638 3635 τοὺς
686 3569 880 3643 πρώην
936 3570 1367 3641 μητροπολίτας,
1400 3570 1763 3639 διαλαμϐάνει
1826 3574 1923 3626 καὶ

347 3663 526 3717 ταῦτα
572 3663 773 3733 ῥητῶς.
814 3662 963 3715 Ἐπεὶ
997 3662 1056 3714 δὲ
1086 3663 1135 3714 οἱ
1166 3663 1442 3733 ἀρχιερεῖς
1493 3665 1589 3717 καὶ
1646 3660 1802 3727 αὖθις
1833 3666 1925 3717 τὸν

348 3761 452 3829 τῆς
507 3757 563 3808 ἐν
620 3755 923 3837 Χαλκηδόνι
974 3756 1193 3808 συνόδου
1262 3757 1459 3807 κανόνι
1520 3757 1924 3826 προσφέροντες

348 3850 476 3910 τοὺς
505 3848 570 3898 ἐκ
599 3845 1012 3915 προσελεύσεως
1059 3844 1151 3898 τοῦ
1199 3844 1534 3915 ὑψηλοτέρου
1562 3846 1923 3916 ἀξιουμένους

349 3938 545 4008 θρόνου
577 3942 728 4007 παρά
761 3935 995 3998 κανόνας
1027 3934 1213 4002 ἔλεγον
1237 3940 1332 3998 τῆς
1359 3936 1695 4007 τελεωτέρας
1725 3938 1925 4007 τυγχά-

349 4047 464 4084 νειν
500 4029 686 4100 τιμῆς,
719 4027 817 4082 καὶ
863 4028 1054 4097 ἤθελον
1083 4030 1201 4090 ταῖς
1224 4027 1525 4093 ἀλογίστοις
1550 4030 1748 4097 ὁρμαῖς
1800 4031 1921 4083 ἐπι-

345 4123 573 4192 τεθῆναι
596 4120 851 4191 κώλυμα,
891 4122 988 4173 καὶ
1018 4115 1159 4190 ἦσαν
1190 4120 1482 4190 κανονικὴν
1524 4122 1923 4190 προσφέροντες
1956 4153 1967 4162 -

346 4214 592 4278 ἀξίωσιν,
622 4213 654 4281 ἡ
691 4210 937 4281 βασιλεία
995 4229 1118 4282 μου,
1160 4208 1257 4263 καὶ
1308 4212 1375 4280 τῇ
1406 4211 1665 4282 βασιλικῇ
1702 4213 1924 4285 ἐξουσίᾳ

347 4305 408 4354 τὸ
431 4301 583 4373 παρὰ
620 4303 728 4354 τῶν
760 4302 918 4354 θείων
968 4304 1212 4355 κανόνων
1258 4302 1541 4372 δεδομένον
1575 4303 1749 4374 ταύτῃ
1783 4321 1922 4375 προ-

347 4392 536 4461 νόμιον
567 4392 915 4464 παρορᾶσθαι
950 4394 1027 4462 μὴ
1058 4393 1312 4457 θέλουσα,
1371 4394 1464 4446 καὶ
1518 4393 1616 4457 τὰς
1661 4395 1755 4447 ἐπὶ
1784 4412 1920 4468 προ-

2029 3306 2216 3351 rursus
2242 3304 2459 3359 quoque
2501 3290 2795 3351 antistites,
2822 3288 3079 3342 Chalced.
3117 3287 3306 3351 synodi
3336 3304 3602 3343 cauonem

2027 3382 2380 3443 adducentes,
2412 3396 2507 3435 eos
2535 3382 2627 3449 qui
2662 3396 2727 3436 ex
2763 3382 3152 3448 suppliCaIione
3182 3381 3377 3435 altiore
3408 3381 3605 3455 throno

2026 3475 2171 3548 digni
2218 3473 2386 3531 habiti
2432 3484 2577 3538 sunt,
2618 3474 2905 3537 dicebant,
2941 3484 3136 3543 praeter
3165 3485 3405 3527 canones
3434 3471 3606 3527 bono.

2026 3580 2140 3635 rem
2193 3564 2564 3634 perfectiorem
2622 3566 2903 3633 consequi,
2961 3573 3016 3618 et
3075 3565 3305 3621 rati0nis
3349 3574 3605 3631 expertes

2026 3672 2210 3711 eorum
2245 3642 2605 3729 appetitioues
2635 3657 2875 3713 coerceri
2905 3655 3159 3713 volebant
3189 3667 3244 3708 et
3281 3656 3598 3711 canonicam

2026 3747 2405 3803 auctoritatem
2442 3747 2781 3811 all'erebant;
2816 3750 3103 3819 imperium
3137 3765 3315 3805 meum
3347 3758 3402 3805 et
3430 3747 3603 3817 impe-

2027 3840 2144 3894 riali
2191 3856 2284 3894 sua
2334 3850 2633 3908 potestate,
2678 3826 2825 3910 quod
2880 3857 2911 3899 tl
2961 3841 3159 3898 divinis
3201 3842 3501 3896 canentibus
3548 3841 3605 3898 et

2025 3931 2205 3985 datum
2235 3942 2318 3985 est
2341 3931 2701 3999 privilegium,
2742 3931 3004 3999 neglectui
3038 3933 3227 3989 haberi
3258 3948 3362 3986 non
3392 3934 3600 4003 sitiens,

2025 4038 2080 4084 et
2115 4030 2421 4085 antistitum
2468 4030 2536 4085 ob
2579 4030 2801 4087 honoris
2846 4031 3288 4098 provocationem
3333 4031 3603 4100 supplira-

2026 4121 2227 4184 tiones,
2260 4131 2319 4175 nt
2360 4137 2467 4177 non
2501 4122 2796 4176 canonicas
2834 4136 3006 4187 neque
3037 4121 3325 4190 legitimas,
3358 4123 3600 4189 appella-

2027 4210 2191 4264 tionis
2218 4211 2478 4267 'eveotutn
2519 4206 2783 4278 accipere
2833 4211 3021 4273 nolens
3065 4211 3275 4279 statuit,
3311 4213 3598 4280 episcopa-

2025 4309 2137 4354 tum
2168 4302 2459 4357 nonaliter
2486 4301 2537 4355 in
2573 4301 2941 4357 sublimiorem
2981 4301 3231 4357 thronum
3255 4304 3598 4371 erigendum,

2023 4390 2522 4459 archiepiscopatus
2577 4392 2789 4446 scilicet
2839 4390 2923 4447 vel
2966 4392 3303 4460 metropolis,
3343 4409 3501 4461 quam
3551 4398 3599 4448 si

347 4489 543 4559 κλήσει
575 4489 746 4560 τιμῆς
813 4489 1204 4557 προσελεύσεις
1252 4489 1360 4543 τῶν
1408 4489 1714 4559 ἀρχιερέων
1742 4489 1817 4554 ὡς
1842 4487 1917 4561 μὴ

2031 4481 2116 4548 qui
2143 4488 2271 4535 tunc
2291 4492 2375 4535 est
2404 4482 2697 4550 imperator
2720 4481 2941 4551 proprio
2968 4492 3114 4535 metu
3142 4480 3428 4549 impulsus,
3456 4483 3599 4536 nulla

347 4581 663 4647 κανονικὰς,
726 4581 850 4650 μηδ’
900 4580 1130 4650 ἔννομον
1188 4581 1249 4636 τὸ
1272 4585 1371 4653 τῆς
1429 4583 1669 4650 ἐφέσεως
1722 4584 1921 4636 ἀποτέο

344 4674 527 4742 λεσμα
581 4674 656 4743 μὴ
714 4673 1017 4743 λαμΰάνειν
1052 4674 1337 4738 ἐθέλουσα,
1369 4674 1582 4729 εὐδοκεῖ
1629 4676 1706 4746 μὴ
1747 4676 1922 4735 ἄλλως

344 4766 653 4835 ἐπισκοπὴν
683 4765 764 4827 είς
796 4764 1289 4835 προὸαθμιώτερον
1348 4763 1540 4835 θρόνον
1591 4767 1919 4835 ἀνάγεσθαι,

346 4858 795 4931 ἁρχιεπισκοπῆς
839 4855 1083 4925 δηλονότι
1127 4856 1161 4925 ἢ
1216 4858 1633 4925 μητροπόλεως,
1686 4860 1735 4912 εί
1789 4861 1864 4930 μὴ
1892 4862 1921 4913 ό

346 4952 493 5003 κατὰ
538 4948 769 5019 καιροὺς
819 4944 1074 5016 βασιλεὺς
1125 4944 1340 4998 οῐκοθεν
1364 4946 1654 5017 ὁρμηθεὶς,
1689 4947 1913 5016 χάριτος

344 5041 699 5113 ἀνθρωπίνης
727 5038 802 5109 μὴ
831 5036 1239 5108 μεσολαϐούσης
1271 5037 1373 5089 οὐκ
1424 5038 1760 5108 εὐπρεποῦς,
1794 5040 1919 5109 βου-

345 5132 541 5203 ληθείη
571 5131 745 5204 ταύτῃ
772 5134 835 5183 τὸ
870 5114 1303 5198 ’ἐπαναϐεϐηκὸς
1333 5128 1550 5199 ἀξίωμα
1578 5134 1914 5201 παρασχεῖν,

342 5227 542 5297 ἢτιμῇ
579 5223 680 5291 τῆς
735 5221 1028 5291 πόλεως,ἣ
1078 5220 1258 5273 πίστει
1282 5222 1347 5290 τῇ
1412 5221 1547 5290 πρὸς
1597 5223 1696 5292 τὴν
1740 5225 1915 5294 ἐναγῆ

357 5313 781 5383 Ἐκκλησίαν,ἢ
843 5313 937 5365 τοῦ
1001 5310 1341 5382 προεστῶτος
1395 5312 1564 5381 αὐτῆς
1587 5315 1687 5383 τὴν
1715 5316 1916 5383 ἀρετὴν

346 5406 659 5471 σεϐασθεὶς,
712 5403 1005 5456 κάντεῦθεν
1028 5402 1373 5472 αὐθόρμητος
1401 5402 1641 5470 γεγονὼς
1673 5404 1807 5474 πρὸς
1850 5406 1911 5458 τὸ

340 5499 677 5571 χαρίσασθαι
704 5498 803 5568 τὴν
854 5498 1041 5567 τιμήν.
1097 5498 1202 5549 Καὶ
1230 5495 1394 5566 τῷγε
1446 5496 1513 5549 δι’
1569 5498 1914 5571 ἀνθρωπίνην

350 5591 735 5663 προσπάθειαν
765 5588 855 5641 καὶ
881 5590 1082 5658 τρόπον
1113 5590 1211 5643 οὐκ
1244 5587 1640 5658 ἐπαινούμενον
1664 5591 1723 5641 τὸ
1742 5590 1912 5662 ὑπερ-

345 5683 582 5749 ϐεϐηκὸς
613 5678 962 5751 χαριζομένῳ
1010 5682 1107 5748 τῆς
1153 5680 1361 5744 τάξεως
1392 5679 1451 5731 τὸ
1481 5680 1591 5732 ἀπὸ
1612 5680 1719 5732 τῶν
1754 5681 1910 5734 θείων

342 5794 422 5829 κα
454 5776 588 5827 όνων
615 5774 730 5835 δέος
760 5770 1187 5825 ἐπανατείνεται.
1225 5768 1319 5834 Οἷς
1354 5772 1439 5825 ἵνα
1491 5773 1564 5843 μὴ
1636 5775 1910 5845 περιπέσῃ

2028 4570 2261 4627 humana
2282 4571 2534 4626 indecore
2554 4572 2735 4642 gratia.
2752 4571 3144 4636 intercedente,
3170 4572 3401 4629 voluerit
3426 4574 3596 4640 illam,

2027 4696 2146 4750 qute
2172 4683 2419 4751 superior
2448 4693 2533 4737 est
2573 4699 2636 4739 ac
2666 4687 3008 4751 etninentior,
3039 4686 3356 4758 dignitatem
3384 4692 3432 4745 ei
3466 4711 3601 4759 prm-

2029 4773 2176 4835 here,
2230 4775 2315 4829 vel
2368 4786 2588 4843 propter
2627 4778 2861 4833 civitatis
2907 4781 3205 4847 honorem,
3254 4784 3336 4838 vel
3381 4798 3600 4855 propter

2025 4864 2144 4931 ejus
2177 4863 2335 4923 iidem
2364 4866 2415 4919 in
2456 4876 2700 4929 sanctam
2732 4869 3049 4938 Ecclesiae,
3090 4877 3177 4930 vel
3212 4876 3353 4947 ejus,
3394 4880 3483 4947 qui
3522 4881 3596 4934 illi

2024 4965 2238 5023 prmest,
2285 4957 2538 5013 virtutem
2594 4959 2892 5028 houorans,
2942 4974 2996 5019 et
3045 4982 3109 5020 ex
3146 4980 3212 5021 eo
3261 4984 3355 5023 sua
3406 4976 3599 5038 Sponte

2026 5046 2285 5100 incitatus
2330 5048 2394 5101 ad
2445 5049 2775 5117 largiendum
2822 5052 3102 5110 honorem.
3141 5060 3218 5112 Ac
3260 5060 3309 5112 ei
3348 5062 3592 5129 quidem,

2019 5137 2108 5205 qui
2157 5151 2375 5207 propter
2407 5142 2689 5196 humanam
2734 5142 3097 5215 affectionem,
3139 5157 3193 5202 et
3234 5164 3417 5203 mores
3470 5168 3577 5204 non

2020 5228 2296 5296 laudatos,
2354 5234 2599 5287 ordinem
2656 5234 2947 5291 sublimem
3001 5236 3226 5307 largitur
3270 5240 3579 5295 divinorum

2019 5336 2292 5374 canonum
2334 5332 2505 5377 metus
2538 5326 2856 5380 intentatur.
2893 5327 2955 5381 In
2984 5346 3122 5396 quos
3154 5346 3219 5385 ne
3260 5348 3400 5401 saepe
3430 5334 3595 5402 impe-

2024 5420 2174 5463 rator
2218 5412 2496 5483 impingat,
2551 5418 2813 5483 permittit
2857 5428 2911 5472 et
2955 5422 3317 5484 sanctissimo,
3353 5424 3443 5493 qui
3495 5440 3591 5493 pro

2022 5512 2260 5569 tempore
2282 5513 2383 5567 est,
2412 5506 2754 5575 patriarchae,
2787 5509 3068 5563 nonaliter
3096 5524 3128 5564 a
3151 5514 3341 5579 quovis
3365 5514 3585 5568 allatam

2015 5593 2081 5648 de
2124 5595 2494 5663 cujuscunque
2534 5600 2778 5653 ecclesia:
2822 5602 3056 5667 primatu
3102 5602 3344 5656 chartam
3393 5606 3589 5659 contir-

2015 5698 2183 5746 mare,
2230 5699 2331 5746 nec
2368 5686 2486 5753 ejus
2526 5688 2811 5753 praesulum
2849 5687 2989 5742 inter
3036 5690 3468 5759 archiepiscopus
3502 5697 3587 5748 vel

2015 5785 2203 5843 metro,
2228 5780 2461 5832 otitanos
2497 5779 2757 5847 recipere,
2802 5794 2965 5847 quam
2997 5791 3282 5849 postquam
3330 5782 3396 5839 de
3435 5800 3496 5840 ea
3527 5802 3585 5842 ro
