4074 6390
449 335 557 401 64⁸1
604 404 605 417 γ

1687 334 1964 395 THEOD.
2007 331 2413 393 BALSAMON

3589 320 3695 387 6’18

449 457 515 507 ad
563 452 897 522 imperialcm
942 459 1262 522 potestatem
1311 451 1617 521 patriarcha
1657 452 1925 513 retulerit,
1964 459 2017 503 et

2131 446 2386 508 πολλάκις
2408 448 2435 498 6
2471 443 2745 511 βασιλεὺς,
2779 445 2965 514 ἐφίησι
2990 446 3082 499 καὶ
3107 444 3264 499 τοῦτο
3291 444 3369 515 τῷ
3399 444 3541 499 κατὰ
3569 462 3697 497 xcu-

450 548 580 611 quid
616 547 788 600 sacris
825 556 1038 599 cautum
1076 546 1147 599 sit
1192 546 1497 600 eanonibus
1542 544 1804 607 docuerit,
1841 552 1896 597 et
1935 545 2017 595 in-

452 638 748 707 tellexerit,
782 638 924 706 quod
962 638 1280 705 imperator,
1316 638 1532 707 proprio
1580 648 1747 700 motu,
1775 638 1920 705 justa
1950 634 2019 689 de

452 700 611 781 (τηιιεει
664 730 907 784 ecclesia:
960 731 1101 782 hunc
1150 730 1410 783 honorem
1454 728 1679 797 largitus
1710 741 1814 782 est.
1865 727 2019 781 Tunc

450 825 593 874 enim
632 832 683 874 et
714 837 833 874 eam
866 822 1137 880 admittet.
1164 832 1219 873 et
1246 821 1299 873 in
1332 836 1518 873 eorum
1552 820 1641 888 qui
1673 823 1771 872 sub
1804 834 1861 873 se
1895 825 2021 871 sunt

452 910 753 964 antistitum
793 926 1076 963 numerum
1110 910 1260 965 illum
1292 910 1591 978 cooptabit,
1622 911 1710 976 qui
1749 918 2017 977 prmstau-

404 1049 420 1067 ,
454 1003 642 1053 tioretn
670 1002 930 1053 honorent
955 1001 1021 1054 ab
1050 1000 1179 1069 imp.
1207 1001 1430 1054 sortitus
1455 1009 1556 1055 est.
1589 999 1720 1053 Nota
1748 1014 1877 1069 ergo
1903 1014 2021 1067 quae

452 1107 479 1143 a
509 1092 759 1159 pra-senti
794 1093 919 1161 imp.
952 1093 1132 1146 edicto
1163 1092 1441 1155 dicuntur,
1475 1092 1541 1146 de
1575 1078 1818 1145 ecclesiis
1854 1091 2022 1144 hono-

454 1184 586 1254 ratis
617 1184 923 1252 erectisque
958 1200 1025 1237 ex
1059 1184 1460 1254 episcopalibus
1492 1192 1547 1238 et
1589 1184 2025 1254 archiepiscopa-

454 1251 596 1331 ti'bus
622 1274 675 1328 in
706 1277 1049 1344 metropnles.
2012 1280 2013 1283 “

2126 540 2251 609 pob;
2285 537 2571 605 ἁγιωτάτῳ
2605 536 2947 607 πατριάρχη,
3009 539 3084 606 μὴ
3117 538 3291 599 ἄλλως
3350 553 3700 606 καταστρων-

2123 634 2274 684 νύειν
2304 632 2365 682 τὸ
2394 631 2524 698 παρ’
2546 629 2877 697 οίουδήτινος
2906 629 3382 698 προκομιζόμενον
3407 630 3697 681 πιττάκιον

2130 725 2292 790 χάριν
2328 719 2621 790 προεδρίας
2645 721 2749 789 τῆς
2799 720 3016 773 οἶασοῦν
3065 721 3384 790 ἐκκλησίας,
3418 721 3553 791 μηδὲ
3604 721 3699 773 τὸν

2128 811 2450 880 προεστῶτα
2485 810 2663 879 αὐτῆς
2701 814 2815 874 τοῖς
2875 812 3387 882 ἀρχιεπισκόποιςή
3440 816 3554 874 τοῖς
3587 830 3698 881 μη-

2125 902 2476 973 τροπολίταις
2504 903 3035 971 συγκαταλέγεσθαι,
3087 905 3135 955 εί
3172 905 3244 973 μὴ
3270 905 3297 955 ὁ
3324 904 3697 972 πατριάρχης,

2127 997 2256 1066 περὶ
2279 994 2473 1048 τούτου
2501 994 2814 1063 ἀνενεγκὼν
2841 998 2904 1065 τῇ
2944 995 3198 1065 βασιλικῇ
3238 994 3479 1065 ἐξουσία,
3512 994 3609 1047 καὶ
3628 995 3698 1046 τά

2128 1089 2256 1153 περὶ
2286 1086 2394 1140 τῶν
2422 1086 2584 1140 θεέων
2610 1087 2850 1139 κανόνων
2869 1087 3214 1153 ἀναδιδάξας,
3252 1086 3412 1154 μάθοι
3446 1086 3528 1148 ὡς
3556 1088 3699 1138 κατὰ

2128 1178 2189 1233 τὸ
2247 1181 2536 1247 ἐφειμένον
2593 1179 2807 1233 οἴκοθεν
2834 1180 2863 1232 6
2906 1180 3162 1248 βασιλεὺς
3193 1180 3253 1245 ἐξ
3283 1179 3507 1246 εὐλόγου
3562 1194 3700 1246 προ-

2127 1274 2347 1339 φάσεως
2391 1275 2462 1344 τῇ
2503 1273 2805 1345 Ἐκκλησία
2852 1274 2952 1344 τὴν
2998 1274 3164 1345 τιμὴν
3224 1275 3534 1343 ἐχαρίσατο.
3566 1273 3701 1323 Τότε

453 1367 562 1438 γὰρ
612 1369 706 1421 καὶ
761 1368 1109 1437 προσδέξεται
1159 1369 1337 1434 τοῦτο,
1368 1371 1462 1423 καὶ
1491 1372 1555 1439 τῇ
1608 1369 1717 1422 τῶν
1781 1368 1875 1421 ὑπ’
1924 1366 2086 1421 αὐτὸν
2134 1367 2441 1438 ἀρχιερέων
2491 1369 2765 1441 όμηγύρει
2808 1369 3199 1438 συγκαταλέξει
3229 1370 3321 1422 τὸν
3350 1368 3604 1440 εἰληχότα
3632 1370 3701 1421 ἐκ

462 1460 728 1528 βασιλέως
747 1462 845 1529 τὴν
875 1462 1109 1531 κρείττω
1133 1464 1321 1531 τιμήν.
1347 1450 1659 1531 Σημείωσαι
1686 1459 1780 1516 οὖν
1800 1464 1869 1516 τὰ
1919 1460 2013 1514 τοῦ
2053 1460 2325 1529 παρόντος
2357 1462 2641 1533 βασιλικοῦ
2695 1462 3081 1533 σημειώματος
3147 1464 3289 1533 ῥητά
3372 1462 3533 1533 χάριν
3587 1463 3701 1516 τῶν

451 1550 1266 1621 τιμωμένωνέκκλησιῶνοάπὸ
1327 1554 1641 1606 ἐπισκοπῶν
1689 1556 1785 1607 καὶ
1835 1550 2285 1623 ἁρχιεπισκοπῶν
2346 1554 2427 1616 είς
2490 1554 2874 1625 μητροπόλεις.

524 1644 775 1697 ZONAR.
821 1644 1087 1698 Renovari
1124 1646 1312 1707 ttrbes,
1352 1646 1454 1700 hoc
1496 1658 1578 1701 est
1607 1648 1854 1713 excitari,
1902 1662 2021 1717 qua!

2210 1648 2456 1700 ΖΩΝΑΡ.
2489 1648 2805 1717 Καινίζουσι
2832 1647 3013 1709 πόλεις
3047 1648 3095 1700 oi
3130 1645 3391 1715 βασιλεῖς,
3424 1648 3543 1701 ἀντὶ
3578 1648 3697 1702 τοῦ,

453 1737 614 1791 nulla:
644 1739 879 1799 fuerant,
903 1736 969 1788 ab
998 1736 1409 1806 imperatoribus
1449 1754 1804 1802 consuevere,
1828 1742 2020 1810 quibus

2131 1738 2250 1799 νέας
2281 1740 2647 1808 άνεγείρουσι,
2708 1742 2805 1792 καὶ
2855 1739 3058 1792 διδόασι
3118 1740 3346 1801 ταύταις
3401 1741 3701 1810 προνόμιον

452 1837 644 1879 caetera
681 1828 893 1879 urbium
942 1828 1253 1895 privilegia,
1302 1840 1393 1882 aut
1429 1832 1769 1900 episcopatus
1809 1847 2023 1903 quoque

454 1918 736 1982 honorem,
765 1929 859 1973 aut
885 1922 1047 1973 etiam
1078 1921 1477 1990 metropolitani
1505 1921 1644 1976 lorte
1675 1924 1811 1977 tituli
1833 1925 2022 1994 digna-

453 2010 672 2068 tionem,
720 2010 910 2064 edictis
958 2013 1328 2079 prOmtllgniis,
1372 2028 1509 2081 quos
1565 2016 1729 2068 etiam
1784 2017 2024 2082 publicos

453 2108 631 2167 typos,
675 2103 1038 2169 pragtnaticos
1081 2104 1244 2169 alibi,
1288 2116 1344 2158 et
1384 2108 1760 2174 imperatorias
1814 2109 2023 2163 litteras

451 2180 1007 2265 vocaverefdilargiri
1058 2197 1203 2251 soliti
1258 2209 1407 2254 sunt.
1464 2199 1817 2267 Pragmaticis
1860 2203 2022 2283 igitur

455 2283 763 2350 ltujusntodi
818 2289 896 2339 vel
949 2289 1179 2355 publicis
1226 2293 1366 2359 typis
1414 2292 1773 2347 ecclesiastici
1808 2311 2024 2364 quoque

451 2375 1077 2445 ordinisdispositionem
1096 2384 1607 2436 accommodandam
1626 2387 1811 2438 suadet
1825 2403 2021 2451 (ration,

404 2484 407 2491 ·
452 2474 512 2515 ιιι
544 2465 657 2517 sive
685 2458 1024 2534 episcopaius
1061 2471 1477 2538 appellationem
1528 2490 1660 2527 nova
1697 2479 1824 2529 urbs
1856 2478 2024 2530 habu-

402 2622 409 2631 Ι
455 2557 582 2619 erit,
618 2575 709 2611 seu
742 2563 805 2612 ad
842 2565 1237 2630 metropolitani
1302 2564 1501 2635 fastigii
1549 2568 1803 2622 honorem
1839 2582 2023 2624 evecta

400 2632 401 2635 ¹
455 2649 552 2711 sit,
596 2652 780 2703 codem
808 2665 1028 2718 prorsus
1071 2653 1560 2711 ecclesiasticorum
1603 2660 1806 2727 jurium
1839 2663 2026 2717 ordine

456 2752 821 2795 t‘t't‘t'nseztlttr.

452 2827 679 2883 ARIST.
727 2848 745 2879 σ
786 2830 838 2884 Si
870 2848 988 2900 qu:e
1011 2832 1078 2886 de
1112 2849 1247 2888 novo
1277 2840 1344 2890 ab
1392 2837 1718 2906 imperatore
1752 2854 2023 2900 exstructa

531 2938 550 2970 ι
592 2930 677 2975 est
703 2911 911 2983 civitas.
940 2926 1018 2977 vel
1043 2939 1372 2993 exSIruetur,
1400 2931 1645 2999 politicos
1675 2934 2026 3006 publicosqne

530 3030 549 3062 ι
595 3022 749 3083 typos
787 3031 963 3079 rerum
994 3018 1155 3071 etiam
1198 3022 1690 3079 ecclesiasticarum
1719 3029 1852 3082 ordo
1889 3045 2024 3083 con-

529 3121 550 3154 ‹
586 3117 869 3174 sequatur.
908 3125 928 3159 ι

528 3194 658 3259 Quae
701 3199 769 3251 ab
809 3198 1135 3267 imperatore
1182 3204 1251 3259 de
1285 3221 1425 3260 novo
1449 3211 1751 3264 exstruitur
1793 3222 1885 3266 aut
1926 3229 2025 3268 ex-

454 3297 695 3342 struetur
741 3296 888 3357 urbs,
920 3294 1023 3347 sub
1070 3294 1186 3362 ejus
1219 3297 1456 3369 episcopi
1498 3303 1714 3359 dimcesi
1763 3308 1887 3374 erit,
1928 3311 2026 3365 sub

455 3394 563 3445 qua
610 3380 881 3449 descripta
932 3395 1035 3449 est,
1098 3397 1153 3440 et
1199 3390 1285 3442 cui
1336 3393 1621 3461 subjacere
1666 3397 1844 3465 jussa.
1877 3399 2027 3456 Licet

455 3469 599 3523 enim
632 3472 858 3526 alterius
896 3476 1136 3545 episcopi
1173 3484 1424 3563 percecim
1460 3485 1755 3551 proximior
1783 3490 1877 3553 sit,
1905 3505 2022 3545 eam

458 3572 636 3616 tamen
666 3563 769 3617 sibi
812 3580 919 3619 non
964 3566 1255 3624 vindicabit
1286 3573 1637 3640 qui‘Vicinior
1664 3587 1770 3642 est,
1818 3580 1915 3634 sed
1948 3584 2027 3637 ci-

460 3651 593 3707 viles
636 3664 690 3708 et
730 3655 972 3725 publicos
999 3669 1152 3729 typos
1179 3663 1339 3716 etiam
1374 3665 1495 3719 talis
1525 3667 1713 3723 civitas
1746 3684 2039 3741 sequetur,

457 3747 903 3812 quemadmodum
935 3760 988 3805 et
1018 3752 1074 3805 in
1100 3747 1561 3826 decimo'septimo
1587 3764 1776 3830 synodi
1801 3762 2025 3823 Chalce-

454 3834 713 3893 donensis
739 3852 945 3896 canone
969 3842 1246 3898 decretum
1279 3856 1383 3901 est.

1000 3931 1227 3987 CANON
1268 3933 1513 3993 XXXIX.

428 4032 436 4040 ·
464 4031 483 4065 ι
521 4011 654 4069 Cum
689 4017 856 4073 frater
874 4029 928 4074 et
949 4023 1322 4079 comminister
1349 4038 1537 4083 noster
1558 4028 1810 4100 Joannes,
1842 4034 2027 4093 insula:

535 4126 555 4160 ι
595 4109 755 4180 Cypri
788 4112 1003 4182 praesul,
1036 4130 1143 4169 una
1182 4132 1303 4172 cum
1349 4135 1449 4175 suo
1494 4124 1689 4192 populo
1732 4126 1782 4180 iu
1823 4129 2027 4184 Helles-

533 4220 552 4254 ι
592 4210 810 4271 pontica
854 4208 1173 4277 provincia,
1217 4220 1271 4265 et
1317 4222 1539 4286 propter
1589 4217 1902 4274 barbaricas
1945 4223 2028 4273 in-

536 4313 556 4346 c
595 4299 898 4364 cursiones,
939 4310 993 4354 et
1041 4311 1099 4354 ut
1137 4317 1166 4355 ιι
1214 4304 1492 4371 gentilium
1534 4308 1796 4362 servitute
1836 4310 2026 4364 libera-

533 4407 552 4438 ι
593 4400 822 4451 rentur,
879 4401 932 4445 et
982 4391 1457 4449 Christianissimus
1502 4400 1749 4464 potentiae
1801 4404 2025 4470 sceptris

534 4499 553 4530 ι
594 4495 727 4550 pure
750 4482 1168 4550 subjicerentur,
1203 4500 1231 4537 a
1278 4488 1530 4553 praedicta
1568 4489 1743 4544 insula
1786 4494 2020 4563 emigra-

528 4587 547 4618 ι
590 4571 803 4635 verint;
833 4570 1115 4627 clementis
1155 4574 1245 4628 Dei
1280 4577 1639 4643 providentia,
1677 4590 1732 4634 et
1765 4583 1838 4649 pii
1867 4586 2023 4638 Chri-

531 4679 549 4713 ι
589 4662 765 4731 stiquc
801 4665 1033 4718 amantis
1069 4665 1417 4734 imperatoris
1449 4672 1618 4725 uestri
1655 4673 1860 4741 labore,
1893 4691 2023 4731 con-

529 4774 547 4805 c
586 4755 881 4820 stituimus,
912 4758 1121 4812 utcitra
1142 4758 1305 4813 ullam
1327 4762 1721 4819 innovationem
1741 4781 2021 4826 serventur

527 4866 545 4898 ι
584 4863 701 4915 ηυδε
738 4863 769 4901 a
816 4849 1011 4904 divinis
1042 4850 1310 4917 Patribus,
1338 4856 1429 4924 qui
1460 4854 1656 4925 Ephesi
1690 4859 1850 4931 203
1884 4864 2019 4941 ‘olim

533 4959 549 4988 ι
587 4951 979 5005 convenerunt,
1035 4945 1275 5011 praedicti
1332 4947 1434 5001 viri
1494 4950 1686 5003 throno
1738 4954 2017 5023 privilegia

538 5048 557 5079 ‹
597 5044 850 5085 concessa
899 5042 1068 5100 sunt;
1104 5045 1163 5088 ut
1206 5052 1345 5091 nova
1391 5039 1837 5112 Justiniauopolis
1876 5044 2021 5105 Con-

533 5140 551 5172 ι
591 5124 970 5193 stantinopolis
1000 5125 1089 5195 jus
1131 5128 1346 5196 habeat,
1377 5140 1452 5196 et,
1486 5134 1575 5200 qui
1618 5135 1669 5188 in
1709 5150 1769 5188 ea
1816 5138 2020 5191 consti-
2088 5181 2097 5191 .

537 5233 555 5265 ι
597 5218 781 5281 tuitur,
834 5219 885 5270 in
934 5219 1123 5288 primis
1165 5222 1285 5290 pius
1330 5239 1394 5279 ac
1426 5225 1865 5295 religiosissimus
1908 5234 2023 5299 epi-

535 5326 553 5357 ι
593 5321 814 5376 scopus,
850 5311 1029 5378 praesit
1078 5313 1330 5369 omnibus
1375 5313 1862 5383 Hellespontiorum
1899 5337 2023 5391 pro-

2048 3100 2096 3161 C

2124 1830 2422 1897 πολιτικὸν,
2453 1831 2483 1901 ἢ
2521 1833 2616 1884 καὶ
2638 1832 2873 1901 τιμῶσιν
2929 1834 3097 1895 αὑτάς
3133 1835 3212 1895 είς
3268 1836 3596 1898 ὲπισκοπὰς,
3667 1837 3697 1906 ἢ

2121 1924 2216 1975 καὶ
2253 1922 2617 1993 μητροπόλεις
2660 1926 2821 1993 τυχὸν
2872 1926 2960 1978 διὰ
3020 1924 3460 1994 προσταγμάτων
3490 1928 3699 1995 ἐγγρά-

2130 2030 2270 2079 φων,
2299 2013 2334 2067 ἃ
2365 2015 2460 2066 καὶ
2486 2014 2781 2083 δημοσίους
2810 2016 3014 2079 τύπους
3044 2017 3355 2086 ὠνόμασαν,
3375 2019 3610 2088 ἀλλαχοῦ
3641 2019 3701 2072 δὲ

2122 2108 2539 2176 πραγματικοίλς
2569 2108 2763 2170 αὐτοὺς
2783 2108 2955 2171 καλεῖ,
2975 2109 3065 2160 καὶ
3094 2108 3338 2177 βασίλεια
3367 2110 3701 2178 γράμματα.

2123 2198 2350 2262 Τούτοις
2407 2199 2500 2252 οὖν
2532 2203 2645 2263 τοῖς
2676 2206 3087 2271 πραγματικοῖς
3131 2203 3163 2272 ἢ
3202 2204 3482 2273 δημοσίοις
3502 2205 3702 2267 τύποις

2126 2291 2567 2358 παρακελεύεται
2591 2294 2619 2344 ό
2648 2297 2825 2345 κανὼν
2854 2295 3055 2360 καὶτὴν
3083 2293 3191 2346 τῶν
3219 2277 3703 2363 έκκλησιαστικῶν

2122 2381 2273 2444 τάξιν
2305 2384 2641 2439 ἀκολουθεῖν.
2691 2386 2782 2448 Ὠς
2817 2387 2927 2438 εἴτε
2959 2389 3265 2454 ἐπισκοπῆς
3320 2390 3444 2458 ἔσχε
3500 2392 3703 2460 κλῆσιν

2124 2475 2156 2542 ὴ
2185 2476 2348 2544 καινὴ
2374 2476 2547 2538 πόλις,
2582 2478 2692 2529 εἴτε
2720 2480 2800 2540 είς
2823 2480 3211 2549 μητροπόλεως
3269 2481 3477 2551 ἀνήχθη
3509 2486 3699 2554 τιμὴν,

2124 2565 2266 2619 οὕτω
2297 2570 2389 2620 καὶ
2449 2571 2600 2640 παρὰ
2646 2574 2709 2640 τῇ
2760 2572 2909 2636 τάξει
2944 2572 3053 2625 τῶν
3100 2572 3576 2643 ὲκκλησιαστικῶν
3612 2578 3700 2630 δι-

2125 2659 2301 2712 καίων
2324 2660 2803 2729 καταλογίζεσθαι.

2126 2843 2351 2895 ΛΡΙΣΤ.
2422 2861 2440 2893 ι
2484 2842 2553 2895 Εἴ
2572 2862 2654 2908 τις
2696 2847 2978 2916 ἐκαινίσθη
3029 2848 3183 2912 πόλις
3236 2850 3623 2933 ἐκκβασιλέως,
3662 2855 3697 2926 ἥ

2207 2953 2226 2985 ι
2273 2935 2602 3005 καινισθεὶη,
2635 2941 2749 2996 τοῖς
2778 2938 3080 3003 πολιτικοῖς
3136 2943 3231 2994 καὶ
3279 2944 3566 3012 δημοσίοις
3600 2948 3701 3000 τύ-

2206 3047 2225 3079 ι
2273 3045 2415 3093 ποις,
2449 3031 2606 3100 καὶὴ
2655 3031 2762 3081 τῶν
2825 3032 3294 3102 ἐκκλησιαστικῶν
3351 3040 3701 3108 πραγμάτων

2204 3139 2223 3171 ι
2268 3122 2421 3187 τάξις
2458 3123 2879 3178 ἀκολουθείτω.»

2206 3213 2272 3265 Ἥ
2317 3214 2463 3282 παρὰ
2509 3214 2771 3283 βασιλέως
2827 3220 3187 3282 καινισθεῖσα,
3221 3223 3252 3292 ἦ
3283 3226 3377 3277 καὶ
3410 3230 3692 3299 καινισθη-

2126 3308 2326 3375 σομένη
2384 3306 2556 3371 πόλις,
2601 3309 2705 3360 ὑπὸ
2760 3310 2859 3379 τὴν
2910 3313 3123 3380 ἐνορίαν
3154 3315 3362 3368 ἐκείνου
3409 3318 3561 3372 ἔσται
3594 3323 3691 3374 τοῦ

2124 3398 2450 3462 ἐπισκόπου,
2507 3399 2597 3465 ὑφ’
2630 3400 2696 3468 ἣν
2745 3402 3098 3474 ἐναπεγράερη
3129 3408 3221 3457 καὶ
3243 3407 3473 3478 ὑπετέθη
3499 3410 3695 3468 τελεῖν.

2126 3489 2247 3543 Κᾶν
2271 3493 2336 3560 τῇ
2368 3492 2632 3563 παροικίᾳ
2689 3493 2882 3561 ἐτέρου
2914 3496 3214 3550 ἐπισκόπου
3249 3501 3697 3571 μάλλονὲγγίςει,

2081 3607 2100 3639 ε
2127 3582 2226 3634 οὐκ
2254 3583 2537 3652 ἐκδικήσει
2583 3584 2752 3653 αὐτὴν
2783 3583 2957 3648 οὕτως
2982 3589 3008 3639 ὁ
3031 3591 3377 3657 γειτνιάζων,
3411 3594 3546 3648 ἀλλά
3579 3600 3697 3659 τοῖς

2127 3673 2420 3737 πολιτικοῖς
2456 3678 2549 3727 καὶ
2577 3676 2856 3746 δημοσίοις
2885 3679 3079 3742 τύποις
3116 3684 3546 3756 ἐπακολουθήσει
3601 3690 3699 3742 καὶ

2124 3765 2158 3834 ἡ
2188 3766 2411 3837 τοιαύτη
2467 3768 2639 3831 πόλις,
2670 3768 2852 3833 καθὼς
2878 3770 2935 3822 ἐν
2984 3771 3062 3842 τῷ
3114 3774 3563 3850 ἑπτακαιδεκάτῳ
3594 3798 3701 3834 κα-

2126 3857 2249 3911 νόνιν
2275 3859 2376 3929 τῆς
2421 3861 2480 3912 ἐν
2506 3861 2812 3933 Χαλκηδόνι
2840 3863 3056 3916 συνόδου
3086 3866 3339 3936 ὥρισται.

2716 3957 2955 4009 ΚΑΝΩΝ
3002 3960 3140 4012 ΛΘ’..

2133 4061 2151 4095 ι
2196 4044 2302 4097 Τοῦ
2347 4044 2578 4113 ἀδελφοῦ
2623 4048 2718 4100 καὶ⁹
2760 4048 3180 4120 συλλειτουργοῦ
3233 4057 3391 4126 ήμῶν
3436 4060 3698 4113 Ἰωάννου

2204 4152 2222 4185 ι
2264 4135 2358 4187 τοῦ
2390 4136 2490 4206 τῆς
2521 4137 2747 4205 Κύπρου
2785 4141 2947 4210 νήσου
2983 4144 3247 4215 προέδρου
3278 4147 3391 4218 ἅμα
3417 4150 3492 4215 τῷ
3516 4153 3699 4218 οἰκείῳ

2205 4244 2225 4277 ι
2271 4226 2386 4294 λαῷ
2410 4228 2503 4279 ἐπὶ
2538 4227 2634 4297 τὴν
2651 4226 3065 4300 Ἑλλησπόντιον
3101 4224 3485 4307 ὲπαρχίανμδιά
3517 4260 3575 4294 τε
3596 4245 3698 4307 τὰς

2204 4337 2222 4369 ι
2272 4318 2615 4388 βαρϐαρικὰς
2680 4322 2904 4389 ἐφόδους
2952 4323 3040 4378 διά
3086 4343 3147 4402 τε
3202 4328 3261 4378 τὸ
3312 4333 3411 4399 τῆς
3469 4333 3697 4402 ξεινικῆς³
3778 4366 3783 4377 .

2213 4430 2233 4463 ι
2272 4411 2702 4483 ἐλευθερωθῆναι
2730 4414 2994 4480 δουλείας,
3027 4392 3397 4489 καὶίκαθαρῶς
3419 4427 3530 4487 τοῖς
3560 4392 3699 4498 exii-'-

2204 4516 2225 4548 ‹
2272 4513 2463 4570 πτροις
2492 4500 2584 4553 τοῦ
2617 4501 3155 4571 Χριστιανικωτάτου
3200 4512 3435 4581 κράτους
3493 4517 3698 4570 ὑποτα-

2204 4607 2224 4639 ι
2270 4589 2473 4658 γῆναι,
2532 4592 2633 4659 τῆς
2681 4595 2983 4667 εἰρημένης
3050 4605 3483 4668 μεταναστάντος
3531 4612 3735 4677 νήσου’

2203 4702 2221 4734 ι
2271 4686 2500 4757 προνοίᾳ
2520 4690 2614 4739 τοῦ
2643 4689 3031 4760 φιλανθρώπου
3086 4694 3219 4746 Θεοῦ
3249 4699 3343 4749 καὶ
3396 4700 3579 4769 μόχθῳ
3603 4705 3697 4754 τοῦ

2202 4794 2222 4826 ι
2268 4776 2615 4846 φιλοχρίστου
2672 4781 2772 4833 καὶ
2842 4784 3099 4847 εὐσεϐοῦς
3161 4790 3320 4858 ἡμῶν
3378 4791 3644 4859 βασιλέως
3678 4836 3696 4859 ,
3738 4834 3757 4849 χ

2207 4884 2226 4915 ι
2277 4868 2613 4938 συνορῶμεν,
2669 4870 2811 4924 ὥστε
2863 4876 3267 4947 ἀκαινοτόμητα
3296 4880 3697 4953 διατηρηθῆναι

2204 4975 2222 5007 ι
2268 4961 2331 5011 τά
2364 4962 2513 5029 παρὰ
2548 4961 2656 5013 τῶν
2685 4963 2742 5015 ἐν
2783 4962 2995 5035 Ἐφέσῳ
3031 4966 3092 5019 τὸ
3114 4971 3378 5040 πρότερον
3409 4975 3696 5029 συνελθόν-

2209 5068 2228 5099 (
2271 5067 2379 5103 των
2411 5052 2689 5124 θεοφόρων
2718 5057 2975 5127 Πατέρων
2995 5060 3072 5128 τῷ
3123 5060 3295 5133 θρόνῳ
3338 5065 3433 5117 τοῦ
3492 5050 3696 5138 προγεέ

2205 5160 2223 5191 ‹
2272 5146 2591 5213 γραμμένου
2654 5147 2848 5219 ἀνδρὸς
2916 5152 3327 5223 παραηεθέντα
3380 5161 3691 5227 προνόμια,

2206 5252 2225 5284 ι
2274 5236 2370 5304 τὴν
2420 5236 2543 5288 νέαν
2601 5236 2741 5290 ὥστε
2804 5242 3342 5299 ἰουστινιανούπολιν
3376 5251 3435 5300 τὸ
3482 5250 3693 5302 δίκαιον

2211 5344 2227 5377 ι
2271 5327 2413 5397 ἔχειν
2470 5330 2569 5398 τῆς
2614 5332 3237 5400 Κωνσταντινουπόλεως
3283 5340 3392 5410 (21)
3418 5356 3433 5372 '
3476 5343 3693 5395 καὶτὸν

1646 5435 1845 5495 Guill.
1889 5438 2220 5521 Beveregii
2269 5451 2454 5503 notae.

532 5552 642 5623 (21)
679 5552 748 5625 Τὸ
808 5552 1042 5607 δίκαιον
1093 5554 1256 5623 ἔχειν
1307 5557 1419 5625 τῆς
1454 5561 2024 5618 Κωνσταντινουπό-

461 5622 634 5689 λεωςᾴ
693 5622 770 5675 lta
802 5626 1020 5690 quidem
1055 5622 1162 5679 non
1220 5622 1463 5680 modoin
1514 5645 1618 5685 ms.
1665 5645 1852 5687 nostro
1880 5634 2022 5687 Bod-

467 5695 669 5754 leiano,
700 5707 888 5745 verum
927 5695 1091 5767 etiam
1150 5695 1516 5767 iniplerisque
1570 5702 1692 5755 aliis
1737 5705 2020 5758 codicibus

474 5772 581 5815 tam
608 5776 742 5816 mss.
783 5776 944 5829 quam
979 5763 1263 5833 impressis
1300 5763 1517 5836 legitur.
1552 5769 1821 5827 Zunaram
1856 5778 2017 5829 etiam

2130 5569 2202 5621 ita
2245 5569 2443 5635 legisse
2476 5587 2539 5624 ex
2577 5574 2748 5641 ipsius
2776 5582 2969 5629 horttm
3013 5578 3302 5631 verborum
3353 5581 3686 5645 interpretu-

2130 5648 2276 5718 ξιριιιξ
2308 5650 2547 5718 constat.
2568 5648 2724 5718 ﬁed
2741 5646 2911 5718 codex
2952 5647 3417 5702 Amerbachianus
3469 5650 3597 5718 legit
3628 5652 3690 5701 τὸ

2128 5708 2332 5760 δίκαιον
2363 5711 2505 5778 ἔχειν
2533 5713 2629 5778 τῆς
2660 5714 2766 5764 τῶν
2806 5716 3257 5767 Κωνσταντινέων
3295 5708 3695 5787 πό).εως.ν(λοιι-

2132 5785 2514 5847 Stunttnopolis
2547 5793 2722 5835 autem
2750 5783 2840 5835 τοῦ
2877 5787 3284 5839 Κωνσταντίνου
3316 5783 3554 5857 quidem,
3595 5794 3692 5843 sed
