4074 6396
486 282 589 359 651

488 503 856 559 ementiuntur
882 501 1013 555 lines
1045 500 1362 554 orientales.

572 684 825 741 ZONAR.
853 683 1016 754 Cypri
1052 683 1341 751 episcopis,
1368 682 1489 749 ejus
1530 681 1721 734 insalte
1749 680 2059 749 episcOpnm

487 790 757 846 quemque
785 773 1125 827 rennntiandi
1176 773 1491 833 auctoritas.
1544 770 1851 825 divinormn
1892 772 2062 823 tertiae

487 869 678 940 synodi
708 866 927 919 Patrum
962 865 1183 917 decreto
1216 864 1518 929 adiudicata
1553 871 1656 925 est,
1690 862 2063 915 Antiochenus

487 962 629 1013 enim
664 957 902 1028 Cyprum
953 955 1051 1008 sub
1095 970 1153 1008 se
1185 954 1407 1014 habere,
1452 961 1507 1005 et
1556 952 1835 1020 episcopos
1863 949 2060 1002 ibiclem

488 1051 745 1105 ordinare
789 1056 1015 1099 conatus
1065 1055 1171 1098 est.
1224 1044 1645 1111 Prterogativam
1690 1043 1853 1109 igitur
1911 1054 2061 1091 suam

486 1140 651 1211 Cypri
698 1138 958 1211 Ecclesiis
990 1134 1294 1189 inviolalam
1332 1132 1552 1185 servare
1578 1131 1664 1184 hic
1687 1144 1860 1183 canon
1891 1127 2061 1194 jubet:

491 1208 1032 1296 tmvamque‘nrbem,
1065 1238 1184 1291 qu:e
1205 1219 1650 1289 Justinianopolis
1676 1219 1841 1283 dicta,
1872 1217 2062 1285 aequali

490 1336 610 1373 cum
643 1322 773 1372 urbe
818 1313 1408 1382 Constantinopolitana
1458 1310 1582 1379 jure
1629 1323 1751 1363 esse
1801 1309 2063 1361 decernit.

490 1413 555 1465 Et
585 1410 1033 1480 quemadmodum
1078 1403 1694 1471 Constantinopolitanze
1725 1400 1838 1454 sedi
1865 1400 2063 1452 Asiana

490 1500 793 1572 provincia,
822 1498 1064 1559 Pontica,
1099 1496 1471 1561 'l‘hracicaque
1521 1491 1797 1561 subjectae,
1834 1492 1912 1545 sic
1944 1490 2065 1543 llel-

487 1589 782 1661 lespontica
842 1584 1401 1652 Justittiatlopulilanm
1474 1581 1818 1649 adjudicata,
1887 1591 1941 1635 et
2012 1578 2065 1632 in

489 1685 798 1751 episcopum
825 1678 1157 1745 Cyzicenum
1189 1673 1486 1727 auctoritas
1519 1678 1664 1742 (nam
1708 1673 1822 1739 ipsa
1854 1685 2066 1740 quoque

1755 296 2032 359 THEOD.
2072 292 2471 357 BALSAMON

382 466 393 477 ,
487 410 702 482 quidem
753 418 858 474 est,
918 411 1006 476 qni
1057 408 1125 463 ab
1175 407 1364 479 Abydo
1422 406 1489 464 ad
1552 407 1838 463 Thraciam
1888 425 2058 482 usque

2167 410 2371 473 πόλεως
2405 410 2537 479 ἔχει.
2570 409 2679 463 Καὶ
2710 407 2973 479 ζητητέον
3005 410 3153 475 ὅπως
3173 411 3331 467 τοῦτο
3356 411 3588 482 γίνεται.
3621 417 3741 469 Ἐλ-

3626 304 3737 367 65‘2

2162 501 2465 572 λὴσποντος
2497 500 2680 570 μέντοι
2704 500 2821 552 ἐστὶ
2850 501 2919 555 τὰ
2947 502 3054 557 ἀπὸ
3078 504 3179 571 τῆς
3207 504 3433 558 Ἀϐύδου
3460 506 3555 559 καὶ
3578 507 3741 576 μέχρι

2164 594 2264 663 τῆς
2293 592 2515 664 Θρᾴκης
2548 594 3020 662 παρεκτεινόμενα
3054 595 3350 650 ἀνατολικὰ
3378 600 3522 668 ὅρια.

2236 685 2478 739 ΖΩΝΑΡ.
2546 686 2634 739 Ἐν
2680 689 2745 755 τῇ
2778 687 2939 755 τρίτῃ
2991 688 3195 757 συνόδῳ
3230 688 3528 757 ἐψήφισται
3588 693 3744 760 παρὰ

2162 776 2272 829 τῶν
2303 777 2399 845 τῆς
2433 777 2649 829 συνόδου
2678 778 2891 845 ἐκείνης
2928 776 3089 832 θείων
3130 778 3387 849 Πατέρων
3431 782 3570 844 -τοὺς
3627 784 3745 835 Κυ-

2169 870 2370 938 πρίους
2409 871 2740 933 ἐπισκόπους
2787 871 2855 923 δι’
2894 873 3101 925 ἑαυτῶν
3134 872 3233 935 τὰς
3262 873 3597 943 χειροτονίας
3633 873 3746 926 τῶν

2165 962 2484 1013 ἐπισκόπων
2506 965 2700 1016 ποιεῖν.
2739 963 3026 1033 Ἐπειρᾶτο
3051 965 3160 1034 γὰρ
3184 967 3210 1017 ό
3248 965 3579 1035 Ἀντιοχείας
3619 966 3745 1019 τότε

2167 1048 2256 1117 ὑφ’
2291 1049 2482 1127 ἐαυτὸν
2514 1053 2604 1103 καὶ
2645 1051 2741 1122 τὴν
2776 1052 3003 1123 Κύπρον
3032 1054 3196 1127 ἔχειν,
3240 1055 3333 1106 καὶ
3373 1055 3743 1124 παρ’ἐκείνου

2165 1120 2592 1211 χειροτονεῖσθαι
2626 1144 2751 1204 τοὺς
2784 1142 2842 1194 ἐν
2873 1144 3022 1215 αὐτῷ
3055 1146 3390 1209 ἐπισκόπους
3419 1162 3434 1177 ·
3469 1146 3625 1207 τοῦτο
3649 1149 3745 1201 οὖν

2170 1231 2464 1300 προνόμιον
2494 1234 2589 1285 καὶ
2612 1234 2640 1285 ὁ
2668 1234 2850 1287 κανὼν
2879 1228 3036 1293 οὗτος
3065 1237 3496 1307 ἀκαινοτόμητον
3524 1244 3747 1310 προσεί-

2168 1339 2256 1374 ναι
2297 1322 2595 1392 ψηφίζεται
2628 1326 2749 1387 ταῖς
2781 1326 3104 1397 ἐκκλησίαις
3137 1332 3259 1392 ταῖς
3300 1332 3460 1401 ἐν.τῇ
3503 1333 3744 1402 Κύπρῳ,

2170 1414 2264 1466 καὶ
2290 1414 2621 1484 προστίθησι
2642 1418 2708 1486 τῇ
2732 1418 2829 1487 νέᾳ
2855 1419 3026 1481 πόλει,
3050 1420 3171 1489 ἥτις
3207 1421 3748 1485 ῗΙουστινιανούπολις

2170 1502 2473 1572 ἐπεκλήθη,
2492 1504 2552 1556 τὸ
2585 1505 2685 1573 τῆς
2715 1507 3338 1573 Κωνσταντινουπόλεως
3366 1510 3595 1564 δίκαιον.
3634 1513 3748 1565 Καὶ

2169 1590 2361 1663 ὥσπερ
2395 1594 2472 1664 τῷ
2505 1594 2679 1667 θρόνῳ
2721 1597 2823 1665 τῆς
2869 1599 3499 1665 Κωνσταντινουπόλεως
3545 1603 3748 1656 ὑποτέ-

2170 1682 2341 1737 θειται
2370 1686 2403 1755 ἤ
2435 1702 2495 1737 τε
2541 1688 2786 1757 Ἀσιανὴ,
2812 1689 2904 1741 καὶ
2942 1691 2973 1760 ή
3010 1691 3268 1760 Ποντικὴ,
3306 1693 3401 1745 καὶ
3439 1695 3471 1761 ή
3494 1693 3751 1766 Θρᾳκικὴ

486 1774 715 1845 Cyzicus
746 1773 798 1825 in
834 1770 1178 1838 Hellesponto
1207 1766 1308 1835 est)
1337 1764 1689 1855 ejttsdettiqtie
1723 1762 2059 1856 renuntiandi

2170 1775 2430 1845 ἐπαρχία,
2465 1778 2607 1831 σ’ύτω
2652 1780 2745 1831 καὶ
2784 1779 2959 1851 τούτῳ
2982 1782 3193 1836 δέδοται
3240 1762 3590 1856 προεδρεύειν
3644 1762 3750 1856 τῆς

488 1834 714 1916 lat-cultas
741 1834 1030 1929 permissa.
1064 1859 1180 1911 Hoc
1206 1866 1399 1909 autem
1418 1834 1496 1907 'de
1542 1854 1738 1924 Cyzico
1784 1852 2059 1906 decretum

489 1967 666 2010 utrmn
696 1970 929 2023 unquam
975 1956 1026 2006 in
1082 1965 1180 2005 usu
1231 1948 1354 2011 fuit,
1392 1946 1531 2002 haud
1585 1944 1741 1998 facile
1787 1944 2059 2008 dixerim;

488 2060 631 2101 nunc
683 2026 902 2115 quidem
950 2044 1053 2097 hoc
1112 2043 1426 2102 decretum,
1487 2034 1629 2107 quod
1687 2035 1752 2087 ad
1810 2032 2062 2104 Cyziceni

486 2138 803 2193 electionem
842 2137 1059 2201 attinet,
1114 2132 1310 2204 negligi
1360 2140 1596 2186 constat.
1634 2123 1742 2182 Sed
1790 2142 1963 2196 neque
2010 2126 2062 2179 in

487 2229 819 2299 Hellesponti
871 2226 1117 2297 regiones
1168 2227 1440 2293 urbesque
1505 2222 1611 2277 ulla
1666 2221 1769 2277 hoc
1820 2231 2065 2288 tempore

485 2322 648 2393 Cypri
672 2323 926 2392 episcopo
951 2330 1035 2374 est
1066 2329 1326 2390 potestas.

489 2605 710 2661 ANST.
758 2624 777 2657 ι
824 2602 969 2660 Nova
1017 2600 1470 2670 Justinianopolis
1519 2600 2067 2672 Constantinopoleos

566 2717 586 2750 ι
619 2699 709 2768 jus
755 2698 1017 2762 obtineat,
1059 2697 1284 2765 ejusque
1335 2692 1530 2764 prtesul
1561 2693 1813 2748 omnibus
1862 2693 2066 2773 Helles;

569 2806 589 2842 ι
632 2790 940 2857 pontiornm
992 2789 1283 2856 episc0pis,
1330 2786 1397 2839 ad
1424 2800 1559 2856 quos
1590 2784 1893 2855 emigravit,
1930 2800 2069 2854 prte-

566 2896 586 2929 ι
616 2878 720 2942 sit,
746 2888 801 2931 et
850 2890 879 2929 a
928 2876 1043 2931 suis
1088 2877 1353 2945 episeOpis
1392 2877 1714 2933 ordinetur:
1749 2885 1824 2930 utt
1872 2874 2065 2933 Patres

566 2986 586 3020 ι
625 2967 880 3038 Ephesini
908 2969 1292 3024 decreverunt.
1325 2986 1346 3019 ι

558 3148 658 3205 Hic
702 3150 793 3219 qui
836 3148 1159 3220 Cypriorum
1216 3148 1542 3220 praesidebat
1592 3150 1780 3204 insulae
1829 3147 2068 3205 Joannes

488 3240 625 3311 (liazc
659 3256 889 3310 namque
931 3249 1017 3294 est
1066 3249 1122 3295 et
1165 3256 1303 3294 nova
1335 3239 1803 3312 Justinianopolis)
1843 3254 2067 3311 propter

489 3332 854 3386 Barbarorum
888 3330 1248 3393 incursiones,
1296 3339 1346 3383 et
1383 3339 1440 3383 ut
1472 3328 1768 3385 inﬁdelium
1808 3334 2069 3387 servitute

487 3422 861 3486 eximeretur,
929 3420 1195 3490 planeque
1270 3422 1737 3477 christianissimus
1816 3426 2070 3492 potentia:

488 3512 715 3582 sceptris
742 3510 1122 3583 snlijicerctur.
1153 3511 1323 3565 insula
1360 3512 1650 3580 decedens,
1678 3523 1733 3569 et
1766 3516 1831 3568 ad
1866 3514 2071 3572 Helles-

489 3603 795 3671 pontiorum
860 3616 920 3656 se
971 3601 1235 3670 recipiens
1280 3602 1653 3671 provinciam,
1705 3604 1925 3659 Patrum
1986 3608 2071 3661 in-

488 3694 762 3764 dulgentia
796 3693 850 3746 in
888 3692 1337 3762 Hellespontiacis
1365 3692 1767 3763 episcopalibus
1796 3696 1888 3764 jns
1918 3696 2066 3751 Con-

488 3780 1030 3851 stantinopolitanum
1081 3780 1302 3844 habere,
1344 3781 1705 3852 omnibusque
1749 3785 1802 3839 in
1846 3801 1908 3839 ea
1940 3803 2068 3858 pro-

488 3876 666 3928 vincia
722 3876 989 3943 episcopis
1041 3875 1349 3943 praesidere,
1392 3883 1449 3937 et
1502 3878 1736 3934 maxime
1792 3881 2064 3951 propriam

491 3965 693 4019 habere
742 3964 1144 4027 auctoritatem,
1181 3974 1238 4018 et
1269 3979 1298 4017 a
1347 3967 1459 4020 suis
1504 3966 1773 4037 episcopis
1825 3970 2066 4027 ordinari

490 4055 789 4132 permissus
824 4065 905 4109 est
943 4072 957 4108 :
991 4055 1442 4125 quemadmodum
1491 4066 1546 4112 et
1596 4062 1834 4130 synodus
1885 4059 2067 4132 Ephe-

490 4150 607 4201 sina
651 4129 910 4203 decrevit.
953 4147 1246 4217 Postquam
1295 4159 1480 4203 autent
1530 4129 1739 4221 Cyprus
1783 4129 2065 4222 genti—lium

474 4226 743 4295 manibus
792 4240 1019 4295 liberata
1062 4238 1182 4307 fuit,
1230 4255 1351 4309 quae
1402 4242 1457 4296 in
1513 4241 1863 4312 Hellesponto
1910 4257 2070 4301 erant

492 4331 821 4399 metropoles
853 4331 921 4385 ad
972 4329 1225 4385 thronum
1244 4332 1899 4402 Constantinopolitannm
1941 4340 2068 4393 red-

494 4425 561 4479 iet
576 4438 692 4479 util.

997 4518 1163 4592 κοί
1193 4519 1424 4576 cauom
1458 4520 1570 4576 XL.

495 4619 515 4659 ι
557 4608 815 4674 Quoniam
852 4609 958 4664 "eo
998 4612 1205 4665 haerere
1251 4626 1345 4680 per
1375 4627 1649 4668 secessum
1679 4630 1743 4670 ex
1776 4615 1895 4670 vita:
1924 4626 2065 4671 Stre-

567 4720 584 4752 ι
608 4703 756 4770 pitu,
782 4702 936 4757 valde
968 4713 1053 4777 est
1087 4703 1352 4770 salutare,
1388 4714 1604 4774 oportet
1644 4722 1745 4762 nos
1791 4722 1896 4761 non
1943 4708 2064 4762 sine

564 4810 583 4843 ι
620 4792 1027 4847 examinatione
1099 4808 1232 4858 eos,
1309 4795 1400 4863 qui
1476 4796 1640 4850 vitam
1704 4800 2060 4855 monasticam

563 4902 582 4933 ι
624 4884 847 4951 eligunt,
873 4898 980 4936 non
1016 4884 1392 4954 intempestive
1418 4887 1707 4943 admittere
1737 4904 1751 4941 :
1784 4891 1876 4944 sed
1904 4891 2063 4947 nobis

562 4989 581 5023 ι
624 4985 653 5026 a
689 4971 939 5027 Patribus
975 4975 1232 5029 traditum
1276 4976 1555 5032 decretum
1614 4979 1666 5033 in
1713 4980 1794 5034 eis
1844 4998 2063 5051 quoque

2182 1866 2619 1937 Ἑλλησποντίων
2670 1871 2962 1940 ἐπαρχίας,
3019 1875 3342 1929 ὑποκεῖσθαι
3376 1878 3432 1930 δὲ
3474 1877 3624 1947 αὐτῷ
3651 1880 3751 1930 καὶ

2169 1959 2260 2011 τὸν
2287 1960 2527 2023 Κυζίκου
2557 1963 2875 2039 ἐπίσκοπον,
2904 1967 2995 2018 καὶ
3042 1968 3175 2037 παρ’
3217 1967 3382 2020 αὑτοῦ
3415 1973 3754 2040 χειροτονεῖ-

2172 2052 2339 2105 σθαι·
2390 2055 2485 2108 καὶ
2537 2054 2675 2126 αὕτη
2720 2057 2831 2126 γὰρ
2865 2060 2898 2129 ή
2936 2059 3107 2124 πόλις,
3155 2062 3254 2125 τὴν
3291 2062 3529 2117 Κύζικον
3578 2063 3748 2133 φημὶ,

2152 2132 2153 2135 η
2181 2142 2599 2214 Ἑλλησπόντιός
2635 2150 2803 2203 ἐστιν.
2832 2150 2893 2203 Εἰ
2921 2151 3021 2219 μὲν
3046 2150 3139 2205 οὖν
3169 2154 3261 2206 καὶ
3289 2154 3368 2216 είς
3395 2154 3557 2225 ἔργον
3584 2132 3753 2226 ἦλθεν

2171 2239 2205 2308 ἡ
2243 2241 2372 2309 περὶ¹
2400 2240 2500 2309 τῆς
2536 2242 2776 2306 Κυζίκου
2808 2243 2987 2313 ψῆφός
3016 2262 3175 2311 ποτε,
3210 2247 3310 2300 οὐκ
3334 2243 3451 2301 οἶδα
3477 2264 3491 2281 ο
3521 2249 3662 2312 τέως
3690 2250 3753 2303 δὲ

2172 2330 2232 2384 ού
2276 2333 2472 2401 κρατεῖ
2517 2333 2587 2387 τὰ
2628 2335 2726 2402 τῆς
2776 2334 2959 2404 ψήφου
2996 2336 3120 2389 ὅσον
3163 2338 3300 2408 πρὸς
3339 2339 3440 2411 τήν
3483 2340 3749 2405 Κύζικον.

2185 2421 2347 2476 Ἀλλὰ
2391 2422 2500 2476 οὐδ’
2528 2423 2624 2476 ἐπὶ
2655 2426 2776 2489 ταῖς
2806 2426 2998 2491 ἄλλαις
3054 2427 3490 2499 Ἑλλησποντίων
3542 2433 3753 2505 χώραις

2148 2515 2271 2591 (ttat
2299 2514 2489 2567 πόλεσι
2510 2515 2775 2586 πρόσεστι
2805 2533 2858 2571 τι
2885 2518 2964 2589 τῷ
2992 2518 3220 2591 Κύπρου
3250 2521 3480 2578 δίκαιον.

2189 2604 2426 2659 ἈΡΙΣΤ.
2471 2624 2490 2657 ι
2545 2606 2608 2661 Ἡ
2660 2610 2755 2660 νέα
2821 2607 3361 2677 Ἰουστινιανούπολις
3418 2615 3480 2668 τὸ
3538 2616 3757 2671 δίκαιον

2204 2682 2213 2691 ’
2255 2715 2273 2747 ι
2315 2697 2486 2767 ἐχέτω
2515 2699 3162 2769 Κωνσταντινουπόλεως,
3188 2705 3282 2759 καὶ
3302 2706 3331 2759 ό
3355 2708 3561 2780 ταύτης
3587 2711 3757 2780 πρόι-

2253 2806 2272 2841 ι
2308 2788 2433 2859 δρός
2459 2790 2678 2843 πάντων
2713 2790 3166 2862 Ἑλλησποντίων,
3200 2797 3337 2868 πρὸς
3363 2797 3459 2862 οὓς
3493 2801 3755 2872 μετῷκηι-

2253 2899 2274 2933 ι
2313 2898 2394 2946 σε,
2437 2880 2829 2951 προεδρευέτω,
2856 2885 2951 2937 καὶ
2983 2885 3087 2939 ὑπὸ
3112 2887 3223 2943 τῶν
3262 2884 3481 2943 οίκεΓων
3522 2893 3755 2945 ἐπισκό-

2254 2991 2273 3023 ι
2310 2990 2428 3026 πων
2484 2974 2936 3043 χειροτονείσθωο
2969 2977 3047 3041 ὡς
3103 2979 3152 3031 oi
3212 2982 3271 3033 ἐν
3350 2982 3560 3054 Ἐφέσῳ
3627 2986 3751 3039 ἐθέο

2251 3082 2271 3116 )
2312 3080 2533 3119 σπισαν.
2571 3084 2590 3118 ι

2094 3132 2139 3192 C
2241 3150 2416 3219 Οὗτος
2452 3159 2481 3210 ό
2510 3158 2610 3226 τῆς
2631 3160 2739 3211 τῶν
2762 3161 3029 3233 Κυπρίων
3060 3164 3223 3233 νήσου
3265 3166 3530 3238 πρόεδρος
3567 3171 3753 3225 Ἰωάν-

2171 3265 2272 3319 νης
2304 3248 2466 3320 (αὕτη
2492 3251 2603 3322 γάρ
2634 3256 2751 3305 ἐστι
2780 3254 2875 3306 καὶ
2919 3256 3016 3307 νέα
3059 3254 3621 3333 Ἰουστινιανούπολις)
3660 3264 3754 3319 διὰ

2167 3340 2269 3404 τὰς
2300 3342 2406 3394 τῶν
2438 3341 2736 3414 Βαρϐάρων
2769 3346 2993 3413 ἐφόδους
3014 3347 3111 3401 καὶ
3142 3349 3201 3401 τὺ
3221 3350 3320 3419 τῆς
3349 3352 3568 3423 ἐθνικῆς
3591 3356 3753 3408 ἐλευο

2171 3431 2478 3503 θερωθῆναι
2508 3433 2772 3500 δουλείας,
2800 3438 2892 3490 καὶ
2913 3436 3165 3509 καθαρῶς
3188 3443 3300 3503 τοῖς
3331 3445 3630 3514 σκήπτροις
3652 3448 3749 3501 τοῦ

2170 3520 2705 3595 Χριστιανικωτάτου
2733 3530 2966 3600 κράτους
2997 3532 3364 3604 ὑποταγῆναι,
3398 3541 3751 3614 μετανάστης

2170 3617 2272 3686 τῆς
2314 3618 2542 3688 Κύπρου
2575 3620 2889 3691 γενόμενος,
2915 3625 3008 3677 καὶ
3038 3627 3119 3702 είς
3148 3627 3248 3698 τὴν
3279 3630 3389 3682 τῶν
3413 3629 3750 3702 Ἑλλησπον-

2170 3709 2301 3763 τίων
2352 3714 2686 3780 μετοικήσας
2740 3698 3050 3785 ἐπαρχίαν,
3087 3720 3481 3793 ἐπετράπηίτὸ
3533 3698 3750 3779 δίκαιον

2171 3800 2315 3871 ἔχειν
2347 3803 2976 3871 Κωνσταντινουπόλεως
3021 3808 3113 3863 ἐπὶ
3142 3814 3262 3874 ταῖς
3299 3811 3750 3885 Ἐλλησποντίαις

2171 3893 2526 3961 ἐπισκοπαῖς,
2557 3897 2651 3949 καὶ
2682 3899 2899 3952 πάντων
2926 3902 3035 3953 τῶν
3071 3904 3128 3955 ἐν
3149 3907 3214 3975 τῇ
3242 3906 3469 3978 τοιαύτῃ
3500 3910 3751 3982 ἐπαρχίᾳ

2169 3985 2487 4038 ἐπισκόπων
2524 3988 2876 4057 προεδρεύειν
2910 3993 3096 4058 αὐτὸν,
3122 3997 3215 4048 καὶ
3247 3997 3546 4069 ίδιαιτάτην
3571 4003 3751 4072 ἀρχὴν

2170 4075 2336 4151 ἐχειν,
2371 4078 2463 4130 καὶ
2488 4079 2593 4130 ὑπὸ
2624 4080 2733 4133 τῶν
2767 4082 3247 4139 ίδίωνέπισκόπων
3276 4093 3703 4159 χειροτονεῖσθαι
3724 4108 3746 4125 ο

2170 4166 2358 4230 καθὼς
2391 4172 2487 4223 καὶ
2525 4171 2558 4240 ή
2599 4173 2658 4225 ἐν
2708 4173 2919 4245 Ἐφέσῳ
2964 4176 3181 4240 σύνοδος
3216 4178 3438 4249 ὥρισεν.
3498 4183 3652 4235 Ἐπεὶ
3688 4185 3751 4237 δὲ

2166 4258 2203 4326 ή
2236 4258 2459 4328 Κύπρος
2490 4259 2589 4329 τῆς
2629 4261 2848 4331 ἐθνικῆς
2891 4265 3240 4340 ἠλευθερώθη
3270 4271 3471 4342 χειρὸς,
3504 4274 3749 4345 ἐπανῆλ-

2164 4352 2266 4427 θον
2294 4351 2456 4404 ποὶλιν
2490 4354 2546 4405 αί
2589 4354 2711 4407 καθ’
2760 4354 3157 4425 Ἑλλήσποντον
3202 4364 3567 4435 μητροπόλεις
3611 4368 3747 4438 πρὸς

2099 4462 2149 4524 D
2174 4442 2266 4495 τὸν
2305 4446 2406 4513 τῆς
2430 4445 3062 4513 Κωνσταντινουπόλεως
3088 4450 3301 4519 θρόνον.

2758 4540 2995 4595 ΚΛΝΩΝ
3059 4541 3149 4597 Μ’.

2180 4649 2199 4682 ι
2251 4628 2471 4700 Ἐπειδὴ
2532 4629 2610 4700 τῷ
2657 4631 2777 4702 Θεῷ
2822 4633 3236 4690 κολλᾶσθαῖδιὰ
3277 4637 3375 4709 τῆς
3419 4640 3484 4693 ἐκ
3511 4639 3619 4693 τῶν
3648 4641 3748 4697 τοῦ

2250 4740 2268 4773 ι
2308 4722 2427 4790 βίου
2458 4721 2705 4794 θορύϐων
2732 4725 3131 4794 ἀναχωρήσεως
3158 4727 3276 4780 λίαν
3303 4730 3419 4783 ἐστὶ
3457 4733 3749 4803 σωτήριον,

2249 4831 2268 4863 ι
2307 4813 2415 4884 χρὴ
2440 4814 2514 4884 μὴ
2540 4815 2910 4880 ἀνεξετάστως
2935 4819 3086 4888 ἡμᾶς
3111 4822 3260 4889 παρὰ
3297 4821 3386 4875 τὸν
3410 4826 3603 4895 καιρὸν
3621 4828 3750 4890 τοὺς

2248 4923 2264 4955 t
2302 4907 2394 4957 τὸν
2424 4909 2636 4978 μονήρη
2661 4907 2776 4978 βίον
2812 4910 3171 4980 αἱρουμένους
3207 4914 3527 4982 προσίεσθαι
3563 4932 3577 4946 ⁸
3610 4918 3749 4973 ἀλλὰ

2248 5017 2266 5049 ι
2303 5000 2396 5053 τὸν
2442 5001 2815 5071 παραδοθέντα
2842 5004 2975 5073 ἡμῖν
3008 5006 3158 5079 παρὰ
3196 5007 3306 5061 τῶν
3339 5009 3599 5079 Πατέρων
3650 5014 3747 5066 καὶ

1724 5097 1925 5162 Guiil.
1960 5102 2299 5189 Beveregii
2333 5119 2522 5175 notua.

490 5260 493 5263 Α
562 5210 679 5292 (2ft)
714 5210 1137 5292 Tobcérjabctji
1182 5216 1606 5292 estquinque,
1630 5217 1848 5287 Regulae
1878 5238 2060 5292 gram-

490 5284 708 5336 maticze
762 5284 1252 5345 Amerbaebianam
1315 5290 1417 5341 hoc
1476 5288 1534 5339 in
1598 5284 2052 5351 loco'lectt'onem

485 5353 734 5427 esigunt,
761 5369 886 5427 quae
911 5368 996 5427 est
1022 5357 1149 5417 τοὺς
1173 5359 1229 5408 ἐν
1263 5357 1399 5425 αὐτῇ
1426 5358 1783 5421 ἐπισκόπους,
1820 5366 1958 5427 τέως
1988 5367 2047 5418 δὲ

487 5423 552 5475 οὐ
594 5429 786 5493 κρατεῖ
835 5425 903 5478 τὰ
948 5425 1046 5495 τῆς
1087 5427 1293 5495 ψήφου.
1358 5423 1434 5479 De
1492 5432 1596 5479 hac
1646 5442 1705 5481 re
1763 5423 2049 5489 Balsamon

484 5504 708 5571 quoque
729 5498 1090 5571 quaestionem
1126 5496 1444 5571 movendam
1469 5497 1737 5571 ύυεὶι,καὶ
1766 5502 2049 5571 ζητητέον,

482 5560 692 5639 linquit,
725 5560 873 5625 ὅπως
912 5560 1072 5617 τοῦτο
1111 5568 1345 5639 γίνεται.
1374 5560 1571 5639 Verum
1607 5569 1735 5621 huic
1763 5560 2052 5639 quaestioni

486 5631 648 5709 facile
700 5631 1613 5709 resputtdetuucxipsisAristeui
1670 5640 1723 5692 in
1774 5631 2051 5709 epitomen

489 5698 655 5769 hujus
684 5698 912 5757 canonis
931 5704 1157 5763 scholiis
1174 5721 1195 5773 ;
1220 5698 1478 5761 nimirum
1505 5709 1650 5775 quod
1680 5698 2053 5781 eum-Cyprus

2165 5250 2195 5288 a
2244 5238 2541 5294 Gentilium
2604 5240 3128 5297 sive'a-Barbarorum
3186 5243 3442 5300 manibus
3501 5244 3735 5303 liberata

2164 5308 2352 5381 luerit,
2399 5312 2681 5377 provincia
2747 5311 3152 5381 llellespontica
3185 5317 3250 5367 ad
3284 5316 3544 5369 thronum
3602 5318 3752 5370 Cott-

2150 5380 2720 5455 stantinopoiitanum
2787 5380 2965 5435 rediit.
3029 5384 3162 5436 Nam
3206 5399 3384 5437 canon
3419 5387 3506 5438 hic
3546 5400 3747 5455 perso-

2158 5448 2325 5523 nalis,
2364 5453 2446 5523 vel
2477 5451 2655 5523 etiam
2685 5455 3029 5519 temporalis,
3060 5462 3120 5506 ut
3162 5455 3233 5508 ita
3293 5457 3504 5523 loquar,
3534 5448 3748 5510 solum-

2160 5520 2344 5593 modo
2374 5520 2516 5586 fuit;
2568 5522 2768 5589 quippe
2798 5524 2887 5589 qui
2937 5525 2989 5574 in
3019 5523 3249 5578 Joannis
3291 5520 3740 5593 soliushgratiam

2164 5590 2540 5664 constitutus,
2594 5601 2803 5664 tantum
2871 5595 3418 5659 obtineredebuit,
3474 5590 3746 5664 quamdiu

2158 5660 2444 5727 provincia
2472 5661 2668 5729 Cypria
2696 5675 2724 5715 a
2755 5663 3009 5719 Barbaris
3043 5664 3262 5720 detenta
3298 5666 3487 5721 fuerit.
