4074 6392
476 282 583 346 655

1727 275 2006 339 THEOD.
2047 276 2140 335 ΒΛ
2151 278 2454 341 LSAMON

3604 281 3712 343 656

476 396 520 446 si
557 389 855 444 monachus
885 402 1002 443 esse
1025 385 1266 457 elegerit,
1293 402 1401 443 non
1435 385 1613 457 rejieit
1644 403 1656 438 :
1692 389 1786 441 sed
1818 402 1939 441 eum
1976 403 2018 437 at

2146 390 2429 457 πέμπεται
2456 405 2470 420 ·
2498 387 2638 461 πλὴν
2665 391 2766 445 οὐκ
2790 391 2965 448 ἄλλως
2990 390 3180 445 τοῦτον
3196 392 3277 454 εἰς
3305 390 3396 446 τὸν
3431 393 3715 461 μοναδικδν

477 486 638 537 vitam
670 481 1019 536 monasticam
1055 494 1159 532 non
1192 479 1347 532 aliter
1376 479 1743 549 recipiendum
1777 477 2038 539 decernit,

474 591 634 645 quam
666 574 709 628 si
744 572 809 627 ab
838 572 1091 640 episcopo
1119 570 1374 638 pmbatus
1417 568 1600 623 fuerit.
1632 566 1833 636 Adjicit
1862 574 2039 619 autem

472 679 534 719 se
574 664 686 717 haec
717 672 994 723 statuere,
1032 654 1284 728 quoniam
1326 655 1568 712 Ecclesia
1624 658 1714 712 Dei
1755 657 1927 727 gratia
1971 657 2038 710 ad

474 754 744 808 anteriora
777 752 1051 821 procedat,
1102 760 1154 805 et
1202 750 1268 803 ad
1314 750 1617 804 divinorum
1662 747 2037 801 mandatorum

476 846 909 900 observationem
946 843 1151 895 ﬁrmior
1190 856 1253 895 ac
1278 840 1509 893 validior
1536 841 1751 894 evadat.
1793 839 1931 894 Usus
1957 848 2040 893 est

472 947 645 990 autem
688 937 753 989 ad
784 950 972 989 eorum
1003 928 1468 988 conﬁrmationem
1502 933 1664 985 etiam
1700 932 1766 986 iis
1802 946 1921 999 quae
1970 930 2038 985 de

468 1029 794 1083 diaconissis
838 1027 890 1095 in
942 1034 1133 1096 quarta
1176 1025 1378 1095 synodo
1412 1024 1555 1078 dicta
1603 1034 1751 1087 sunt,
1796 1024 2032 1079 dicens:

468 1123 619 1188 Quod
648 1136 770 1174 cum
808 1129 1029 1174 sanctus
1078 1118 1275 1172 Paulus
1317 1116 1652 1179 decreverit,
1701 1130 1820 1183 quae
1870 1130 2034 1169 sexa-

466 1214 609 1283 ginta
639 1219 764 1265 sunt
793 1225 1076 1271 utiliorum,
1131 1208 1317 1261 viduas
1343 1207 1395 1260 in
1427 1205 1855 1259 diaconissarum
1888 1205 2036 1258 ordi-

466 1321 588 1360 nem
648 1318 803 1373 posse
848 1300 1061 1365 rel'erri,
1116 1298 1311 1353 Patres
1361 1296 1622 1365 virginem
1682 1296 2031 1363 quadraginta

464 1411 633 1451 annos
667 1405 844 1447 natam
877 1391 1233 1446 diaconissam
1276 1380 1516 1443 ordiriari
1557 1374 1883 1442 censuerunt
1916 1401 1930 1438 :
1975 1394 2034 1438 ut

463 1503 529 1540 ex
558 1482 623 1539 eo
650 1485 954 1554 colligatur,
994 1481 1182 1535 Patres
1212 1480 1344 1534 nihil
1382 1478 1671 1533 absurdum
1704 1479 2029 1542 decrevisse,

464 1579 555 1645 qni
587 1578 929 1644 imperfectos
961 1573 1212 1627 tondendi
1247 1583 1454 1640 tempus
1485 1571 1552 1624 ab
1583 1572 1797 1624 decimo
1838 1580 2031 1624 octavo

463 1668 605 1723 anno
642 1669 707 1720 ad
741 1666 1007 1719 deciumm
1044 1664 1363 1730 redegerint.
1408 1661 1500 1716 Est
1531 1672 1709 1715 autem
1740 1676 1929 1729 magna
1964 1656 2029 1714 iis

2148 482 2265 551 βίον
2297 484 2703 555 παραδέχεσθαι
2729 484 3022 555 διορίζεται
3047 485 3097 538 εί
3133 484 3208 555 μὴ
3229 485 3367 540 κατά
3390 484 3713 554 δοκιμασίαν

2143 573 2239 625 τοῦ
2274 574 2598 631 ἐπισκόπου.
2629 564 2964 646 Προστίθησι
2990 578 3051 630 δὲ
3084 577 3256 630 ταῦτα
3281 579 3715 646 νομοθετεῖν,διὰ

2145 664 2204 716 τὸ
2239 666 2336 735 τὴν
2370 667 2698 738 Ἐκκλησίαν
2744 669 2926 738 χάριτι
2965 668 3100 723 Θεοῦ
3120 664 3231 721 “έπῖ
3258 670 3326 721 τὰ
3359 670 3546 740 πρόσω
3579 688 3714 738 προ-

2145 756 2372 822 ϐαίνειν,
2426 759 2523 812 καὶ
2560 761 2913 829 παγιωτέραν
2957 748 3212 829 γενέσθαι
3259 761 3355 831 τὴν
3402 762 3510 815 τῶν
3552 756 3711 815 θείων

2143 849 2375 903 ἐντολῶν
2406 851 2757 923 συντήρησιν.
2794 852 3094 921 Ἐχρήσατο
3118 851 3173 903 δὲ
3200 853 3280 915 εἰς
3310 853 3712 929 ἐπιστηριγμὸν

2143 939 2352 993 τούτων
2379 940 2473 993 καὶ
2500 943 2613 1003 τοῖς
2642 941 2770 1011 περὶ
2813 940 3172 994 διακονισσῶν
3213 942 3522 1013 εἰρημένοις
3556 944 3612 994 ἐν
3640 944 3708 1011 τῇ

2140 1034 2376 1105 τετάρτῃ
2419 1035 2639 1103 συνόδῳ,
2665 1032 2836 1087 εἰπὼν
2865 1035 2948 1087 ὅτι
2975 1034 3080 1087 Τοῦ
3108 1032 3253 1086 θείου
3285 1033 3498 1086 Παύλου
3528 1030 3711 1087 διατα-

2142 1126 2374 1194 ξαμένου
2416 1126 2516 1190 τὰς
2566 1127 2830 1198 ἐξήκοντα
2860 1126 2999 1179 ἐτῶν
3038 1124 3202 1189 οὔσας
3254 1127 3429 1196 χήρας
3485 1124 3562 1193 τῷ
3598 1124 3709 1176 τῶν

2138 1212 2496 1268 διακονισσῶν
2521 1215 2923 1287 καταλέγεσθαι
2951 1216 3216 1285 τάγματι,
3252 1217 3301 1267 οἱ
3339 1215 3579 1284 Πατέρες
3608 1213 3710 1282 τὴν

2139 1306 2410 1375 παρθένον
2449 1308 2552 1376 τὴν
2579 1309 3093 1377 τεσσαρακονταετῇ
3129 1305 3554 1376 χειροτονεῖσθαι
3588 1304 3709 1357 δια-

2138 1396 2397 1448 κόνισσαν
2428 1395 2634 1464 ὥρισαν
2656 1411 2670 1426 °
2699 1396 2773 1460 ῶς
2801 1396 3053 1449 ἐντεῦθεν
3083 1397 3416 1465 συνάγεσθαι
3455 1395 3623 1464 μηδέν
3654 1413 3708 1448 τι

2135 1486 2264 1548 τοὺς
2304 1487 2555 1558 Πατέρας
2604 1488 2949 1557 διορίσασθαι
2989 1489 3211 1551 ἄτοπον,
3269 1487 3708 1548 ὑποϐισάσαντας

2134 1575 2226 1628 τὸν
2257 1577 2446 1647 χρόνον
2471 1577 2570 1647 τῆς
2600 1578 2959 1647 ἀποκάρσεως
2982 1577 3090 1630 τῶν
3112 1577 3315 1631 ἀτελῶν
3355 1579 3448 1630 καὶ
3480 1575 3586 1629 ἀπὸ
3635 1574 3706 1647 ιη’

2137 1671 2216 1732 εἰς
2266 1667 2307 1725 ι’.
2342 1668 2503 1747 αὖτδν
2560 1672 3018 1749 περιστήσαντας.
3064 1667 3426 1740 Εύχαριστὶας
3475 1670 3529 1721 δὲ
3562 1669 3707 1733 ἄξιοι

465 1759 667 1828 agenda
698 1758 892 1827 gratia,
923 1755 1060 1822 quod
1090 1770 1197 1809 non
1234 1767 1611 1822 quemcunque
1642 1751 1827 1806 decem
1859 1767 2018 1806 annos

2134 1761 2378 1830 μεγάλης
2408 1742 2570 1825 εἰσιν,
2613 1742 2711 1813 ὅτι⁷
2743 1762 2842 1814 οὐκ
2885 1759 3233 1831 ἐξεχώρησαν
3264 1760 3427 1813 παντὶ
3459 1760 3709 1812 δεκαετεῖ

463 1863 669 1914 natum,
699 1848 849 1923 nulla
879 1846 1205 1914 diligentiori
1239 1846 1670 1913 perscrutatione
1703 1843 1867 1908 facta,
1908 1853 2029 1899 ton-

461 1944 575 1997 deri
614 1939 998 2011 permiserint:
1053 1939 1145 1991 sed
1184 1938 1297 1992 hoc
1343 1937 1576 2005 episcopi
1626 1937 1923 2005 prudentia:
1965 1950 2028 1991 ac

456 2032 659 2105 judicio
692 2032 1031 2101 reliquerint.
1062 2028 1311 2082 Fortasse
1344 2029 1484 2081 enim
1519 2029 1635 2096 ejus
1674 2026 2023 2091 examinatio,

456 2127 602 2177 hunc
631 2122 868 2192 quidem,
913 2121 1001 2189 qui
1044 2122 1311 2174 decimum
1355 2134 1554 2171 annum
1602 2118 1917 2183 excesserit,
1961 2116 2028 2169 ad

459 2226 733 2268 tonsuram
767 2213 1014 2266 admittet
1045 2229 1058 2264 :
1089 2212 1233 2264 illum
1267 2225 1394 2263 vero
1425 2209 1661 2278 repellet.
1702 2211 1878 2277 Atque
1915 2207 2027 2261 haec

457 2306 674 2376 quidem
704 2315 850 2366 sunt,
884 2319 1002 2372 quae
1031 2303 1082 2355 in
1106 2316 1314 2356 canone
1345 2300 1709 2354 continentur.
1740 2299 1819 2351 Tu
1847 2309 2025 2352 autem

453 2398 572 2467 lege
600 2398 632 2451 6
684 2396 959 2450 Novellam
993 2393 1334 2462 imperatoris
1393 2390 1574 2444 domui
1622 2389 1817 2444 Leonis
1850 2388 2029 2444 l’bilo—

456 2487 632 2556 scphi,
674 2501 790 2555 qua:
841 2483 1083 2538 continet
1126 2482 1272 2535 illum
1326 2480 1564 2549 quidem,
1611 2480 1700 2547 qui
1751 2480 2022 2533 decimum

455 2590 667 2632 sextum
712 2591 912 2630 annum
955 2575 1246 2643 complevit
1291 2574 1373 2627 vel
1427 2572 1695 2626 decimum
1739 2574 2023 2643 septimum

456 2670 657 2738 absque
710 2668 815 2721 ullo
861 2666 1245 2735 impedimento
1305 2666 1465 2735 pbsse
1516 2664 1746 2728 tonderi,
1802 2674 1859 2717 ut
1913 2662 2027 2717 vult

460 2775 686 2830 magnus
712 2759 961 2823 Basilius,
996 2769 1154 2825 atque
1185 2757 1346 2810 etiam
1379 2757 1563 2811 testari
1596 2774 1611 2814 :
1655 2772 1776 2811 cum
1817 2766 2021 2821 autem,

455 2854 545 2922 qui
580 2866 720 2905 anno
762 2852 934 2903 aetatis
972 2864 1082 2901 sua:
1113 2849 1323 2901 decimo
1362 2847 1660 2906 monachus
1690 2863 1810 2904 esse
1841 2848 2023 2903 volue-

456 2944 541 3007 rit,
596 2956 751 3013 posse
790 2942 1004 3008 quidem
1046 2938 1209 2991 libere
1253 2938 1353 2991 boc
1392 2936 1591 3004 facere,
1638 2954 1701 2992 ex
1751 2940 2019 2993 sententia

452 3034 613 3104 hujus
644 3032 863 3085 canonis
888 3069 902 3093 ,
933 3030 999 3082 de
1039 3030 1194 3083 bouis
1226 3039 1429 3093 autem,
1476 3043 1595 3097 quae
1638 3029 1821 3093 habet,
1855 3037 2020 3083 testa-

2131 1854 2715 1923 ἁπολυπραγμονήτως
2740 1854 3160 1923 ἀποκείρεσθαι,
3189 1853 3322 1906 ἀλλὰ
3358 1855 3449 1905 ἐπὶ
3482 1856 3547 1922 τῇ
3586 1842 3707 1904 δια-

2130 1943 2313 2013 κρίσει
2340 1941 2434 1996 τοῦ
2458 1943 2759 1995 ἐπισκόπου
2784 1945 2851 1996 τά
2880 1944 3009 2013 περὶ
3033 1944 3224 1997 τούτου
3247 1944 3519 1996 ἀνέθεντο.
3543 1942 3708 2006 Ἴσως

2129 2036 2237 2107 γὰρ
2258 2036 2553 2105 δοκιμασία
2598 2034 2788 2099 αὐτοῦ,
2829 2036 2979 2088 τόνδε
3010 2036 3109 2104 μὲν
3151 2037 3573 2106 ύπεραναϐάντα
3612 2036 3705 2089 τὸν

2126 2128 2361 2196 δεκαετῆ
2416 2129 2609 2199 χρόνον
2643 2129 2725 2191 εἰς
2754 2127 3063 2199 ἀπόκαρσιν
3099 2129 3465 2199 παραδέξεται
3497 2148 3510 2161 ·
3544 2129 3698 2182 τόνδε

2126 2220 2182 2275 δὲ
2212 2223 2624 2291 ἀποπέμψεται.
2649 2222 2760 2275 Καὶ
2779 2222 2846 2274 τὰ
2873 2222 2970 2289 μὲν
3002 2220 3096 2274 τοῦ
3123 2222 3343 2284 κανόνος
3376 2223 3433 2274 ὲν
3465 2224 3701 2282 τούτοις.

2128 2316 2199 2367 Σὺ
2245 2314 2300 2367 δὲ
2334 2312 2610 2382 ἀνάγνωθι
2656 2313 2756 2381 τὴν
2817 2312 2988 2380 ἕκτην
3018 2313 3238 2382 Νεαρὰν
3291 2314 3382 2365 τοῦ
3438 2312 3703 2389 βασιλέως

2092 2476 2103 2479 ἢ
2128 2404 2299 2475 κυροῢ
2343 2404 2591 2467 ΛέοντοςΔ
2618 2404 2713 2458 τοῦ
2748 2403 3068 2474 Φιλοσόφου,
3104 2404 3574 2474 διαλαμϐάνουσαν
3606 2405 3704 2458 τὸν

2131 2494 2231 2564 μὲν
2282 2496 2559 2549 άνύσαντα
2637 2496 2827 2567 χρόνον
2869 2502 2944 2560 ις’
3001 2497 3033 2566 ἢ
3089 2496 3158 2561 ιζ’
3208 2498 3703 2568 άπαρεμποδίστως

2124 2587 2536 2658 ἀποκείρεσθαι,
2564 2590 2706 2643 κατὰ
2740 2589 2831 2642 τὸν
2871 2591 3047 2660 μέγαν
3073 2590 3347 2647 Βασίλειον
3368 2592 3457 2647 καὶ
3473 2592 3704 2649 διατίθει

2126 2681 2251 2733 σθαι
2282 2696 2296 2710 °
2332 2681 2425 2733 τὸν
2451 2682 2505 2736 δὲ
2533 2680 2858 2754 βουλόμενον
2891 2685 3122 2755 μονάσαι
3153 2687 3295 2739 κατὰ
3322 2687 3413 2739 τὸν
3439 2687 3470 2740 ι’
3510 2690 3700 2741 ἐνιαυ-

2124 2777 2215 2827 τὸν
2264 2776 2375 2841 (9.6)
2427 2776 2524 2845 τῆς
2564 2776 2778 2845 ἡλικίας
2818 2777 3005 2839 αὐτοῦ,
3043 2777 3186 2849 ἔχειν
3232 2778 3329 2847 μὲν
3380 2780 3467 2830 ἐπ’
3512 2779 3701 2841 ἀδείας

2123 2868 2285 2925 τοῦτο
2320 2871 2511 2931 ποιεῖν,
2542 2868 2685 2921 κατὰ
2713 2868 2800 2921 τὸν
2815 2870 3058 2939 παρόντα
3087 2870 3287 2922 κανόνα
3309 2885 3322 2898 °
3356 2870 3617 2940 διαθήκην
3641 2872 3701 2924 δὲ

2125 2958 2284 3027 χάριν
2312 2958 2419 3011 τῶν
2447 2959 2758 3029 προσόντων
2787 2960 2937 3030 αύτῷ
2965 2961 3040 3032 μὴ
3070 2964 3263 3026 ποιεῖν,
3295 2962 3429 3015 ἀλλὰ
3459 2966 3699 3033 περιμέ-

2125 3066 2235 3101 νειν
2267 3048 2458 3118 μέχρις
2499 3050 2565 3103 ἂν
2590 3049 2683 3105 τοῦ
2721 3053 3211 3105 πεντεκαιδεκάτου
3249 3053 3440 3123 χρόνου
3464 3055 3696 3123 ἅψηται.

451 3136 688 3179 utentum
721 3124 897 3176 facere
943 3137 1047 3174 non
1082 3134 1261 3189 posse,
1321 3122 1415 3174 sed
1469 3130 1785 3190 exspectare
1843 3121 2018 3176 'donec

2137 3141 2222 3192 ’Ev
2254 3107 2509 3213 ct‘ji'jiéstp
2534 3143 2588 3195 δὲ
2620 3145 2669 3195 εί
2711 3144 3047 3215 τελευτήσει,
3072 3146 3123 3197 οἱ
3156 3107 3483 3215 μὲνῇοίκέται
3514 3107 3696 3202 lasciuit

449 3215 716 3270 decimum
760 3213 1006 3280 quintum
1045 3225 1244 3264 annum
1290 3204 1550 3275 attigerit.
1600 3211 1807 3263 Interea
1838 3222 2019 3266 autem

450 3308 494 3361 si
526 3319 767 3359 mortuus
802 3301 986 3367 fuerit,
1020 3302 1137 3371 ejus
1186 3300 1403 3369 quidem
1449 3300 1591 3354 servi
1637 3304 2019 3357 manumitten-

452 3408 559 3462 tur,
592 3396 811 3463 reliquae
845 3402 1023 3447 autem
1059 3393 1341 3446 facultates
1387 3390 1638 3446 bifariam
1671 3393 2017 3462 dividentur;

447 3497 503 3542 et
532 3490 665 3539 duas
689 3486 906 3553 quidem
936 3491 1117 3551 partes
1147 3481 1378 3551 accipiet
1410 3481 1826 3547 monasterium,
1861 3485 2018 3537 tertia

449 3592 579 3631 vero
611 3591 736 3646 pars
762 3574 1008 3643 cognatis
1052 3572 1293 3628 dabitur.
1326 3571 1479 3637 Quod
1522 3573 1568 3626 si
1612 3571 1866 3628 defuncm
1910 3589 2016 3628 non

454 3670 656 3723 fuerint
681 3665 920 3735 cognati,
951 3666 1105 3718 tertia
1146 3679 1361 3734 quoque
1398 3679 1535 3733 pars
1567 3667 1896 3720 monasterio
1925 3679 2017 3719 ac-

438 3771 678 3816 crescet.
1664 3796 1667 3797 ν
2004 3798 2007 3803 ι

519 3853 677 3924 205
709 3853 958 3908 ZONAR.
988 3852 1198 3907 Puellas
1259 3852 1324 3905 ad
1364 3851 1686 3920 virginitatis
1727 3849 2015 3921 professio-

448 3964 572 4004 nem
626 3950 839 4003 nonnisi
872 3950 1139 4003 sexdecim
1171 3957 1265 4002 aut
1307 3948 1686 4016 septemdecim
1715 3947 1870 4000 annis
1899 3960 2015 4000 ma-

443 4041 613 4109 jores,
652 4039 877 4095 Basilius
921 4055 1145 4108 magnus
1188 4040 1396 4094 decimo
1432 4048 1623 4092 octavo
1674 4052 1879 4092 canone
1921 4039 2015 4092 ad-

448 4132 585 4191 mitti
606 4131 757 4201 jubet
781 4150 794 4186 :
816 4132 858 4185 si
881 4146 999 4200 qum
1032 4146 1161 4184 vero
1180 4139 1303 4183 ante
1322 4130 1373 4183 id
1400 4140 1607 4198 tempus
1632 4130 2012 4197 promissioues

410 4258 417 4271 .
446 4223 874 4288 intercesserint,
913 4237 1017 4276 non
1043 4222 1211 4291 magis
1233 4222 1339 4273 illis
1360 4235 1519 4289 quam
1550 4227 1837 4288 puerorum
1863 4219 2013 4274 voci-

445 4314 546 4366 bus
572 4312 980 4369 auscultandum
1022 4312 1337 4369 arbitratur.
1362 4309 1460 4369 llie
1488 4318 1665 4362 autem
1693 4323 1885 4373 canon,
1920 4308 2012 4376 qui

2122 3232 2674 3305 ἐλευθερωθήσονται,
2700 3238 2733 3307 ἡ
2758 3236 2814 3288 δὲ
2836 3236 2997 3306 λοιπὴ
3023 3239 3215 3291 τούτου
3238 3240 3525 3308 περιουσία
3552 3242 3695 3294 Stat.-

2122 3324 2410 3395 ρεθήσεται
2443 3325 2589 3394 διχῆ,
2618 3327 2715 3379 κα)⁵
2738 3326 2797 3379 τὸ
2835 3327 2933 3396 μὲν
2971 3327 3217 3399 δίμοιρον
3242 3330 3303 3382 τὸ
3333 3334 3695 3401 μοναστήριον

2119 3415 2370 3485 λήψεται,
2402 3420 2462 3470 τὸ
2485 3417 2539 3470 δὲ
2572 3420 2754 3484 τρίτον
2790 3421 2901 3482 τοῖς
2926 3422 3216 3489 συγγενέσι
3249 3423 3440 3475 τούτου
3465 3422 3692 3493 δοθήςεο

2117 3524 2227 3559 ται.
2262 3509 2351 3576 Μὴ
2381 3507 2548 3561 ὄντων
2584 3510 2639 3561 δὲ
2664 3498 2942 3578 συγγενῶν
2963 3511 3043 3581 τῷ
3067 3512 3473 3583 τελευτήσαντι,
3502 3520 3598 3568 καὶ
3628 3516 3692 3569 τὸ

2118 3598 2299 3668 τρίτον
2339 3601 2417 3662 εἰς
2448 3600 2508 3653 τὸ
2541 3606 2905 3673 μοναστήριον
2927 3608 3305 3676 προχωρήσει.

2124 3878 2139 3883 ε
2189 3858 2433 3912 ΖΩΝΛΡ.
2488 3861 2547 3913 '0
2586 3862 2684 3931 μὲν
2747 3864 2922 3933 μέγας
2974 3866 3260 3932 Βασίλειος
3300 3872 3360 3924 ὲν
3398 3870 3475 3940 τῷ
3512 3871 3687 3927 ὀκτωο

2120 3949 2430 4020 καιδεκάτῳ
2456 3953 2621 4005 αὐτοῦ
2655 3956 2840 4008 κανόνι
2889 3962 3027 4023 μετὰ
3065 3960 3133 4012 τὰ
3169 3960 3461 4024 ἑξκαίδεκα
3503 3965 3534 4035 ἢ
3586 3968 3686 4020 καὶ

2124 4041 2491 4095 ἑπτακαίδεκα
2554 4044 2649 4115 ἐτη
2704 4046 2803 4109 τὰς
2855 4049 2965 4100 τῶν
3029 4051 3317 4121 παρθένων
3393 4040 3685 4126 ὁμολογίας

2119 4132 2470 4201 ὲγκρίνεσθαι
2513 4134 2852 4189 διατάττεται
2899 4154 2914 4168 ’
2950 4140 3049 4203 τὰς
3078 4141 3144 4209 ﬁt
3184 4143 3289 4213 πρὸ
3327 4145 3422 4213 τῆς
3460 4146 3679 4216 ἡλικίας

2118 4224 2321 4293 ταύτης
2350 4224 2781 4291 συγκαταθέσεις
2832 4231 3089 4294 παιδικὰς
3122 4234 3335 4301 ἡγεῖται
3368 4238 3571 4305 φωνάς.
3621 4238 3683 4292 '0

2117 4313 2174 4366 δὲ
2196 4315 2295 4385 τῆς
2321 4318 2543 4370 συνόδου
2570 4319 2774 4390 ταύτης
2811 4322 2993 4376 κανὼν
3028 4324 3263 4396 δεκαετῆ
3327 4331 3491 4398 φησιν
3530 4326 3611 4384 εἶν
3630 4346 3667 4381 ες

442 4406 629 4477 decem
671 4403 827 4457 modo
854 4400 1023 4456 annos
1044 4415 1204 4454 natus
1233 4401 1325 4463 sit,
1352 4400 1419 4453 ad
1446 4399 1754 4452 monastica:
1777 4398 2013 4465 discipli-

2123 4403 2226 4457 δεῖν
2250 4409 2343 4458 τὶν
2378 4410 2672 4479 μοναχικὸν
2700 4410 2861 4479 ζυγὸν
2895 4413 3289 4486 ὑπερχόμενον.
3334 4420 3444 4472 Καὶ
3472 4421 3685 4492 μέμνη-

444 4512 527 4549 nae
552 4495 967 4549 exercitationes
986 4508 1049 4547 ac
1074 4493 1252 4545 ninnia
1281 4492 1668 4544 admittendum
1697 4505 1816 4545 esse
1828 4492 2013 4545 decer-

396 4602 399 4605 '
440 4589 542 4641 nit.
574 4586 639 4639 Et
684 4586 905 4640 canonis
936 4585 1153 4652 quidem
1193 4598 1220 4634 a
1249 4582 1445 4635 Basilio
1464 4583 1591 4635 editi
1621 4583 1884 4649 meminit,
1915 4582 2011 4637 sed

438 4678 689 4749 quoniam
739 4678 841 4731 hoc
880 4685 1122 4743 tempore
1150 4683 1203 4726 et
1236 4673 1487 4727 Ecclesia:
1531 4674 1730 4741 aliquid
1774 4674 2004 4743 roboris,

437 4780 492 4822 et
536 4768 657 4821 [idei
705 4767 824 4836 plus
864 4767 1087 4818 omnino
1132 4762 1401 4817 (inuitatis
1442 4765 1752 4830 accesserit,
1789 4766 2005 4835 sintque

437 4857 673 4911 ﬁdelium
709 4857 873 4909 animi
910 4854 979 4908 ad
1007 4853 1333 4923 capessenda
1368 4854 1559 4908 divina:
1602 4855 1733 4921 legis
1780 4855 2005 4926 imperia

436 4949 754 5018 paratiores,
792 4949 892 5001 hoc
916 4947 1462 5016 .dispensasse‘dicit.
1496 4948 1792 5016 Simileque
1821 4964 2003 5002 exeru-

436 5040 579 5109 pluin
612 5055 677 5093 ex
709 5050 899 5109 quarta
941 5039 1148 5109 synodo
1182 5040 1247 5094 de
1289 5039 1610 5095 diacouissis
1653 5040 1879 5110 profert,
1919 5042 2004 5095 di-

340 5112 345 5115 v
434 5144 597 5182 cens:
623 5127 756 5184 Cum
782 5130 993 5182 viduam
1020 5127 1295 5198 sexaginta
1321 5132 1479 5186 anuis
1504 5142 1682 5183 natam
1702 5133 1824 5201 eligi
1851 5132 2005 5186 divus

436 5220 633 5299 l’anlus
656 5221 954 5286 statuisset,
986 5227 1231 5275 eamdem
1264 5238 1486 5289 prorsus
1529 5226 1792 5277 rationem
1827 5224 1999 5278 secuti

438 5310 650 5378 Patres,
699 5313 841 5382 quod
877 5323 1030 5367 aucta
1061 5312 1184 5366 tidei
1218 5316 1547 5379 constantia,
1582 5315 1799 5369 altiores
1830 5316 1996 5370 divini

1464 5434 1487 5459 ‘3

580 5504 587 5511 ί
656 5518 659 5521 ς
684 5522 687 5525 η
1418 5502 1459 5531 δ”

438 5594 441 5621 ί
503 5552 616 5621 (9.6)
646 5552 809 5606 Μετὰ
829 5554 937 5605 τὸν
967 5551 997 5605 ι’
1033 5554 1330 5607 ἐνιαυτόν.
1370 5554 1471 5607 Ms.
1518 5557 1987 5618 Amerbachianus

433 5620 563 5689 legit
599 5620 743 5689 μετὰ
796 5632 886 5673 τον
938 5626 1099 5675 πέντε
1139 5627 1232 5674 καὶ
1270 5624 1496 5678 δεκέτιν
1557 5631 1820 5683 ἐνιαυτόν.
1849 5634 1983 5685 Cum

437 5706 614 5745 oult‘tlt
654 5696 736 5745 hic
764 5695 829 5743 dc
862 5699 1112 5757 pt'a‘scnti
1165 5711 1373 5747 canone
1396 5708 1612 5764 agatur,
1640 5700 1794 5766 juxta
1821 5718 1981 5769 qustu

2113 4515 2204 4550 ται
2236 4499 2338 4567 μὲν
2370 4501 2464 4554 τοῦ
2499 4505 2723 4568 κανόνος
2754 4503 2847 4560 τοῦ
2884 4511 3125 4578 μεγάλου
3168 4511 3451 4569 Βασιλείου
3473 4556 3489 4581 ,
3529 4517 3681 4585 λέγει

2110 4588 2168 4640 δὲ
2193 4593 2499 4661 οἰκονομεῖν
2530 4595 2710 4659 τοῦτο,
2743 4597 2819 4660 ὡς
2849 4602 2949 4663 τῆς
2991 4602 3320 4674 Ἐκκλησίας
3362 4613 3684 4678 κραταιοτέ-

2111 4693 2213 4745 ρας
2247 4681 2563 4752 γινομένης,
2594 4685 2687 4736 κα)⁸
2714 4686 2819 4755 τῆς
2846 4690 3084 4753 πίστεως
3114 4693 3207 4744 ἐπὶ
3238 4693 3400 4746 πλέον
3432 4699 3683 4768 στηριζο-

2111 4769 2300 4839 μένης,
2359 4774 2454 4825 καὶ
2493 4774 2603 4827 τῶν
2631 4778 2856 4831 ’πιστῶν
2905 4782 3043 4852 πρὸς
3095 4786 3329 4854 τήρησιν
3379 4790 3487 4841 τῶν
3520 4792 3681 4843 θείων

2105 4862 2338 4917 ἐντολῶν
2411 4865 2613 4934 μᾶλλον
2665 4869 3087 4941 έδραιουμένων.
3160 4878 3439 4947 Κέχρηται
3487 4880 3544 4932 δὲ
3597 4885 3681 4945 εις

2102 4956 2463 5035 ¹παράδειγμα
2509 4959 2605 5012 καὶ
2645 4961 2723 5030 τῷ
2762 4965 2892 5033 περὶ
2939 4966 3046 5017 τῶν
3086 4968 3446 5023 διακονισσῶν
3484 4973 3678 5027 κανόνι

2104 5049 2207 5115 τῆς
2238 5050 2507 5121 τετάρτης
2544 5053 2763 5106 συνόδου
2788 5095 2804 5118 ,
2838 5056 3009 5125 λέγων
3040 5059 3122 5112 ὅτι
3155 5060 3249 5112 τοῦ
3283 5061 3429 5115 θείου
3462 5064 3679 5119 Παύλου

2109 5140 2374 5211 ἑξήκοντα
2394 5138 2537 5196 ἑτῶν
2565 5145 2666 5209 τὰς
2709 5152 2882 5216 χήρας
2911 5150 3313 5221 καταλέγεσθαι
3342 5154 3680 5224 διαταξαμέ-

2106 5247 2221 5298 νου,
2280 5235 2329 5285 οξ
2365 5234 2607 5306 Πατέρες
2656 5237 2755 5309 τὴν
2784 5239 3049 5308 παρθένον
3074 5246 3485 5312 τεσσαράκοντα
3534 5248 3678 5299 ἐτῶν

2105 5322 2272 5378 οὖσαν
2334 5331 2765 5397 χειροτονεῖσθαι
2834 5333 3082 5388 διάκονον
3160 5335 3367 5406 ὥρισαν
3437 5338 3525 5391 διά
3575 5343 3675 5410 τὴν

1650 5432 1856 5499 Quill.
1890 5439 2219 5517 Beveregii
2260 5450 2445 5503 notua.
2540 5516 2554 5532 .

2095 5566 2372 5639 quispiam
2416 5579 2537 5637 post
2579 5571 2851 5628 decimum
2898 5562 3079 5633 aetatis
3126 5596 3331 5635 annum
3368 5584 3672 5639 monachus

2092 5637 2214 5758 ρειτὶ
2269 5648 2468 5707 potest,
2531 5654 2717 5698 nostra
2746 5656 2799 5699 et
2836 5650 3145 5705 communis
3178 5651 3337 5708 lectio
3384 5637 3675 5709 retinenda

2110 5722 2151 5757 ,δ
2179 5744 2195 5753 _

2110 5722 2195 5757 25L
