4074 6404
337 355 437 423 ϋϐι

1337 358 1417 417 ΙΝ
1459 356 1625 420 CAN.
1684 358 1818 421 XLI
1859 352 2068 419 CO‘NC.
2108 357 2190 416 ΙΝ
2224 355 2551 418 TRULLO.

3488 353 3601 416 6θῖ

336 471 476 532 ὅλως
520 468 692 521 δντων
738 467 1009 521 πλειόνων
1034 465 1278 536 ἀνδρῶν,
1332 466 1462 536 μίαν
1490 463 1763 519 εἶναικαὶ
1812 466 1911 535 τὴν

2042 467 2166 521 ioue
2193 479 2247 522 et
2291 468 2507 522 silentio
2552 466 2891 534 transigere:
2934 464 3031 520 sed
3049 462 3095 519 si
3151 464 3340 535 plures
3379 465 3600 518 omnino

332 562 512 630 αὐτὴν
535 561 869 623 συνέλευσιν,
895 559 993 613 καὶ
1018 560 1354 629 εὐχομένων,
1374 560 1469 612 καὶ
1484 558 1553 611 τὰ
1570 561 1670 627 τῆς
1696 558 1912 628 φύσεως

340 653 481 723 ἔργα
512 654 885 722 πραττόντων,
918 652 1091 704 ὁπόσα
1114 652 1385 727 ἀμεμπτά
1414 668 1472 703 τε
1497 650 1593 705 καὶ
1617 650 1919 718 ἀδιάϐλητα

344 743 653 811 καθέστηκε
678 758 692 773 ’
725 744 823 796 καὶ
860 744 1012 813 κοινῇ
1049 741 1147 811 μὲν
1174 780 1189 807 ,
1225 741 1302 804 ὡς
1338 741 1579 810 εἴρηται,
1625 739 1917 804 σιτεῖσθαι,

346 838 497 899 κοινῖ
530 835 585 887 δὲ
616 835 920 896 καθεύδειν,
961 834 1056 889 καὶ
1087 834 1132 886 εί
1159 833 1258 903 μὲν
1286 832 1540 887 τοσοῦτον
1564 833 1649 902 εἴη
1686 832 1747 885 τὸ
1782 831 1919 901 πλῆ-

308 918 311 921 ’
348 927 461 987 θος,
490 926 615 978 ὅσον
640 925 722 987 εἰς
742 924 840 978 ἕνα
868 921 1016 978 οἶκον
1044 924 1339 994 χωρεῖσθαι
1360 965 1373 987 ,
1406 924 1529 977 ὲπεί
1555 925 1638 976 τοί
1662 940 1725 993 γε
1755 924 1920 993 τυχὸν

346 1016 440 1070 δύο
485 1016 519 1086 ἢ
552 1017 703 1084 τρεῖς
749 1017 937 1078 οἴκους
972 1011 1116 1069 εἶναι
1162 1018 1292 1078 τοὺς
1347 1014 1673 1087 δεχομένους
1726 1017 1924 1079 αὐτοὺς

351 1107 561 1178 μηδένα
593 1107 781 1171 μέντοι
809 1106 1096 1165 παντελῶς
1139 1106 1269 1160 ἴδιον
1313 1098 1460 1177 ἔχειν
1501 1108 1692 1179 μηδὲν,
1716 1108 1833 1162 ἀλλ’
1865 1110 1923 1181 ἐν

352 1201 517 1272 κοινῷ
574 1199 674 1271 ζῇν
737 1200 955 1268 νύκτωρ
1013 1217 1074 1253 τε
1134 1202 1225 1254 καὶ
1279 1202 1397 1270 μεθ’
1446 1201 1686 1273 ἡμέραν,
1747 1201 1834 1255 ἵνα
1870 1203 1924 1254 al

348 1296 546 1357 νύκτες
585 1295 767 1356 αὐτοῖς
807 1295 905 1365 τὴν
943 1295 1113 1364 αὐτὴν
1156 1296 1279 1358 ταῖς
1325 1295 1561 1366 ἡμέραις
1603 1295 1781 1363 ἔχοιεν
1822 1310 1931 1347 πα·

354 1386 663 1456 ρατήρησιν
695 1405 709 1418 ·
741 1385 801 1438 οὐ
835 1388 945 1455 γὰρ
974 1386 1335 1440 καθεύδουσιν
1370 1386 1613 1451 ἅπαντες
1652 1387 1763 1452 ἀεὶ,
1794 1387 1931 1441 ἀλλὰ

351 1478 625 1548 πρόδηλον
659 1479 734 1540 ὡς
775 1480 826 1531 οί
873 1481 970 1549 μὲν
1013 1483 1073 1534 ἐν
1104 1479 1179 1550 τῷ
1223 1480 1518 1533 καθεύδειν
1550 1482 1712 1545 εἰσὶν,
1768 1481 1816 1533 οἰ
1873 1480 1929 1535 δὲ

351 1572 691 1640 ἓγρηγόρασι
720 1587 733 1601 ·
775 1572 887 1624 καῖ
923 1572 1142 1635 πάντως
1203 1570 1419 1626 ἔσονταί
1469 1589 1615 1631 τινες
1655 1573 1782 1635 τοὺς
1828 1589 1932 1627 κα-

354 1663 643 1727 θεύδοντας
674 1662 1093 1726 ἐποπτεύοντες.
1129 1665 1191 1716 Εἰ
1219 1663 1273 1716 δέ
1312 1680 1435 1717 τινα
1469 1665 1750 1733 οἰκήματα
1783 1665 1933 1717 ἐστιν

352 1757 410 1806 ἐν
442 1756 742 1825 οἱῳδὴποτε
770 1756 1125 1825 μοναστηρίῳ
1160 1756 1270 1808 τῶν
1298 1756 1404 1808 ὑπὸ
1432 1756 1523 1809 τὸν
1549 1756 1934 1825 οἱκουμενικὸν

355 1848 712 1917 πατριάρχην
756 1848 963 1917 ταύτης
997 1846 1098 1916 τῆς
1141 1848 1581 1917 μεγαλοπόλεως,
1615 1848 1647 1917 ἢ
1676 1848 1784 1901 τῶν
1824 1848 1931 1901 ὑπὸ
1965 1835 2003 1889 Β

352 1938 452 2007 τὴν
488 1937 587 2009 σὴν
616 1939 783 1991 ὄντων
810 1939 1142 2008 ἁγιωσύνην,
1168 1938 1277 1991 εἴτε
1304 1940 1397 1992 ἐπὶ
1433 1939 1531 2009 τῆς
1571 1940 1742 2008 αὐτῆς
1776 1957 1933 2009 περι-

352 2030 575 2093 οικίδοῖ,
603 2030 739 2082 ,εἴτε
776 2031 911 2101 παρ’
956 2031 1119 2101 ἡμῶν
1176 2032 1361 2084 αὐτῶν
1395 2014 1857 2101 ᾠκοδομημένων,
1899 2029 1932 2099 ἢ

355 2122 488 2193 παρ’
523 2122 724 2192 ἑτέρων
757 2140 772 2154 ο
810 2123 986 2175 ταῦτα
1041 2124 1219 2176 πάντα
1293 2124 1654 2193 καθαιρήσεις
1714 2125 1935 2196 τρόποις

352 2213 586 2289 ᾗπασιν,
622 2213 860 2278 ἀνοίξεις
904 2231 963 2266 τε
1008 2216 1196 2275 αὐτοῖς
1236 2215 1335 2282 τὴν
1377 2215 1625 2286 ἀλλήλων
1652 2214 1803 2271 θέαν.
1840 2214 1935 2267 καὶ

354 2307 578 2375 ὄψονται
617 2309 796 2361 πάντα
846 2290 913 2360 ea;
959 2307 1089 2377 παρ’
1139 2304 1391 2377 ἀλλήλων
1428 2307 1816 2376 πραττόμενα,
1870 2305 1935 2359 Τί

356 2403 466 2470 γὰρ
516 2401 582 2470 δὴ
627 2402 719 2454 καὶ
754 2396 1222 2470 εὐλαϐηθήσονται
1258 2400 1419 2453 τοῦτο
1459 2401 1743 2471 πράττειν,
1787 2400 1937 2466 ἅπαξ

316 2488 587 2552 ’ἑαυτοὺς
636 2489 929 2550 ἀναθέντες
974 2482 1052 2556 τῷ
1105 2489 1250 2558 Θεῷ,
1290 2490 1386 2541 καὶ
1428 2490 1756 2552 ἀπειπόντες
1803 2489 1935 2558 πρὸς

312 2583 542 2635 ’πᾶσαν
584 2576 829 2650 ⁴δημώδη
887 2582 1137 2648 δίαιταν;
1197 2583 1309 2635 Καὶ
1371 2580 1532 2635 τοῦτο
1598 2581 1698 2651 μὲν
1760 2582 1937 2654 ταύτῃ

358 2681 601 2745 κρατεῖν
644 2675 738 2726 νῦν
784 2694 842 2727 τε
896 2676 990 2727 καὶ
1042 2677 1123 2737 είς
1167 2676 1258 2726 τὸν
1306 2674 1431 2745 ἑξῆς
1473 2673 1936 2745 ἃπαντα,χρόνον

359 2758 684 2839 βουλῖόμεθα,
735 2765 970 2827 οὐδενὸς,
1025 2764 1100 2825 ὡς
1146 2763 1385 2834 εἴρηται,
1442 2764 1661 2835 ἔχοντος
1711 2764 1928 2831 οἴκησιν

361 2844 518 2916 ἰδίαν,
556 2856 695 2911 ἀλλά
731 2855 1244 2925 συναθροιζομένων
1278 2854 1538 2908 ἁπάντων
1578 2854 1674 2907 καὶ
1723 2853 1936 2923 θεωμέ-

354 2968 465 3001 νων
509 2948 575 3001 τὰ
620 2948 753 3018 παρ’
797 2947 1045 3017 ἀλλήλων
1093 2948 1472 3017 πραττόμενα.
1510 2947 1788 3016 Πρόδηλον
1827 2945 1938 3014 γὰρ

355 3043 443 3094 ὅτι
487 3045 555 3094 τὰ
605 3040 833 3093 τοιαῦτα
889 3040 1215 3092 σπεύδουσιν
1262 3038 1406 3092 αὐτὰ
1440 3039 1797 3100 καθεστάναι,
1849 3032 1939 3092 οἷα

2006 1575 2251 1645 quidem
2317 1574 2616 1635 dormiunt.
2674 1572 2766 1626 alii
2821 1587 2949 1627 vero
2992 1571 3221 1641 vigilant
3272 1588 3286 1625 :

2020 559 2131 613 sint
2170 560 2291 621 vini,
2324 573 2486 614 uuam
2514 572 2635 613 esse
2658 558 3011 625 eamdemque
3049 556 3517 626 congressionem,
3547 566 3599 610 et

2019 652 2312 712 orantium.
2335 660 2389 708 et
2406 651 2788 720 naturaefopera
2814 649 3144 716 facientium,
3165 649 3330 721 207
3352 652 3605 719 quaecun-

2021 757 2127 812 que
2151 758 2180 796 a
2219 741 2615 813 vituperatione
2637 757 2700 803 ac
2723 742 3144 810 reprehensione
3171 742 3347 798 aliena
3377 754 3521 804 sunt,
3549 750 3601 797 et

2023 836 2382 891 communiter
2409 835 2658 904 quidem;
2696 844 2754 888 ut
2781 834 2985 889 dictum
3017 845 3121 897 est.
3150 850 3417 899 comesse,
3450 850 3602 889 cout-

2026 930 2267 983 muuiter
2295 939 2476 983 autem
2510 928 2772 989 dormire.
2808 938 2863 982 et
2912 928 2958 982 si
2999 928 3072 981 sit
3116 938 3263 982 tanta
3295 928 3603 992 multitudo,

2026 1032 2285 1090 quautam
2320 1036 2425 1074 una
2470 1021 2662 1075 domus
2687 1018 3140 1089 comprehendat.
3174 1020 3272 1094 etsi
3320 1020 3439 1075 dum
3478 1028 3609 1075 sunt

2028 1113 2267 1168 fortasse
2292 1112 2374 1167 vel
2402 1122 2512 1166 tres
2540 1111 2736 1167 domus
2762 1126 2883 1179 quae
2912 1125 3006 1165 eos
3050 1110 3372 1177 suscipiunt,
3426 1112 3608 1166 nullus

2032 1216 2211 1293 tamen
2258 1206 2550 1274 quidquam
2594 1203 3128 1271 omnino'proprium
3162 1201 3378 1263 habeat,
3407 1203 3503 1256 sed
3553 1204 3605 1257 in

2029 1298 2304 1355 communi
2348 1309 2509 1351 noctu
2543 1306 2599 1351 et
2647 1295 2739 1349 diu
2789 1294 2957 1357 vivat,
3006 1304 3067 1348 ut
3116 1303 3303 1349 noctes
3363 1295 3608 1348 eamdem

2032 1390 2141 1446 illis
2177 1389 2413 1444 habeant
2446 1388 2901 1451 observationem,
2930 1402 3092 1455 quant
3121 1385 3261 1440 dies.
3307 1383 3428 1438 Non
3466 1386 3610 1439 enim

2032 1497 2223 1537 omnes
2257 1497 2470 1549 semper
2496 1480 2803 1546 dormiunt,
2831 1480 2923 1534 sed
2960 1478 3166 1532 clarum
3207 1488 3311 1542 est,
3341 1479 3483 1549 quod
3525 1478 3613 1531 alii

3337 1578 3392 1626 et
3455 1579 3617 1625 erttttt

2036 1684 2250 1737 semper
2281 1668 2468 1735 aliqui,
2512 1667 2604 1737 qui
2655 1666 2987 1720 dormientes
3038 1670 3350 1719 observent.
3405 1663 3463 1717 Si
3503 1663 3614 1718 siut

2036 1770 2213 1815 autem
2250 1760 2425 1829 aliqua
2457 1759 2725 1815 domicilia
2756 1758 2808 1811 itt
2832 1758 3024 1829 quovis
3048 1756 3379 1813 monasterio
3398 1771 3615 1822 eorum,

2034 1868 2155 1921 qua:
2188 1861 2314 1905 sunt
2348 1854 2447 1906 sub
2503 1851 2795 1907 universali
2847 1851 3155 1919 patriarcha
3195 1849 3359 1917 hujus
3405 1863 3617 1920 magna:

2035 1945 2289 2003 civitatis.
2326 1943 2409 1996 vel
2435 1958 2554 2012 qum
2609 1954 2732 1996 sunt
2766 1942 2867 1997 sub
2912 1951 3009 1995 tua
3052 1942 3367 2000 sanctitate.
3406 1955 3502 1995 seu
3538 1941 3615 1994 ‘iu

2035 2036 2222 2089 eodem
2245 2034 2600 2089 circumcirca
2625 2034 2883 2099 incolatu,
2912 2034 3025 2088 sive
3058 2048 3179 2101 qua
3211 2040 3341 2087 sunt
3390 2046 3421 2084 ι
3462 2032 3619 2085 nobis

2034 2130 2296 2183 aedificata
2320 2128 2433 2183 sive
2465 2128 2534 2182 ab
2562 2127 2685 2184 aliis
2710 2145 2724 2182 :
2757 2141 2820 2181 ea
2849 2124 3029 2180 omnia
3052 2123 3277 2179 omnino
3303 2123 3511 2185 dirues,
3561 2134 3620 2178 et

2037 2220 2119 2275 eis
2165 2220 2373 2291 aperies
2403 2220 2486 2275 sui
2537 2219 2763 2274 invicem
2819 2218 3209 2288 spectaculum,
3257 2227 3313 2271 et.
3363 2216 3621 2269 videbunt

2035 2317 2216 2371 omnia
2248 2332 2367 2385 qua:
2399 2331 2429 2369 a
2463 2330 2523 2371 se
2554 2314 2780 2369 invicem
2813 2313 2965 2368 littttt.
3003 2312 3113 2368 Cur
3137 2313 3282 2367 enim
3309 2311 3409 2366 huc
3442 2310 3624 2365 facere

2036 2409 2327 2472 cavehuul,
2356 2424 2480 2463 cuut
2518 2422 2576 2462 se
2621 2406 2732 2461 Deo
2776 2406 2942 2460 semel
2996 2405 3248 2459 dicarint.
3296 2412 3353 2458 et
3400 2418 3618 2459 omnem

1980 2530 1997 2539 ι
2036 2500 2347 2570 popularem
2395 2499 2607 2555 vivendi
2662 2498 2927 2552 rationem
2979 2495 3160 2551 valere
3201 2496 3503 2564 iusserint?
3554 2496 3626 2549 Et

2038 2594 2141 2647 hoc
2182 2593 2398 2661 quidem
2440 2591 2647 2647 servari
2679 2590 2821 2655 volo,
2852 2600 2905 2644 et
2921 2604 3065 2644 nunc
3096 2599 3153 2644 et
3183 2590 3236 2643 in
3278 2604 3439 2643 omne
3467 2589 3623 2643 dein-

2038 2702 2165 2755 ceps
2191 2697 2423 2754 tempus,
2454 2684 2704 2748 nttllo,ttt
2752 2684 2955 2739 dictum
3017 2688 3123 2745 est.
3206 2682 3439 2737 habente
3492 2695 3626 2748 pro-

2038 2780 2214 2848 priam
2251 2779 2663 2839 habitationem,
2690 2778 2785 2831 sed
2814 2774 3159 2844 congregatis
3192 2774 3446 2829 omnibus
3482 2783 3537 2827 et
3561 2790 3624 2828 ea

2038 2886 2159 2939 quae
2178 2887 2204 2922 a
2226 2886 2285 2924 se
2303 2870 2531 2924 invicem
2549 2868 2682 2922 [lunt
2704 2866 3093 2936 spectantibus.
3119 2864 3333 2917 Clarum
3358 2873 3441 2917 est
3457 2864 3624 2928 enim,

2040 2963 2179 3031 quod
2211 2976 2272 3015 ea
2304 2960 2594 3015 studebant
2615 2973 2735 3015 esse
2754 2959 3042 3028 ejusmodi,
3070 2968 3127 3013 ut
3143 2959 3211 3012 ab
3234 2958 3381 3011 omni
3408 2956 3623 3024 penitus

2042 3050 2465 3119 reprehensione
2493 3049 2665 3102 aliena
2697 3053 2973 3101 maneant.
3003 3046 3057 3101 Si
3090 3046 3214 3115 quis
3248 3055 3429 3098 autem
3455 3058 3639 3113 usque

354 3132 637 3193 παντελῶς
660 3130 1003 3199 ἀνεπίληπτα
1034 3133 1206 3199 μένει.
1235 3131 1294 3182 Εἰ
1330 3130 1385 3182 δέ
1413 3146 1496 3192 τις
1527 3129 1722 3197 ὀφθείη
1750 3129 1937 3181 τοσοῦο

2043 3146 2177 3200 adeo
2204 3144 2487 3212 impudens
2509 3142 2655 3195 visus
2679 3140 2861 3202 fuerit,
2889 3149 2947 3193 ut
2965 3154 3174 3202 eorum,
3195 3152 3313 3206 qua:
3335 3136 3451 3206 lege
3467 3142 3639 3189 cauta.

353 3243 453 3278 τον
495 3224 740 3290 ἀναιδὴς,
782 3222 922 3276 ὥστε
970 3220 1178 3292 τολμᾷν
1228 3222 1529 3290 ἐπιχειρεῖν
1566 3220 1930 3291 παραϐαίνειν

354 3331 413 3367 τι
460 3314 568 3367 τῶν
614 3312 1168 3382 νενομοθετημένων,
1216 3313 1244 3363 ό
1288 3312 1387 3381 τῆς
1434 3311 1603 3380 μονῆς
1635 3310 1941 3381 ἡγούμενος

354 3407 534 3457 ταῦτα
564 3403 887 3470 ἐξεταζέτω.
915 3401 1234 3470 Βουλόμεθα
1264 3400 1369 3471 γὰρ
1395 3401 1493 3468 τὴν
1520 3400 1615 3452 νῦν
1646 3401 1942 3474 σφοδροτέο
1970 3447 1974 3452 .

361 3515 466 3569 ραν
533 3496 790 3563 γενέσθαι
848 3494 1263 3565 παρατήρησιν.
1324 3493 1589 3559 Λέγουσιν
1642 3491 1737 3546 οὖν
1795 3509 1942 3554 τινες

357 3589 737 3642 ἐναντιοῦσθαι
768 3587 845 3657 τῷ
874 3586 1060 3640 κανόνι
1090 3585 1189 3656 τὴν
1222 3584 1469 3655 Νεαράν.
1511 3584 1665 3655 Ἐμοὶ
1685 3585 1742 3637 δὲ
1773 3584 1941 3650 δοκεῖ,

360 3683 455 3733 τὸν
491 3680 586 3744 μὲν
619 3680 821 3732 κανόνα
863 3678 955 3729 διὰ
993 3677 1091 3746 τὴν
1127 3677 1490 3746 ὲγκλείστραν
1519 3676 1905 3746 ὲκφωνηθῆναι
1928 3715 1943 3739 ,

356 3770 459 3839 τὴν
485 3769 542 3824 δὲ
571 3768 791 3839 Νεαρὰν
819 3768 906 3820 διὰ
944 3768 1069 3829 τοὺς
1100 3765 1326 3835 ἔχοντας
1360 3766 1549 3818 κελλία
1586 3767 1668 3828 είς
1699 3765 1944 3819 κοινόϐια

364 3862 770 3932 μοναστηρίων.
800 3859 908 3911 Καὶ
939 3846 1058 3909 ἔστι
1107 3857 1320 3926 μεγάλη
1349 3857 1587 3929 διαφορά
1616 3858 1945 3927 ἀμφοτέρων

362 3957 472 4010 τῶν
502 3954 856 4023 νομοθεσιῶν.
906 3952 1018 4005 Καὶ
1048 3952 1191 4004 κατά
1220 3951 1380 4003 τοῦτο
1411 3951 1534 4003 οὐδὲ
1569 3952 1944 4003 ἐναντιοῦνται

359 4051 432 4103 τά
469 4047 887 4119 ὁροθετηθέντα.
941 4046 1193 4114 Σήμερον
1221 4043 1278 4096 δὲ
1316 4046 1395 4103 είς
1434 4044 1533 4109 μὲν
1558 4044 1624 4096 τὰ
1651 4045 1945 4112 γυναικεῖα

364 4141 706 4212 μοναστὴρια
754 4136 1038 4209 ἐνεργοῦσι
1097 4137 1164 4190 τὰ
1206 4135 1305 4206 τῆς
1359 4136 1615 4207 Νεαρᾶςο
1648 4137 1727 4199 εἰς
1780 4136 1837 4189 δὲ
1876 4138 1946 4189 τα

360 4230 581 4300 ἁπιδρῷα
611 4227 873 4298 οὐδαμοῦ.

434 4323 678 4377 ΖΩΝΑΡ.
718 4322 1000 4392 Σφαλερὸν
1058 4323 1340 4393 ἡγήσαντο
1390 4320 1439 4372 οἱ
1499 4318 1633 4373 θεῖοι
1690 4319 1938 4388 Πατέρες

302 4448 311 4453 λ
360 4417 425 4471 τὸ
475 4422 536 4469 ἐκ
573 4418 844 4485 κοσμικῆς
884 4415 1164 4485 διαγωγῆς
1202 4431 1354 4477 τινας
1385 4415 1465 4477 εἰς
1525 4404 1945 4481 ἀναχωρητικδν

2042 3247 2190 3298 sunt.
2218 3236 2516 3304 transgredi
2540 3234 2743 3303 aliquid
2766 3234 2948 3288 conari
2972 3233 3183 3297 audeat,
3211 3231 3299 3301 qui
3332 3229 3402 3283 illi
3428 3236 3641 3299 praeest

2045 3329 2311 3385 ntansioni
2341 3329 2442 3382 hoc
2468 3328 2763 3382 examinet.
2790 3323 3048 3381 Volumus
3068 3324 3212 3377 enim
3262 3337 3405 3376 nunc
3437 3320 3624 3375 acrio-

2046 3438 2159 3476 rem
2211 3422 2327 3476 llcri
2385 3420 2849 3477 observationem.
2913 3416 3113 3471 Dicunt
3156 3416 3342 3485 itaque
3388 3410 3637 3467 uonuulli

2043 3509 2320 3569 Novellam
2377 3512 2571 3567 canoni
2626 3509 2923 3565 adversari.
2990 3508 3118 3562 Mihi
3186 3516 3363 3565 autem
3420 3505 3631 3557 videtur

2044 3608 2260 3675 quidem
2282 3619 2455 3661 canon
2477 3604 2620 3673 loqui
2648 3603 2713 3656 de
2736 3602 3189 3655 anachoretarum
3214 3582 3631 3658 incursionibus.

2043 3698 2262 3753 Nevella
2305 3707 2486 3752 autem
2511 3711 2633 3750 esse
2663 3694 2803 3749 edita
2831 3704 3048 3763 propter
3072 3707 3189 3751 eos.
3224 3690 3313 3760 qui
3346 3689 3397 3742 iu
3437 3702 3628 3741 mona-

2045 3793 2333 3849 steriorum
2379 3782 2878 3845 cmttobiis'ltabeut
2927 3784 3118 3840 cellas.
3158 3784 3218 3837 Et
3288 3792 3371 3837 est
3435 3796 3626 3847 magna
3689 3840 3697 3853 υ

2045 3895 2399 3952 utrarumque
2438 3882 2613 3952 legum
2646 3879 2949 3934 differentia
2980 3895 2998 3933 :
3026 3888 3081 3932 et
3102 3877 3245 3938 ideo,
3277 3876 3376 3927 hac
3423 3874 3632 3927 ratione

2048 3993 2154 4031 non
2191 3952 2629 4044 repttgnantqute
2663 3972 2729 4027 iis
2748 3969 3039 4024 constituta
3065 3977 3215 4020 sunt.
3240 3963 3412 4019 Hodie
3444 3973 3632 4017 autem

2049 4069 2100 4122 iu
2139 4068 2420 4122 mulierum
2450 4064 2668 4134 quidem
2699 4061 3043 4116 monasteriis
3070 4059 3248 4112 locum
3286 4057 3484 4111 habent
3508 4070 3632 4125 quae

2046 4161 2264 4217 Novella
2299 4168 2457 4213 cauta
2487 4167 2641 4220 sunt;
2679 4155 2730 4207 itt
2764 4154 2998 4207 virorum
3022 4158 3199 4204 autem
3237 4148 3476 4204 minime.

2119 4316 2373 4372 ZONAR.
2404 4314 2506 4382 Qui
2537 4328 2594 4369 se
2617 4328 2683 4366 ex
2716 4307 2986 4364 communi
3014 4307 3136 4360 vita:
3155 4300 3547 4359 consuetudine
3568 4301 3643 4381 ad

2049 4407 2483 4465 anacltoreticutn
2507 4404 2816 4458 institutum
2841 4399 3016 4454 subito
3041 4395 3387 4460 transferunt,
3408 4392 3640 4447 cellula-

336 4508 733 4563 καθίστασθαι
771 4508 910 4577 βίον,
961 4509 1056 4561 καὶ
1084 4509 1316 4567 ἑαυτοὺς
1358 4504 1629 4573 ὲγκλείειν
1678 4504 1938 4573 βραχέσιν

2045 4518 2149 4572 que
2184 4498 2448 4570 angustiis
2475 4495 2669 4553 inclusi
2717 4492 2841 4546 facti
2885 4490 2985 4545 sibi
3039 4488 3206 4544 duces
3251 4483 3487 4547 vivendi,
3538 4482 3648 4537 de-.

362 4603 653 4678 οἰκίσκοις,
698 4601 790 4669 καὶ
830 4599 1027 4663 αὐτοὺς
1063 4600 1277 4662 ἑαυτοῖς
1310 4595 1447 4650 εἶναι
1484 4596 1823 4666 καθηγητὰς.
1849 4594 1940 4647 Διὸ

360 4698 492 4753 τοὺς
529 4692 894 4764 βουλομένους
914 4691 1157 4745 τοιοῦτόν
1172 4709 1246 4765 ..τι
1277 4690 1548 4761 πρότερον
1578 4689 1659 4752 είς
1694 4689 1943 4761 ἀσκητὴ-

366 4805 483 4858 ριον
532 4785 761 4844 εἰσιέναι
809 4782 1116 4848 κελεύουσι,
1152 4783 1247 4835 καὶ
1303 4780 1397 4834 ἐπὶ
1428 4780 1671 4851 τριετίαν
1705 4780 1760 4831 ἑν
1807 4778 1943 4831 ὑπο-

367 4881 514 4948 ταγῇ
553 4875 827 4951 γίνεσθαι,
872 4871 1015 4926 οὕτω
1065 4890 1123 4925 τε
1160 4871 1630 4940 παιδοτριϐεῖσθαι
1665 4871 1763 4940 τὴν
1806 4870 1943 4923 ἀνα-

364 4970 682 5041 χωρητικὴν
711 4966 1010 5035 διαγωγὴν,
1048 4964 1145 5017 καὶ
1188 4963 1587 5027 δουλεύσαντας
1623 4964 1681 5014 ἐν
1728 4962 1943 5031 ὑπακοῇ

364 5063 655 5135 ὁμολογεῖν
708 5062 789 5115 ὅτι
810 5058 1087 5129 ὁλοψύχως
1121 5056 1402 5125 αἱροῦνται
1437 5056 1537 5125 τὴν
1568 5051 1944 5124 ἀναχώρησιν·

367 5157 467 5212 καὶ⁵
497 5157 649 5225 παρᾷ
675 5156 769 5207 τοῦ
799 5153 940 5207 κατά
959 5152 1142 5222 χώραν
1172 5148 1476 5219 ἀρχιερέως
1500 5147 1698 5210 αὐτοὺς
1723 5145 1948 5215 δοκιμὼ

370 5249 588 5316 ζεσθαι,
627 5248 722 5302 καὶ
755 5248 918 5302 πάλιν
954 5247 1049 5301 ἐπὶ
1093 5242 1341 5297 ἐνιαυτὸν
1379 5241 1569 5311 ἕτερον
1612 5239 1948 5310 προσμένειν

368 5345 468 5412 τῆς
502 5328 863 5410 ἔγκλεὶστρας
896 5339 1074 5401 ἐκτὸς,
1109 5338 1202 5390 ἵνα
1233 5335 1435 5406 μᾶλλον
1493 5333 1553 5385 τὸ
1602 5331 1943 5402 ἀμετάθετον

373 5433 572 5504 φανείη
610 5432 709 5500 τῆς
737 5430 965 5499 γνώμης
989 5430 1196 5489 αὐτῶν,
1229 5425 1373 5479 οὕτω
1402 5442 1461 5478 τε
1497 5423 1952 5492 πληροφορήσαν-

371 5542 467 5590 τες
502 5524 578 5585 ὡς
606 5526 668 5575 οὐ
698 5522 855 5591 δόξης
881 5521 1047 5590 ἔρωτι
1077 5518 1452 5589 ἀνθρωπίνης,
1484 5514 1622 5567 ἀλλά
1652 5513 1723 5565 δι’
1747 5512 1952 5581 ἀρετῆς

374 5617 642 5689 ἐργασίαν
693 5613 793 5684 τὴν
830 5612 1063 5683 ἡσυχίαν
1107 5609 1389 5680 ζητοῦσιν,
1436 5605 1955 5678 ἐγκλεισθὴσονται,

354 5709 562 5764 ,οὐκέτι
594 5705 1004 5774 ἐξελευσόμενοι
1054 5702 1151 5755 τοῦ
1182 5702 1451 5769 οἰκίσκον,
1481 5702 1530 5753 εί
1585 5700 1659 5769 μή
1696 5714 1801 5751 που
1833 5696 1953 5767 βια-

382 5799 563 5853 σθεῖεν
595 5797 688 5854 ὑπ’
722 5791 973 5866 ἀνάγκης
1021 5792 1163 5858 τινδς
1209 5793 1425 5866 ὁρώσης
1484 5792 1517 5864 ἤ
1570 5791 1709 5863 πρὸς
1764 5788 1981 5859 κοινῆνι

1023 5976 1043 6001 \

2044 4602 2194 4665 sunt,
2221 4588 2522 4659 periculoso
2565 4600 2625 4640 se
2656 4583 2872 4653 negotio
2922 4580 3060 4634 haud
3092 4577 3256 4631 dubie
3297 4576 3655 4631 committere

2043 4683 2210 4738 divini
2243 4680 2434 4734 Patres
2459 4676 2864 4733 existimavere.
2897 4672 3043 4740 Quos
3064 4671 3234 4741 igitur
3262 4666 3465 4740 aliquid
3492 4665 3655 4736 ejus!

2042 4774 2187 4832 modi
2218 4776 2400 4828 animo
2428 4773 2633 4840 agitare
2668 4766 2967 4837 coetiugat,
3001 4762 3324 4818 asceteriutn
3366 4759 3517 4829 prius
3554 4759 3651 4811 in»~
3728 4780 3731 4783 -

2047 4870 2217 4940 gredi,
2250 4869 2432 4938 ibique
2452 4880 2511 4919 se
2550 4862 2721 4916 tribus
2748 4859 2903 4913 annis
2935 4856 3201 4923 majorum
3245 4849 3487 4921 imperiis
3534 4849 3640 4910 ob,

2044 4971 2334 5030 sequentes
2368 4959 2604 5029 praebere
2623 4951 2833 5021 iubent,
2870 4959 2926 5002 ut
2960 4962 3023 5003 co
3043 4958 3211 5016 pacto
3226 4940 3617 4998 anachoretica:

2048 5051 2347 5122 disciplina:
2408 5045 2694 5119 praeceptis
2752 5040 2976 5105 imbuti,
3024 5053 3087 5092 ac.
3136 5038 3189 5092 iu
3246 5032 3638 5091 exercitatione

2051 5143 2276 5216 parendi
2320 5141 2543 5194 tuulttttu
2592 5137 2792 5204 diuque
2825 5130 3045 5194 versati,
3092 5138 3367 5184 remotum»
3404 5123 3542 5180 illud
3569 5122 3639 5176 ab

2052 5213 2329 5288 hominum
2356 5228 2615 5281 societate
2632 5227 2753 5278 vine
2784 5237 2951 5293 genus
2969 5228 3037 5273 “ex
3082 5219 3263 5273 animo
3289 5232 3349 5272 se
3380 5213 3644 5281 amplecti-

2053 5324 2189 5379 velle
2223 5323 2614 5376 demonstrent.
2649 5316 2787 5370 Tum
2824 5324 3057 5368 utentem
3112 5324 3299 5377 eorum
3343 5307 3458 5376 ipse
3501 5319 3641 5375 quo!

2053 5432 2157 5486 que
2210 5413 2309 5467 loci
2355 5411 2582 5465 antistes
2627 5406 2890 5476 exploret,
2925 5404 3191 5471 uniusque
3218 5399 3342 5453 anni
3376 5407 3642 5465 praetereo

2056 5506 2313 5578 spatium,
2361 5500 2649 5572 probanda:
2688 5497 2858 5568 magis
2910 5493 3251 5555 constantiae,
3298 5499 3448 5543 extra
3487 5486 3636 5541 cella.

2056 5607 2204 5667 septa
2235 5590 2578 5661 exigatJliuc
2608 5588 2694 5642 ubi
2737 5603 2797 5643 se
2836 5582 3409 5641 uonlaudis’luuuaute
3433 5579 3633 5644 studio,

2040 5693 2153 5747 sed
2184 5686 2414 5743 virtutis
2445 5682 2758 5740 exercendae
2801 5676 3076 5735 desidet-io
3116 5675 3459 5732 solitudinem
3502 5671 3634 5725 ada-

2060 5797 2237 5840 ntasse
2287 5779 2443 5836 fidem
2493 5776 2743 5841 fecerint,
2789 5773 2861 5827 ita
2897 5770 3112 5825 demum
3170 5764 3371 5822 includi
3422 5764 3633 5853 volunt,
