4074 6382
355 358 465 423 δῆίι

1334 367 1413 426 1N
1452 365 1619 427 CAN.
1662 340 1823 425 XLu
1859 361 2068 423 CONC.
2109 364 2191 424 IN
2233 364 2555 429 'l‘RULLO.

3485 374 3589 435 (“:66

429 490 448 522 ι
500 472 853 543 μοναστηρίῳ
899 472 1358 538 ἐγκαθίστασθαι,
1387 472 1484 524 καὶ
1522 472 1633 534 τοῖς
1668 470 1914 543 ἀδελφοῖς
1946 515 1952 528 ι

2097 495 2115 527 ι
2153 477 2305 543 Quod
2348 480 2393 535 si
2428 482 2529 534 hoc
2562 495 2667 533 non
2700 481 2979 551 elegerint,
3013 494 3109 536 eos
3140 481 3365 536 omnino
3395 498 3462 537 ex
3492 499 3586 535 ιιι·-

429 585 451 619 t
495 569 961 634 ἐγκαταλέγεσθαι
1005 569 1157 637 (28)·
1189 571 1236 621 εί
1284 567 1342 621 δὲ
1405 568 1477 637 μὴ
1533 566 1693 619 τοῦτο
1753 559 1918 634 προέὲ

431 678 452 711 ‹
493 660 695 725 λοιντο,
733 661 1081 713 παντάπασιν
1116 660 1315 724 αὐτοὺς
1368 658 1477 712 τῶν
1517 657 1728 712 πόλεων
1783 657 1921 709 ἀπε·
2020 656 2025 661 ’

430 771 447 803 ι
493 752 813 814 λαύνεσθαι,
844 754 934 805 καὶ
968 754 1064 814 τὰς
1097 753 1338 820 ἐρήμους
1362 751 1559 814 οἰκεῖν,
1614 748 1675 813 ἐξ
1714 742 1789 802 ὧν
1823 747 1921 801 καὶ

434 864 454 895 ι
496 844 593 904 τὰς
626 844 941 911 ἐπωνυμίας
974 845 1189 907 ἑαυτοῖς
1236 842 1636 897 ἀνεπλάσαντο.
1683 858 1702 892 ι

432 936 627 989 ΒΑΛΣ.
662 936 855 988 Πολλοὶ
885 935 1178 989 λαοπλάνοι
1204 937 1300 997 τὰς
1329 934 1513 996 πόλεις
1541 920 1922 1002 περιέρχονται

365 1027 881 1096 μελανειμονοῦντες
917 1027 1011 1080 καὶ
1058 1026 1442 1096 ἀκειροκόμαι,
1499 1023 1758 1095 νηστείαν
1825 1022 1921 1076 καὶ

355 1118 615 1171 ἀλουσίαν
644 1118 1083 1188 ὑποκρινόμενοι,
1108 1119 1203 1171 καὶ
1236 1120 1555 1182 ἀπατῶντες
1578 1118 1703 1179 τοὺς
1734 1106 1928 1169 ἁπλου-

362 1212 606 1282 στέρους,
658 1212 750 1262 καὶ
809 1211 869 1263 τὸ
929 1212 1219 1281 μοναχικὸν
1277 1211 1603 1279 ἐπάγγελμα
1662 1208 1925 1282 καθυδρί-

362 1306 564 1368 ζοντες.
602 1307 709 1358 Καὶ
760 1307 807 1358 οἱ
851 1305 949 1374 μὲν
997 1306 1053 1369 ἐξ
1085 1305 1264 1357 αὐτῶν
1302 1305 1439 1373 μετὰ
1470 1302 1674 1357 λαῖκῶν
1718 1276 1927 1372 ἀνδρῶν

363 1400 458 1451 καὶ
507 1398 783 1464 γυναικῶν
816 1397 1217 1467 συνδιάγοντες,
1253 1398 1345 1450 καὶ
1394 1398 1494 1460 τὰς
1535 1396 1777 1468 τριόδους
1817 1395 1933 1447 δαι-

369 1490 654 1560 μ’.νιὼδεσι
733 1492 1027 1561 διδάγμασι
1091 1490 1568 1560 καταόομὸοὖντες
1590 1528 1608 1553 ,
1640 1527 1647 1547 .
1682 1488 1931 1557 εὔχονται

364 1584 526 1652 δῆθεν
569 1584 712 1654 ὑπὲρ
764 1582 858 1636 τοῦ
915 1581 1084 1649 λαοῦ,
1137 1582 1233 1635 καὶ
1293 1582 1580 1652 μετάνοιαν
1624 1566 1930 1650 κηρύσσου-

370 1690 492 1728 σινο
559 1676 606 1728 οἱ
672 1674 727 1727 δὲ
783 1673 1000 1742 λέγουσι
1028 1672 1154 1726 καθ’
1207 1672 1434 1742 ὁρισμὸν
1494 1672 1630 1725 Θεοῦ
1685 1671 1745 1733 ἐξ
1798 1671 1928 1741 ἐρή-

372 1782 470 1840 μου
502 1769 579 1831 είς
603 1767 700 1830 τὰς
728 1767 913 1828 πόλεις
951 1765 1147 1828 ἐλθεῖν,
1183 1767 1265 1835 ἐφ’
1308 1758 1353 1833 ᾧ
1384 1764 1738 1835 προμηνῦσαι
1808 1779 1929 1816 τινα

2100 590 2118 623 ι
2157 569 2314 626 hibus
2357 572 2574 641 expelli.
2612 583 2663 627 et
2694 588 2906 629 eremos
2959 575 3205 630 habitare
3230 617 3245 639 ,
3276 591 3341 630 ex
3382 576 3585 644 quibus

2097 681 2116 714 ‹
2159 665 2265 720 sibi
2301 666 2463 720 etiam
2497 664 2965 722 denominationes
2991 667 3324 724 continuere.
3363 687 3383 721 ι

2098 934 2292 989 BALS.
2331 934 2650 1002 Complures
2695 934 2874 1001 papuli
2929 934 3262 995 seductores,
3293 935 3457 989 nrbes
3487 935 3592 989 ob-

2031 1036 2249 1091 euntes,
2281 1028 2583 1080 induuntur
2613 1026 2785 1095 nigris
2820 1027 3094 1087 vestibus,
3124 1035 3177 1079 et
3209 1035 3336 1080 sunt
3360 1027 3592 1080 intonsis

2030 1118 2268 1182 capillis,
2293 1117 2561 1186 jejunium
2590 1134 2652 1172 ac
2682 1118 2989 1187 Squalerem
3017 1134 3124 1184 pne
3155 1134 3214 1173 se
3243 1119 3505 1177 ferentes,
3539 1126 3594 1172 et

2032 1206 2401 1276 simpliciores
2434 1207 2807 1273 decipientes,
2850 1222 2912 1259 ae
2955 1207 3330 1262 monachalem
3386 1206 3597 1275 profes-

2033 1297 2244 1353 sionem
2304 1298 2501 1369 injuria
2556 1298 2898 1353 al‘licientes.
2936 1300 3014 1354 Ac
3072 1298 3315 1351 nonnulli
3375 1296 3593 1363 quidem

2034 1406 2248 1455 eorum,
2277 1407 2382 1444 una
2409 1407 2532 1444 cum
2566 1390 2702 1444 viris
2739 1390 2893 1444 laicis
2923 1390 3352 1459 mulieribusque
3378 1404 3599 1443 versan-

2034 1493 2139 1547 tes,
2175 1494 2229 1538 et
2262 1485 2315 1538 in
2352 1485 2539 1541 triviis
2558 1487 2910 1541 dzemoniaeis
2942 1485 3210 1540 doetriuis
3247 1485 3601 1538 circumstre-

2037 1586 2247 1646 pontes,
2266 1592 2364 1647 pro
2381 1579 2581 1647 pepulo
2600 1579 2788 1646 utique
2808 1584 3125 1645 precantur,
3150 1585 3203 1630 et
3226 1566 3597 1644 pmnitentiatn

2038 1668 2359 1738 prmdicanl.
2386 1667 2493 1721 'Alii
2528 1684 2658 1723 vero
2688 1669 2874 1722 dicunt
2907 1683 2965 1722 se
2999 1667 3086 1719 Dei
3113 1666 3275 1732 jussu
3308 1681 3371 1719 ex
3408 1667 3603 1719 solitu-

2039 1760 2165 1815 dine
2196 1761 2252 1813 in
2287 1760 2539 1814 civitates
2569 1758 2806 1822 venisse,
2836 1767 2894 1811 ut
2928 1756 3109 1810 futura
3136 1756 3378 1825 quaedam
3406 1753 3605 1823 prmdi—

373 1865 635 1933 μέλλοντα
659 1877 672 1891 ·
709 1866 798 1915 καὶ
827 1861 1061 1925 ἀναιδῶς
1117 1862 1299 1929 ἀγαθά
1327 1879 1450 1915 τινα
1482 1862 1601 1925 τοῖς
1627 1859 1931 1923 ἁπλουστέτ-

2051 1862 2164 1906 :ant
2200 1871 2214 1923 _:
2255 1860 2310 1906 et
2348 1850 2772 1919 simplicioribus
2809 1850 2948 1902 bona
2980 1848 3227 1915 qnmdam
3263 1846 3605 1912 impudenter

373 1973 489 2024 ροις
529 1954 962 2022 ἐπαγγέλλονται
1012 1956 1175 2025 χάριν
1214 1953 1440 2023 κέρδους
1486 1954 1582 2007 καὶ
1637 1952 1931 2022 ἐμπορίας.

371 2047 593 2100 Τούτων
632 2042 727 2100 οὖν
768 2047 801 2116 ἡ
841 2045 1057 2109 σύνοδος
1111 2044 1249 2118 αῦτη
1281 2044 1577 2116 διορίζεται
1625 2044 1724 2106 τὰς
1756 2043 1937 2113 κόμας

375 2141 685 2211 κείρεσθαι,
722 2141 814 2193 καὶ
868 2140 927 2193 ἐν
976 2138 1364 2210 μοναστηρίοις
1419 2137 1760 2205 εἰσάγεσθαι,
1792 2137 1934 2189 ὥστε

374 2234 465 2286 τὸν
500 2234 709 2303 μονήρη
753 2232 867 2302 βίον
927 2231 1136 2298 διάγειν
1168 2231 1226 2282 ἐν
1257 2229 1461 2292 αὐτοῖς.
1517 2229 1580 2281 Εἰ
1613 2229 1658 2280 δ’
1707 2230 1769 2281 ού
1814 2228 1940 2298 βού-

375 2325 556 2378 λονται
590 2326 768 2388 τοῦτο,
809 2324 1094 2377 ἐκδιώκειν
1139 2320 1337 2382 αὐτοὺς
1364 2323 1428 2373 ἐκ
1460 2320 1574 2374 τῶν
1601 2321 1831 2383 πόλεων,
1866 2322 1942 2385 ὡς

377 2416 444 2470 ἂν
476 2417 532 2469 ἐν
563 2417 790 2486 ἐρήμοις
817 2416 1049 2483 διάγωσι
1068 2431 1083 2445 ο
1115 2415 1207 2467 καὶ
1239 2412 1304 2482 ἢν
1334 2412 1548 2476 ἑαυτοῖς
1569 2414 1942 2486 άνεπλάσαντο

377 2479 680 2579 διαγωγὴν,
710 2509 811 2562 ούκ
845 2479 929 2573 ἐξ-
956 2509 1236 2580 ἀληθείας,
1262 2479 1407 2562 ’ἀλλ’
1451 2508 1559 2563 ἀπὸ
1614 2479 1821 2578 πλάνης
1852 2508 1946 2561 καὶ

379 2600 586 2669 τρόπου
646 2600 863 2658 σκαιοῦ.
896 2598 1030 2655 Οὐδὲ
1060 2602 1170 2670 γὰρ
1212 2599 1436 2671 ᾤκησαν
1480 2598 1576 2670 τὴν
1612 2597 1820 2667 ἔρημον
1855 2597 1943 2651 διὰ

384 2692 663 2761 σωτηρίαν
687 2691 888 2764 ψύχῆς,
938 2694 987 2746 εί
1016 2692 1223 2760 ταύτην
1253 2692 1657 2761 πραγματικῶς
1684 2688 1744 2755 ἐξ
1774 2688 1943 2756 ἀνάγ-

382 2802 485 2854 κης
525 2786 711 2855 ἔχωσι,
769 2786 844 2856 μὴ
904 2772 1395 2857 παραχώρούμενοι
1426 2786 1484 2836 ἐν
1520 2783 1707 2837 πόλεσι
1755 2799 1938 2853 παρα-

383 2876 625 2930 ϐάλλειν.

453 2968 699 3021 ΖΩΝΑΡ.
736 2968 950 3022 Παλαιὰ
982 2969 1013 3037 ἡ
1050 2967 1239 3033 κακία,
1283 2969 1370 3022 ἀεὶ
1411 2966 1615 3037 ταύτην
1660 2967 1782 3028 ταῖς
1839 2964 1950 3018 τῶν

386 3060 688 3131 ἀνθρώπων
730 3060 982 3131 καρδίαις
1030 3060 1122 3112 τοῦ
1177 3059 1485 3131 ἁρχεκάκου
1543 3042 1947 3126 ἐνσπείροντος.

386 3151 569 3209 Ἦσαν
607 3155 714 3227 γάρ
745 3155 839 3206 καὶ
864 3153 1031 3233 πάλαι
1063 3151 1227 3215 τινές,
1260 3151 1310 3203 οἳ
1345 3152 1546 3222 μέλανα
1567 3149 1946 3219 περιϐλήματι
1974 3179 2020 3243 c

387 3248 691 3311 ἐνεδύοντο,
754 3247 848 3299 καὶ
898 3246 996 3308 τὰς
1033 3246 1208 3313 κόμας
1243 3244 1343 3296 οὐκ
1401 3242 1639 3312 ἔκειρον,
1670 3239 1788 3293 ἀλλ’
1820 3239 1948 3291 εἴων

389 3344 468 3403 εἰς
507 3339 836 3409 βοστρύχους
882 3338 1052 3399 αὑτὰς
1103 3334 1505 3402 καθισταμένας
1560 3332 1672 3395 τοῖς
1708 3330 1953 3397 στέρνοις

390 3432 569 3488 αὐτῶν
608 3432 703 3485 καὶ
760 3433 870 3493 τοῖς
905 3431 1076 3499 ὤμοις
1135 3427 1503 3497 περικεῖσθαι,
1539 3425 1634 3479 καὶ¹
1667 3423 1811 3477 οὕτω
1857 3422 1955 3483 τὰς

390 3512 574 3590 πίλεις
624 3524 992 3594 περιέτρεχον,
1044 3521 1140 3575 καὶ
1195 3522 1403 3584 λαῖκοῖς
1438 3517 1662 3589 ἀνδράσι
1719 3517 1956 3585 συνῆσαν

392 3619 489 3671 καὶ
516 3616 755 3685 γυναιξὶ,
788 3616 848 3668 τὸ
883 3615 1175 3684 μοναχικδν
1207 3611 1533 3681 ἐπάγγελμα
1591 3608 1952 3677 καθυϐρίζον-

390 3728 504 3771 τες.
536 3709 758 3771 Τούτοις
792 3709 824 3777 ἡ
859 3706 1076 3769 σύνοδος
1117 3704 1257 3773 α’ύτη
1287 3703 1583 3774 προτάσσει
1635 3700 1734 3760 τὰς
1780 3700 1958 3768 κόμας

396 3800 697 3869 κείρεσθαι,
719 3800 814 3853 καὶ
836 3799 893 3875 ἐν
916 3795 1301 3866 μοναστηρίοις
1328 3792 1667 3860 εἰσάγεσθαι,
1700 3790 1841 3843 ὥστε
1867 3808 1960 3865 μο-

397 3896 579 3963 ναχοῖς
604 3892 868 3944 συνοικεῖν
894 3905 952 3940 τε
971 3887 1059 3941 καὶ
1079 3888 1361 3940 συνασκεῖν
1380 3902 1396 3917 ο
1430 3885 1478 3936 εί
1504 3884 1549 3937 δ’
1582 3883 1643 3936 ού
1681 3882 1960 3953 βούλονται

397 3985 578 4051 τοῦτο,
623 3980 901 4043 παντελῶς
934 3977 1045 4031 τῶν
1092 3977 1301 4029 πόλεων
1332 3973 1765 4051 ἀπελαύνεσθαι,
1796 3974 1883 4027 ἵνα
1904 3972 1963 4025 ἐν

2040 1946 2403 2012 pollicentur,
2440 1942 2576 1997 lucri
2611 1951 2663 1996 et
2700 1938 3040 1995 mercimonii
3082 1938 3275 2008 gratia.
3322 1935 3445 1991 Haec
3475 1950 3606 2006 ergo

2038 2022 2285 2110 ‘synodus
2332 2038 2546 2097 statuit,
2598 2045 2658 2087 ut
2704 2034 2784 2089 eis
2828 2047 2999 2086 comae
3051 2029 3496 2090 tondeautttr,,et
3551 2029 3604 2081 in

2041 2131 2372 2185 monasteria
2423 2127 2865 2189 introducantur,
2912 2133 2972 2177 ut
3020 2122 3383 2177 monasticam
3432 2122 3485 2173 iu
3527 2123 3607 2175 eis

2040 2222 2207 2277 vitam
2237 2227 2421 2293 agant.
2464 2220 2559 2273 Sin
2603 2227 2781 2272 autem
2814 2216 2916 2270 hoc
2954 2216 3151 2279 nolint,
3194 2222 3255 2269 ut
3281 2230 3345 2268 ex
3381 2213 3606 2267 urbibus

2042 2311 2405 2382 expellantur,
2449 2324 2557 2379 quo
2602 2307 2657 2361 in
2688 2308 2887 2361 eremis
2919 2320 3039 2360 eam
3085 2303 3301 2357 vivendi
3336 2302 3605 2355 rationem

2045 2412 2469 2475 persequantur,
2510 2416 2673 2470 quam
2716 2398 2852 2462 sibi,
2889 2412 2996 2452 non
3030 2413 3095 2451 ex
3133 2396 3379 2459 veritate,
3419 2394 3510 2448 sed
3541 2409 3607 2447 ex

2046 2496 2259 2553 fallacia
2311 2502 2366 2550 et
2397 2508 2606 2547 morum
2652 2490 3019 2560 improbitate.
3061 2489 3390 2543 conﬁnxere.
3425 2485 3610 2553 Neque

2047 2592 2191 2647 enim
2222 2590 2275 2643 in
2321 2600 2507 2640 eremo
2549 2593 2767 2654 prOpter
2816 2582 3011 2635 animae
3042 2581 3274 2634 salutem
3312 2577 3614 2655 habitavis-

2046 2690 2189 2743 sent,
2215 2680 2258 2735 si
2284 2679 2428 2733 hanc
2451 2677 2629 2744 reipsa
2662 2673 2970 2730 necessario
2998 2672 3326 2733 tenuissent.
3353 2669 3417 2723 ad
3446 2670 3615 2723 urbes

2047 2774 2310 2831 accedere
2347 2785 2457 2824 non
2488 2768 2764 2823 concessi.

2119 2949 2371 3008 ZONAR.
2407 2949 2702 3018 Antiquum
2724 2947 2840 3019 hoc
2870 2946 3069 2998 malum
3102 2952 3206 3005 est,
3239 2943 3292 2995 in
3328 2938 3612 2995 hominum

2050 3048 2364 3120 pectoribus
2406 3044 2485 3097 ab
2515 3043 2634 3111 ipso
2683 3040 2947 3093 malorum
3003 3037 3247 3090 omnium
3289 3042 3515 3087 auctore
3558 3037 3617 3085 et

2054 3149 2273 3213 parente
2298 3136 2732 3194 disseminatum.
2760 3131 2899 3185 Olim
2927 3143 3144 3199 quoque
3177 3126 3342 3196 igitur
3371 3140 3477 3178 non
3511 3125 3601 3177 de-

2054 3235 2223 3297 fuere,
2256 3232 2347 3301 qui
2382 3227 2794 3298 nigro‘amictu,‘
2827 3234 3096 3289 comaque
3138 3231 3482 3287 nequaquam
3520 3215 3618 3267 de-

2052 3335 2234 3389 tonsa,
2266 3322 2360 3378 sed
2393 3322 2445 3375 in
2475 3319 2755 3373 cincinnos
2789 3313 2944 3383 plexa
2980 3322 3033 3366 et
3072 3311 3295 3370 intorta,
3329 3308 3382 3361 in
3415 3312 3609 3379 pectus

2056 3418 2424 3483 humerosque
2452 3410 2742 3471 defluente,
2779 3407 2851 3459 ita
2885 3405 3102 3459 demum
3138 3401 3301 3455 urbes
3331 3400 3621 3469 pervelim-

2057 3517 2200 3572 rent,
2228 3516 2425 3561 etcum
2452 3502 2610 3556 laicis
2634 3499 2766 3552 viris
2791 3495 2995 3568 pariter
3016 3510 3078 3548 ac
3106 3491 3343 3551 feminis,
3370 3505 3474 3543 non
3502 3486 3621 3543 sine

2059 3600 2259 3673 injuria
2291 3596 2603 3681 monasticm
2632 3589 2987 3663 professionis
3021 3603 3083 3641 ac
3116 3583 3374 3648 instituti,
3404 3581 3623 3635 assidite

2058 3671 2422 3749 versarentur.
2454 3671 2565 3739 Eos
2617 3685 2783 3754 igitur
2825 3681 3075 3735 homines
3116 3677 3342 3730 detonsa
3377 3687 3531 3726 coma
3568 3671 3623 3723 in

2061 3783 2394 3853 monasteria
2426 3776 2646 3839 deduci,
2678 3775 2863 3841 ibique
2894 3786 3017 3825 cum
3060 3764 3343 3821 monachis
3368 3762 3624 3829 degentes

2062 3877 2251 3931 eadem
2281 3875 2401 3928 vitae
2424 3871 2607 3926 munia
2649 3867 2801 3923 obire
2835 3881 2850 3918 :
2882 3861 3024 3934 quod
3056 3861 3100 3915 si
3139 3860 3245 3913 hoc
3276 3862 3380 3909 non
3412 3854 3621 3915 volunt,

2073 3971 2297 4022 omnino
2359 3983 2423 4020 ex
2468 3963 2695 4018 urbibus
2738 3956 2975 4022 extrudi,
3011 3968 3076 4008 ac
3120 3953 3175 4006 in
3211 3947 3430 4030 eremis,
3466 3944 3628 4014 209

398 4042 629 4147 ἐρήμοις
657 4075 938 4142 διάγωσιν,
972 4071 1030 4137 ἐξ
1075 4064 1149 4124 ὧν
1194 4068 1292 4139 τὴν
1320 4067 1639 4134 ἐπωνυμίαν
1676 4042 1735 4119 τὸ
1772 4064 1952 4133 ἐρημί-

2067 4061 2211 4115 unde
2255 4057 2602 4113 eremitarum
2638 4051 2740 4107 sibi
2807 4050 3002 4103 falsum
3046 4058 3245 4098 nomen
3293 4042 3627 4099 asciverant,

398 4185 489 4222 ται
526 4166 808 4221 καλεῖσθαι
843 4165 1058 4226 ἑαυτοῖς
1091 4159 1492 4214 ἀνεπλάσαντο.
1526 4156 1601 4210 Οὐ
1632 4154 1742 4225 γὰρ
1785 4152 1844 4218 ἐξ
1869 4152 1966 4204 αύ-

399 4254 495 4307 τοῦ
523 4253 617 4307 τοῦ
650 4252 976 4322 πράγματος
1007 4250 1274 4320 ἐσχήκασι
1318 4246 1415 4315 τὴν
1446 4243 1785 4315 ἐπωνυμίαν,
1826 4240 1963 4295 ἀλλὰ

399 4346 612 4415 ψευδῶς
645 4343 850 4414 ταύτην
895 4342 1107 4402 ἑαυτοῖς
1161 4338 1548 4408 ἐπωνόμασαν,
1598 4334 1693 4390 καλ⁸
1735 4333 1964 4401 πλάσμα

407 4439 593 4499 αὐτοῖς
619 4436 681 4490 τὸ
722 4435 911 4505 σχῆμά
938 4450 997 4487 τε
1032 4432 1127 4486 καὶ
1158 4431 1218 4484 τὸ
1244 4429 1438 4500 ὄνομα.

2068 4150 2298 4221 relegari
2342 4146 2583 4219 synodus
2612 4142 2790 4213 jubet.
2827 4139 2941 4192 Nec
2985 4137 3129 4189 enim
3168 4147 3365 4187 nomen
3400 4129 3531 4183 illud
3560 4142 3625 4181 ex

2070 4220 2473 4304 veroiductutn,
2515 4230 2609 4291 sed
2645 4232 2788 4305 quod
2824 4230 3050 4297 sibimet
3100 4226 3202 4295 ipsi
3251 4225 3390 4277 falso
3422 4220 3631 4275 iudide-
3720 4274 3723 4275 ν

2070 4344 2216 4395 rant,
2256 4347 2380 4387 cum
2431 4328 2621 4383 habitu
2655 4322 2901 4380 mendaci
2945 4333 3138 4374 nomen
3179 4330 3397 4387 quoque
3447 4312 3630 4367 tictum

2072 4428 2334 4482 habuere.

403 4490 624 4584 APIS‘i‘.
672 4544 691 4577 ι
730 4490 1087 4594 Ἀδελανείμων
1151 4521 1246 4575 καὶ
1329 4490 1714 4590 άκερσεκὸμης
1765 4513 1952 4588 ἐρημί-

2063 4515 2288 4595 ARIST.
2326 4533 2359 4567 ι.
2377 4511 2612 4567 Eremita
2633 4508 2805 4579 nigris
2830 4493 3074 4560 vestibus
3096 4498 3343 4562 indutus,
3368 4503 3423 4550 et
3446 4490 3632 4548 comas

481 4639 499 4671 ι
544 4636 665 4686 της,
705 4619 753 4669 εἰ
797 4614 871 4685 μὴ
901 4615 1216 4685 κειρόμενος
1247 4612 1667 4680 ἐγκαταλέγοιτο
1692 4608 1775 4683 τῷ
1804 4608 1970 4679 μόναι

384 4770 387 4775 ν
482 4731 528 4793 ι,
551 4710 778 4780 στηρίῳ,
811 4708 909 4777 τῆς
941 4706 1150 4769 πόλεως
1178 4703 1584 4757 άπελαυνέσθω.
1623 4720 1642 4753 ι

481 4786 543 4855 Oi
575 4802 673 4863 τὰς
704 4799 887 4860 πόλεις
925 4794 1358 4866 περιτρέχοντες,
1384 4791 1458 4855 ὡς
1486 4792 1648 4860 δῆθεν
1687 4786 1968 4859 ἐρὴμῖται,

410 4896 509 4950 καὶ
543 4895 641 4955 τὰς
665 4888 907 4959 κεφαλὰς
935 4885 1237 4955 κομῶντες,
1292 4885 1388 4947 καὶ
1426 4879 1967 4953 μελανειμονοῦντες,

406 4988 442 5056 ἢ
482 4987 560 5047 είς
586 4981 943 5054 μοναστήριον
962 4976 1175 5045 είσερχέ
1189 4975 1425 5038 σθωσαν,
1447 4972 1543 5035 τὰς
1563 4971 1756 5042 τρίχας
1784 4971 1969 5040 κειρό-

413 5095 587 5149 μενοι,
624 5074 721 5129 καὶ
747 5073 809 5126 τὸ
834 5070 1021 5141 σχῆμα
1046 5067 1155 5120 τῶν
1181 5065 1386 5119 λοιπῶν
1430 5062 1681 5134 μοναχῶν
1714 5060 1974 5131 ἀναδεχό-

413 5159 585 5239 μενοι·
623 5165 658 5236 ἢ
694 5166 742 5218 εί
776 5162 850 5234 μὴ
880 5159 1036 5215 τοῦτο
1089 5153 1406 5226 αἱροῦνται,
1463 5152 1573 5206 τῶν
1630 5151 1835 5204 πόλεων
1866 5151 1972 5203 ἀπ-

410 5256 842 5317 ελαυνέσθωσαν,
885 5251 973 5304 ἵνα
1022 5247 1096 5319 μὴ
1122 5248 1182 5300 τὸ
1211 5244 1426 5313 οἰκεῖον]
1466 5240 1790 5310 ἐπάγγελμα
1838 5239 1971 5293 καθ-

412 5348 714 5418 υϐρίζωσιο
756 5345 849 5398 καὶ
881 5343 977 5404 τὰς
1007 5340 1246 5414 ἐρημίας
1290 5335 1631 5400 οίκείτωσαν,
1664 5333 1721 5398 ἐξ
1770 5326 1972 5385 ὦνἸιαὶ

411 5441 512 5510 τὴν
541 5434 855 5506 ἐπωνυμίαν
885 5435 1203 5500 ἐκτήσαντο.

2130 4628 2148 4660 ι
2186 4585 2292 4661 non
2324 4606 2609 4666 detonsus,
2645 4599 2747 4655 nisi
2783 4597 3049 4653 detonsus
3081 4590 3417 4648 monasterio
3455 4585 3632 4640 inclu-

2143 4723 2161 4753 ‹
2205 4704 2384 4763 datur,
2421 4699 2554 4753 urbe
2585 4693 2913 4762 expellatur.
2955 4708 2974 4741 ι

2141 4793 2244 4859 Qui
2286 4791 2451 4845 urbes
2496 4791 2850 4857 percurrunt,
2909 4790 2966 4835 ut
3012 4778 3223 4835 scilicet
3271 4772 3535 4835 eremitze,
3580 4779 3636 4824 et

2072 4887 2305 4955 capitum
2333 4874 2545 4936 comam
2570 4876 2846 4940 nutriunt,
2864 4880 2919 4928 et
2943 4870 3113 4941 nigris
3138 4868 3439 4923 induuntur
3463 4862 3635 4917 vesti-

2069 4953 2196 5037 bus,
2247 4972 2331 5028 vel
2383 4967 2777 5025 monasterium
2830 4963 3221 5033 ingrediantur.
3261 4957 3493 5028 capillos
3540 4953 3639 5008 de-

2071 5064 2239 5131 tonsi,
2279 5070 2334 5119 et
2373 5062 2706 5131 reliquorum
2750 5055 3140 5128 monachorum
3189 5051 3432 5105 habitum
3466 5043 3639 5102 susci-

2074 5157 2308 5228 pientes,
2332 5152 2413 5207 vel
2442 5151 2487 5204 si
2517 5152 2619 5205 hoc
2642 5163 2748 5203 non
2770 5145 3063 5215 elegerint,
3079 5142 3305 5197 urbibus
3326 5141 3635 5208 abigantur,

2076 5262 2145 5303 ne
2191 5242 2519 5315 professioni
2565 5255 2678 5295 suae
2727 5237 2997 5315 injuriatn
3032 5232 3236 5287 faciant
3283 5248 3298 5285 :
3342 5239 3398 5285 et
3424 5241 3640 5285 eremo:

2077 5310 2404 5402 inhabitent,
2432 5348 2464 5390 e
2500 5332 2700 5403 quibus
2737 5340 2792 5386 et
2822 5310 3020 5385 nomen
3054 5324 3231 5381 sortiti
3267 5329 3418 5379 sunt.

1634 5536 1831 5601 Guill.
1877 5539 2206 5619 Beveregii
2231 5544 2418 5601 notes.
2550 5562 2553 5571 λ
3596 5600 3607 5610 .

487 5645 733 5729 eam
782 5652 907 5729 τοῖς
956 5650 1241 5729 ἀδελφρῖς
1306 5637 1952 5729 έτκαῖαλέτεετθθιειέξε

2068 5642 2322 5729 fratribus
2352 5639 2599 5729 jnclitdi,
2638 5635 2745 5693 viz.
2789 5636 2843 5692 in
2886 5633 3233 5695 monasterio,
3278 5628 3343 5684 dc
3406 5642 3511 5698 quo
3552 5625 3640 5683 hic

415 5708 639 5802 quidem
654 5708 855 5802 omnes
877 5708 1064 5802 tegunt
1086 5708 1330 5802 codices,
1345 5708 1538 5802 praeter
1568 5708 1958 5802 A'merba‘chia.

421 5783 575 5867 Etim,
619 5795 711 5866 qui
759 5792 884 5863 legit
930 5783 1419 5859 ἔγκαταλέγεσθὰι.
1462 5783 1530 5842 Ut
1557 5796 1721 5840 sensu
1754 5783 1826 5836 sit
1855 5796 1963 5835 una

2069 5710 2249 5771 Sermo
2279 5710 2530 5768 habetur.

2859 5908 2926 5917 ...-
