4074 6394
379 299 475 368 δρι

1288 302 1293 329 ε
1346 301 1426 362 1N
1460 292 1620 361 CAN.
1661 295 1866 359 XLVII
1908 271 2115 359 coNc.
2159 301 2240 361 lN
2304 303 2623 365 TRULLO.

3510 316 3617 381 692

380 414 471 467 θεν
523 410 736 464 ὗλισθον
788 411 1105 479 κωλύσομεν
1127 428 1139 443 ·
1193 411 1346 463 ἔσται
1374 410 1554 479 πολλῷ
1585 411 1731 480 ῥᾴων
1762 428 1820 462 τε
1856 412 1945 462 καὶ

2051 411 2264 477 planior
2293 415 2467 468 Sacris
2499 418 2977 472 concertatoribus
3021 421 3147 475 vita:
3197 422 3443 480 melioris
3486 442 3618 479 cor-

380 503 725 570 εὐκολωτὲρα
753 505 863 565 τοῖς
897 503 1077 571 ἱεροῖς,
1095 503 1422 570 ἀγωνισταῖς
1447 502 1479 570 ἡ
1508 500 1602 553 τοῦ
1637 501 1942 570 κρείττονος

385 595 498 662 βίου
528 596 889 664 κατόρθωσις.
925 596 1131 657 Πάντες
1161 596 1339 647 τοίνυν
1371 593 1504 663 τῷδε
1534 593 1613 660 τῷ
1640 594 1789 660 νόμῳ
1822 609 1941 643 πει-

382 686 794 749 θέσθωσαν,καἰ
820 688 960 756 μήτε
985 688 1176 756 ἄνδρες
1198 686 1646 739 ἀποτιθέσθωσαν
1677 686 1735 737 ἐν
1763 677 1946 748 γυναι·-

381 778 544 832 κείων
579 779 950 849 μοναστηρίων
977 780 1184 847 τάφοις,
1218 780 1354 848 μήτε
1387 781 1644 846 γυναῖκες
1671 777 1945 846 ἀνδρικοίς

386 872 771 942 μοναστηρίοις
818 872 1358 942 κατορυττέσθωσαν.
1412 872 1544 924 Οὐδὲ
1577 872 1684 938 γὰρ
1720 870 1943 938 ἀνδράσι

381 964 822 1032 γυναικωνίτιδες
851 964 1317 1033 πρέπουσιν,οὕτε
1351 963 1505 1024 αὖθις
1536 964 1805 1033 ἀνδρῶνες
1832 966 1945 1026 τοῖς

381 1057 492 1110 τῶν
536 1057 812 1123 γυναικῶν
861 1057 1204 1125 κατιλόγοις.
1239 1057 1371 1108 Οὐδὲ
1405 1056 1655 1108 ἐντεῦθεν
1700 1055 1790 1108 διὰ
1819 1056 1945 1117 τοὺς

382 1149 810 1217 τελευτήσαντας
838 1150 951 1211 τοῖς
980 1148 1229 1217 περιοῦσι
1259 1148 1356 1211 τὰς
1386 1150 1704 1217 ἀσχήμονας
1735 1146 1944 1209 ταύτας

383 1238 655 1308 ἐπιμίξεις
682 1238 925 1306 γίνεσθαι
959 1238 1265 1310 βουλόμεθα
1289 1255 1304 1271 ’
1354 1239 1441 1291 ἵνα
1486 1240 1562 1308 μὴ
1595 1238 1829 1309 πάροδος
1854 1240 1946 1291 -ὲν-

381 1329 572 1383 τεῦθεν
606 1329 828 1399 γένηται
856 1332 922 1401 τῇ
955 1330 1114 1399 φύσει
1146 1331 1280 1401 πρὸς
1312 1329 1537 1400 ἑαυτὴν,
1588 1330 1625 1383 ἃ
1674 1331 1746 1401 μὴ
1787 1331 1945 1398 θέμις

380 1425 593 1494 τρυφᾷν
637 1439 696 1475 τε
746 1423 837 1475 καὶ
884 1422 1123 1487 παίζειν,
1154 1424 1247 1475 καὶ
1299 1423 1367 1476 τὰ
1400 1423 1517 1476 θεῖα
1565 1424 1945 1494 καταισχύνειν

382 1514 707 1585 πράγματα,
741 1516 836 1567 καὶ
872 1515 1155 1578 εὐσεϐείας
1181 1516 1343 1583 δῆθεν
1376 1513 1804 1586 προκαλύμματι
1853 1515 1946 1567 καὶ

380 1608 459 1677 τῷ
502 1608 599 1677 τῆς
630 1606 784 1670 ὁσίας
830 1609 1074 1677 σχήματι
1106 1608 1282 1662 ταῦτα
1317 1607 1600 1677 πράττειν,
1631 1606 1774 1678 ἅπερ
1825 1607 1945 1660 οὐδὲ

380 1697 558 1765 λέγειν
588 1696 712 1749 οὐδὲ
737 1699 935 1750 ἐννοεῖν
964 1700 1076 1761 τοῖς
1109 1699 1320 1766 μονήρη
1350 1697 1465 1767 βίον
1498 1696 1729 1751 ἀσκοῦσι
1758 1697 1941 1750 καλόν.

2052 503 2245 556 rectio.
2283 502 2484 559 Omnes
2526 521 2659 575 ergo
2704 507 2779 560 illi
2814 509 2915 578 legi
2978 520 3224 579 pareant,
3254 523 3309 567 et
3346 530 3446 568 nec
3509 515 3617 570 viri

2053 594 2106 646 in
2164 596 2451 650 mulierum
2508 601 2969 653 monasteriorum
3018 603 3288 670 sepulcris
3328 592 3615 672 IreponanJ

2053 691 2163 744 tur,
2194 699 2293 738 nec
2320 685 2578 741 mulieres
2628 689 2681 740 in
2716 688 2955 742 virorum
3023 690 3375 747 iuliumentur
3409 710 3606 747 mona-

2051 775 2251 828 steriis.
2311 775 2498 845 Neque
2555 779 2698 831 enim
2760 782 2892 834 viris
2944 779 3227 851 Gynazcea,
3264 800 3362 837 nec
3417 801 3611 841 rursus

2053 866 2339 920 mulierum
2394 869 2660 935 catalogis
2718 873 2965 924 virorum
3037 873 3345 928 habitacula
3411 891 3617 930 conve-

2053 958 2230 1011 niunt.
2275 956 2414 1013 Hinc
2439 976 2537 1013 nec
2577 971 2802 1030 propter
2838 960 3144 1019 defunctos
3191 966 3479 1022 indecoras
3515 969 3612 1023 has

2052 1049 2472 1117 congressiones
2502 1067 2532 1105 a
2590 1055 2984 1120 supersdtibus
3024 1058 3153 1110 ﬁeri
3213 1060 3499 1115 volumus:
3546 1077 3613 1114 ne

2051 1156 2115 1197 ex
2149 1157 2215 1195 eo
2249 1152 2459 1197 natura:
2498 1144 2565 1197 ad
2633 1145 2866 1213 seipsam
2919 1148 3079 1201 detur
3132 1148 3332 1213 aditus,
3377 1164 3434 1203 ut
3479 1168 3612 1220 quo-

2052 1233 2213 1287 modo
2244 1250 2350 1290 non
2389 1234 2470 1289 fas
2499 1246 2583 1289 est
2613 1252 2671 1290 se
2705 1238 2937 1292 delicate
2955 1250 3113 1309 gerat
3133 1248 3187 1294 et
3220 1241 3388 1306 iudat,
3420 1252 3473 1297 et
3524 1259 3614 1299 res

2051 1327 2283 1381 divinas~
2320 1328 2517 1393 injuria
2576 1330 2796 1393 alliciat,
2850 1340 2903 1384 et
2950 1332 3164 1398 pietatis
3218 1335 3408 1403 utique
3478 1350 3617 1404 prae-

2053 1426 2203 1471 textu
2239 1430 2292 1471 et
2348 1418 2451 1473 sub
2503 1422 2811 1474 sanctitatis
2858 1423 3041 1489 specie
3072 1438 3132 1475 ea
3162 1432 3309 1492 agat,
3366 1441 3487 1493 quae
3544 1442 3613 1479 ne

2050 1508 2232 1563 dicere
2265 1510 2485 1577 quidem
2529 1526 2629 1564 nec
2658 1514 2902 1582 cOgitare
2940 1513 3023 1568 l‘as
3048 1523 3134 1567 est
3165 1530 3260 1569 eos
3301 1516 3393 1584 qui
3441 1517 3602 1571 hone-

2051 1609 2190 1653 stam
2221 1599 2387 1653 vitam
2436 1604 2796 1655 monasticam
2852 1614 3287 1673 persequuntur.
3340 1606 3474 1660 Cum
3508 1607 3616 1661 hoc

2052 1697 2231 1741 autem
2259 1691 2328 1742 sit
2357 1699 2631 1761 apertum,
2664 1708 2892 1748 necesse
2921 1704 3002 1748 est
3033 1711 3127 1748 eos
3186 1696 3280 1765 qui
3314 1699 3615 1769 sepulturi:

395 1790 631 1843 Ἑκείνου
662 1790 719 1842 δὲ
748 1789 891 1841 οῦτω
925 1789 1161 1857 φανεροῦ
1195 1788 1369 1851 ὄντος,
1400 1789 1614 1858 ἀνάγκη
1636 1788 1945 1856 καθέστηκε

2049 1780 2381 1846 deserviunt,
2416 1791 2471 1836 et
2499 1798 2590 1836 eos
2628 1786 2865 1838 maxime
2902 1786 2996 1853 qui
3051 1785 3254 1839 lectum
3315 1790 3515 1855 ferunt,
3560 1794 3616 1844 et

380 1881 506 1942 τοὺς
534 1881 653 1941 ταῖς
681 1882 878 1946 ταφαῖς
904 1878 1408 1949 ύπηρετουμένους.
1434 1879 1528 1931 καὶ
1559 1878 1794 1948 μάλιστα
1822 1879 1948 1939 τοὺς

377 1968 479 2037 τὴν
516 1969 706 2037 κλίνην
738 1970 1026 2039 φέροντας,
1046 1970 1256 2031 τούςντε
1285 1968 1634 2040 ὀρύττοντας,
1666 1968 1947 2036 εἰσφοιτᾷν

382 2060 461 2121 είς
488 2061 557 2114 τὰ
587 2062 949 2131 μοναστήρια·;
976 2060 1083 2112 Καὶ
1111 2062 1170 2111 ὲν
1218 2060 1317 2128 μὲν
1365 2060 1477 2122 τοῖς
1527 2059 1803 2129 ἀνδρικοῖς
1854 2075 1948 2128 μο-

384 2152 697 2222 ναστηρίοις
743 2153 805 2205 τὺ
840 2154 1074 2221 πρᾶγμα
1125 2150 1346 2209 εὔκολόν
1396 2154 1567 2213 ἐστιν,
1617 2154 1675 2204 ὲν
1723 2150 1780 2203 δὲ
1836 2153 1948 2213 τοῖς

382 2245 714 2310 γυναικείοις
767 2244 865 2313 οὐχ
917 2237 1090 2298 οὕτως
1123 2241 1214 2295 διὰ
1247 2243 1345 2312 τὴν
1394 2243 1689 2313 εἰρημένην
1740 2241 1949 2309 ἀπαγό-

310 2368 317 2369 κ
378 2351 596 2403 ῖρευσιν,
639 2335 982 2402 Θεσπίςομεν
1011 2334 1212 2398 τοίνυν,
1248 2332 1301 2385 εί
1330 2352 1457 2386 ποτε
1492 2333 1672 2401 μέλλοι
1708 2333 1950 2385 τοιοῦτον

390 2425 661 2493 γίνεσθαι,
710 2427 802 2478 καὶ
836 2424 1146 2477 θάπτεσθαί
1170 2441 1252 2486 τις
1286 2423 1422 2494 γυνὴ
1453 2428 1508 2477 ὲν
1531 2425 1828 2493 γυναικείῳ
1854 2442 1948 2492 μου

385 2514 663 2583 ναστηρίῳ
691 2514 912 2583 (ἄνδρας
943 2515 1052 2583 γὰρ
1087 2513 1186 2584 οὐκ
1218 2512 1484 2588 ἐφίεμεν),
1514 2514 1744 2582 τὰς’μὲν
1792 2514 1955 2566 εὐλα-

387 2604 653 2666 ϐεστάτας
674 2606 939 2671 γυναῖκας
959 2604 1018 2654 ἐν
1039 2602 1117 2672 τῷ
1146 2603 1330 2670 οἰκείῳ
1360 2602 1547 2672 μένειν
1574 2604 1947 2674 μοναστηρίῳ·

391 2696 560 2765 μόνην
591 2694 648 2747 δὲ
694 2694 793 2755 τὴν
838 2694 1083 2764 θυρωρὸν
1132 2694 1164 2773 ᾗ
1211 2695 1309 2755 τὰς
1358 2694 1663 2764 θυρωροὺς,
1712 2697 1803 2748 καὶ
1853 2696 1950 2764 τὴν

382 2783 696 2854 ¹ἡγουμένην
730 2787 857 2847 ἴσως
887 2783 1076 2855 αὐτὴν,
1111 2785 1161 2836 εί
1197 2782 1509 2854 βουληθείη,
1545 2787 1804 2854 παρεῖναι
1834 2788 1948 2849 τοῖς

390 2877 719 2945 γινομένοις
757 2876 854 2929 καὶ
883 2875 1076 2929 θᾶττον
1107 2875 1349 2939 ἐκείνους
1380 2875 1697 2947 πράξαντας
1726 2877 1793 2931 τὰ
1825 2879 1952 2946 περὶ

390 2966 486 3033 τήν
519 2965 671 3017 ὁσίαν
702 2964 1090 3033 νενομισμένα,
1125 2967 1220 3018 καὶ
1269 2966 1362 3018 τὸν
1407 2965 1578 3033 τάφον
1626 2966 1947 3036 ὀρύξαντας,

391 3054 485 3108 καὶ
513 3056 571 3108 τὸ
597 3057 754 3124 σῶμα
785 3055 1159 3124 καλύψαντας,
1191 3056 1353 3119 εὐθὺς
1384 3058 1693 3127 ἀποχωρεῖν
1725 3059 1802 3129 μὴ
1856 3076 1947 3111 τε·

389 3146 680 3217 θεαμένους
706 3147 858 3210 τινὰς
886 3148 991 3199 τῶν
1022 3146 1429 3201 εύλαόεστάτων
1457 3148 1751 3225 γυναικῶν,
1788 3152 1926 3219 μήτε

390 3237 540 3306 παρά
587 3254 746 3289 τινων
775 3238 954 3289 αὐτῶν
987 3225 1299 3298 θεαθέντας.
1345 3238 1507 3293 Ἀλλά
1537 3240 1675 3310 μηδὲ
1709 3241 1949 3294 ὲπινοεί-

387 3348 567 3383 τωσαν
601 3331 872 3400 πρόφασιν
902 3329 933 3399 ἢ
968 3330 1157 3401 ἄνδρες
1188 3331 1296 3383 τῶν
1343 3317 1425 3395 είς
1456 3335 1746 3401 γυναικεῖα
1778 3350 1947 3403 μονα-

389 3422 586 3494 στήρια
623 3422 894 3492 παρόδων,
926 3422 957 3491 ἢ
991 3406 1246 3490 γυναῖκες
1270 3422 1377 3474 τῶν
1430 3424 1691 3493 ἀνδράσιν
1738 3426 1950 3494 ἀφωρι-

391 3512 623 3580 σμένων,
656 3512 751 3564 καὶ
777 3511 1047 3580 προφάσει
1077 3511 1185 3563 τῶν
1220 3513 1350 3580 περὶ
1381 3510 1479 3581 τὴν
1526 3512 1676 3565 ὁσίαν
1714 3530 1950 3581 πραττο-

388 3590 607 3672 μένων·
658 3601 725 3666 ἃς
772 3602 835 3673 δὴ
884 3604 1108 3672 μνήμας
1153 3604 1421 3666 ποιοῦσιν,
1472 3605 1553 3666 εἰς
1600 3605 1790 3674 τρίτην
1851 3609 1948 3659 καὶ

390 3694 615 3759 ὲννάτην
665 3694 933 3757 συνιόντες
981 3694 1280 3764 ήμέρας,ἢ
1328 3696 1490 3765 ήνίκα
1535 3698 1946 3766 τεσσαράκοντα

386 3787 651 3857 ὲξήκοιεν,
688 3786 719 3855 ἢ
769 3786 862 3839 καὶ
893 3786 1170 3848 ἐνιαυτός·
1225 3785 1366 3851 ἐξὸν,
1399 3789 1448 3839 εί
1503 3789 1600 3857 μὲν
1635 3792 1948 3855 γυναικεῖον

386 3879 471 3949 είη
496 3880 557 3931 τὸ
587 3879 970 3947 μοναστήριον,
1000 3880 1267 3943 γυναῖκας
1299 3878 1515 3930 ἅπαντα
1551 3881 1843 3947 πράττειν·
1897 3883 1948 3935 εί

383 3972 440 4024 δὲ
475 3969 737 4040 ἁνδρῷον,
773 3968 999 4037 ἄνδρας·
1034 3968 1128 4020 καὶ
1153 3969 1227 4037 μὴ
1259 3968 1526 4037 προφάσει
1556 3970 1662 4022 τῶν
1692 3969 1948 4023 τοιούτων

386 4051 821 4132 παρατηρήσεων
862 4056 1074 4121 ἀδοξίαν
1108 4059 1231 4110 τινὰ
1265 4060 1377 4121 τοῖς
1410 4058 1634 4127 εὐαγέσι
1671 4076 1945 4131 μοναστη-

388 4153 525 4223 ρίοις
550 4150 992 4220 προστρίϐεσθαι.
1520 4204 1543 4231 .

456 4243 699 4296 ΖΩΝΛΡ.
731 4240 936 4301 Παντὸς
987 4237 1286 4292 σκανδάλου
1317 4238 1662 4309 ἀπηλλάχθαι
1705 4239 1733 4291 ὁ
1766 4238 1945 4292 κανὼν

385 4334 507 4404 οὐχὶ
555 4335 680 4396 τοὺς
736 4330 978 4401 ἀσκητάς
1038 4330 1493 4395 ἁ,παιτεί,“άλλὰ
1540 4336 1667 4393 τοὺς
1721 4331 1945 4394 πιστοὺς

2048 1872 2140 1940 qui
2175 1871 2406 1937 fodiunt,
2435 1874 2501 1926 ad
2549 1876 2939 1928 monasterium
2991 1878 3273 1933 accedere.
3310 1877 3375 1932 Et
3423 1882 3477 1934 in
3532 1882 3607 1935 vi.
3682 1928 3683 1931 η

2049 1976 2236 2015 rorum
2269 1962 2487 2032 quidem
2517 1965 2866 2021 monasteriis
2894 1981 2984 2020 res
3015 1976 3099 2020 est
3149 1967 3351 2032 facilis,
3379 1971 3471 2023 sed
3502 1985 3641 2025 non“

2050 2056 2216 2109 sicin
2251 2057 2561 2118 mulierum,
2622 2067 2844 2125 pr0pter
2901 2058 3103 2112 dictum
3157 2060 3609 2127 prohibitionem.

2051 2147 2358 2201 Statuimus
2421 2148 2626 2217 itaque,
2654 2150 2697 2203 si
2731 2149 2947 2218 quando
2978 2148 3107 2217 quid
3162 2150 3431 2218 ejusmodi
3462 2152 3612 2206 futu-

2049 2252 2168 2290 rum
2216 2249 2318 2301 est,
2349 2247 2403 2291 ct
2432 2238 2742 2308 sepelienda
2774 2240 2845 2292 sit
2873 2240 3070 2292 mulier
3104 2240 3157 2292 in
3193 2239 3286 2292 tali
3318 2242 3608 2296 mulierum

2049 2329 2383 2383 monasterio
2406 2329 2610 2401 (virum
2642 2332 2784 2382 enim
2814 2345 2920 2383 non
2951 2330 3316 2402 admittimus)
3366 2345 3425 2385 ut
3480 2334 3611 2387 reli-

2050 2422 2373 2489 giosissimaa
2432 2422 2652 2489 quidem
2709 2422 2970 2475 mulieres
3016 2422 3070 2473 in
3118 2438 3218 2477 suo
3274 2426 3614 2479 monasterio

2052 2518 2334 2576 maneant;
2360 2509 2474 2564 sola
2516 2518 2697 2564 autem
2732 2510 2953 2563 ostiaria
2989 2511 3073 2564 vel
3110 2514 3349 2566 ostiaria:
3398 2524 3450 2566 et
3496 2515 3613 2581 ipsa

2053 2602 2192 2655 l'orte
2220 2603 2445 2664 l'CCll'lX,
2480 2602 2526 2655 si
2560 2603 2709 2665 velit,
2740 2601 2924 2656 adsint
2959 2604 3026 2657 iis
3079 2620 3199 2672 qua:
3230 2605 3367 2659 ﬁunt
3394 2624 3407 2659 :
3455 2618 3507 2660 et
3536 2608 3610 2660 illi

2051 2706 2174 2746 cum
2206 2691 2440 2761 primum
2490 2692 2637 2761 justa
2675 2703 2729 2748 et
2758 2696 3049 2763 exsequias
3107 2711 3269 2765 quam
3326 2697 3613 2753 celerrime

2051 2784 2301 2844 fecerint.
2335 2794 2389 2837 et
2419 2786 2732 2853 sepulcrum
2807 2785 3064 2851 foderint,
3126 2802 3434 2857 corpusque
3477 2804 3614 2842 con-

2054 2876 2311 2942 texerint,
2337 2878 2522 2931 statim
2557 2875 2838 2940 recedant,
2869 2894 2970 2932 nec
2994 2879 3120 2932 ullis
3145 2894 3173 2931 a
3207 2895 3265 2934 se
3307 2881 3440 2933 visis
3466 2881 3613 2934 reli-

2049 2967 2379 3037 giosissimis
2412 2968 2655 3029 feminis.
2691 2984 2791 3023 nec
2828 2970 2908 3024 eis
2941 2971 3181 3033 vicissim
3219 2970 3287 3024 ab
3337 2972 3462 3027 ullis
3518 2987 3612 3027 ea-

2056 3074 2174 3112 rum
2229 3060 2563 3128 conspectis.
2607 3059 2712 3113 Sed
2770 3074 2872 3113 nec
2917 3063 3020 3114 viri
3068 3061 3235 3114 alium
3304 3063 3613 3131 excogitent

2052 3156 2534 3218 praetextumnquo
2567 3148 2634 3202 ad
2668 3148 2952 3203 mulierum
2974 3151 3300 3204 monasteria
3326 3151 3610 3216 accedant,

2050 3239 2131 3293 vel
2189 3239 2449 3294 mulieres
2498 3240 2565 3293 ad
2631 3240 2962 3295 monasteria
3028 3257 3150 3311 qua:
3182 3243 3313 3297 viris
3363 3244 3614 3300 dedicata.

2047 3339 2196 3395 sunt,
2238 3332 2304 3384 ab
2333 3331 2558 3386 obtentu
2608 3347 2797 3387 eorum
2831 3348 2951 3402 qua:
2985 3332 3038 3385 in
3073 3335 3351 3403 exsequiis
3375 3341 3426 3388 et
3447 3335 3613 3402 justis

2051 3430 2266 3476 mortuo
2318 3423 2624 3491 praebendis
2649 3423 2821 3487 fiunt;
2856 3431 2915 3475 ut
2959 3421 3049 3491 qui
3075 3438 3263 3476 eorum
3296 3428 3609 3479 memorian-

2047 3513 2273 3578 faciunt,
2305 3516 2462 3567 tertio
2493 3524 2713 3567 etnono
2738 3513 2827 3568 die
2851 3515 3256 3580 convenientes,
3291 3516 3373 3569 vel
3393 3531 3610 3586 quanoc

2045 3604 2404 3674 quadraginta
2436 3605 2555 3658 dies
2588 3605 2864 3669 venerint,
2898 3605 2979 3657 vel
3030 3606 3195 3658 etiam
3229 3620 3432 3672 annus,
3482 3624 3611 3661 cum

2047 3698 2209 3751 liceat
2242 3698 2463 3766 quidem
2498 3695 2843 3760 mulieribus,
2874 3696 2921 3750 si
2972 3696 3264 3750 mulierum
3300 3699 3372 3752 sit
3424 3715 3615 3753 mona-

2046 3788 2295 3851 sterium,
2335 3788 2516 3841 omnia
2545 3786 2762 3852 facere;
2800 3789 2884 3841 sin
2918 3798 3096 3843 autem
3132 3790 3396 3854 virorum,
3435 3792 3608 3856 viris;

2046 3890 2100 3934 et
2136 3895 2244 3934 non
2277 3880 2462 3931 talinni
2486 3878 2935 3933 observationum
2961 3887 3225 3949 praetenu
3259 3884 3464 3938 sanctis
3499 3899 3613 3938 mo-

2048 3971 2305 4026 nasteriis
2334 3970 2573 4040 aliquam
2604 3968 2842 4024 infamize
2872 3981 3054 4025 notam
3086 3972 3325 4028 inurere.

2118 4229 2376 4287 ZONAR.
2403 4229 2747 4286 Offensmnes
2779 4246 2985 4309 omnes
3005 4240 3059 4287 et
3089 4236 3348 4288 scandala
3376 4237 3603 4304 evitare,

2046 4340 2222 4395 neque
2252 4325 2334 4378 vel
2369 4339 2433 4377 ex
2468 4324 2589 4378 aliis
2618 4323 2720 4378 sibi
2760 4326 3018 4393 peccandi
3074 4329 3398 4384 occasiones
3454 4347 3604 4400 quie—

386 4427 652 4483 ἆπαντας,
704 4422 799 4473 κα)⁸
852 4421 988 4490 μήτε
1037 4420 1250 4482 ἑαυτοῖς
1296 4419 1365 4471 δι’
1403 4420 1605 4488 ἐτέρων
1636 4424 1945 4490 περιποιεῖν

2051 4434 2193 4483 rere,
2237 4416 2325 4471 vel
2383 4415 2508 4469 aliis
2569 4416 2672 4483 ipsi
2732 4416 2996 4484 praebere,
3062 4432 3171 4471 non
3230 4430 3449 4486 ascctze,
3509 4408 3607 4477 sed

387 4512 678 4578 σκάνδαλα,
733 4511 860 4580 μήθ’
891 4512 1098 4580 ἑτέροις
1146 4510 1214 4562 δι’
1244 4510 1475 4572 ἑαυτῶν,
1502 4514 1654 4575 .τοὺς
1690 4512 1746 4565 δὲ
1781 4531 1946 4583 μοναο

385 4609 511 4677 χοῦς
543 4604 725 4674 πολλῷ
762 4602 943 4654 πλέον.
977 4602 1049 4653 Τὸ
1082 4601 1137 4653 δὲ
1164 4601 1222 4653 ὲν
1248 4601 1544 4670 γυναικείῳ
1599 4604 1943 4675 μοναστηρίῳ

386 4700 668 4754 καθεύδειν
699 4696 917 4764 ἄνδρας,
944 4693 977 4764 ἢ
1008 4692 1341 4756 τούναντίον,
1375 4692 1470 4745 καὶ
1501 4694 1683 4756 αὐτοῖς
1714 4694 1943 4757 ἐκείνοις

387 4791 696 4844 σκανδάλων
746 4788 919 4840 αίτιον
966 4785 1118 4837 ἔσται
1167 4787 1260 4837 καὶ
1293 4786 1491 4848 ἄλλοις.
1526 4780 1942 4856 Ἔμφυτονγὰρ

385 4862 467 4951 τῇῒ
489 4881 653 4950 σαρκὶ
681 4879 742 4931 τὸ
778 4876 887 4947 πῦρ
915 4876 975 4927 τὸ
1020 4878 1084 4927 ἐκ
1120 4875 1228 4927 τῶν
1255 4874 1464 4938 παθῶν,
1499 4880 1590 4928 καὶ
1624 4875 1777 4949 μόλις
1810 4878 1942 4946 ήμῖν

384 4972 519 5040 ὕλης
566 4966 911 5036 ἀναπτούσης
963 4965 1093 5019 αὐτὸ
1141 4966 1329 5036 πόρρω
1364 4966 1589 5039 ἑαυτοὺς
1640 4960 1942 5039 καθιστέὦσι

387 5061 809 5135 μαλθακώτερον
858 5059 1052 5127 γένοιτ’
1086 5057 1171 5127 ᾄν.
1216 5057 1361 5113 Είηδὲ
1391 5060 1548 5128 ήμεῖς
1576 5057 1725 5127 αὐτῷ
1759 5074 1943 5129 παρα·-

317 5155 332 5176 “
389 5154 641 5224 ιιθὲαμαν
689 5150 1114 5221 ὑπεκκαύματα,
1145 5146 1346 5218 λαῦρον
1390 5148 1594 5213 ἔσεται,
1649 5149 1741 5200 καὶ
1773 5165 1944 5201 κατα.

387 5245 589 5317 πρήσει
642 5244 716 5305 ὡς
771 5245 962 5312 χόρτον
1017 5241 1212 5312 ῥαδίως
1262 5241 1429 5309 ἡμᾶς.
1493 5240 1557 5292 Τί
1592 5240 1635 5291 δ’
1668 5239 1733 5293 ἂν
1791 5239 1944 5294 ἔσται

383 5337 610 5406 ἀνδράσι
643 5336 777 5402 πρὸς
809 5336 869 5387 τὸ
904 5335 1001 5404 τῆς
1032 5331 1332 5401 ἐπιθυμίας
1363 5331 1472 5402 πῦρ
1501 5330 1943 5403 δραστικὼτερον

384 5418 716 5497 ὑπέκκαυμα
741 5430 1016 5495 γυναικὸς,
1050 5428 1082 5500 ἢ
1116 5423 1364 5493 γυναιξὶν
1397 5418 1554 5484 αὖθις
1584 5422 1776 5492 ἀνδρὸς
1806 5423 1943 5492 πρὸς

382 5520 573 5592 ἔξαψιν
622 5519 721 5587 τῆς
752 5514 1005 5583 τοιαύτης
1036 5515 1254 5582 φλογός.
1289 5513 1397 5565 Καὶ
1427 5511 1570 5564 οὕτω
1620 5510 1719 5580 μὲν
1779 5510 1943 5580 ἀλλή-

381 5614 499 5677 λοις
553 5613 601 5665 οί
661 5611 927 5680 μονασταὶ
982 5608 1176 5667 λαϐὰς
1213 5605 1516 5659 σκανδάλου
1564 5602 1893 5672 παρέξουσιν
1926 5644 1942 5669 ,

384 5705 604 5775 ἐτέρους
650 5702 708 5753 δὲ
754 5698 1217 5763 σκανδαλίσουσιν,
1263 5697 1506 5767 δρῶντας
1559 5699 1826 5767 γυναῖκας
1884 5699 1943 5751 ὲν

641 5796 914 5857 Parnm"
950 5797 1065 5857 Gn.
1097 5790 1464 5865 CXXXV".
1522 5884 1525 5885 ν

2047 4524 2238 4565 omnes
2283 4507 2503 4577 quidem
2539 4507 2661 4587 ﬁdei
2699 4507 2975 4578 mysteriis
3007 4508 3234 4571 initiati,
3262 4512 3607 4582 proindcque

2046 4602 2218 4655 multo
2247 4598 2419 4669 magis
2451 4598 2704 4652 monachi
2737 4599 2840 4652 hoc
2867 4614 3077 4654 canone
3132 4600 3415 4669 iubentur.
3450 4602 3605 4670 Quod

2045 4691 2182 4764 silin
2214 4691 2562 4745 monasteriis
2595 4690 2886 4743 mulierum
2924 4691 3026 4745 viri
3096 4704 3447 4762 pernoctent,
3502 4707 3599 4751 aut

2046 4791 2259 4845 contra,
2312 4783 2364 4835 in
2403 4793 2631 4842 eo,tum
2674 4781 2920 4848 ipSorum
2977 4782 3069 4851 qui
3124 4782 3173 4835 id
3221 4784 3432 4838 iaciunt
3489 4795 3605 4840 tum

2045 4874 2272 4929 aliorum
2303 4888 2541 4942 quoque,
2579 4872 2936 4927 ollensionem
2976 4874 3217 4942 aliquam
3266 4876 3607 4932 intercedere

2046 4980 2268 5021 necesse
2293 4974 2398 5017 est.
2430 4963 2595 5016 Carui
2627 4966 2770 5017 enim
2798 4965 3019 5019 innatus
3049 4950 3153 5020 est
3184 4969 3349 5021 aiiimi
3386 4981 3601 5037 pertur-

2046 5057 2320 5113 bationum
2352 5053 2514 5123 ignis,
2552 5064 2605 5109 et
2634 5054 2717 5108 vix
2789 5056 2967 5120 nobis,
3027 5060 3213 5125 procul
3265 5075 3321 5111 a-
3351 5064 3604 5123 materia,

2044 5162 2166 5220 quae
2194 5160 2317 5201 eum
2348 5146 2617 5211 accendit,
2678 5156 2896 5216 nosmet
2946 5150 3416 5207 constituentibus
3453 5153 3599 5207 debi-

2045 5241 2149 5295 lior
2184 5237 2293 5291 ﬁat.
2329 5235 2483 5300 Quod
2521 5238 2566 5290 si
2605 5240 2771 5291 etiam
2826 5237 3069 5293 lonnitem
3121 5242 3338 5309 ipsiuiet
3394 5243 3599 5309 ingera-

2046 5345 2185 5392 mus,
2219 5329 2515 5382 invalescet
2548 5331 2947 5395 vehementius,
3012 5347 3225 5401 nosque
3253 5334 3402 5387 nullo
3436 5351 3601 5403 nego-

2047 5422 2124 5475 tio
2164 5420 2297 5473 item
2331 5420 2610 5489 stipulaeve
2633 5421 2806 5474 instar
2836 5423 3109 5494 absumet.
3161 5422 3300 5487 Quid
3344 5440 3508 5493 porro
3539 5427 3603 5479 ad

2044 5515 2364 5585 cupiditatis
2392 5518 2443 5569 in
2470 5516 2729 5575 \homine'
2777 5514 3056 5570 ﬂammam
3106 5520 3449 5571 excitandam
3484 5536 3602 5573 mu-

2045 5607 2176 5661 liere
2206 5606 2631 5660 vehementius?
2659 5608 2785 5676 quid
2822 5608 3084 5672 vicissim,
3126 5619 3184 5660 ut
3236 5609 3593 5666 inllaunnetut

2045 5697 2152 5752 hoc
2180 5697 2300 5769 igne
2337 5697 2551 5765 mulier,
2588 5698 2807 5751 homine
2839 5698 3243 5767 periculosius?
3278 5699 3451 5755 Erunt
3494 5698 3603 5791 ἱείίο

3155 5791 3307 5851 ,22
