4074 6388
471 303 580 363 633

1633 269 1638 272 ’
1725 289 2003 350 THEOD.
2055 286 2454 348 BALSAMON

3594 283 3699 347 684

469 423 558 468 tur
583 421 694 464 tum
729 407 830 462 sibi
856 403 1230 470 invicem,'qui
1287 401 1342 455 in
1403 399 1750 455 monasteriis
1806 399 2031 468 degunt,

2152 397 2347 466 ὶνδρῶν
2372 396 2745 464 καταγωγίοις
2776 394 3320 468 διανυκτερευούσας,
3353 394 3386 467 ἢ
3415 395 3616 465 ἄνδρας
3641 399 3701 448 ὲν

472 497 990 566 olleusionis,215
1015 510 1204 556 causa,
1231 507 1346 548 tum
1379 495 1503 548 aliis
1534 507 1774 561 quoque,
1800 493 2039 561 quicun-

474 611 582 664 que
607 601 701 647 aut
731 591 1055 645 muliebrem
1097 589 1150 641 in
1175 587 1486 642 diversorio
1517 585 1684 648 virili,
1729 591 1828 637 aut
1891 583 2039 635 viro-

476 702 598 740 rum
648 686 702 738 in
764 681 1016 736 muliebri
1076 681 1346 733 asceterio
1388 676 1854 745 pernoctationcm
1921 673 2041 726 ani-

479 775 888 831 madverterint.
958 769 1260 839 Suspiciosi
1311 768 1512 822 etenim
1589 773 1719 821 sunt
1790 765 2040 834 plerique

477 869 747 929 homines,
780 864 984 935 quique
1013 860 1336 916 oﬂensionis
1374 867 1429 913 et
1459 857 1748 912 calumnia:
1786 855 2042 923 occasio-5

2140 489 2462 560 ἁσκητηρίῳ
2511 488 2785 556 γυναικῶν
2834 489 3035 557 ὁμοίως
3084 488 3392 551 ποιοῦντας.
3449 487 3701 558 Ταχύπο-

2141 593 2266 630 πτοι
2293 577 2400 645 γὰρ
2429 578 2478 629 oi
2509 577 2747 640 πλείους,
2783 576 2880 631 καὶ
2910 578 3168 648 ἀφορμὰς
3205 577 3496 648 ζητοῦντες
3534 595 3702 631 σκανο

2141 668 2312 720 δάλων
2359 669 2392 738 ἢ
2451 667 2544 720 καὶ
2601 667 2886 723 διαϐολῶν.
2945 670 3038 721 Atta
3100 671 3198 722 καὶ
3251 671 3364 733 τοῖς
3419 670 3703 741 Πατράσιν

2140 758 2513 829 ἀπηγόρευται
2537 758 2698 811 τοῦτο
2725 758 2800 822 ὡς
2827 759 2926 812 οὐκ
2953 749 3229 830 εὔσχημον
3255 777 3271 792 ο
3300 762 3426 825 τοὺς
3459 763 3516 820 δὲ
3548 762 3706 832 παρά

2142 851 2314 905 ταῦτα
2348 850 2636 914 ποιοῦντας
2661 851 2953 922 ἀφορισμῷ
2977 851 3319 916 κολάζουσιν.

476 979 575 1018 nes
614 962 851 1030 undique
881 955 1247 1027 alicupantur.
1278 939 1548 1010 Eam'rem
1612 953 1800 1023 igitur,
1834 966 1864 1006 a
1895 948 2029 1004 recti
2099 947 2278 1017 specie
2325 948 2529 1017 quippe
2605 944 2860 1012 alienam,
2922 947 3115 1004 Patres
3195 949 3298 1005 hac
3317 950 3707 1006 constitutione
3771 936 3780 951 ⁸

477 1061 770 1119 damnant;
808 1054 1009 1120 quique
1034 1047 1416 1105 constitutioni
1456 1061 1562 1100 non
1601 1042 1910 1114 paruerint,
1935 1054 2030 1095 eos
2061 1038 2432 1108 segregatione
2465 1038 2680 1090 multari
2707 1037 2924 1105 jubent.

480 1152 704 1212 AlilST.
749 1170 768 1202 ι
798 1148 984 1220 Neque
1018 1147 1303 1202 mulierem
1345 1146 1399 1199 in
1424 1146 1688 1207 virorum,
1731 1155 1832 1197 nec
1867 1141 2042 1194 virum

557 1267 575 1298 ι
611 1250 662 1298 in
711 1244 1000 1297 mulierum
1056 1238 1386 1294 monasterio
1441 1236 1679 1291 dormire
1740 1239 1971 1304 oportet.
2015 1249 2035 1283 ι

554 1335 890 1405 Perspicuus.

1002 1421 1234 1478 CANON
1287 1419 1520 1475 XLVIII.

489 1538 510 1572 ι
542 1515 693 1576 Uxor
725 1517 866 1585 ejus,
903 1516 994 1584 qui
1028 1515 1096 1572 ad
1136 1512 1499 1582 episcopalem
1552 1509 1871 1579 dignitatem
1908 1522 2040 1578 pro-
2105 1569 2110 1574 _

559 1631 580 1662 ι
625 1621 803 1664 motus
834 1616 939 1673 est,
970 1605 1244 1661 communi
1280 1605 1364 1658 sui
1393 1605 1494 1657 viri
1547 1617 1818 1656 consensu
1889 1603 2042 1668 prius

557 1721 579 1755 ι
618 1712 888 1772 separata,
916 1707 1204 1769 postquam
1267 1697 1322 1750 in
1379 1696 1699 1764 episcopum
1753 1692 2041 1746 ordinatus
2069 1737 2138 1772 _.

560 1813 579 1846 ι
628 1767 732 1858 est,
771 1767 1162 1845 monasterium
1201 1786 1540 1856 ingrediatur
1587 1782 1776 1853 procul
1835 1782 1903 1836 ab
1926 1782 2042 1850 epi-
2068 1767 2116 1827 B

556 1905 576 1938 ι
612 1884 760 1954 scopi
789 1881 1123 1936 habitatione
1159 1887 1523 1942 exstructum,
1554 1883 1608 1930 et
1636 1874 1881 1945 episcopi
1919 1887 2044 1942 pro-

561 1997 582 2030 (
618 1977 859 2032 videntia
895 1974 1126 2028 fruatur.
1164 1970 1259 2025 Sin
1301 1982 1482 2025 autem
1520 1967 1682 2038 digna
1711 1968 1826 2021 visa
1857 1965 2042 2029 fuerit,

560 2088 579 2122 ι
622 2071 788 2126 etiam
817 2067 882 2121 ad
919 2066 1246 2119 diaconatus
1277 2061 1593 2132 dignitatem
1643 2057 1992 2129 provehatur.
2019 2072 2038 2106 ι
2125 2119 2136 2132 I

553 2249 750 2306 BALS.
822 2249 1006 2303 Sancti
1058 2246 1278 2318 quidem
1354 2242 1586 2315 apostoli
1643 2242 1699 2297 in
1754 2241 1788 2296 5
1837 2255 2044 2296 canone

485 2345 835 2405 deﬁnientes,
857 2341 1164 2410 episcopus,
1209 2337 1292 2392 vel
1323 2337 1632 2406 presbyter,
1667 2333 1752 2388 vel
1781 2332 2045 2388 diaconus

486 2449 640 2491 suam
665 2447 890 2487 uxorem
931 2446 998 2487 ne
1037 2425 1457 2497 ejiciatpietatis
1503 2431 1787 2495 praetextu,
1819 2437 2044 2476 conces-

488 2525 1118 2596 scmntepiscopoepost
1138 2515 1783 2579 ordinationemihabere
1795 2515 2046 2586 preprias

493 2635 712 2674 uxores.
745 2617 1042 2672 Praesentis
1079 2625 1260 2668 autem
1313 2611 1508 2682 synodi
1561 2608 1737 2664 sancti
1780 2607 1964 2662 Patres
1990 2609 2044 2660 in

489 2711 558 2764 12
587 2709 804 2778 quidem
839 2721 1049 2761 canone
1081 2705 1436 2768 deﬁnierunt,
1472 2717 1593 2772 quae
1623 2703 1840 2756 tandem
1909 2699 2046 2754 dell-

487 2804 732 2855 nicrunt.
785 2799 935 2852 Nunc
963 2807 1145 2851 autem
1179 2795 1372 2865 jubent
1408 2809 1556 2861 cum,
1591 2794 1685 2863 qui
1735 2793 1944 2847 electus
1965 2800 2047 2844 est

488 2892 805 2962 episcOpus,
876 2889 945 2943 ab
1003 2903 1063 2942 ea
1092 2900 1254 2956 quam
1319 2883 1480 2939 liabet
1535 2898 1706 2938 uxore
1770 2880 2047 2937 communi

468 2981 760 3039 consensu
799 2981 1068 3051 separari,
1093 2988 1147 3033 et
1169 2985 1290 3047 post
1317 2975 1794 3031 consecrationem
1854 2974 2048 3028 mulie-

491 3090 604 3129 rem
633 3072 1026 3126 monasterium
1055 3071 1288 3138 ingredi,
1330 3068 1475 3137 quod
1525 3069 1596 3122 sit
1636 3068 1794 3136 longe
1823 3067 1890 3119 ab
1916 3066 2047 3135 epi-

492 3173 740 3232 sc0patu.
800 3160 870 3214 Se
942 3163 1085 3214 enim
1155 3159 1384 3212 invicem
1436 3158 1748 3226 frequenter
1813 3157 2040 3218 intueri,

463 3258 729 3327 -priorem
771 3266 958 3306 eorum
987 3251 1109 3302 vitae
1150 3251 1421 3302 rationem
1471 3265 1534 3302 ac
1584 3248 2042 3301 consuetudinem

491 3344 812 3401 cstomnino
843 3343 894 3394 in
925 3341 1237 3393 memoriam
1276 3342 1355 3394 eis
1387 3347 1790 3402 revocaturum,
1813 3347 1866 3392 et
1902 3353 2045 3392 amo-

492 3452 606 3490 rem
640 3449 1020 3488 accensurum.
1057 3431 1189 3486 Cum
1218 3432 1320 3486 hoc
1353 3441 1530 3483 autem
1569 3430 1649 3483 sic
1711 3429 1821 3490 ﬁat,
1855 3429 2050 3483 mulie-

492 3541 603 3579 rem
627 3524 844 3593 quidem
875 3522 943 3574 ab
982 3522 1238 3589 episcopo
1287 3520 1504 3590 dignam
1564 3517 1871 3572 existimari
1923 3533 2052 3586 pro-

493 3618 728 3672 videntia
773 3613 1068 3682 corporali,
1107 3613 1151 3667 si
1211 3613 1282 3666 sit
1342 3627 1584 3681 pauper:
1649 3613 1727 3666 sin
1764 3622 1946 3664 autem
1983 3611 2054 3665 sit

489 3709 758 3776 locuples,
799 3704 940 3758 nihil
971 3702 1019 3757 ei
1055 3703 1123 3756 ab
1176 3703 1430 3770 episcopo
1487 3701 1709 3770 dignam
1752 3700 2053 3754 existimari

495 3799 838 3871 providentia
867 3796 1158 3864 corporali,
1187 3796 1230 3849 si
1270 3795 1339 3848 sit
1373 3809 1612 3862 pauper:
1661 3795 1744 3849 sin
1776 3802 1956 3849 autem
1983 3794 2055 3848 sit

489 3893 752 3962 locuples,
789 3889 920 3942 nihil
959 3888 1007 3943 ei
1035 3888 1102 3941 ab
1136 3886 1387 3956 episcopo
1409 3885 1654 3951 dabitur;
1678 3887 1929 3956 quoniam
1955 3901 2055 3940 nec

495 3985 541 4038 si
577 3985 688 4054 ipse
735 3980 951 4052 quidem
997 3979 1068 4033 sit
1138 3966 1400 4047 locuplbs,
1455 3993 1522 4032 ex
1559 3977 1870 4047 episcopatu
1913 3977 2056 4030 redi-

496 4077 641 4129 tibus
685 4075 989 4144 quidquam
1024 4079 1203 4142 potest
1239 4071 1295 4124 in
1341 4071 1582 4141 seipsum
1632 4069 1961 4138 expendere.
2001 4069 2056 4123 Si

414 4189 426 4202 ι
495 4178 674 4221 autem
709 4167 826 4234 ejus
869 4167 1056 4218 uxoris
1096 4166 1202 4218 vita
1237 4164 1309 4220 sit
1349 4166 1530 4232 gravis
1562 4172 1616 4218 et
1668 4163 1840 4234 gradu
1870 4163 2058 4216 diaco-

497 4267 656 4309 natus
709 4256 894 4325 digna,
953 4255 1017 4307 ad
1074 4270 1191 4308 eam
1255 4269 1470 4322 quoque
1526 4255 1873 4322 provehetur.
1931 4251 2066 4305 Haec

497 4365 617 4403 cum
661 4367 687 4400 a
714 4363 924 4402 ennone
955 4346 1339 4408 (let-eruantur,
1368 4344 1724 4413 interrogabit
1744 4344 2011 4412 quispiam
2039 4359 2053 4397 :

2148 1132 2368 1186 ΑΡΙΣΤ.
2405 1151 2422 1182 ι
2459 1131 2595 1184 Οὔτε
2622 1136 2854 1200 γυναῖκα
2874 1133 3049 1203 χρεὼν
3071 1134 3128 1186 ὲν
3151 1133 3708 1216 ἁνδρῶνῆκαθευδῆσαι

2227 1245 2247 1278 ι
2293 1227 2659 1296 μοναστηρίῳ,
2689 1227 2812 1279 οὔτε
2841 1227 3115 1294 γυναικῶν
3143 1228 3326 1298 ἄνδρα.
3355 1245 3376 1280 ι
3407 1227 3635 1298 Σαφής.

2716 1403 2951 1457 ΚΑΝΩΝ
2991 1405 3131 1458 ΜΗ’.

2153 1514 2173 1547 ι
2232 1496 2296 1548 Ἦ
2338 1495 2431 1548 τοῦ
2483 1495 2619 1566 πρὸς
2676 1495 2979 1564 ἐπισκοπῆς
3026 1496 3321 1567 προεδρίαν
3366 1497 3706 1565 ἀναγομένου

2224 1608 2242 1641 ι
2288 1591 2426 1658 γυνὴ
2475 1587 2616 1640 κατὰ
2651 1587 2834 1658 κοινὴν
2866 1589 3182 1656 συμφωνίαν
3232 1587 3324 1642 τοῦ
3375 1590 3577 1642 οἰκείου
3607 1590 3708 1644 ἀν-

2225 1699 2243 1732 ι
2288 1681 2413 1752 δρὸς
2465 1681 2951 1750 προδιαζευχθεῖσα
2983 1681 3120 1749 μετὰ
3178 1682 3277 1751 τὴν
3311 1683 3396 1736 ἐπ’
3427 1683 3576 1754 αὐτῷ
3607 1686 3707 1754 τῆς

2220 1792 2238 1824 ι
2283 1772 2588 1840 ἐπισκοπῆς
2639 1771 2974 1841 χειροτονίαν
3019 1773 3077 1824 ὲν
3129 1773 3476 1844 μοναστηρίῳ
3520 1776 3710 1828 εἰσίτω

2218 1881 2238 1914 ι
2283 1861 2472 1933 πόρρω
2497 1860 2594 1923 τῆς
2623 1860 2718 1913 τοῦ
2750 1861 3045 1914 ἐπισκόπου
3075 1863 3402 1942 καταγωγῆς
3430 1862 3715 1935 ᾠκοδομη-
3740 1861 3749 1873 ⁸

2220 1972 2239 2006 ι
2286 1955 2459 2024 μένῳ,
2490 1954 2582 2006 καὶ
2608 1954 2708 2020 τῆς
2739 1955 2802 2006 ἐκ
2829 1955 2922 2005 τοῦ
2959 1953 3254 2024 ἐπισκόπου
3288 1956 3542 2025 προνοίας
3573 1957 3714 2012 theo-

2219 2065 2238 2098 ι
2281 2036 2491 2099 λαυέτω
2511 2059 2527 2076 ⁸
2560 2047 2608 2099 εί
2637 2046 2694 2099 δὲ
2723 2047 2811 2099 καὶ
2839 2045 2963 2110 ἀξία
2989 2047 3211 2116 φανείη,
3241 2047 3334 2100 καὶ
3362 2047 3496 2118 πρὸς
3525 2049 3586 2104 τὺ
3609 2050 3712 2121 τῆς

2219 2158 2238 2192 ι
2283 2138 2554 2201 διακονίας
2583 2137 3078 2208 ἀναϐιϐασθήσεται
3105 2138 3341 2208 ἀξίωμα.
3389 2158 3408 2192 ι

2215 2232 2410 2286 ΒΑΛΣ.
2447 2232 2508 2283 Ol
2545 2231 2641 2301 μὲν
2673 2231 2814 2298 ἆγιοι
2848 2229 3136 2285 ἀπόστολοι
3165 2231 3222 2284 ὲν
3253 2233 3487 2305 πέμπτῳ
3521 2223 3710 2290 κανόνι

2142 2324 2514 2394 διοριζόμενοι,
2567 2324 2862 2387 ἐπίσκοπος
2897 2323 2930 2397 ἢ
2981 2325 3350 2396 πρεσϐύτερος
3387 2327 3420 2398 ἢ
3462 2328 3710 2394 διάκονος

2143 2417 2241 2486 τὴν
2283 2414 2476 2470 ἑαυτοῦ
2523 2417 2757 2484 γυναῖκα
2804 2417 2878 2488 μὴ
2921 2417 3199 2470 ὲκὸαλέτω
3239 2419 3509 2488 προφάσει
3547 2422 3714 2476 εὐλα-

2145 2509 2318 2574 6είας,
2338 2508 2610 2564 ’ἐνέδωκαν
2634 2512 2746 2580 τοῖς
2776 2511 3091 2573 ἐπισκόποις
3117 2511 3210 2564 καὶ
3239 2513 3374 2581 μετὰ
3402 2513 3499 2584 τὴν
3527 2530 3712 2585 χειρο-

2144 2604 2324 2658 τονίαν
2352 2605 2494 2675 ἔχειν
2521 2606 2617 2667 τὰς
2647 2605 2853 2668 οίκείας
2882 2607 3146 2671 γυναῖκας
3174 2624 3189 2640 ο
3217 2605 3267 2659 οί
3296 2606 3352 2658 δὲ
3379 2608 3474 2674 τῆς
3504 2608 3712 2679 παρού-

2148 2715 2246 2768 σης
2292 2699 2510 2751 συνόδου
2563 2697 2706 2765 ἅγιοι
2763 2697 3001 2766 Πατέρες
3053 2699 3111 2751 ὲν
3161 2698 3259 2767 μὲν
3302 2697 3377 2769 τῷ
3427 2697 3494 2769 ιβ’
3526 2701 3710 2754 κανόνι

2143 2789 2462 2860 διωρίσαντο
2495 2791 2593 2858 ὅσα
2627 2789 2759 2860 δῆτα
2793 2789 2886 2841 καὶ
2920 2787 3161 2860 ὥρισαν·
3195 2791 3399 2860 ἀρτίως
3435 2792 3490 2843 δὲ
3530 2808 3710 2861 παρα-

2145 2879 2453 2934 κελεύονται
2495 2881 2585 2933 τὸν
2632 2879 2969 2950 ψηφισθέντα
3020 2881 3097 2942 είς
3147 2881 3452 2952 ἐπισκοπὴν
3501 2883 3711 2954 ἀποδιί-

2147 2973 2374 3027 στασθαι
2405 2973 2505 3042 τῆς
2541 2973 2845 3042 προσούσης
2878 2971 3024 3041 αὐτῷ
3057 2973 3313 3040 γυναικὸς
3350 2973 3487 3027 κατὰ
3523 2977 3710 3045 κοινὴν

2152 3067 2468 3137 ἀρέσκειαν,
2498 3066 2594 3118 καὶ
2627 3065 2764 3134 μετά
2789 3066 2885 3134 τὴν
2915 3049 3246 3138 χειροτονίαν
3276 3069 3334 3119 ὲν
3364 3071 3714 3139 μοναστηρξῳ

2152 3157 2489 3228 εἰσέρχεσθαι
2513 3158 2608 3225 τὴν
2630 3159 2881 3224 γυναῖκα,
2908 3159 3096 3229 πόρῤω
3121 3158 3233 3211 ὄντι
3254 3158 3354 3228 τῆς
3381 3160 3710 3226 ἐπισκοπῆς.

2153 3251 2225 3302 Τὸ
2255 3251 2363 3320 γὰρ
2398 3249 2656 3318 ἀλλήλους
2684 3251 2816 3319 όρᾷν
2847 3250 3083 3319 συνεχῶς
3114 3251 3550 3320 ἀναμιμνήσκειν
3579 3251 3712 3320 μέλ-

2150 3341 2230 3394 λει
2272 3343 2487 3404 πάντως
2523 3343 2718 3403 αὐτοὺς
2751 3342 2849 3410 τῆς
2891 3343 3165 3410 προτέρας
3205 3343 3479 3412 διαγωγῆς
3519 3361 3575 3396 τε
3619 3343 3711 3398 καὶ

2153 3431 2528 3500 συμϐιώσεως,
2571 3433 2664 3484 καὶ
2709 3433 3028 3485 ὑπεκκαίειν
3073 3433 3162 3486 τὸν
3206 3435 3404 3502 ἔρωτα.
3459 3433 3616 3488 Οὕτω
3657 3435 3713 3488 δὲ

2149 3522 2336 3576 τούτου
2372 3522 2684 3592 γινομένου,
2725 3523 3003 3586 ἀξιοῦσθαι
3035 3526 3133 3594 τὴν
3166 3528 3398 3592 γυναῖκα
3433 3525 3583 3596 παρὰ
3617 3526 3712 3579 τοῦ

2151 3616 2446 3668 ἐπισκόπου
2477 3616 2729 3686 προνοίας
2756 3617 3092 3685 σωματικῆς,
3120 3611 3269 3686 ἐνδεῆ
3301 3615 3462 3669 οὖσαν
3483 3633 3498 3649 ο
3528 3619 3575 3670 εί
3604 3619 3714 3688 γὰρ

2151 3704 2400 3772 εὐπορεῖ,
2431 3701 2580 3756 οὐδέν
2609 3720 2660 3756 τι
2693 3702 2979 3772 δοθήσεται
3018 3706 3152 3775 αὐτῇ
3189 3707 3336 3774 παρὰ
3365 3706 3456 3758 τοῦ
3489 3709 3713 3760 ὲπισκὸ-
3803 3731 3814 3740 ι

2152 3810 2275 3846 που.
2313 3794 2387 3845 Οὐ
2431 3792 2535 3862 γὰρ
2574 3791 2734 3854 αὐτὸς
2776 3793 3021 3856 εὐπορῶν
3056 3794 3278 3846 δύναταί
3309 3812 3362 3848 τι
3403 3797 3480 3857 είς
3523 3797 3716 3850 ἑαυτὸν

2149 3883 2391 3954 δαπανᾷν
2421 3887 2483 3936 ἐκ
2510 3885 2617 3936 τῶν
2646 3885 2866 3938 εἰσόδων
2894 3887 2992 3955 τῆς
3022 3887 3347 3957 ἐπισκοπῆς.
3383 3888 3445 3940 Εἰ
3475 3887 3530 3940 δὲ
3563 3888 3657 3941 καὶ
3687 3891 3716 3942 ὁ

2155 3974 2268 4041 βίος
2299 3974 2395 4059 τῇς
2431 3973 2693 4041 γυναικὸς
2734 3975 2928 4044 σεμνός
2964 3975 3078 4026 ἐστι
3113 3978 3206 4052 καὶ
3239 3977 3340 4029 τοῦ
3371 3976 3580 4047 βαθμοῦ
3617 3978 3719 4049 τῆς

2154 4063 2429 4128 διακονίας
2463 4066 2630 4130 ἄξιος,
2662 4067 2753 4117 καὶ
2781 4066 2915 4138 πρὸς
2939 4067 3143 4138 ταύτην
3171 4071 3716 4144 προαναὸιὸασθήσε-

2153 4175 2262 4212 ται.
2292 4157 2475 4210 Ταῦτα
2501 4159 2593 4224 ’φῦ
2627 4159 2845 4221 κανόνος
2873 4160 3242 4230 διοριζομένου
3261 4203 3274 4226 ,
3309 4164 3572 4234 ἐρωτήσει
3597 4182 3716 4232 τις,

2152 4251 2226 4313 ὡς
2247 4250 2342 4320 τῆς
2370 4251 2484 4318 px?
2515 4250 2930 4306 Ἰουστινιανείού
2955 4253 3171 4321 Νεαρᾶς
3198 4254 3306 4323 (40)
3328 4257 3426 4324 τῆς
3454 4257 3720 4321 πολλάκις

2154 4342 2210 4394 ὲν
2237 4342 2316 4413 τῷ
2349 4341 2576 4411 παρόντι
2610 4341 2800 4412 βιϐλίῳ
2834 4345 3311 4415 καταστρωθείσης
3344 4347 3722 4418 ἀπαγορευού-

498 4440 630 4492 Cum
665 4437 1087 4492 Justiniani127
1122 4437 1354 4498 novella,
1390 4451 1511 4505 qua:
1537 4435 1590 4488 in
1629 4435 1884 4503 praesenti
1916 4436 2054 4489 libro

2158 4451 2256 4503 σης
2295 4434 2354 4486 τὺ
2399 4433 2536 4486 κατὰ
2579 4436 2884 4488 συναίνεσιν
2922 4436 3026 4488 τῶν
3063 4437 3349 4519 ὁμοζύγων
3387 4439 3608 4493 λύεσθαι
3649 4443 3722 4496 τὰ

413 4591 416 4596 _
499 4546 642 4600 saepe
675 4530 857 4599 posita
921 4537 1028 4588 est,
1095 4528 1383 4595 prohibeat
1443 4525 1737 4595 coniugum
1783 4540 2054 4579 consensu

2160 4523 2501 4591 συνοικὲσια,
2538 4525 2653 4587 πῶς
2688 4529 2715 4578 ὁ
2751 4525 2936 4596 παρὼν
2971 4527 3150 4580 κανὼν
3179 4529 3471 4598 διορίζεται
3503 4531 3722 4584 ἀποδιί-

500 4623 722 4677 dissolvi
762 4620 1191 4681 matrimonium,
1223 4617 1504 4686 quomodo
1540 4615 1784 4670 decernit
1815 4630 2056 4684 praesens

2156 4613 2385 4668 στασθαι
2419 4616 2559 4668 κατὰ
2594 4617 2895 4670 συναίνεσιν
2925 4617 3018 4670 τοῦ
3055 4619 3362 4688 ὑποψηφίου
3398 4621 3588 4691 ἀνδρὸς
3620 4622 3725 4693 τὴν

501 4727 698 4770 canon.
735 4724 956 4763 uxorem
993 4710 1059 4761 ab
1090 4709 1264 4761 electo
1322 4708 1520 4759 marito
1573 4720 1841 4760 consensu
1899 4719 2056 4774 sepa-

2155 4709 2416 4775 γυναῖκας
2443 4709 2651 4774 Λύσις.
2683 4710 2835 4762 Κατὰ
2861 4709 3158 4765 συναίνεσιν
3185 4713 3284 4780 μὲν
3307 4713 3365 4765 οῦ
3385 4713 3567 4766 λύεται
3594 4729 3727 4766 συν-

500 4807 609 4859 mi
636 4805 658 4855 ?
688 4801 910 4855 Salutio.
941 4799 1215 4854 Consensu
1269 4797 1488 4867 quidem
1525 4811 1632 4850 non
1682 4796 1912 4851 solvitur
1939 4811 2056 4849 ma-

2155 4797 2423 4851 οικέσιον’
2465 4800 2524 4862 ἐξ
2560 4800 2779 4866 εὐλόγου
2819 4801 2876 4853 δὲ
2916 4801 3096 4862 αἰτίας
3133 4801 3337 4856 λύεται.
3380 4805 3488 4858 Kal.
3527 4804 3726 4876 ὥσπερ

503 4894 812 4946 trimoninm
857 4909 872 4945 :
911 4891 1001 4945 sed
1028 4891 1170 4961 justa
1211 4887 1278 4943 de
1301 4904 1462 4943 causa
1484 4888 1752 4943 solvitur:
1781 4896 1834 4942 et
1867 4903 2056 4958 quem-

2159 4887 2252 4939 τοῦ
2277 4889 2393 4952 ἐνὸς
2411 4889 2517 4940 τῶν
2537 4889 2820 4959 όμοζύγων
2838 4891 3263 4964 ἀποκειρομένου
3287 4894 3517 4963 λέγομεν
3538 4895 3725 4967 ἀγαθῇ

486 4985 814 5046 admodum,
852 4985 894 5037 si
921 4999 1062 5036 unus
1103 4997 1168 5035 ex
1200 4981 1532 5050 conjugibus
1566 4979 1875 5044 tondeatur,
1925 4977 2056 5032 dici-

2161 4980 2343 5049 χάριτι
2371 4978 2467 5050 τὴν
2496 4979 2768 5046 διάζευξιν
2797 4979 3075 5050 γίνεσθαι·
3105 4981 3246 5036 οὕτω
3279 4983 3375 5036 καὶ
3402 4983 3495 5038 τοῦ
3515 4981 3730 5054 ’ἀνδρὸς

503 5091 626 5128 mus
679 5075 820 5128 bona
876 5074 1044 5142 gratia
1104 5071 1499 5140 separationem
1552 5067 1704 5122 ﬁeri:
1735 5067 1808 5120 ita
1857 5073 1915 5120 et
1947 5065 2056 5118 viro

2161 5067 2522 5136 φηφισθέντος
2538 5109 2552 5132 ,
2581 5069 2869 5139 λυθήσεται
2901 5069 3040 5138 μετὰ
3065 5071 3519 5142 τὴνχειροτονίαν
3543 5073 3638 5126 καὶ
3662 5075 3734 5128 τὸ

501 5167 678 5218 electo
711 5175 833 5235 post
864 5163 1264 5218 ordinationem
1311 5161 1550 5226 solvetur
1589 5158 1922 5228 conjugium.
1949 5154 2056 5210 Nec

2166 5145 2518 5213 συνοικέσιονξ
2556 5159 2668 5212 Καὶ
2704 5159 2765 5213 οὐ
2803 5159 2952 5214 δοκεῖ
2989 5163 3127 5215 κατὰ
3165 5163 3470 5217 συναίνεσιν
3500 5163 3732 5218 λύεσθαι

1762 5298 1954 5361 Guill.
1979 5301 2309 5379 Beveregii
2341 5310 2526 5365 notua.

549 5447 793 5526 _(40_)_Bf.
849 5463 980 5515 κεφ.
1033 5445 1158 5513 τῆς·
1182 5451 1337 5526 per)".
1381 5446 1870 5526 Ἰουστινιανείου
1925 5464 2060 5526 νεα-

496 5516 630 5586 ρᾶς.
657 5520 736 5571 'lta
797 5533 930 5570 sane
984 5533 1174 5571 omnes
1209 5519 1403 5570 habent
1457 5533 1612 5580 mss.,
1663 5521 1758 5571 sed
1791 5532 1887 5585 pro
1914 5516 2053 5585 ρκγ’,

503 5587 786 5655 legendum
843 5597 927 5640 est
979 5592 1118 5653 ρκγ’,
1171 5602 1278 5638 non
1332 5587 1478 5639 enim
1526 5588 1578 5639 in
1639 5587 1760 5649 125,
1799 5587 1890 5640 sed
1954 5589 2053 5641 155

503 5656 735 5710 Novella:
764 5655 1059 5710 Justiniani
1106 5658 1288 5724 capite
1328 5657 1568 5710 secundo
1614 5655 1905 5718 habentur,
1933 5674 2055 5724 cum

504 5724 592 5780 hic
620 5729 861 5778 citantur
895 5743 907 5777 :
944 5726 1016 5777 uti
1069 5735 1122 5779 et
1178 5741 1297 5778 rnox
1355 5737 1563 5795 postea,
1620 5726 1709 5779 ubi
1753 5729 1940 5781 eadem
1986 5745 2047 5780 ex

2165 5464 2284 5517 cep.
2351 5450 2442 5513 15,
2495 5451 2678 5520 ιίιηί,
2713 5451 2754 5505 l.
2816 5467 2868 5505 ιν
2927 5449 3143 5506 Basilic.
3208 5449 3467 5512 citantur,
3513 5466 3614 5520 pro
3661 5463 3732 5506 ιε’

2164 5520 2509 5573 scribendum
2545 5518 2633 5586 ιη’.
2667 5521 2781 5574 Non
2841 5523 2983 5575 enim
3017 5523 3071 5575 in
3126 5523 3340 5576 decimo
3388 5518 3601 5590 quin—to,
3626 5525 3728 5578 sed

2163 5590 2602 5709 ttuodevicesimo
2668 5593 2844 5661 capite
2899 5592 3059 5648 istius
3119 5593 3278 5656 tituli,
3333 5605 3396 5646 ea
3445 5593 3730 5649 inveniun-

2193 5675 2272 5709 ur.
2354 5705 2356 5708 ,

2193 5675 2272 5712 ur.
2354 5705 2356 5708 ,
