4074 6388
1312 312 1319 337 i

397 365 493 421 ϋήῖ
1312 312 1319 337 ἡ
1642 360 1915 421 ΤΙΙΕΟΙ).
1957 359 2003 417 Β

2032 358 2356 417 iLSAMON
3023 349 3029 355 ’
3150 310 3155 315 ”
3519 361 3641 429 688.

402 481 646 533 haberet.
671 478 937 544 Quoniam
990 484 1180 531 autem
1210 492 1307 546 per
1340 478 1812 532 consecrationem
1866 478 1953 530 ili-
1982 480 2011 535 Α

2018 516 2025 534 ι
2055 474 2141 527 διὰ
2171 476 2267 543 τὴν
2302 474 2632 545 χειροτονίαν
2672 475 2769 543 τὴν
2808 475 3075 540 διάζευξιν
3113 474 3424 547 ᾑρετισατο,
3459 476 3627 546 ἀναγο

399 573 633 627 vortium
664 570 848 639 elegit,
870 583 963 638 per
987 576 1273 622 tonsuram
1293 577 1516 638 cogetur
1543 571 1951 638 separationem

2058 566 2394 637 κασθήσεται
2433 567 2520 619 διὰ
2556 568 2653 633 τῆς
2694 567 3053 635 ἀποκάρσεως
3091 568 3376 620 τελειῶσαι
3414 568 3475 621 τὸ
3513 569 3630 622 δια-

398 659 678 733 perlicere,
734 670 789 717 et
832 677 940 715 non
996 660 1185 715 ludere
1222 662 1314 715 ubi
1362 677 1469 715 non
1501 670 1583 716 est
1636 662 1954 717 ludendum.

2059 658 2262 725 ζύγιον,
2291 658 2383 709 καὶ
2420 658 2493 726 μὴ
2524 657 2740 721 παίζειν
2770 658 2827 709 ὲν
2856 660 2916 710 οὐ
2948 662 3217 721 παικτοῖς.
3247 661 3321 715 Τὸ
3352 659 3461 729 γὰρ
3494 662 3632 730 μετά

396 756 528 809 Cum
570 756 708 808 laico
737 754 883 806 enim
939 753 1122 806 babilu
1156 767 1273 805 eam
1328 767 1450 806 esse
1486 753 1540 804 in
1596 752 1955 817 monasterio,

2058 748 2245 801 λαῐκοῦ
2297 751 2573 818 σχήματος
2625 744 2764 801 εἶναι
2812 749 2984 819 αὐτὴν
3030 751 3109 812 εἰς
3152 750 3214 802 τὸ
3266 752 3631 821 μοναστήριον

401 845 653 913 supplicii
689 858 796 896 non
856 841 1109 896 beneﬁcii
1146 856 1283 909 opus
1319 852 1441 895 est:
1512 841 1658 909 quod
1722 841 1788 894 ad
1847 855 1956 894 nou

2060 841 2335 903 κολάσεως
2383 843 2543 911 ἔργον
2585 842 2770 903 ἐστὶν,
2817 842 2918 894 οὐκ
2960 842 3298 911 εὐεργεσίας.
3334 842 3512 913 Ὅπερ
3553 846 3633 905 εὶς

401 952 625 1000 parvum
691 934 1135 988 consecrationis
1197 934 1432 987 dedecus
1483 940 1718 1000 spectat.
1779 930 1960 996 Quare

2061 932 2281 1001 ἀτιμίαν
2312 932 2409 1001 τῆς
2450 934 2784 1001 χειροτονίας
2820 935 2999 1004 ἀφορᾷ
3031 935 3089 986 ον)
3131 936 3355 1003 μικράν.
3391 936 3483 987 Διὸ
3515 935 3634 987 οὐδὲ

401 1028 579 1081 necvi
644 1026 853 1093 suscipi
917 1035 1162 1087 tonsura,
1225 1027 1318 1079 sed
1353 1035 1547 1093 sponte
1602 1039 1664 1078 ac
1726 1024 1959 1077 consilio

2062 1021 2335 1088 λογίζεται
2376 1026 2755 1095 ἁναγκαστικὴ
2792 1026 2825 1095 ή
2864 1026 3169 1095 ἀποκαρσις
3192 1067 3205 1089 ,
3240 1025 3387 1081 ἀλλὰ·
3411 1027 3630 1096 αἱρετή.

401 1131 698 1188 reputatur.
750 1118 906 1183 Quod
978 1128 1158 1170 autent
1223 1117 1376 1170 laica:
1436 1116 1613 1169 solum
1705 1116 1962 1168 mulieres

2064 1112 2136 1163 Τὸ
2168 1112 2223 1163 δὲ
2258 1113 2452 1175 λαῖκάς
2493 1115 2659 1180 μόνας
2700 1116 2965 1180 γυναῖκας
3005 1115 3289 1180 ἀξιοῦσθαι
3324 1115 3635 1168 διακονικοῦ

400 1217 577 1282 dignae
607 1213 936 1267 diaconissze
970 1212 1240 1279 dignitate
1265 1212 1595 1273 habeantur,
1622 1225 1812 1262 verum
1850 1224 1960 1263 non

2063 1202 2370 1272 ἀξιώματος
2413 1207 2511 1258 οὐκ
2554 1207 2701 1257 ἔστιν
2740 1206 2976 1275 ἀληθές·
3021 1208 3114 1259 καὶ
3159 1207 3486 1275 μονάζουσαι
3526 1208 3635 1277 γὰρ

401 1315 507 1358 est.
573 1306 706 1358 Nam
770 1317 823 1357 et
879 1306 1166 1357 monachae
1218 1318 1279 1356 ea
1342 1302 1521 1371 dignm
1587 1302 1952 1355 habebantur.

2062 1295 2311 1363 ἠξιοῦντο
2342 1297 2527 1351 αὐτοῦ.
2554 1298 2759 1360 Ἀλλως
2788 1315 2849 1349 τε
2876 1300 2925 1349 ει
2956 1298 3081 1368 δοοῇ
3117 1298 3255 1367 μετά
3283 1299 3471 1353 λαῖκοῦ
3504 1303 3635 1371 σχή-

401 1399 615 1466 Alioqui
648 1398 688 1449 si
716 1410 1039 1449 roucessum
1102 1393 1284 1459 fuerit,
1325 1403 1382 1446 ut
1413 1410 1536 1446 cum
1582 1393 1722 1445 laico
1772 1391 1959 1444 habitu

2069 1404 2236 1453 ματος
2274 1387 2411 1441 εἶναι
2452 1391 2532 1452 εἰς
2563 1389 2625 1461 τὸ
2667 1393 3026 1460 μοναστήριον
3062 1390 3161 1460 τὴν
3196 1390 3285 1444 τοῦ
3326 1409 3638 1463 χειροτονη-

403 1490 742 1557 ingrediatur
769 1488 1188 1540 monasterium.
1217 1486 1336 1552 ejus
1362 1483 1454 1552 qui
1484 1488 1838 1536 consecratus
1881 1487 1965 1533 est

2067 1478 2251 1542 θέντος
2284 1483 2514 1547 γυναῖκα
2536 1521 2549 1544 ,
2587 1483 2812 1552 ζητήσει
2850 1482 3097 1549 εὐλόγως
3120 1484 3214 1536 καὶ¹
3246 1476 3399 1547 ἐκτὸς
3431 1485 3638 1553 διατρί-

404 1594 561 1642 uxor,
591 1577 737 1645 juste
785 1592 848 1629 ac
883 1575 1147 1644 probabili
1207 1573 1293 1628 de'
1326 1586 1493 1626 causa
1550 1581 1705 1624 extra
1746 1584 1965 1639 quoque

2068 1570 2180 1622 6ειν
2210 1570 2394 1633 αὐτοῦ,
2428 1572 2558 1634 ἴσως
2587 1573 2643 1625 δὲ
2673 1574 2766 1625 καὶ⁵
2798 1572 3160 1643 συζευχθῆναι
3193 1572 3385 1645 ὲτέρῳξ
3397 1575 3572 1647 ἀνδρὶ,
3604 1575 3638 1645 ἢ

404 1672 611 1725 versari
639 1679 862 1739 quaeret,
914 1667 1052 1721 forte
1084 1677 1264 1720 autem
1320 1666 1487 1720 etiam
1520 1680 1644 1717 cum
1682 1664 1790 1717 alio
1846 1664 1963 1716 viro

2068 1663 2163 1715 καὶ
2214 1665 2350 1732 μετά
2400 1664 2492 1716 τοῦ
2548 1664 3048 1728 ὲπισκοπεύσαντος
3103 1664 3445 1734 συνδιάγεινο
3501 1668 3640 1737 ὅπερ

401 1763 679 1831 conjungi,
714 1762 799 1815 vel
838 1761 999 1813 etiam
1050 1772 1171 1811 cum
1215 1771 1301 1821 eo,
1342 1757 1434 1826 qui
1465 1757 1757 1825 episcopus
1790 1754 1966 1809 factus
2003 1808 2010 1860 1

2033 1756 2268 1858 ιάτοπον
2302 1756 2397 1811 καὶ
2430 1758 2540 1819 τοῖς
2580 1756 2745 1819 θείοις
2781 1757 3003 1809 κανόσιν
3037 1757 3358 1827 ἀϐούλητον.
3396 1759 3642 1828 Σημείω-

402 1868 506 1918 eSt,
578 1850 1034 1906 consuetudinem
1089 1846 1326 1901 habere:
1399 1844 1543 1913 quod
1609 1844 1831 1914 quidem
1882 1843 2011 1897 est‘

2034 1843 2042 1857 '
2071 1862 2159 1899 σαι
2193 1843 2287 1900 οὖν
2315 1847 2489 1901 ταῦτα
2521 1849 2698 1903 πάντα
2728 1849 2815 1903 διά
2845 1850 2971 1911 τοὺς
3008 1848 3293 1913 ἀξιοῦντας
3322 1850 3643 1922 δευτερογα-

402 1947 716 2008 absurdum,
749 1951 803 1997 et
826 1952 1017 1996 contra
1047 1940 1355 1993 divinorum
1400 1952 1671 1992 canonum
1713 1937 1962 1990 volunta-

2073 1940 2191 2006 μεῖν
2221 1940 2321 2002 τὰς
2348 1939 2457 1991 τῶν
2490 1940 2681 2009 ἱερέων
2711 1940 2995 2008 γυναῖκας.
3028 1939 3253 2009 Νομίζω
3284 1940 3391 2009 γὰρ
3423 1941 3496 2002 ὼς
3534 1940 3642 1994 ἀπὸ

320 2084 321 2093 χ
403 2049 532 2093 tem.
566 2036 700 2089 Nota
729 2049 855 2102 ergo
878 2033 993 2085 haec
1022 2030 1228 2092 omnia,
1259 2038 1313 2084 et
1344 2030 1580 2082 maxime
1618 2037 1839 2096 propter
1870 2044 1929 2081 eo

2068 2030 2163 2084 τοῦ
2201 2032 2469 2102 παρόντος
2504 2033 2728 2095 κανόνος
2760 2034 2819 2084 οὐ
2856 2032 3423 2103 παραχωρηθήσονται
3458 2032 3643 2085 δευτε-

401 2131 493 2198 qui
541 2127 861 2181 existimant
929 2120 1276 2177 sacerdotum
1330 2134 1530 2173 uxores
1586 2133 1743 2188 posse
1801 2118 1965 2173 etiam

2070 2123 2402 2193 ρογαμῆσαι.
2436 2124 2587 2176 Ἐπεὶ
2612 2124 2670 2176 δὲ
2696 2126 2753 2176 ἐν
2780 2123 2992 2186 πολλοῖς
3016 2122 3125 2176 τῶν
3152 2124 3528 2193 νομοκανόνων
3554 2124 3644 2177 εύ-

402 2220 644 2275 secundo
705 2218 931 2270 nubere.
961 2213 1230 2267 Existimo
1248 2212 1414 2270 enim,
1441 2212 1586 2282 quod
1640 2211 1709 2264 ab
1742 2211 1845 2266 boc
1875 2226 1967 2264 ca-

2072 2212 2314 2281 ρίσκεται
2349 2214 2536 2282 Νεαρά
2568 2214 2996 2276 Ἰούστινιάνειος
3026 2214 3233 2283 (κεῖται
3268 2215 3324 2267 δὲ
3356 2217 3388 2283 ἡ
3418 2216 3640 2286 τοιαύτη

402 2329 565 2375 none,
599 2312 681 2365 eis
714 2306 955 2362 secundo
1013 2306 1221 2359 nubere
1254 2319 1363 2358 non
1393 2303 1762 2372 permittatur.
1824 2302 1966 2368 Quo-

2069 2304 2258 2372 Νεαρά
2285 2306 2393 2374 (45)
2422 2307 2515 2360 καὶ
2544 2308 2622 2369 εἰς
2650 2307 2856 2376 βιὸλὶον
2881 2306 2927 2373 γ’
2948 2306 3054 2359 τῶν
3083 2307 3406 2373 Βασιλικῶν,
3432 2309 3567 2364 τιτλ.
3594 2324 3641 2363 α’

402 2410 545 2458 niam
612 2410 791 2454 autem
853 2400 906 2451 in
971 2398 1157 2451 multis
1234 2396 1635 2449 nomocanonis
1684 2395 1964 2449 invenitur

2070 2414 2194 2465 κεφ.
2220 2398 2285 2463 ζ’,
2308 2401 2443 2469 ὅπερ
2475 2402 2738 2471 κατετέθη
2770 2403 2901 2472 παρ’
2922 2403 3079 2472 ήμῶν
3105 2405 3184 2465 εἰς
3214 2420 3337 2471 κεφ.
3366 2411 3451 2471 κγ’
3473 2403 3566 2457 τοῦ
3596 2416 3645 2456 α’

401 2495 694 2551 Justiniani
730 2491 944 2545 Novella
979 2489 1102 2559 (sita
1137 2490 1187 2540 in
1228 2504 1287 2541 II]
1314 2488 1407 2540 lib.
1438 2486 1655 2540 Basilic.
1678 2486 1761 2539 tit.
1792 2486 1965 2553 primo

2066 2488 2244 2541 τίτλου
2275 2490 2367 2543 τοῦ
2405 2490 2671 2557 παρόντος
2707 2492 3148 2561 συντάγματος),
3182 2492 3529 2564 διοριζομένη
3567 2494 3644 2565 μὴ

401 2606 519 2657 cap.
568 2589 624 2651 7,
665 2584 811 2654 quod
859 2584 1080 2653 quidem
1117 2581 1357 2649 positum
1386 2588 1471 2632 est
1495 2595 1521 2629 a
1557 2578 1717 2632 nobis
1750 2579 1803 2631 in
1842 2594 1963 2647 cap.

2070 2580 2367 2643 ἀνάγεσθαι
2408 2583 2486 2643 el;
2529 2581 2741 2649 ἀξίωμα
2787 2584 3141 2636 ὲπισκοπικδν
3173 2582 3264 2635 τὸν
3320 2584 3508 2655 ἔχοντα
3545 2602 3648 2653 γυ-

400 2683 492 2747 25,
519 2681 677 2751 primi
713 2678 852 2731 titnli
916 2673 1200 2745 praesentis
1258 2674 1461 2742 operis)
1510 2688 1631 2741 qua:
1664 2674 1853 2725 statuit
1898 2666 1993 2725 ad'

2070 2676 2229 2727 ναίκα
2264 2674 2296 2744 ἦ
2327 2673 2516 2733 τέκνα,
2550 2673 2581 2742 ἢ
2621 2674 2727 2743 μὴν
2755 2674 2845 2725 τὸν
2878 2674 3029 2741 παρά
3057 2674 3229 2728 ταῦτα
3267 2677 3647 2748 χειροτονηθή-

399 2773 767 2844 episcopalem
821 2768 1141 2837 dignitatem
1199 2780 1307 2818 non
1371 2779 1492 2818 esse
1553 2765 1961 2833 provehendum

2072 2765 2299 2834 σύμενον
2326 2766 2740 2835 καθαιρεῖσθαι,
2769 2768 2865 2820 καὶ
2899 2768 3235 2837 ἐλαλήθησαν
3264 2767 3332 2821 τά
3366 2770 3494 2835 περὶ
3521 2769 3648 2820 τού-

400 2870 493 2937 qui
537 2866 697 2920 liabet
728 2876 957 2917 uxorem
1002 2860 1086 2913 vel
1133 2858 1356 2922 liberos,
1416 2858 1499 2911 vel
1554 2872 1679 2911 eum
1730 2846 1961 2927 alioqui,
2000 2922 2009 2929 '

2069 2877 2161 2912 του
2202 2858 2455 2920 πολλάκις
2480 2874 2494 2888 ⁸
2526 2858 2765 2928 λέγομεν
2798 2859 2873 2921 ὡς
2907 2860 2972 2912 τά
3006 2860 3106 2928 τῆς
3138 2860 3393 2928 τοιαύτης
3429 2860 3650 2931 Νεαρᾶς

400 2962 488 3031 qui
529 2966 726 3028 praeter
762 2956 878 3008 brec
940 2952 1091 3014 facit,
1142 2947 1567 3019 deponendum,
1602 2956 1656 3003 et
1703 2947 1965 3018 frequens

2068 2950 2431 3020 ήπρὰκτησαν
2460 2949 2547 3001 διὰ
2576 2951 2634 3001 τὸ
2669 2949 2742 3019 μὴ
2773 2951 2995 3021 τεθῆναι
3028 2954 3106 3013 εἰς
3134 2953 3202 3005 τὰ
3232 2953 3521 3016 Βασιλικά,
3552 2954 3649 3006 καὶ

400 3054 465 3106 de
493 3067 554 3105 ea
588 3064 645 3109 re
702 3047 908 3099 mentio
954 3044 1094 3095 facta
1141 3051 1268 3095 est:
1321 3038 1559 3093 dicimus
1620 3054 1740 3123 eain
1781 3038 1967 3093 novel-

2070 3043 2349 3112 ἐνεργοῦσι
2386 3041 2453 3093 τά
2492 3042 2584 3095 τοῦ
2626 3044 2890 3112 παρόντος
2937 3044 3179 3107 κανόνος,
3224 3046 3315 3096 καὶ
3351 3046 3384 3114 ή
3421 3044 3651 3114 δευτέρα

399 3147 503 3199 Iam
544 3141 876 3204 exolevisse,
917 3153 983 3191 eo
1031 3135 1178 3204 quod
1235 3136 1289 3187 in
1327 3131 1581 3187 Basilicis
1647 3147 1756 3188 non
1798 3134 2008 3216 poni-1

2070 3134 2258 3203 Νεαρά
2289 3133 2384 3185 τοῦ
2429 3133 2694 3202 βασιλέως
2730 3135 2898 3204 κυροῦ
2936 3137 3162 3199 Λέοντος
3201 3136 3294 3188 τοῦ
3333 3136 3648 3204 Φιλοσόφου,

402 3248 490 3289 tur
516 3253 530 3299 ;
554 3235 696 3305 liunc
730 3241 909 3282 autem
959 3239 1225 3279 canonem
1266 3238 1389 3279 esse
1422 3226 1477 3276 in
1507 3239 1631 3290 usu,
1660 3233 1718 3278 et
1767 3240 1967 3280 secun-

2070 3227 2137 3298 ήν
2171 3227 2265 3278 καὶ
2298 3226 2596 3293 ἀνάγνωθι,
2631 3227 3011 3297 διοριζομένην
3047 3228 3172 3296 περὶ
3206 3228 3264 3280 το
3298 3228 3449 3290 τέλος
3480 3229 3651 3297 ταῦτα

400 3326 524 3377 dam
550 3320 815 3373 novellam
846 3317 1191 3384 imperatoris
1231 3312 1439 3387 domini
1468 3312 1672 3367 Leonis
1716 3313 1966 3382 philoso-

2070 3316 2275 3387 ῥητῶς.
2320 3314 2384 3369 Ἡ
2415 3311 2508 3369 οὖν
2541 3317 2604 3368 ὲκ
2636 3316 2772 3381 Θεοῦ
2808 3316 3055 3386 βασιλεία
3084 3315 3262 3385 ἡμῶν,
3292 3316 3449 3368 τοῦτο
3482 3317 3652 3386 ἁρμο-

400 3416 517 3486 pbi,
554 3427 717 3482 quam
757 3411 894 3479 lege,
953 3422 1074 3475 quae
1125 3406 1237 3459 haec
1274 3414 1461 3474 aperte
1484 3387 1760 3459 ‘decernit
1816 3406 1965 3460 circa

2070 3409 2322 3481 διώτερον
2353 3408 2692 3462 κατανοοῦσα
2724 3413 2835 3473 τοῖς
2866 3410 3032 3472 θείοις
3062 3409 3290 3462 ἔπεσθαι
3323 3409 3649 3473 ὲντάλμασι,

402 3510 584 3562 tinem.
620 3499 998 3568 Nostraigitur
1024 3498 1399 3567 imperatoria,
1439 3510 1560 3564 quae
1600 3512 1663 3551 ex
1702 3495 1812 3551 Deo
1858 3508 1965 3563 est,

2075 3500 2365 3571 σύμφωνον
2394 3501 2621 3563 ἐκείνοις
2651 3502 2876 3571 ἐκφέρει
2905 3501 3065 3570 νόμον
3087 3518 3100 3531 ·
3130 3502 3225 3553 καὶ
3253 3499 3442 3569 ὥσπερ
3468 3500 3652 3563 αὐτοῖς

400 3598 685 3666 maiestas,
716 3593 759 3647 si
794 3591 1071 3646 mandatis
1108 3590 1311 3643 divinis
1351 3588 1671 3651 iusistatur,
1714 3588 1768 3643 id
1804 3589 1967 3659 longe

2073 3594 2220 3646 δοκεῖ
2248 3592 2307 3645 τὸ
2336 3595 2472 3663 πρδς
2504 3591 2919 3662 ἀρχιερωσύνην
2945 3592 3245 3660 ἀνάγεσθαι
3274 3592 3363 3644 τὸν
3390 3591 3541 3655 ἀξιον
3566 3607 3653 3643 τι-

401 3686 824 3747 convenientius
857 3683 974 3738 fore
1020 3682 1486 3744 animadverteris,
1524 3696 1823 3735 consonam
1861 3682 1969 3737 illis

2076 3686 2181 3755 μῆς
2201 3726 2215 3751 9
2248 3686 2352 3739 κᾶν
2383 3680 2486 3738 ὦσι
2519 3685 2678 3753 γοναὶ
2710 3686 2861 3755 νόμῳ
2892 3686 3255 3755 τετιμημέναι
3280 3700 3293 3715 ’
3326 3682 3497 3745 οὕτως
3530 3683 3650 3753 ὁρι-

400 3782 610 3852 profert
638 3780 846 3846 legem;
879 3782 934 3829 et
967 3773 1428 3843 quemadmodum
1478 3772 1611 3841 ipsis
1653 3774 1870 3828 videtur
1899 3775 1966 3829 ad

2072 3777 2239 3843 ζουσα
2274 3780 2363 3831 τὸν
2398 3776 2855 3847 ἀντιφθέγγεσθαι
2894 3777 3263 3847 θρασυνθέντα
3300 3777 3460 3845 νόμον
3492 3775 3649 3845 δίκην

362 3936 368 3945 ι
410 3872 727 3944 primarium
759 3868 1129 3923 sacerdotium
1158 3862 1492 3949 promoveri,
1526 3865 1619 3934 qui
1645 3866 1739 3921 illo
1763 3867 1969 3923 bonOre

2072 3874 2169 3945 τῆς
2201 3872 2537 3944 θρασύτητος
2566 3873 2663 3944 τὴν
2692 3875 2771 3937 εἰς
2799 3873 2889 3925 τὸν
2918 3874 3109 3925 ἔπειτα
3138 3872 3327 3943 χρόνον
3356 3872 3451 3924 καί⁹
3478 3871 3653 3940 διηνεα

410 3964 613 4044 alioqui
653 3964 849 4030 dignus
890 3961 981 4021 sit,
1021 3956 1237 4011 etiamsi
1278 3956 1481 4011 liberos
1534 3956 1733 4013 habeat
1790 3959 1969 4029 legiti-

1298 3956 1481 4011 iberos
1534 3956 1733 4013 habeat
1790 3959 1969 4029 legiti-
2072 3968 2142 4036 κῆ
2172 3966 2416 4035 ἀφωνίαν
2448 3965 2900 4039 εἰσπράττεσθαι.

404 4074 554 4114 mos:
588 4066 642 4109 et
677 4056 749 4107 ita
796 4051 1015 4121 quidem
1065 4062 1323 4109 eensens,
1346 4052 1405 4100 ut
1436 4062 1467 4101 a
1518 4048 1636 4118 lege
1666 4066 1789 4120 qua:
1813 4058 2194 4116 contradicere
2256 4074 2388 4114 ausa
2448 4058 2571 4125 fuit,
2640 4060 2696 4113 in
2755 4057 2998 4113 audacia:
3050 4070 3264 4127 poenam
3328 4060 3651 4126 perpetuum

402 4144 456 4203 in
487 4144 727 4204 futurum
751 4146 1002 4214 exigatur
1037 4142 1339 4197 silentium.
2530 4198 2545 4213 ‘
2811 4158 2821 4166 -

472 4240 725 4297 ZONAR.
773 4242 829 4293 Si
867 4239 993 4308 quis
1030 4239 1263 4291 maritus
1295 4236 1364 4290 ad
1412 4238 1729 4307 episcopale
1767 4256 1970 4297 munus

2134 4238 2387 4297 'ZQNAP.
2419 4242 2534 4295 Οὐκ
2557 4239 2799 4308 ἀκούσης
2824 4240 2923 4310 τῆς
2949 4239 3209 4308 γυναικὸς
3234 4236 3653 4303 διαζεύγνυσθαι

400 4344 648 4399 vocetur,
670 4348 794 4388 eum
822 4347 931 4385 non
964 4328 1032 4382 ab
1069 4343 1241 4382 uxore
1280 4329 1451 4382 invita
1501 4330 1711 4398 divelli,
1748 4335 1845 4389 sed
1903 4352 1964 4390 ea

2076 4337 2243 4405 αὐτῆς
2284 4336 2373 4387 τὸν
2413 4334 2580 4403 ἄνδρα
2626 4333 2873 4402 βούλεται
2914 4334 2943 4384 ὁ
2983 4330 3158 4385 κανὼν
3199 4331 3533 4400 καλούμενον
3572 4330 3654 4393 εἰς

401 4428 780 4491 consentiente
829 4432 884 4478 et
920 4422 1137 4476 volente
1192 4420 1489 4474 divortium
1554 4422 1706 4490 ﬁeri;
1738 4441 1803 4479 eo
1844 4443 1972 4483 νει-ο

2074 4426 2400 4492 ἐπισκοπὴν,
2432 4426 2544 4477 ἀλλ’
2567 4427 2631 4477 ὲκ
2663 4424 2974 4493 συμφώνου,
3007 4424 3100 4477 καὶ
3128 4422 3539 4493 διαζευχθεῖσαν
3572 4422 3651 4492 μὴ

401 4523 566 4585 facto,
591 4535 658 4572 ne
684 4518 765 4570 vel
789 4516 892 4570 sub
924 4514 1117 4568 eodem
1145 4512 1416 4576 tecto,vel
1448 4514 1501 4565 in
1533 4515 1726 4571 vicinis
1759 4519 1970 4575 aedibus
2004 4552 2010 4605 γ

2045 4520 2343 4589 νσυνοικεῖν
2385 4516 2562 4587 αὐτῷ,
2611 4514 2736 4584 μήτ’
2762 4517 2930 4584 ἐγγὺς
2975 4516 3071 4583 τῆς
3115 4516 3325 4589 ἐκείνου
3369 4516 3654 4578 κατοικίας

404 4630 543 4670 uxor
590 4611 821 4671 habitet,
878 4607 974 4661 sed
1026 4607 1079 4658 in
1133 4604 1470 4659 monasterio
1533 4610 1720 4675 procul
1755 4612 1822 4665 ab
1861 4604 2009 4681 (τρὶ-⁷

2076 4611 2274 4672 οἰκεῖν,
2313 4607 2427 4663 ἀλλ’
2453 4611 2511 4661 ὲν
2552 4608 2896 4679 μοναστηρίῳ
2938 4608 3124 4678 πόρρω
3161 4609 3396 4679 κειμένῳ
3430 4610 3527 4679 τῆς
3558 4609 3654 4661 τοῦ

403 4706 551 4775 scopi
576 4703 809 4758 statione
840 4700 1021 4765 degat,
1053 4697 1156 4751 hoc
1186 4713 1401 4751 canone
1427 4701 1821 4756 constitutum.
1857 4704 1973 4757 Mu-

2075 4702 2376 4755 ὲπισκόπου
2416 4703 2769 4769 καταγωγῆς.
2807 4701 2880 4751 Τὸ
2915 4701 3024 4770 γὰρ
3062 4699 3325 4770 ἀλλήλους
3359 4702 3492 4770 ὁρᾷν
3528 4717 3658 4753 συν-

406 4806 530 4847 tuus
558 4804 797 4859 namque
826 4796 879 4841 et
911 4786 1272 4854 quotidianus
1302 4787 1517 4841 illorum
1552 4789 1695 4843 inter
1742 4808 1802 4845 se
1837 4808 1971 4847 cou-

2079 4795 2215 4863 εχῶς
2243 4793 2682 4862 ἀναμιμνήσκειν
2712 4790 2895 4859 μέλλει
2926 4791 3141 4853 πάντως
3171 4792 3366 4854 αὐτοὺς
3391 4793 3490 4858 τῆς
3519 4809 3655 4860 προ-

404 4896 649 4955 speetus,
684 4881 887 4952 prioris
906 4882 1028 4931 vitae
1062 4880 1595 4949 consuetudinisque
1643 4885 1968 4938 memoriam

2078 4887 2241 4955 τέρας
2272 4885 2547 4953 διαγωγῆς
2578 4901 2637 4936 τε
2670 4887 2763 4935 καὶ
2794 4883 3174 4954 συμϐιώσεως,
3206 4885 3301 4937 καὶ
3334 4884 3658 4939 ύπεκκαίειν

406 4975 717 5039 renovabit,
749 4981 802 5026 et
835 4970 1037 5025 amoris
1076 4970 1129 5024 in
1192 4980 1427 5041 utroque
1458 4972 1731 5027 ﬂammam
1770 4992 1970 5030 accen-

2080 4979 2231 5043 σφισι
2273 4976 2361 5027 τὸν
2402 4975 2601 5043 ἔρωτα.
2648 4974 2841 5046 Πὸῤῥω
2905 4975 2962 5027 δὲ
3008 4971 3175 5029 οὖσαν
3217 4976 3472 5045 προνοίας
3514 4976 3658 5028 ἀπο-

402 5065 701 5122 dct.Uxori
738 5080 868 5118 vero
896 5065 1078 5133 longe,
1112 5064 1273 5132 217
1334 5065 1540 5133 inquit,
1587 5062 1796 5134 a‘genti,
1856 5070 1971 5136 epi-

2080 5065 2263 5117 λαύειν
2295 5064 2507 5116 κελεύει
2544 5063 2697 5134 παρὰ
2730 5064 2824 5117 τοῦ
2863 5066 3185 5119 ἐπισκόπου.
3226 5065 3399 5117 Τοῦτο
3436 5066 3495 5117 δὲ
3528 5082 3658 5133 νοη-

404 5161 555 5229 scopi
582 5175 710 5213 cura
765 5157 1212 5226 providentiaque
1264 5158 1575 5211 subveniet.
1623 5161 1783 5225 Quod
1847 5162 1972 5231 qui-

2082 5156 2224 5219 τέον,
2251 5158 2338 5207 ὅτε
2374 5154 2449 5225 μὴ
2477 5154 2685 5207 οἴκοθεν
2713 5141 2905 5225 ἐκείνη
2926 5155 3151 5209 δύναται
3181 5158 3260 5219 εἰς
3286 5158 3355 5209 τὰ
3384 5158 3661 5224 ἀναγκαῖα

1598 5294 1792 5356 Guill.
1818 5294 2149 5373 Beveregii
2189 5302 2374 5356 noue.

471 5412 582 5483 ('45)
612 5411 805 5466 Κεῒται
844 5412 913 5465 δὲ
962 5415 998 5479 ἡ
1026 5415 1510 5489 τοιαύτηΝεαρά.
1551 5416 1646 5471 llic
1679 5419 1968 5485 diligenter
2074 5437 2080 5450 ί

2074 5420 2274 5486 νεαρᾶς
2303 5420 2669 5487 ήττράκτησαν
2700 5419 2788 5470 διὰ
2828 5418 2887 5469 τὸ
2922 5420 2995 5489 μὴ
3031 5418 3255 5489 τεθῆναι
3286 5422 3367 5486 εἰς
3396 5422 3463 5475 τά
3497 5424 3661 5479 Βασι-

407 5489 723 5558 observetur
772 5498 871 5534 vox
916 5484 1141 5551 τοιαύτη
1198 5485 1363 5558 (alia,
1403 5502 1577 5554 neque
1640 5491 1780 5541 enim
1852 5493 1967 5558 ipsa
2077 5484 2223 5542 λικά.
2255 5484 2596 5557 Quapropter
2621 5500 2830 5543 sextam
2855 5484 3031 5553 potius
3062 5484 3359 5545 Iustiniani
3392 5496 3657 5549 novellam

408 5555 612 5632 novella
644 5561 768 5603 ante
790 5556 1434 5632 comitiorum-alaeadem
1485 5568 1585 5616 est.
1627 5574 1748 5625 qua:
1786 5555 1887 5632 liic'
1914 5559 1968 5612 in
2080 5560 2153 5611 ibi
2187 5630 2194 5632 _
2226 5555 2630 5632 intelligendam
2679 5574 2898 5623 ecuseo,
2957 5570 3141 5632 utpote
3189 5564 3430 5617 secundo
3483 5566 3663 5631 ipsius

407 5625 784 5703 Iittslllclsnb‘lltl‘
823 5625 1042 5703 dicitur,
1084 5632 1162 5703 et”
1191 5625 1488 5703 etiamnum
1548 5638 1756 5703 esxtat.
1800 5629 1962 5682 Istam
2079 5630 2258 5696 capite
2290 5625 2477 5703 eadeiu
2529 5629 2810 5695 jubeutem
2839 5625 3030 5703 ,υιιιιειιξ
3058 5630 3346 5685 Balsamon
3400 5635 3452 5686 in
3488 5625 3657 5690 citata

404 5710 549 5767 t'tllllt
586 5692 823 5771 _disertc
877 5694 951 5742 ait
1007 5692 1075 5771 in‘
1106 5693 1368 5771 _B.isiliea_
1427 5712 1531 5771 nou
1602 5700 1795 5750 referri
1829 5739 1864 5771 ,_
1908 5716 1969 5753 ac
2081 5692 2348 5751 contineri
2413 5692 2632 5757 asserit.
2681 5708 2734 5751 et
2766 5702 2819 5749 in
2855 5692 3104 5753 Basilicis
3154 5705 3318 5755 etiam
3358 5718 3466 5759 non
3507 5708 3658 5771 posi-

406 5762 628 5830 pioindc
678 5764 981 5814 exolcv'lssc
1009 5800 1022 5812 .
1062 5763 1290 5831 λέγομεν
1342 5765 1413 5826 ὡς
1456 5770 1521 5818 ti
1566 5771 1662 5837 τῆς
1717 5767 1971 5840 τοιαύτης

1625 5786 1662 5837 Ις
1717 5767 1971 5840 τοιαύτης
2083 5782 2212 5833 tam,
2243 5772 2701 5835 queuiadiuoduzu
2740 5771 2784 5821 is
2812 5775 2877 5823 de
2902 5786 2962 5823 ea
2990 5772 3234 5828 tradidit.
