4074 6388
479 393 590 458 689

1491 399 1580 462 IN
1611 364 1776 464 CA'N.
1816 400 2006 461 XLIX
2045 399 2253 462 conc.
2300 402 2381 463 1N
2407 362 2732 464 TnUtLo.

3623 405 3729 467 690

480 506 749 576 ἐπαρκεῖν
773 507 962 580 ἐαυτῇ.
989 508 1052 563 Ei
1080 508 1187 580 γὰρ
1210 508 1373 575 αὐτὸς
1397 509 1432 582 ό¹
1453 513 1756 577 ἐπίσκοπος
1781 514 1842 566 οὐ
1870 531 2066 582 συγκε-

2176 512 2292 568 dem
2335 515 2408 568 ita
2435 526 2519 570 est
2551 517 2955 588 accipiendum,
2992 519 3100 575 nisi
3143 515 3364 572 mulieri
3396 518 3642 594 sciliCet,
3673 538 3739 576 cx

482 600 732 673 χώρηται
771 605 1084 677 περαιτέρω
1119 605 1230 660 τῶν
1269 607 1587 685 ἀναγκαίων
1623 610 1702 670 είς
1742 608 1934 662 ἐαυτὸν
1967 607 2063 660 δα-

407 738 442 769 η
480 695 660 765 πανᾷν
691 698 754 749 ἐκ
785 697 893 750 τῶν
921 699 1022 766 τῆς
1048 699 1366 769 ’ἐπισκοπῆς
1399 701 1708 767 προσόδωνο
1742 702 1838 755 καὶ
1869 699 2061 764 τοῦτο,

409 768 423 817 θ
479 783 569 835 ὅτε
602 784 677 855 μὴ
706 787 918 842 οἴκοθεν
943 790 1173 854 εὐπορεῖ
1193 791 1302 843 τῶν
1329 793 1660 859 ἀναγκαίων,
1688 793 1806 856 πῶς
1835 793 1895 845 οὐ
1930 793 2062 861 μᾶλ-

482 876 572 929 λον
599 881 664 948 τῇ
700 881 890 964 πρώην
918 885 1286 955 συνοικησάσῃ
1313 884 1462 953 αὑτῷ
1494 885 1870 954 κωλυθήσεται
1901 903 2066 955 χορη-

481 969 596 1032 γεῖν
624 983 676 1019 τι
705 969 768 1022 ἐκ
796 970 903 1022 τῶν
924 971 1024 1039 τῆς
1057 972 1403 1042 Ἑκκλησὶας,
1435 974 1709 1047 δυναμένῃ
1743 975 2066 1044 πορίζεσθαι

479 1059 548 1111 τὰ
582 1051 718 1128 πρὸς
747 1059 1009 1129 διοίκησιν
1041 1063 1296 1131 ἄλλοθεν;
1328 1067 1416 1128 Ὣς
1448 1066 1578 1132 γοῦν
1608 1067 1778 1121 ἐνδεεῖ
1805 1069 2064 1140 κάκείνῃ,

480 1148 569 1200 ὅτε
609 1150 682 1219 μὴ
723 1149 857 1220 ἔχει,
895 1153 1124 1221 παρέξει
1161 1157 1242 1229 ἐκ*
1259 1156 1368 1209 τῶν
1405 1158 1503 1227 τῆς
1539 1159 1869 1229 ἐπισκοπῆς.
1909 1163 1972 1216 El
2011 1165 2068 1216 δὲ

481 1238 577 1291 καὶ
615 1240 642 1292 ὁ
686 1240 798 1309 βίος
836 1242 1007 1312 αὐτῆς
1047 1244 1244 1312 σεμνὸς
1280 1246 1400 1314 εἴη,
1446 1247 1540 1298 καὶ
1580 1246 1674 1298 τοῦ
1721 1247 1932 1315 βαθμοῦ
1969 1251 2070 1321 τῆς

479 1330 756 1394 διακονίας
794 1333 943 1396 ἄξιος
964 1375 977 1398 ,
1013 1335 1106 1388 καὶ
1145 1337 1281 1404 πρὸς
1311 1336 1516 1406 ταύτην
1549 1337 2067 1409 προϐιϐασθήσεται.

2165 608 2472 663 domestica
2501 611 2669 667 istius
2713 613 2894 683 copia,
2932 627 3244 684 opportuna
3301 619 3428 671 vitae
3487 617 3737 674 subsidia

2165 707 2506 776 suppeditari
2539 720 2765 780 queant.
2803 711 2861 766 Si
2891 729 3133 784 namque
3189 715 3454 784 episcopo
3510 715 3638 783 ipsi,
3669 731 3739 769 ne

2168 801 2253 857 sui
2306 801 2530 871 quidem
2573 806 2845 858 commodi
2895 821 3088 869 causa,
3140 807 3441 877 quidquam
3499 821 3564 860 ex
3621 808 3741 876 epi-

2169 901 2430 961 scopatus
2474 893 2558 948 sui
2592 895 3373 965 proventibus,‘prmterquam
3398 895 3452 949 in
3485 910 3742 949 necessa-

2167 985 2282 1040 rios
2313 1001 2465 1050 usus,
2493 987 2659 1055 idque
2694 986 2792 1039 nisi
2822 987 3145 1042 domesticis
3175 988 3533 1042 facultatibus
3572 985 3744 1041 desti-

2174 1083 2315 1143 tuto,
2351 1076 2631 1132 insumere
2657 1092 2982 1132 concessmn
3019 1087 3102 1134 est
3134 1098 3146 1133 :
3182 1087 3389 1148 quanto
3424 1078 3607 1132 minus
3666 1075 3740 1130 illi
3817 1083 3821 1086 ‘

2174 1167 2240 1220 ad
2271 1168 2464 1223 uxoris
2491 1169 2693 1222 relictae
2758 1169 3064 1224 subsidium
3125 1171 3377 1224 derivare
3433 1168 3635 1238 aliquid
3676 1183 3743 1222 ex

2176 1257 2436 1314 Ecclesia:
2499 1261 2678 1326 bonis,
2738 1263 2783 1316 si
2849 1263 3067 1316 mulieri
3124 1263 3248 1318 vita:
3307 1262 3742 1332 opportunitates

2179 1349 2400 1406 aliunde
2441 1353 2878 1422 suppeditentur,
2928 1352 3150 1407 licebit?
3189 1350 3353 1422 Igitur
3376 1351 3536 1406 uxori
3588 1366 3729 1420 quo-

480 1436 607 1521 que:
658 1433 714 1478 ιη
783 1425 1064 1521 indigenti.
1106 1444 1230 1483 cum
1289 1445 1407 1484 eam
1442 1440 1640 1494 cuncta
1690 1431 2018 1500 defecerint,
2055 1453 2121 1492 ex
2162 1444 2459 1515 episcopali
2493 1455 2760 1514 proventu
2797 1445 3263 1500 subministrabit.
3309 1443 3463 1509 Quod
3493 1443 3540 1499 si
3560 1444 3722 1498 etiam

481 1518 699 1612 mor‘um
733 1518 1003 1588 gravitate
1051 1521 1268 1591 dignam
1329 1537 1390 1577 se
1443 1522 1651 1580 honore
1715 1525 2038 1586 diaconatus
2078 1534 2411 1602 exhibuerit,
2445 1539 2512 1593 ad
2547 1555 2918 1610 eumquoque
2948 1542 3176 1612 gradum
3248 1538 3404 1594 evehi
3468 1537 3549 1593 las
3590 1552 3719 1593 esse

480 1607 750 1673 decernit,
1270 1661 1282 1680 ο

486 1721 506 1753 ι
535 1703 758 1757 ΑΡΙΣΤ.
795 1705 858 1757 Ἦ
915 1705 1295 1776 διαζευχθεῖσα
1321 1706 1415 1760 τοῦ
1446 1707 1749 1761 ἐπισκόπου
1783 1708 2071 1779 μέλλοντος

553 1812 575 1845 ι
619 1795 877 1860 δέξασθαι
911 1799 1049 1866 μετά
1078 1801 1178 1869 τὴν
1207 1799 1542 1868 χειροτονίαν
1570 1799 1760 1855 εἰσίτω
1789 1801 1926 1871 πρὸς
1960 1819 2073 1871 μο-

2176 1731 2195 1764 ι
2233 1713 2460 1772 ARIST.
2489 1719 2618 1786 Quae
2657 1733 2686 1772 a
2712 1723 2898 1774 futuro
2954 1719 3216 1789 episcopo
3266 1726 3579 1788 separatur,
3610 1723 3734 1786 post

2250 1827 2269 1861 ι
2311 1810 2714 1866 ordinationem
2771 1811 3172 1866 monasterium
3226 1809 3748 1881 ingrcdiatur,-pro-

554 1907 576 1942 ι
617 1890 934 1960 ναστήριον,
962 1893 1063 1954 τῆς
1091 1894 1398 1961 ἐπισκοπῆς
1423 1896 1786 1966 πορρωτάτω,
1813 1897 1908 1949 καὶ
1934 1897 2068 1950 ἀπο-

2248 1921 2268 1956 ‹
2309 1903 2400 1958 cul
2434 1903 2758 1974 episcopatu
2824 1903 3016 1968 situm,
3067 1904 3122 1957 et
3166 1901 3407 1972 episcopi
3442 1914 3573 1954 cura
3599 1899 3749 1952 fruac

555 2001 576 2034 ι
621 1982 838 2037 λαυέτω
868 1983 970 2053 τῆς
1002 1984 1261 2054 προνοίας
1290 1985 1385 2040 τοῦ
1419 1987 1744 2041 ἐπισκόπου.
1793 2006 1812 2040 ι

462 2093 474 2102 ‘
550 2077 652 2131 Διά
674 2077 737 2131 τὸ
768 2076 842 2148 μὴ
870 2077 1168 2136 σκάνδαλον
1195 2079 1286 2134 καὶ
1314 2081 1650 2150 πρόσκομμα
1676 2085 1790 2145 τοῖς
1816 2083 1966 2146 λαοῖς
1992 2079 2072 2136 εἷο

480 2186 592 2234 ναι,
625 2168 708 2222 δεῖ
734 2167 834 2239 τὴν
864 2170 1007 2224 κατά
1041 2172 1228 2241 κοινὴν
1261 2172 1581 2242 συμφωνίαν
1612 2171 1706 2226 τοῦ
1744 2174 1935 2244 ἀνδρὸς
1968 2151 2086 2229 αὐ-¹

480 2262 582 2328 τῆς
617 2261 1067 2331 διαζευχθεῖσαν,
1103 2263 1198 2316 τοῦ
1241 2265 1380 2334 πρὸς
1418 2259 1730 2336 ἐπισκοπῆς
1776 2267 2071 2339 προεδρίαν

482 2355 820 2425 ἀναγομένου
841 2392 856 2416 ,
893 2358 972 2418 είς
1012 2359 1378 2427 μοναστήριον
1411 2355 1763 2431 εἰσέρχεσθαι
1802 2362 1938 2418 μετά
1971 2364 2072 2432 τὴν

483 2448 821 2517 χειροτονίαν
851 2448 1017 2502 αὐτοῦ
1040 2489 1054 2513 ,
1086 2450 1276 2519 πόρρω
1307 2451 1559 2522 κείμενον
1591 2453 1691 2522 τῆς
1720 2453 1814 2506 τοῦ
1846 2456 2071 2509 ἐπισκό-

484 2556 588 2592 που
620 2542 940 2612 καταμονῆς
960 2560 975 2574 ο
1004 2544 1102 2614 τὴν
1129 2544 1186 2596 δὲ
1219 2545 1476 2616 πρόνοιαν
1507 2547 1680 2618 αὐτῆς
1710 2550 1898 2603 πᾶσαν
1926 2550 2073 2618 γίνε-

486 2630 608 2685 σθαι
642 2631 792 2703 παρὰ
821 2632 915 2686 τοῦ
948 2635 1269 2690 ἐπισκόπου.

1069 2731 1114 2782 Κ
1129 2730 1315 2790 ΑΝΩΝ
1355 2729 1490 2786 ΜΘ’.

488 2834 509 2866 ι
559 2814 974 2886 Ἀνανεούμενοι
1010 2821 1100 2870 καὶ
1132 2818 1320 2873 τοῦτον
1352 2827 1444 2873 τὸν
1483 2821 1626 2892 ἱερὸν
1681 2823 1918 2887 κανόνα,
1953 2825 2068 2895 ὁρί-

559 2928 579 2959 ι
623 2909 807 2977 ζομεν,
839 2910 976 2966 ὥστε
1004 2911 1074 2963 τὰ
1104 2912 1249 2978 ἅπαξ
1283 2912 1690 2983 καθιερωθέντα
1724 2917 2066 2988 μοναστήρια

563 3017 582 3050 ι
629 3000 768 3052 κατά
801 3001 1028 3070 γνώμην
1056 3003 1357 3056 ἐπισκόπου
1393 3004 1504 3074 (44)
1542 3005 1725 3074 μένειν
1756 3009 1837 3069 εἰς
1863 3005 1924 3059 τὸ
1955 3007 2069 3078 διη-

561 3112 580 3142 ι
626 3091 783 3155 νεκὲς
802 3097 1143 3166 μοναστήρια
1164 3137 1177 3158 ,
1199 3098 1291 3149 καὶ
1308 3098 1376 3150 τὰ
1394 3098 1664 3167 ἀνήκοντα
1683 3101 1864 3164 αὐτοῖς
1889 3101 2071 3170 πράγο

561 3203 580 3236 ι
632 3203 775 3253 ματα
812 3188 1174 3252 φυλάττεσθαι
1207 3189 1286 3258 τῷ
1326 3192 1694 3261 μοναστηρίῳ,
1734 3193 1828 3246 καὶ
1868 3193 2065 3263 μηκέτι

2247 2013 2266 2046 ι
2305 2003 2418 2050 tur.
2449 2012 2468 2046 ι

2242 2086 2322 2142 Ne
2352 2068 2670 2142 scandalum
2706 2093 2761 2140 et
2786 2085 3014 2142 olTensio
3059 2086 3265 2156 p0pulo
3299 2085 3477 2151 detur,
3529 2090 3746 2154 oportet

2171 2195 2288 2235 eam
2331 2178 2610 2233 communi
2644 2193 2915 2234 consensu
2950 2193 2978 2231 a
3007 2167 3123 2233 viro
3154 2193 3256 2231 suo
3287 2177 3354 2232 ad
3393 2175 3745 2246 episcopatus

2171 2271 2495 2342 dignitatem
2549 2283 2802 2342 promoto
2867 2280 3175 2340 separatam
3210 2311 3226 2332 ,
3301 2271 3744 2330 monasterium,

2173 2369 2295 2431 post
2328 2361 2501 2432 ipsius
2533 2362 2961 2426 ordinationem,
3013 2361 3206 2431 procul
3245 2360 3314 2414 ab
3349 2358 3596 2427 episcopi
3641 2357 3744 2412 ha-

2174 2452 2443 2508 bitatione
2471 2462 2817 2508 exstructum
2848 2454 3094 2523 ingredi:
3123 2455 3442 2524 episcopum
3488 2460 3669 2506 autem
3696 2449 3746 2506 ei

2173 2545 2398 2602 omnino
2428 2547 2737 2617 providere.

2759 2723 2989 2780 CANON
3026 2725 3214 2780 xux.
3455 2797 3465 2802 _

2181 2835 2199 2867 ι
2240 2813 2394 2870 Hunc
2428 2832 2645 2872 sacrum
2683 2817 2847 2872 etiam
2884 2833 3151 2872 canonem
3180 2825 3532 2881 renovantes,
3564 2817 3750 2871 decer-

2250 2926 2270 2960 ι
2308 2909 2512 2972 nimus,
2537 2917 2594 2961 ut
2621 2925 2741 2978 qute
2765 2911 3062 2979 episcopali
3087 2912 3368 2964 voluntate
3409 2908 3579 2964 semel
3612 2924 3746 2964 con-

2249 3019 2268 3052 ι
2297 3011 2506 3055 secrata
2532 3000 2735 3055 fuerint
2777 3003 3109 3057 monasteria
3143 3018 3357 3072 semper
3415 3003 3748 3057 monasteria

2248 3111 2266 3143 ι
2303 3100 2646 3158 maneant,et
2665 3111 2751 3150 res
2769 3111 2888 3164 quae
2905 3096 2969 3149 ad
2987 3096 3100 3164 ipsa
3123 3095 3386 3164 pertinent
3411 3093 3748 3149 monasterio

2245 3201 2264 3236 ι
2295 3194 2602 3250 serventur,
2630 3195 2684 3238 et
2729 3201 2793 3240 ea
2827 3201 2932 3240 non
2963 3186 3175 3256 possint
3219 3202 3341 3241 esse
3376 3186 3608 3252 amplius
3634 3201 3743 3240 sa:-

563 3295 580 3327 ι
627 3277 886 3330 δύνασθαι
934 3281 1181 3346 γίνεσἿαι
1231 3281 1371 3340 αὐτὰ
1418 3283 1660 3351 κοσμικὰ
1709 3285 2059 3354 καταγώγια,

2238 3293 2262 3330 ε
2294 3276 2498 3330 cularia
2528 3277 2832 3332 habitacula
2854 3293 2976 3342 ,nec
3010 3279 3076 3333 ab
3102 3279 3211 3332 ullo
3232 3277 3590 3333 szccularibus
3609 3277 3749 3331 tradi

562 3387 580 3417 ι
628 3368 764 3436 μηδὲ
793 3370 895 3423 ὑπό
923 3387 1067 3433 τινος
1095 3371 1206 3440 (45)
1235 3375 1343 3426 τῶν
1371 3374 1626 3427 ἁπάντων
1654 3359 2065 3446 κωμικοῖς-ἀν-

562 3479 583 3512 (
629 3460 787 3530 δράσι
809 3463 977 3516 ταῦτα
1001 3465 1304 3520 ἐκδίδοσθαι
1323 3485 1336 3500 ⁸
1356 3467 1472 3520 ἀλλ’
1490 3470 1538 3522 εί
1560 3470 1654 3521 καὶ
1680 3469 1840 3540 μέχρι
1863 3470 1956 3523 νῦν
1977 3473 2067 3538 γέ·

564 3573 584 3606 ι
629 3572 753 3624 γονε
777 3557 955 3621 τοῦτο,
987 3547 1255 3630 μηδαμῶς
1283 3563 1606 3633 κρατεῖσθαι
1635 3563 1890 3633 ὁρίζομεν
1916 3566 2029 3636 (46)
2050 3582 2064 3598 ⁶

490 3672 496 3678 ·
567 3667 585 3698 ι
631 3651 755 3713 τοὺς
794 3650 852 3709 δὲ
887 3653 994 3704 ἀπὸ
1026 3651 1121 3704 τοῦ
1158 3655 1423 3722 παρόντος
1456 3653 1616 3707 τοῦτο
1651 3654 1914 3722 πράττειν
1946 3659 2069 3710 ἐπι-

563 3758 580 3790 (
629 3743 944 3812 χειροῦντας
974 3744 1294 3799 ὑποκεῖσθαι
1321 3749 1434 3808 τοῖς
1461 3747 1525 3799 ἐκ
1549 3745 1660 3800 τῶν
1685 3748 1925 3801 κανόνων
1948 3749 2071 3802 ἐπιο

564 3852 581 3883 ι
625 3835 851 3901 τιμίοις.
1901 3873 1903 3876 ‹

559 3924 755 3992 ΒᾼΛΣ.
791 3927 849 3978 '0
885 3923 964 3979 κδ’
989 3926 1168 3980 κανὼν
1199 3927 1299 3996 τῆς
1330 3924 1370 3979 δ’
1396 3927 1616 3980 συνόδου
1651 3929 2069 4001 παρορώμενος,

488 4015 564 4080 ὡς
609 4017 814 4079 ἔοικεν.
861 4018 1183 4072 ἀνανεοῦται
1231 4019 1456 4090 ἀρτίως.
1505 4021 1614 4073 Καὶ
1653 4021 1932 4088 ἀνάγνωθι
1973 4024 2073 4094 τὴν

489 4109 698 4162 ἐκείνου
731 4111 1029 4181 ἑρμηνείαν
1059 4111 1153 4164 καὶ
1181 4113 1278 4182 τὴν
1309 4112 1604 4184 ἑρμηνείαν
1629 4113 1723 4166 τοῦ
1758 4111 1825 4183 ιγ’
1851 4116 2071 4181 κανόνος

489 4203 586 4271 τῆς
616 4203 660 4265 ζ’
686 4185 901 4255 συνόδου
931 4203 1238 4271 ἀναγκαίαν
1265 4197 1453 4257 οὖσαν.
1716 4206 1728 4224 ⁸

559 4383 804 4437 ΖΩΝΑΡ.
836 4377 1002 4458 Οὗτος
1025 4383 1054 4434 ὁ
1086 4383 1265 4448 κανὼν
1296 4384 1746 4456 προηρμήνευται
1777 4383 1854 4440 κδ’
1876 4386 1952 4439 ὢν
1977 4388 2077 4457 τῆς

487 4476 531 4532 δ’
557 4477 798 4539 συνόδου.

496 4586 514 4619 ι
566 4569 786 4622 ΑΡΙΣΤ.
850 4558 992 4624 ’Ὅσα
1042 4567 1183 4622 κατὰ
1233 4567 1460 4639 γνώμην
1505 4571 1806 4626 ἐπισκόπου
1858 4573 2074 4643 πέπηγε

565 4678 585 4714 ι
635 4643 1004 4732 μοναστήρια,
1038 4663 1221 4717 οὐκέτι
1255 4665 1543 4732 κοσμικοῖς
1576 4665 1895 4734 καταγώγια
1930 4666 2073 4735 γίνε-
2099 4656 2153 4718 D

565 4773 583 4807 ι
629 4772 750 4819 ται,
781 4755 903 4809 οὐδὲ
935 4759 1220 4828 κοσμικοῖς
1250 4757 1506 4828 ἀνδράσιν
1534 4757 1820 4814 ἐκδίδοται.
1869 4778 1888 4812 ι

1669 4881 1680 4908 ι

561 4932 644 4986 Τὰ
676 4933 816 4987 αὐτὰ
846 4932 924 5002 τῷ
955 4933 1185 5004 εἰκοστῷ
1215 4934 1458 5008 τετάρτῳ
1491 4939 1677 4992 κανόνι
1706 4939 1808 5009 τῆς
1839 4940 1896 4994 ἐν
1925 4941 2073 4997 Χαλ-

492 5025 674 5095 κηδόνι
706 5026 926 5080 συνόδου
954 5027 1048 5080 καὶ
1073 5028 1100 5080 ὁ
1129 5027 1308 5080 κανὼν
1332 5025 1484 5094 οὗτος
1509 5031 1678 5101 λέγει.
1713 5030 1774 5086 Ὅ
1799 5031 1857 5086 δὲ
1881 5033 2077 5106 τέταρ-

494 5134 586 5181 τος
623 5118 804 5173 κανὼν
835 5119 937 5193 τῆς
971 5119 1143 5191 αὐτῆς
1176 5123 1236 5175 ἐν
1271 5121 1580 5192 Χαλκηδόνι
1615 5123 1834 5178 συνόδου
1875 5125 2073 5179 κωλύει

2249 3389 2270 3422 ι
2308 3357 2641 3434 hominibus;
2670 3371 2765 3426 sed
2797 3372 2960 3426 etiam
3000 3371 3043 3426 si
3078 3373 3180 3426 hoc
3209 3372 3491 3438 hucusque
3540 3369 3744 3424 l‘adtnm

2247 3484 2266 3516 ι
2307 3471 2413 3526 est,
2447 3479 2790 3533 nequaquam
2830 3464 3157 3518 servandum
3204 3463 3554 3518 decernimus
3605 3480 3618 3515 :
3655 3477 3749 3515 eos

2247 3573 2266 3607 ι
2307 3559 2524 3622 autem,
2579 3554 2672 3624 qui
2725 3554 3088 3623 inpraesentia
3137 3563 3193 3608 et
3222 3554 3480 3624 deinceps
3533 3559 3635 3608 lioc
3667 3552 3751 3605 fa-

2248 3667 2267 3698 ‹
2302 3661 2426 3701 cere
2470 3647 2904 3717 aggrediuntur,
2963 3662 3237 3701 canonum
3285 3662 3503 3716 quoque
3562 3631 3742 3716 poenis

2249 3758 2268 3791 ι
2308 3739 2526 3808 subjici.
2559 3759 2577 3792 ι

2245 3921 2441 3975 BALS.
2485 3919 2800 3992 Vigesimus
2825 3932 3057 3992 quartus
3089 3937 3264 3976 canon
3304 3931 3519 3988 quarta:
3552 3917 3752 3992 synodi

2175 4009 2569 4084 contemptus,
2637 4022 2697 4066 ut
2745 4025 2828 4067 est
2885 4015 3230 4076 verisimile,
3285 4013 3376 4067 hic
3434 4025 3751 4068 renovatur.

2175 4107 2242 4162 Et
2283 4107 2398 4175 lege
2425 4121 2543 4159 eam
2570 4121 2693 4174 quae
2716 4105 2828 4158 illic
2858 4117 2940 4159 est
2997 4098 3527 4175 interpretationem,
3578 4113 3632 4159 et
3666 4104 3754 4158 in-

2177 4196 2633 4268 terpretatiOnem
2691 4213 2818 4251 can.
2870 4197 2961 4264 25,
2997 4214 3119 4268 syn.
3171 4197 3203 4249 7
3259 4211 3380 4266 qua:
3437 4199 3754 4253 necessaria

2176 4299 2281 4346 est.
3185 4287 3188 4289 λ

2249 4380 2508 4438 ZONAR.
2537 4380 2638 4438 Hic
2663 4397 2840 4436 canon
2879 4391 3040 4436 antea
3088 4381 3484 4451 interpretatus
3538 4390 3644 4449 est,
3698 4388 3758 4436 ut

2179 4476 2269 4546 qui
2297 4475 2369 4531 sit
2389 4477 2480 4541 ΞΑ,
2519 4492 2642 4545 syn.
2672 4476 2725 4529 4.
3772 4464 3778 4471 ’

2187 4587 2206 4620 (
2245 4567 2476 4622 ARIST.
2501 4568 2852 4636 Quaecunque
2877 4565 3117 4635 episcopi
3170 4564 3441 4620 sententia
3467 4571 3753 4619 exstructa

2257 4679 2278 4713 ι
2317 4669 2447 4716 sunt
2482 4660 2840 4722 monasteria,
2876 4674 2947 4714 ne
2989 4657 3359 4714 saecularibus
3396 4664 3587 4727 postea
3621 4655 3754 4709 ﬁant

2256 4771 2276 4806 ι
2314 4753 2650 4818 habitacula,
2684 4767 2789 4807 nec
2845 4750 3163 4806 hominibus
3210 4749 3570 4804 saecularibus
3634 4749 3777 4818 elo-1

2256 4862 2277 4897 ι
2318 4853 2536 4899 centur.
2573 4862 2592 4897 ι
3300 4868 3305 4873 λ
3340 4863 3350 4879 κ
3804 4829 3811 4892 ’ξ

2251 4933 2452 4988 Eadem
2477 4950 2598 5002 quae
2627 4933 2927 4989 vicesimus
2955 4939 3186 5002 quartus
3225 4931 3420 5004 synodi
3452 4929 3761 4986 Chalcedo—

2139 5093 2142 5104 ‘
2179 5028 2391 5093 nensis,
2417 5029 2580 5090 etiam
2617 5027 2706 5082 hic
2728 5041 2851 5080 can.
2877 5027 3031 5081 dicit.
3050 5025 3322 5080 Caeterum
3353 5031 3584 5093 quartus
3607 5023 3755 5092 ejus-

2177 5123 2300 5178 dem
2331 5119 2526 5191 synodi
2561 5118 3035 5174 Chalcedonensis
3063 5133 3191 5172 ean.
3240 5119 3499 5187 prohibet
3544 5115 3777 5182 exstrui.

1686 5233 1886 5296 Guill.
1919 5233 2252 5313 Beveregii
2285 5235 2495 5294 notae)

569 5334 682 5404 (44)
702 5334 864 5390 Κατὰ
899 5335 1142 5407 γνώμην
1172 5336 1533 5392 ἐπισκόπου.
1566 5337 1753 5392 Codex
1801 5337 2072 5392 Amerba-

495 5406 746 5476 chianus
787 5407 910 5476 inec
962 5406 1027 5460 et
1082 5411 1368 5474 sequentia
1417 5409 1496 5462 sic
1545 5407 1707 5473 legit,
1763 5410 1904 5463 κατὰ
1941 5411 2092 5476 γνώ-,

500 5493 609 5544 μην
653 5473 749 5527 τοῦ
779 5475 1079 5533 ἐπισκόπου
1115 5473 1297 5550 μένειν
1320 5479 1461 5533 αὐτὰ
1489 5478 1760 5549 διηνεκῶς
1796 5473 2075 5549 μοναστ-ή-

713 5614 878 5690 Μῇζε
930 5617 995 5670 δὲ
1018 5621 1140 5673 ὑπό
1169 5637 1356 5687 τινος.
1394 5619 1572 5676 Voces
1608 5619 1748 5690 μήτε
1787 5619 1846 5673 δὲ
1879 5619 1935 5673 in
1967 5635 2071 5672 ms.

496 5686 940 5808 Amerbachiano
963 5686 1373 5746 desiderantur.
1401 5691 1508 5747 Sed
1531 5686 1721 5748 sensui
1753 5691 2076 5747 necessaria

493 5772 600 5813 sun
633 5795 651 5810 .

575 5827 690 5899 (ω)
758 5827 1057 5901 Μηδαμῶς
1099 5833 1448 5902 κρατεῖσθαι
1507 5830 1802 5906 ὁρίζομεν.
1859 5831 1941 5887 In
1971 5848 2077 5888 ms.

2179 5335 2623 5390 Amerbachiano
2680 5333 2884 5388 rectius
2959 5333 3158 5403 legitur
3227 5329 3525 5403 κρατῆσαι,
3578 5343 3758 5395 neque

2179 5408 2324 5462 enim
2379 5406 2605 5460 verbum
2649 5403 2796 5460 istud
2846 5404 2898 5457 in
2963 5402 3097 5458 voce
3155 5402 3368 5471 passiva
3438 5402 3542 5471 huc
3589 5415 3754 5471 sensu

2181 5472 2505 5544 usurdatur.
2541 5476 2618 5530 De
2651 5475 2719 5529 iis
2758 5482 2965 5535 autem,
3011 5489 3132 5544 (iure
3156 5469 3407 5525 obtinere
3423 5469 3526 5544 _hic
3562 5470 3770 5544 prmcif

2182 5540 2591 5619 pitur,_vide_s'ls
2648 5545 2966 5619 synodalem
3021 5540 3596 5619 decisionem‘Sergii
3663 5554 3761 5619 pa:

2182 5608 2438 5672 triat'Cha
2484 5608 3091 5684 Constantinopolitani
3150 5612 3302 5684 napi.
3372 5609 3594 5684 δωρεῷν
3660 5608 3756 5684 καὶ

2176 5687 2488 5758 ἀποδόσεων
2545 5685 2656 5758 τῷν
2705 5680 3086 5758 μονασγτηρίων
3133 5680 3754 5758 ἢλφροντιστηρίωνηξυ

2178 5756 2331 5811 Juris
2356 5749 2786 5812 Greco-Romani
2831 5749 3056 5820 lib."m,
3097 5749 3310 5824 p.205,
3344 5751 3436 5806 ubi
3470 5749 3631 5806 etiam
3669 5749 3759 5803 hic

2177 5831 2291 5897 ipse
2307 5841 2485 5885 canon
2509 5827 2732 5883 citatur.
