4074 6386
437 354 543 449 δθέι

1490 386 1572 447 ΙΝ
1590 387 1758 447 CAN.
1792 384 1868 445 LI
1902 384 2110 444 CONC.
2144 385 2225 444 IN
2259 385 2573 446 TRULLO

3559 385 3670 447 6‘34

436 502 659 562 λαῖκοὺς
690 499 1167 570 δέ,ἀφορίζεσθαι;
1195 500 1406 566 Λύσις.
1445 500 1668 570 Ἕτερόν
1709 502 1826 552 ἐστι
1853 516 2001 569 φορη-

2120 503 2271 574 gari?
2298 504 2525 559 Solutio.
2553 502 2799 576 Alterum
2854 511 2938 558 est
2976 502 3340 565 tolerabilius,
3375 503 3667 559 ascendere

438 595 659 663 τότερον
691 593 751 645 τὸ
780 592 989 645 ἀνιέναι
1019 593 1168 654 τινὰς
1198 593 1280 654 εἰς
1310 593 1681 663 ἱπποδρομίας
1709 592 1855 644 ἐστιν
1886 592 1995 655 ὅτε,

437 686 472 757 ἢ
502 687 593 738 ἐπὶ
616 684 925 754 θυμελικοῖς
948 684 1216 749 παιγνίοις
1235 684 1439 736 ἁλῶναι
1466 699 1481 713 '
1510 685 1602 736 καὶ
1617 684 1801 751 ἕτερον
1826 681 2000 752 ἀσύγ-

416 790 681 851 ,γνωστον
731 772 794 826 τὸ
851 773 1099 826 ἐκδοῦναι
1149 774 1376 836 ἑαυτοὺς
1409 776 1488 836 εἰς
1514 774 1584 825 τὰ
1628 763 1875 838 τοιαῦτα,
1908 773 2001 826 καὶ

438 865 598 918 τοῦτο
628 863 791 935 ἔργον
825 864 971 933 ἔχειν
1006 865 1273 935 διηνεκές.
1308 867 1470 919 Ὀθεν
1501 866 1592 920 καὶ
1639 867 1687 918 οἱ
1717 866 1815 934 μὲν
1864 866 1998 934 ἐφά-

438 961 548 1027 παξ
608 962 747 1029 μετά
802 964 1076 1032 προσοχῆς
1129 964 1539 1034 ἁμαρτάνοντες
1594 964 1999 1033 ἐπιφωνοῦνται

438 1052 774 1118 παύσασθαι,
813 1056 862 1106 εἰ
894 1055 967 1124 μὴ
1007 1055 1219 1107 Οέλουσι
1280 1057 1669 1125 καθαιρεθῆναι
1692 1075 1707 1090 ο
1739 1059 1788 1108 oi
1819 1057 1873 1109 δὲ
1904 1074 2001 1109 κα-

438 1145 786 1215 ταχρώμενοι
814 1145 893 1213 τῷ
923 1146 1098 1214 κακῷ,
1130 1148 1386 1219 κληρικοὶ
1410 1144 1512 1217 μὲν
1541 1150 1711 1212 ὄντες,
1740 1149 2003 1202 ἀπεντεῦ-

439 1238 533 1289 θεν
569 1238 983 1309 καθαιροῦνται,
1006 1240 1183 1293 λαῖκοὶ
1233 1241 1309 1305 δὲ,
1361 1242 1735 1310 ἀφορίζονται.
1770 1242 1901 1293 "Eoo
1942 1242 2000 1293 δέ

440 1327 598 1390 εἰδὼς
637 1329 732 1393 ὡς,
788 1331 836 1382 εἰ
883 1332 978 1381 καὶ
1015 1332 1071 1382 ὲν
1109 1332 1303 1399 ἐκείνῳ
1332 1331 1409 1401 τῷ
1465 1332 1650 1384 κανόνι
1681 1332 2002 1401 ἐγράψαμεν

444 1418 511 1470 τά
546 1418 702 1488 παρὰ
744 1437 907 1472 τινων
946 1420 1238 1489 λεγόμενα,
1272 1422 1432 1491 χάριν
1462 1421 1556 1474 τοῦ
1588 1424 1659 1492 μὴ
1698 1422 2001 1475 κωλύεσθαι

437 1511 536 1574 τὰς
574 1512 813 1581 σήμερον
839 1512 1169 1581 τελουμένας
1207 1512 1592 1583 ἱπποδρομίας,
1642 1514 1778 1565 ἀλλά
1810 1530 1872 1581 γε
1902 1514 2001 1575 τὰς

398 1590 405 1599 ’
442 1604 535 1655 ἐπὶ
565 1605 768 1673 σκηνῆς
797 1604 1050 1674 ὀρχήσεις
1079 1605 1171 1657 καὶ
1194 1607 1263 1657 τὰ
1289 1606 1382 1657 ἐπὶ
1414 1606 1653 1674 θυμέλης
1681 1607 1789 1658 τῶν
1820 1606 2003 1675 μίμων

443 1693 643 1766 θεώρια
694 1697 1051 1761 ἀδιαστίκτως
1100 1698 1425 1761 κολάζεσθαι
1485 1699 1688 1761 πάντες
1756 1699 1998 1768 λέγουσι,

446 1784 537 1838 καὶ
569 1785 628 1849 ἐξ
658 1787 985 1857 ἀμφοτέρων
1020 1789 1127 1841 τῶν
1155 1790 1416 1842 κανόνων.
1447 1789 1739 1859 Κυνηγίων
1775 1790 1830 1841 δέ
1865 1790 2002 1841 θεώε-

444 1896 533 1949 ρια
572 1880 776 1948 λέγειὸ
815 1881 994 1934 κανὼν
1034 1883 1134 1944 τὰς
1180 1882 1568 1952 θηριομαχίας·
1620 1878 1781 1936 αὗται
1811 1882 1866 1933 δὲ
1897 1900 2003 1934 κω-

438 1970 694 2024 λύονται·
730 1973 789 2024 οὐ
824 1973 931 2045 μὴν
953 1975 1019 2024 τὰ
1042 1973 1455 2042 λαγωκυνήγια.
1502 1975 1686 2026 Ἕοικε
1721 1974 1776 2025 δὲ
1808 1973 1895 2026 διὰ
1936 1974 2002 2027 τὰ

437 2063 546 2115 τῶν
580 2065 838 2117 τοιούτων
877 2067 1118 2120 κανόνων
1142 2069 1396 2133 ἐπιτίμια
1422 2067 1772 2137 ἐπινοηθῆναι
1806 2070 1875 2120 τὰ
1904 2067 2003 2136 βα-

444 2155 625 2208 σιλικὰ
694 2157 952 2225 παίγνιαο
1006 2157 1099 2211 τὸν
1170 2159 1565 2227 κοντοπαίκτην
1616 2160 1858 2228 δηλαδὴ,
1912 2160 2003 2212 τὸν

438 2247 700 2317 Μάρωνα,
736 2240 825 2302 τὸν
868 2249 1110 2318 Ἀχιλλέα
1144 2250 1275 2319 (49),
1304 2251 1400 2319 τὴν
1444 2251 1771 2319 Ὀκτώηχον,
1814 2253 1908 2304 καὶ
1934 2253 2004 2304 τὰ

408 2340 621 2403 .λοιπά,
681 2342 755 2403 ὡς
813 2343 886 2413 μὴ
943 2344 1187 2413 διάχυσιν
1242 2344 1337 2396 καὶ
1384 2345 1593 2412 γέλωτα
1616 2344 1850 2413 ἄσεμνον
1901 2346 2002 2413 ἐμ-

439 2433 692 2485 ποιοῦντα
725 2435 832 2496 τοῖς
872 2434 1181 2504 βλέπουσιν.

462 2516 463 2523 “
513 2524 756 2578 ΖΩΝΑΡ.
786 2526 923 2588 Τοὺς
956 2529 1180 2590 πιστοὺς
1209 2529 1241 2598 ἡ
1273 2529 1532 2598 ἀκρίϐεια
1579 2528 1681 2597 τῆς
1719 2528 2003 2597 εὐαγγελι-

443 2614 545 2683 κῆς
596 2616 869 2680 πολιτείας
937 2619 1012 2689 μῆ
1060 2621 1369 2689 ἀνειμένως
1442 2624 1535 2687 καὶ
1590 2623 2003 2691 διακεχυμένως

442 2704 592 2772 βιοῦν
616 2706 889 2775 βούλεται,
934 2709 1053 2760 ἀλλ’
1102 2709 1176 2769 ὡς
1214 2711 1413 2780 πρέπει
1472 2711 1668 2779 ἁγίοις.
1707 2713 1811 2764 Διά
1846 2711 2004 2765 τοῦτο

441 2796 534 2849 οῦν
563 2800 589 2850 ὁ
615 2799 797 2853 κανὼν
819 2796 972 2863 οὗτος
1006 2803 1104 2854 ὅσα
1135 2803 1379 2871 διάχυσιν
1428 2808 1491 2875 τῇ
1524 2804 1668 2874 ψυχῇ
1719 2805 2002 2875 ἐμποιοῦσι

443 2891 591 2963 παρά
630 2892 691 2944 τὸ
722 2895 1040 2960 ἀναγκαῖον,
1069 2895 1321 2949 ἐκλύουσί
1369 2915 1425 2949 τε
1460 2897 1557 2951 καὶ
1607 2900 1867 2967 χαυνοῦσι
1890 2900 2001 2971 (50)

438 2982 531 3034 τὸν
581 2982 735 3035 τόνον
776 2983 969 3053 αὐτῆς,
1001 2986 1095 3038 καὶ
1136 2987 1272 3054 προς
1316 2988 1557 3054 γέλωτας
1593 2988 2004 3061 βρασματώδεις

443 3078 806 3149 παρακινοῦσι
863 3081 958 3133 καὶ
1015 3083 1397 3149 καγχασμοὺς,
1453 3084 1857 3153 ἀπηγόρευσεν,
1916 3081 2005 3140 οἷὰ

2101 596 2424 666 quandoque
2454 596 2688 665 aliquem
2730 594 2797 649 ad
2831 609 3098 662 equorum
3129 596 3423 657 curricula,
3468 604 3562 649 aut
3590 599 3665 661 lin

2101 691 2244 744 ludis
2275 691 2506 744 scenicis
2536 688 2869 758 deprehendi
2902 707 2914 741 :
2943 688 3098 741 alteri
3132 696 3320 742 autem
3352 689 3508 741 venia
3538 689 3658 741 dari

2103 796 2211 835 non
2253 789 2451 849 potest,
2476 780 2521 833 si
2556 780 2680 848 quis
2707 778 2981 847 ejusmodi
3013 780 3172 833 rebus
3200 794 3258 833 se
3286 778 3580 842 dediderit,
3604 788 3660 833 et

2103 873 2204 926 hoc
2250 887 2391 943 opus
2445 881 2711 942 perpetuo
2765 881 3039 926 exerceat.
3098 871 3278 935 Unde,
3342 870 3434 938 qui
3496 872 3668 926 semel

2101 966 2341 1035 quidem,
2374 964 2780 1034 prudentesque
2812 979 2876 1018 ac
2908 964 3146 1017 scientes
3188 972 3439 1033 peccant,
3466 971 3662 1019 utces-

2103 1058 2639 1112 sentadmonentur:
2691 1057 2736 1111 si
2773 1057 2966 1122 nolint,
3026 1056 3393 1125 deponuntur.
3434 1057 3535 1121 Qui
3566 1071 3668 1110 au-

2103 1158 2212 1203 tem
2251 1150 2393 1203 malo
2443 1158 2696 1213 utuntur,
2748 1150 2793 1204 si
2828 1150 2941 1205 sint
2980 1150 3199 1219 quidem
3244 1149 3449 1212 clerici,
3486 1164 3548 1202 ex
3598 1165 3669 1203 eo

2104 1240 2483 1308 depenuntur:
2522 1242 2566 1295 si
2625 1254 2802 1295 autem
2856 1240 3000 1305 laici,
3060 1239 3665 1309 segregantur.‘Scias

2104 1341 2307 1397 autem,
2344 1332 2486 1400 quod
2561 1332 2775 1387 etiamsi
2829 1332 2885 1385 in
2933 1332 3025 1385 illo
3076 1346 3288 1386 canone
3339 1331 3666 1400 scripsimus
3749 1392 3754 1403 θ

2105 1437 2225 1493 (ιηιὲ
2289 1438 2319 1475 a
2353 1423 2633 1479 nonnullis
2672 1424 2953 1490 dicuntur,
2989 1424 3137 1494 quod
3172 1438 3278 1493 non
3311 1423 3668 1494 prohibentur

2103 1518 2212 1588 qui
2265 1517 2429 1571 hodie
2480 1516 2616 1570 ﬁunt
2682 1532 2950 1586 equorum
3021 1531 3272 1571 cursus:
3329 1517 3423 1572 sed
3486 1526 3665 1571 tamen

2106 1607 2354 1662 scenicas
2384 1606 2727 1672 saltationes,
2751 1620 2802 1661 et
2847 1607 3138 1661 mimorum
3173 1607 3226 1660 in
3270 1607 3510 1677 thymele
3540 1624 3666 1677 spe-

2106 1700 2339 1765 ctacula,
2376 1699 2697 1753 indistincte.
2734 1699 3013 1768 prohiberi
3078 1714 3270 1754 omnes
3315 1710 3569 1753 asserunt
3600 1716 3664 1753 ex

2108 1791 2354 1860 utrisque
2384 1792 2715 1846 canonibus.
2755 1790 3119 1845 Venationum
3162 1800 3345 1845 autem
3373 1792 3665 1861 spectatio-

2107 1900 2203 1939 nes
2260 1894 2419 1939 vocat
2454 1899 2676 1950 canon,
2734 1886 3039 1939 bestiarum
3094 1886 3349 1954 pugnas,
3404 1900 3480 1939 eae
3522 1885 3667 1938 enim

2105 1977 2484 2045 prohibentur,
2523 1992 2630 2031 non
2669 1960 2850 2032 tamen
2910 1985 2965 2031 et
3013 1978 3260 2046 leporum
3322 1978 3663 2031 venationes.

2103 2071 2331 2141 Propter
2365 2072 2561 2125 horum
2595 2080 2776 2125 autem
2835 2086 2961 2125 can.
2998 2086 3190 2139 poenas
3235 2070 3492 2124 videntur
3545 2084 3668 2124 esse

2102 2163 2394 2231 excogitati
2447 2162 2557 2216 ludi
2608 2164 2735 2231 imp.
2807 2171 3169 2231 eontopreetes
3226 2162 3460 2225 scilicet,
3496 2160 3669 2239 Maro,

2102 2257 2364 2319 Achilles,
2392 2252 2705 2310 Octoechus
2734 2264 2788 2309 et
2821 2257 3026 2318 carteri,
3063 2265 3123 2307 ut
3154 2255 3249 2324 qui
3292 2253 3668 2323 spectantibus

2102 2349 2518 2405 dissolutionem
2554 2358 2606 2403 et
2632 2348 2985 2402 immodicum
3021 2347 3193 2400 risum
3247 2360 3355 2400 non
3387 2354 3632 2402 movent.

2172 2512 2422 2584 ZONA‘R.
2455 2528 2571 2581 Non
2590 2526 2817 2581 remisse
2834 2533 2926 2578 aut
2941 2525 3205 2579 dissolute
3235 2526 3399 2579 vitam
3420 2525 3645 2579 institue
3662 2558 3665 2561 -

2103 2638 2184 2685 re,
2204 2622 2296 2677 sed
2329 2637 2447 2675 eam
2473 2636 2592 2689 qum
2615 2630 2834 2673 sanctos
2852 2619 2999 2673 viros
3036 2617 3189 2672 decet
3216 2631 3424 2671 morum
3449 2617 3676 2686 integri-

2104 2724 2264 2769 tatem
2301 2730 2362 2768 ac
2390 2714 2733 2767 severitatem
2772 2711 2935 2775 tueri,
2983 2726 3046 2765 ex
3090 2710 3410 2779 praescripto
3440 2724 3673 2778 evange-

2103 2808 2220 2862 licze
2254 2806 2554 2875 disciplinae
2593 2803 2777 2857 ﬁdeles
2805 2802 3088 2869 jubentur.
3125 2800 3299 2869 igitur
3368 2813 3432 2853 ea
3464 2792 3673 2861 Omnia,

2104 2916 2201 2971 per
2261 2914 2381 2969 qua:
2412 2898 2631 2951 animus
2691 2895 2915 2950 minime
2973 2892 3286 2947 necessaria
3337 2890 3664 2945 remissione

2104 2993 2297 3059 laxari,
2320 2991 2674 3061 ejusdemque
2706 2987 2985 3043 contentio
3011 2985 3239 3040 dissolvi
3270 2992 3468 3054 potest,
3507 2984 3675 3038 unde.

2106 3098 2212 3154 que
2256 3084 2402 3137 risus
2455 3078 2735 3135 immodici
2776 3086 2832 3131 et
2856 3075 3309 3131 cachinnationes
3365 3073 3667 3137 exsistunt,

442 3170 545 3223 εἰσι
574 3169 641 3223 τά
695 3171 803 3223 τῶν
835 3172 1042 3240 μίμων,
1083 3173 1137 3225 οἳ
1166 3174 1298 3227 ποτέ
1328 3175 1428 3244 μὲν
1468 3176 1763 3245 Ἀραϐίτας
1794 3180 1997 3248 μιμού-

2105 3174 2445 3243 vetitahujus
2476 3172 2705 3227 canonis
2726 3169 2948 3225 decreto
2971 3176 3135 3237 atque
3162 3166 3453 3233 interdicta
3490 3164 3667 3220 fuere.

446 3279 623 3329 μενοι,
653 3264 782 3315 ποτὲ
818 3264 873 3316 δέ
916 3266 1256 3333 Ἀρμενίους,
1296 3267 1425 3319 ποτέ
1457 3267 1512 3319 δὲ
1540 3269 1783 3336 δούλους,
1828 3272 2000 3325 ἐνίοτε

442 3354 488 3407 δ’
520 3354 662 3424 ἕτερ’
692 3356 827 3409 ἄττα
866 3359 977 3418 τοῖς
1008 3356 1101 3410 ἐπὶ
1124 3361 1331 3429 κόρρης
1367 3361 1676 3429 ραπίσμασι
1707 3365 1801 3415 καὶ
1823 3364 2003 3434 ψοφήο

446 3463 602 3515 μασι,
653 3448 901 3516 γέλωτας
946 3450 1219 3519 ἀπρεπεῖς
1280 3451 1512 3516 κινοῦσι,
1543 3454 1638 3506 καὶ
1659 3449 1772 3506 οἷον
1800 3455 2006 3508 ἐκϐακ-

442 3539 664 3607 χεύουσι
714 3540 839 3603 τοὺς
865 3541 1265 3611 ἀφελεστέρους
1295 3544 1328 3613 ἢ
1361 3546 1886 3615 ἀπροσεκτοτέρους.
1924 3549 2006 3601 Τά

441 3632 498 3684 δὲ
528 3633 637 3685 τῶν
670 3634 946 3701 κυνηγίων
1002 3635 1208 3704 θεώρια
1262 3638 1321 3688 οῦ
1354 3636 1414 3688 τὸ
1477 3637 1729 3709 θηρεύειν
1761 3642 1849 3694 διὰ
1895 3640 2006 3694 τῶν

444 3724 621 3777 κυνῶν
662 3725 694 3795 ἢ
742 3726 914 3788 ἄλλως
968 3712 1103 3780 ἔστι.
1162 3728 1332 3782 Τοῦτο
1363 3730 1471 3799 γὰρ
1498 3731 1557 3783 οὐ
1605 3732 1853 3801 θεὼριον,
1887 3733 2005 3785 ἀλλ’

443 3817 603 3886 ἔργον
633 3817 802 3870 ἐστίν.
856 3819 945 3870 Ἐν
973 3820 1091 3881 ταῖς
1120 3820 1311 3873 πόλεσι
1343 3821 1400 3873 δὲ
1431 3825 1555 3884 ταῖς
1585 3824 1872 3891 μεγίσταις
1904 3824 2005 3894 θη-

445 3910 533 3977 ρία
565 3911 855 3978 ἐτρέφοντο
909 3908 1122 3971 λέοντες
1151 3911 1243 3963 καὶ
1276 3912 1488 3980 ἄρκτοι,
1526 3915 1625 3965 καὶ
1682 3915 1822 3968 κατά
1853 3932 2006 3979 τινας

443 4003 669 4070 καιροὺς
700 4001 953 4068 ἐξήγοντο
986 4002 1065 4062 είς
1093 4002 1160 4054 τά
1192 4000 1412 4071 θέατρα,
1450 4004 1547 4057 καὶ
1576 4005 1706 4057 ποτε
1740 4006 1837 4075 μὲν
1870 4008 2005 4060 ταύ-

445 4110 560 4162 ροις
590 4093 876 4161 ἐμάχοντο,
901 4092 1034 4144 ποτέ
1062 4092 1117 4144 δὲ
1150 4093 1245 4145 καὶ
1282 4094 1611 4164 ἀνθρώποις,
1636 4097 2005 4167 αἰχμαλώτοις

446 4185 608 4254 τυχὸν
645 4184 677 4254 ἢ
714 4184 1089 4253 κατακρίτοις,
1135 4186 1229 4237 καὶ
1259 4182 1399 4255 ἦσαν
1451 4187 1625 4241 ταῦτα
1650 4192 1762 4251 τοῖς
1799 4190 2005 4259 θεωμέ-

441 4295 554 4340 νοις
586 4278 722 4347 πρὸς
766 4278 977 4346 ἡδονήν.
1012 4276 1199 4331 Ταῦτα
1245 4279 1301 4331 δὲ
1332 4280 1670 4349 ἀπαγορεύει
1702 4281 1947 4348 γίνεσθαι
1976 4285 2004 4336 ὁ

442 4370 643 4434 κανὼν,
671 4370 744 4433 ὡς
774 4371 1034 4441 ὠμότητα
1093 4373 1507 4443 κατηγοροῦντα
1538 4374 1646 4425 τῶν
1694 4374 2001 4446 θεωμένων,

440 4466 535 4517 καὶ
578 4465 687 4519 τὰς-
716 4466 917 4533 ἑτέρων
964 4466 1251 4537 συμφορὰς
1289 4466 1571 4535 χαρμονάς
1603 4468 1813 4532 οἰκείας
1840 4469 2001 4538 λογι-

2108 3268 2249 3323 Sunt
2295 3266 2416 3337 ejus
2474 3264 2692 3335 generis
2749 3263 3041 3315 mimorum
3101 3259 3325 3314 ludicra:
3351 3266 3518 3319 artes,
3578 3256 3671 3325 qui

2106 3375 2253 3416 nunc
2284 3359 2515 3421 Arabas,
2549 3371 2697 3411 nunc
2723 3355 3037 3417 Armenios,
3091 3368 3241 3407 nunc
3290 3351 3434 3407 servi
3480 3366 3672 3420 perso-

2107 3468 2253 3515 nam,
2306 3465 2452 3504 nunc
2484 3450 2590 3502 alia
2655 3446 2905 3516 quaedam
2959 3444 3268 3499 imitatione
3327 3443 3669 3513 eliingentes,

2107 3544 2351 3613 colaphis
2380 3543 2481 3598 sibi
2506 3542 2748 3597 vicissim
2777 3538 3030 3607 impactis
3060 3538 3405 3607 strepituque
3455 3536 3669 3589 incom-

2110 3639 2288 3709 posito
2344 3637 2488 3691 risus
2561 3632 2874 3687 inconditos
2931 3640 3192 3694 movent,
3269 3629 3670 3696 rudiorumque

2108 3730 2340 3800 proinde
2404 3728 2683 3797 simplices
2739 3727 2955 3780 animos
2992 3724 3227 3794 quodam
3279 3723 3434 3792 quasi
3488 3721 3672 3775 furore

2107 3822 2432 3894 percellunt.
2466 3818 2832 3873 Venationum
2868 3832 2998 3871 vero
3054 3816 3386 3883 spectacula,
3428 3829 3549 3882 qiue
3580 3814 3669 3867 hic

2108 3915 2470 3985 prohibentur
2502 3928 2611 3967 non
2670 3926 2734 3965 ea
2764 3910 3111 3979 intelligenda
3162 3917 3313 3970 sunt,
3363 3923 3485 3961 cum
3544 3907 3671 3959 ferae.

2108 4022 2304 4061 canum
2334 4005 2665 4069 ministerio,
2696 4012 2789 4056 aut
2817 4002 2923 4055 alia
2966 4001 3133 4056 simili
3189 4000 3405 4053 ratione
3443 4007 3672 4068 captan-

2110 4110 2232 4161 tur;
2265 4112 2363 4153 nec
2390 4097 2533 4150 enim
2567 4093 2870 4165 spectaculi
2904 4092 3103 4153 vicem,
3136 4090 3230 4145 sed
3282 4091 3515 4145 actionis
3571 4105 3669 4157 p0-

2110 4192 2219 4245 tius
2248 4188 2528 4258 cujusdam
2571 4200 2633 4238 ea
2659 4199 2748 4238 res
2797 4182 3030 4259 obtinet.
3096 4180 3295 4235 Verum
3346 4180 3403 4232 in
3459 4180 3671 4247 magnis

2112 4283 2339 4336 urbibus
2375 4276 2503 4332 fera:
2531 4275 2740 4338 bestias,
2768 4273 2951 4328 leones
2986 4272 3250 4325 nimirum
3279 4271 3528 4339 ursique,
3556 4272 3670 4324 ale-

2109 4376 2327 4435 bantur,
2360 4384 2478 4440 quze
2522 4368 2767 4439 quidem,
2804 4380 2928 4420 cum
2970 4363 3131 4418 statis
3163 4360 3504 4429 temporibus
3544 4376 3673 4429 pro-

2110 4469 2445 4521 ducerentur
2473 4462 2527 4514 in
2565 4460 2867 4521 theatrum,
2918 4456 3106 4525 ibique
3160 4453 3245 4507 vel
3299 4467 3421 4506 cum
3475 4452 3668 4516 tauris,

439 4558 702 4623 ζομένων.
739 4527 846 4609 Καὶ
873 4560 968 4618 τὰς
1012 4527 1104 4609 sui
1154 4527 1443 4627 σκηνῆςδὲ
1496 4527 1747 4628 ὀρχήσεις
1780 4527 2001 4619 κωλύει.

2111 4560 2192 4613 vel
2230 4559 2391 4612 etiam
2424 4568 2549 4609 cum
2575 4550 2911 4612 hominibus,
2938 4556 3034 4602 aut
3074 4546 3307 4615 captivis
3334 4552 3427 4598 aut
3460 4544 3538 4598 rei
3574 4558 3666 4597 ca-

442 4650 624 4717 Σκηνὴ
663 4647 719 4699 δέ
751 4649 897 4700 ἐστιν
925 4648 959 4717 ἡ
993 4648 1361 4710 προσποίησις
1406 4650 1500 4701 καὶ
1533 4650 1843 4720 ὑπόκρισις,
1880 4653 2002 4705 ὅθεν

442 4741 534 4793 καὶ
571 4741 822 4809 σκηνικο“ι
851 4739 1102 4806 λέγονται
1137 4742 1184 4791 οἱ
1220 4741 1671 4811 ὑποκρινόμενοι,
1709 4745 1801 4796 καὶ
1839 4746 2001 4799 ἀπει-

440 4831 696 4894 κάζοντες
736 4832 965 4893 ἑαυτοὺς
998 4833 1127 4884 ποτὲ
1165 4832 1265 4899 μὲν
1296 4832 1528 4899 δούλοις,
1570 4835 1701 4887 ποτὲ
1728 4835 1782 4888 δὲ
1810 4837 2004 4891 δεσπό-

442 4941 579 4987 ταις,
616 4925 745 4977 ποτὲ
774 4924 832 4978 δέ
865 4926 1192 4993 στρατηγοῖς
1221 4926 1315 4978 καὶ
1348 4927 1625 4997 ἄρχουσιν.
1668 4929 1879 5002 ’Ὠσπερ
1912 4928 2007 4985 οῦν

443 5016 615 5071 ταῦτα
641 5015 916 5069 ἐκώλυσεν
948 5016 976 5067 ό
1000 5013 1181 5067 κανὼν
1213 5014 1300 5093 διὰ
1347 5017 1456 5070 τῶν
1493 5019 1697 5088 μίμων,
1732 5019 1876 5073 οὕτω
1903 5023 2001 5075 καὶ

2109 4651 2292 4722 pitalis
2316 4647 2613 4708 damnatis,
2634 4643 3129 4704 committerentur,
3151 4639 3336 4707 plures
3363 4651 3426 4690 eo
3444 4643 3667 4704 aspectu

2108 4740 2372 4797 oblectari
2409 4737 2555 4792 soliti
2607 4730 2947 4800 sunl.219
2980 4728 3047 4781 Ea
3103 4728 3272 4795 igitur
3332 4724 3669 4795 speetacula,
3752 4742 3755 4745 η

2109 4836 2309 4906 quippe
2348 4830 2568 4887 sterilia:
2617 4828 2917 4880 astantiqu
2964 4828 3311 4889 argumenta,
3366 4817 3458 4886 qui
3492 4814 3669 4906 aliena

2109 4904 2266 4983 clade
2319 4922 2387 4975 ad
2437 4936 2566 4975 suas
2626 4917 2728 4985 ipsi
2789 4915 3097 4982 voluptates
3141 4911 3524 4971 amterentur,
3580 4904 3668 4959 edi

2107 5028 2255 5085 vetat
2284 5030 2482 5071 canon.
2516 5011 2850 5066 Saltationes
2899 5020 3120 5077 quoque
3168 5005 3223 5057 in
3282 5001 3465 5057 scenis
3514 4998 3669 5055 exhi-

1626 5135 1819 5197 Guill.
1845 5138 2173 5217 Beveregii
2208 5140 2399 5196 DONB.

514 5260 627 5330 (49)
667 5260 777 5315 Τὸν
808 5260 1114 5329 Ἀχιλλέα,
1166 5260 1245 5314 Ita
1306 5256 1524 5330 quidem
1586 5275 1778 5314 omnes
1822 5271 1997 5315 nostri

444 5329 576 5386 mss.
612 5329 749 5385 una
799 5345 923 5383 cum
970 5332 1255 5396 impressis
1300 5329 1581 5383 codicibus
1631 5331 1849 5393 legunt;
1904 5331 1997 5383 sed

442 5400 680 5456 Joannes
728 5400 1000 5455 Meursius
1039 5401 1093 5453 in
1128 5399 1400 5453 Glossario
1458 5397 1908 5452 Gra'covBarbaro
1942 5403 1997 5453 in

443 5486 574 5525 voce
606 5471 838 5539 Μάρων,
895 5471 983 5523 ubi
1039 5472 1183 5523 hunc
1230 5469 1567 5539 Balsamﬁouis
1630 5472 1806 5523 locum
1842 5470 1996 5531 citat,

444 5557 540 5609 pro
581 5537 852 5609 Ἀχίλλέα,
899 5540 1024 5607 legit
1071 5540 1374 5609 ἀγχίαλλον.
1413 5537 1476 5591 Et
1505 5555 1573 5593 ne
1605 5541 1730 5609 quis
1751 5548 1995 5593 erratum

445 5610 900 5679 typographicum
930 5624 1051 5663 esse
1087 5612 1423 5678 suspicetur,
1461 5610 1632 5676 ipsam
1676 5624 1864 5663 vocem
1896 5612 1996 5676 ἁγ-

442 5680 660 5749 χίαὶελος
698 5681 847 5732 lusus
871 5693 1046 5749 genus
1105 5679 1532 5748 interpretatur;
1565 5680 1656 5732 sed
1684 5679 1849 5740 alium
1888 5693 1996 5732 non

443 5748 601 5804 atl'ert
622 5750 799 5804 locum
833 5748 921 5801 ubi
952 5750 1215 5815 occurrit,
1236 5749 1607 5818 prteterhunc
1637 5749 1999 5810 Balsamonis,

448 5836 609 5889 quem
642 5821 744 5878 sub
775 5818 1031 5877 manibus
1062 5817 1345 5877 habemus.
1406 5817 1559 5877 Unde
1618 5827 1802 5875 autem
1858 5821 2002 5876 hanc

2102 5258 2390 5313 lectionem
2448 5247 2692 5305 hauserit
2746 5261 2831 5300 me
2881 5245 3055 5299 latet:
3091 5244 3185 5298 sed
3227 5260 3293 5299 ex
3343 5258 3445 5297 ms.
3481 5242 3665 5312 aliquo

2105 5344 2225 5382 eam
2257 5328 2597 5391 desumptam
2630 5331 2753 5372 esse
2802 5332 2867 5369 ex
2901 5332 2966 5369 eo
3013 5315 3341 5391 colligimus,
3374 5315 3519 5377 quod
3580 5314 3666 5391 hic

2106 5400 2258 5453 locus
2294 5384 2537 5447 inter-ea
2572 5395 2942 5450 recenseatur,
2976 5402 3099 5455 qua:
3158 5387 3273 5452 ipse
3303 5398 3372 5436 ex
3426 5384 3663 5455 auctori-

2104 5451 2207 5522 bus
2241 5451 2465 5521 iGraeeis
2517 5462 2785 5516 hactenus
2847 5471 2957 5509 non
2998 5451 3192 5512 'editis’
3256 5468 3315 5507 se
3375 5451 3660 5521 collegisse

2104 5540 2305 5593 rel'ert.‘

2174 5609 2285 5675 (50)
2327 5602 2667 5675 ἘκλύομσίΔ
2686 5619 2748 5655 τε
2779 5599 2877 5654 καί
2918 5595 3239 5675 χαυνοῦςι.
3267 5591 3662 5675 Βξξλιληιεξξὺει-

2105 5661 2335 5733 chiunirs
2374 5676 2503 5737 legit
2544 5672 2796 5725 ἐλκύουσι
2854 5661 2955 5721 καῖ
2986 5662 3478 5737 χαυνοῦσιηΕύίιὶο
3508 5661 3665 5737 Pari-

2108 5750 2308 5803 sieusis
2376 5733 2631 5801 ἐκλύουσι
2663 5759 2723 5795 τε
2763 5733 3023 5813 χαυνοῦσι
3067 5733 3333 5806 particula
3382 5733 3475 5785 καὶ
3525 5734 3666 5787 male

2060 5873 2069 5880 .
2108 5820 2329 5876 omissa.
