4074 6450
351 461 451 530 701

1354 468 1436 529 IN
1472 467 1637 529 CAN.
1680 465 1824 527 LIII
1865 464 2070 528 CONC.
2116 469 2200 532 IN
2237 469 2560 532 TRULLO.

3460 463 3570 528 702

347 580 696 651 τῆςΝεαρᾶς
745 581 848 644 ὅτι,
895 579 1084 652 ὥσπερ
1119 579 1418 635 κωλύονται
1466 599 1587 635 τινα
1638 581 1907 652 πρόσωπα

2014 580 2244 650 novella,
2272 586 2418 656 quod
2450 585 2591 640 sicut
2614 582 2968 654 prohibentur
3000 580 3248 654 quedam
3284 595 3560 651 personae,

354 675 445 728 διὰ
474 675 569 726 τοῦ
627 673 782 742 ἁγίου
823 673 1195 745 βαπτίσματος
1237 675 1467 728 λαϐόντα
1511 677 1647 746 πρὸς
1706 673 1909 744 ἄλληλα

354 765 674 833 συγγένειαν
725 766 975 836 γαμικῶς
1005 764 1392 832 συνάπτεσθαι,
1423 765 1568 820 οὕτω
1610 765 1909 820 κωλύονται

351 859 445 910 καὶ
472 859 541 909 τὰ
571 857 659 911 διὰ
687 859 784 930 τῆς
835 859 1106 922 υἱοθεσίας
1136 857 1362 912 λαϐόντα
1406 848 1726 927 συγγένειαν
1755 858 1910 912 ἀδελο

347 949 602 1018 φότητος.
639 950 757 1002 Ἔτι
803 950 1106 1021 σημείωσαι
1156 949 1236 1004 ὅτι
1271 950 1365 1004 καὶ
1406 951 1493 1004 διὰ
1554 951 1709 1020 ἱερᾶς
1743 950 1908 1019 εὐχῆς

345 1040 556 1108 γίνεται
588 1041 848 1097 υἱοθεσία.
883 1043 1012 1112 Ἔχε
1043 1036 1136 1096 οὖν
1169 1040 1326 1096 τοῦτο
1354 1043 1447 1094 ἐπὶ
1501 1042 1740 1112 μνήμης.
1772 1041 1908 1096 Οὐδὲ

345 1136 457 1202 γὰρ
487 1132 714 1202 εὕρηταί
744 1151 845 1186 που
876 1133 1109 1204 ἀλλαχοῦ
1165 1135 1438 1202 κείμενον,
1475 1133 1570 1186 καὶ
1617 1133 1703 1186 διὰ
1751 1133 1910 1187 τοῦτο

346 1218 623 1291 ἀγνοεῖται
657 1228 768 1289 τοῖς
823 1225 1053 1290 πολλοῖς.
1087 1225 1194 1280 Τοῦ
1227 1227 1282 1278 δὲ
1318 1227 1484 1296 νόμου
1514 1223 1786 1289 λέγοντος,
1840 1225 1908 1281 Ἦ

347 1316 498 1378 θέσις
531 1319 777 1385 μιμεῖται
806 1315 902 1386 τὴν
933 1318 1114 1385 φύσιν,
1161 1319 1256 1371 καὶ
1300 1318 1388 1371 διὰ
1421 1318 1576 1370 τοῦτο
1608 1317 1910 1382 κωλύοντος

347 1408 475 1468 τοὺς
503 1406 793 1481 εὐνούχους
821 1407 1121 1478 λαμϐάνειν
1145 1410 1224 1473 εἰς
1264 1409 1412 1463 θέσιν
1443 1410 1577 1472 υἱὸν.
1615 1410 1711 1463 καὶ
1762 1409 1909 1479 ἔχειν

348 1499 510 1552 αὐτὸν
537 1499 876 1564 ύπεξούσιον,
905 1503 938 1569 ὴ
976 1508 1066 1566 κζ’
1087 1501 1273 1571 Νεαρὰ
1303 1501 1397 1555 τοῦ
1431 1502 1596 1556 αὐτοῦ
1646 1503 1908 1572 βασιλέως

351 1591 441 1644 τοῦ
465 1589 759 1661 Φιλοσόφου
781 1592 1089 1663 ἐξεχώρησε
1119 1595 1278 1647 τοῦτο
1302 1594 1566 1662 γίνεσθαι·
1598 1597 1910 1663 ἁνάγνωσον

345 1680 571 1750 ταύτην.
614 1682 885 1746 Ὡσαύτως
915 1685 1009 1736 καὶ
1043 1686 1077 1755 ἡ
1113 1685 1402 1756 κζ’Νεαρὰ
1428 1687 1521 1739 τοῦ
1555 1688 1718 1740 αὐτοῦ
1751 1686 1907 1757 βασι-

347 1773 482 1834 λέως
510 1773 942 1842 παρακελεύεται
977 1775 1052 1846 μὴ
1087 1777 1256 1845 μόνας
1301 1778 1398 1840 τὰς
1441 1777 1910 1846 παιδοποιησάσας

344 1865 610 1947 γυναῖκας
661 1866 1047 1933 υίοθετείσθαι,
1105 1868 1238 1921 ἀλλὰ
1285 1869 1379 1922 καὶ
1425 1869 1525 1932 τὰς
1564 1869 1905 1939 παρθένους·

345 1955 487 2011 ὥστε
538 1958 631 2010 καὶ¹
684 1959 808 2022 τοὺς
857 1959 1010 2028 παρὰ
1056 1959 1263 2014 τούτων
1295 1960 1707 2031 υἱοθετηθέντας
1740 1960 1906 2030 ἔχειν,

343 2047 419 2110 ὡς
447 2048 818 2114 ύπεξουσίους,
847 2049 1034 2104 δίκαια
1063 2051 1426 2122 κληρονομίας
1456 2055 1544 2106 ἐπ’
1570 2054 1751 2106 αὐτῶν
1771 2070 1786 2086 ο
1816 2053 1910 2106 καὶ

347 2123 483 2210 μηδὲ
515 2140 721 2194 δεῖσθαι
755 2125 1104 2210 προστάξεως
1134 2143 1420 2212 βασιλικῆς
1465 2143 1498 2215 ἦ
1536 2143 1789 2213 πράξεως
1832 2144 1910 2196 δι-

345 2233 610 2301 καστικῆς
655 2235 816 2302 χάριν
859 2232 953 2287 τοῦ
986 2233 1404 2304 υίοποιήσασθαί
1430 2252 1552 2289 τινα
1590 2235 1910 2302 ύπεξούσιον

344 2325 378 2384 ἢ
426 2324 772 2391 αὐτεξούσιον
819 2324 955 2395 (54).
997 2325 1108 2377 Καὶ
1163 2325 1475 2393 ἀνάγνωσον
1521 2326 1621 2396 τὴν
1653 2327 1910 2397 τοιαύτην

348 2417 588 2484 Νεαρὰν.
621 2417 1008 2487 Πολλάκις,γὰρ
1039 2417 1242 2487 ἥκουσα
1268 2417 1373 2470 ἀπὸ
1395 2417 1601 2471 πολλῶν
1625 2419 1716 2472 καὶ
1739 2419 1911 2472 ταῦτα

343 2507 618 2578 τριὸακῶν
651 2507 782 2579 περ).
809 2508 878 2560 τὰ
909 2510 1110 2576 νομικὲι
1147 2509 1240 2562 καὶ
1267 2509 1334 2561 τὰ
1369 2509 1798 2577 ὲκκλησιαστικὰ
1831 2509 1904 2579 μὴ

345 2601 489 2670 ἔχειν
518 2599 702 2670 χώραν
729 2599 798 2653 τὰ
826 2600 927 2669 τῆς
951 2600 1256 2663 υἱοθεσίας⁸
1290 2601 1494 2670 ἀρτίως
1524 2603 1580 2655 δὲ
1617 2601 1751 2671 μηδὲ
1800 2601 1910 2658 ἀπὸ

345 2694 513 2764 μόνης
538 2693 704 2764 εὐχῆς
735 2693 826 2747 καὶ
852 2693 952 2762 τῆς
982 2686 1089 2746 ἀπὸ
1114 2695 1215 2764 τῆς
1267 2694 1594 2764 Ἐκκλησίας
1645 2694 1910 2765 ἀναδοχῆς

344 2784 590 2854 γίνεσθαι
619 2777 850 2853 νόμιμον
883 2785 1182 2840 υίοθεσίαψ
1213 2786 1349 2855 ὅπερ
1384 2787 1439 2838 αἱ
1470 2785 1719 2854 ῥηθεῖσαι
1752 2785 1910 2855 βασι-

343 2876 492 2932 λικαί
541 2875 737 2944 νεαραὶ
782 2876 883 2928 οὐκ
929 2877 1212 2944 ἀνέχονται
1249 2876 1525 2944 λέγεσθαι.
1558 2878 1630 2928 Σὺ
1665 2878 1720 2929 δὲ
1749 2880 1912 2944 γίνως

346 2986 445 3021 σκε
473 2968 585 3034 (55)
615 2969 696 3021 ὅτι
729 2965 808 3038 τῷ
872 2967 1112 3036 σεκρέτῳ
1158 2967 1253 3020 τοῦ
1304 2968 1450 3036 ίεροῦ
1498 2968 1909 3038 χαρτοιρύλακος

346 3057 718 3126 κατέστρωται
735 3073 817 3126 ’ση
827 3056 1042 3125 μείωμα
1062 3056 1234 3120 οὕτως
1260 3049 1350 3109 ἐπὶ
1376 3057 1573 3122 λέξεως
1597 3058 1742 3128 ἔχονο
1762 3060 1908 3128 Μηνὶ

343 3149 504 3216 Μαΐῳ
552 3145 615 3212 ιζ’
645 3147 830 3218 ἡμέρᾳ
858 3149 904 3218 β’
947 3149 1136 3202 ίνδικτ.
1175 3154 1235 3201 ιε’
1263 3149 1684 3217 προκαθημένου
1742 3150 1908 3204 Νικο-

2009 692 2131 748 quae
2150 692 2245 746 per
2276 692 2494 732 sacrum
2532 675 2866 746 baptismum
2911 673 3292 744 cognationem
3334 673 3566 728 invicem

2013 778 2369 837 acceperunt,
2398 768 2746 825 matrimonio
2797 767 3077 837 conjungi,
3106 767 3180 821 ita
3223 767 3385 822 etiam
3442 780 3567 834 pro-

2010 859 2266 916 bibentur
2287 875 2409 928 quae
2433 875 2529 928 per
2557 858 2906 927 adoptionem
2966 856 3330 912 fraternitatis
3359 863 3560 927 cogna-
3629 895 3634 900 ρ

2009 952 2215 1008 tionem
2256 960 2606 1020 acceperunt.
2633 949 2769 1004 Nota
2793 958 3061 1019 praeterea
3089 949 3230 1019 quod
3262 965 3354 1018 per
3379 963 3567 1004 sacras

2011 1059 2200 1114 preces
2231 1043 2288 1097 fit
2318 1043 2560 1112 adoptio.
2584 1041 2735 1097 Tene
2768 1056 2896 1109 ergo
2932 1041 3041 1095 hoc
3065 1042 3326 1094 memoria
3357 1057 3371 1095 :
3396 1055 3568 1108 neque

2008 1136 2157 1191 enim
2199 1133 2329 1189 alibi
2368 1133 2663 1200 invenitur,
2709 1143 2763 1188 et
2804 1132 2926 1188 ideo
2960 1149 2990 1187 a
3044 1133 3231 1188 multis
3260 1133 3565 1202 ignoratur.

2007 1227 2140 1284 Cum
2175 1239 2355 1283 autem
2387 1227 2474 1282 lex
2517 1226 2686 1291 dicat,
2718 1225 2949 1296 Adoptio
3002 1226 3248 1280 imitatur
3283 1236 3559 1292 naturam,

2007 1326 2063 1373 et
2108 1317 2232 1372 ideo
2285 1317 2573 1388 prohibeat
2635 1317 2916 1371 eunuchos
2968 1315 3230 1386 adoptare
3274 1316 3464 1384 tilium,
3516 1327 3568 1372 et

2007 1422 2130 1462 eum
2163 1407 2217 1460 in
2249 1422 2347 1460 sua
2381 1417 2649 1490 potestate
2697 1408 2895 1462 habere
2919 1399 2950 1462 ε’
2990 1407 3060 1460 26
3093 1408 3334 1477 ejusdem
3398 1409 3568 1478 impe-

2007 1496 2207 1552 ratoris
2236 1495 2554 1565 Philosophi
2589 1496 2799 1550 novella
2821 1498 2921 1551 hoc
2951 1495 3066 1551 ﬁeri
3101 1497 3368 1565 permisit,
3397 1513 3560 1566 quam

2009 1589 2148 1659 lege.
2179 1587 2443 1643 Similiter
2468 1590 2624 1658 221
2657 1599 2711 1644 et
2737 1589 2804 1642 27
2837 1589 3078 1658 ejusdem
3098 1590 3438 1660 imperatoris
3473 1606 3570 1644 no—

2008 1682 2146 1736 vella
2177 1680 2442 1748 decernit,
2472 1696 2577 1735 non
2610 1697 2704 1735 eas
2726 1681 2874 1736 solas
2915 1681 3192 1744 mulieres,
3231 1697 3353 1751 quae
3424 1683 3566 1738 tilios

2009 1780 2380 1844 pepererunt,‘
2424 1786 2589 1842 posse
2623 1772 2911 1842 adoptare,
2946 1773 3040 1852 sed
3075 1773 3236 1828 etiam
3271 1774 3517 1844 uirgines
3547 1790 3564 1840 ;

2010 1875 2068 1920 ut
2120 1867 2283 1921 etiam
2319 1867 2412 1936 qui
2444 1867 2512 1920 ah
2536 1866 2616 1922 eis
2636 1863 2878 1934 adoptati
2908 1865 3130 1928 fuerint,
3165 1854 3269 1930 non
3303 1882 3464 1921 secus
3498 1880 3564 1920 ac

2011 1959 2057 2014 si
2099 1959 2153 2013 in
2185 1975 2374 2015 earum
2437 1966 2706 2028 potestate
2741 1966 2946 2024 essent,
2983 1959 3074 2028 jus
3123 1973 3306 2012 earum
3337 1959 3570 2014 haeredi-

2010 2053 2138 2109 tatis
2167 2053 2420 2115 habeant,
2452 2060 2506 2107 et
2543 2066 2609 2105 ne
2646 2051 2990 2120 imperatoris
3040 2050 3258 2119 quidem
3310 2049 3566 2119 jussione

2011 2160 2148 2216 opus
2171 2145 2425 2211 habeant,
2462 2143 2822 2214 veljudiciali
2848 2145 3084 2208 actione,
3115 2152 3175 2197 ut
3196 2145 3406 2212 possint
3437 2160 3564 2198 eum

2009 2238 2102 2306 qui
2121 2237 2290 2293 estin
2334 2237 2566 2292 alterius
2613 2245 2904 2308 potestate,
2932 2236 3015 2290 vel
3065 2252 3184 2289 eum
3213 2236 3303 2302 qui
3349 2245 3434 2290 est
3479 2237 3565 2291 sui

2003 2323 2144 2403 juris
2173 2331 2452 2400 adoptare.
2472 2330 2624 2384 Illam
2655 2332 2819 2385 etiam
2863 2331 3129 2385 novellam
3163 2329 3296 2398 lege.
3344 2330 3559 2384 Multos

2009 2425 2153 2479 enim
2211 2438 2354 2491 saepe
2415 2422 2599 2477 audivi
2661 2431 2824 2492 atque
2861 2423 2995 2476 adeo
3042 2422 3096 2476 in
3143 2423 3262 2491 jure
3312 2422 3454 2477 civili
3510 2429 3567 2476 et

2007 2515 2383 2570 ecclesiastico
2407 2513 2564 2569 valde
2588 2523 2860 2577 versatos,
2923 2514 3166 2568 dicentes
3203 2529 3308 2568 non
3367 2513 3564 2568 habere

2010 2608 2189 2662 locum
2218 2599 2606 2676 adeptionem;
2641 2619 2786 2660 nunc
2819 2613 2997 2660 autem
3041 2615 3140 2659 nec
3190 2619 3254 2657 ex
3305 2605 3417 2660 sola
3449 2619 3568 2674 pre-

2011 2701 2229 2756 catione
2285 2697 2651 2767 Ecclesiaeque
2708 2697 3024 2766 receptione
3079 2696 3372 2764 legitimam
3429 2695 3566 2749 ado-

2008 2793 2249 2863 ptionem
2284 2791 2444 2846 ﬁeri:
2493 2789 2638 2860 quod
2683 2789 2903 2860 quidem
2945 2789 3103 2844 dicta:
3135 2787 3294 2858 regiae
3341 2787 3566 2841 novella:

2010 2885 2115 2940 dici
2160 2900 2268 2939 non
2301 2885 2510 2939 sinunt.
2537 2884 2695 2938 Scias
2727 2891 2933 2945 autem,
2992 2883 3137 2952 quod
3183 2881 3237 2935 in
3295 2879 3436 2935 saeri
3474 2893 3569 2934 cu-

2009 2976 2180 3031 stodis
2213 2974 2375 3044 sigilli
2399 2974 2784 3042 patriarchalis
2811 2983 3021 3028 secreto
3047 2971 3370 3026 constitutio
3401 2984 3568 3038 repo-

2011 3067 2159 3119 nitur
2189 3064 2453 3119 verbatim
2483 3063 2566 3119 sic
2611 3079 2671 3118 se
2693 3062 2931 3118 habens:
2957 3061 3138 3118 Mense
3161 3061 3325 3126 Maio,
3351 3061 3438 3115 die
3472 3059 3561 3127 i7,

2015 3155 2150 3210 feria
2177 3156 2233 3221 2,
2264 3155 2459 3209 Indict.
2489 3154 2579 3220 15,
2612 3155 2935 3224 praesidente
2983 3153 3332 3210 sanctissimo
3365 3161 3558 3208 nostro

343 3241 472 3294 λάου
505 3237 616 3310 (56)
648 3239 742 3292 τοῦ
776 3240 1081 3312 ἁγιωτάτου
1115 3241 1272 3310 ήμῶν
1304 3241 1564 3293 δεσπότου
1596 3242 1689 3294 καὶ
1721 3245 1902 3294 οἰκουο

2013 3247 2236 3301 domino
2266 3258 2318 3300 et
2334 3245 2673 3300 mcumenico
2706 3244 3014 3314 patriarcha
3044 3243 3289 3310 Nicolao,
3319 3245 3566 3298 assiden-

346 3334 568 3403 μενικοῦ
625 3328 988 3403 πατριάρχου,
1027 3334 1479 3403 συνεδριαζόντων
1532 3337 1907 3405 συγκλητικῶν

341 3425 439 3478 καὶ
470 3425 764 3478 πολιτικῶν
787 3423 1118 3477 δικαστικῶν
1150 3413 1244 3477 τοῦ
1279 3424 1449 3487 δεῖνος
1473 3427 1566 3478 καὶ
1591 3426 1684 3479 τοῦ
1717 3427 1905 3493 δεῖνος,

345 3518 442 3576 καὶ
469 3517 896 3585 θεοφιλεστάτων
947 3516 1398 3586 μητροπολιτῶν·
1445 3519 1473 3570 ὁ
1522 3519 1909 3586 πανεντιμότα-

343 3626 435 3672 τος
486 3610 781 3678 ύπέρτιμος
807 3609 1103 3679 Γρηγόριος
1131 3611 1158 3662 ὁ
1188 3608 1360 3678 Ξηρὸς
1405 3610 1730 3682 διάγραμμα
1778 3629 1910 3682 προ-

344 3699 579 3768 κομίσας
626 3699 725 3768 τὴν
771 3699 1012 3770 σήμερον
1052 3698 1344 3762 συνοδικῶς
1400 3698 1573 3763 οὕτως
1629 3700 1775 3771 ἔχονο
1843 3701 1908 3755 'H

343 3792 533 3862 Μαρία
568 3829 583 3854 ,
642 3791 844 3862 ἔχουσα
897 3791 1011 3843 υίὸν
1067 3791 1292 3862 γνήσιον
1342 3792 1434 3845 τὸν
1476 3793 1906 3860 Κωνσταντῖνον,

345 3886 567 3955 γέγονεν
601 3885 860 3956 ἀνάδοχος
888 3887 996 3940 ἀπὸ
1033 3887 1127 3940 τοῦ
1173 3886 1318 3940 θείου
1367 3887 1460 3941 καὶ
1507 3887 1664 3955 ἁγίου
1715 3887 1909 3957 βαπτί-

347 3995 549 4048 σματος
601 3979 700 4046 τῆς
747 3978 1350 4050 Είρήνης.Ἐγὲννησεν
1409 3981 1438 4032 ὁ
1499 3979 1909 4044 Κωνσταντῖνος

346 4062 640 4140 Θεόδωρον,
675 4070 770 4126 καὶ
801 4071 834 4140 ἡ
866 4071 1068 4141 Εἰρήνη
1107 4069 1406 4142 Θεοδώραν,
1439 4062 1530 4123 καὶ
1551 4070 1708 4133 αὖθις
1750 4073 1909 4139 ἐγέν-

349 4179 512 4232 νησεν
556 4163 589 4233 ἡ
641 4161 892 4232 Θεοδὼρα
949 4163 1168 4216 Ἀνναν.
1207 4161 1387 4214 Θέλων
1428 4160 1520 4214 οὖν
1555 4164 1583 4215 ό
1633 4163 1908 4234 Θεόδωρος

348 4253 565 4325 νομίμῳ
593 4255 755 4323 γάμῳ
791 4253 1151 4324 συζευχθῆναι
1182 4257 1245 4325 τῇ
1283 4255 1476 4326 Ἀννη,
1512 4254 1767 4326 ἠρώτησε
1802 4274 1908 4327 μα-

348 4347 462 4402 θεῖν
497 4347 547 4400 εί
579 4348 789 4416 ἐφεῖται
843 4345 999 4400 τοῦτο
1034 4341 1278 4418 πόιῆσαι.
1328 4348 1667 4418 Ἀνεγνὼσθη
1722 4349 1904 4402 τοίνυν

2012 3339 2160 3393 tibus
2193 3325 2488 3392 senatoriis
2521 3337 2935 3407 magistratibus
2969 3345 3022 3390 et
3052 3336 3335 3406 judicibus
3377 3335 3566 3406 politi-

2010 3433 2116 3496 cis,
2148 3429 2235 3485 his
2274 3437 2327 3484 et
2360 3429 2470 3484 illis
2494 3439 2549 3484 et
2617 3429 3056 3500 religiosissimis
3105 3427 3564 3496 metropolitanis,

2007 3523 2092 3575 vir
2154 3522 2319 3591 longe
2380 3521 2718 3577 clarissimus
2773 3521 3218 3591 incomparabilis
3267 3520 3566 3590 Gregorius

2010 3613 2193 3670 Xerus
2216 3615 2550 3685 scripturam
2575 3613 2736 3669 hodie
2762 3613 2831 3668 ad
2875 3614 3141 3684 synodum
3197 3615 3406 3676 attulit,
3443 3627 3565 3682 quae

2010 3707 2090 3760 sic
2121 3720 2179 3760 se
2210 3705 2372 3758 habet
2401 3721 2415 3759 :
2447 3704 2614 3758 Maria
2647 3704 2855 3759 habens
2883 3705 3046 3758 lilium
3079 3719 3392 3774 germanum
3417 3701 3567 3757 Con-

2009 3795 2656 3866 stantinum.susceptrix
2688 3794 2792 3850 fuit
2820 3795 3006 3851 Irenes
3035 3811 3100 3850 ex
3131 3795 3318 3850 divino
3342 3804 3566 3850 sancto-

2007 3907 2117 3960 que
2163 3891 2520 3960 baptismate.
2557 3888 2921 3945 Constantius
2979 3888 3163 3959 genuit
3188 3888 3566 3952 Theodorum,

1997 3995 2064 4056 et
2103 3985 2259 4040 [rene
2277 3983 2644 4045 Theodoram,
2692 3991 2746 4038 et
2794 3981 3080 4036 Theodora
3113 3997 3326 4036 rursum
3376 3981 3568 4050 genuit

2010 4078 2246 4132 Annam.
2272 4074 2593 4129 Theodorus
2625 4071 2810 4142 itaque
2842 4071 3133 4141 legitimum
3158 4069 3564 4123 matrimonium

2012 4185 2134 4224 cum
2163 4169 2318 4224 Anna
2357 4165 2682 4221 contrahere
2708 4165 2978 4237 ﬂagitans,
3015 4180 3082 4218 an
3118 4163 3219 4217 hoc
3247 4161 3361 4216 ﬁeri
3405 4161 3567 4216 liceat

2013 4246 2157 4316 scire
2187 4256 2419 4329 rogavit.
2470 4255 2670 4310 Lectus
2727 4269 2858 4325 ergo
2908 4262 2992 4308 est
3024 4255 3075 4307 in
3107 4251 3464 4323 synodocan.
3495 4249 3565 4304 55

1995 4359 2215 4415 sanctae
2253 4354 2309 4402 et
2330 4345 2683 4402 cacumenicae
2723 4344 2781 4398 in
2831 4342 3021 4398 Trullo
3067 4339 3358 4413 synodi,et
3389 4336 3556 4396 etiam

1541 4485 1731 4547 Guill.
1767 4488 2095 4565 Beveregii
2124 4495 2310 4550 notae.

413 4607 528 4678 (54)
549 4607 978 4680 ᾃὙπεξούσιον
1003 4609 1502 4680 ’ἰῇ-αὐτεξούσιον.
1551 4609 1678 4662 Haec
1737 4614 1900 4665 verba
1933 4616 1981 4675 ο
2008 4597 2350 4680 συγγένειαν,
2382 4604 2462 4673 οἷς
2486 4609 2578 4664 καὶ
2601 4609 2658 4663 αἱ
2692 4607 3002 4680 σωματικαὶ
3025 4604 3342 4680 συγγένειαι
3372 4619 3564 4680 ’περιο-
3635 4636 3640 4642 -

343 4677 754 4749 ἥαύτεξούσιον
788 4693 850 4730 ex
915 4695 1017 4732 ms.
1050 4678 1344 4733 Bodleiano
1395 4681 1769 4747 restituimus;
1819 4683 1906 4736 cui

349 4751 514 4820 etiam
543 4749 1015 4820 Alnerbachianus
1047 4749 1396 4820 suﬂfragatur.

417 4819 530 4885 (55')
559 4817 642 4870 Σὺ
686 4818 783 4870 καὶ
809 4819 1086 4884 γίνωσκε.
1121 4817 1242 4872 "me
1265 4829 1319 4874 et
1346 4833 1466 4887 quae
1503 4829 1822 4888 'sequuntur
1851 4821 1907 4876 in

350 4890 498 4943 hisce
523 4888 861 4941 Balsamonis
892 4889 945 4940 in
972 4899 1290 4956 praesentem
1320 4903 1583 4942 canonem
1631 4905 1908 4944 commen-

348 4959 504 5012 tariis
537 4973 603 5010 ex
630 4972 734 5011 ms.
761 4966 952 5010 nostro
1011 4957 1304 5010 Bodleiano
1344 4974 1484 5012 nunc
1526 4959 1757 5026 primum
1792 4962 1908 5013 edi-

349 5043 509 5091 mus;
558 5027 744 5096 Grazce
801 5027 1105 5081 nimirum:
1141 5043 1263 5079 nam
1320 5026 1514 5096 partim
1579 5039 1798 5083 exstant
1851 5031 1906 5083 in

352 5097 546 5151 Latina
577 5095 792 5150 Hervett
827 5099 1102 5164 versione,
1126 5097 1222 5150 sed
1246 5097 1301 5151 in
1322 5095 1436 5152 ’ms.
1463 5099 1906 5154 Amerbachiano

350 5167 572 5238 penitus
592 5165 1000 5238 desiderantur.
1270 5235 1281 5238 _
1370 5206 1376 5214 .
1399 5191 1418 5212 κ

421 5236 533 5304 (56)
563 5236 1020 5308 Προκαθημένου
1055 5235 1378 5308 Νικολάους.
1411 5236 1612 5308 Ἠυῇυεν
1632 5236 1906 5308 synodica

350 5307 786 5365 constitutionis,
817 5309 920 5360 sub
964 5308 1188 5361 Nicolao
1233 5307 1543 5374 patriarcha
1587 5307 1905 5360 Constanti-

352 5378 672 5444 nopolitano
701 5375 877 5430 editae.
908 5376 1193 5431 Balsamon
1229 5377 1392 5429 etiam
1430 5379 1482 5429 in
1532 5380 1808 5445 reSponsis
1839 5378 1905 5432 ad

351 5447 593 5501 Marcum
617 5447 1045 5499 Alexandrinum
1077 5448 1401 5500 mentionem
1424 5447 1570 5510 fecit,
1596 5448 1676 5500 his
1707 5448 1908 5509 verbis,

352 5518 550 5583 Γέγονε
610 5514 906 5583 σημείωμα
973 5517 1252 5569 συνοδικὺν
1299 5517 1388 5568 ἐπὶ
1448 5515 1542 5568 τοῦ
1599 5517 1907 5583 ἁγιωτάτου

350 5588 562 5638 ἐκείνου
605 5586 944 5656 πατριάρχου
993 5588 1185 5656 κυρίου
1243 5587 1512 5639 Νικολάου
1561 5587 1703 5656 κατα
1766 5587 1909 5656 μῆνα

352 5657 530 5728 Μάῖον
558 5657 658 5725 τῆς
695 5652 758 5706 ιε’
783 5652 1177 5728 ξπινεμήσέως,
1207 5658 1297 5728 ἐπὶ
1327 5659 1593 5728 ἐρωτήσει
1612 5654 1704 5728 τοῦ
1724 5652 1903 5728 ὑπέρ-

352 5724 512 5790 τίμου
544 5724 754 5796 ἐκείνου
789 5724 1090 5795 Γρηγορίου
1127 5728 1222 5778 τοῦ
1276 5724 1503 5796 Ξηροῦ,”
1531 5724 1901 5796 διοριζόμενον

352 5798 476 5857 τοῖς
492 5798 674 5858 αὐτοῖς
711 5795 859 5863 ὅροις
901 5795 1465 5864 συσς,ν›ίγγεσθαι,καὶ⁵
1524 5795 1898 5864 ὑφαπλοῦσθαι

355 5865 454 5935 τὴν
504 5866 592 5922 διὰ
641 5866 741 5935 τῆς
800 5867 1116 5939 συνῖεκνίας
1184 5868 1454 5922 συστᾶσαν
1519 5868 1897 5937 πνευματικὴν

2052 4674 2274 4748 ἕζονται.
2308 4682 2454 4736 Bais.
2479 4683 2665 4754 _Resp._
2685 4680 2748 4733 ad
2777 4674 3436 4754 Marc._Al‘ex._interrog..
3468 4674 3562 4754 ὥς

2065 4746 2151 4808 ine
2176 4756 2366 4808 lacuna
2394 4756 2448 4806 in
2471 4746 2972 4817 Joannisepiscopi
3021 4748 3154 4801 Citri
3194 4746 3469 4817 responsis
3495 4746 3562 4799 ad
3607 4775 3620 4790 κ

2012 4824 2470 4894 interrogationes
2504 4821 2862 4894 _C_onstanti_ni
2923 4815 3163 4894 @ahasili
3210 4815 3557 4894 suppleatur.

2011 4892 2150 4948 Dicit
2168 4883 2309 4948 enim
2338 4892 2427 4944 ille
2457 4909 2470 4945 :
2504 4891 2700 4956 Γέγονε
2739 4891 2830 4941 καὶ
2850 4887 3046 4960 πρᾶξις
3076 4884 3327 4953 συνοδικὴ
3355 4883 3444 4934 ἐπὶ
3464 4884 3566 4955 τῆς

2013 4964 2321 5033 ἐφημερίας
2344 4960 2520 5033 τοῦίὲν
2545 4961 2741 5026 ἁγίοις.
3053 4999 3068 5012 .
3214 4997 3229 5011 .
3376 4993 3414 5033 ._
3541 4995 3556 5009 .

2013 5020 2353 5101 πατριάρχου
2408 5020 3077 5101 ῌΚωνσταντινουπόλεωςῌ
3120 5020 3564 5101 γνωματεύσασα

2017 5093 2328 5164 ἀκολούθῶς
2361 5099 2439 5169 τῷ
2463 5106 2541 5167 νγ¹
2575 5101 2762 5153 κανόνι
2792 5099 2978 5169 τῆςνὲν
3013 5097 3087 5167 τῷ
3119 5095 3372 5169 Τρ-ούλλῳ
3398 5093 3564 5169 ἁγίας

2015 5175 2109 5224 καὶ
2139 5164 2526 5238 οίκουμενικῆς
2575 5169 2791 5223 συνόδου
2818 5164 2924 5238 καὶ
2955 5169 3030 5237 τῷ
3060 5164 3147 5238 ’ςέ
3183 5164 3496 5238 θέματιξοῦ
3530 5183 3549 5217 ι

2014 5232 2311 5310 κεφαλαίού
2341 5239 2433 5292 τοῦ
2463 5232 2504 5290 ε’
2527 5240 2702 5310 τίτλου
2746 5237 2840 5290 τοῦ
2891 5244 2975 5308 κη’
3003 5232 3221 5310 ’βιϐλίου
3250 5232 3357 5287 τῶν
3393 5232 3558 5310 Βασι-

2013 5304 2201 5375 λικῶν,
2235 5312 2346 5370 τοῖς
2374 5310 2557 5371 αὐτοῖς
2586 5309 2816 5378 βαθμοῖς
2856 5304 3292 5379 ⁸περιγράφεσθαι.
3333 5304 3563 5379 ’καὶμτὴν

2012 5374 2386 5448 πνευματικὴν
2438 5374 2791 5448 συγγένειαν,
2834 5374 2944 5440 οἷς’
2977 5374 3070 5430 καὶ
3102 5379 3132 5448 ή
3160 5375 3383 5444 φυσικὴ,
3442 5374 3560 5448 ἦτοι

2016 5441 2254 5519 σαρκίκὴ
2321 5441 2711 5519 περιορίζεται.
2749 5441 2932 5502 Ἱοοη.
2982 5441 3132 5519 Citr.'
3172 5441 3558 5519 irgsponsgad

2009 5510 2290 5575 Constant.
2320 5510 2564 5573 Ca'hnsil.
2595 5521 2851 5586 interrog.
2882 5519 2915 5571 5
2947 5519 2997 5570 in
3052 5517 3173 5569 Jur.
3205 5510 3374 5586 Gr’a’c.
3405 5510 3557 5586 Ro_m.

2012 5590 2048 5643 l.
2082 5607 2130 5652 ν,
2162 5604 2285 5660 pag.
2321 5587 2446 5643 5°26.
2485 5581 2679 5660 Procul
2712 5581 2882 5660 enim
2904 5589 3101 5660 _omni_
3131 5585 3297 5639 dubio
3343 5585 3430 5660 hic
3480 5581 3562 5633 le-

2009 5651 2258 5730 gendi-ini
2297 5667 2382 5714 est
2438 5658 2530 5730 τοῦ
2597 5661 2654 5710 ἐν
2699 5657 2875 5730 ἁγίοις
2903 5655 3173 5730 Νικολάου
3223 5651 3561 5730 πατριάρχου

2003 5725 2631 5794 Κωνσταντινουπόλεως
2654 5729 2758 5787 sub
2789 5741 2898 5799 quo
2953 5727 3102 5784 edita
3143 5732 3230 5781 est
3275 5725 3392 5779 hac
3420 5736 3584 5801 conf

1999 5803 2232 5858 stitutio.
