4074 6418
507 368 618 442 703

1671 439 1676 448 λ
1756 372 2039 436 ΤΗΕΟΙ).
2080 374 2483 436 BALSAMON

3625 377 3740 442 ’104

509 485 788 538 decretum
818 483 871 547 6,
899 497 1022 556 cap.
1049 483 1136 549 10,
1166 485 1253 560 tit.
1285 487 1338 554 5,
1371 487 1468 543 lib.
1499 502 1693 556 xsvm,
1731 487 1814 543 sic
1852 484 2060 543 habens

2175 488 2264 541 ἐπὶ
2296 489 2498 560 συνόδῳ
2543 489 2570 541 ὁ
2621 486 2708 557 νγῦ
2740 487 2920 544 κανὼν
2951 487 3053 559 τῆς
3081 488 3138 543 ἐν
3163 487 3239 559 τῷ
3269 487 3527 561 Τρούλλῳ
3565 490 3734 559 ἁγίας

514 590 771 644 expresse
817 593 831 631 :
875 575 977 642 Qui
1037 579 1345 648 quampiam
1410 596 1440 634 a
1492 597 1648 636 sacro
1718 581 2051 650 baptismate

506 666 795 740 suscepit,
827 683 934 721 non
968 677 1145 738 potest
1173 685 1292 723 eam
1327 679 1514 741 postea
1550 687 1775 726 uxorem
1833 671 2059 737 ducere,

515 765 577 808 ut
614 771 733 824 qua:
758 757 904 812 facta
953 760 1025 815 sit
1060 760 1233 830 ipsius
1273 761 1403 828 lilia,
1431 757 1606 830 neque
1657 773 1885 817 matrem
1948 761 2072 831 ejus

511 846 782 911 ﬁliamve;
818 849 912 904 sed
948 867 1044 904 nec
1077 851 1218 907 illius
1248 853 1400 922 ejus:
1434 855 1878 924 quandoquidem
1933 855 2071 910 nihil

513 937 654 992 aliud
690 956 838 1010 aeque
865 951 1045 1011 potest
1088 945 1348 1000 inducere
1413 954 1694 1014 paternam
1727 946 2068 1001 affectionem

506 1029 826 1100 juStamque
889 1035 1226 1090 matrimonii
1269 1039 1721 1116 prohibitionem,
1772 1053 1834 1090 ac
1879 1038 2074 1106 hujus-

512 1123 655 1176 moili
687 1141 878 1191 nexus,
921 1143 1028 1194 quo
1061 1127 1169 1182 Deo
1199 1129 1572 1186 intercedente
1623 1131 1821 1205 animae
1875 1145 2072 1186 eorum

511 1204 935 1286 conjunguntur.
971 1219 1032 1272 Et
1063 1221 1344 1276 derretuut
1375 1235 1456 1278 est
1492 1204 1695 1277 dictum
1729 1231 2068 1278 contractum

513 1308 842 1376 prohibitum
873 1327 1011 1374 esse,
1047 1315 1224 1382 utqui
1260 1317 1324 1369 ad
1375 1317 1632 1386 quintum
1700 1317 1927 1387 gradum
1964 1333 2069 1370 non

512 1401 828 1466 perveniat;
863 1413 1144 1471 propterea
1173 1408 1514 1476 quod,juxta
1549 1425 1670 1478 quae
1725 1409 1778 1462 in
1826 1408 1927 1462 hac
1955 1409 2072 1477 lege

514 1491 905 1556 continentur,
972 1497 1279 1564 Spiritualis
1340 1502 1598 1569 cognatio
1651 1499 1889 1554 naturali
1959 1500 2074 1554 sive

514 1584 719 1636 carnali
749 1587 1086 1653 praeferatur.
1121 1591 1189 1644 Ut
1214 1592 1316 1646 hoc
1345 1604 1526 1647 autem
1559 1605 1613 1648 et
1667 1594 1723 1648 in
1769 1577 2073 1663 adoptione

510 1675 686 1730 valeat
723 1689 941 1734 cautum
979 1693 1082 1747 est,
1119 1700 1184 1738 eo
1207 1685 1356 1754 quod
1388 1703 1506 1756 qua:
1525 1702 1591 1741 ex
1619 1701 1682 1740 ea
1717 1685 1880 1741 etiam
1928 1700 2068 1739 con-

511 1765 748 1831 trahitur
777 1767 1031 1840 éoguatio
1065 1775 1244 1830 a-Deo
1275 1785 1330 1831 et
1360 1793 1454 1846 per
1487 1773 1796 1840 divinarum
1845 1790 2069 1846 precum

2171 579 2264 631 καὶ
2298 581 2678 648 οίκουμενικῆς
2711 581 2949 648 συνόδου,
2973 583 3068 636 καὶ
3092 582 3151 634 τὸ
3183 583 3237 647 ς’
3258 581 3399 651 θέμα
3427 584 3520 636 τοῦ
3547 583 3581 635 ι’
3605 601 3738 654 κεφ.

2169 666 2264 721 τοῦ
2294 675 2335 722 ε’
2373 669 2554 724 τίτλου
2601 670 2695 723 τοῦ
2726 677 2815 743 κη’
2843 671 3046 741 βιϐλίου
3077 672 3201 742 ἔχον
3238 674 3296 726 ἐν
3328 675 3486 744 μέρει
3517 671 3690 737 οὕτως
3717 692 3738 708 ο

2181 759 2243 815 ’0
2298 761 2479 831 μέντοι
2511 763 2617 815 ἀπὸ
2659 763 2752 816 τοῦ
2802 763 2958 830 ἁγίου
2991 763 3376 835 βαπτίσματος
3423 764 3552 818 τινὰ
3584 763 3745 829 δεξά-

2174 871 2354 924 μενος,
2402 855 2463 908 ού
2498 854 2717 908 δύναται
2766 857 2934 926 αὐτὴν
2966 855 3189 927 ὕστερον
3227 858 3362 928 πρὸς
3392 859 3570 928 γάμον
3602 860 3739 911 ἀνά-

2171 947 2385 1015 γεσθαι,
2416 947 2491 1011 ὡς
2537 948 2698 1018 δῆθεν
2739 949 3013 1019 θυγατέρα
3046 951 3214 1003 αὐτοῦ
3244 951 3564 1021 γενομένην,
3613 952 3738 1004 οὐδὲ

2169 1040 2267 1110 τὴν
2298 1040 2500 1112 ταύτης
2532 1042 2807 1114 μητέραῆ
2859 1043 3135 1126 θυγατέρα
3162 1059 3176 1074 ⁶
3223 1043 3341 1097 ἀλλ’
3385 1045 3504 1097 οὐδὲ
3547 1045 3577 1097 δ
3618 1046 3728 1106 υίὸς
3807 1025 3815 1044 ’

2171 1132 2356 1186 αὐτοῦ.
2401 1133 2617 1205 Ἐπειδὴ
2668 1135 2820 1188 οὐδὲν
2870 1135 2999 1189 ἄλλο
3029 1136 3251 1190 δύναται
3290 1135 3460 1199 οὕτως
3503 1137 3728 1203 εἰσαγα-

2172 1225 2290 1289 γεῖν
2317 1226 2587 1294 πατρικὴν
2620 1225 2859 1281 διάθεσιν
2887 1227 2980 1278 καὶ
3013 1229 3233 1280 δικαίαν
3260 1229 3440 1294 γάμου
3473 1223 3732 1286 κώλυσιν,

2171 1314 2246 1376 ὡς
2288 1317 2315 1367 ὁ
2359 1315 2596 1380 τοιοῦτος
2641 1316 2858 1384 δεσμὸς,
2909 1315 2982 1370 δι’
3013 1311 3074 1369 οὗ
3128 1315 3264 1369 Θεοῦ
3322 1312 3650 1384 μεσάζοντος
3684 1317 3733 1366 σί

2169 1405 2336 1474 ψυχαὶ
2367 1407 2545 1458 αὐτῶν
2586 1409 2974 1462 συνάπτονται.
3012 1407 3118 1460 Καὶ
3157 1405 3461 1476 διεγνώσθη
3501 1405 3734 1457 κεκωλυ-

2175 1496 2336 1569 μένον
2360 1493 2499 1550 εἶναι
2524 1497 2583 1550 τὸ
2611 1498 2904 1567 διαληφθὲν
2948 1499 3327 1569 συνάλλαγμα,
3360 1499 3434 1562 ὡς
3468 1499 3568 1551 οὐκ
3613 1499 3743 1549 ἀνα-

2172 1568 2403 1658 γόμενον
2449 1591 2530 1655 είς
2581 1592 2832 1660 πέμπτον
2879 1591 3086 1662 βαθμόν
3110 1608 3123 1623 ο
3160 1568 3245 1645 διά
3278 1593 3337 1644 τὸ
3366 1593 3742 1662 προτιμᾶσθαι

2172 1683 2310 1734 κατὰ
2353 1680 2452 1753 τὴν
2493 1682 2587 1736 τοῦ
2635 1682 2880 1735 τοιούτου
2912 1684 3080 1752 νόμου
3109 1683 3402 1753 περίληψιν
3449 1683 3548 1753 τὴν
3586 1701 3748 1737 πνευσ-

2175 1773 2413 1844 ματικὴν
2463 1775 2788 1842 συγγένειαν
2840 1775 2942 1843 τῆς
3006 1777 3242 1844 φυσικῆς
3296 1775 3417 1846 ἦτοι
3467 1776 3567 1845 τῆς
3619 1792 3748 1846 σαρ-

510 1860 774 1925 mysteria
818 1864 1204 1931 constituitur,
1263 1868 1426 1936 juxta
1475 1869 1667 1940 inclyti
1724 1868 2071 1940 imperatoris

2177 1864 2361 1934 κικῆς.
2427 1863 2599 1918 Τοῦτο
2654 1865 2709 1919 δὲ
2764 1866 2974 1937 ὡρίσθη
3038 1869 3265 1937 κρατεῖν
3329 1867 3426 1921 καὶ
3487 1865 3579 1920 ἐπὶ
3649 1868 3748 1936 τῆς

511 1944 571 1998 D.
609 1945 806 2008 Leonis
845 1953 1118 2025 Sapientis
1143 1957 1436 2014 novellam.

2177 1957 2471 2021 υἱοθεσίας,
2503 1958 2589 2011 διὰ
2620 1959 2678 2012 τὸ
2741 1959 2835 2012 καὶ
2887 1958 2986 2030 τὴν
3047 1960 3111 2012 ἐκ
3164 1959 3369 2028 ταύτης
3427 1959 3750 2028 συγγένειαν

507 2042 615 2098 ἀπὸ
639 2043 776 2098 Θεοῦ
825 2021 1044 2103 καὶ-διά
1102 2050 1261 2105 θείων
1319 2051 1497 2123 εὐχῶν
1551 2052 1776 2125 τελετὴν
1819 2021 2174 2107 συνίστασθαι
2202 2051 2345 2104 κατὰ
2375 2050 2476 2121 τὴν
2501 2049 2595 2104 τοῦ
2659 2051 2905 2122 ἀοιδίμου
2942 2021 3228 2122 ’βασιλέως
3287 2021 3455 2125 κυροῡ
3505 2021 3752 2119 λέοντος

509 2133 604 2187 τοῦ
635 2136 805 2203 Σοφοῦ
831 2141 1050 2207 νεαράν.

583 2231 831 2288 ZONAR.
887 2235 987 2304 Qui
1019 2245 1350 2294 commatres
1398 2253 1550 2304 suas,
1585 2239 1705 2295 viro
1728 2249 1912 2310 postea
1962 2253 2075 2300 ore.

511 2324 690 2392 batas,
723 2327 774 2381 in
817 2328 1148 2383 matrimonii
1181 2330 1497 2385 societatem
1538 2345 1822 2402 accepere,
1855 2331 1924 2387 ab
1951 2331 2076 2386 illa-

511 2434 631 2473 rum
672 2424 1017 2488 commercio,
1058 2439 1125 2477 eo
1157 2423 1300 2493 quod
1329 2434 1519 2479 contra
1558 2425 1706 2496 leges
1736 2427 1931 2480 initum
1957 2435 2066 2490 est,

513 2509 723 2566 laedere
746 2513 1014 2569 dissoluto
1039 2510 1277 2588 sejungi,
1301 2525 1596 2585 utrumque
1625 2533 1758 2571 vero
1788 2517 2072 2588 conjugem

515 2603 692 2671 poenis
725 2616 1085 2659 scortatorum
1113 2609 1293 2662 teneri
1318 2624 1492 2663 canon
1526 2609 1792 2665 decernit.

517 2692 745 2748 ARIST.
823 2713 840 2746 ι
890 2697 992 2760 Qui
1047 2697 1188 2753 ﬁlios
1241 2715 1270 2752 a
1333 2700 1658 2770 baptismate
1713 2707 2075 2770 susceperunt

593 2803 612 2836 ι
657 2801 778 2840 cum
831 2787 1061 2841 liliorum
1110 2790 1377 2846 matribus
1420 2791 1662 2863 copulari
1706 2807 1814 2846 non
1855 2791 2077 2862 permit-

591 2895 610 2929 ι
653 2886 751 2932 tes.
781 2878 838 2932 Si
870 2880 991 2949 quis
1024 2889 1204 2936 autem
1240 2884 1529 2953 copulatus
1560 2884 1651 2949 sit,
1687 2892 1811 2954 post
1849 2897 2076 2955 separa-

593 2988 612 3022 ι
653 2971 875 3035 tionem.
904 2989 1118 3043 poenam
1149 2976 1311 3029 etiam
1349 2976 1560 3030 subeat.
1584 2995 1604 3029 ι

588 3063 899 3132 Spiritualis
952 3065 1185 3120 aliinitas
1244 3067 1418 3136 major
1455 3077 1538 3122 est
1571 3068 1838 3138 corporali
1871 3082 2074 3138 cogna-

514 3148 682 3204 tione.
726 3151 903 3217 Quare
950 3153 1509 3220 eumjornicatorum
1562 3173 1736 3229 prima:
1777 3159 2073 3215 obnoxium

517 3243 693 3296 reddit
723 3244 809 3298 hic
835 3260 1033 3309 canon,
1075 3247 1164 3314 qui
1212 3247 1304 3302 ﬁlii
1345 3249 1413 3303 ab
1449 3240 1568 3320 ipso
1591 3252 1643 3305 in
1674 3267 1832 3306 sacro
1866 3253 2074 3322 baptis-

518 3345 608 3385 mo
636 3333 873 3402 suscepti
928 3345 1150 3390 matrem
1175 3354 1178 3358 '
1203 3338 1307 3392 sibi
1359 3339 1412 3393 in
1446 3342 1780 3395 matrimonii
1817 3355 2077 3404 commu-

517 3424 738 3478 nionem
761 3426 1010 3490 assumit,
1037 3429 1211 3497 primo
1240 3430 1585 3501 illegitimum
1617 3433 1937 3507 conjugium
1966 3423 2080 3491 dis-

517 3517 758 3572 solvens.
1219 3530 1223 3534 ’
1365 3515 1370 3524 ’

985 3700 1142 3771 222
1197 3701 1424 3757 CANON
1483 3701 1616 3760 Liv.

526 3807 547 3842 ι
586 3789 722 3845 Cum
764 3794 945 3850 divina
995 3796 1276 3866 Scriptura
1315 3811 1416 3851 nos
1451 3808 1638 3868 aperte
1689 3797 1909 3864 doceat,
1957 3795 2079 3852 Non

593 3900 612 3934 ι
661 3883 981 3952 ingredieris
1031 3889 1096 3943 ad
1138 3904 1353 3944 omnem
1400 3890 1866 3961 consanguineum
1894 3890 2080 3948 carnis

505 3987 512 3994 ‘
592 3993 612 4026 ι
652 3983 758 4031 tuae
785 3979 851 4032 ad
880 3981 1221 4036 revelaudam
1252 3981 1372 4051 ejus
1406 3982 1803 4052 turpitudinem
1832 3985 1854 4017 ⁵
1879 4002 1898 4048 ⁴ε
1937 3983 2081 4039 divi-

593 4086 612 4120 ι
656 4085 760 4125 nus
811 4070 1044 4127 Basilius
1092 4075 1384 4130 nonnullas
1428 4075 1736 4146 prohibitas
1779 4075 1998 4145 nuptias
2024 4079 2082 4133 in

594 4177 616 4213 ε
657 4161 773 4217 suis
830 4164 1132 4220 canonibus
1182 4166 1558 4232 enumeravit;
1614 4166 1807 4222 multis
1858 4165 2080 4223 silentio

595 4269 615 4301 ‹
657 4254 968 4320 praeteritis,
1003 4263 1056 4308 et
1083 4254 1166 4309 bis
1199 4256 1444 4326 utrisque
1479 4256 1969 4313 nobis’utilitatem
1997 4265 2080 4312 at-

593 4361 614 4395 ι
657 4344 803 4398 tulit.
845 4344 1106 4416 Turpium
1173 4348 1320 4413 enim
1379 4350 1664 4403 nominum
1724 4347 2084 4404 multitudine

591 4455 616 4490 ι
655 4439 876 4500 evitata,
916 4455 980 4493 ne
1025 4439 1204 4496 verbis
1254 4442 1562 4496 orationem
1598 4441 1894 4510 pollueret;
1918 4455 2084 4511 gene-

594 4545 614 4579 ‹
655 4527 861 4584 ralibus
888 4531 1201 4588 nominibus
1233 4531 1579 4614 impuritates
1603 4532 1926 4601 complexus
1956 4541 2078 4586 est:

2244 2235 2498 2291 ZONAP.
2525 2236 2664 2300 Τοὺς
2693 2236 2899 2299 οἰκείας
2930 2236 3253 2300 συντέκνους
3286 2237 3626 2306 χηρευούσας
3661 2238 3743 2303 είς

2178 2329 2483 2399 συμϐίωσιν
2537 2329 2780 2400 γαμικὴν
2822 2329 3202 2399 λαμϐάνοντας
3250 2323 3586 2395 ἀφίστασθαι
3648 2330 3747 2401 τοῦ

2174 2419 2419 2474 τοιούτου
2477 2422 2812 2475 συνοικεσίου
2853 2421 3117 2474 κελεύειὸ
3163 2419 3364 2485 κανὼν,
3391 2420 3485 2474 τοῦ
3511 2425 3756 2492 παρανό-

2179 2531 2282 2583 μου
2309 2516 2487 2586 γάμου
2505 2514 2900 2584 διασπωμένου,
2924 2515 3164 2577 ἐκείνους
3179 2513 3234 2566 δὲ
3255 2514 3369 2578 τοῖς
3391 2514 3498 2568 τῶν
3517 2533 3753 2588 πορνευ-

2180 2605 2348 2659 6ντων
2384 2608 2678 2674 ἐπιτιμίοις
2703 2607 3125 2661 ὑποϐάλλεσθαι.

2181 2696 2404 2752 ΑΡΙΣΤ.
2435 2717 2454 2748 ι
2492 2699 2630 2761 Τοὺς
2647 2686 3069 2769 ἀναδεχομένους
3092 2699 3284 2764 παῖδας
3305 2699 3412 2754 ἀπὸ
3434 2698 3755 2769 βαπτίσμα-

2257 2807 2277 2842 σ
2321 2801 2413 2853 τος
2455 2790 2554 2843 οὐκ
2603 2790 2787 2853 ἐάσεις
2858 2793 3200 2863 συναφθῆναι
3252 2794 3374 2857 ταῖς
3397 2791 3507 2845 τῶν
3543 2791 3755 2844 παίδων

2256 2902 2275 2936 ι
2326 2883 2634 2955 μητράσιν·
2665 2884 2716 2936 εί
2755 2883 2811 2936 δέ
2834 2900 2916 2947 τις
2963 2883 3060 2937 καὶ
3106 2883 3425 2951 συναφθείηζ
3481 2881 3619 2954 μετὰ
3657 2881 3752 2934 τοῦ

2254 2993 2273 3028 ι
2319 2975 2863 3046 ἀποσυναχθῆναικαὶ
2889 2974 2948 3027 τὸ
2973 2974 3246 3044 ἐπιτίμιον
3270 2974 3444 3044 γνοίη.
3487 2993 3505 3026 ι

2263 3066 2330 3119 ’ῐί
2357 3065 2498 3120 κατά
2519 3066 2736 3134 πνεῦμα
2763 3065 3033 3136 οἰκειότης
3062 3064 3266 3133 μείζων
3295 3065 3393 3130 τῆς
3428 3062 3753 3133 σωματικῆς

2182 3157 2502 3228 συγγενείας
2531 3157 2644 3210 ἐστι
2670 3172 2685 3186 ·
2707 3155 2793 3210 διὰ
2812 3156 2968 3209 τοῦτο
2995 3155 3123 3222 γοῦν
3144 3154 3220 3223 τῷ
3247 3155 3353 3207 τῶν
3379 3153 3752 3223 πορνευόντων

2104 3271 2148 3331 α
2181 3248 2444 3315 ἐπιτιμίῳ
2496 3245 2678 3315 ἔνοχον
2731 3244 2966 3314 καθιστᾷ
3002 3247 3031 3298 ὁ
3073 3243 3254 3297 κανὼν
3286 3237 3444 3306 οὗτος
3474 3243 3566 3296 τὸν
3613 3243 3757 3313 πρὸς

2179 3339 2359 3408 γάμου
2392 3337 2676 3391 κοινωνίαν
2707 3338 2774 3406 τῇ
2819 3337 2988 3406 μητρὶ
3029 3334 3124 3388 τοῦ
3155 3335 3344 3397 παιδὸς
3382 3335 3753 3404 συναφθέντα,

2178 3429 2272 3483 τοῦ
2304 3429 2433 3499 παρ’
2472 3427 2639 3482 αὐτοῦ
2669 3428 3059 3496 ἀναδεχθέντος
3092 3429 3200 3482 ὰπὸ
3233 3428 3327 3481 τοῦ
3355 3427 3510 3495 ἁγίου
3555 3427 3759 3496 βαπτί-

2181 3536 2410 3590 σματος,
2445 3518 2714 3589 πρότερον
2745 3517 2974 3588 διαλύων
3004 3520 3099 3572 καὶ
3125 3518 3187 3571 τὸ
3227 3519 3542 3591 παράνομον
3570 3535 3758 3570 συνοισ-

2180 3612 2384 3667 κέσιον.

2769 3702 3010 3754 ΚΑΝΩΝ
3043 3700 3136 3756 νδ’.

2187 3815 2206 3850 ι
2234 3795 2346 3864 Τῆς
2377 3793 2528 3858 θείας
2554 3794 2698 3865 ἡμᾶς
2732 3795 2842 3862 (57)
2875 3795 3050 3856 οὕτως
3090 3795 3274 3860 σαφῶς
3313 3794 3753 3864 ὲκδιδασκούσης,

2255 3902 2278 3939 ι
2311 3886 2552 3956 Γραφῆς,
2577 3873 2596 3938 ἀ
2617 3887 2729 3939 Οὐκ
2745 3885 3026 3959 εἰσελεύσῃ
3049 3886 3182 3955 πρὸς
3208 3889 3385 3941 πάντα
3399 3888 3596 3940 οἰκεῖον
3622 3903 3754 3955 σαρ-

2258 3995 2278 4030 ι
2322 3977 2417 4041 κός
2472 3994 2565 4030 σου
2593 3978 2938 4047 ἀποκαλύψαι
2966 3978 3351 4048 ἀσχημοσύνην
3408 3977 3608 4032 αὑτοῦ·
3671 3997 3691 4031 ι
3726 3981 3754 4032 ὁ

2256 4085 2276 4121 ι
2321 4067 2580 4139 θεοφόρος
2616 4069 2896 4131 Βασίλειός
2927 4085 3084 4132 τινας
3121 4068 3230 4121 τῶν
3285 4070 3758 4139 ἀπηγορευμένων

2258 4175 2278 4211 ι
2320 4159 2516 4227 γάμων
2557 4160 2613 4211 ὲν
2648 4159 2761 4220 τοῖς
2807 4158 3000 4221 οἰκίοις
3043 4142 3265 4210 κανόσιν
3308 4159 3753 4229 ἀπηριθμὴσατο,

2259 4267 2280 4302 ι
2318 4252 2494 4319 σιωπῇ
2517 4249 2586 4301 τὰ
2607 4249 2837 4302 πλεῖστα
2869 4248 3270 4319 παραδραμὼν,
3303 4251 3400 4303 καὶ
3427 4251 3549 4304 κατ’
3573 4251 3754 4322 ὰμφὸο

2265 4359 2286 4394 ι
2327 4357 2461 4410 τερα
2497 4341 2908 4403 κατασκευάσας
2935 4341 3068 4410 ἡμῖν
3102 4325 3492 4413 τίώφέλιμον.
3534 4343 3609 4396 Τὸ
3643 4345 3757 4416 γὰρ

2262 4450 2281 4485 ι
2325 4432 2433 4486 τῶν
2489 4433 2728 4504 αἰσχρῶν
2777 4433 3082 4503 ὀνομασιῶν
3155 4434 3358 4505 πλῆθος
3412 4439 3760 4508 παραιτησά-

2263 4544 2282 4578 ‹
2326 4541 2504 4596 μενος,
2550 4528 2624 4587 ὡς
2653 4522 2719 4577 ἂν
2756 4524 2833 4594 μὴ
2874 4527 2964 4579 τὸν
2994 4526 3151 4594 λόγον
3189 4529 3611 4600 καταρρυπαίνῃ
3640 4532 3756 4594 τοῖς

587 4635 609 4670 ι
653 4633 748 4688 per
774 4637 908 4692 quas
944 4622 1151 4694 legibus
1186 4625 1386 4680 vetitas
1408 4611 1625 4693 nuptias
1647 4624 1810 4679 nobis
1845 4624 1897 4677 in
1928 4639 2071 4679 sum-

2263 4637 2282 4671 ι
2333 4620 2561 4689 ῥήμασι,
2596 4619 2833 4686 γενικοϊς
2861 4620 3092 4696 ὀνόμασι
3136 4619 3235 4682 τὰς
3264 4621 3607 4692 ἀκαθαρσίας
3648 4622 3754 4677 διέ-

595 4728 616 4762 ‹
662 4728 748 4766 ma
776 4717 1033 4769 ostendit.
1060 4714 1327 4782 Quoniam
1355 4725 1538 4769 autem
1565 4724 1785 4784 pr0pter
1811 4714 2083 4782 ejusmodi

597 4820 616 4856 ι
661 4804 961 4872 silentium,
992 4817 1067 4881 et
1097 4809 1242 4878 quod
1271 4823 1383 4862 non
1422 4807 1662 4886 discerni
1704 4818 1890 4884 posset
1923 4807 2086 4864 illici-

591 4987 638 5019 ⁸⁸
661 4984 836 5042 Levit.
871 4998 1024 5054 xvui,
1059 4987 1114 5044 6.

2255 4730 2274 4763 ι
2318 4711 2499 4763 λαὸενο
2529 4709 2594 4762 δι’
2621 4705 2694 4766 ὧν
2719 4711 3080 4779 περιεκτικῶς
3103 4712 3236 4780 ἡμῖν
3256 4711 3382 4776 τοὺς
3401 4713 3756 4790 παρανόμους

2265 4823 2284 4857 ι
2322 4803 2530 4874 γ’ἆμους
2561 4804 2857 4870 ὑπέδειξεν.
2894 4804 3114 4877 Ἐπειδὴ
3142 4806 3200 4859 δὲ
3225 4808 3292 4877 τῇ
3315 4805 3540 4879 τοιαύτῃ
3576 4811 3755 4880 σιωπῇ

1760 5076 1948 5140 Guill.
1970 5077 2297 5157 Beveregii
2331 5085 2516 5140 notae.

593 5184 702 5257 (57.)
751 5184 860 5252 Τῆς
891 5186 1051 5249 θείας
1089 5183 1266 5257 ἡμᾶς)
1298 5183 1412 5257 ‘llic
1451 5181 1711 5257 canonin
1741 5180 2081 5257 Balsamonis

525 5251 920 5322 Meditato,icui
971 5251 1182 5319 titulus,
1218 5254 1325 5308 Τοῦ
1356 5251 1521 5305 αὐτοῦ
1569 5254 1860 5320 διάγνωσις
1919 5251 2080 5321 χάριν

529 5325 618 5379 τοῦ
643 5327 963 5396 λαληθέντος
994 5325 1286 5389 συνοδικῶς
1338 5323 1650 5396 ζητήματος
1704 5325 1834 5391 περὶ
1879 5322 1998 5396 τοῦ,
2028 5323 2077 5374 εί

525 5398 629 5474 χρὴ
665 5393 945 5474 τὸναὺτὸν
976 5399 1067 5474 καί
1091 5396 1332 5474 έναδυσὶ
1356 5395 1762 5462 διᾳεξαδέλφαις
1803 5393 2074 5474 συνάπτε-

524 5464 670 5530 ᾰοαι,
705 5467 1103 5530 laudatur,,'ubi
1135 5468 1296 5520 etiam
1331 5471 1612 5532 asseritur,
1654 5478 1761 5517 una
1803 5479 1926 5517 cum
1962 5464 2074 5532 lege

522 5540 688 5600 civili,
726 5539 870 5590 hunc
901 5537 1062 5590 etiam
1103 5551 1391 5612 canonenr
1425 5535 1770 5590 matrimonia
1805 5549 1973 5612 usque
2007 5533 2072 5586 ad

527 5611 751 5676 gradum
784 5616 1138 5670 sextum,tam
1166 5622 1230 5662 ex
1254 5607 1530 5667 aliinitate,
1557 5622 1718 5674 quam
1751 5607 2073 5671 ceguatiOne

523 5686 827 5743 contracta,
853 5679 1264 5744 constt-insisse,
1297 5678 1387 5732 sed
1423 5678 1736 5744 permisisse
1763 5677 1882 5744 quae
1907 5676 2066 5727 istum

529 5746 753 5825 gradum
776 5742 1122 5825 _Se_quun_tu_r.
1159 5747 1231 5825 T_b
1252 5742 1257 5744 ’
1279 5747 1336 5825 δῖε
1363 5742 1618 5825 Δβξιθέμα
1651 5743 1774 5825 306“
1797 5742 1887 5825 λβί
1907 5760 2067 5825 χειρί·

529 5815 685 5876 λαίου
705 5817 803 5872 τοῦ
833 5815 895 5870 εν
915 5818 1094 5872 τίτλον
1122 5819 1215 5874 τοῦ
1240 5817 1321 5890 κη’
1360 5815 1564 5888 βὶόλίου
1608 5815 1717 5870 τῶν
1737 5815 2062 5880 Exstinxti”,

2192 5183 2335 5236 καὶὸ
2362 5180 2433 5235 νϐ’
2489 5178 2668 5233 κανὼν
2713 5181 2813 5249 τῆς
2865 5181 2922 5250 έν
2951 5178 3028 5250 τῷ
3079 5179 3336 5250 Τρούλλῳ
3377 5177 3471 5232 τοῦ
3514 5179 3755 5249 μεγάλου

2191 5252 2460 5306 παλατίου
2493 5251 2765 5318 συστάσης
2789 5249 2950 5317 ἁγίας
2975 5251 3066 5302 καὶ
3090 5249 3476 5318 οἰκουμενικῆς
3505 5250 3753 5313 συνόδου,

2189 5325 2354 5394 μέχρι
2382 5321 2476 5394 τοῦ
2490 5321 2652 5394 ἕκτου
2685 5321 2894 5394 βαθμοῦ
2929 5321 3021 5373 καὶ
3042 5320 3216 5394 αὐτοῦ
3245 5323 3315 5373 τὰ
3347 5321 3404 5384 ἐξ
3433 5321 3755 5394 άλγχιστείας

2187 5389 2376 5447 καῖτὰ
2401 5392 2456 5458 ἐξ
2479 5389 2706 5461 αἵματος
2737 5389 3245 5460 ἐξεστενοχώρησαν
3297 5391 3748 5457 συναλλάγματα⁸

2182 5466 2250 5516 τά
2306 5464 2386 5528 δὲ
2422 5467 2559 5531 μετὰ
2618 5462 2802 5514 τοῦτον
2861 5460 3048 5531 ἀδεῶς,
3103 5461 3379 5514 ἀπέλυσαν
3443 5461 3750 5527 ἀναχώννυ-

2185 5535 2330 5588 σθαι.
2379 5529 2522 5587 Bilis.
2553 5534 2602 5586 in
2637 5534 2823 5588 medii.
2856 5531 2978 5585 Jur.
3007 5529 3101 5585 Cr.
3135 5532 3288 5585 Rom.
3323 5534 3360 5585 l.
3395 5546 3490 5593 vn,
3537 5546 3588 5598 p.
3620 5531 3746 5584 464.

2181 5605 2399 5658 Citatur
2430 5605 2593 5657 etiam
2624 5617 2653 5655 a
2687 5603 2957 5656 Demetrio
2997 5601 3359 5656 Chomatiano
3381 5603 3434 5654 in
3456 5616 3744 5669 responso.

2176 5675 2310 5729 ibid.
2347 5685 2485 5743 past.
2517 5673 2643 5743 4172,
2676 5687 2904 5743 necnon,
2939 5687 2968 5726 a
3001 5670 3276 5727 Demetrio
3325 5671 3569 5743 syncello
3627 5686 3745 5724 me-

2168 5740 2506 5874 mbpol’itano
2556 5742 2826 5814 Cyziceno
2893 5742 2948 5797 in
3017 5740 3414 5800 declamatione
3475 5740 3552 5795 ib.
3613 5755 3740 5812 pag.
