  <div class='ocr_page' id='page_1' title='image "/cluster/home/n/w/nwhite01/storage/ocr_20150623/137:no.1/coo.31924054870427/360.png"; bbox 0 0 4074 6390; ppageno 0'>
   <div class='ocr_carea' id='block_1_1' title="bbox 360 302 474 368">
    <p class='ocr_par' dir='ltr' id='par_1_1' title="bbox 360 302 474 368">
     <span class='ocr_line' id='line_1_1' title="bbox 360 302 474 368; baseline -0.009 -1"><span class='ocrx_word' id='word_1_1' title='bbox 360 302 474 368; x_wconf 84' lang='grc'><strong>705</strong></span> 
     </span>
    </p>
   </div>
   <div class='ocr_carea' id='block_1_2' title="bbox 1384 303 2563 385">
    <p class='ocr_par' dir='ltr' id='par_1_2' title="bbox 1384 303 2563 385">
     <span class='ocr_line' id='line_1_2' title="bbox 1384 303 2563 385; baseline 0.001 -22"><span class='ocrx_word' id='word_1_2' title='bbox 1384 303 1463 365; x_wconf 83' lang='grc' dir='ltr'><strong>ΙΝ</strong></span> <span class='ocrx_word' id='word_1_3' title='bbox 1505 305 1664 385; x_wconf 84' lang='lat' dir='ltr'><strong>CAN.</strong></span> <span class='ocrx_word' id='word_1_4' title='bbox 1712 304 1835 365; x_wconf 87' lang='lat' dir='ltr'><strong>LIV</strong></span> <span class='ocrx_word' id='word_1_5' title='bbox 1864 304 2079 368; x_wconf 90' lang='lat' dir='ltr'><strong>CONC.</strong></span> <span class='ocrx_word' id='word_1_6' title='bbox 2122 305 2204 365; x_wconf 83' lang='lat' dir='ltr'><strong>IN</strong></span> <span class='ocrx_word' id='word_1_7' title='bbox 2245 304 2563 365; x_wconf 82' lang='lat' dir='ltr'><strong>TRULLO.</strong></span> 
     </span>
    </p>
   </div>
   <div class='ocr_carea' id='block_1_3' title="bbox 3452 300 3594 368">
    <p class='ocr_par' dir='ltr' id='par_1_3' title="bbox 3452 300 3594 368">
     <span class='ocr_line' id='line_1_3' title="bbox 3452 300 3594 368; baseline 0.014 -3"><span class='ocrx_word' id='word_1_8' title='bbox 3452 340 3465 349; x_wconf 89' lang='lat'><strong><em>-</em></strong></span> <span class='ocrx_word' id='word_1_9' title='bbox 3488 300 3594 368; x_wconf 84' lang='lat'><strong>706</strong></span> 
     </span>
    </p>
   </div>
   <div class='ocr_carea' id='block_1_4' title="bbox 441 416 1934 493">
    <p class='ocr_par' dir='ltr' id='par_1_4' title="bbox 441 416 1929 490">
     <span class='ocr_line' id='line_1_4' title="bbox 441 416 1929 490; baseline 0.003 -21"><span class='ocrx_word' id='word_1_10' title='bbox 441 432 463 469; x_wconf 75' lang='grc' dir='ltr'><strong>ι</strong></span> <span class='ocrx_word' id='word_1_11' title='bbox 505 416 596 469; x_wconf 82' lang='grc' dir='ltr'>καὶ</span> <span class='ocrx_word' id='word_1_12' title='bbox 620 416 699 489; x_wconf 83' lang='grc' dir='ltr'>τῷ</span> <span class='ocrx_word' id='word_1_13' title='bbox 745 417 1096 489; x_wconf 83' lang='grc' dir='ltr'>ἀδιαγνὼστῳ</span> <span class='ocrx_word' id='word_1_14' title='bbox 1135 419 1231 489; x_wconf 80' lang='grc' dir='ltr'>τῆς</span> <span class='ocrx_word' id='word_1_15' title='bbox 1257 417 1364 470; x_wconf 82' lang='grc' dir='ltr'>τῶν</span> <span class='ocrx_word' id='word_1_16' title='bbox 1420 420 1673 490; x_wconf 79' lang='grc' dir='ltr'><strong>ἀθέσμων</strong></span> <span class='ocrx_word' id='word_1_17' title='bbox 1734 420 1929 489; x_wconf 83' lang='grc' dir='ltr'>γάμων</span> 
     </span>
    </p>
   </div>
   <div class='ocr_carea' id='block_1_5' title="bbox 2034 416 3592 493">
    <p class='ocr_par' dir='ltr' id='par_1_5' title="bbox 2104 420 3592 493">
     <span class='ocr_line' id='line_1_5' title="bbox 2104 420 3592 493; baseline 0.003 -22"><span class='ocrx_word' id='word_1_18' title='bbox 2104 440 2122 471; x_wconf 81' lang='grc' dir='ltr'><strong><em>σ</em></strong></span> <span class='ocrx_word' id='word_1_19' title='bbox 2173 431 2351 477; x_wconf 89' lang='lat' dir='ltr'><strong>tarum</strong></span> <span class='ocrx_word' id='word_1_20' title='bbox 2398 425 2711 493; x_wconf 75' lang='lat' dir='ltr'><strong>nuptiarum</strong></span> <span class='ocrx_word' id='word_1_21' title='bbox 2759 422 3073 492; x_wconf 78' lang='lat' dir='ltr'><strong>prohibitio,</strong></span> <span class='ocrx_word' id='word_1_22' title='bbox 3116 420 3352 490; x_wconf 85' lang='lat' dir='ltr'><strong>seipsam</strong></span> <span class='ocrx_word' id='word_1_23' title='bbox 3398 428 3592 475; x_wconf 81' lang='lat' dir='ltr'><strong>natura</strong></span> 
     </span>
    </p>
   </div>
   <div class='ocr_carea' id='block_1_6' title="bbox 441 510 1924 583">
    <p class='ocr_par' dir='ltr' id='par_1_6' title="bbox 441 510 1924 583">
     <span class='ocr_line' id='line_1_6' title="bbox 441 510 1924 583; baseline 0.002 -21"><span class='ocrx_word' id='word_1_24' title='bbox 441 526 463 562; x_wconf 72' lang='grc' dir='ltr'>ι</span> <span class='ocrx_word' id='word_1_25' title='bbox 507 510 930 580; x_wconf 78' lang='grc' dir='ltr'><strong>ἀπαγορεύσεως</strong></span> <span class='ocrx_word' id='word_1_26' title='bbox 961 511 1157 581; x_wconf 79' lang='grc' dir='ltr'>ἑαυτὴν</span> <span class='ocrx_word' id='word_1_27' title='bbox 1202 514 1235 582; x_wconf 89' lang='grc' dir='ltr'><strong>ή</strong></span> <span class='ocrx_word' id='word_1_28' title='bbox 1274 512 1434 583; x_wconf 81' lang='grc' dir='ltr'><strong>φύσις</strong></span> <span class='ocrx_word' id='word_1_29' title='bbox 1468 512 1710 581; x_wconf 79' lang='grc' dir='ltr'><strong>συνέχεε,</strong></span> <span class='ocrx_word' id='word_1_30' title='bbox 1746 512 1924 566; x_wconf 85' lang='grc' dir='ltr'>συνεί-</span> 
     </span>
    </p>
   </div>
   <div class='ocr_carea' id='block_1_7' title="bbox 440 600 1927 674">
    <p class='ocr_par' dir='ltr' id='par_1_7' title="bbox 440 600 1927 674">
     <span class='ocr_line' id='line_1_7' title="bbox 440 600 1927 674; baseline 0.002 -22"><span class='ocrx_word' id='word_1_31' title='bbox 440 617 461 652; x_wconf 74' lang='grc'><strong>(</strong></span> <span class='ocrx_word' id='word_1_32' title='bbox 508 600 671 670; x_wconf 88' lang='grc' dir='ltr'>δομεν</span> <span class='ocrx_word' id='word_1_33' title='bbox 728 602 1063 673; x_wconf 85' lang='grc' dir='ltr'>γυμνότερον</span> <span class='ocrx_word' id='word_1_34' title='bbox 1116 604 1186 657; x_wconf 89' lang='grc' dir='ltr'><strong>τά</strong></span> <span class='ocrx_word' id='word_1_35' title='bbox 1245 604 1373 674; x_wconf 74' lang='grc' dir='ltr'>περὶ</span> <span class='ocrx_word' id='word_1_36' title='bbox 1394 603 1586 656; x_wconf 90' lang='grc' dir='ltr'>τούτου</span> <span class='ocrx_word' id='word_1_37' title='bbox 1647 603 1927 668; x_wconf 75' lang='grc' dir='ltr'><strong>ἐκθέσθαι,</strong></span> 
     </span>
    </p>
   </div>
   <div class='ocr_carea' id='block_1_8' title="bbox 440 692 1928 769">
    <p class='ocr_par' dir='ltr' id='par_1_8' title="bbox 440 692 1928 769">
     <span class='ocr_line' id='line_1_8' title="bbox 440 692 1928 769; baseline 0.003 -26"><span class='ocrx_word' id='word_1_38' title='bbox 440 711 458 742; x_wconf 77' lang='grc' dir='ltr'><strong>ι</strong></span> <span class='ocrx_word' id='word_1_39' title='bbox 507 692 785 761; x_wconf 75' lang='grc' dir='ltr'><strong>ὁρίζοντες</strong></span> <span class='ocrx_word' id='word_1_40' title='bbox 813 692 922 747; x_wconf 76' lang='grc' dir='ltr'><strong>ἀπὸ</strong></span> <span class='ocrx_word' id='word_1_41' title='bbox 947 693 1039 747; x_wconf 79' lang='grc' dir='ltr'>τοῦ</span> <span class='ocrx_word' id='word_1_42' title='bbox 1084 693 1177 747; x_wconf 80' lang='grc' dir='ltr'>νῦν</span> <span class='ocrx_word' id='word_1_43' title='bbox 1224 694 1316 748; x_wconf 80' lang='grc' dir='ltr'><strong>τὸν</strong></span> <span class='ocrx_word' id='word_1_44' title='bbox 1341 697 1404 764; x_wconf 83' lang='grc' dir='ltr'>τῇ</span> <span class='ocrx_word' id='word_1_45' title='bbox 1445 694 1621 769; x_wconf 81' lang='grc' dir='ltr'>οἰκείᾳ</span> <span class='ocrx_word' id='word_1_46' title='bbox 1659 694 1928 767; x_wconf 77' lang='grc' dir='ltr'>ἐξαδέλφῃ</span> 
     </span>
    </p>
   </div>
   <div class='ocr_carea' id='block_1_9' title="bbox 441 784 1931 859">
    <p class='ocr_par' dir='ltr' id='par_1_9' title="bbox 441 784 1931 859">
     <span class='ocr_line' id='line_1_9' title="bbox 441 784 1931 859; baseline 0.004 -24"><span class='ocrx_word' id='word_1_47' title='bbox 441 802 461 835; x_wconf 74' lang='grc' dir='ltr'><strong>ι</strong></span> <span class='ocrx_word' id='word_1_48' title='bbox 509 784 645 850; x_wconf 81' lang='grc' dir='ltr'>πρὸς</span> <span class='ocrx_word' id='word_1_49' title='bbox 669 785 846 853; x_wconf 85' lang='grc' dir='ltr'>γάμου</span> <span class='ocrx_word' id='word_1_50' title='bbox 883 786 1169 838; x_wconf 79' lang='grc' dir='ltr'>κοινωνίαν</span> <span class='ocrx_word' id='word_1_51' title='bbox 1202 787 1605 856; x_wconf 81' lang='grc' dir='ltr'>συναπτόμενον</span> <span class='ocrx_word' id='word_1_52' title='bbox 1633 788 1687 859; x_wconf 80' lang='grc' dir='ltr'>(ἢ</span> <span class='ocrx_word' id='word_1_53' title='bbox 1719 789 1931 857; x_wconf 84' lang='grc' dir='ltr'>πατέρα</span> 
     </span>
    </p>
   </div>
   <div class='ocr_carea' id='block_1_10' title="bbox 438 876 1933 948">
    <p class='ocr_par' dir='ltr' id='par_1_10' title="bbox 438 876 1933 948">
     <span class='ocr_line' id='line_1_10' title="bbox 438 876 1933 948; baseline 0.004 -21"><span class='ocrx_word' id='word_1_54' title='bbox 438 895 457 927; x_wconf 78' lang='grc' dir='ltr'><strong>ι</strong></span> <span class='ocrx_word' id='word_1_55' title='bbox 501 879 593 928; x_wconf 75' lang='grc' dir='ltr'>καὶ</span> <span class='ocrx_word' id='word_1_56' title='bbox 617 878 726 928; x_wconf 62' lang='grc' dir='ltr'>υἱὸν</span> <span class='ocrx_word' id='word_1_57' title='bbox 750 876 943 947; x_wconf 81' lang='grc' dir='ltr'><strong>μητέρι</strong></span> <span class='ocrx_word' id='word_1_58' title='bbox 963 879 1056 930; x_wconf 73' lang='grc' dir='ltr'>καὶ</span> <span class='ocrx_word' id='word_1_59' title='bbox 1080 876 1329 948; x_wconf 74' lang='grc' dir='ltr'>θυγατρὶ,</span> <span class='ocrx_word' id='word_1_60' title='bbox 1360 878 1390 948; x_wconf 82' lang='grc' dir='ltr'>ἢ</span> <span class='ocrx_word' id='word_1_61' title='bbox 1415 879 1533 931; x_wconf 78' lang='grc' dir='ltr'>δυσὶ</span> <span class='ocrx_word' id='word_1_62' title='bbox 1565 880 1754 948; x_wconf 83' lang='grc' dir='ltr'><strong>κόραις</strong></span> <span class='ocrx_word' id='word_1_63' title='bbox 1781 880 1933 933; x_wconf 82' lang='grc' dir='ltr'>ἀδελ·</span> 
     </span>
    </p>
   </div>
   <div class='ocr_carea' id='block_1_11' title="bbox 439 969 1933 1043">
    <p class='ocr_par' dir='ltr' id='par_1_11' title="bbox 439 969 1933 1043">
     <span class='ocr_line' id='line_1_11' title="bbox 439 969 1933 1043; baseline 0.005 -25"><span class='ocrx_word' id='word_1_64' title='bbox 439 986 457 1018; x_wconf 80' lang='grc' dir='ltr'><strong>ι</strong></span> <span class='ocrx_word' id='word_1_65' title='bbox 500 970 625 1036; x_wconf 83' lang='grc' dir='ltr'>φαίς</span> <span class='ocrx_word' id='word_1_66' title='bbox 651 969 862 1039; x_wconf 83' lang='grc' dir='ltr'>πατέρα</span> <span class='ocrx_word' id='word_1_67' title='bbox 898 970 999 1023; x_wconf 74' lang='grc' dir='ltr'><strong>καὶ</strong></span> <span class='ocrx_word' id='word_1_68' title='bbox 1030 972 1165 1034; x_wconf 78' lang='grc' dir='ltr'>υἱὸν,</span> <span class='ocrx_word' id='word_1_69' title='bbox 1224 972 1258 1042; x_wconf 77' lang='grc' dir='ltr'>ἢ</span> <span class='ocrx_word' id='word_1_70' title='bbox 1284 971 1529 1040; x_wconf 80' lang='grc' dir='ltr'>ἀδελφοῖς</span> <span class='ocrx_word' id='word_1_71' title='bbox 1572 973 1693 1025; x_wconf 74' lang='grc' dir='ltr'>δυσὶ</span> <span class='ocrx_word' id='word_1_72' title='bbox 1720 972 1933 1043; x_wconf 81' lang='grc' dir='ltr'>μητέρα</span> 
     </span>
    </p>
   </div>
   <div class='ocr_carea' id='block_1_12' title="bbox 441 1056 1931 1132">
    <p class='ocr_par' dir='ltr' id='par_1_12' title="bbox 441 1056 1931 1132">
     <span class='ocr_line' id='line_1_12' title="bbox 441 1056 1931 1132; baseline 0.007 -26"><span class='ocrx_word' id='word_1_73' title='bbox 441 1075 458 1106; x_wconf 81' lang='grc' dir='ltr'><strong>ι</strong></span> <span class='ocrx_word' id='word_1_74' title='bbox 502 1057 597 1109; x_wconf 73' lang='grc' dir='ltr'><strong>καὶ</strong></span> <span class='ocrx_word' id='word_1_75' title='bbox 650 1056 944 1126; x_wconf 77' lang='grc' dir='ltr'>θυγατέρα,</span> <span class='ocrx_word' id='word_1_76' title='bbox 974 1059 1006 1128; x_wconf 83' lang='grc' dir='ltr'>ἢ</span> <span class='ocrx_word' id='word_1_77' title='bbox 1036 1058 1298 1128; x_wconf 77' lang='grc' dir='ltr'>ἀδελφοὺς</span> <span class='ocrx_word' id='word_1_78' title='bbox 1337 1061 1429 1113; x_wconf 90' lang='grc' dir='ltr'><strong>δύο</strong></span> <span class='ocrx_word' id='word_1_79' title='bbox 1452 1061 1600 1114; x_wconf 74' lang='grc' dir='ltr'>δυσὶν</span> <span class='ocrx_word' id='word_1_80' title='bbox 1652 1062 1931 1132; x_wconf 73' lang='grc' dir='ltr'>ἀδελφαῖς)</span> 
     </span>
    </p>
   </div>
   <div class='ocr_carea' id='block_1_13' title="bbox 439 1142 1931 1220">
    <p class='ocr_par' dir='ltr' id='par_1_13' title="bbox 439 1142 1931 1220">
     <span class='ocr_line' id='line_1_13' title="bbox 439 1142 1931 1220; baseline 0.009 -27"><span class='ocrx_word' id='word_1_81' title='bbox 439 1161 457 1193; x_wconf 77' lang='grc' dir='ltr'><strong>ι</strong></span> <span class='ocrx_word' id='word_1_82' title='bbox 502 1142 605 1195; x_wconf 80' lang='grc' dir='ltr'><strong>ὑπὸ</strong></span> <span class='ocrx_word' id='word_1_83' title='bbox 634 1144 726 1197; x_wconf 72' lang='grc' dir='ltr'>τὸν</span> <span class='ocrx_word' id='word_1_84' title='bbox 749 1144 848 1214; x_wconf 85' lang='grc' dir='ltr'>τῆς</span> <span class='ocrx_word' id='word_1_85' title='bbox 876 1148 1165 1211; x_wconf 83' lang='grc' dir='ltr'>ἑπταετίας</span> <span class='ocrx_word' id='word_1_86' title='bbox 1197 1149 1416 1203; x_wconf 79' lang='grc' dir='ltr'>πίπτειν</span> <span class='ocrx_word' id='word_1_87' title='bbox 1446 1151 1664 1216; x_wconf 80' lang='grc' dir='ltr'>κανόνα,</span> <span class='ocrx_word' id='word_1_88' title='bbox 1696 1154 1931 1220; x_wconf 80' lang='grc' dir='ltr'>ἀφιστα·</span> 
     </span>
    </p>
   </div>
   <div class='ocr_carea' id='block_1_14' title="bbox 442 1235 1932 1314">
    <p class='ocr_par' dir='ltr' id='par_1_14' title="bbox 442 1235 1932 1314">
     <span class='ocr_line' id='line_1_14' title="bbox 442 1235 1932 1314; baseline 0.01 -30"><span class='ocrx_word' id='word_1_89' title='bbox 442 1251 461 1284; x_wconf 75' lang='grc' dir='ltr'><strong>ι</strong></span> <span class='ocrx_word' id='word_1_90' title='bbox 509 1235 686 1303; x_wconf 86' lang='grc' dir='ltr'>μένων</span> <span class='ocrx_word' id='word_1_91' title='bbox 715 1236 893 1290; x_wconf 78' lang='grc' dir='ltr'>αὐτῶν</span> <span class='ocrx_word' id='word_1_92' title='bbox 919 1240 1198 1310; x_wconf 81' lang='grc' dir='ltr'>προδήλως</span> <span class='ocrx_word' id='word_1_93' title='bbox 1225 1240 1316 1297; x_wconf 78' lang='grc' dir='ltr'>τοῦ</span> <span class='ocrx_word' id='word_1_94' title='bbox 1343 1243 1658 1314; x_wconf 84' lang='grc' dir='ltr'>παρανόμου</span> <span class='ocrx_word' id='word_1_95' title='bbox 1683 1250 1932 1299; x_wconf 63' lang='grc' dir='ltr'>συνοικεη</span> 
     </span>
    </p>
   </div>
   <div class='ocr_carea' id='block_1_15' title="bbox 441 1326 678 1383">
    <p class='ocr_par' dir='ltr' id='par_1_15' title="bbox 441 1326 678 1383">
     <span class='ocr_line' id='line_1_15' title="bbox 441 1326 678 1383; baseline 0.008 -7"><span class='ocrx_word' id='word_1_96' title='bbox 441 1342 462 1376; x_wconf 72' lang='grc' dir='ltr'><strong>ι</strong></span> <span class='ocrx_word' id='word_1_97' title='bbox 506 1326 678 1383; x_wconf 77' lang='grc' dir='ltr'>σίου.»</span> 
     </span>
    </p>
   </div>
   <div class='ocr_carea' id='block_1_16' title="bbox 438 1416 1934 1492">
    <p class='ocr_par' dir='ltr' id='par_1_16' title="bbox 438 1416 1934 1492">
     <span class='ocr_line' id='line_1_16' title="bbox 438 1416 1934 1492; baseline 0.006 -26"><span class='ocrx_word' id='word_1_98' title='bbox 438 1416 634 1471; x_wconf 76' lang='grc' dir='ltr'><strong>ΒΑΛΣ.</strong></span> <span class='ocrx_word' id='word_1_99' title='bbox 662 1416 841 1483; x_wconf 82' lang='grc' dir='ltr'>Τινὲς,</span> <span class='ocrx_word' id='word_1_100' title='bbox 875 1417 953 1489; x_wconf 83' lang='grc' dir='ltr'>τῷ</span> <span class='ocrx_word' id='word_1_101' title='bbox 1012 1425 1111 1483; x_wconf 83' lang='grc' dir='ltr'>πς¹</span> <span class='ocrx_word' id='word_1_102' title='bbox 1145 1417 1333 1473; x_wconf 86' lang='grc' dir='ltr'>κανόνι</span> <span class='ocrx_word' id='word_1_103' title='bbox 1373 1419 1467 1473; x_wconf 78' lang='grc' dir='ltr'>τοῦ</span> <span class='ocrx_word' id='word_1_104' title='bbox 1500 1420 1736 1492; x_wconf 77' lang='grc' dir='ltr'>μεγάλὀυ</span> <span class='ocrx_word' id='word_1_105' title='bbox 1770 1420 1934 1475; x_wconf 89' lang='grc' dir='ltr'>Βασι-</span> 
     </span>
    </p>
   </div>
   <div class='ocr_carea' id='block_1_17' title="bbox 366 1507 1934 1585">
    <p class='ocr_par' dir='ltr' id='par_1_17' title="bbox 366 1507 1934 1585">
     <span class='ocr_line' id='line_1_17' title="bbox 366 1507 1934 1585; baseline 0.004 -27"><span class='ocrx_word' id='word_1_106' title='bbox 366 1507 514 1562; x_wconf 88' lang='grc' dir='ltr'>λείου</span> <span class='ocrx_word' id='word_1_107' title='bbox 541 1509 839 1578; x_wconf 83' lang='grc' dir='ltr'>χρώμενοι,</span> <span class='ocrx_word' id='word_1_108' title='bbox 866 1511 1267 1581; x_wconf 80' lang='grc' dir='ltr'>ἀπαριθμοῦντι</span> <span class='ocrx_word' id='word_1_109' title='bbox 1291 1513 1499 1582; x_wconf 83' lang='grc' dir='ltr'>γάμους</span> <span class='ocrx_word' id='word_1_110' title='bbox 1521 1514 1934 1585; x_wconf 85' lang='grc' dir='ltr'>κεκωλυμένους</span> 
     </span>
    </p>
   </div>
   <div class='ocr_carea' id='block_1_18' title="bbox 365 1599 1933 1677">
    <p class='ocr_par' dir='ltr' id='par_1_18' title="bbox 365 1599 1933 1677">
     <span class='ocr_line' id='line_1_18' title="bbox 365 1599 1933 1677; baseline 0.006 -26"><span class='ocrx_word' id='word_1_111' title='bbox 365 1599 454 1652; x_wconf 76' lang='grc' dir='ltr'>διὰ</span> <span class='ocrx_word' id='word_1_112' title='bbox 499 1600 845 1669; x_wconf 81' lang='grc' dir='ltr'>συγγένειαν,</span> <span class='ocrx_word' id='word_1_113' title='bbox 885 1602 1071 1672; x_wconf 78' lang='grc' dir='ltr'>ἔλεγον</span> <span class='ocrx_word' id='word_1_114' title='bbox 1098 1607 1305 1667; x_wconf 85' lang='grc' dir='ltr'>πάντας</span> <span class='ocrx_word' id='word_1_115' title='bbox 1340 1604 1467 1668; x_wconf 79' lang='grc' dir='ltr'>τοὺς</span> <span class='ocrx_word' id='word_1_116' title='bbox 1510 1604 1662 1677; x_wconf 82' lang='grc' dir='ltr'>παρὰ</span> <span class='ocrx_word' id='word_1_117' title='bbox 1708 1605 1933 1670; x_wconf 77' lang='grc' dir='ltr'>τούτους</span> 
     </span>
    </p>
   </div>
   <div class='ocr_carea' id='block_1_19' title="bbox 367 1691 1931 1770">
    <p class='ocr_par' dir='ltr' id='par_1_19' title="bbox 367 1691 1931 1770">
     <span class='ocr_line' id='line_1_19' title="bbox 367 1691 1931 1770; baseline 0.004 -24"><span class='ocrx_word' id='word_1_118' title='bbox 367 1693 679 1757; x_wconf 86' lang='grc' dir='ltr'>ἀκωλύτους</span> <span class='ocrx_word' id='word_1_119' title='bbox 730 1691 890 1749; x_wconf 78' lang='grc' dir='ltr'>εἶναι.</span> <span class='ocrx_word' id='word_1_120' title='bbox 938 1696 1109 1751; x_wconf 81' lang='grc' dir='ltr'>Τοῦτο</span> <span class='ocrx_word' id='word_1_121' title='bbox 1147 1693 1239 1752; x_wconf 80' lang='grc' dir='ltr'><strong>οὖν</strong></span> <span class='ocrx_word' id='word_1_122' title='bbox 1282 1698 1679 1770; x_wconf 82' lang='grc' dir='ltr'>ἀνατρέποντες</span> <span class='ocrx_word' id='word_1_123' title='bbox 1717 1701 1765 1753; x_wconf 82' lang='grc' dir='ltr'>οἱ</span> <span class='ocrx_word' id='word_1_124' title='bbox 1799 1699 1931 1753; x_wconf 90' lang='grc' dir='ltr'>θεῖοι</span> 
     </span>
    </p>
   </div>
   <div class='ocr_carea' id='block_1_20' title="bbox 2112 512 3597 582">
    <p class='ocr_par' dir='ltr' id='par_1_20' title="bbox 2112 512 3597 582">
     <span class='ocr_line' id='line_1_20' title="bbox 2112 512 3597 582; baseline 0.002 -19"><span class='ocrx_word' id='word_1_125' title='bbox 2112 531 2129 563; x_wconf 79' lang='grc' dir='ltr'><strong>ι</strong></span> <span class='ocrx_word' id='word_1_126' title='bbox 2172 512 2442 578; x_wconf 85' lang='lat' dir='ltr'><strong>confudit,</strong></span> <span class='ocrx_word' id='word_1_127' title='bbox 2467 513 2623 565; x_wconf 88' lang='lat' dir='ltr'><strong>nobis</strong></span> <span class='ocrx_word' id='word_1_128' title='bbox 2651 512 2825 566; x_wconf 88' lang='lat' dir='ltr'><strong>visum</strong></span> <span class='ocrx_word' id='word_1_129' title='bbox 2854 520 2938 567; x_wconf 91' lang='lat' dir='ltr'><strong>est</strong></span> <span class='ocrx_word' id='word_1_130' title='bbox 2964 528 3025 567; x_wconf 92' lang='lat' dir='ltr'><strong>ea</strong></span> <span class='ocrx_word' id='word_1_131' title='bbox 3048 513 3209 582; x_wconf 90' lang='lat' dir='ltr'><strong>paulo</strong></span> <span class='ocrx_word' id='word_1_132' title='bbox 3238 512 3480 581; x_wconf 73' lang='lat' dir='ltr'><strong>apertius</strong></span> <span class='ocrx_word' id='word_1_133' title='bbox 3504 525 3597 566; x_wconf 82' lang='lat' dir='ltr'><strong>ex-</strong></span> 
     </span>
    </p>
   </div>
   <div class='ocr_carea' id='block_1_21' title="bbox 2112 586 3595 672">
    <p class='ocr_par' dir='ltr' id='par_1_21' title="bbox 2112 586 3595 672">
     <span class='ocr_line' id='line_1_21' title="bbox 2112 586 3595 672; baseline -0.001 -17"><span class='ocrx_word' id='word_1_134' title='bbox 2112 621 2132 655; x_wconf 76' lang='grc' dir='ltr'><strong>ι</strong></span> <span class='ocrx_word' id='word_1_135' title='bbox 2178 618 2402 671; x_wconf 89' lang='lat' dir='ltr'><strong>ponere,</strong></span> <span class='ocrx_word' id='word_1_136' title='bbox 2432 586 2499 656; x_wconf 82' lang='lat' dir='ltr'><strong>ab</strong></span> <span class='ocrx_word' id='word_1_137' title='bbox 2532 602 2633 655; x_wconf 86' lang='lat' dir='ltr'><strong>hoc</strong></span> <span class='ocrx_word' id='word_1_138' title='bbox 2671 601 2929 670; x_wconf 78' lang='lat' dir='ltr'><strong>deinceps</strong></span> <span class='ocrx_word' id='word_1_139' title='bbox 2956 612 3198 672; x_wconf 88' lang='lat' dir='ltr'><strong>tempore</strong></span> <span class='ocrx_word' id='word_1_140' title='bbox 3230 602 3595 669; x_wconf 86' lang='lat' dir='ltr'><strong>decernendo,</strong></span> 
     </span>
    </p>
   </div>
   <div class='ocr_carea' id='block_1_22' title="bbox 2112 692 3613 765">
    <p class='ocr_par' dir='ltr' id='par_1_22' title="bbox 2112 692 3613 765">
     <span class='ocr_line' id='line_1_22' title="bbox 2112 692 3613 765; baseline -0.003 -18"><span class='ocrx_word' id='word_1_141' title='bbox 2112 712 2133 747; x_wconf 76' lang='grc' dir='ltr'><strong>ι</strong></span> <span class='ocrx_word' id='word_1_142' title='bbox 2174 704 2231 749; x_wconf 95' lang='lat' dir='ltr'><strong>ut</strong></span> <span class='ocrx_word' id='word_1_143' title='bbox 2259 695 2351 765; x_wconf 86' lang='lat' dir='ltr'><strong>qui</strong></span> <span class='ocrx_word' id='word_1_144' title='bbox 2381 708 2506 747; x_wconf 91' lang='lat' dir='ltr'><strong>cum</strong></span> <span class='ocrx_word' id='word_1_145' title='bbox 2549 692 2732 747; x_wconf 75' lang='lat' dir='ltr'><strong>fratris</strong></span> <span class='ocrx_word' id='word_1_146' title='bbox 2764 694 2847 746; x_wconf 91' lang='lat' dir='ltr'><strong>sui</strong></span> <span class='ocrx_word' id='word_1_147' title='bbox 2891 694 2998 746; x_wconf 87' lang='lat' dir='ltr'><strong>lilia</strong></span> <span class='ocrx_word' id='word_1_148' title='bbox 3048 694 3377 748; x_wconf 74' lang='lat' dir='ltr'><strong>matrimonii</strong></span> <span class='ocrx_word' id='word_1_149' title='bbox 3412 694 3613 749; x_wconf 88' lang='lat' dir='ltr'><strong>socie-.</strong></span> 
     </span>
    </p>
   </div>
   <div class='ocr_carea' id='block_1_23' title="bbox 2114 785 3590 857">
    <p class='ocr_par' dir='ltr' id='par_1_23' title="bbox 2114 785 3590 857">
     <span class='ocr_line' id='line_1_23' title="bbox 2114 785 3590 857; baseline 0.001 -18"><span class='ocrx_word' id='word_1_150' title='bbox 2114 804 2134 839; x_wconf 85' lang='grc' dir='ltr'><strong>ι</strong></span> <span class='ocrx_word' id='word_1_151' title='bbox 2175 794 2336 840; x_wconf 90' lang='lat' dir='ltr'><strong>tatem</strong></span> <span class='ocrx_word' id='word_1_152' title='bbox 2393 786 2602 851; x_wconf 87' lang='lat' dir='ltr'><strong>coierit,</strong></span> <span class='ocrx_word' id='word_1_153' title='bbox 2663 785 2768 856; x_wconf 89' lang='lat' dir='ltr'><strong>(vel</strong></span> <span class='ocrx_word' id='word_1_154' title='bbox 2822 794 2974 854; x_wconf 87' lang='lat' dir='ltr'><strong>pater</strong></span> <span class='ocrx_word' id='word_1_155' title='bbox 3020 794 3075 839; x_wconf 90' lang='lat' dir='ltr'><strong>et</strong></span> <span class='ocrx_word' id='word_1_156' title='bbox 3125 786 3299 854; x_wconf 84' lang='lat' dir='ltr'><strong>lilius,</strong></span> <span class='ocrx_word' id='word_1_157' title='bbox 3334 787 3426 857; x_wconf 86' lang='lat' dir='ltr'><strong>qui</strong></span> <span class='ocrx_word' id='word_1_158' title='bbox 3467 801 3590 841; x_wconf 91' lang='lat' dir='ltr'><strong>cum</strong></span> 
     </span>
    </p>
   </div>
   <div class='ocr_carea' id='block_1_24' title="bbox 2114 864 3595 945">
    <p class='ocr_par' dir='ltr' id='par_1_24' title="bbox 2114 864 3595 945">
     <span class='ocr_line' id='line_1_24' title="bbox 2114 864 3595 945; baseline 0 -14"><span class='ocrx_word' id='word_1_159' title='bbox 2114 895 2133 930; x_wconf 83' lang='grc' dir='ltr'><strong>ι</strong></span> <span class='ocrx_word' id='word_1_160' title='bbox 2175 888 2350 931; x_wconf 84' lang='lat' dir='ltr'><strong>matre</strong></span> <span class='ocrx_word' id='word_1_161' title='bbox 2378 886 2433 931; x_wconf 91' lang='lat' dir='ltr'><strong>et</strong></span> <span class='ocrx_word' id='word_1_162' title='bbox 2463 877 2594 941; x_wconf 82' lang='lat' dir='ltr'><strong>ﬁlia,</strong></span> <span class='ocrx_word' id='word_1_163' title='bbox 2624 877 2703 930; x_wconf 90' lang='lat' dir='ltr'><strong>vel</strong></span> <span class='ocrx_word' id='word_1_164' title='bbox 2745 891 2867 930; x_wconf 90' lang='lat' dir='ltr'><strong>cum</strong></span> <span class='ocrx_word' id='word_1_165' title='bbox 2908 876 3118 931; x_wconf 90' lang='lat' dir='ltr'><strong>duabus</strong></span> <span class='ocrx_word' id='word_1_166' title='bbox 3150 878 3343 945; x_wconf 77' lang='lat' dir='ltr'><strong>puellis</strong></span> <span class='ocrx_word' id='word_1_167' title='bbox 3394 864 3595 931; x_wconf 42' lang='lat' dir='ltr'><strong>sororis</strong></span> 
     </span>
    </p>
   </div>
   <div class='ocr_carea' id='block_1_25' title="bbox 2112 968 3594 1039">
    <p class='ocr_par' dir='ltr' id='par_1_25' title="bbox 2112 968 3594 1039">
     <span class='ocr_line' id='line_1_25' title="bbox 2112 968 3594 1039; baseline 0.001 -17"><span class='ocrx_word' id='word_1_168' title='bbox 2112 988 2130 1022; x_wconf 80' lang='grc' dir='ltr'><strong>ι</strong></span> <span class='ocrx_word' id='word_1_169' title='bbox 2177 968 2299 1035; x_wconf 88' lang='lat' dir='ltr'><strong>bus,</strong></span> <span class='ocrx_word' id='word_1_170' title='bbox 2335 978 2488 1039; x_wconf 89' lang='lat' dir='ltr'><strong>pater</strong></span> <span class='ocrx_word' id='word_1_171' title='bbox 2514 977 2567 1022; x_wconf 89' lang='lat' dir='ltr'><strong>et</strong></span> <span class='ocrx_word' id='word_1_172' title='bbox 2606 968 2769 1029; x_wconf 84' lang='lat' dir='ltr'><strong>ﬁlius,</strong></span> <span class='ocrx_word' id='word_1_173' title='bbox 2807 970 2888 1023; x_wconf 87' lang='lat' dir='ltr'><strong>vel</strong></span> <span class='ocrx_word' id='word_1_174' title='bbox 2914 984 3036 1022; x_wconf 91' lang='lat' dir='ltr'><strong>cum</strong></span> <span class='ocrx_word' id='word_1_175' title='bbox 3061 968 3274 1024; x_wconf 91' lang='lat' dir='ltr'><strong>duobus</strong></span> <span class='ocrx_word' id='word_1_176' title='bbox 3307 968 3594 1037; x_wconf 81' lang='lat' dir='ltr'><strong>fratribus,</strong></span> 
     </span>
    </p>
   </div>
   <div class='ocr_carea' id='block_1_26' title="bbox 2108 1059 3597 1127">
    <p class='ocr_par' dir='ltr' id='par_1_26' title="bbox 2108 1059 3597 1127">
     <span class='ocr_line' id='line_1_26' title="bbox 2108 1059 3597 1127; baseline 0.001 -14"><span class='ocrx_word' id='word_1_177' title='bbox 2108 1079 2133 1113; x_wconf 71' lang='grc' dir='ltr'><strong>ι</strong></span> <span class='ocrx_word' id='word_1_178' title='bbox 2180 1071 2354 1115; x_wconf 84' lang='lat' dir='ltr'><strong>mater</strong></span> <span class='ocrx_word' id='word_1_179' title='bbox 2385 1070 2439 1117; x_wconf 92' lang='lat' dir='ltr'><strong>et</strong></span> <span class='ocrx_word' id='word_1_180' title='bbox 2469 1062 2599 1127; x_wconf 82' lang='lat' dir='ltr'><strong>filia,</strong></span> <span class='ocrx_word' id='word_1_181' title='bbox 2634 1060 2717 1115; x_wconf 88' lang='lat' dir='ltr'><strong>vel</strong></span> <span class='ocrx_word' id='word_1_182' title='bbox 2750 1059 2944 1115; x_wconf 76' lang='lat' dir='ltr'><strong>fratres</strong></span> <span class='ocrx_word' id='word_1_183' title='bbox 2979 1060 3085 1113; x_wconf 92' lang='lat' dir='ltr'><strong>duo</strong></span> <span class='ocrx_word' id='word_1_184' title='bbox 3112 1076 3234 1114; x_wconf 90' lang='lat' dir='ltr'><strong>cum</strong></span> <span class='ocrx_word' id='word_1_185' title='bbox 3269 1061 3482 1116; x_wconf 89' lang='lat' dir='ltr'><strong>duabus</strong></span> <span class='ocrx_word' id='word_1_186' title='bbox 3506 1077 3597 1117; x_wconf 81' lang='lat' dir='ltr'><strong>so-</strong></span> 
     </span>
    </p>
   </div>
   <div class='ocr_carea' id='block_1_27' title="bbox 2115 1154 3598 1226">
    <p class='ocr_par' dir='ltr' id='par_1_27' title="bbox 2115 1154 3598 1226">
     <span class='ocr_line' id='line_1_27' title="bbox 2115 1154 3598 1226; baseline 0.001 -17"><span class='ocrx_word' id='word_1_187' title='bbox 2115 1174 2134 1209; x_wconf 81' lang='grc' dir='ltr'><strong>ι</strong></span> <span class='ocrx_word' id='word_1_188' title='bbox 2171 1155 2407 1226; x_wconf 86' lang='lat' dir='ltr'><strong>roribus)</strong></span> <span class='ocrx_word' id='word_1_189' title='bbox 2461 1156 2514 1209; x_wconf 90' lang='lat' dir='ltr'><strong>in</strong></span> <span class='ocrx_word' id='word_1_190' title='bbox 2564 1156 2828 1224; x_wconf 90' lang='lat' dir='ltr'><strong>septennii</strong></span> <span class='ocrx_word' id='word_1_191' title='bbox 2889 1169 3153 1208; x_wconf 90' lang='lat' dir='ltr'><strong>cauonem</strong></span> <span class='ocrx_word' id='word_1_192' title='bbox 3198 1154 3466 1219; x_wconf 87' lang='lat' dir='ltr'><strong>incidant,</strong></span> <span class='ocrx_word' id='word_1_193' title='bbox 3526 1154 3598 1211; x_wconf 87' lang='lat' dir='ltr'><strong>iis</strong></span> 
     </span>
    </p>
   </div>
   <div class='ocr_carea' id='block_1_28' title="bbox 2115 1244 3412 1317">
    <p class='ocr_par' dir='ltr' id='par_1_28' title="bbox 2115 1244 3412 1317">
     <span class='ocr_line' id='line_1_28' title="bbox 2115 1244 3412 1317; baseline -0.001 -17"><span class='ocrx_word' id='word_1_194' title='bbox 2115 1266 2134 1300; x_wconf 75' lang='grc' dir='ltr'><strong>ι</strong></span> <span class='ocrx_word' id='word_1_195' title='bbox 2176 1254 2361 1317; x_wconf 89' lang='lat' dir='ltr'><strong>aperte</strong></span> <span class='ocrx_word' id='word_1_196' title='bbox 2390 1246 2658 1317; x_wconf 86' lang='lat' dir='ltr'><strong>separatis</strong></span> <span class='ocrx_word' id='word_1_197' title='bbox 2682 1261 2711 1300; x_wconf 89' lang='lat' dir='ltr'><strong>a</strong></span> <span class='ocrx_word' id='word_1_198' title='bbox 2743 1244 2951 1302; x_wconf 89' lang='lat' dir='ltr'><strong>nefario</strong></span> <span class='ocrx_word' id='word_1_199' title='bbox 2980 1247 3361 1303; x_wconf 88' lang='lat' dir='ltr'><strong>contubernio.</strong></span> <span class='ocrx_word' id='word_1_200' title='bbox 3392 1266 3412 1299; x_wconf 75' lang='grc' dir='ltr'><strong>ι</strong></span> 
     </span>
    </p>
   </div>
   <div class='ocr_carea' id='block_1_29' title="bbox 2106 1423 3599 1504">
    <p class='ocr_par' dir='ltr' id='par_1_29' title="bbox 2106 1423 3599 1504">
     <span class='ocr_line' id='line_1_29' title="bbox 2106 1423 3599 1504; baseline 0.003 -25"><span class='ocrx_word' id='word_1_201' title='bbox 2106 1423 2571 1504; x_wconf 62' lang='grc' dir='ltr'>ΒΑι8.Ωυῐάαω</span> <span class='ocrx_word' id='word_1_202' title='bbox 2618 1423 2686 1479; x_wconf 89' lang='grc'>86</span> <span class='ocrx_word' id='word_1_203' title='bbox 2723 1425 2906 1493; x_wconf 87' lang='lat' dir='ltr'><strong>magni</strong></span> <span class='ocrx_word' id='word_1_204' title='bbox 2948 1424 3134 1481; x_wconf 83' lang='lat' dir='ltr'><strong>Basilii</strong></span> <span class='ocrx_word' id='word_1_205' title='bbox 3181 1440 3391 1481; x_wconf 85' lang='lat' dir='ltr'><strong>canone</strong></span> <span class='ocrx_word' id='word_1_206' title='bbox 3438 1437 3599 1484; x_wconf 87' lang='lat' dir='ltr'><strong>uten-</strong></span> 
     </span>
    </p>
   </div>
   <div class='ocr_carea' id='block_1_30' title="bbox 2038 1517 3597 1588">
    <p class='ocr_par' dir='ltr' id='par_1_30' title="bbox 2038 1517 3597 1588">
     <span class='ocr_line' id='line_1_30' title="bbox 2038 1517 3597 1588; baseline 0.001 -15"><span class='ocrx_word' id='word_1_207' title='bbox 2038 1523 2143 1583; x_wconf 89' lang='lat' dir='ltr'><strong>tes,</strong></span> <span class='ocrx_word' id='word_1_208' title='bbox 2183 1518 2276 1588; x_wconf 90' lang='lat' dir='ltr'><strong>qui</strong></span> <span class='ocrx_word' id='word_1_209' title='bbox 2305 1517 2524 1586; x_wconf 83' lang='lat' dir='ltr'><strong>nuptias</strong></span> <span class='ocrx_word' id='word_1_210' title='bbox 2554 1524 2779 1588; x_wconf 87' lang='lat' dir='ltr'><strong>propter</strong></span> <span class='ocrx_word' id='word_1_211' title='bbox 2819 1519 3197 1587; x_wconf 83' lang='lat' dir='ltr'><strong>cognationem</strong></span> <span class='ocrx_word' id='word_1_212' title='bbox 3239 1521 3433 1575; x_wconf 87' lang='lat' dir='ltr'><strong>vetitas</strong></span> <span class='ocrx_word' id='word_1_213' title='bbox 3457 1536 3597 1576; x_wconf 89' lang='lat' dir='ltr'><strong>enu-</strong></span> 
     </span>
    </p>
   </div>
   <div class='ocr_carea' id='block_1_31' title="bbox 2039 1605 3596 1676">
    <p class='ocr_par' dir='ltr' id='par_1_31' title="bbox 2039 1605 3596 1676">
     <span class='ocr_line' id='line_1_31' title="bbox 2039 1605 3596 1676; baseline 0.001 -14"><span class='ocrx_word' id='word_1_214' title='bbox 2039 1615 2234 1672; x_wconf 91' lang='lat' dir='ltr'><strong>merat,</strong></span> <span class='ocrx_word' id='word_1_215' title='bbox 2268 1607 2523 1663; x_wconf 85' lang='lat' dir='ltr'><strong>dicebant</strong></span> <span class='ocrx_word' id='word_1_216' title='bbox 2545 1620 2738 1661; x_wconf 92' lang='lat' dir='ltr'><strong>omnes</strong></span> <span class='ocrx_word' id='word_1_217' title='bbox 2766 1606 2902 1661; x_wconf 89' lang='lat' dir='ltr'><strong>alias</strong></span> <span class='ocrx_word' id='word_1_218' title='bbox 2941 1605 3025 1660; x_wconf 90' lang='lat' dir='ltr'><strong>his</strong></span> <span class='ocrx_word' id='word_1_219' title='bbox 3048 1606 3305 1676; x_wconf 85' lang='lat' dir='ltr'><strong>exceptis</strong></span> <span class='ocrx_word' id='word_1_220' title='bbox 3328 1621 3436 1659; x_wconf 91' lang='lat' dir='ltr'><strong>non</strong></span> <span class='ocrx_word' id='word_1_221' title='bbox 3472 1621 3596 1663; x_wconf 86' lang='lat' dir='ltr'><strong>esse</strong></span> 
     </span>
    </p>
   </div>
   <div class='ocr_carea' id='block_1_32' title="bbox 2039 1696 3593 1771">
    <p class='ocr_par' dir='ltr' id='par_1_32' title="bbox 2039 1696 3593 1771">
     <span class='ocr_line' id='line_1_32' title="bbox 2039 1696 3593 1771; baseline 0 -18"><span class='ocrx_word' id='word_1_222' title='bbox 2039 1699 2369 1771; x_wconf 83' lang='lat' dir='ltr'><strong>prohibitas.</strong></span> <span class='ocrx_word' id='word_1_223' title='bbox 2415 1696 2595 1752; x_wconf 88' lang='lat' dir='ltr'><strong>Divini</strong></span> <span class='ocrx_word' id='word_1_224' title='bbox 2628 1712 2757 1768; x_wconf 86' lang='lat' dir='ltr'><strong>ergo</strong></span> <span class='ocrx_word' id='word_1_225' title='bbox 2802 1698 2991 1753; x_wconf 85' lang='lat' dir='ltr'><strong>Patres</strong></span> <span class='ocrx_word' id='word_1_226' title='bbox 3045 1698 3147 1752; x_wconf 92' lang='lat' dir='ltr'><strong>hoc</strong></span> <span class='ocrx_word' id='word_1_227' title='bbox 3189 1698 3593 1766; x_wconf 90' lang='lat' dir='ltr'><strong>subvertentes,</strong></span> 
     </span>
    </p>
   </div>
   <div class='ocr_carea' id='block_1_33' title="bbox 372 1784 1934 1863">
    <p class='ocr_par' dir='ltr' id='par_1_33' title="bbox 372 1785 1927 1861">
     <span class='ocr_line' id='line_1_33' title="bbox 372 1785 1927 1861; baseline 0.005 -23"><span class='ocrx_word' id='word_1_228' title='bbox 372 1785 631 1854; x_wconf 81' lang='grc' dir='ltr'>Πατέρες,</span> <span class='ocrx_word' id='word_1_229' title='bbox 668 1785 885 1857; x_wconf 83' lang='grc' dir='ltr'>πρῶτον</span> <span class='ocrx_word' id='word_1_230' title='bbox 916 1790 1015 1858; x_wconf 84' lang='grc' dir='ltr'>μὲν</span> <span class='ocrx_word' id='word_1_231' title='bbox 1043 1786 1196 1843; x_wconf 83' lang='grc' dir='ltr'>εἶπον</span> <span class='ocrx_word' id='word_1_232' title='bbox 1224 1790 1402 1843; x_wconf 84' lang='grc' dir='ltr'>πᾶσαν</span> <span class='ocrx_word' id='word_1_233' title='bbox 1429 1790 1756 1861; x_wconf 85' lang='grc' dir='ltr'>συγγενικὴν</span> <span class='ocrx_word' id='word_1_234' title='bbox 1793 1807 1927 1844; x_wconf 87' lang='grc' dir='ltr'>συν-</span> 
     </span>
    </p>
   </div>
   <div class='ocr_carea' id='block_1_34' title="bbox 2034 1784 3591 1863">
    <p class='ocr_par' dir='ltr' id='par_1_34' title="bbox 2034 1788 3591 1863">
     <span class='ocr_line' id='line_1_34' title="bbox 2034 1788 3591 1863; baseline -0.001 -16"><span class='ocrx_word' id='word_1_235' title='bbox 2034 1792 2267 1863; x_wconf 90' lang='lat' dir='ltr'><strong>primum</strong></span> <span class='ocrx_word' id='word_1_236' title='bbox 2301 1788 2520 1861; x_wconf 84' lang='lat' dir='ltr'><strong>quidem</strong></span> <span class='ocrx_word' id='word_1_237' title='bbox 2552 1790 2808 1844; x_wconf 89' lang='lat' dir='ltr'><strong>dixerunt</strong></span> <span class='ocrx_word' id='word_1_238' title='bbox 2848 1805 3066 1845; x_wconf 87' lang='lat' dir='ltr'><strong>omnem</strong></span> <span class='ocrx_word' id='word_1_239' title='bbox 3114 1805 3239 1844; x_wconf 92' lang='lat' dir='ltr'><strong>cum</strong></span> <span class='ocrx_word' id='word_1_240' title='bbox 3271 1803 3371 1845; x_wconf 87' lang='lat' dir='ltr'><strong>sua</strong></span> <span class='ocrx_word' id='word_1_241' title='bbox 3394 1804 3591 1862; x_wconf 67' lang='lat' dir='ltr'><strong>cognao</strong></span> 
     </span>
    </p>
   </div>
   <div class='ocr_carea' id='block_1_35' title="bbox 368 1878 1939 1953">
    <p class='ocr_par' dir='ltr' id='par_1_35' title="bbox 368 1878 1939 1953">
     <span class='ocr_line' id='line_1_35' title="bbox 368 1878 1939 1953; baseline 0.003 -22"><span class='ocrx_word' id='word_1_242' title='bbox 368 1878 565 1946; x_wconf 78' lang='grc' dir='ltr'>άφειαν</span> <span class='ocrx_word' id='word_1_243' title='bbox 593 1880 902 1935; x_wconf 79' lang='grc' dir='ltr'>κωλύεσθαι</span> <span class='ocrx_word' id='word_1_244' title='bbox 931 1881 1019 1936; x_wconf 89' lang='grc' dir='ltr'><strong>διά</strong></span> <span class='ocrx_word' id='word_1_245' title='bbox 1051 1882 1144 1936; x_wconf 83' lang='grc' dir='ltr'>τοῦ</span> <span class='ocrx_word' id='word_1_246' title='bbox 1168 1882 1463 1937; x_wconf 78' lang='grc' dir='ltr'>Μωσαῖκοῦ</span> <span class='ocrx_word' id='word_1_247' title='bbox 1494 1882 1659 1953; x_wconf 90' lang='grc' dir='ltr'>νόμου</span> <span class='ocrx_word' id='word_1_248' title='bbox 1688 1883 1782 1937; x_wconf 81' lang='grc' dir='ltr'><strong>τοῦ</strong></span> <span class='ocrx_word' id='word_1_249' title='bbox 1822 1882 1939 1938; x_wconf 85' lang='grc' dir='ltr'>δια·</span> 
     </span>
    </p>
   </div>
   <div class='ocr_carea' id='block_1_36' title="bbox 370 1969 1939 2047">
    <p class='ocr_par' dir='ltr' id='par_1_36' title="bbox 370 1969 1939 2047">
     <span class='ocr_line' id='line_1_36' title="bbox 370 1969 1939 2047; baseline 0.004 -26"><span class='ocrx_word' id='word_1_250' title='bbox 370 1969 761 2041; x_wconf 72' lang='grc' dir='ltr'>λαμϐάνοντος,</span> <span class='ocrx_word' id='word_1_251' title='bbox 803 1991 823 2025; x_wconf 79' lang='grc' dir='ltr'><strong>ι</strong></span> <span class='ocrx_word' id='word_1_252' title='bbox 861 1974 976 2028; x_wconf 83' lang='grc' dir='ltr'>Οὐκ</span> <span class='ocrx_word' id='word_1_253' title='bbox 1027 1974 1308 2047; x_wconf 76' lang='grc' dir='ltr'>είσελεύσῃ</span> <span class='ocrx_word' id='word_1_254' title='bbox 1336 1976 1471 2047; x_wconf 81' lang='grc' dir='ltr'>πρὸς</span> <span class='ocrx_word' id='word_1_255' title='bbox 1520 1978 1697 2031; x_wconf 86' lang='grc' dir='ltr'>πάντα</span> <span class='ocrx_word' id='word_1_256' title='bbox 1740 1977 1939 2031; x_wconf 85' lang='grc' dir='ltr'>οἰκεῖον</span> 
     </span>
    </p>
   </div>
   <div class='ocr_carea' id='block_1_37' title="bbox 371 2062 1937 2139">
    <p class='ocr_par' dir='ltr' id='par_1_37' title="bbox 371 2062 1937 2139">
     <span class='ocr_line' id='line_1_37' title="bbox 371 2062 1937 2139; baseline 0.005 -26"><span class='ocrx_word' id='word_1_257' title='bbox 371 2063 574 2132; x_wconf 85' lang='grc' dir='ltr'>σαρκός</span> <span class='ocrx_word' id='word_1_258' title='bbox 610 2080 702 2116; x_wconf 87' lang='grc' dir='ltr'><strong>σου</strong></span> <span class='ocrx_word' id='word_1_259' title='bbox 726 2065 1074 2133; x_wconf 79' lang='grc' dir='ltr'>ἀποκαλύψαι</span> <span class='ocrx_word' id='word_1_260' title='bbox 1107 2067 1495 2139; x_wconf 80' lang='grc' dir='ltr'>ἀσχημοσύνην</span> <span class='ocrx_word' id='word_1_261' title='bbox 1542 2067 1706 2120; x_wconf 79' lang='grc' dir='ltr'>αὑτοῦ</span> <span class='ocrx_word' id='word_1_262' title='bbox 1730 2083 1743 2098; x_wconf 87' lang='grc'><strong>·</strong></span> <span class='ocrx_word' id='word_1_263' title='bbox 1775 2086 1795 2120; x_wconf 74' lang='grc' dir='ltr'><strong>ι</strong></span> <span class='ocrx_word' id='word_1_264' title='bbox 1818 2062 1937 2121; x_wconf 76' lang='grc' dir='ltr'>εἷτα</span> 
     </span>
    </p>
   </div>
   <div class='ocr_carea' id='block_1_38' title="bbox 368 2156 1936 2232">
    <p class='ocr_par' dir='ltr' id='par_1_38' title="bbox 368 2156 1936 2232">
     <span class='ocr_line' id='line_1_38' title="bbox 368 2156 1936 2232; baseline 0.005 -26"><span class='ocrx_word' id='word_1_265' title='bbox 368 2156 936 2227; x_wconf 83' lang='grc' dir='ltr'>ύπεραπολογούμενοι</span> <span class='ocrx_word' id='word_1_266' title='bbox 1004 2158 1190 2230; x_wconf 85' lang='grc' dir='ltr'>ὥσπερ</span> <span class='ocrx_word' id='word_1_267' title='bbox 1233 2160 1330 2213; x_wconf 78' lang='grc' dir='ltr'>τοῦ</span> <span class='ocrx_word' id='word_1_268' title='bbox 1385 2161 1642 2232; x_wconf 78' lang='grc' dir='ltr'>ῥηθέντος</span> <span class='ocrx_word' id='word_1_269' title='bbox 1698 2161 1936 2231; x_wconf 77' lang='grc' dir='ltr'>μεγάλου</span> 
     </span>
    </p>
   </div>
   <div class='ocr_carea' id='block_1_39' title="bbox 374 2245 1937 2324">
    <p class='ocr_par' dir='ltr' id='par_1_39' title="bbox 374 2245 1937 2324">
     <span class='ocr_line' id='line_1_39' title="bbox 374 2245 1937 2324; baseline 0.005 -27"><span class='ocrx_word' id='word_1_270' title='bbox 374 2245 608 2317; x_wconf 81' lang='grc' dir='ltr'>Πατρδς,</span> <span class='ocrx_word' id='word_1_271' title='bbox 644 2249 923 2319; x_wconf 75' lang='grc' dir='ltr'>ἐπήγαγον</span> <span class='ocrx_word' id='word_1_272' title='bbox 947 2250 1044 2315; x_wconf 86' lang='grc' dir='ltr'><strong>ὡς,</strong></span> <span class='ocrx_word' id='word_1_273' title='bbox 1092 2253 1139 2307; x_wconf 81' lang='grc' dir='ltr'><strong>εί</strong></span> <span class='ocrx_word' id='word_1_274' title='bbox 1171 2250 1268 2307; x_wconf 80' lang='grc' dir='ltr'><strong>καὶ</strong></span> <span class='ocrx_word' id='word_1_275' title='bbox 1315 2253 1389 2322; x_wconf 79' lang='grc' dir='ltr'>μὴ</span> <span class='ocrx_word' id='word_1_276' title='bbox 1419 2253 1597 2323; x_wconf 80' lang='grc' dir='ltr'>ῥητῶς</span> <span class='ocrx_word' id='word_1_277' title='bbox 1620 2253 1647 2304; x_wconf 88' lang='grc' dir='ltr'><strong>ό</strong></span> <span class='ocrx_word' id='word_1_278' title='bbox 1682 2252 1937 2324; x_wconf 84' lang='grc' dir='ltr'>θεοφόρος</span> 
     </span>
    </p>
   </div>
   <div class='ocr_carea' id='block_1_40' title="bbox 371 2330 1938 2412">
    <p class='ocr_par' dir='ltr' id='par_1_40' title="bbox 371 2330 1938 2412">
     <span class='ocr_line' id='line_1_40' title="bbox 371 2330 1938 2412; baseline 0.004 -22"><span class='ocrx_word' id='word_1_279' title='bbox 371 2330 525 2402; x_wconf 68' lang='grc' dir='ltr'>οὗτος</span> <span class='ocrx_word' id='word_1_280' title='bbox 585 2340 772 2412; x_wconf 84' lang='grc' dir='ltr'>Πατὴρ</span> <span class='ocrx_word' id='word_1_281' title='bbox 823 2344 881 2395; x_wconf 84' lang='grc' dir='ltr'><strong>ἐν</strong></span> <span class='ocrx_word' id='word_1_282' title='bbox 939 2345 1055 2407; x_wconf 88' lang='grc' dir='ltr'>τοῖς</span> <span class='ocrx_word' id='word_1_283' title='bbox 1085 2344 1307 2406; x_wconf 80' lang='grc' dir='ltr'>οἰκείοις</span> <span class='ocrx_word' id='word_1_284' title='bbox 1335 2346 1524 2397; x_wconf 85' lang='grc' dir='ltr'>κανόσι</span> <span class='ocrx_word' id='word_1_285' title='bbox 1560 2344 1769 2408; x_wconf 85' lang='grc' dir='ltr'>πάντας</span> <span class='ocrx_word' id='word_1_286' title='bbox 1811 2346 1938 2408; x_wconf 81' lang='grc' dir='ltr'>τοὺς</span> 
     </span>
    </p>
   </div>
   <div class='ocr_carea' id='block_1_41' title="bbox 373 2432 1938 2508">
    <p class='ocr_par' dir='ltr' id='par_1_41' title="bbox 373 2432 1938 2508">
     <span class='ocr_line' id='line_1_41' title="bbox 373 2432 1938 2508; baseline 0.004 -24"><span class='ocrx_word' id='word_1_287' title='bbox 373 2432 583 2486; x_wconf 86' lang='grc' dir='ltr'>κεκωλυ</span> <span class='ocrx_word' id='word_1_288' title='bbox 591 2435 783 2502; x_wconf 87' lang='grc' dir='ltr'>μένους</span> <span class='ocrx_word' id='word_1_289' title='bbox 804 2440 1160 2505; x_wconf 79' lang='grc' dir='ltr'>συγγενικοὺς</span> <span class='ocrx_word' id='word_1_290' title='bbox 1175 2437 1384 2508; x_wconf 84' lang='grc' dir='ltr'>γάμους</span> <span class='ocrx_word' id='word_1_291' title='bbox 1401 2432 1662 2505; x_wconf 76' lang='grc' dir='ltr'>διέλαϐεν,</span> <span class='ocrx_word' id='word_1_292' title='bbox 1682 2438 1797 2492; x_wconf 87' lang='grc' dir='ltr'>ἀλλ’</span> <span class='ocrx_word' id='word_1_293' title='bbox 1814 2438 1938 2491; x_wconf 79' lang='grc' dir='ltr'>ἐπεὶ</span> 
     </span>
    </p>
   </div>
   <div class='ocr_carea' id='block_1_42' title="bbox 370 2516 1937 2607">
    <p class='ocr_par' dir='ltr' id='par_1_42' title="bbox 370 2516 1937 2607">
     <span class='ocr_line' id='line_1_42' title="bbox 370 2516 1937 2607; baseline 0.006 -31"><span class='ocrx_word' id='word_1_294' title='bbox 370 2516 591 2588; x_wconf 62' lang='grc' dir='ltr'>τούτους</span> <span class='ocrx_word' id='word_1_295' title='bbox 625 2522 968 2597; x_wconf 79' lang='grc' dir='ltr'>ἀκαθάρτους</span> <span class='ocrx_word' id='word_1_296' title='bbox 998 2529 1299 2607; x_wconf 75' lang='grc' dir='ltr'>ὠνόμασεν,</span> <span class='ocrx_word' id='word_1_297' title='bbox 1323 2532 1398 2595; x_wconf 85' lang='grc' dir='ltr'>ὡς</span> <span class='ocrx_word' id='word_1_298' title='bbox 1448 2533 1937 2603; x_wconf 82' lang='grc' dir='ltr'>ἀπηγορευμένους</span> 
     </span>
    </p>
   </div>
   <div class='ocr_carea' id='block_1_43' title="bbox 368 2616 1937 2695">
    <p class='ocr_par' dir='ltr' id='par_1_43' title="bbox 368 2616 1937 2695">
     <span class='ocr_line' id='line_1_43' title="bbox 368 2616 1937 2695; baseline 0.006 -26"><span class='ocrx_word' id='word_1_299' title='bbox 368 2616 459 2669; x_wconf 79' lang='grc' dir='ltr'><strong>διά</strong></span> <span class='ocrx_word' id='word_1_300' title='bbox 483 2616 584 2688; x_wconf 80' lang='grc' dir='ltr'>τὴν</span> <span class='ocrx_word' id='word_1_301' title='bbox 634 2620 953 2693; x_wconf 82' lang='grc' dir='ltr'>συγγένειαν</span> <span class='ocrx_word' id='word_1_302' title='bbox 1003 2623 1163 2694; x_wconf 74' lang='grc' dir='ltr'>κοινῷ</span> <span class='ocrx_word' id='word_1_303' title='bbox 1216 2624 1356 2695; x_wconf 83' lang='grc' dir='ltr'>λόγῳ</span> <span class='ocrx_word' id='word_1_304' title='bbox 1389 2628 1594 2689; x_wconf 86' lang='grc' dir='ltr'>πάντας</span> <span class='ocrx_word' id='word_1_305' title='bbox 1636 2626 1937 2695; x_wconf 87' lang='grc' dir='ltr'>συμπεριέ-</span> 
     </span>
    </p>
   </div>
   <div class='ocr_carea' id='block_1_44' title="bbox 369 2707 1938 2789">
    <p class='ocr_par' dir='ltr' id='par_1_44' title="bbox 369 2707 1938 2789">
     <span class='ocr_line' id='line_1_44' title="bbox 369 2707 1938 2789; baseline 0.008 -31"><span class='ocrx_word' id='word_1_306' title='bbox 369 2707 522 2771; x_wconf 77' lang='grc' dir='ltr'>λαϐε,</span> <span class='ocrx_word' id='word_1_307' title='bbox 554 2710 648 2761; x_wconf 79' lang='grc' dir='ltr'><strong>καὶ</strong></span> <span class='ocrx_word' id='word_1_308' title='bbox 680 2710 767 2764; x_wconf 72' lang='grc' dir='ltr'>διὰ</span> <span class='ocrx_word' id='word_1_309' title='bbox 804 2713 1065 2783; x_wconf 77' lang='grc' dir='ltr'>ῥημάτων</span> <span class='ocrx_word' id='word_1_310' title='bbox 1099 2715 1294 2784; x_wconf 81' lang='grc' dir='ltr'>ὀλίγων</span> <span class='ocrx_word' id='word_1_311' title='bbox 1339 2717 1449 2785; x_wconf 81' lang='lat'><strong>(58)</strong></span> <span class='ocrx_word' id='word_1_312' title='bbox 1494 2717 1554 2769; x_wconf 86' lang='grc' dir='ltr'><strong>οὐ</strong></span> <span class='ocrx_word' id='word_1_313' title='bbox 1596 2717 1754 2789; x_wconf 87' lang='grc' dir='ltr'>μόνον</span> <span class='ocrx_word' id='word_1_314' title='bbox 1812 2718 1938 2780; x_wconf 79' lang='grc' dir='ltr'>τοὺς</span> 
     </span>
    </p>
   </div>
   <div class='ocr_carea' id='block_1_45' title="bbox 372 2801 1959 2876">
    <p class='ocr_par' dir='ltr' id='par_1_45' title="bbox 372 2801 1959 2876">
     <span class='ocr_line' id='line_1_45' title="bbox 372 2801 1959 2876; baseline 0.006 -22"><span class='ocrx_word' id='word_1_315' title='bbox 372 2801 861 2873; x_wconf 86' lang='grc' dir='ltr'>ἀπαριθμηθέντας</span> <span class='ocrx_word' id='word_1_316' title='bbox 914 2806 1211 2876; x_wconf 86' lang='grc' dir='ltr'>ἐκώλυσεν,</span> <span class='ocrx_word' id='word_1_317' title='bbox 1250 2810 1385 2863; x_wconf 86' lang='grc' dir='ltr'><strong>ἀλλά</strong></span> <span class='ocrx_word' id='word_1_318' title='bbox 1449 2811 1542 2863; x_wconf 79' lang='grc' dir='ltr'>καὶ</span> <span class='ocrx_word' id='word_1_319' title='bbox 1575 2811 1781 2872; x_wconf 84' lang='grc' dir='ltr'>πάντας</span> <span class='ocrx_word' id='word_1_320' title='bbox 1810 2806 1959 2872; x_wconf 78' lang='grc' dir='ltr'><strong>τοὺς¹</strong></span> 
     </span>
    </p>
   </div>
   <div class='ocr_carea' id='block_1_46' title="bbox 374 2890 1939 2972">
    <p class='ocr_par' dir='ltr' id='par_1_46' title="bbox 374 2890 1939 2972">
     <span class='ocr_line' id='line_1_46' title="bbox 374 2890 1939 2972; baseline 0.005 -28"><span class='ocrx_word' id='word_1_321' title='bbox 374 2890 477 2944; x_wconf 69' lang='grc' dir='ltr'><strong>ἀπὸ</strong></span> <span class='ocrx_word' id='word_1_322' title='bbox 524 2895 849 2960; x_wconf 84' lang='grc' dir='ltr'>συγγενείας</span> <span class='ocrx_word' id='word_1_323' title='bbox 883 2900 1311 2968; x_wconf 82' lang='grc' dir='ltr'>καταγομένους.</span> <span class='ocrx_word' id='word_1_324' title='bbox 1338 2902 1445 2954; x_wconf 78' lang='grc' dir='ltr'>Καὶ</span> <span class='ocrx_word' id='word_1_325' title='bbox 1469 2902 1529 2954; x_wconf 86' lang='grc' dir='ltr'><strong>ού</strong></span> <span class='ocrx_word' id='word_1_326' title='bbox 1563 2902 1668 2972; x_wconf 83' lang='grc' dir='ltr'><strong>χρὴ</strong></span> <span class='ocrx_word' id='word_1_327' title='bbox 1698 2900 1823 2965; x_wconf 84' lang='grc' dir='ltr'>τοὺς</span> <span class='ocrx_word' id='word_1_328' title='bbox 1870 2900 1939 2953; x_wconf 89' lang='grc' dir='ltr'>δι’</span> 
     </span>
    </p>
   </div>
   <div class='ocr_carea' id='block_1_47' title="bbox 376 2984 1935 3060">
    <p class='ocr_par' dir='ltr' id='par_1_47' title="bbox 376 2984 1935 3060">
     <span class='ocr_line' id='line_1_47' title="bbox 376 2984 1935 3060; baseline 0.004 -22"><span class='ocrx_word' id='word_1_329' title='bbox 376 2984 662 3039; x_wconf 79' lang='grc' dir='ltr'>ιύλάόειαν</span> <span class='ocrx_word' id='word_1_330' title='bbox 703 2986 778 3057; x_wconf 85' lang='grc' dir='ltr'>μὴ</span> <span class='ocrx_word' id='word_1_331' title='bbox 827 2988 1244 3058; x_wconf 82' lang='grc' dir='ltr'>ἐκφωνηθέντας</span> <span class='ocrx_word' id='word_1_332' title='bbox 1283 2992 1596 3055; x_wconf 89' lang='grc' dir='ltr'>ἀκωλύτους</span> <span class='ocrx_word' id='word_1_333' title='bbox 1640 2992 1935 3060; x_wconf 83' lang='grc' dir='ltr'>κατονομά·</span> 
     </span>
    </p>
   </div>
   <div class='ocr_carea' id='block_1_48' title="bbox 2040 1868 3591 1952">
    <p class='ocr_par' dir='ltr' id='par_1_48' title="bbox 2040 1868 3591 1952">
     <span class='ocr_line' id='line_1_48' title="bbox 2040 1868 3591 1952; baseline 0.001 -15"><span class='ocrx_word' id='word_1_334' title='bbox 2040 1884 2187 1939; x_wconf 90' lang='lat' dir='ltr'><strong>tione</strong></span> <span class='ocrx_word' id='word_1_335' title='bbox 2228 1882 2670 1951; x_wconf 87' lang='lat' dir='ltr'><strong>conjunctionem</strong></span> <span class='ocrx_word' id='word_1_336' title='bbox 2710 1868 2989 1951; x_wconf 83' lang='lat' dir='ltr'><strong>prohiberi</strong></span> <span class='ocrx_word' id='word_1_337' title='bbox 3045 1897 3142 1952; x_wconf 90' lang='lat' dir='ltr'><strong>per</strong></span> <span class='ocrx_word' id='word_1_338' title='bbox 3180 1880 3470 1939; x_wconf 81' lang='lat' dir='ltr'><strong>Mosaicam</strong></span> <span class='ocrx_word' id='word_1_339' title='bbox 3517 1883 3591 1939; x_wconf 86' lang='lat' dir='ltr'><strong>le-</strong></span> 
     </span>
    </p>
   </div>
   <div class='ocr_carea' id='block_1_49' title="bbox 2035 1971 3591 2048">
    <p class='ocr_par' dir='ltr' id='par_1_49' title="bbox 2035 1971 3591 2048">
     <span class='ocr_line' id='line_1_49' title="bbox 2035 1971 3591 2048; baseline 0.001 -18"><span class='ocrx_word' id='word_1_340' title='bbox 2035 1992 2178 2048; x_wconf 88' lang='lat' dir='ltr'><strong>gem,</strong></span> <span class='ocrx_word' id='word_1_341' title='bbox 2226 1991 2346 2045; x_wconf 64' lang='lat' dir='ltr'><strong>quae</strong></span> <span class='ocrx_word' id='word_1_342' title='bbox 2392 1974 2472 2030; x_wconf 88' lang='lat' dir='ltr'><strong>sic</strong></span> <span class='ocrx_word' id='word_1_343' title='bbox 2512 1974 2672 2029; x_wconf 90' lang='lat' dir='ltr'><strong>habet</strong></span> <span class='ocrx_word' id='word_1_344' title='bbox 2708 1992 2722 2029; x_wconf 89' lang='lat'><strong>:</strong></span> <span class='ocrx_word' id='word_1_345' title='bbox 2761 1971 2877 2027; x_wconf 84' lang='lat' dir='ltr'><strong>Non</strong></span> <span class='ocrx_word' id='word_1_346' title='bbox 2910 1974 3235 2044; x_wconf 81' lang='lat' dir='ltr'><strong>ingredieris</strong></span> <span class='ocrx_word' id='word_1_347' title='bbox 3265 1975 3329 2029; x_wconf 92' lang='lat' dir='ltr'><strong>ad</strong></span> <span class='ocrx_word' id='word_1_348' title='bbox 3370 1990 3591 2031; x_wconf 85' lang='lat' dir='ltr'><strong>omnem</strong></span> 
     </span>
    </p>
   </div>
   <div class='ocr_carea' id='block_1_50' title="bbox 2036 2062 3594 2139">
    <p class='ocr_par' dir='ltr' id='par_1_50' title="bbox 2036 2062 3594 2139">
     <span class='ocr_line' id='line_1_50' title="bbox 2036 2062 3594 2139; baseline 0.002 -17"><span class='ocrx_word' id='word_1_349' title='bbox 2036 2067 2497 2137; x_wconf 86' lang='lat' dir='ltr'><strong>consanguineum</strong></span> <span class='ocrx_word' id='word_1_350' title='bbox 2559 2067 2741 2122; x_wconf 90' lang='lat' dir='ltr'><strong>carnis</strong></span> <span class='ocrx_word' id='word_1_351' title='bbox 2788 2066 2902 2121; x_wconf 82' lang='lat' dir='ltr'><strong>tuae</strong></span> <span class='ocrx_word' id='word_1_352' title='bbox 2953 2066 3017 2121; x_wconf 90' lang='lat' dir='ltr'><strong>ad</strong></span> <span class='ocrx_word' id='word_1_353' title='bbox 3068 2062 3408 2124; x_wconf 79' lang='lat' dir='ltr'><strong>re’velandam</strong></span> <span class='ocrx_word' id='word_1_354' title='bbox 3472 2071 3594 2139; x_wconf 76' lang='lat' dir='ltr'><strong>eius</strong></span> 
     </span>
    </p>
   </div>
   <div class='ocr_carea' id='block_1_51' title="bbox 2037 2158 3589 2231">
    <p class='ocr_par' dir='ltr' id='par_1_51' title="bbox 2037 2158 3589 2231">
     <span class='ocr_line' id='line_1_51' title="bbox 2037 2158 3589 2231; baseline 0.002 -17"><span class='ocrx_word' id='word_1_355' title='bbox 2037 2158 2467 2231; x_wconf 86' lang='lat' dir='ltr'><strong>turpitudinem:</strong></span> <span class='ocrx_word' id='word_1_356' title='bbox 2508 2158 2726 2224; x_wconf 90' lang='lat' dir='ltr'><strong>deinde,</strong></span> <span class='ocrx_word' id='word_1_357' title='bbox 2762 2160 2931 2214; x_wconf 86' lang='lat' dir='ltr'><strong>veluti</strong></span> <span class='ocrx_word' id='word_1_358' title='bbox 2970 2161 3285 2229; x_wconf 66' lang='lat' dir='ltr'><strong>praedictum</strong></span> <span class='ocrx_word' id='word_1_359' title='bbox 3332 2176 3589 2231; x_wconf 84' lang='lat' dir='ltr'><strong>magnum</strong></span> 
     </span>
    </p>
   </div>
   <div class='ocr_carea' id='block_1_52' title="bbox 2030 2238 3590 2337">
    <p class='ocr_par' dir='ltr' id='par_1_52' title="bbox 2030 2238 3590 2337">
     <span class='ocr_line' id='line_1_52' title="bbox 2030 2238 3590 2337; baseline 0.003 -32"><span class='ocrx_word' id='word_1_360' title='bbox 2030 2238 2251 2305; x_wconf 80' lang='lat' dir='ltr'><strong>Patrem</strong></span> <span class='ocrx_word' id='word_1_361' title='bbox 2286 2248 2673 2316; x_wconf 82' lang='lat' dir='ltr'><strong>defendentes,</strong></span> <span class='ocrx_word' id='word_1_362' title='bbox 2727 2249 3149 2337; x_wconf 67' lang='lat' dir='ltr'><strong>subiunxerunt,</strong></span> <span class='ocrx_word' id='word_1_363' title='bbox 3193 2251 3338 2322; x_wconf 92' lang='lat' dir='ltr'><strong>quod</strong></span> <span class='ocrx_word' id='word_1_364' title='bbox 3369 2252 3590 2309; x_wconf 82' lang='lat' dir='ltr'><strong>etiamsi</strong></span> 
     </span>
    </p>
   </div>
   <div class='ocr_carea' id='block_1_53' title="bbox 2037 2343 3592 2413">
    <p class='ocr_par' dir='ltr' id='par_1_53' title="bbox 2037 2343 3592 2413">
     <span class='ocr_line' id='line_1_53' title="bbox 2037 2343 3592 2413; baseline 0.004 -17"><span class='ocrx_word' id='word_1_365' title='bbox 2037 2358 2145 2397; x_wconf 91' lang='lat' dir='ltr'><strong>non</strong></span> <span class='ocrx_word' id='word_1_366' title='bbox 2177 2357 2428 2413; x_wconf 79' lang='lat' dir='ltr'><strong>expresse</strong></span> <span class='ocrx_word' id='word_1_367' title='bbox 2469 2344 2554 2396; x_wconf 83' lang='lat' dir='ltr'><strong>hic</strong></span> <span class='ocrx_word' id='word_1_368' title='bbox 2584 2343 2804 2397; x_wconf 89' lang='lat' dir='ltr'><strong>divinus</strong></span> <span class='ocrx_word' id='word_1_369' title='bbox 2832 2344 2994 2399; x_wconf 87' lang='lat' dir='ltr'><strong>Pater</strong></span> <span class='ocrx_word' id='word_1_370' title='bbox 3030 2345 3083 2399; x_wconf 92' lang='lat' dir='ltr'><strong>in</strong></span> <span class='ocrx_word' id='word_1_371' title='bbox 3127 2346 3243 2411; x_wconf 84' lang='lat' dir='ltr'><strong>suis</strong></span> <span class='ocrx_word' id='word_1_372' title='bbox 3285 2347 3592 2403; x_wconf 86' lang='lat' dir='ltr'><strong>canonibus</strong></span> 
     </span>
    </p>
   </div>
   <div class='ocr_carea' id='block_1_54' title="bbox 2037 2426 3645 2508">
    <p class='ocr_par' dir='ltr' id='par_1_54' title="bbox 2037 2426 3645 2508">
     <span class='ocr_line' id='line_1_54' title="bbox 2037 2426 3645 2508; baseline 0.004 -20"><span class='ocrx_word' id='word_1_373' title='bbox 2037 2426 2227 2489; x_wconf 85' lang='lat' dir='ltr'><strong>Omnes</strong></span> <span class='ocrx_word' id='word_1_374' title='bbox 2275 2444 2492 2504; x_wconf 89' lang='lat' dir='ltr'><strong>propter</strong></span> <span class='ocrx_word' id='word_1_375' title='bbox 2555 2438 2933 2505; x_wconf 88' lang='lat' dir='ltr'><strong>cognationem</strong></span> <span class='ocrx_word' id='word_1_376' title='bbox 3002 2437 3323 2492; x_wconf 82' lang='lat' dir='ltr'><strong>interdictas</strong></span> <span class='ocrx_word' id='word_1_377' title='bbox 3373 2440 3593 2508; x_wconf 83' lang='lat' dir='ltr'><strong>nuptias</strong></span> <span class='ocrx_word' id='word_1_378' title='bbox 3636 2464 3645 2477; x_wconf 67' lang='grc' dir='ltr'><strong>ι</strong></span> 
     </span>
    </p>
   </div>
   <div class='ocr_carea' id='block_1_55' title="bbox 2037 2526 3594 2599">
    <p class='ocr_par' dir='ltr' id='par_1_55' title="bbox 2037 2526 3594 2599">
     <span class='ocr_line' id='line_1_55' title="bbox 2037 2526 3594 2599; baseline 0 -15"><span class='ocrx_word' id='word_1_379' title='bbox 2037 2526 2531 2596; x_wconf 88' lang='lat' dir='ltr'><strong>comprehenderit,</strong></span> <span class='ocrx_word' id='word_1_380' title='bbox 2564 2526 2659 2581; x_wconf 91' lang='lat' dir='ltr'><strong>sed</strong></span> <span class='ocrx_word' id='word_1_381' title='bbox 2695 2528 2955 2597; x_wconf 88' lang='lat' dir='ltr'><strong>quoniam</strong></span> <span class='ocrx_word' id='word_1_382' title='bbox 2994 2529 3093 2582; x_wconf 90' lang='lat' dir='ltr'><strong>has</strong></span> <span class='ocrx_word' id='word_1_383' title='bbox 3132 2529 3377 2599; x_wconf 90' lang='lat' dir='ltr'><strong>impuras</strong></span> <span class='ocrx_word' id='word_1_384' title='bbox 3412 2532 3594 2584; x_wconf 84' lang='lat' dir='ltr'><strong>nomi-</strong></span> 
     </span>
    </p>
   </div>
   <div class='ocr_carea' id='block_1_56' title="bbox 2039 2618 3591 2693">
    <p class='ocr_par' dir='ltr' id='par_1_56' title="bbox 2039 2618 3591 2693">
     <span class='ocr_line' id='line_1_56' title="bbox 2039 2618 3591 2693; baseline 0.002 -20"><span class='ocrx_word' id='word_1_385' title='bbox 2039 2619 2208 2681; x_wconf 82' lang='lat' dir='ltr'><strong>navit,</strong></span> <span class='ocrx_word' id='word_1_386' title='bbox 2250 2627 2309 2672; x_wconf 91' lang='lat' dir='ltr'><strong>ut</strong></span> <span class='ocrx_word' id='word_1_387' title='bbox 2340 2633 2459 2688; x_wconf 53' lang='lat' dir='ltr'><strong>qua».</strong></span> <span class='ocrx_word' id='word_1_388' title='bbox 2487 2618 2595 2673; x_wconf 83' lang='lat' dir='ltr'><strong>sint</strong></span> <span class='ocrx_word' id='word_1_389' title='bbox 2628 2626 2850 2693; x_wconf 74' lang='lat' dir='ltr'><strong>propter</strong></span> <span class='ocrx_word' id='word_1_390' title='bbox 2875 2620 3255 2687; x_wconf 81' lang='lat' dir='ltr'><strong>cegnationem</strong></span> <span class='ocrx_word' id='word_1_391' title='bbox 3280 2622 3591 2691; x_wconf 61' lang='lat' dir='ltr'><strong>prohibita,</strong></span> 
     </span>
    </p>
   </div>
   <div class='ocr_carea' id='block_1_57' title="bbox 2041 2707 3593 2781">
    <p class='ocr_par' dir='ltr' id='par_1_57' title="bbox 2041 2707 3593 2781">
     <span class='ocr_line' id='line_1_57' title="bbox 2041 2707 3593 2781; baseline 0.001 -17"><span class='ocrx_word' id='word_1_392' title='bbox 2041 2725 2233 2764; x_wconf 89' lang='lat' dir='ltr'><strong>omnes</strong></span> <span class='ocrx_word' id='word_1_393' title='bbox 2270 2708 2543 2762; x_wconf 90' lang='lat' dir='ltr'><strong>communi</strong></span> <span class='ocrx_word' id='word_1_394' title='bbox 2570 2707 2798 2763; x_wconf 76' lang='lat' dir='ltr'><strong>ratione</strong></span> <span class='ocrx_word' id='word_1_395' title='bbox 2827 2708 3275 2777; x_wconf 86' lang='lat' dir='ltr'><strong>comprehendit,</strong></span> <span class='ocrx_word' id='word_1_396' title='bbox 3310 2720 3365 2765; x_wconf 91' lang='lat' dir='ltr'><strong>et</strong></span> <span class='ocrx_word' id='word_1_397' title='bbox 3402 2710 3593 2781; x_wconf 82' lang='lat' dir='ltr'><strong>paucis</strong></span> 
     </span>
    </p>
   </div>
   <div class='ocr_carea' id='block_1_58' title="bbox 2036 2799 3593 2867">
    <p class='ocr_par' dir='ltr' id='par_1_58' title="bbox 2036 2799 3593 2867">
     <span class='ocr_line' id='line_1_58' title="bbox 2036 2799 3593 2867; baseline 0.003 -13"><span class='ocrx_word' id='word_1_398' title='bbox 2036 2800 2220 2857; x_wconf 82' lang='lat' dir='ltr'><strong>verbis</strong></span> <span class='ocrx_word' id='word_1_399' title='bbox 2260 2815 2366 2854; x_wconf 89' lang='lat' dir='ltr'><strong>non</strong></span> <span class='ocrx_word' id='word_1_400' title='bbox 2411 2799 2583 2855; x_wconf 92' lang='lat' dir='ltr'><strong>solum</strong></span> <span class='ocrx_word' id='word_1_401' title='bbox 2622 2809 2972 2855; x_wconf 88' lang='lat' dir='ltr'><strong>enumeratas</strong></span> <span class='ocrx_word' id='word_1_402' title='bbox 3013 2801 3331 2867; x_wconf 87' lang='lat' dir='ltr'><strong>prohibuit,</strong></span> <span class='ocrx_word' id='word_1_403' title='bbox 3389 2803 3485 2857; x_wconf 81' lang='lat' dir='ltr'><strong>sed</strong></span> <span class='ocrx_word' id='word_1_404' title='bbox 3535 2812 3593 2858; x_wconf 89' lang='lat' dir='ltr'><strong>et</strong></span> 
     </span>
    </p>
   </div>
   <div class='ocr_carea' id='block_1_59' title="bbox 2036 2885 3595 2963">
    <p class='ocr_par' dir='ltr' id='par_1_59' title="bbox 2036 2885 3595 2963">
     <span class='ocr_line' id='line_1_59' title="bbox 2036 2885 3595 2963; baseline 0.001 -14"><span class='ocrx_word' id='word_1_405' title='bbox 2036 2908 2225 2949; x_wconf 84' lang='lat' dir='ltr'><strong>Omnes</strong></span> <span class='ocrx_word' id='word_1_406' title='bbox 2249 2907 2367 2963; x_wconf 69' lang='lat' dir='ltr'><strong>qua:</strong></span> <span class='ocrx_word' id='word_1_407' title='bbox 2399 2904 2429 2946; x_wconf 86' lang='lat' dir='ltr'><strong>a</strong></span> <span class='ocrx_word' id='word_1_408' title='bbox 2460 2885 2781 2963; x_wconf 80' lang='lat' dir='ltr'><strong>cognatione</strong></span> <span class='ocrx_word' id='word_1_409' title='bbox 2803 2891 3171 2947; x_wconf 89' lang='lat' dir='ltr'><strong>deducuntur.</strong></span> <span class='ocrx_word' id='word_1_410' title='bbox 3221 2893 3333 2948; x_wconf 87' lang='lat' dir='ltr'><strong>Nec</strong></span> <span class='ocrx_word' id='word_1_411' title='bbox 3366 2900 3595 2963; x_wconf 79' lang='lat' dir='ltr'><strong>Oportet</strong></span> 
     </span>
    </p>
   </div>
   <div class='ocr_carea' id='block_1_60' title="bbox 2036 2982 3621 3053">
    <p class='ocr_par' dir='ltr' id='par_1_60' title="bbox 2036 2982 3621 3053">
     <span class='ocr_line' id='line_1_60' title="bbox 2036 2982 3621 3053; baseline -0.002 -14"><span class='ocrx_word' id='word_1_412' title='bbox 2036 2983 2145 3039; x_wconf 89' lang='lat' dir='ltr'><strong>dici</strong></span> <span class='ocrx_word' id='word_1_413' title='bbox 2172 2998 2265 3038; x_wconf 88' lang='lat' dir='ltr'><strong>eas</strong></span> <span class='ocrx_word' id='word_1_414' title='bbox 2286 2998 2403 3049; x_wconf 82' lang='lat' dir='ltr'><strong>non</strong></span> <span class='ocrx_word' id='word_1_415' title='bbox 2434 2997 2553 3038; x_wconf 87' lang='lat' dir='ltr'><strong>esse</strong></span> <span class='ocrx_word' id='word_1_416' title='bbox 2576 2982 2879 3052; x_wconf 86' lang='lat' dir='ltr'><strong>prohibitas</strong></span> <span class='ocrx_word' id='word_1_417' title='bbox 2918 2998 3038 3052; x_wconf 68' lang='lat' dir='ltr'><strong>qua:</strong></span> <span class='ocrx_word' id='word_1_418' title='bbox 3075 2994 3294 3053; x_wconf 91' lang='lat' dir='ltr'><strong>propter</strong></span> <span class='ocrx_word' id='word_1_419' title='bbox 3326 3000 3621 3039; x_wconf 72' lang='lat' dir='ltr'><strong>verecun-.</strong></span> 
     </span>
    </p>
   </div>
   <div class='ocr_carea' id='block_1_61' title="bbox 374 3073 1934 3154">
    <p class='ocr_par' dir='ltr' id='par_1_61' title="bbox 374 3076 1934 3154">
     <span class='ocr_line' id='line_1_61' title="bbox 374 3076 1934 3154; baseline 0.005 -27"><span class='ocrx_word' id='word_1_420' title='bbox 374 3076 582 3140; x_wconf 79' lang='grc' dir='ltr'>ζεσθαι.</span> <span class='ocrx_word' id='word_1_421' title='bbox 609 3080 702 3131; x_wconf 85' lang='grc' dir='ltr'>Διὸ</span> <span class='ocrx_word' id='word_1_422' title='bbox 730 3081 825 3133; x_wconf 74' lang='grc' dir='ltr'><strong>καὶ</strong></span> <span class='ocrx_word' id='word_1_423' title='bbox 847 3080 1051 3151; x_wconf 82' lang='grc' dir='ltr'>ὥρισαν</span> <span class='ocrx_word' id='word_1_424' title='bbox 1075 3081 1284 3153; x_wconf 89' lang='grc' dir='ltr'>γάμους</span> <span class='ocrx_word' id='word_1_425' title='bbox 1312 3084 1582 3154; x_wconf 84' lang='grc' dir='ltr'>ἀθέσμους</span> <span class='ocrx_word' id='word_1_426' title='bbox 1623 3080 1762 3139; x_wconf 82' lang='grc' dir='ltr'>εἶναι</span> <span class='ocrx_word' id='word_1_427' title='bbox 1787 3076 1934 3137; x_wconf 84' lang='grc' dir='ltr'>τόνδε</span> 
     </span>
    </p>
   </div>
   <div class='ocr_carea' id='block_1_62' title="bbox 2034 3073 3593 3154">
    <p class='ocr_par' dir='ltr' id='par_1_62' title="bbox 2039 3073 3593 3145">
     <span class='ocr_line' id='line_1_62' title="bbox 2039 3073 3593 3145; baseline 0.001 -15"><span class='ocrx_word' id='word_1_428' title='bbox 2039 3074 2184 3130; x_wconf 91' lang='lat' dir='ltr'><strong>diam</strong></span> <span class='ocrx_word' id='word_1_429' title='bbox 2215 3091 2324 3130; x_wconf 89' lang='lat' dir='ltr'><strong>non</strong></span> <span class='ocrx_word' id='word_1_430' title='bbox 2354 3083 2481 3131; x_wconf 91' lang='lat' dir='ltr'><strong>sunt</strong></span> <span class='ocrx_word' id='word_1_431' title='bbox 2512 3089 2803 3145; x_wconf 76' lang='lat' dir='ltr'><strong>expressae.</strong></span> <span class='ocrx_word' id='word_1_432' title='bbox 2850 3073 2916 3127; x_wconf 87' lang='lat' dir='ltr'><strong>Et</strong></span> <span class='ocrx_word' id='word_1_433' title='bbox 2956 3076 3079 3130; x_wconf 86' lang='lat' dir='ltr'><strong>ideo</strong></span> <span class='ocrx_word' id='word_1_434' title='bbox 3124 3077 3452 3132; x_wconf 78' lang='lat' dir='ltr'><strong>definierunt</strong></span> <span class='ocrx_word' id='word_1_435' title='bbox 3482 3079 3593 3132; x_wconf 86' lang='lat' dir='ltr'><strong>illi-</strong></span> 
     </span>
    </p>
   </div>
   <div class='ocr_carea' id='block_1_63' title="bbox 371 3163 1934 3246">
    <p class='ocr_par' dir='ltr' id='par_1_63' title="bbox 371 3167 1934 3246">
     <span class='ocr_line' id='line_1_63' title="bbox 371 3167 1934 3246; baseline 0.005 -27"><span class='ocrx_word' id='word_1_436' title='bbox 371 3167 467 3220; x_wconf 78' lang='grc' dir='ltr'><strong>καὶ</strong></span> <span class='ocrx_word' id='word_1_437' title='bbox 487 3169 658 3221; x_wconf 84' lang='grc' dir='ltr'>τόνδε⁸</span> <span class='ocrx_word' id='word_1_438' title='bbox 683 3169 1037 3240; x_wconf 85' lang='grc' dir='ltr'>προσθέμενοι</span> <span class='ocrx_word' id='word_1_439' title='bbox 1052 3172 1177 3236; x_wconf 79' lang='grc' dir='ltr'>τοὺς</span> <span class='ocrx_word' id='word_1_440' title='bbox 1196 3174 1591 3246; x_wconf 78' lang='grc' dir='ltr'>ἀφισταμένους</span> <span class='ocrx_word' id='word_1_441' title='bbox 1612 3175 1788 3229; x_wconf 71' lang='grc' dir='ltr'>αὐτῶν</span> <span class='ocrx_word' id='word_1_442' title='bbox 1808 3190 1934 3246; x_wconf 86' lang='grc' dir='ltr'>προ-</span> 
     </span>
    </p>
   </div>
   <div class='ocr_carea' id='block_1_64' title="bbox 2034 3163 3591 3246">
    <p class='ocr_par' dir='ltr' id='par_1_64' title="bbox 2041 3163 3591 3235">
     <span class='ocr_line' id='line_1_64' title="bbox 2041 3163 3591 3235; baseline 0.002 -14"><span class='ocrx_word' id='word_1_443' title='bbox 2041 3167 2177 3223; x_wconf 87' lang='lat' dir='ltr'><strong>citas</strong></span> <span class='ocrx_word' id='word_1_444' title='bbox 2209 3176 2263 3222; x_wconf 91' lang='lat' dir='ltr'><strong>et</strong></span> <span class='ocrx_word' id='word_1_445' title='bbox 2300 3165 2537 3221; x_wconf 87' lang='lat' dir='ltr'><strong>nefarias</strong></span> <span class='ocrx_word' id='word_1_446' title='bbox 2572 3163 2789 3235; x_wconf 91' lang='lat' dir='ltr'><strong>nuptias</strong></span> <span class='ocrx_word' id='word_1_447' title='bbox 2816 3180 2936 3221; x_wconf 85' lang='lat' dir='ltr'><strong>esse</strong></span> <span class='ocrx_word' id='word_1_448' title='bbox 2963 3166 3061 3221; x_wconf 88' lang='lat' dir='ltr'><strong>has</strong></span> <span class='ocrx_word' id='word_1_449' title='bbox 3091 3177 3143 3220; x_wconf 88' lang='lat' dir='ltr'><strong>et</strong></span> <span class='ocrx_word' id='word_1_450' title='bbox 3166 3166 3296 3235; x_wconf 88' lang='lat' dir='ltr'><strong>has;</strong></span> <span class='ocrx_word' id='word_1_451' title='bbox 3344 3168 3448 3224; x_wconf 92' lang='lat' dir='ltr'><strong>hoc</strong></span> <span class='ocrx_word' id='word_1_452' title='bbox 3489 3168 3591 3223; x_wconf 87' lang='lat' dir='ltr'><strong>ad-</strong></span> 
     </span>
    </p>
   </div>
   <div class='ocr_carea' id='block_1_65' title="bbox 369 3259 1940 3339">
    <p class='ocr_par' dir='ltr' id='par_1_65' title="bbox 369 3259 1940 3339">
     <span class='ocr_line' id='line_1_65' title="bbox 369 3259 1940 3339; baseline 0.005 -26"><span class='ocrx_word' id='word_1_453' title='bbox 369 3259 560 3330; x_wconf 84' lang='grc' dir='ltr'>δήλως,</span> <span class='ocrx_word' id='word_1_454' title='bbox 584 3261 826 3314; x_wconf 86' lang='grc' dir='ltr'>τουτέστι</span> <span class='ocrx_word' id='word_1_455' title='bbox 847 3263 981 3331; x_wconf 87' lang='grc' dir='ltr'><strong>μετά</strong></span> <span class='ocrx_word' id='word_1_456' title='bbox 996 3264 1535 3339; x_wconf 80' lang='grc' dir='ltr'>ἐξομολογήσεως,τῷ</span> <span class='ocrx_word' id='word_1_457' title='bbox 1545 3269 1639 3338; x_wconf 85' lang='grc' dir='ltr'>τῆς</span> <span class='ocrx_word' id='word_1_458' title='bbox 1656 3267 1940 3331; x_wconf 79' lang='grc' dir='ltr'>ἑπταετίας</span> 
     </span>
    </p>
   </div>
   <div class='ocr_carea' id='block_1_66' title="bbox 371 3352 1939 3430">
    <p class='ocr_par' dir='ltr' id='par_1_66' title="bbox 371 3352 1939 3430">
     <span class='ocr_line' id='line_1_66' title="bbox 371 3352 1939 3430; baseline 0.006 -26"><span class='ocrx_word' id='word_1_459' title='bbox 371 3352 553 3405; x_wconf 87' lang='grc' dir='ltr'>κανόνι</span> <span class='ocrx_word' id='word_1_460' title='bbox 585 3353 943 3422; x_wconf 75' lang='grc' dir='ltr'>ἐπιτιμᾶσθαι</span> <span class='ocrx_word' id='word_1_461' title='bbox 962 3371 976 3385; x_wconf 81' lang='lat'><strong><em>°</em></strong></span> <span class='ocrx_word' id='word_1_462' title='bbox 1003 3354 1077 3419; x_wconf 87' lang='grc' dir='ltr'>ὡς</span> <span class='ocrx_word' id='word_1_463' title='bbox 1110 3354 1247 3411; x_wconf 79' lang='grc' dir='ltr'>εἶναι</span> <span class='ocrx_word' id='word_1_464' title='bbox 1276 3359 1433 3430; x_wconf 82' lang='grc' dir='ltr'>δῆλον</span> <span class='ocrx_word' id='word_1_465' title='bbox 1463 3360 1818 3430; x_wconf 85' lang='grc' dir='ltr'>σφοδρότερον</span> <span class='ocrx_word' id='word_1_466' title='bbox 1848 3376 1939 3413; x_wconf 84' lang='grc' dir='ltr'>κο-</span> 
     </span>
    </p>
   </div>
   <div class='ocr_carea' id='block_1_67' title="bbox 370 3445 1940 3522">
    <p class='ocr_par' dir='ltr' id='par_1_67' title="bbox 370 3445 1940 3522">
     <span class='ocr_line' id='line_1_67' title="bbox 370 3445 1940 3522; baseline 0.004 -24"><span class='ocrx_word' id='word_1_467' title='bbox 370 3445 631 3508; x_wconf 75' lang='grc' dir='ltr'>λάξεσθαι</span> <span class='ocrx_word' id='word_1_468' title='bbox 657 3447 783 3508; x_wconf 78' lang='grc' dir='ltr'>τοὺς</span> <span class='ocrx_word' id='word_1_469' title='bbox 809 3446 885 3518; x_wconf 79' lang='grc' dir='ltr'>μὴ</span> <span class='ocrx_word' id='word_1_470' title='bbox 918 3449 1324 3519; x_wconf 82' lang='grc' dir='ltr'>ἀφισταμένους</span> <span class='ocrx_word' id='word_1_471' title='bbox 1362 3450 1581 3522; x_wconf 73' lang='grc' dir='ltr'>ῥαδίως,</span> <span class='ocrx_word' id='word_1_472' title='bbox 1605 3450 1743 3504; x_wconf 82' lang='grc' dir='ltr'>ἀλλὰ</span> <span class='ocrx_word' id='word_1_473' title='bbox 1773 3468 1940 3505; x_wconf 81' lang='grc' dir='ltr'>κατα·-</span> 
     </span>
    </p>
   </div>
   <div class='ocr_carea' id='block_1_68' title="bbox 372 3526 1937 3615">
    <p class='ocr_par' dir='ltr' id='par_1_68' title="bbox 372 3526 1937 3615">
     <span class='ocr_line' id='line_1_68' title="bbox 372 3526 1937 3615; baseline 0.003 -22"><span class='ocrx_word' id='word_1_474' title='bbox 372 3526 759 3609; x_wconf 79' lang='grc' dir='ltr'>κρινομένους.</span> <span class='ocrx_word' id='word_1_475' title='bbox 794 3537 964 3592; x_wconf 80' lang='grc' dir='ltr'>Τοῦτο</span> <span class='ocrx_word' id='word_1_476' title='bbox 990 3540 1098 3611; x_wconf 83' lang='grc' dir='ltr'>γὰρ</span> <span class='ocrx_word' id='word_1_477' title='bbox 1123 3542 1480 3610; x_wconf 78' lang='grc' dir='ltr'>ἀναφαίνεται</span> <span class='ocrx_word' id='word_1_478' title='bbox 1500 3543 1607 3596; x_wconf 81' lang='grc' dir='ltr'><strong>ἀπὸ</strong></span> <span class='ocrx_word' id='word_1_479' title='bbox 1628 3543 1736 3597; x_wconf 86' lang='grc' dir='ltr'>τῶν</span> <span class='ocrx_word' id='word_1_480' title='bbox 1758 3545 1937 3615; x_wconf 86' lang='grc' dir='ltr'>ῥημά-</span> 
     </span>
    </p>
   </div>
   <div class='ocr_carea' id='block_1_69' title="bbox 373 3629 1938 3707">
    <p class='ocr_par' dir='ltr' id='par_1_69' title="bbox 373 3629 1938 3707">
     <span class='ocr_line' id='line_1_69' title="bbox 373 3629 1938 3707; baseline 0.005 -25"><span class='ocrx_word' id='word_1_481' title='bbox 373 3647 485 3682; x_wconf 89' lang='grc' dir='ltr'><strong>των</strong></span> <span class='ocrx_word' id='word_1_482' title='bbox 533 3629 634 3683; x_wconf 83' lang='grc' dir='ltr'><strong>-τοῦ</strong></span> <span class='ocrx_word' id='word_1_483' title='bbox 710 3629 934 3692; x_wconf 88' lang='grc' dir='ltr'>κανόνος</span> <span class='ocrx_word' id='word_1_484' title='bbox 992 3632 1103 3685; x_wconf 81' lang='grc' dir='ltr'>τῶν</span> <span class='ocrx_word' id='word_1_485' title='bbox 1161 3631 1466 3701; x_wconf 80' lang='grc' dir='ltr'>λεγόντων·</span> <span class='ocrx_word' id='word_1_486' title='bbox 1531 3635 1938 3707; x_wconf 83' lang='grc' dir='ltr'>Ἀφισταμένων</span> 
     </span>
    </p>
   </div>
   <div class='ocr_carea' id='block_1_70' title="bbox 372 3721 1939 3805">
    <p class='ocr_par' dir='ltr' id='par_1_70' title="bbox 372 3721 1939 3805">
     <span class='ocr_line' id='line_1_70' title="bbox 372 3721 1939 3805; baseline 0.005 -30"><span class='ocrx_word' id='word_1_487' title='bbox 372 3721 552 3776; x_wconf 80' lang='grc' dir='ltr'>αὐτῶν</span> <span class='ocrx_word' id='word_1_488' title='bbox 587 3722 872 3794; x_wconf 87' lang='grc' dir='ltr'>προδήλως</span> <span class='ocrx_word' id='word_1_489' title='bbox 902 3724 997 3805; x_wconf 75' lang='grc' dir='ltr'>τρῦ</span> <span class='ocrx_word' id='word_1_490' title='bbox 1028 3726 1349 3797; x_wconf 89' lang='grc' dir='ltr'>παρανόμου</span> <span class='ocrx_word' id='word_1_491' title='bbox 1386 3729 1745 3783; x_wconf 90' lang='grc' dir='ltr'>συνοικεσίου.</span> <span class='ocrx_word' id='word_1_492' title='bbox 1787 3730 1939 3783; x_wconf 78' lang='grc' dir='ltr'>Ἐπεὶ</span> 
     </span>
    </p>
   </div>
   <div class='ocr_carea' id='block_1_71' title="bbox 369 3816 1939 3893">
    <p class='ocr_par' dir='ltr' id='par_1_71' title="bbox 369 3816 1939 3893">
     <span class='ocr_line' id='line_1_71' title="bbox 369 3816 1939 3893; baseline 0.005 -25"><span class='ocrx_word' id='word_1_493' title='bbox 369 3816 429 3869; x_wconf 80' lang='grc' dir='ltr'>δὲ</span> <span class='ocrx_word' id='word_1_494' title='bbox 458 3817 584 3886; x_wconf 76' lang='grc' dir='ltr'>περὶ</span> <span class='ocrx_word' id='word_1_495' title='bbox 610 3817 1003 3887; x_wconf 83' lang='grc' dir='ltr'>κεκωλυμένων</span> <span class='ocrx_word' id='word_1_496' title='bbox 1024 3818 1218 3889; x_wconf 90' lang='grc' dir='ltr'>γάμων</span> <span class='ocrx_word' id='word_1_497' title='bbox 1261 3818 1593 3891; x_wconf 87' lang='grc' dir='ltr'>πλατύτερον</span> <span class='ocrx_word' id='word_1_498' title='bbox 1618 3822 1939 3893; x_wconf 75' lang='grc' dir='ltr'>ἐγράψαμεν</span> 
     </span>
    </p>
   </div>
   <div class='ocr_carea' id='block_1_72' title="bbox 374 3908 1938 3985">
    <p class='ocr_par' dir='ltr' id='par_1_72' title="bbox 374 3908 1938 3985">
     <span class='ocr_line' id='line_1_72' title="bbox 374 3908 1938 3985; baseline 0.003 -23"><span class='ocrx_word' id='word_1_499' title='bbox 374 3912 457 3967; x_wconf 82' lang='grc' dir='ltr'>εἰς</span> <span class='ocrx_word' id='word_1_500' title='bbox 486 3910 548 3963; x_wconf 78' lang='grc' dir='ltr'>τὸ</span> <span class='ocrx_word' id='word_1_501' title='bbox 581 3910 626 3981; x_wconf 85' lang='grc' dir='ltr'><strong>β’</strong></span> <span class='ocrx_word' id='word_1_502' title='bbox 686 3927 812 3978; x_wconf 85' lang='grc' dir='ltr'>κεφ.</span> <span class='ocrx_word' id='word_1_503' title='bbox 848 3909 943 3963; x_wconf 79' lang='grc' dir='ltr'>τοῦ</span> <span class='ocrx_word' id='word_1_504' title='bbox 971 3908 1040 3978; x_wconf 87' lang='grc' dir='ltr'>ιγ’</span> <span class='ocrx_word' id='word_1_505' title='bbox 1080 3910 1261 3964; x_wconf 84' lang='grc' dir='ltr'>τίτλου</span> <span class='ocrx_word' id='word_1_506' title='bbox 1284 3910 1377 3964; x_wconf 82' lang='grc' dir='ltr'>τοῦ</span> <span class='ocrx_word' id='word_1_507' title='bbox 1410 3913 1677 3985; x_wconf 88' lang='grc' dir='ltr'>παρόντος</span> <span class='ocrx_word' id='word_1_508' title='bbox 1706 3914 1938 3982; x_wconf 87' lang='grc' dir='ltr'>συντάγ-</span> 
     </span>
    </p>
   </div>
   <div class='ocr_carea' id='block_1_73' title="bbox 375 3998 1937 4076">
    <p class='ocr_par' dir='ltr' id='par_1_73' title="bbox 375 3998 1937 4076">
     <span class='ocr_line' id='line_1_73' title="bbox 375 3998 1937 4076; baseline 0.004 -24"><span class='ocrx_word' id='word_1_509' title='bbox 375 4017 561 4067; x_wconf 84' lang='grc' dir='ltr'>ματος,</span> <span class='ocrx_word' id='word_1_510' title='bbox 593 3998 864 4068; x_wconf 85' lang='grc' dir='ltr'>ἀνάγνωθι</span> <span class='ocrx_word' id='word_1_511' title='bbox 890 4001 1047 4055; x_wconf 81' lang='grc' dir='ltr'>τοῦτο</span> <span class='ocrx_word' id='word_1_512' title='bbox 1077 4002 1170 4055; x_wconf 77' lang='grc' dir='ltr'><strong>καὶ</strong></span> <span class='ocrx_word' id='word_1_513' title='bbox 1192 4002 1261 4055; x_wconf 83' lang='grc' dir='ltr'>τὰ</span> <span class='ocrx_word' id='word_1_514' title='bbox 1288 4003 1346 4055; x_wconf 87' lang='grc' dir='ltr'><strong>ἐν</strong></span> <span class='ocrx_word' id='word_1_515' title='bbox 1368 4002 1515 4073; x_wconf 86' lang='grc' dir='ltr'>αὑτῷ</span> <span class='ocrx_word' id='word_1_516' title='bbox 1537 4003 1937 4076; x_wconf 77' lang='grc' dir='ltr'>χρησιμώτατα</span> 
     </span>
    </p>
   </div>
   <div class='ocr_carea' id='block_1_74' title="bbox 374 4092 518 4147">
    <p class='ocr_par' dir='ltr' id='par_1_74' title="bbox 374 4092 518 4147">
     <span class='ocr_line' id='line_1_74' title="bbox 374 4092 518 4147; baseline 0.014 -2"><span class='ocrx_word' id='word_1_517' title='bbox 374 4092 518 4147; x_wconf 63' lang='grc' dir='ltr'>ὂντα.</span> 
     </span>
    </p>
   </div>
   <div class='ocr_carea' id='block_1_75' title="bbox 440 4182 1939 4260">
    <p class='ocr_par' dir='ltr' id='par_1_75' title="bbox 440 4182 1939 4260">
     <span class='ocr_line' id='line_1_75' title="bbox 440 4182 1939 4260; baseline 0.004 -21"><span class='ocrx_word' id='word_1_518' title='bbox 440 4186 684 4239; x_wconf 83' lang='grc' dir='ltr'><strong>ΖΩΝΑΡ.</strong></span> <span class='ocrx_word' id='word_1_519' title='bbox 725 4182 787 4238; x_wconf 88' lang='lat'><strong>&#39;0</strong></span> <span class='ocrx_word' id='word_1_520' title='bbox 813 4186 984 4255; x_wconf 87' lang='grc' dir='ltr'>μέγας</span> <span class='ocrx_word' id='word_1_521' title='bbox 1008 4187 1305 4255; x_wconf 86' lang='grc' dir='ltr'>Βασίλειος,</span> <span class='ocrx_word' id='word_1_522' title='bbox 1340 4188 1634 4260; x_wconf 80' lang='grc' dir='ltr'>ἐρωτηθεὶς</span> <span class='ocrx_word' id='word_1_523' title='bbox 1657 4192 1705 4244; x_wconf 76' lang='grc' dir='ltr'>εἰ</span> <span class='ocrx_word' id='word_1_524' title='bbox 1726 4188 1939 4246; x_wconf 89' lang='grc' dir='ltr'>δύναιτό</span> 
     </span>
    </p>
   </div>
   <div class='ocr_carea' id='block_1_76' title="bbox 366 4276 1938 4353">
    <p class='ocr_par' dir='ltr' id='par_1_76' title="bbox 366 4276 1938 4353">
     <span class='ocr_line' id='line_1_76' title="bbox 366 4276 1938 4353; baseline 0.003 -23"><span class='ocrx_word' id='word_1_525' title='bbox 366 4295 454 4340; x_wconf 85' lang='grc' dir='ltr'><strong>τις</strong></span> <span class='ocrx_word' id='word_1_526' title='bbox 485 4278 623 4349; x_wconf 86' lang='grc' dir='ltr'><strong>μετά</strong></span> <span class='ocrx_word' id='word_1_527' title='bbox 642 4276 867 4331; x_wconf 90' lang='grc' dir='ltr'>θάνατον</span> <span class='ocrx_word' id='word_1_528' title='bbox 897 4278 993 4346; x_wconf 80' lang='grc' dir='ltr'>τῆς</span> <span class='ocrx_word' id='word_1_529' title='bbox 1026 4279 1161 4342; x_wconf 78' lang='grc' dir='ltr'>ἰδίας</span> <span class='ocrx_word' id='word_1_530' title='bbox 1204 4280 1434 4349; x_wconf 79' lang='grc' dir='ltr'>συμϐίου</span> <span class='ocrx_word' id='word_1_531' title='bbox 1464 4285 1530 4352; x_wconf 82' lang='grc' dir='ltr'>τῇ</span> <span class='ocrx_word' id='word_1_532' title='bbox 1561 4282 1763 4353; x_wconf 82' lang='grc' dir='ltr'>ἀδελφῇ</span> <span class='ocrx_word' id='word_1_533' title='bbox 1796 4283 1938 4336; x_wconf 85' lang='grc' dir='ltr'>ἐκεί-</span> 
     </span>
    </p>
   </div>
   <div class='ocr_carea' id='block_1_77' title="bbox 372 4369 1935 4442">
    <p class='ocr_par' dir='ltr' id='par_1_77' title="bbox 372 4369 1935 4442">
     <span class='ocr_line' id='line_1_77' title="bbox 372 4369 1935 4442; baseline 0.001 -17"><span class='ocrx_word' id='word_1_534' title='bbox 372 4389 467 4440; x_wconf 86' lang='grc' dir='ltr'><strong>νης</strong></span> <span class='ocrx_word' id='word_1_535' title='bbox 500 4369 887 4435; x_wconf 85' lang='grc' dir='ltr'>συνάπτεσθαι,</span> <span class='ocrx_word' id='word_1_536' title='bbox 917 4370 1267 4441; x_wconf 86' lang='grc' dir='ltr'>ἀπηγόρευσε</span> <span class='ocrx_word' id='word_1_537' title='bbox 1296 4370 1474 4426; x_wconf 79' lang='grc' dir='ltr'>τοῦτο.</span> <span class='ocrx_word' id='word_1_538' title='bbox 1507 4372 1616 4425; x_wconf 78' lang='grc' dir='ltr'><strong>Καὶ</strong></span> <span class='ocrx_word' id='word_1_539' title='bbox 1644 4371 1781 4442; x_wconf 83' lang='grc' dir='ltr'>πρὸς</span> <span class='ocrx_word' id='word_1_540' title='bbox 1806 4373 1935 4437; x_wconf 80' lang='grc' dir='ltr'>τοὺς</span> 
     </span>
    </p>
   </div>
   <div class='ocr_carea' id='block_1_78' title="bbox 2034 3252 3681 3331">
    <p class='ocr_par' dir='ltr' id='par_1_78' title="bbox 2034 3252 3681 3331">
     <span class='ocr_line' id='line_1_78' title="bbox 2034 3252 3681 3331; baseline 0.002 -17"><span class='ocrx_word' id='word_1_541' title='bbox 2034 3261 2201 3331; x_wconf 89' lang='lat' dir='ltr'><strong>jecto,</strong></span> <span class='ocrx_word' id='word_1_542' title='bbox 2257 3259 2423 3329; x_wconf 87' lang='lat' dir='ltr'><strong>quod,</strong></span> <span class='ocrx_word' id='word_1_543' title='bbox 2474 3258 2565 3329; x_wconf 86' lang='lat' dir='ltr'><strong>qui</strong></span> <span class='ocrx_word' id='word_1_544' title='bbox 2592 3258 2659 3313; x_wconf 80' lang='lat' dir='ltr'><strong>ab</strong></span> <span class='ocrx_word' id='word_1_545' title='bbox 2688 3258 2797 3314; x_wconf 89' lang='lat' dir='ltr'><strong>illis</strong></span> <span class='ocrx_word' id='word_1_546' title='bbox 2840 3266 3025 3329; x_wconf 87' lang='lat' dir='ltr'><strong>aperte</strong></span> <span class='ocrx_word' id='word_1_547' title='bbox 3066 3259 3360 3330; x_wconf 90' lang='lat' dir='ltr'><strong>desistunt,</strong></span> <span class='ocrx_word' id='word_1_548' title='bbox 3411 3261 3463 3316; x_wconf 92' lang='lat' dir='ltr'><strong>id</strong></span> <span class='ocrx_word' id='word_1_549' title='bbox 3506 3269 3593 3317; x_wconf 85' lang='lat' dir='ltr'><strong>est</strong></span> <span class='ocrx_word' id='word_1_550' title='bbox 3676 3252 3681 3257; x_wconf 56' lang='grc'><em>’</em></span> 
     </span>
    </p>
   </div>
   <div class='ocr_carea' id='block_1_79' title="bbox 2038 3351 3587 3421">
    <p class='ocr_par' dir='ltr' id='par_1_79' title="bbox 2038 3351 3587 3421">
     <span class='ocr_line' id='line_1_79' title="bbox 2038 3351 3587 3421; baseline -0.001 -11"><span class='ocrx_word' id='word_1_551' title='bbox 2038 3368 2162 3410; x_wconf 91' lang='lat' dir='ltr'><strong>cum</strong></span> <span class='ocrx_word' id='word_1_552' title='bbox 2194 3353 2573 3418; x_wconf 86' lang='lat' dir='ltr'><strong>confessione,</strong></span> <span class='ocrx_word' id='word_1_553' title='bbox 2613 3360 2668 3408; x_wconf 91' lang='lat' dir='ltr'><strong>et</strong></span> <span class='ocrx_word' id='word_1_554' title='bbox 2712 3351 2833 3407; x_wconf 92' lang='lat' dir='ltr'><strong>sine</strong></span> <span class='ocrx_word' id='word_1_555' title='bbox 2856 3351 3312 3408; x_wconf 83' lang='lat' dir='ltr'><strong>condemnatione</strong></span> <span class='ocrx_word' id='word_1_556' title='bbox 3335 3391 3353 3421; x_wconf 91' lang='lat'><strong>,</strong></span> <span class='ocrx_word' id='word_1_557' title='bbox 3387 3370 3453 3408; x_wconf 88' lang='lat' dir='ltr'><strong>ex</strong></span> <span class='ocrx_word' id='word_1_558' title='bbox 3498 3368 3587 3409; x_wconf 84' lang='lat' dir='ltr'><strong>se-</strong></span> 
     </span>
    </p>
   </div>
   <div class='ocr_carea' id='block_1_80' title="bbox 2039 3444 3591 3516">
    <p class='ocr_par' dir='ltr' id='par_1_80' title="bbox 2039 3444 3591 3516">
     <span class='ocr_line' id='line_1_80' title="bbox 2039 3444 3591 3516; baseline 0.001 -17"><span class='ocrx_word' id='word_1_559' title='bbox 2039 3445 2245 3516; x_wconf 90' lang='lat' dir='ltr'><strong>ptennii</strong></span> <span class='ocrx_word' id='word_1_560' title='bbox 2279 3460 2487 3500; x_wconf 88' lang='lat' dir='ltr'><strong>canone</strong></span> <span class='ocrx_word' id='word_1_561' title='bbox 2510 3444 2857 3515; x_wconf 60' lang='lat' dir='ltr'><strong>puniuntur;</strong></span> <span class='ocrx_word' id='word_1_562' title='bbox 2902 3453 2960 3498; x_wconf 89' lang='lat' dir='ltr'><strong>ut</strong></span> <span class='ocrx_word' id='word_1_563' title='bbox 2992 3444 3340 3500; x_wconf 90' lang='lat' dir='ltr'><strong>manifestum</strong></span> <span class='ocrx_word' id='word_1_564' title='bbox 3384 3446 3456 3500; x_wconf 90' lang='lat' dir='ltr'><strong>sit</strong></span> <span class='ocrx_word' id='word_1_565' title='bbox 3494 3460 3591 3502; x_wconf 84' lang='lat' dir='ltr'><strong>eos</strong></span> 
     </span>
    </p>
   </div>
   <div class='ocr_carea' id='block_1_81' title="bbox 2038 3534 3589 3607">
    <p class='ocr_par' dir='ltr' id='par_1_81' title="bbox 2038 3534 3589 3607">
     <span class='ocr_line' id='line_1_81' title="bbox 2038 3534 3589 3607; baseline 0.001 -14"><span class='ocrx_word' id='word_1_566' title='bbox 2038 3539 2412 3594; x_wconf 84' lang='lat' dir='ltr'><strong>vehementius</strong></span> <span class='ocrx_word' id='word_1_567' title='bbox 2443 3537 2653 3607; x_wconf 89' lang='lat' dir='ltr'><strong>punire,</strong></span> <span class='ocrx_word' id='word_1_568' title='bbox 2685 3536 2776 3607; x_wconf 88' lang='lat' dir='ltr'><strong>qui</strong></span> <span class='ocrx_word' id='word_1_569' title='bbox 2818 3551 2925 3591; x_wconf 91' lang='lat' dir='ltr'><strong>non</strong></span> <span class='ocrx_word' id='word_1_570' title='bbox 2969 3534 3129 3591; x_wconf 84' lang='lat' dir='ltr'><strong>facile</strong></span> <span class='ocrx_word' id='word_1_571' title='bbox 3167 3535 3459 3602; x_wconf 88' lang='lat' dir='ltr'><strong>desistunt,</strong></span> <span class='ocrx_word' id='word_1_572' title='bbox 3493 3538 3589 3594; x_wconf 87' lang='lat' dir='ltr'><strong>sed</strong></span> 
     </span>
    </p>
   </div>
   <div class='ocr_carea' id='block_1_82' title="bbox 2038 3625 3649 3698">
    <p class='ocr_par' dir='ltr' id='par_1_82' title="bbox 2038 3625 3649 3698">
     <span class='ocr_line' id='line_1_82' title="bbox 2038 3625 3649 3698; baseline -0.001 -13"><span class='ocrx_word' id='word_1_573' title='bbox 2038 3625 2633 3685; x_wconf 77' lang='lat' dir='ltr'><strong>condemnautur.liOc</strong></span> <span class='ocrx_word' id='word_1_574' title='bbox 2660 3628 2803 3681; x_wconf 84' lang='lat' dir='ltr'><strong>enim</strong></span> <span class='ocrx_word' id='word_1_575' title='bbox 2836 3635 3061 3698; x_wconf 89' lang='lat' dir='ltr'><strong>apparet</strong></span> <span class='ocrx_word' id='word_1_576' title='bbox 3107 3643 3173 3682; x_wconf 90' lang='lat' dir='ltr'><strong>ex</strong></span> <span class='ocrx_word' id='word_1_577' title='bbox 3216 3628 3397 3683; x_wconf 87' lang='lat' dir='ltr'><strong>verbis</strong></span> <span class='ocrx_word' id='word_1_578' title='bbox 3423 3644 3591 3684; x_wconf 88' lang='lat' dir='ltr'><strong>cano-</strong></span> <span class='ocrx_word' id='word_1_579' title='bbox 3640 3648 3649 3659; x_wconf 56' lang='grc' dir='ltr'><strong>κ</strong></span> 
     </span>
    </p>
   </div>
   <div class='ocr_carea' id='block_1_83' title="bbox 2038 3717 3588 3791">
    <p class='ocr_par' dir='ltr' id='par_1_83' title="bbox 2038 3717 3588 3791">
     <span class='ocr_line' id='line_1_83' title="bbox 2038 3717 3588 3791; baseline 0.001 -15"><span class='ocrx_word' id='word_1_580' title='bbox 2038 3722 2147 3786; x_wconf 89' lang='lat' dir='ltr'><strong>nis,</strong></span> <span class='ocrx_word' id='word_1_581' title='bbox 2178 3736 2297 3791; x_wconf 85' lang='lat' dir='ltr'><strong>quae</strong></span> <span class='ocrx_word' id='word_1_582' title='bbox 2324 3720 2542 3775; x_wconf 87' lang='lat' dir='ltr'><strong>dicunt:</strong></span> <span class='ocrx_word' id='word_1_583' title='bbox 2572 3718 2667 3773; x_wconf 85' lang='lat' dir='ltr'><strong>His</strong></span> <span class='ocrx_word' id='word_1_584' title='bbox 2689 3730 2871 3789; x_wconf 90' lang='lat' dir='ltr'><strong>aperte</strong></span> <span class='ocrx_word' id='word_1_585' title='bbox 2907 3717 3296 3775; x_wconf 89' lang='lat' dir='ltr'><strong>desistentibus</strong></span> <span class='ocrx_word' id='word_1_586' title='bbox 3319 3734 3349 3774; x_wconf 88' lang='lat' dir='ltr'><strong>a</strong></span> <span class='ocrx_word' id='word_1_587' title='bbox 3376 3720 3588 3777; x_wconf 87' lang='lat' dir='ltr'><strong>nefario</strong></span> 
     </span>
    </p>
   </div>
   <div class='ocr_carea' id='block_1_84' title="bbox 2038 3810 3583 3882">
    <p class='ocr_par' dir='ltr' id='par_1_84' title="bbox 2038 3810 3583 3882">
     <span class='ocr_line' id='line_1_84' title="bbox 2038 3810 3583 3882; baseline -0.002 -12"><span class='ocrx_word' id='word_1_588' title='bbox 2038 3813 2417 3870; x_wconf 90' lang='lat' dir='ltr'><strong>contubernio.</strong></span> <span class='ocrx_word' id='word_1_589' title='bbox 2470 3812 2736 3878; x_wconf 75' lang='lat' dir='ltr'><strong>Quoniam</strong></span> <span class='ocrx_word' id='word_1_590' title='bbox 2790 3818 2972 3867; x_wconf 89' lang='lat' dir='ltr'><strong>autem</strong></span> <span class='ocrx_word' id='word_1_591' title='bbox 3018 3810 3086 3866; x_wconf 88' lang='lat' dir='ltr'><strong>de</strong></span> <span class='ocrx_word' id='word_1_592' title='bbox 3138 3811 3318 3866; x_wconf 87' lang='lat' dir='ltr'><strong>vetitis</strong></span> <span class='ocrx_word' id='word_1_593' title='bbox 3376 3814 3583 3882; x_wconf 88' lang='lat' dir='ltr'><strong>nuptiis</strong></span> 
     </span>
    </p>
   </div>
   <div class='ocr_carea' id='block_1_85' title="bbox 2037 3892 3582 3973">
    <p class='ocr_par' dir='ltr' id='par_1_85' title="bbox 2037 3892 3582 3973">
     <span class='ocr_line' id='line_1_85' title="bbox 2037 3892 3582 3973; baseline -0.001 -15"><span class='ocrx_word' id='word_1_594' title='bbox 2037 3902 2185 3959; x_wconf 84' lang='lat' dir='ltr'><strong>aliud</strong></span> <span class='ocrx_word' id='word_1_595' title='bbox 2211 3901 2529 3973; x_wconf 89' lang='lat' dir='ltr'><strong>scripsimus</strong></span> <span class='ocrx_word' id='word_1_596' title='bbox 2580 3901 2634 3956; x_wconf 91' lang='lat' dir='ltr'><strong>in</strong></span> <span class='ocrx_word' id='word_1_597' title='bbox 2669 3892 2724 3968; x_wconf 60' lang='grc' dir='ltr'>ἓ,</span> <span class='ocrx_word' id='word_1_598' title='bbox 2758 3916 2879 3967; x_wconf 88' lang='lat' dir='ltr'><strong>cap.</strong></span> <span class='ocrx_word' id='word_1_599' title='bbox 2914 3902 2969 3966; x_wconf 82' lang='lat'><strong>5,</strong></span> <span class='ocrx_word' id='word_1_600' title='bbox 2998 3902 3081 3957; x_wconf 93' lang='lat' dir='ltr'><strong>tit.</strong></span> <span class='ocrx_word' id='word_1_601' title='bbox 3119 3902 3399 3972; x_wconf 84' lang='lat' dir='ltr'><strong>praesentis</strong></span> <span class='ocrx_word' id='word_1_602' title='bbox 3451 3918 3582 3973; x_wconf 86' lang='lat' dir='ltr'><strong>ope-</strong></span> 
     </span>
    </p>
   </div>
   <div class='ocr_carea' id='block_1_86' title="bbox 2037 3977 3585 4065">
    <p class='ocr_par' dir='ltr' id='par_1_86' title="bbox 2037 3977 3585 4065">
     <span class='ocr_line' id='line_1_86' title="bbox 2037 3977 3585 4065; baseline 0 -15"><span class='ocrx_word' id='word_1_603' title='bbox 2037 3998 2139 4061; x_wconf 87' lang='lat' dir='ltr'><strong>ris,</strong></span> <span class='ocrx_word' id='word_1_604' title='bbox 2186 3988 2237 4049; x_wconf 82' lang='lat' dir='ltr'><strong>id</strong></span> <span class='ocrx_word' id='word_1_605' title='bbox 2284 3995 2418 4065; x_wconf 83' lang='lat' dir='ltr'><strong>lege,</strong></span> <span class='ocrx_word' id='word_1_606' title='bbox 2449 4002 2504 4050; x_wconf 91' lang='lat' dir='ltr'><strong>et</strong></span> <span class='ocrx_word' id='word_1_607' title='bbox 2538 4010 2658 4063; x_wconf 62' lang='lat' dir='ltr'><strong>quae</strong></span> <span class='ocrx_word' id='word_1_608' title='bbox 2694 3993 2750 4048; x_wconf 89' lang='lat' dir='ltr'><strong>in</strong></span> <span class='ocrx_word' id='word_1_609' title='bbox 2794 3994 2972 4064; x_wconf 90' lang='lat' dir='ltr'><strong>ipsum</strong></span> <span class='ocrx_word' id='word_1_610' title='bbox 3011 3995 3229 4063; x_wconf 84' lang='lat' dir='ltr'><strong>scripta</strong></span> <span class='ocrx_word' id='word_1_611' title='bbox 3255 3977 3400 4048; x_wconf 30' lang='lat' dir='ltr'><strong>sunt.</strong></span> <span class='ocrx_word' id='word_1_612' title='bbox 3426 3994 3585 4065; x_wconf 81' lang='lat' dir='ltr'><strong>longe</strong></span> 
     </span>
    </p>
   </div>
   <div class='ocr_carea' id='block_1_87' title="bbox 2037 4089 2339 4144">
    <p class='ocr_par' dir='ltr' id='par_1_87' title="bbox 2037 4089 2339 4144">
     <span class='ocr_line' id='line_1_87' title="bbox 2037 4089 2339 4144; baseline -0.017 0"><span class='ocrx_word' id='word_1_613' title='bbox 2037 4089 2339 4144; x_wconf 85' lang='lat' dir='ltr'><strong>utilissima.</strong></span> 
     </span>
    </p>
   </div>
   <div class='ocr_carea' id='block_1_88' title="bbox 2106 4181 3579 4255">
    <p class='ocr_par' dir='ltr' id='par_1_88' title="bbox 2106 4181 3579 4255">
     <span class='ocr_line' id='line_1_88' title="bbox 2106 4181 3579 4255; baseline 0.003 -20"><span class='ocrx_word' id='word_1_614' title='bbox 2106 4181 2355 4238; x_wconf 79' lang='lat' dir='ltr'><strong>ZONAR.</strong></span> <span class='ocrx_word' id='word_1_615' title='bbox 2384 4182 2517 4239; x_wconf 89' lang='lat' dir='ltr'><strong>Cum</strong></span> <span class='ocrx_word' id='word_1_616' title='bbox 2548 4182 2613 4239; x_wconf 91' lang='lat' dir='ltr'><strong>de</strong></span> <span class='ocrx_word' id='word_1_617' title='bbox 2640 4197 2833 4252; x_wconf 85' lang='lat' dir='ltr'><strong>magno</strong></span> <span class='ocrx_word' id='word_1_618' title='bbox 2866 4181 3067 4239; x_wconf 90' lang='lat' dir='ltr'><strong>Basilio</strong></span> <span class='ocrx_word' id='word_1_619' title='bbox 3105 4186 3391 4255; x_wconf 75' lang='lat' dir='ltr'><strong>‘quacsitum</strong></span> <span class='ocrx_word' id='word_1_620' title='bbox 3416 4192 3579 4252; x_wconf 88' lang='lat' dir='ltr'><strong>esset,</strong></span> 
     </span>
    </p>
   </div>
   <div class='ocr_carea' id='block_1_89' title="bbox 2036 4271 3573 4340">
    <p class='ocr_par' dir='ltr' id='par_1_89' title="bbox 2036 4271 3573 4340">
     <span class='ocr_line' id='line_1_89' title="bbox 2036 4271 3573 4340; baseline -0.003 -12"><span class='ocrx_word' id='word_1_621' title='bbox 2036 4288 2103 4328; x_wconf 89' lang='lat' dir='ltr'><strong>an</strong></span> <span class='ocrx_word' id='word_1_622' title='bbox 2152 4271 2347 4327; x_wconf 85' lang='lat' dir='ltr'><strong>marito</strong></span> <span class='ocrx_word' id='word_1_623' title='bbox 2381 4271 2639 4327; x_wconf 67' lang='lat' dir='ltr'><strong>defunctae</strong></span> <span class='ocrx_word' id='word_1_624' title='bbox 2685 4271 2868 4325; x_wconf 84' lang='lat' dir='ltr'><strong>uxoris</strong></span> <span class='ocrx_word' id='word_1_625' title='bbox 2910 4272 3013 4326; x_wconf 89' lang='lat' dir='ltr'><strong>sibi</strong></span> <span class='ocrx_word' id='word_1_626' title='bbox 3060 4271 3405 4326; x_wconf 86' lang='lat' dir='ltr'><strong>matrimonio</strong></span> <span class='ocrx_word' id='word_1_627' title='bbox 3458 4271 3573 4340; x_wconf 83' lang='lat' dir='ltr'><strong>juu-</strong></span> 
     </span>
    </p>
   </div>
   <div class='ocr_carea' id='block_1_90' title="bbox 2038 4363 3582 4438">
    <p class='ocr_par' dir='ltr' id='par_1_90' title="bbox 2038 4363 3582 4438">
     <span class='ocr_line' id='line_1_90' title="bbox 2038 4363 3582 4438; baseline -0.003 -16"><span class='ocrx_word' id='word_1_628' title='bbox 2038 4367 2193 4438; x_wconf 86' lang='lat' dir='ltr'><strong>gendi</strong></span> <span class='ocrx_word' id='word_1_629' title='bbox 2227 4365 2453 4420; x_wconf 86' lang='lat' dir='ltr'><strong>facultas</strong></span> <span class='ocrx_word' id='word_1_630' title='bbox 2480 4372 2643 4429; x_wconf 86' lang='lat' dir='ltr'><strong>esset,</strong></span> <span class='ocrx_word' id='word_1_631' title='bbox 2676 4364 2768 4419; x_wconf 90' lang='lat' dir='ltr'><strong>ille</strong></span> <span class='ocrx_word' id='word_1_632' title='bbox 2798 4379 2927 4419; x_wconf 88' lang='lat' dir='ltr'><strong>vero</strong></span> <span class='ocrx_word' id='word_1_633' title='bbox 2962 4366 3179 4435; x_wconf 87' lang='lat' dir='ltr'><strong>negavit</strong></span> <span class='ocrx_word' id='word_1_634' title='bbox 3202 4365 3385 4419; x_wconf 92' lang='lat' dir='ltr'><strong>licere.</strong></span> <span class='ocrx_word' id='word_1_635' title='bbox 3418 4363 3582 4430; x_wconf 84' lang='lat' dir='ltr'><strong>Tum,</strong></span> 
     </span>
    </p>
   </div>
   <div class='ocr_carea' id='block_1_91' title="bbox 376 4454 1934 4532">
    <p class='ocr_par' dir='ltr' id='par_1_91' title="bbox 376 4458 1934 4532">
     <span class='ocr_line' id='line_1_91' title="bbox 376 4458 1934 4532; baseline 0.004 -21"><span class='ocrx_word' id='word_1_636' title='bbox 376 4460 427 4511; x_wconf 79' lang='grc' dir='ltr'><strong>τὸ</strong></span> <span class='ocrx_word' id='word_1_637' title='bbox 458 4459 699 4511; x_wconf 85' lang='grc' dir='ltr'>ἐναντίον</span> <span class='ocrx_word' id='word_1_638' title='bbox 739 4458 1067 4527; x_wconf 81' lang='grc' dir='ltr'>φρονοῦντας</span> <span class='ocrx_word' id='word_1_639' title='bbox 1120 4462 1335 4531; x_wconf 77' lang='grc' dir='ltr'>γράψας</span> <span class='ocrx_word' id='word_1_640' title='bbox 1387 4462 1480 4515; x_wconf 82' lang='grc' dir='ltr'><strong>τὸν</strong></span> <span class='ocrx_word' id='word_1_641' title='bbox 1526 4464 1726 4516; x_wconf 77' lang='grc' dir='ltr'>οἰκεῖον</span> <span class='ocrx_word' id='word_1_642' title='bbox 1780 4464 1934 4532; x_wconf 88' lang='grc' dir='ltr'>λόγον</span> 
     </span>
    </p>
   </div>
   <div class='ocr_carea' id='block_1_92' title="bbox 2034 4454 3591 4532">
    <p class='ocr_par' dir='ltr' id='par_1_92' title="bbox 2042 4454 3591 4527">
     <span class='ocr_line' id='line_1_92' title="bbox 2042 4454 3591 4527; baseline -0.002 -16"><span class='ocrx_word' id='word_1_643' title='bbox 2042 4458 2302 4513; x_wconf 90' lang='lat' dir='ltr'><strong>adversus</strong></span> <span class='ocrx_word' id='word_1_644' title='bbox 2333 4471 2424 4512; x_wconf 88' lang='lat' dir='ltr'><strong>eos</strong></span> <span class='ocrx_word' id='word_1_645' title='bbox 2450 4456 2541 4527; x_wconf 90' lang='lat' dir='ltr'><strong>qui</strong></span> <span class='ocrx_word' id='word_1_646' title='bbox 2571 4471 2730 4511; x_wconf 87' lang='lat' dir='ltr'><strong>secus</strong></span> <span class='ocrx_word' id='word_1_647' title='bbox 2766 4454 3137 4526; x_wconf 89' lang='lat' dir='ltr'><strong>opinabantur</strong></span> <span class='ocrx_word' id='word_1_648' title='bbox 3161 4455 3435 4519; x_wconf 88' lang='lat' dir='ltr'><strong>scribens,</strong></span> <span class='ocrx_word' id='word_1_649' title='bbox 3458 4471 3591 4509; x_wconf 79' lang='lat' dir='ltr'><strong>sen-</strong></span> 
     </span>
    </p>
   </div>
   <div class='ocr_carea' id='block_1_93' title="bbox 374 4540 1935 4625">
    <p class='ocr_par' dir='ltr' id='par_1_93' title="bbox 374 4540 1935 4625">
     <span class='ocr_line' id='line_1_93' title="bbox 374 4540 1935 4625; baseline 0.004 -24"><span class='ocrx_word' id='word_1_650' title='bbox 374 4550 727 4619; x_wconf 81' lang='grc' dir='ltr'>γενναιότατα</span> <span class='ocrx_word' id='word_1_651' title='bbox 755 4552 1149 4616; x_wconf 84' lang='grc' dir='ltr'>κατεσκεύασε,</span> <span class='ocrx_word' id='word_1_652' title='bbox 1179 4554 1272 4605; x_wconf 75' lang='grc' dir='ltr'>καὶ</span> <span class='ocrx_word' id='word_1_653' title='bbox 1304 4553 1468 4619; x_wconf 78' lang='grc' dir='ltr'>ἀξίως</span> <span class='ocrx_word' id='word_1_654' title='bbox 1503 4552 1595 4606; x_wconf 83' lang='grc' dir='ltr'>τοῦ</span> <span class='ocrx_word' id='word_1_655' title='bbox 1619 4553 1817 4623; x_wconf 82' lang='grc' dir='ltr'>βάθους</span> <span class='ocrx_word' id='word_1_656' title='bbox 1836 4540 1935 4625; x_wconf 63' lang='grc' dir='ltr'>τῆς</span> 
     </span>
    </p>
   </div>
   <div class='ocr_carea' id='block_1_94' title="bbox 370 4637 1929 4719">
    <p class='ocr_par' dir='ltr' id='par_1_94' title="bbox 370 4637 1929 4719">
     <span class='ocr_line' id='line_1_94' title="bbox 370 4637 1929 4719; baseline 0.002 -24"><span class='ocrx_word' id='word_1_657' title='bbox 370 4642 607 4706; x_wconf 75' lang='grc' dir='ltr'>διανοίας</span> <span class='ocrx_word' id='word_1_658' title='bbox 655 4642 840 4698; x_wconf 74' lang='grc' dir='ltr'>αὑτοῦ.</span> <span class='ocrx_word' id='word_1_659' title='bbox 888 4637 1019 4695; x_wconf 81' lang='grc' dir='ltr'>Εἶτα</span> <span class='ocrx_word' id='word_1_660' title='bbox 1072 4644 1166 4696; x_wconf 89' lang='grc' dir='ltr'><strong>καί</strong></span> <span class='ocrx_word' id='word_1_661' title='bbox 1192 4660 1353 4696; x_wconf 88' lang='grc' dir='ltr'>τινων</span> <span class='ocrx_word' id='word_1_662' title='bbox 1393 4645 1649 4715; x_wconf 85' lang='grc' dir='ltr'>ἀθέσμων</span> <span class='ocrx_word' id='word_1_663' title='bbox 1684 4647 1929 4719; x_wconf 84' lang='grc' dir='ltr'>ἐμνήσθη</span> 
     </span>
    </p>
   </div>
   <div class='ocr_carea' id='block_1_95' title="bbox 374 4733 1931 4810">
    <p class='ocr_par' dir='ltr' id='par_1_95' title="bbox 374 4733 1931 4810">
     <span class='ocr_line' id='line_1_95' title="bbox 374 4733 1931 4810; baseline 0.004 -25"><span class='ocrx_word' id='word_1_664' title='bbox 374 4734 563 4803; x_wconf 86' lang='grc' dir='ltr'>γάμων</span> <span class='ocrx_word' id='word_1_665' title='bbox 598 4733 693 4787; x_wconf 71' lang='grc' dir='ltr'>καὶ</span> <span class='ocrx_word' id='word_1_666' title='bbox 728 4735 1231 4805; x_wconf 68' lang='grc' dir='ltr'>ἀπηγορευμένων,</span> <span class='ocrx_word' id='word_1_667' title='bbox 1279 4737 1407 4799; x_wconf 84' lang='grc' dir='ltr'>τοὺς</span> <span class='ocrx_word' id='word_1_668' title='bbox 1453 4737 1648 4800; x_wconf 83' lang='grc' dir='ltr'>ἀλλους</span> <span class='ocrx_word' id='word_1_669' title='bbox 1703 4738 1782 4808; x_wconf 85' lang='grc' dir='ltr'>τῷ</span> <span class='ocrx_word' id='word_1_670' title='bbox 1830 4738 1931 4810; x_wconf 82' lang='grc' dir='ltr'>τῆς</span> 
     </span>
    </p>
   </div>
   <div class='ocr_carea' id='block_1_96' title="bbox 369 4825 1932 4900">
    <p class='ocr_par' dir='ltr' id='par_1_96' title="bbox 369 4825 1932 4900">
     <span class='ocr_line' id='line_1_96' title="bbox 369 4825 1932 4900; baseline 0.002 -19"><span class='ocrx_word' id='word_1_671' title='bbox 369 4827 715 4897; x_wconf 79' lang='grc' dir='ltr'>ἀκαθαρσίας</span> <span class='ocrx_word' id='word_1_672' title='bbox 743 4827 964 4896; x_wconf 78' lang='grc' dir='ltr'>ὀνόματι</span> <span class='ocrx_word' id='word_1_673' title='bbox 1016 4825 1461 4896; x_wconf 81' lang='grc' dir='ltr'>συμπαραλαϐὼν</span> <span class='ocrx_word' id='word_1_674' title='bbox 1485 4828 1580 4881; x_wconf 72' lang='grc' dir='ltr'>καὶ</span> <span class='ocrx_word' id='word_1_675' title='bbox 1602 4829 1932 4900; x_wconf 81' lang='grc' dir='ltr'>παραδηλῶ-</span> 
     </span>
    </p>
   </div>
   <div class='ocr_carea' id='block_1_97' title="bbox 369 4916 1932 4989">
    <p class='ocr_par' dir='ltr' id='par_1_97' title="bbox 369 4916 1932 4989">
     <span class='ocr_line' id='line_1_97' title="bbox 369 4916 1932 4989; baseline 0.003 -18"><span class='ocrx_word' id='word_1_676' title='bbox 369 4936 491 4982; x_wconf 88' lang='grc' dir='ltr'>σας.</span> <span class='ocrx_word' id='word_1_677' title='bbox 544 4918 611 4971; x_wconf 87' lang='grc' dir='ltr'><strong>Ἦ</strong></span> <span class='ocrx_word' id='word_1_678' title='bbox 648 4918 706 4971; x_wconf 86' lang='grc' dir='ltr'>δὲ</span> <span class='ocrx_word' id='word_1_679' title='bbox 756 4921 883 4987; x_wconf 75' lang='grc' dir='ltr'>περὶ</span> <span class='ocrx_word' id='word_1_680' title='bbox 929 4916 1138 4971; x_wconf 90' lang='grc' dir='ltr'>τούτων</span> <span class='ocrx_word' id='word_1_681' title='bbox 1191 4918 1418 4989; x_wconf 76' lang='grc' dir='ltr'>διαταγὴ</span> <span class='ocrx_word' id='word_1_682' title='bbox 1455 4919 1515 4972; x_wconf 84' lang='grc' dir='ltr'><strong>ἐν</strong></span> <span class='ocrx_word' id='word_1_683' title='bbox 1560 4921 1671 4983; x_wconf 86' lang='grc' dir='ltr'>τοῖς</span> <span class='ocrx_word' id='word_1_684' title='bbox 1712 4922 1932 4975; x_wconf 90' lang='grc' dir='ltr'>κανόσιν</span> 
     </span>
    </p>
   </div>
   <div class='ocr_carea' id='block_1_98' title="bbox 368 5008 1930 5080">
    <p class='ocr_par' dir='ltr' id='par_1_98' title="bbox 368 5008 1930 5080">
     <span class='ocr_line' id='line_1_98' title="bbox 368 5008 1930 5080; baseline 0.002 -19"><span class='ocrx_word' id='word_1_685' title='bbox 368 5009 672 5080; x_wconf 77' lang='grc' dir='ltr'>ὴρίθμηται</span> <span class='ocrx_word' id='word_1_686' title='bbox 701 5010 793 5063; x_wconf 82' lang='grc' dir='ltr'>τοῦ</span> <span class='ocrx_word' id='word_1_687' title='bbox 823 5010 1123 5078; x_wconf 87' lang='grc' dir='ltr'>θεολήπτου</span> <span class='ocrx_word' id='word_1_688' title='bbox 1155 5008 1365 5078; x_wconf 65' lang='grc' dir='ltr'>Πατρός</span> <span class='ocrx_word' id='word_1_689' title='bbox 1399 5008 1753 5080; x_wconf 84' lang='grc' dir='ltr'>ὀγδοηκοστὸς</span> <span class='ocrx_word' id='word_1_690' title='bbox 1774 5011 1930 5076; x_wconf 78' lang='grc' dir='ltr'>ἕκτος</span> 
     </span>
    </p>
   </div>
   <div class='ocr_carea' id='block_1_99' title="bbox 370 5092 1930 5173">
    <p class='ocr_par' dir='ltr' id='par_1_99' title="bbox 370 5092 1930 5173">
     <span class='ocr_line' id='line_1_99' title="bbox 370 5092 1930 5173; baseline 0 -22"><span class='ocrx_word' id='word_1_691' title='bbox 370 5094 507 5153; x_wconf 83' lang='grc' dir='ltr'>οὖσα</span> <span class='ocrx_word' id='word_1_692' title='bbox 530 5098 709 5154; x_wconf 83' lang='grc' dir='ltr'>κανών</span> <span class='ocrx_word' id='word_1_693' title='bbox 744 5097 879 5172; x_wconf 82' lang='lat'><strong>(59).</strong></span> <span class='ocrx_word' id='word_1_694' title='bbox 915 5098 1099 5169; x_wconf 85' lang='grc' dir='ltr'>Τούτῳ</span> <span class='ocrx_word' id='word_1_695' title='bbox 1118 5092 1212 5151; x_wconf 84' lang='grc' dir='ltr'><strong>οὖν</strong></span> <span class='ocrx_word' id='word_1_696' title='bbox 1242 5095 1320 5167; x_wconf 84' lang='grc' dir='ltr'>τῷ</span> <span class='ocrx_word' id='word_1_697' title='bbox 1348 5098 1535 5151; x_wconf 88' lang='grc' dir='ltr'>κανόνι</span> <span class='ocrx_word' id='word_1_698' title='bbox 1554 5098 1696 5161; x_wconf 82' lang='grc' dir='ltr'>τινὲς</span> <span class='ocrx_word' id='word_1_699' title='bbox 1726 5116 1930 5173; x_wconf 84' lang='grc' dir='ltr'>κεχρη-</span> 
     </span>
    </p>
   </div>
   <div class='ocr_carea' id='block_1_100' title="bbox 2037 4547 3587 4618">
    <p class='ocr_par' dir='ltr' id='par_1_100' title="bbox 2037 4547 3587 4618">
     <span class='ocr_line' id='line_1_100' title="bbox 2037 4547 3587 4618; baseline -0.004 -13"><span class='ocrx_word' id='word_1_700' title='bbox 2037 4550 2254 4605; x_wconf 86' lang='lat' dir='ltr'><strong>tentiam</strong></span> <span class='ocrx_word' id='word_1_701' title='bbox 2310 4564 2481 4612; x_wconf 80' lang='lat' dir='ltr'><strong>suam,</strong></span> <span class='ocrx_word' id='word_1_702' title='bbox 2516 4610 2519 4613; x_wconf 28' lang='grc' dir='ltr'><strong>η</strong></span> <span class='ocrx_word' id='word_1_703' title='bbox 2549 4563 2646 4618; x_wconf 89' lang='lat' dir='ltr'><strong>pro</strong></span> <span class='ocrx_word' id='word_1_704' title='bbox 2699 4561 2761 4601; x_wconf 92' lang='lat' dir='ltr'><strong>ea</strong></span> <span class='ocrx_word' id='word_1_705' title='bbox 2799 4562 2904 4617; x_wconf 88' lang='lat' dir='ltr'><strong>qua</strong></span> <span class='ocrx_word' id='word_1_706' title='bbox 2943 4548 3080 4601; x_wconf 92' lang='lat' dir='ltr'><strong>mire</strong></span> <span class='ocrx_word' id='word_1_707' title='bbox 3125 4547 3339 4601; x_wconf 82' lang='lat' dir='ltr'><strong>valebat</strong></span> <span class='ocrx_word' id='word_1_708' title='bbox 3380 4547 3587 4617; x_wconf 81' lang='lat' dir='ltr'><strong>ingenii-</strong></span> 
     </span>
    </p>
   </div>
   <div class='ocr_carea' id='block_1_101' title="bbox 2037 4635 3585 4709">
    <p class='ocr_par' dir='ltr' id='par_1_101' title="bbox 2037 4635 3585 4709">
     <span class='ocr_line' id='line_1_101' title="bbox 2037 4635 3585 4709; baseline -0.001 -19"><span class='ocrx_word' id='word_1_709' title='bbox 2037 4637 2369 4709; x_wconf 71' lang='lat' dir='ltr'><strong>prazstantia,</strong></span> <span class='ocrx_word' id='word_1_710' title='bbox 2418 4638 2628 4708; x_wconf 86' lang='lat' dir='ltr'><strong>egregie</strong></span> <span class='ocrx_word' id='word_1_711' title='bbox 2667 4635 3030 4690; x_wconf 82' lang='lat' dir='ltr'><strong>confirmavit.</strong></span> <span class='ocrx_word' id='word_1_712' title='bbox 3079 4635 3208 4691; x_wconf 89' lang='lat' dir='ltr'><strong>lude</strong></span> <span class='ocrx_word' id='word_1_713' title='bbox 3249 4652 3399 4699; x_wconf 86' lang='lat' dir='ltr'><strong>vero,</strong></span> <span class='ocrx_word' id='word_1_714' title='bbox 3451 4652 3585 4690; x_wconf 57' lang='lat' dir='ltr'><strong>cum:</strong></span> 
     </span>
    </p>
   </div>
   <div class='ocr_carea' id='block_1_102' title="bbox 2039 4728 3583 4800">
    <p class='ocr_par' dir='ltr' id='par_1_102' title="bbox 2039 4728 3583 4800">
     <span class='ocr_line' id='line_1_102' title="bbox 2039 4728 3583 4800; baseline -0.003 -15"><span class='ocrx_word' id='word_1_715' title='bbox 2039 4731 2344 4800; x_wconf 90' lang='lat' dir='ltr'><strong>nuptiarum</strong></span> <span class='ocrx_word' id='word_1_716' title='bbox 2368 4740 2569 4799; x_wconf 65' lang='lat' dir='ltr'><strong>genera</strong></span> <span class='ocrx_word' id='word_1_717' title='bbox 2593 4730 2837 4798; x_wconf 69' lang='lat' dir='ltr'><strong>quamam</strong></span> <span class='ocrx_word' id='word_1_718' title='bbox 2865 4728 3075 4799; x_wconf 84' lang='lat' dir='ltr'><strong>legibus</strong></span> <span class='ocrx_word' id='word_1_719' title='bbox 3110 4728 3399 4783; x_wconf 88' lang='lat' dir='ltr'><strong>interdicta</strong></span> <span class='ocrx_word' id='word_1_720' title='bbox 3423 4728 3583 4798; x_wconf 76' lang='lat' dir='ltr'><strong>sigil—</strong></span> 
     </span>
    </p>
   </div>
   <div class='ocr_carea' id='block_1_103' title="bbox 2036 4818 3579 4889">
    <p class='ocr_par' dir='ltr' id='par_1_103' title="bbox 2036 4818 3579 4889">
     <span class='ocr_line' id='line_1_103' title="bbox 2036 4818 3579 4889; baseline -0.003 -12"><span class='ocrx_word' id='word_1_721' title='bbox 2036 4822 2183 4878; x_wconf 86' lang='lat' dir='ltr'><strong>latim</strong></span> <span class='ocrx_word' id='word_1_722' title='bbox 2224 4831 2742 4883; x_wconf 87' lang='lat' dir='ltr'><strong>commemorasset,</strong></span> <span class='ocrx_word' id='word_1_723' title='bbox 2790 4821 2997 4889; x_wconf 84' lang='lat' dir='ltr'><strong>reliqua</strong></span> <span class='ocrx_word' id='word_1_724' title='bbox 3026 4820 3223 4876; x_wconf 87' lang='lat' dir='ltr'><strong>deinde</strong></span> <span class='ocrx_word' id='word_1_725' title='bbox 3250 4834 3360 4874; x_wconf 93' lang='lat' dir='ltr'><strong>uno</strong></span> <span class='ocrx_word' id='word_1_726' title='bbox 3403 4818 3579 4887; x_wconf 87' lang='lat' dir='ltr'><strong>impu-</strong></span> 
     </span>
    </p>
   </div>
   <div class='ocr_carea' id='block_1_104' title="bbox 2032 4910 3581 4983">
    <p class='ocr_par' dir='ltr' id='par_1_104' title="bbox 2032 4910 3581 4983">
     <span class='ocr_line' id='line_1_104' title="bbox 2032 4910 3581 4983; baseline -0.001 -15"><span class='ocrx_word' id='word_1_727' title='bbox 2032 4910 2208 4971; x_wconf 82' lang='lat' dir='ltr'><strong>ritatis</strong></span> <span class='ocrx_word' id='word_1_728' title='bbox 2250 4916 2505 4970; x_wconf 87' lang='lat' dir='ltr'><strong>vocabulo</strong></span> <span class='ocrx_word' id='word_1_729' title='bbox 2533 4913 2850 4983; x_wconf 83' lang='lat' dir='ltr'><strong>complexus</strong></span> <span class='ocrx_word' id='word_1_730' title='bbox 2879 4920 2963 4967; x_wconf 90' lang='lat' dir='ltr'><strong>est</strong></span> <span class='ocrx_word' id='word_1_731' title='bbox 2993 4921 3046 4967; x_wconf 92' lang='lat' dir='ltr'><strong>et</strong></span> <span class='ocrx_word' id='word_1_732' title='bbox 3075 4913 3357 4967; x_wconf 85' lang='lat' dir='ltr'><strong>iudicavit.</strong></span> <span class='ocrx_word' id='word_1_733' title='bbox 3403 4913 3581 4981; x_wconf 84' lang='lat' dir='ltr'><strong>Atque</strong></span> 
     </span>
    </p>
   </div>
   <div class='ocr_carea' id='block_1_105' title="bbox 2029 5004 3575 5077">
    <p class='ocr_par' dir='ltr' id='par_1_105' title="bbox 2029 5004 3575 5077">
     <span class='ocr_line' id='line_1_105' title="bbox 2029 5004 3575 5077; baseline -0.003 -14"><span class='ocrx_word' id='word_1_734' title='bbox 2029 5007 2144 5063; x_wconf 69' lang='lat' dir='ltr'><strong>haec</strong></span> <span class='ocrx_word' id='word_1_735' title='bbox 2170 5007 2381 5077; x_wconf 87' lang='lat' dir='ltr'><strong>quidem</strong></span> <span class='ocrx_word' id='word_1_736' title='bbox 2430 5007 2508 5061; x_wconf 87' lang='lat' dir='ltr'><strong>sic</strong></span> <span class='ocrx_word' id='word_1_737' title='bbox 2548 5020 2579 5061; x_wconf 89' lang='lat' dir='ltr'><strong>a</strong></span> <span class='ocrx_word' id='word_1_738' title='bbox 2611 5006 2795 5060; x_wconf 87' lang='lat' dir='ltr'><strong>divino</strong></span> <span class='ocrx_word' id='word_1_739' title='bbox 2830 5005 2989 5061; x_wconf 85' lang='lat' dir='ltr'><strong>Patre</strong></span> <span class='ocrx_word' id='word_1_740' title='bbox 3017 5006 3307 5060; x_wconf 87' lang='lat' dir='ltr'><strong>constituta</strong></span> <span class='ocrx_word' id='word_1_741' title='bbox 3334 5004 3575 5075; x_wconf 86' lang='lat' dir='ltr'><strong>ejusdem</strong></span> 
     </span>
    </p>
   </div>
   <div class='ocr_carea' id='block_1_106' title="bbox 2030 5095 3577 5170">
    <p class='ocr_par' dir='ltr' id='par_1_106' title="bbox 2030 5095 3577 5170">
     <span class='ocr_line' id='line_1_106' title="bbox 2030 5095 3577 5170; baseline -0.003 -15"><span class='ocrx_word' id='word_1_742' title='bbox 2030 5096 2360 5170; x_wconf 85' lang='lat' dir='ltr'><strong>octogesimo</strong></span> <span class='ocrx_word' id='word_1_743' title='bbox 2412 5104 2568 5155; x_wconf 85' lang='lat' dir='ltr'><strong>sexto</strong></span> <span class='ocrx_word' id='word_1_744' title='bbox 2612 5110 2821 5152; x_wconf 87' lang='lat' dir='ltr'><strong>canone</strong></span> <span class='ocrx_word' id='word_1_745' title='bbox 2858 5096 3130 5165; x_wconf 84' lang='lat' dir='ltr'><strong>explicata</strong></span> <span class='ocrx_word' id='word_1_746' title='bbox 3182 5097 3446 5167; x_wconf 88' lang='lat' dir='ltr'><strong>reperias.</strong></span> <span class='ocrx_word' id='word_1_747' title='bbox 3497 5095 3577 5150; x_wconf 87' lang='lat' dir='ltr'><strong>Eo</strong></span> 
     </span>
    </p>
   </div>
   <div class='ocr_carea' id='block_1_107' title="bbox 1586 5213 2362 5297">
    <p class='ocr_par' dir='ltr' id='par_1_107' title="bbox 1586 5213 2362 5297">
     <span class='ocr_line' id='line_1_107' title="bbox 1586 5213 2362 5297; baseline 0 -23"><span class='ocrx_word' id='word_1_748' title='bbox 1586 5213 1781 5276; x_wconf 90' lang='lat' dir='ltr'><strong>Guill.</strong></span> <span class='ocrx_word' id='word_1_749' title='bbox 1812 5215 2142 5297; x_wconf 82' lang='lat' dir='ltr'><strong>Beveregii</strong></span> <span class='ocrx_word' id='word_1_750' title='bbox 2176 5222 2362 5275; x_wconf 68' lang='lat' dir='ltr'><strong>noue.</strong></span> 
     </span>
    </p>
   </div>
   <div class='ocr_carea' id='block_1_108' title="bbox 439 5314 1918 5391">
    <p class='ocr_par' dir='ltr' id='par_1_108' title="bbox 439 5314 1918 5391">
     <span class='ocr_line' id='line_1_108' title="bbox 439 5314 1918 5391; baseline 0 -16"><span class='ocrx_word' id='word_1_751' title='bbox 439 5318 552 5391; x_wconf 86' lang='lat'><strong>(58)</strong></span> <span class='ocrx_word' id='word_1_752' title='bbox 591 5319 700 5375; x_wconf 76' lang='grc' dir='ltr'><strong>Καὶ</strong></span> <span class='ocrx_word' id='word_1_753' title='bbox 727 5318 824 5374; x_wconf 83' lang='grc' dir='ltr'>διὰ</span> <span class='ocrx_word' id='word_1_754' title='bbox 844 5318 1126 5388; x_wconf 73' lang='grc' dir='ltr'>ῥημάτων</span> <span class='ocrx_word' id='word_1_755' title='bbox 1454 5314 1580 5391; x_wconf 70' lang='lat' dir='ltr'><strong>Haec</strong></span> <span class='ocrx_word' id='word_1_756' title='bbox 1630 5330 1806 5387; x_wconf 83' lang='lat' dir='ltr'><strong>usque</strong></span> <span class='ocrx_word' id='word_1_757' title='bbox 1852 5319 1918 5375; x_wconf 83' lang='lat' dir='ltr'><strong>ad</strong></span> 
     </span>
    </p>
   </div>
   <div class='ocr_carea' id='block_1_109' title="bbox 368 5386 1785 5447">
    <p class='ocr_par' dir='ltr' id='par_1_109' title="bbox 368 5386 1785 5447">
     <span class='ocr_line' id='line_1_109' title="bbox 368 5386 1785 5447; baseline -0.001 -3"><span class='ocrx_word' id='word_1_758' title='bbox 368 5386 507 5444; x_wconf 75' lang='grc' dir='ltr'>ἀλλὰ</span> <span class='ocrx_word' id='word_1_759' title='bbox 533 5386 631 5444; x_wconf 73' lang='grc' dir='ltr'><strong>καὶ</strong></span> <span class='ocrx_word' id='word_1_760' title='bbox 673 5392 725 5443; x_wconf 92' lang='lat' dir='ltr'><strong>in</strong></span> <span class='ocrx_word' id='word_1_761' title='bbox 758 5386 863 5445; x_wconf 78' lang='lat' dir='ltr'><strong>ms.</strong></span> <span class='ocrx_word' id='word_1_762' title='bbox 907 5386 1339 5443; x_wconf 71' lang='lat' dir='ltr'><strong>Amerbachiano</strong></span> <span class='ocrx_word' id='word_1_763' title='bbox 1385 5386 1785 5447; x_wconf 81' lang='lat' dir='ltr'><strong>desiderantur.</strong></span> 
     </span>
    </p>
   </div>
   <div class='ocr_carea' id='block_1_110' title="bbox 444 5451 1917 5529">
    <p class='ocr_par' dir='ltr' id='par_1_110' title="bbox 444 5451 1917 5529">
     <span class='ocr_line' id='line_1_110' title="bbox 444 5451 1917 5529; baseline -0.002 -13"><span class='ocrx_word' id='word_1_764' title='bbox 444 5461 553 5528; x_wconf 85' lang='lat'><strong>(59)</strong></span> <span class='ocrx_word' id='word_1_765' title='bbox 574 5459 1001 5529; x_wconf 79' lang='grc' dir='ltr'>Ὄγδοηκοστός</span> <span class='ocrx_word' id='word_1_766' title='bbox 1024 5459 1198 5529; x_wconf 77' lang='grc' dir='ltr'>ἕκτος</span> <span class='ocrx_word' id='word_1_767' title='bbox 1214 5451 1375 5529; x_wconf 76' lang='grc' dir='ltr'>οὖσα</span> <span class='ocrx_word' id='word_1_768' title='bbox 1405 5455 1620 5509; x_wconf 79' lang='grc' dir='ltr'><strong>κανών.</strong></span> <span class='ocrx_word' id='word_1_769' title='bbox 1644 5456 1733 5512; x_wconf 91' lang='lat' dir='ltr'><strong>Sic</strong></span> <span class='ocrx_word' id='word_1_770' title='bbox 1756 5459 1917 5513; x_wconf 89' lang='lat' dir='ltr'><strong>etiam</strong></span> 
     </span>
    </p>
   </div>
   <div class='ocr_carea' id='block_1_111' title="bbox 370 5526 1921 5590">
    <p class='ocr_par' dir='ltr' id='par_1_111' title="bbox 370 5526 1921 5590">
     <span class='ocr_line' id='line_1_111' title="bbox 370 5526 1921 5590; baseline -0.002 -3"><span class='ocrx_word' id='word_1_771' title='bbox 370 5526 661 5588; x_wconf 76' lang='lat' dir='ltr'><strong>Balsamou</strong></span> <span class='ocrx_word' id='word_1_772' title='bbox 692 5531 836 5583; x_wconf 86' lang='lat' dir='ltr'><strong>hunc</strong></span> <span class='ocrx_word' id='word_1_773' title='bbox 867 5531 1039 5584; x_wconf 86' lang='lat' dir='ltr'><strong>sancti</strong></span> <span class='ocrx_word' id='word_1_774' title='bbox 1065 5526 1245 5583; x_wconf 85' lang='lat' dir='ltr'><strong>Basilii</strong></span> <span class='ocrx_word' id='word_1_775' title='bbox 1267 5542 1527 5580; x_wconf 86' lang='lat' dir='ltr'><strong>canonem</strong></span> <span class='ocrx_word' id='word_1_776' title='bbox 1563 5538 1741 5590; x_wconf 85' lang='lat' dir='ltr'><strong>vocat,</strong></span> <span class='ocrx_word' id='word_1_777' title='bbox 1768 5529 1921 5584; x_wconf 87' lang='lat' dir='ltr'><strong>vide-</strong></span> 
     </span>
    </p>
   </div>
   <div class='ocr_carea' id='block_1_112' title="bbox 370 5595 1921 5669">
    <p class='ocr_par' dir='ltr' id='par_1_112' title="bbox 370 5595 1921 5669">
     <span class='ocr_line' id='line_1_112' title="bbox 370 5595 1921 5669; baseline -0.003 -11"><span class='ocrx_word' id='word_1_778' title='bbox 370 5603 500 5658; x_wconf 83' lang='lat' dir='ltr'><strong>licet</strong></span> <span class='ocrx_word' id='word_1_779' title='bbox 531 5599 923 5669; x_wconf 85' lang='lat' dir='ltr'><strong>octogesimum</strong></span> <span class='ocrx_word' id='word_1_780' title='bbox 974 5595 1391 5669; x_wconf 73' lang='lat' dir='ltr'><strong>sextum,_etiam</strong></span> <span class='ocrx_word' id='word_1_781' title='bbox 1416 5597 1470 5651; x_wconf 89' lang='lat' dir='ltr'><strong>in</strong></span> <span class='ocrx_word' id='word_1_782' title='bbox 1497 5610 1603 5669; x_wconf 78' lang='lat' dir='ltr'><strong>uls.</strong></span> <span class='ocrx_word' id='word_1_783' title='bbox 1653 5599 1921 5669; x_wconf 78' lang='lat' dir='ltr'><strong>A‘merba-</strong></span> 
     </span>
    </p>
   </div>
   <div class='ocr_carea' id='block_1_113' title="bbox 372 5665 1920 5733">
    <p class='ocr_par' dir='ltr' id='par_1_113' title="bbox 372 5665 1920 5733">
     <span class='ocr_line' id='line_1_113' title="bbox 372 5665 1920 5733; baseline -0.002 -6"><span class='ocrx_word' id='word_1_784' title='bbox 372 5672 600 5733; x_wconf 86' lang='lat' dir='ltr'><strong>chiano;</strong></span> <span class='ocrx_word' id='word_1_785' title='bbox 637 5665 727 5725; x_wconf 58' lang='lat' dir='ltr'><strong>u&#39;bi</strong></span> <span class='ocrx_word' id='word_1_786' title='bbox 755 5678 937 5722; x_wconf 90' lang='lat' dir='ltr'><strong>tamen</strong></span> <span class='ocrx_word' id='word_1_787' title='bbox 978 5671 1031 5723; x_wconf 88' lang='lat' dir='ltr'><strong>in</strong></span> <span class='ocrx_word' id='word_1_788' title='bbox 1079 5669 1182 5722; x_wconf 89' lang='lat' dir='ltr'><strong>hoc</strong></span> <span class='ocrx_word' id='word_1_789' title='bbox 1217 5665 1442 5721; x_wconf 64' lang='lat' dir='ltr'><strong>Zonaras</strong></span> <span class='ocrx_word' id='word_1_790' title='bbox 1497 5666 1617 5721; x_wconf 91' lang='lat' dir='ltr'><strong>loco</strong></span> <span class='ocrx_word' id='word_1_791' title='bbox 1662 5667 1920 5724; x_wconf 88' lang='lat' dir='ltr'><strong>scribitur</strong></span> 
     </span>
    </p>
   </div>
   <div class='ocr_carea' id='block_1_114' title="bbox 373 5736 1922 5812">
    <p class='ocr_par' dir='ltr' id='par_1_114' title="bbox 373 5736 1922 5812">
     <span class='ocr_line' id='line_1_114' title="bbox 373 5736 1922 5812; baseline -0.002 -17"><span class='ocrx_word' id='word_1_792' title='bbox 373 5739 731 5812; x_wconf 73' lang='grc' dir='ltr'>ὀγδοηκοστὸς</span> <span class='ocrx_word' id='word_1_793' title='bbox 758 5737 961 5804; x_wconf 77' lang='grc' dir='ltr'>ὄγδοος.</span> <span class='ocrx_word' id='word_1_794' title='bbox 994 5736 1307 5812; x_wconf 67' lang='lat' dir='ltr'><strong>thuidem</strong></span> <span class='ocrx_word' id='word_1_795' title='bbox 1340 5737 1393 5792; x_wconf 89' lang='lat' dir='ltr'><strong>in</strong></span> <span class='ocrx_word' id='word_1_796' title='bbox 1416 5744 1625 5812; x_wconf 82' lang='lat' dir='ltr'><strong>_n_o_stra_</strong></span> <span class='ocrx_word' id='word_1_797' title='bbox 1661 5736 1763 5791; x_wconf 86' lang='lat' dir='ltr'><strong>hac</strong></span> <span class='ocrx_word' id='word_1_798' title='bbox 1803 5739 1922 5793; x_wconf 81' lang='lat' dir='ltr'><strong>edi-</strong></span> 
     </span>
    </p>
   </div>
   <div class='ocr_carea' id='block_1_115' title="bbox 383 5806 1917 5879">
    <p class='ocr_par' dir='ltr' id='par_1_115' title="bbox 383 5806 1917 5879">
     <span class='ocr_line' id='line_1_115' title="bbox 383 5806 1917 5879; baseline -0.001 -12"><span class='ocrx_word' id='word_1_799' title='bbox 383 5806 535 5869; x_wconf 76' lang='lat' dir='ltr'><strong>tione</strong></span> <span class='ocrx_word' id='word_1_800' title='bbox 570 5822 841 5875; x_wconf 85' lang='lat' dir='ltr'><strong>cauouum</strong></span> <span class='ocrx_word' id='word_1_801' title='bbox 888 5809 1061 5866; x_wconf 81' lang='lat' dir='ltr'><strong>saneti</strong></span> <span class='ocrx_word' id='word_1_802' title='bbox 1101 5806 1303 5874; x_wconf 74' lang='lat' dir='ltr'><strong>Basilii,</strong></span> <span class='ocrx_word' id='word_1_803' title='bbox 1336 5808 1429 5879; x_wconf 89' lang='lat' dir='ltr'><strong>qui</strong></span> <span class='ocrx_word' id='word_1_804' title='bbox 1451 5807 1539 5864; x_wconf 87' lang='lat' dir='ltr'><strong>hic</strong></span> <span class='ocrx_word' id='word_1_805' title='bbox 1580 5807 1803 5878; x_wconf 83' lang='lat' dir='ltr'><strong>citatur,</strong></span> <span class='ocrx_word' id='word_1_806' title='bbox 1833 5824 1917 5866; x_wconf 53' lang='lat' dir='ltr'><strong>re.</strong></span> 
     </span>
    </p>
   </div>
   <div class='ocr_carea' id='block_1_116' title="bbox 2025 5312 3572 5385">
    <p class='ocr_par' dir='ltr' id='par_1_116' title="bbox 2025 5312 3572 5385">
     <span class='ocr_line' id='line_1_116' title="bbox 2025 5312 3572 5385; baseline -0.001 -11"><span class='ocrx_word' id='word_1_807' title='bbox 2025 5333 2153 5374; x_wconf 82' lang='lat' dir='ltr'><strong>vera</strong></span> <span class='ocrx_word' id='word_1_808' title='bbox 2180 5326 2267 5372; x_wconf 90' lang='lat' dir='ltr'><strong>est</strong></span> <span class='ocrx_word' id='word_1_809' title='bbox 2298 5313 2666 5385; x_wconf 85' lang='lat' dir='ltr'><strong>octogesimus</strong></span> <span class='ocrx_word' id='word_1_810' title='bbox 2697 5321 2941 5371; x_wconf 74' lang='lat' dir='ltr'><strong>octavus.</strong></span> <span class='ocrx_word' id='word_1_811' title='bbox 2974 5312 3031 5369; x_wconf 91' lang='lat' dir='ltr'><strong>ln</strong></span> <span class='ocrx_word' id='word_1_812' title='bbox 3072 5313 3369 5385; x_wconf 82' lang='lat' dir='ltr'><strong>Parisiensi</strong></span> <span class='ocrx_word' id='word_1_813' title='bbox 3388 5324 3572 5372; x_wconf 87' lang='lat' dir='ltr'><strong>autem</strong></span> 
     </span>
    </p>
   </div>
   <div class='ocr_carea' id='block_1_117' title="bbox 2026 5383 3574 5445">
    <p class='ocr_par' dir='ltr' id='par_1_117' title="bbox 2026 5383 3574 5445">
     <span class='ocr_line' id='line_1_117' title="bbox 2026 5383 3574 5445; baseline -0.003 0"><span class='ocrx_word' id='word_1_814' title='bbox 2026 5388 2266 5445; x_wconf 87' lang='lat' dir='ltr'><strong>editione</strong></span> <span class='ocrx_word' id='word_1_815' title='bbox 2322 5383 2724 5442; x_wconf 79' lang='lat' dir='ltr'><strong>nullus~cuivis</strong></span> <span class='ocrx_word' id='word_1_816' title='bbox 2785 5401 2851 5441; x_wconf 87' lang='lat' dir='ltr'><strong>ex</strong></span> <span class='ocrx_word' id='word_1_817' title='bbox 2905 5386 3029 5440; x_wconf 85' lang='lat' dir='ltr'><strong>istis</strong></span> <span class='ocrx_word' id='word_1_818' title='bbox 3080 5383 3383 5441; x_wconf 87' lang='lat' dir='ltr'><strong>canonibus</strong></span> <span class='ocrx_word' id='word_1_819' title='bbox 3435 5388 3574 5441; x_wconf 87' lang='lat' dir='ltr'><strong>ultra</strong></span> 
     </span>
    </p>
   </div>
   <div class='ocr_carea' id='block_1_118' title="bbox 2025 5454 3573 5528">
    <p class='ocr_par' dir='ltr' id='par_1_118' title="bbox 2025 5454 3573 5528">
     <span class='ocr_line' id='line_1_118' title="bbox 2025 5454 3573 5528; baseline -0.002 -14"><span class='ocrx_word' id='word_1_820' title='bbox 2025 5457 2416 5528; x_wconf 75' lang='lat' dir='ltr'><strong>omogesimum</strong></span> <span class='ocrx_word' id='word_1_821' title='bbox 2447 5457 2694 5525; x_wconf 89' lang='lat' dir='ltr'><strong>quintum</strong></span> <span class='ocrx_word' id='word_1_822' title='bbox 2744 5456 3007 5528; x_wconf 87' lang='lat' dir='ltr'><strong>numerus</strong></span> <span class='ocrx_word' id='word_1_823' title='bbox 3063 5454 3380 5528; x_wconf 49' lang='lat' dir='ltr'><strong>apponitur,</strong></span> <span class='ocrx_word' id='word_1_824' title='bbox 3421 5454 3573 5526; x_wconf 82' lang='lat' dir='ltr'><strong>quod</strong></span> 
     </span>
    </p>
   </div>
   <div class='ocr_carea' id='block_1_119' title="bbox 2024 5523 3577 5595">
    <p class='ocr_par' dir='ltr' id='par_1_119' title="bbox 2024 5523 3577 5595">
     <span class='ocr_line' id='line_1_119' title="bbox 2024 5523 3577 5595; baseline -0.002 -13"><span class='ocrx_word' id='word_1_825' title='bbox 2024 5523 2276 5582; x_wconf 75' lang='lat' dir='ltr'><strong>mendum</strong></span> <span class='ocrx_word' id='word_1_826' title='bbox 2327 5523 2570 5582; x_wconf 65' lang='lat' dir='ltr'><strong>esse-ex</strong></span> <span class='ocrx_word' id='word_1_827' title='bbox 2598 5527 2856 5595; x_wconf 68' lang='lat' dir='ltr'><strong>&#39;hocipso</strong></span> <span class='ocrx_word' id='word_1_828' title='bbox 2894 5526 3013 5580; x_wconf 91' lang='lat' dir='ltr'><strong>loco</strong></span> <span class='ocrx_word' id='word_1_829' title='bbox 3036 5523 3282 5579; x_wconf 77' lang='lat' dir='ltr'><strong>constat.</strong></span> <span class='ocrx_word' id='word_1_830' title='bbox 3337 5523 3414 5579; x_wconf 61' lang='lat' dir='ltr'><strong>Ex</strong></span> <span class='ocrx_word' id='word_1_831' title='bbox 3439 5523 3577 5595; x_wconf 66' lang='lat' dir='ltr'><strong>prae-</strong></span> 
     </span>
    </p>
   </div>
   <div class='ocr_carea' id='block_1_120' title="bbox 2025 5595 3575 5663">
    <p class='ocr_par' dir='ltr' id='par_1_120' title="bbox 2025 5595 3575 5663">
     <span class='ocr_line' id='line_1_120' title="bbox 2025 5595 3575 5663; baseline -0.003 -10"><span class='ocrx_word' id='word_1_832' title='bbox 2025 5598 2207 5653; x_wconf 82' lang='lat' dir='ltr'><strong>miss&#39;ts</strong></span> <span class='ocrx_word' id='word_1_833' title='bbox 2243 5602 2394 5652; x_wconf 78' lang='lat' dir='ltr'><strong>error</strong></span> <span class='ocrx_word' id='word_1_834' title='bbox 2418 5595 2584 5652; x_wconf 69' lang='lat' dir='ltr'><strong>etiam</strong></span> <span class='ocrx_word' id='word_1_835' title='bbox 2614 5598 2668 5650; x_wconf 84' lang='lat' dir='ltr'><strong>in</strong></span> <span class='ocrx_word' id='word_1_836' title='bbox 2699 5596 2940 5651; x_wconf 80' lang='lat' dir='ltr'><strong>Aristeni</strong></span> <span class='ocrx_word' id='word_1_837' title='bbox 2970 5596 3275 5657; x_wconf 18' lang='lat' dir='ltr'><strong>s‘cltoliis‘in</strong></span> <span class='ocrx_word' id='word_1_838' title='bbox 3297 5595 3575 5663; x_wconf 84' lang='lat' dir='ltr'><strong>epitomen</strong></span> 
     </span>
    </p>
   </div>
   <div class='ocr_carea' id='block_1_121' title="bbox 2024 5663 3578 5737">
    <p class='ocr_par' dir='ltr' id='par_1_121' title="bbox 2024 5663 3578 5737">
     <span class='ocr_line' id='line_1_121' title="bbox 2024 5663 3578 5737; baseline -0.003 -14"><span class='ocrx_word' id='word_1_839' title='bbox 2024 5669 2193 5737; x_wconf 84' lang='lat' dir='ltr'><strong>hujus</strong></span> <span class='ocrx_word' id='word_1_840' title='bbox 2227 5667 2451 5737; x_wconf 85' lang='lat' dir='ltr'><strong>canonis</strong></span> <span class='ocrx_word' id='word_1_841' title='bbox 2487 5665 2913 5737; x_wconf 79' lang='lat' dir='ltr'><strong>deprehenditur</strong></span> <span class='ocrx_word' id='word_1_842' title='bbox 2934 5683 2949 5731; x_wconf 86' lang='lat'><strong>;</strong></span> <span class='ocrx_word' id='word_1_843' title='bbox 2970 5666 3175 5737; x_wconf 72' lang='lat' dir='ltr'><strong>quippe</strong></span> <span class='ocrx_word' id='word_1_844' title='bbox 3198 5663 3398 5737; x_wconf 74' lang='lat' dir='ltr'><strong>quibus</strong></span> <span class='ocrx_word' id='word_1_845' title='bbox 3432 5664 3578 5737; x_wconf 80' lang='grc' dir='ltr'>ὲδδο·</span> 
     </span>
    </p>
   </div>
   <div class='ocr_carea' id='block_1_122' title="bbox 2026 5734 3574 5864">
    <p class='ocr_par' dir='ltr' id='par_1_122' title="bbox 2026 5734 3574 5864">
     <span class='ocr_line' id='line_1_122' title="bbox 2026 5734 3574 5864; baseline -0.001 -74"><span class='ocrx_word' id='word_1_846' title='bbox 2026 5734 2295 5864; x_wconf 42' lang='lat' dir='ltr'><strong>Emam</strong></span> <span class='ocrx_word' id='word_1_847' title='bbox 2312 5734 2519 5808; x_wconf 75' lang='grc' dir='ltr'>ὃγδοον,</span> <span class='ocrx_word' id='word_1_848' title='bbox 2534 5734 2796 5793; x_wconf 78' lang='lat' dir='ltr'><strong>mendose</strong></span> <span class='ocrx_word' id='word_1_849' title='bbox 2816 5734 3085 5792; x_wconf 75' lang='lat' dir='ltr'><strong>scribitur</strong></span> <span class='ocrx_word' id='word_1_850' title='bbox 3100 5734 3198 5807; x_wconf 85' lang='lat' dir='ltr'><strong>pro</strong></span> <span class='ocrx_word' id='word_1_851' title='bbox 3217 5734 3574 5807; x_wconf 82' lang='grc' dir='ltr'>ὀγδοηκοστὸν</span> 
     </span>
     <span class='ocr_line' id='line_1_123' title="bbox 2054 5826 3247 5864; baseline -0.012 1"><span class='ocrx_word' id='word_1_852' title='bbox 2054 5826 2085 5864; x_wconf 92' lang='grc' dir='ltr'><strong>γ</strong></span> <span class='ocrx_word' id='word_1_853' title='bbox 2174 5826 2223 5864; x_wconf 92' lang='grc' dir='ltr'>ν.</span> <span class='ocrx_word' id='word_1_854' title='bbox 3244 5848 3247 5851; x_wconf 87' lang='grc'>.</span> 
     </span>
    </p>
   </div>
   <div class='ocr_carea' id='block_1_123' title="bbox 2174 5826 3247 5866">
    <p class='ocr_par' dir='ltr' id='par_1_123' title="bbox 2174 5826 3247 5866">
     <span class='ocr_line' id='line_1_124' title="bbox 2174 5826 3247 5866; baseline 0.003 -1"><span class='ocrx_word' id='word_1_855' title='bbox 2174 5826 2223 5866; x_wconf 87' lang='grc' dir='ltr'>ν.</span> <span class='ocrx_word' id='word_1_856' title='bbox 3244 5848 3247 5851; x_wconf 95' lang='grc'><strong>-</strong></span> 
     </span>
    </p>
   </div>
   <div class='ocr_carea' id='block_1_124' title="bbox 2020 5808 2085 5878">
    <p class='ocr_par' dir='ltr' id='par_1_124' title="bbox 2020 5808 2085 5878">
     <span class='ocr_line' id='line_1_125' title="bbox 2020 5808 2085 5878; baseline 0 0"><span class='ocrx_word' id='word_1_857' title='bbox 2020 5808 2085 5878; x_wconf 69' lang='grc' dir='ltr'>δγ</span> 
     </span>
    </p>
   </div>
  </div>
