4074 6448
510 263 616 334 707

1767 214 2040 327 TIlEOD.
2086 267 2489 329 BALSAMON

3623 271 3730 337 708
3784 260 3791 269 ‘

506 380 674 450 igitur
704 364 914 434 canone
939 376 1157 447 quidam
1205 383 1423 431 utentes
1463 389 1802 446 quacunque
1836 392 1905 431 eo
1943 378 2061 431 loco

2170 382 2339 448 μένοι,
2394 380 2521 442 τοὺς
2569 380 2644 450 μὴ
2680 381 3170 463 ἀπηριθμημένους
3213 381 3270 433 ὲν
3314 380 3463 450 αὐτῷ
3520 383 3731 463 γάμοξλς

504 473 710 542 nuptize
766 473 912 525 inter
963 470 1252 524 damnatas
1320 485 1669 539 nequaquam
1732 480 2069 523 enumerata:

510 564 746 627 fuerant,
786 561 1002 617 easdem
1034 561 1191 630 quasi
1221 575 1513 617 concessas
1543 576 1812 631 usurpare
1846 561 1953 631 ipsi
1987 554 2091 615 αἰεί

502 657 775 716 tebantur,
812 653 1121 721 violataque
1162 663 1373 709 natura:
1418 655 1535 725 lege
1576 671 1698 709 cum
1744 656 2068 725 propinquis

500 747 737 800 coibant.
766 746 997 800 Proinde
1028 746 1176 800 illum
1229 763 1495 801 canonem
1532 749 1634 802 hoc
1670 730 1792 802 loco
1824 750 2068 819 synodus

501 840 790 908 spectavit,
850 854 1026 907 eaque
1087 842 1297 893 ratione
1346 839 1606 903 adducta,
1670 842 1841 893 multa
1901 840 1955 893 in
2001 855 2067 895 eo

506 940 761 983 Sanctum
796 929 970 981 virum
1027 929 1300 983 silentium
1356 929 1651 984 involvisse
1692 929 1952 1007 defendit,
2000 944 2067 984 ne

499 1022 708 1076 scilicet
759 1021 889 1074 dum
948 1021 1193 1075 damnati
1248 1020 1492 1091 conjugii
1553 1037 1751 1091 genera
1808 1024 2064 1077 universa

499 1115 871 1186 persequitur,
892 1114 1193 1167 orationem
1222 1129 1379 1167 suam
1410 1114 1702 1168 verborum
1728 1114 2066 1184 turpitudine

498 1205 657 1275 223
707 1204 1043 1273 inquinaret,
1079 1219 1141 1258 ac
1181 1203 1387 1258 idcirco
1420 1205 1719 1274 generatim
1751 1208 1933 1259 omnia
1968 1222 2067 1261 vo-

501 1297 669 1350 luisse
711 1311 818 1350 uno
854 1295 1187 1364 impuritatis
1224 1297 1451 1350 nomine
1494 1298 1760 1351 indicare.
1801 1299 2061 1367 Singulos

499 1384 697 1440 deinde
755 1386 1045 1439 vetitarum
1118 1387 1432 1455 nuptiarum
1483 1388 1674 1443 modos
1714 1388 1903 1443 Patres
1961 1390 2060 1460 ipsi

500 1469 860 1548 percensent,
891 1495 954 1532 ac
986 1479 1251 1546 ejusmodi
1275 1481 1491 1549 quidem
1523 1482 1776 1552 conjugia
1838 1485 2064 1537 omnino

496 1571 743 1634 dissolvi,
779 1586 839 1624 ea
871 1586 1000 1625 vero
1029 1573 1122 1642 qui
1161 1573 1505 1637 attentarint,
1547 1574 1817 1642 septennii
1849 1589 2060 1631 canone

505 1661 686 1729 puniri
709 1661 944 1731 ,ἱιιιιεηίηΧ

2171 472 2246 534 ὼς
2280 471 2633 542 παρανόμους
2660 472 2970 535 ἀκωλύτους
3008 459 3302 537 ⁸ἐϐιάζοντο
3351 474 3590 543 φρονεῖν,
3640 475 3737 526 καὶ

2169 565 2266 631 τὴν
2290 564 2449 631 φύσιν
2472 556 2724 633 συνέχεον
2747 567 3030 630 συγγενέσι
3068 567 3409 634 μιγνύμενοι.
3435 568 3534 618 Διὰ
3562 565 3736 619 ταῦτα

2170 655 2305 723 πρὸς
2355 654 2445 705 τὸν
2487 655 2685 706 κανόνα
2745 654 2931 707 τοῦτον
2980 655 3197 708 ἀπεῖδεν
3254 657 3287 725 ή
3343 646 3580 721 σύνοδος,
3640 660 3738 710 καὶ

2169 743 2520 810 ἀπολογεῖται
2556 743 2657 811 μὲν
2686 744 2775 798 διὰ
2830 744 2883 797 τί
2936 747 3001 798 τά
3052 746 3222 799 πλείω
3274 746 3451 818 σιωπῇ
3494 748 3522 798 ὁ
3580 748 3737 816 ἅγιος

2170 834 2535 903 παρέδραμεν’
2561 834 2695 897 Ἵνα,
2729 836 2882 904 φησὶ,
2917 838 2991 907 μὴ
3018 837 3107 889 τὸν
3136 837 3291 906 λόγον
3316 840 3667 909 καταρῤοδπαί
3700 856 3737 911 ῃ

2166 927 2278 987 τοῖς
2337 926 2577 995 ῥήμασιν
2626 928 2855 979 ἕκαστον
2914 930 3021 981 τῶν
3058 928 3310 998 ἀθέσμων
3354 931 3545 999 γάμων
3587 933 3732 982 ἀπα-

2173 1015 2405 1084 ριθμῶνο
2432 1018 2794 1085 περιεκτικῶς
2816 1018 2869 1070 δὲ
2899 1018 2976 1087 τῷ
3001 1019 3097 1086 τῆς
3128 1020 3466 1089 ἀκαθαρσίας
3511 1021 3738 1088 ὀνόματι

2168 1109 2291 1169 τοὺς
2321 1108 2673 1177 παρανόμους
2703 1109 2910 1177 γάμους
2947 1110 3240 1174 ὑπέδειξεν.
3279 1106 3412 1164 Εἶτα
3450 1111 3733 1180 ἐπήγαγον

2166 1198 2216 1249 οἱ
2250 1198 2348 1267 τῆς
2383 1198 2603 1252 συνόδου
2626 1200 2867 1271 Πατέρες
2899 1184 2994 1253 καὶ
3052 1204 3264 1270 γάμους
3308 1202 3602 1272 ἀθέσμους,
3638 1202 3735 1265 οὓς

2166 1278 2259 1344 καὶ
2294 1291 2767 1366 ἀπηριθμήσαντο,
2814 1296 2906 1346 καὶ
2954 1294 3284 1348 διασπᾶσθαι
3308 1294 3407 1363 μὲν
3452 1295 3582 1359 τοὺς
3622 1312 3733 1349 τοι-

2164 1384 2351 1447 ούτους
2410 1385 2622 1455 γάμους
2687 1386 2749 1437 ὲκ
2816 1386 3015 1449 παντὸς
3077 1387 3417 1455 διωρίσαντο,
3490 1387 3616 1449 τοὺς
3676 1387 3732 1439 δὲ

2164 1475 2495 1545 χρανθέντας
2539 1478 2720 1541 αὐτοῖς
2760 1476 2840 1548 τῷ
2882 1478 2984 1547 τῆς
3010 1479 3303 1543 ἑπταετίας
3331 1479 3519 1533 κανόνι
3551 1480 3731 1532 ἐπιτι-

2167 1568 2392 1637 μᾶσθαι.
2854 1581 2865 1587 ’
3448 1574 3453 1579 ⁷

495 1723 722 1808 Ᾱιυδτξ
754 1771 772 1803 ι
807 1723 1015 1807 Fratris
1073 1751 1239 1805 filium
1264 1768 1387 1808 cum
1418 1752 1601 1809 fratris
1640 1755 1746 1809 lilia
1782 1756 2061 1811 matrimo-

2167 1749 2387 1803 ΑΡΙΣΤ.
2439 1769 2458 1801 ι
2491 1750 2566 1806 Οὐ
2619 1752 2993 1821 συγχωρῆσεις
3045 1749 3310 1824 ὲξαδὲλφῃ
3349 1744 3727 1823 συζευχθῆναι

572 1862 591 1894 ι
629 1844 716 1897 nia
749 1844 1006 1910 conjungi
1041 1859 1149 1897 non
1203 1846 1527 1914 permittes;
1582 1860 1680 1901 nec
1713 1864 1835 1902 cum
1874 1846 2066 1904 lilia’et

506 1928 511 1931 ’
572 1953 591 1986 ι
623 1945 816 2000 matre,
849 1935 1014 1990 lilium
1045 1946 1098 1991 et
1123 1945 1373 2007 patrem:
1428 1952 1528 1992 nec
1553 1948 1778 1994 matrem
1814 1948 1867 1996 et
1901 1941 2062 1994 filiam

571 2047 591 2080 ι
619 2044 739 2083 cum
768 2030 979 2085 duobus
1007 2028 1307 2103 fratribus;
1343 2044 1443 2085 nec
1476 2032 1674 2087 fratres
1699 2048 1820 2095 cum
1852 2032 2065 2090 duabus

570 2133 593 2170 ι
625 2119 927 2174 sororibus.
952 2118 1006 2173 Si
1032 2117 1163 2189 quid
1182 2126 1363 2173 autem
1387 2119 1697 2175 istiusmodi
1716 2121 1918 2176 factum
1944 2122 2064 2178 fue-

574 2228 594 2262 ι
627 2210 718 2274 rit,
742 2226 847 2264 una
872 2226 994 2265 cum
1024 2210 1360 2267 matrimonii
1392 2211 1751 2270 dissolutione
1776 2217 2064 2287 septennio

574 2320 593 2355 ι
625 2303 1013 2371 subjicientur.
1042 2321 1062 2354 ι

566 2393 634 2449 Et
662 2395 974 2464 hq’usmodi
993 2396 1249 2467 conjugia
1277 2406 1335 2451 ut
1361 2397 1633 2468 prohibita
1655 2398 2058 2455 dissolventur:

496 2495 552 2542 et
585 2487 676 2556 qui
708 2502 770 2541 ea
801 2487 1141 2542 contrahunt
1160 2488 1317 2556 juxta
1342 2500 1660 2557 praesentem
1684 2500 1739 2544 et
1771 2503 2063 2561 septuage-

497 2579 697 2635 simum
750 2588 1005 2633 octavum
1080 2578 1271 2636 Basilii
1318 2580 1500 2650 magni
1544 2594 1838 2647 canonem,
1890 2596 2061 2636 unum

496 2684 703 2723 annum
736 2668 1032 2733 deﬂebunt,
1052 2670 1194 2739 duos
1224 2670 1470 2735 audient,
1498 2680 1604 2725 tres
1622 2672 2060 2739 substernentur,

496 2767 553 2813 et
581 2758 817 2828 septimo
850 2774 961 2813 una
1004 2776 1128 2815 cum
1168 2732 1417 2817 l'idelibus
1464 2762 1801 2830 consistent;
1853 2773 1907 2819 et
1951 2766 2052 2831 sic,

498 2852 546 2906 si
579 2865 703 2905 cum
755 2851 1015 2922 lacrymis
1047 2852 1403 2924 resipiscam,
1452 2853 1649 2911 divinis
1699 2858 2061 2914 sacramentis

498 2944 647 3017 digni
678 2944 1051 3001 habebuntur.

1094 3125 1325 3183 CANON
1362 3126 1469 3184 LV.

505 3235 527 3272 ι
555 3217 821 3283 Quoniam
856 3216 1225 3273 intelleximus
1253 3234 1370 3285 eos,
1416 3220 1508 3289 qui
1542 3230 1666 3276 sunt
1698 3220 1753 3276 in
1786 3221 2061 3278 Romano-

579 3329 598 3362 ι
628 3302 749 3364 rum
787 3311 1031 3377 civitate,
1064 3312 1116 3367 in
1151 3313 1354 3368 sanctis
1376 3313 2058 3385 Quadragesimzejejuniis

578 3421 596 3453 ι
632 3401 754 3471 ejus
791 3402 1047 3458 Sabhatis
1097 3404 1369 3473 jejunarc,
1406 3416 1597 3475 praeter
1630 3408 2056 3463 ecclesiasticam

554 3492 595 3544 ⁴ι
625 3492 882 3547 traditam
909 3498 1352 3565 consequentiam
1379 3516 1392 3552 :
1428 3507 1626 3553 sancta:
1652 3500 1856 3570 synodo
1886 3502 2057 3555 visum

575 3603 594 3637 ι
628 3594 734 3651 est,
768 3594 827 3639 ut
858 3586 909 3639 in
948 3582 1319 3644 Romanorum
1367 3606 1584 3660 quoque
1615 3591 1856 3649 Ecclesia
1888 3594 2060 3650 invio-

448 3682 455 3691 '
498 3674 501 3675 ⁷
576 3695 594 3729 ι
626 3676 860 3732 l‘abiliter
889 3680 1132 3735 obtineat
1162 3696 1365 3746 canon,
1395 3685 1485 3753 qui
1515 3684 1679 3741 dicit:
1713 3684 1769 3739 Si
1800 3686 1922 3756 quis
1948 3687 2061 3743 cle-

579 3782 599 3818 ι
632 3767 783 3821 ricus
834 3768 1087 3823 inventus
1122 3770 1287 3824 fuerit
1334 3771 1389 3825 in
1426 3770 1613 3828 sancto
1649 3772 1933 3831 Dominico
1971 3777 2057 3833 vel

576 3876 595 3910 ι
630 3856 869 3914 Sabbato
898 3860 1169 3931 jejunarc,
1221 3876 1415 3934 praster
1446 3881 1607 3920 unum
1647 3876 1701 3921 et
1727 3869 1927 3939 solum,
1961 3870 2055 3926 de—

516 3950 519 3953 ’
575 3968 596 4003 ι
625 3962 900 4021 ponatur:
934 3955 1019 4007 sin
1051 3962 1231 4009 autem
1256 3955 1452 4023 laicus,
1497 3971 1823 4031 segregetur.
1864 3981 1885 4017 ι

572 4126 767 4182 BALS.
808 4114 947 4209 Tum
984 4137 1206 4200 propter
1235 4132 1340 4187 alia
1371 4136 1560 4203 multa,
1594 4147 1707 4192 tum
1736 4139 1896 4195 etiam
1932 4117 2057 4212 pro-

501 4229 625 4291 pter
673 4232 992 4292 praesentem
1059 4240 1346 4292 canonem,
1398 4229 1605 4296 dicunt,
1672 4233 1763 4302 qui
1819 4243 2053 4289 veterem

504 4315 727 4369 Romam
760 4304 1026 4383 incolunt,
1055 4333 1164 4371 non
1193 4335 1318 4375 esse
1350 4331 1588 4378 sanctam
1621 4325 1757 4380 hanc
1785 4329 2052 4399 synodqu

2245 1858 2263 1891 ι
2299 1840 2588 1909 ὲξάδελιρον
2608 1858 2621 1872 ο
2650 1842 2771 1894 οὐδὲ
2796 1841 3027 1910 θυγατρὶ
3056 1841 3151 1894 καὶ
3184 1841 3297 1894 υίὸν
3328 1842 3421 1895 καὶ
3476 1844 3724 1913 πατέρα’

2247 1951 2266 1984 ι
2304 1934 2425 1987 οὐδὲ
2456 1934 2607 1986 δυσὶν
2639 1934 2888 2003 ἀδελφοῖς
2921 1933 3133 2004 μητέρα
3164 1935 3260 1988 καὶ
3293 1935 3568 2005 θυγατέρα
3597 1950 3613 1965 ·
3636 1936 3724 1988 ού·

2239 2044 2259 2079 ι
2296 2025 2351 2079 δὲ
2380 2026 2532 2080 δυσὶν
2560 2027 2817 2098 ἀδελφαῖς
2839 2029 3104 2098 ἀδελφούς
3126 2044 3141 2058 ο
3194 2030 3244 2082 εἰ
3275 2028 3331 2082 δέ
3394 2046 3448 2082 τι
3492 2026 3727 2081 τοιοῦτον

2243 2135 2262 2169 ι
2293 2116 2527 2188 γένοιτο,
2561 2120 2699 2189 μετά
2726 2122 2824 2193 τῆς
2855 2121 3152 2186 διαλύσεως
3183 2120 3476 2175 ἑπταετίαν
3526 2121 3727 2174 ὑποπι-

2240 2230 2260 2265 ‹
2299 2214 2602 2269 πτέτωσαν.
2646 2231 2665 2265 ι

2234 2388 2347 2445 Καὶ
2376 2385 2522 2445 οὗτοι
2543 2393 2590 2445 οἱ
2615 2392 2804 2463 γάμοι,
2834 2394 2910 2458 ὡς
2954 2395 3414 2466 ἀπηγορευμένοι,
3468 2393 3726 2463 διαλυθή-

2165 2499 2349 2537 σονται
2380 2500 2395 2514 ⁸
2425 2473 2588 2537 καὶόί
2622 2486 3047 2552 συναλλάξαντες
3073 2488 3270 2551 αὐτοὺς
3294 2489 3437 2542 κατά
3461 2491 3551 2541 τὸν
3583 2506 3727 2559 παρ-

2161 2575 2286 2628 όντα
2311 2575 2509 2630 κανόνα
2538 2577 2630 2631 καὶ
2657 2578 2746 2631 τδν
2785 2580 3180 2651 ἑϐδομηκοστὸν
3220 2582 3404 2651 ὃγδοον
3436 2582 3528 2637 τοῦ
3556 2585 3725 2651 μεγά-

2161 2665 2254 2719 λου
2288 2667 2565 2722 Βασιλείου
2593 2671 2835 2724 ἐνιαυτὸν
2882 2673 3343 2742 προσκλαύσουσι,
3387 2674 3593 2728 διετίαν
3624 2675 3721 2725 ύπ-

2162 2760 2539 2828 ακροάσονται,
2570 2763 2807 2830 τριετίαν
2845 2764 3262 2831 ὑποπεσοῦνται,
3294 2767 3386 2818 καὶ
3414 2766 3490 2835 τῷ
3512 2766 3723 2835 ἑϐδόμῳ
3812 2792 3821 2799 ·

2164 2851 2518 2921 συστήσονται
2548 2854 2684 2923 μετά
2709 2855 2816 2908 τῶν
2838 2857 3043 2909 πιστῶν
3073 2875 3088 2889 σ
3119 2858 3212 2911 καὶ
3249 2859 3439 2923 οὔτως,
3470 2861 3565 2912 ἐὰν
3587 2861 3723 2927 μετά

2160 2940 2413 3012 δακρύων
2436 2945 2831 3017 μετανοήσωσι,
2860 2949 2967 3001 τῶν
2999 2948 3156 3003 θείων
3187 2951 3541 3021 ἀγιασμάτων
3568 2953 3723 3017 ἀξιω-

2162 3031 2440 3103 θήσονται.

2742 3131 2973 3186 ΚΔΝΩΝ
3004 3133 3131 3187 AE'.

2169 3236 2187 3269 ι
2226 3217 2441 3290 Ἐπειδὴ
2481 3220 2877 3292 μεμαθήκαμεν
2904 3226 3028 3288 τοὺς
3060 3227 3117 3277 ὲν
3145 3231 3209 3297 τῇ
3254 3229 3541 3299 Ῥωμαίων
3568 3232 3723 3286 πόλει
3804 3226 3805 3235 “

2233 3325 2253 3359 ι
2290 3310 2349 3362 ὲν
2374 3312 2493 3375 ταῖς
2520 3311 2701 3379 ἁγίαις
2716 3314 2811 3382 τῆς
2843 3315 3268 3383 Τεσσαρακοσῆς
3297 3322 3573 3386 νηστείαις
3604 3324 3720 3385 τοῖς

2234 3419 2252 3452 ι
2285 3400 2486 3469 ταύτης
2515 3403 2809 3468 Σαϐϐάτοις
2839 3406 3116 3473 νηστεύειν
3148 3409 3299 3478 παρά
3325 3411 3425 3479 τὴν
3485 3409 3725 3481 παρέδο-

2230 3511 2250 3544 ι
2289 3492 2474 3546 θεῖσαν
2519 3496 2973 3568 ἐκκλησιαστικὴν
3040 3500 3360 3553 ἀκολουθίαν
3394 3513 3411 3528 ⁶
3459 3502 3603 3566 ἔδοξε
3656 3506 3723 3573 τῇ

2234 3601 2253 3635 ι
2292 3585 2421 3657 ἁγίᾳ
2454 3588 2651 3658 συνόδῳ
2677 3587 2816 3640 ὥστε
2849 3593 3071 3659 κρατεῖν
3095 3584 3193 3643 καῖ
3213 3593 3306 3644 ἐπὶ
3334 3595 3397 3662 τῇ
3436 3593 3725 3663 Ῥωμαίων

2236 3694 2253 3725 ι
2290 3675 2588 3750 Ἐκκλησία
2617 3676 3087 3749 ἀπαρασαλεύτως
3115 3683 3205 3737 τὸν
3232 3684 3456 3750 κανόνα,
3509 3687 3599 3738 τὸν
3631 3688 3724 3741 λέ-

2233 3784 2252 3818 ι
2291 3784 2458 3836 γοντα
2493 3775 2508 3797 ⁸
2544 3770 2615 3822 Εἴ
2650 3789 2731 3834 τις
2760 3774 3021 3843 κληρικὸς
3058 3776 3308 3848 εὑρεθείη
3338 3782 3404 3849 τῇ
3451 3780 3581 3850 ἁγίᾳ
3606 3783 3724 3834 Κυ-

2202 3848 2258 3912 ἰ
2298 3865 2461 3935 ριακῇ
2505 3864 2779 3933 νηστεύων
2811 3866 2842 3935 ἢ
2871 3866 2931 3918 τὸ
2966 3868 3243 3921 Σά66ατον
3273 3848 3412 3941 πλὴν
3461 3848 3564 3927 τοῦγ
3606 3876 3725 3939 ἑνὸς

2234 3972 2255 4006 ι
2293 3956 2387 4009 καὶ
2426 3956 2616 4025 μόνου,
2648 3957 3015 4031 καθαιρείσθω
3041 3974 3057 3991 ⁶
3090 3963 3139 4013 εί
3180 3960 3239 4014 δὲ
3290 3962 3496 4030 λαῖκὸς,
3529 3967 3725 4038 ἀφορι-
3816 3964 3825 3972 ’

2234 4066 2254 4101 ι
2288 4048 2483 4111 ζέσθω.
2528 4071 2546 4103 ι
2960 4064 2963 4065 ⁷

2228 4142 2422 4197 ΒΑΛΣ.
2444 4146 2569 4209 ,Καὶ
2610 4146 2691 4209 εἰς
2726 4146 2861 4198 ἀλλα
2894 4132 3001 4218 ’μιν
3030 4148 3223 4217 πολλὰ,
3252 4151 3389 4215 τέως
3417 4153 3473 4207 δὲ
3508 4154 3604 4207 καὶ
3632 4156 3724 4209 διά

2155 4234 2245 4289 τὸν
2304 4238 2545 4307 παρόντα
2621 4240 2841 4305 κανόνα,
2896 4241 3146 4310 λέγουσιν
3199 4244 3265 4309 οἱ,
3304 4246 3405 4315 τῆς
3482 4248 3726 4313 παλαιᾶς

2168 4327 2382 4400 Ῥώμης
2414 4333 2487 4400 μὴ
2522 4326 2785 4403 εἶναιτὴν
2812 4335 2971 4402 ἁγίαν
3004 4337 3210 4407 ταύτην
3250 4337 3466 4391 σύνοδον
3531 4344 3719 4393 οἰκου-

501 4408 921 4473 ωοιιηιεηὶριιιιι,
950 4410 1092 4465 sicut
1119 4421 1173 4466 et
1199 4413 1255 4467 in
1284 4413 1403 4482 ejus
1426 4418 1686 4484 prommio
1710 4420 2051 4489 scripsimus.

2163 4424 2408 4494 μενικὴν,
2445 4423 2624 4487 καθὼς
2646 4429 2741 4478 καὶ
2772 4431 2830 4479 ὲν
2855 4428 2931 4497 τῷ
2969 4430 3241 4499 προοιμίῳ
3264 4432 3435 4502 αὐτῆς
3480 4434 3730 4503 ἐγράψα-

503 4501 786 4570 Tanquam
821 4503 964 4556 enim
998 4502 1203 4558 ferrum
1238 4521 1334 4559 cor
1366 4523 1548 4562 eorum
1579 4512 1830 4578 pervasit,
1859 4528 2055 4582 eosque

506 4595 716 4662 pungit,
750 4602 810 4647 ut
833 4595 926 4663 qui
950 4608 1139 4649 contra
1165 4600 1522 4667 apostolicum
1553 4616 1807 4658 canonem
1834 4603 2055 4674 faciant,

505 4685 598 4753 qui
635 4686 798 4740 dicit:
833 4687 887 4739 Si
916 4687 1041 4753 quis
1067 4688 1306 4744 clericus
1342 4690 1596 4748 inventus
1656 4695 1816 4750 fuerit
1866 4707 2058 4753 sancto

505 4775 789 4831 Dominico
817 4787 869 4833 et
901 4778 1140 4835 Sabbato
1165 4781 1441 4851 jejunarc,
1485 4795 1836 4857 praeterquam
1869 4807 1976 4845 uno
2003 4800 2058 4845 et

505 4867 644 4933 solo,
668 4869 1011 4938 deponatur:
1053 4871 1101 4926 si
1151 4880 1337 4927 autem
1387 4863 1581 4941 laicus,
1633 4890 1961 4949 segregetur.
2016 4881 2058 4937 Ii

504 4974 635 5027 ergo
670 4962 827 5014 venia
860 4962 1009 5031 digni
1044 4978 1151 5017 non
1184 4974 1331 5031 sunt,
1368 4968 1460 5036 qui
1515 4984 1628 5024 sua:
1657 4986 1845 5029 rursus
1881 4976 2061 5043 priva-

408 5050 411 5053 ’
507 5060 573 5103 ta:
611 5052 988 5106 constitutioni
1016 5055 1306 5122 inhaerent,
1338 5067 1392 5113 et
1423 5076 1530 5115 non
1561 5063 1736 5118 solum
1774 5066 1826 5118 in
1858 5076 2058 5120 sanctae

506 5133 943 5211 Quadragesi'maa
965 5144 1224 5203 Sabbatis
1243 5148 1515 5222 jejunant,
1547 5155 1643 5210 sed
1669 5168 1721 5211 et
1749 5157 1800 5211 in
1835 5158 2060 5228 reliquis

504 5232 779 5288 omnibus.
826 5233 938 5305 Ego
967 5247 1145 5293 autem
1180 5241 1289 5296 vidi
1343 5245 1607 5313 quosdam
1654 5244 1897 5314 Latinos,
1944 5251 2057 5320 qui,

428 5312 431 5317 λ
504 5340 631 5379 cum
680 5336 969 5396 propterea
1004 5320 1557 5401 reprehenderentur,
1595 5336 1811 5393 inanem
1842 5355 2061 5410 quoque

502 5419 912 5474 excusationem
949 5421 1265 5492 all'erebant,
1303 5426 1371 5482 ad
1403 5437 1655 5482 sanctum
1708 5448 1903 5503 nempe
1954 5435 2059 5489 Do-

503 5510 638 5566 mini
686 5521 740 5567 et
770 5512 1080 5574 Servatoris
1124 5520 1301 5573 nostri
1349 5517 1477 5575 Jesu
1513 5520 1711 5577 Christi
1744 5525 2055 5595 sepulcrum

502 5601 831 5672 sditionem,
864 5616 921 5664 et
952 5609 1097 5679 quod
1128 5609 1293 5678 hujus
1323 5611 1400 5666 rei
1436 5613 1616 5682 gratia
1640 5629 1706 5669 ex
1734 5615 1895 5687 longa
1921 5632 2059 5672 con-

502 5694 794 5755 suetudine
820 5699 1062 5757 obtinuit
1080 5699 1375 5773 jejunium.
1405 5704 1555 5765 Alios
1585 5714 1767 5763 autem
1799 5709 1933 5779 vidi,
1962 5712 2055 5781 qui

2161 4531 2281 4584 μεν.
2319 4516 2407 4580 Ὠς
2434 4518 2543 4587 γὰρ
2595 4517 2813 4589 σίδηρος
2866 4520 3048 4591 διῆλθε
3088 4523 3186 4590 τὴν
3242 4524 3469 4595 καρδίαν
3523 4528 3725 4584 αὐτῶν.

2157 4608 2254 4660 καὶ
2293 4609 2599 4676 στηλιτεύει
2631 4614 2855 4678 τούτους
2871 4614 2946 4679 ὡς
2976 4616 3312 4682 ὑπεναντίως
3334 4621 3624 4685 ποιοῦντας
3646 4625 3730 4694 τῷ

2158 4700 2503 4773 ἀποστολικῷ
2544 4706 2751 4771 κανόνι,
2812 4706 2889 4776 τῷ
2942 4708 3154 4775 λέγοντι
3180 4728 3195 4742 ο
3227 4711 3295 4764 Εἴ
3346 4729 3430 4774 τις
3466 4714 3730 4784 κληρικὸς

2118 4789 2407 4883 ἐὑρεθείη
2465 4796 2531 4864 τῇ
2581 4795 2713 4866 ἁγίᾳ
2764 4798 3017 4870 Κυριακῇ
3066 4802 3160 4854 καὶ
3213 4801 3603 4872 τῷιΣαδόάτῳ
3633 4816 3733 4874 νη-

2160 4880 2363 4935 στεύων
2396 4884 2537 4955 πλὴν
2578 4884 2671 4937 τοῦ
2712 4888 2829 4950 ἑνὸς
2862 4892 2954 4942 καὶ
2996 4890 3181 4959 μόνου,
3226 4892 3637 4963 καθαιρείσθω·
3676 4898 3729 4947 εἰ

2157 4969 2213 5023 δὲ
2242 4972 2446 5038 λαῖκὺς,
2501 4977 2864 5048 ἀφοριζέσθω.
2887 4981 2961 5033 Οὐ
2991 4983 3096 5053 χρὴ
3128 4979 3220 5035 οὖν
3245 4983 3468 5046 τούτους
3508 4988 3724 5054 συγνώ-

2163 5078 2268 5132 μης
2286 5062 2715 5137 ἀξιωθῆναιητῆς
2729 5070 2897 5139 αὐτῆς
2921 5073 3305 5142 ἐξερχομὲνους
3327 5076 3726 5147 ίδιορῤυθμίας,

2160 5154 2255 5207 καὶ
2305 5156 2467 5209 πάλιν
2528 5160 2623 5213 καὶ
2677 5163 3034 5232 νηστεύοντας
3092 5164 3168 5235 μὴ
3222 5167 3387 5237 μόνον
3453 5170 3596 5223 κατὰ
3658 5176 3727 5225 τὰ

2160 5246 2412 5301 Σάϐϐατα
2434 5236 2532 5320 τῆς
2561 5252 2723 5320 ἀγίας
2756 5236 3236 5329 Τεσσαρακοστῆς,
3276 5260 3415 5316 ἀλλά
3456 5265 3552 5318 καί⁵
3584 5270 3729 5322 κατά

2158 5339 2227 5392 τὰ
2250 5339 2431 5401 λοιπά.
2472 5343 2612 5412 Ἐγὼ
2638 5346 2695 5399 δὲ
2720 5345 2859 5401 εἶδόν
2890 5366 3042 5414 τινας
3069 5352 3334 5418 Λατίνους
3357 5359 3721 5429 αἰτιωμένους

2158 5431 2245 5485 διὰ
2285 5434 2463 5500 τοῦτο,
2500 5437 2593 5488 καὶ
2618 5440 2853 5507 ματαίαν
2898 5442 3373 5516 προὸαλλομὲνους
3426 5457 3722 5523 πρόφασιν,
3766 5472 3769 5475 ⁷

2158 5524 2257 5593 τὴν
2294 5527 2373 5588 είς
2414 5527 2505 5580 τὸν
2555 5530 2709 5597 ἅγιον
2759 5535 2925 5601 τάφον
2971 5534 3065 5589 τοῦ
3100 5538 3308 5610 Κυρίου
3352 5545 3446 5596 καὶ
3471 5528 3723 5617 Σωτῆρος

2159 5616 2314 5685 ἡμῶν
2368 5620 2543 5689 Ἰησνοῦ
2599 5623 2835 5693 Χριστοῦ
2875 5627 3197 5695 ἀπέλευσιν,
3248 5633 3345 5686 καὶ
3410 5636 3511 5706 τὴν
3561 5616 3721 5706 χάριν

2158 5711 2347 5766 τούτου
2377 5716 2731 5789 κρατήσασαν
2763 5723 3017 5791 νηστείαν
3054 5728 3119 5781 ἐκ
3152 5728 3442 5800 συνηθείας
3481 5730 3719 5803 μακρᾶς.
