4074 6388
445 283 553 352 ’109

1448 280 1529 343 IN
1559 282 1725 343 CAN.
1768 280 1898 342 LVI
1937 280 2147 355 coNc.
2192 282 2275 345 1N
2304 259 2643 345 TRULLO.

3570 290 3681 359 710

447 399 678 463 ’Λλλους
703 397 761 452 δὲ
791 394 929 453 εἶδον
970 395 1045 467 μὴ
1064 394 1396 461 ἀπελθόντας
1424 397 1503 460 εἰς
1531 398 1601 451 τὰ
1637 396 1988 468 Ἱεροσόλυμα

2117 397 2546 469 llierosolymam
2596 415 2705 453 non
2752 407 3035 467 venerant,
3080 409 3134 457 et
3164 401 3420 460 similiter
3463 396 3701 476 jejuna?

442 494 541 551 καὶ
564 492 921 563 νηστεύοντας
961 491 1161 563 ὁμοίως
1201 507 1218 523 ο
1257 491 1353 545 καὶ
1409 492 1602 553 ἄλλους
1648 492 2013 562 ἀτιμάζοντας

446 584 544 655 τὴν
595 584 851 654 τοιαύτην
909 585 1165 653 νηστείαν
1236 585 1330 636 καὶ
1376 583 1680 655 ἀδιαφόρως
1736 585 1878 637 κατὰ
1947 585 2015 638 τά

446 679 699 733 Σάϐϐατα
744 676 1135 740 καταλύοντας,
1190 676 1522 740 ἀπελθόντας
1568 677 1661 729 καὶ
1716 678 1886 730 ταῦτα
1934 678 2015 741 εἰς

444 770 535 822 τὸν
570 769 659 822 τοῦ
683 769 894 839 Κυρίου
918 768 1101 835 τάφον.
1134 768 1249 823 Οὐκ
1300 766 1408 837 ἔχω
1460 765 1590 834 γοῦν
1638 761 1814 819 εἷπε-ιν
1868 767 2014 828 ὅπως

441 860 617 915 ταῦτα
650 860 791 914 οὕτω
820 854 1387 929 παράδτῶνττοιούτων
1412 844 1675 926 γίνονται.
1725 860 1913 912 Ἐοικε
1955 856 2013 910 δὲ

443 951 516 1012 ὡς
541 953 650 1013 τοῖς
688 951 833 1003 ἔθεσι
864 950 1118 1021 μᾶλλονῆ
1153 951 1265 1014 τοῖς
1296 951 1518 1003 κανόσιν
1566 950 1901 1003 ἀκολουθεῖν.

514 1045 763 1097 ΖΩΝᾹΡ.
816 1043 1226 1113 Διορθώσασθαι
1284 1044 1344 1095 τὸ
1410 1042 1633 1112 σφάλμα
1687 1042 1846 1094 τοῦτο
1905 1042 2013 1096 τῶν

441 1137 690 1193 Λατίνων
743 1138 777 1207 ὴ
824 1138 1038 1199 συνόδος
1072 1120 1449 1205 ἐπεχείρησεν,
1518 1134 1634 1188 ἀλλ’
1691 1136 2011 1203 ἁδιόρθωτοι

444 1231 543 1283 καὶ
566 1229 722 1292 αὖθις
752 1229 1078 1292 οἱάλαζόνες
1108 1229 1330 1298 ἔμεινάν
1358 1245 1418 1280 τε
1453 1228 1546 1281 καὶ
1577 1228 1820 1297 μένουσι,
1867 1230 2004 1299 μήτε

442 1319 554 1385 τοῖς
573 1321 952 1391 παλαιοτέροις
982 1322 1172 1374 κανόσι
1202 1320 1536 1388 πειθόμενοι,
1580 1323 1690 1383 τοῖς
1751 1322 1877 1373 ἀνευ
1912 1318 2017 1373 τοῦΓ

441 1414 559 1475 ὲιδς
594 1413 876 1466 Σαϐϐἀτου
918 1412 1016 1465 τοῦ
1064 1411 1301 1481 μεγάλου
1345 1410 1545 1481 δηλαδὴ
1598 1410 1671 1481 μὴ
1728 1410 2008 1477 νηστεύειν

438 1504 498 1555 ὲν
528 1504 790 1575 Σαϐϐάτῳ
824 1502 1122 1566 κελεύουσι,
1161 1504 1294 1574 μήτε
1324 1502 1501 1573 τούτῳ
1518 1502 2006 1573 ἐπιστρεφόμενοι,

439 1590 537 1650 καί
567 1598 704 1668 μήτε
728 1600 827 1668 τὴν
848 1598 1166 1667 καθαίρεσιν
1189 1598 1239 1649 οἱ
1276 1596 1566 1667 ίερωμένοι
1591 1595 2003 1668 εὐλαϐούμενοι,

442 1689 569 1759 μήθ’
595 1691 646 1743 οἱ
693 1689 871 1744 λαῖκοὶ
896 1691 986 1743 τὸν
1010 1688 1335 1760 ἀφορισμόν.

441 1871 670 1926 ΔΡΙΣΤ.
696 1888 730 1941 χι
765 1870 827 1923 Ol
861 1870 1131 1937 Ῥωμαῖοι
1157 1870 1270 1931 τοῖς
1293 1867 1393 1936 τῆς
1416 1867 1882 1938 Τεσσαρακοστῆς
1910 1884 2007 1937 νη-

515 1982 535 2015 r
575 1961 828 2016 στεύουσι
882 1961 1193 2016 Σάϐϐασινο
1268 1959 1683 2030 ’ὑπομιμνήσκει
1735 1960 1917 2013 τοίνυν
1971 1961 2006 2031 ἡ

512 2072 532 2106 ι
567 2053 783 2117 σύνοδος
808 2054 902 2107 καὶ
934 2052 1028 2106 ἐπὶ
1074 2052 1280 2106 τούτων
1307 2051 1401 2105 τὸν
1426 2050 1781 2105 ἀποστολικδν
1802 2051 2006 2107 κανόνα

516 2166 535 2198 r
574 2147 818 2218 κρατεῖν.
864 2163 884 2198 ι
928 2146 934 2154 ’
1478 2130 1483 2134 ’
1525 2178 1531 2183 -

506 2239 774 2295 Μαθοῦσα
808 2238 1007 2308 αῦτηή
1039 2237 1171 2305 ἁγία
1213 2235 1430 2300 σύνοδος
1473 2236 1603 2300 τοὺς
1643 2238 1705 2292 ὲν
1756 2238 1823 2308 τῇ
1873 2236 2006 2291 Ῥω-

402 2312 618 2407 ’μαίων
656 2335 808 2388 πόλει
839 2333 931 2389 τὸν
976 2331 1270 2405 ἑξηκοστὸν
1319 2330 1583 2401 τέταρτον
1638 2330 1840 2384 κανόνα
1895 2332 2004 2384 τιτιν

436 2428 608 2496 ἁγίων
640 2426 953 2481 ἀποστόλων
983 2424 1443 2495 παραϐαίνοντας,
1472 2423 1563 2476 τὸν
1597 2424 2003 2493 προστάττοντα

434 2512 563 2572 ἇνέυ
591 2518 681 2571 τοῦ
711 2515 949 2586 μεγάλου
986 2516 1265 2568 Σαϐϐάτου
1293 2514 1481 2581 ἕτερον
1507 2514 1785 2566 Σάϐϐατόν
1824 2514 1857 2584 ἢ
1893 2516 2004 2567 Κυ-

436 2611 635 2682 ριακὴν
671 2612 745 2680 μὴ
786 2608 1067 2679 νηστεύειν
1100 2624 1115 2638 ο
1142 2606 1309 2677 ὥρισε
1343 2606 1440 2659 καὶ
1472 2607 1529 2659 ἔν
1584 2608 1648 2677 τῇ
1719 2606 2001 2677 Ῥωμαίων

446 2703 744 2774 Ἐκκλησία
776 2701 1226 2773 ἀπαρασάλευτον
1257 2700 1348 2754 τὸν
1369 2698 1611 2754 τοιοῦτον
1640 2700 2002 2756 ἀποστολικὸν

431 2796 636 2849 κανόνα
665 2794 1051 2865 φυλάττεσθαι.

972 2884 1235 2960 KANoN
1290 2904 1432 2973 NCT.

440 3040 463 3075 ε
513 3018 784 3079 Ὡσαύτως
812 3019 1211 3090 μεμαθήκαμεν
1229 3017 1287 3069 ἕν
1318 3034 1374 3070 τε
1398 3018 1463 3089 τῇ
1508 3017 1813 3089 ’Λρμενιων
1842 3020 1996 3095 χώρᾳ

513 3132 533 3167 ι
566 3115 659 3167 κα¹ι
682 3114 738 3166 ὲν
770 3112 976 3180 ἑτέροις
1009 3110 1214 3173 τόποις,
1250 3109 1306 3161 ἐν
1362 3112 1473 3171 τοῖς
1504 3111 1747 3165 Σάϐϐασι
1799 3113 1892 3171 καὶ
1941 3116 1998 3169 ἐν

502 3223 521 3257 ι
560 3208 681 3265 ταῖς
719 3203 1027 3273 Κυριακαῖς
1056 3205 1157 3272 τῆς
1198 3200 1359 3264 ἁγίας
1412 3200 1875 3273 Τεσσαρακοστῆς
1916 3203 1999 3257 ὠά

509 3315 527 3348 ι
567 3298 661 3350 καὶ
714 3293 879 3364 τυρὸν
948 3280 1149 3345 ἐσθίειν
1203 3292 1393 3355 τινάςο
1460 3292 1607 3357 ἔδοξε
1666 3293 1845 3346 τοίνυν
1903 3295 1997 3348 καὶ

511 3409 531 3442 ι
568 3388 749 3448 τοῦτο,
772 3386 912 3439 ὥστε
959 3385 1057 3455 τὴν
1107 3384 1250 3437 κατά
1296 3385 1476 3437 πᾶσαν
1535 3385 1634 3454 τὴν
1671 3385 1997 3456 οἰκουμένην

504 3500 523 3534 ι
553 3480 647 3534 τοῦ
705 3478 839 3537 Θεαῦ
905 3474 1274 3544 Ἐκκλησίαν,
1339 3476 1438 3544 μιᾷ
1489 3476 1995 3530 κατακολουθοῦσαν

508 3592 528 3626 ι
561 3572 732 3636 τάξει,
758 3570 856 3640 τὴν
876 3568 1130 3638 νηστείαν
1158 3568 1464 3631 ἐπιτελεῖν,
1528 3568 1622 3621 καὶ
1668 3569 1992 3640 ἀπέχεσθαι,

505 3685 525 3719 ι
561 3665 746 3733 ὥσπερ
774 3660 935 3714 θυτοῦ
974 3662 1191 3723 παντὸς,
1222 3660 1362 3712 οὕτω
1396 3658 1461 3730 δὴ
1508 3658 1613 3712 ὠοῦ
1647 3660 1744 3713 καὶ
1804 3661 1991 3730 τυροῦ,

511 3776 531 3809 ι
574 3755 609 3810 ἃ
636 3753 844 3824 καρπός
876 3752 982 3804 εἰσι
1021 3753 1116 3804 καὶ
1156 3744 1476 3820 γεννήματα
1523 3744 1600 3804 ὧν
1647 3751 1990 3822 ἁπεχόμεθα.

507 3867 527 3901 ε
568 3847 632 3902 El
653 3848 708 3901 δὲ
745 3846 817 3915 μὴ
837 3844 994 3897 τοῦτο
1017 3843 1511 3912 παραφυλάττοιεν,
1537 3845 1586 3896 εί
1610 3845 1709 3912 μὲν
1738 3846 1993 3916 κληρικοὶ

504 3961 522 3994 ι
559 3937 689 4003 εἷεν,
720 3936 1195 4008 καθαιρείσθωσαν
1222 3952 1237 3967 ⁶
1279 3935 1330 3988 εἰ
1376 3935 1432 3988 δὲ
1454 3935 1667 4005 ςλαῖκοὶ,
1740 3938 1995 4007 ἀφοριζέ..

505 4054 524 4087 ι
564 4034 794 4086 σθωσαν.
839 4048 857 4082 ›

500 4145 692 4199 ΒΛΛΣ.
736 4143 826 4196 Ἑν
854 4140 930 4212 τῷ
959 4141 1282 4211 προλαϐόντι
1340 4139 1526 4211 κανόνι
1570 4140 1990 4213 νενομοθέτηται

430 4238 506 4307 μὴ
535 4235 817 4305 νηστεύειν
852 4236 907 4287 ὲν
936 4236 1048 4295 τοῖς
1071 4232 1373 4294 Σαϐϐάτοις
1412 4232 1506 4284 καὶ
1532 4234 1649 4293 ταῖς
1677 4233 1987 4301 Κυριακαῖς

2018 2985 2066 3049 C

2119 487 2291 541 bant:
2326 498 2380 541 et
2406 488 2548 543 alios
2582 490 2675 559 qui
2712 490 2981 558 ejusmodi
3034 492 3305 562 jejunium
3361 505 3684 555 contemne-

2117 580 2246 633 bant
2292 590 2346 633 et
2396 581 2878 638 indiscriminatim
2943 584 2997 637 in
3054 583 3312 643 Sabbatis
3355 587 3678 655 solvebant,

2114 673 2206 741 qui
2255 673 2415 727 etiam
2473 676 2541 729 ad
2596 674 2811 730 Domini
2868 680 3175 747 sepulcrum
3224 692 3505 737 venerant.
3561 680 3680 739 Non

2116 774 2338 831 possum
2379 766 2562 835 itaque
2611 767 2793 822 dicere
2827 768 3105 838 quomodo
3152 771 3268 825 haec
3320 772 3389 828 ab
3434 774 3552 830 illis
3600 775 3682 830 sic

2118 854 2276 909 ﬁant.
2357 855 2623 913 Videntur
2679 870 2859 916 autem
2909 862 2948 915 ii
2996 864 3447 921 consuetudinem
3497 867 3681 938 potius

2114 961 2289 1012 SCQUI,
2323 965 2487 1018 quam
2521 967 2784 1008 canones.

2185 1036 2436 1094 ZONAR.
2492 1039 2811 1096 Latinorum
2882 1044 2986 1099 hoc
3041 1048 3345 1116 peccatum
3391 1050 3680 1108 emendare

2111 1130 2355 1198 synodus
2378 1141 2606 1187 conatus
2631 1144 2746 1200 est;
2782 1152 2968 1191 verum
3000 1139 3054 1192 in
3083 1152 3182 1193 sua
3216 1140 3512 1209 pertinacia
3542 1143 3676 1197 hac-

2110 1237 2270 1278 tenus
2306 1237 2731 1294 permanserunt
2774 1241 3121 1301 arrogantes,
3156 1232 3428 1302 hodieque
3466 1249 3680 1303 perma-

2110 1327 2261 1371 nent.
2319 1317 2503 1386 Neque
2552 1334 2706 1383 vero,
2759 1322 3135 1393 autantiqu'os
3160 1338 3399 1379 canones
3429 1326 3674 1391 audiunt,

2108 1406 2198 1474 qui
2229 1420 2393 1461 omne
2421 1408 2474 1461 in
2502 1406 2742 1463 Sabbato
2762 1410 3056 1478 jejunium,
3088 1428 3196 1468 uno
3216 1423 3466 1484 excepto,
3485 1430 3679 1485 nempe

2084 1499 2551 1571 .magniﬁabbati
2580 1502 2692 1569 die,
2733 1505 2957 1559 vetitum
2984 1522 3109 1561 esse
3140 1509 3388 1575 voluere,
3435 1518 3531 1563 aut
3576 1508 3679 1563 bu-

2104 1589 2193 1660 jus
2222 1606 2441 1661 quoque
2472 1605 2765 1649 moventur
2796 1598 3142 1654 auctoritate.
3197 1600 3340 1665 Quin
3370 1611 3425 1656 et
3455 1600 3676 1670 deposi-

2112 1683 2313 1738 tionem
2344 1700 2565 1755 quoque
2596 1688 2691 1757 qui
2721 1690 2897 1744 sacris
2933 1690 3130 1744 initiati
3162 1702 3309 1752 sunt.
3340 1702 3394 1745 et
3420 1706 3676 1762 segrega-

2109 1773 2309 1827 tionem
2338 1776 2715 1846 jejunantibus
2750 1780 3008 1835 indictam
3046 1782 3167 1837 laici
3198 1784 3504 1855 neglignnt.

2106 1864 2333 1922 ARlST.
2369 1887 2387 1920 ι
2416 1869 3103 1944 RomaniQuadragesima:
3121 1875 3671 1947 Sabbatisjejunant:

2180 1976 2201 2011 ι
2248 1960 2508 2017 admonet
2559 1964 2746 2034 itaque
2796 1967 3042 2032 synodus
3090 1967 3144 2022 in
3175 1967 3261 2025 bis
3294 1969 3459 2026 etiam
3493 1986 3667 2029 cano-

2179 2071 2200 2104 ι
2235 2067 2359 2109 nem
2392 2057 2756 2125 apostolicum
2783 2060 2987 2117 valere.
3015 2077 3036 2112 ι

2171 2235 2623 2307 lntelligenshaec
2649 2249 2837 2295 sancta
2870 2256 2995 2313 syn.
3027 2257 3145 2309 eos,
3173 2245 3267 2316 qui
3297 2245 3353 2302 in
3388 2246 3667 2305 Romano-

2101 2339 2221 2380 rum
2275 2336 2404 2382 sunt
2455 2329 2619 2402 224
2668 2332 2909 2399 civitate,
2962 2338 3361 2405 sexagesimum
3412 2352 3665 2411 quartum

2101 2427 2421 2473 sanctorum
2461 2422 2839 2505 apostolorum
2875 2418 3140 2483 canonem
3175 2429 3283 2485 alio
3308 2440 3664 2504 praeterquam

2100 2523 2299 2579 magno
2333 2509 2575 2568 Sabbato
2631 2526 2726 2569 aut
2780 2516 2870 2571 die
2925 2516 3213 2575 Dominico
3259 2536 3368 2578 non
3416 2524 3668 2595 jejunare

2099 2602 2474 2668 mandantem,
2509 2607 2792 2663 transilire
2821 2626 2836 2663 :
2900 2611 3167 2677 decrevit,
3199 2624 3253 2668 et
3282 2614 3338 2669 in
3391 2615 3666 2675 Βοιωτο-

2098 2706 2219 2745 rum
2282 2692 2528 2749 Ecclesia
2562 2696 2711 2751 illum
2776 2702 3142 2770 apostolorum
3194 2719 3458 2764 canoncm
3515 2710 3670 2768 ﬁrme

2098 2783 2597 2858 inviolabiliterque
2625 2790 3031 2847 observandum
3067 2809 3213 2853 esse.

2679 2902 2909 2960 CANON
2948 2904 3081 2962 LVI.

2104 3031 2125 3067 ι
2171 3014 2439 3075 Similiter
2473 3020 2785 3091 accepimus
2816 3030 2870 3076 et
2915 3023 2968 3076 in
3023 3024 3408 3082 Armeniorum
3438 3030 3660 3102 regione

2175 3124 2195 3159 ι
2228 3117 2281 3162 et
2310 3109 2364 3163 in
2398 3109 2520 3164 aliis
2552 3109 2711 3176 locis,
2747 3111 2799 3164 in
2834 3112 3088 3169 Sabbatis
3117 3125 3169 3170 et
3201 3115 3500 3179 Dominicis
3531 3139 3660 3179 san-

2174 3216 2193 3252 ι
2227 3209 2327 3255 cla:
2357 3199 2817 3271 Quadragesimae,
2865 3206 3127 3273 quosdam
3181 3222 3277 3264 ova
3334 3222 3386 3266 et
3434 3228 3654 3271 caseum

2172 3308 2192 3343 ι
2220 3292 2523 3346 comedere.
2566 3291 2746 3347 Visum
2780 3304 2857 3348 est
2890 3308 3019 3363 ergo
3049 3304 3104 3351 et
3139 3296 3262 3365 hoc,
3319 3309 3376 3355 ut
3408 3312 3515 3357 tcta
3561 3304 3653 3361 Dei
3696 3292 3697 3297 “

2172 3401 2191 3437 ι
2226 3383 2492 3447 Ecclesia,
2528 3400 2648 3456 quae
2687 3393 2769 3441 est
2800 3385 2852 3439 in
2900 3387 3152 3445 universo
3184 3398 3452 3451 terrarum
3499 3399 3649 3465 orbe,

2171 3495 2192 3528 ι
2223 3493 2390 3532 unum
2425 3477 2669 3533 ordinem
2716 3493 2971 3546 sequens,
2998 3480 3269 3549 jejunium
3302 3486 3568 3554 perficiat,
3596 3498 3653 3544 et

2175 3586 2194 3621 ‹
2225 3569 2522 3635 abstineat,
2562 3571 2702 3624 sicut
2730 3569 2798 3624 ab
2831 3571 2976 3624 omni
3008 3574 3299 3641 mactabili,
3328 3577 3406 3631 sic
3442 3578 3508 3633 ab
3535 3583 3651 3637 ovis
3706 3584 3709 3587 ’

2172 3679 2192 3713 ι
2224 3671 2278 3717 et
2328 3677 2507 3729 caseo,
2561 3678 2680 3733 quae
2730 3661 2945 3730 quidem
3003 3674 3133 3720 sunt
3168 3666 3377 3725 fructus
3406 3682 3458 3727 et
3488 3672 3649 3730 fictus

2169 3770 2191 3807 ‹
2217 3770 2405 3810 eorum
2437 3771 2468 3809 a
2498 3755 2694 3826 quibus
2720 3756 3071 3812 absrinemus.
3110 3757 3165 3813 Si
3201 3774 3377 3818 autem
3410 3764 3512 3820 hoc
3538 3783 3648 3824 non

2168 3865 2187 3899 ι
2219 3847 2575 3911 servaverint,
2628 3846 2672 3901 si
2707 3846 2816 3901 sint
2851 3849 3070 3917 quidem
3123 3853 3331 3923 clerici,
3363 3856 3647 3928 deponar-

2169 3956 2189 3991 r
2226 3947 2356 3995 tur:
2394 3938 2475 3995 sin
2494 3946 2671 3993 autem
2704 3938 2848 4007 laici,
2877 3953 3251 4013 segregentur.
3289 3964 3310 3999 ι

2092 4138 2140 4205 Et
2162 4136 2355 4191 BALS.
2380 4129 2469 4190 'ln
2505 4133 2826 4203 praecedenti
2860 4136 3082 4205 quidem
3135 4153 3345 4198 canone
3373 4152 3638 4206 statutum

2089 4240 2193 4295 est,
2226 4231 2281 4285 in
2314 4228 2564 4283 Sabbatis
2591 4236 2645 4281 et
2675 4226 2973 4284 Dominicis
3028 4241 3232 4287 sanctae
3269 4233 3638 4311 Quadragesi-

426 4330 522 4397 τῆς
548 4327 705 4392 ἀγίας
724 4324 1200 4395 Τεσσαρακοστῆς.
1246 4322 1523 4391 Ἀρμένιοι
1559 4321 1651 4374 οὖν
1689 4323 1782 4374 καί
1837 4341 1984 4389 τινες

2097 4338 2191 4377 mae
2241 4337 2344 4377 non
2371 4336 2491 4376 esse
2515 4318 2888 4389 jejunandum.
2921 4321 3163 4378 Armenii
3198 4324 3380 4395 itaque
3407 4339 3462 4384 et
3513 4334 3637 4402 qui-

426 4419 716 4490 όρθόδοξοι,
744 4417 818 4480 ὡς
845 4417 1009 4476 ἔοικε,
1040 4414 1404 4484 πλανηθέντες
1430 4414 1536 4465 ἀπὸ
1588 4412 1683 4465 τοῦ
1743 4414 1984 4467 τοιούτου

430 4511 673 4573 Ίιανόνος,
704 4509 968 4563 κατέλυον
993 4511 1050 4575 ὲιν
1082 4510 1197 4571 τοῖς
1245 4508 1456 4577 ῥηθεῖσι
1510 4507 1832 4573 Σαϐϐάτοις,
1892 4512 1985 4562 καὶ

424 4604 607 4675 ἢσθιον
636 4602 717 4654 ὠά
744 4603 839 4654 καὶ
868 4602 1050 4670 τυρὸν,
1078 4601 1155 4664 ὡς
1198 4599 1362 4666 δῆθεν
1417 4599 1493 4668 μὴ
1538 4599 1833 4669 μετέχοντα
1894 4600 1987 4653 αἴ·-

427 4710 617 4764 ματος,
652 4692 770 4745 ἀλλ’
800 4692 1016 4743 ἐοικότα
1045 4692 1279 4760 καρποῖς
1313 4690 1621 4761 ὀπωρινοῖς.
1670 4688 1839 4743 Τοῦτο
1885 4689 1980 4744 οῦν
2038 4744 2041 4747 .

424 4782 780 4855 διορθουμένη
817 4782 851 4851 ἡ
887 4781 1129 4846 σύνοδος,
1157 4779 1453 4852 διορίζεται
1478 4782 1578 4851 μιᾷ
1603 4779 1755 4844 τάξει
1812 4797 1983 4834 κατα-

425 4870 701 4926 κολουθεῖν
728 4872 827 4933 τὰς
862 4869 1332 4940 ὄλαςἘκκλησίας
1359 4869 1454 4923 τοῦ
1485 4871 1640 4937 Θεοῦ,
1661 4871 1754 4924 καὶ
1776 4872 1984 4936 πάντας

426 4966 729 5037 ἀπέχεσθαι
791 4963 954 5018 θυτοῦ
1016 4965 1295 5028 παντοίου,
1346 4964 1428 5017 ὄτι
1477 4964 1668 5019 καὶτὰ
1707 4963 1907 5017 ὠάκαὶ
1932 4963 1982 5016 οἱ

424 5060 582 5130 τυροὶ
603 5059 710 5112 κᾶν
737 5055 941 5129 καρποὶ
990 5055 1338 5125 λογίξωνται,
1369 5055 1483 5109 ἀλλ’
1513 5054 1637 5110 ἐπεὶ
1672 5056 1741 5112 τὰ
1796 5055 1856 5121 ἐξ
1906 5048 1982 5111 ὧν

426 5151 598 5205 ταῦτα
624 5150 936 5219 γεγόνασιν,
961 5148 1064 5201 οὐκ
1088 5146 1362 5216 ἐσθίομεν,
1387 5147 1508 5223 οὐδὲ
1536 5148 1616 5209 είς
1646 5148 1786 5202 αὐτὰ
1812 5164 1981 5201 κατα-

427 5242 575 5295 λύειν
599 5242 907 5311 όφείλομεν.
936 5240 1076 5302 Τοὺς
1120 5238 1304 5309 μέντοι
1360 5239 1435 5310 μὴ
1496 5240 1861 5309 φυλάττοντας
1911 5239 1981 5293 τὰ

427 5333 853 5402 διατεταγμένα,
881 5332 1173 5403 κληρικοὺς
1220 5330 1321 5402 μὲν
1370 5330 1547 5397 ὄντας,
1600 5331 1980 5401 καθαιρεῖσθαι

430 5421 860 5495 παρακελεύεται
889 5422 917 5474 ό
945 5420 1155 5476 κανών·
1211 5421 1434 5483 λαῖκοῦς
1483 5421 1562 5485 δὲ,
1599 5422 1974 5492 ἀφορίζεσθαι.

428 5513 537 5565 Καὶ
562 5511 779 5572 πάντως
811 5510 889 5579 τῷ
917 5511 1067 5582 αὑτῷ
1099 5512 1358 5582 ἐπιτιμίῳ
1413 5511 1729 5566 ὑπόκεινται
1785 5510 1879 5565 καὶ
1927 5512 1977 5564 οἱ

426 5606 516 5657 διὰ
544 5601 710 5675 τυροῦ
741 5603 838 5661 καὶ
864 5601 974 5655 ὠοῦ
998 5604 1357 5669 καταλύοντες
1391 5605 1472 5668 είς
1499 5604 1597 5668 τὰς
1619 5603 1747 5667 ὅλας
1766 5604 1973 5675 Τετρά-

427 5696 526 5761 δας
554 5697 649 5751 καὶ
678 5695 1035 5767 Παρασκευάς
1060 5711 1077 5728 ⁸
1102 5697 1184 5751 ὅτι
1207 5688 1624 5769 νεωμοθὲτηται
1654 5695 1794 5752 κατά
1840 5696 1973 5750 ταύ-

2087 4412 2235 4480 dam,
2286 4421 2344 4466 ut
2379 4419 2461 4465 est
2506 4409 2820 4473 verisimile,
2871 4411 3161 4467 orthodoxi
3197 4429 3261 4470 ex
3299 4417 3401 4473 hoc
3430 4434 3637 4479 canone

2085 4512 2356 4568 errantes,
2414 4502 2467 4556 in
2518 4500 2679 4556 dictis
2732 4499 2985 4557 Sabbatis
3043 4505 3396 4562 comedebant
3434 4525 3534 4567 ova
3581 4521 3636 4568 et

2083 4577 2323 4659 caseum,
2372 4602 2429 4647 ut
2473 4608 2592 4662 quae
2620 4602 2804 4648 essent
2839 4594 3121 4665 sanguinis
3157 4599 3400 4667 expertia
3432 4609 3486 4656 et
3532 4617 3635 4658 au-

2083 4687 2255 4743 tumni
2310 4686 2576 4741 fructibus
2647 4686 2871 4742 similia.
2928 4685 3043 4743 Hoc
3098 4689 3279 4759 itaque
3354 4693 3633 4766 corrigens

2081 4780 2267 4836 delinit
2293 4780 2555 4850 synodus,
2590 4792 2779 4834 omnes
2814 4777 2906 4834 Dei
2936 4778 3208 4838 Ecclesias
3241 4782 3438 4841 debere
3460 4802 3627 4842 unum

2080 4874 2322 4927 ordinem
2359 4872 2536 4940 sequi,
2571 4878 2624 4925 et
2658 4869 2931 4927 abstinere
2981 4887 3167 4934 omnes
3222 4874 3288 4929 ab
3337 4876 3484 4931 omni
3516 4894 3630 4934 ma.

2081 4962 2284 5024 ctahili,
2316 4962 2569 5031 quoniam
2618 4969 2674 5017 et
2717 4976 2815 5016 ova
2847 4971 2902 5026 et
2936 4964 3109 5031 casei,
3160 4966 3371 5039 etiamsi
3419 4968 3628 5027 fructus

2079 5060 2417 5123 reputentur,
2467 5051 2593 5122 quia
2645 5061 2824 5107 tamen
2866 5068 2955 5119 ea,
3009 5070 3075 5109 ex
3117 5058 3316 5149 quibus
3370 5059 3456 5114 illa
3500 5076 3628 5130 pro-

2079 5153 2385 5206 cesserunt,
2450 5158 2556 5197 non
2584 5145 2958 5219 comedimus,
3004 5162 3072 5201 ne
3124 5149 3204 5205 eis
3247 5145 3465 5219 quidem
3494 5153 3629 5222 ipsis

2079 5236 2226 5292 vesci
2256 5249 2317 5290 ac
2342 5234 2609 5304 jejunium
2638 5236 2852 5293 solvere
2907 5237 3189 5296 debemus.
3245 5242 3322 5296 Ac
3374 5257 3473 5299 eos
3504 5246 3629 5314 qui-

2077 5324 2222 5386 dem,
2253 5320 2345 5391 qui
2378 5321 2492 5376 haec
2516 5322 2744 5397 decreta
2771 5339 2878 5379 non
2910 5337 3151 5395 servant,
3187 5329 3232 5384 si
3263 5331 3373 5385 sint
3404 5333 3625 5401 quidem

2077 5415 2285 5476 clerici.
2315 5414 2515 5486 deponi
2543 5413 2699 5483 jubet
2730 5431 2930 5483 canon,
2965 5417 3133 5474 laicos
3172 5435 3303 5477 vero
3331 5424 3623 5494 segregari.

2077 5509 2154 5564 Ac
2176 5509 2351 5563 eidem
2386 5507 2602 5577 quidem
2660 5507 2897 5577 omnino,
2930 5523 3104 5579 pinnae
3148 5512 3512 5582 subjiciuntur
3569 5522 3625 5568 et

2077 5600 2171 5671 qui
2200 5616 2293 5669 per
2324 5613 2547 5673 caseum
2575 5605 2631 5654 et
2678 5614 2840 5655 ovum
2890 5600 3152 5670 jejunium
3205 5606 3423 5662 solvunt
3471 5608 3620 5662 omni

2079 5700 2273 5764 quarta
2304 5699 2357 5749 et
2405 5699 2557 5747 sexta
2620 5689 2778 5760 feria,
2829 5707 2926 5750 seu
2979 5693 3310 5765 Parasceve;
3361 5699 3619 5769 quoniam
