4074 6442
461 305 561 369 711

1703 302 1807 363 ΤΗ
1818 300 1979 363 ΕΟΙ).
2026 302 2434 363 BALSAMON

3582 298 3690 363 Ἶιέ

460 424 721 474 statutum
754 423 860 482 est,
893 423 952 470 ut
983 415 1171 470 fideles
1202 415 1287 469 his
1315 414 1513 470 diebus
1542 414 1811 485 jejuncnt,
1846 432 2031 486 quem-

2135 433 2235 479 τας
2262 414 2557 486 ,νηστεύειν
2610 416 2736 479 τοὺς
2791 416 3040 479 πιστοὺς,
3091 414 3281 484 ὥσπερ
3316 412 3414 466 καὶ
3467 413 3546 475 είς
3596 412 3667 481 τὴ

462 509 754 563 admodum
782 519 838 561 et
866 508 919 559 in
949 505 1398 574 Quadragesima.

534 598 780 653 ZONAR.
806 592 923 663 "Qui
948 598 1012 651 in
1047 599 1116 653 iis
1167 600 1485 667 regionibus
1533 599 1826 655 Christiani
1861 598 2024 667 (lege.

463 693 613 754 bant,
653 704 777 745 cum
806 704 1099 754 canonem,
1130 700 1190 744 ut
1220 692 1576 755 arbitramur,
1621 707 1730 760 quo
1758 690 2023 760 jejunium

465 782 719 837 Sabbatis
751 796 814 835 ac
854 781 1153 835 Dominicis
1205 782 1651 851 Quadragesima:
1682 781 2024 849 prohibetur,

460 874 816 942 reperissent,
849 872 967 925 ovis
1003 887 1124 926 sese
1174 888 1270 943 per
1297 887 1388 926 eos
1425 873 1541 926 dies
1592 880 1646 926 et
1674 886 1835 925 caseo
1884 871 2028 940 sagi-

462 966 684 1020 nabant.
741 962 799 1016 ld
832 977 963 1032 ergo
988 978 1112 1015 cum
1169 964 1459 1035 emendare
1506 962 1749 1033 synodus
1782 972 2023 1030 cuperet,

462 1057 528 1109 ab
563 1056 905 1125 iis‘quoque
962 1057 1099 1109 cibis
1150 1055 1531 1109 abstinendum
1585 1069 1706 1109 esse
1759 1055 2024 1107 decernit.

461 1148 931 1214 Quemadmodum
960 1149 1131 1210 enim.
1161 1149 1359 1218 inquit,
1391 1148 1539 1203 omni
1571 1148 1874 1209 mactabili,
1904 1144 2026 1200 ani-

458 1242 742 1295 mantibus
775 1242 1052 1306 videlicet,
1080 1236 1204 1311 quae
1232 1242 1457 1294 mactari
1486 1240 1798 1309 jugularive
1826 1239 2021 1302 solent.

459 1348 803 1405 nequaquam
857 1334 1149 1396 vescimur,
1199 1333 1270 1385 ita
1320 1340 1374 1386 et
1411 1347 1532 1402 quae
1557 1347 1624 1386 ex
1668 1332 1858 1387 iisdem
1909 1333 2026 1385 ani-

465 1425 742 1491 mantibus
769 1426 1069 1495 gignuntur
1100 1424 1364 1492 attingere
1399 1439 1507 1477 non
1539 1431 1777 1493 Oportet.
1832 1422 1898 1475 Et
1927 1437 2022 1478 eos

454 1517 556 1584 qui
610 1517 723 1569 haec
756 1517 972 1570 decreta
1022 1528 1128 1569 non
1182 1515 1502 1577 observant,
1536 1514 1766 1569 clericos
1800 1513 2021 1584 deponi,

460 1605 633 1661 laicos
668 1622 797 1660 vero
850 1606 1227 1675 segregatione
1256 1604 1438 1675 puniri
1462 1604 1636 1673 jubet.

440 1700 686 1756 'ARIST.
728 1719 747 1751 ι
776 1698 1017 1755 Armenii
1071 1713 1172 1753 ova
1205 1708 1262 1753 et
1309 1713 1531 1752 caseum
1586 1694 2023 1765 Quadragesima:

2133 507 2726 577 Τεσσαρακονθήμερον
2748 508 3021 578 νηστείαν.

2193 601 2438 654 ΖΩΝΑΡ.
2489 600 2553 652 Oi
2588 602 2645 653 ἑν
2667 601 2797 662 "tan
2828 599 3031 670 χώραις
3075 599 3313 661 ἐκείναις
3346 597 3691 668 Χριστιανοὶ,

2127 691 2401 762 εὑρόντες,
2436 691 2512 752 ὡς
2537 691 2703 751 ἑοικε,
2728 690 2820 743 τὸν
2848 692 3045 743 κανόνα
3070 692 3162 744 τὸν
3199 682 3435 758 λέγοντα
3468 689 3542 759 μὴ
3577 689 3695 742 δεῖν

2124 781 2184 833 ἑν
2211 782 2321 843 τοῖς
2358 782 2658 842 Σαϐϐἀτοις
2690 782 2784 834 καὶ
2810 782 2931 843 ταῖς
2983 784 3291 852 Κυριακαῖς
3336 783 3433 851 τῆς
3486 783 3699 834 Τεσσα-

2129 872 2396 940 ρακοστῆς
2421 870 2723 940 νηστεύειν,
2754 868 2838 924 ὼά
2862 870 2956 923 καὶ
2988 871 3151 940 τυρὸν
3173 872 3231 921 ὲν
3251 856 3442 931 αύταῖς
3481 869 3693 939 ἦςθιον.

2126 961 2297 1015 Τοῦτο
2329 962 2421 1015 οὖν
2462 962 2817 1033 διορθουμένη
2881 963 2917 1031 ἡ
2978 962 3195 1027 σύνοδος
3234 961 3571 1031 ἀπαγορεύει
3633 962 3697 1014 τὺ

2125 1054 2298 1107 ταῦτα
2333 1053 2552 1118 ἐσθίειν,
2594 1055 2828 1122 λέγουσα
2861 1057 2963 1119 ὅτι,
2987 1054 3176 1125 ὥσπερ
3206 1046 3520 1123 ἀπεχόμεθα
3552 1071 3694 1105 παν-

2124 1146 2273 1220 τοίου
2305 1144 2488 1206 θυτοῦ,
2535 1146 2690 1211 ζώων
2714 1143 2915 1218 δηλαδὴ
2941 1149 3222 1219 θυομένων
3264 1150 3383 1217 ἤτοι
3422 1146 3699 1214 σφαζομέ-

2126 1254 2252 1300 νων,
2288 1237 2545 1293 οὕτωκαὶ
2581 1239 2689 1292 τῶν
2725 1240 2785 1304 ἑξ
2830 1241 3009 1293 αὐτῶν
3058 1241 3359 1310 γινομένων
3396 1238 3698 1308 ἀπέχεσθαι

2122 1329 2222 1393 δεῖ,
2251 1329 2349 1384 καὶ
2385 1331 2511 1395 τοὺς
2542 1332 2617 1402 μὴ
2639 1332 2708 1387 τὰ
2736 1333 3138 1403 διατεταγμένα
3177 1333 3352 1386 ταῦτα
3401 1330 3697 1399 φυλάττον-

2122 1434 2222 1482 τας
2249 1419 2544 1492 κληρικοὺς
2573 1423 2952 1494 καθαιρεῖσθαι
2979 1423 3191 1478 κελεύει
3211 1441 3224 1454 ·
3246 1426 3370 1488 τοὺς
3396 1424 3449 1477 δὲ
3475 1421 3697 1483 λαῖκοίις
3748 1406 3755 1411 ’

2122 1512 2501 1584 ἀφορίζεσθαι.

2092 1676 2096 1680 ’
2129 1690 2352 1745 ΔΡΙΣΤ.
2405 1710 2424 1743 ι
2461 1694 2523 1746 Οί
2570 1649 2839 1764 ζΑρμιένιοι
2865 1695 2949 1749 ὠὰ
2978 1697 3069 1749 καὶ
3098 1697 3261 1766 τυρὸν
3294 1698 3405 1759 τοῖς
3428 1696 3525 1766 τῆς
3556 1700 3693 1751 Τεσ-

538 1811 557 1844 ι
587 1791 840 1845 Sabbatis
863 1790 1173 1846 comedunt.
1198 1789 1427 1843 Cautum
1456 1798 1541 1843 est
1564 1789 1750 1858 igitur,
1775 1795 1835 1841 ut
1878 1796 2024 1841 totus

2208 1798 2227 1832 ι
2274 1784 2618 1855 σαρακοστῆς
2652 1785 2888 1839 ἐσθίουσι
2922 1788 3194 1842 Σάϐϐασιν
3217 1805 3233 1821 ο
3264 1787 3498 1858 ὥρισται
3516 1789 3695 1841 τοίνυν

538 1898 558 1933 ι
590 1890 859 1934 terrarum
893 1879 1044 1935 orbis
1089 1880 1157 1932 ab
1198 1878 1321 1935 istis
1370 1879 1536 1933 etiam
1596 1866 1905 1932 abstineat:
1941 1876 2023 1931 sin

535 1992 556 2025 ι
586 1971 788 2039 minus,
826 1971 1123 2044 segregari.
1155 1989 1173 2022 ι

1018 2061 1246 2120 CANON
1305 2059 1465 2116 LVII.

469 2172 489 2205 ι
520 2150 675 2219 Quod
705 2150 771 2210 ad
803 2151 975 2206 altare
1006 2153 1109 2206 mel
1134 2142 1197 2206 et
1249 2152 1333 2206 lac
1358 2150 1557 2205 olicrre
1588 2164 1697 2204 non
1729 2160 1964 2220 oportet.
2000 2169 2020 2203 ι

530 2329 725 2385 BALS.
785 2328 861 2385 De
917 2345 982 2385 eo
1015 2330 1137 2385 l'use
1171 2329 1493 2398 scripsimus
1522 2328 1575 2382 in
1606 2329 1639 2380 ὅ
1669 2343 1875 2382 canone
1903 2342 2028 2381 san-

461 2434 673 2478 ctorum
701 2423 1097 2492 apostolorum,
1121 2436 1221 2475 nec
1246 2436 1307 2474 ea
1332 2432 1463 2475 sunt
1487 2435 1680 2476 rursus
1707 2421 2021 2490 repetenda.

461 2517 652 2581 Quaere
682 2523 737 2567 et
763 2512 833 2566 28
867 2527 993 2568 can.
1031 2513 1316 2582 praesentis
1347 2496 1563 2583 synodi.

532 2690 939 2763 ZONARJioc
977 2691 1139 2746 tertio
1193 2676 1413 2761 quoque
1465 2696 1778 2745 sanctorum
1812 2698 2027 2757 aposto-

406 2764 414 2773 l
465 2787 642 2840 lorum
670 2800 793 2840 can.
832 2784 1059 2839 vetitum
1086 2791 1191 2849 est,
1224 2782 1277 2836 in
1308 2798 1420 2851 quo
1455 2797 1579 2836 cum
1611 2780 1768 2835 melle
1799 2795 1865 2834 ac
1888 2782 2027 2835 lacte

467 2877 629 2949 hujus
681 2877 893 2947 generis
940 2876 1049 2931 alia
1112 2874 1358 2946 quadam
1422 2880 1684 2946 praeterea
1729 2885 2025 2929 recensen-

442 2979 578 3025 .tur.
1078 2974 1105 2983 ‘
1232 2962 1235 2963 ν
1424 3006 1431 3011 ~

467 3050 689 3116 ARIST.
707 3081 726 3114 ι
755 3060 833 3115 Ad
862 3060 1034 3116 altare
1057 3060 1161 3115 mel
1190 3068 1247 3115 et
1270 3060 1355 3116 lac
1383 3059 1569 3116 oderri
1599 3075 1708 3118 non
1741 3066 1975 3133 oportet.
1997 3077 2018 3112 ι

539 3153 874 3222 Perspicuus.
1206 3236 1209 3237 ν

907 3240 1066 3311 225
1120 3238 1347 3296 CANON
1403 3241 1576 3299 Lvut.

475 3358 496 3392 ‹
530 3335 700 3392 Nemo
727 3344 919 3392 eorum
948 3337 1040 3405 qui
1077 3346 1208 3390 sunt
1241 3337 1294 3390 in
1329 3336 1523 3393 ordine
1551 3338 1813 3394 iaicorum
1844 3339 2027 3394 divina

547 3446 565 3478 ι
600 3427 707 3480 sibi
742 3425 998 3490 mysteria
1031 3423 1329 3491 impertiat,
1362 3437 1626 3494 praesente
1652 3428 1914 3498 episcOpo
1942 3429 2028 3483 vel
2116 3426 2147 3473 -’

452 3534 459 3537 τ
546 3537 563 3563 ι
598 3516 917 3587 presbytero
957 3514 1037 3567 vel
1089 3514 1339 3569 diacono.
1392 3514 1494 3581 Qui
1523 3524 1706 3570 autem
1748 3517 1861 3571 tale
1894 3518 2026 3587 quid

548 3626 567 3659 ι
603 3621 771 3661 ausus
811 3604 993 3671 fuerit,
1018 3612 1078 3659 ut
1104 3615 1302 3675 praeter
1327 3620 1392 3662 ea
1419 3622 1539 3677 qua:
1571 3616 1701 3664 sunt
1730 3610 2028 3664 constituta

551 3717 571 3751 ι
599 3698 826 3762 faciens,
861 3710 969 3750 una
1001 3698 1301 3765 septimana
1327 3707 1664 3767 segregetur,
1714 3706 1781 3753 ex
1809 3714 1875 3754 eo
1892 3700 2029 3755 'edo-

550 3809 571 3844 ι
594 3801 737 3855 ctus,
770 3805 880 3845 non
924 3788 1158 3858 amplius
1203 3803 1395 3860 sapere
1426 3804 1584 3860 quam
1629 3805 1821 3862 sapere
1854 3794 2030 3862 opor-

550 3900 570 3935 ι
598 3891 695 3937 tet.
729 3900 748 3933 ι
1994 3934 1995 3937 η

525 3972 739 4055 ‘BALS.
780 3972 886 4028 Alii
935 3970 1153 4043 quidem
1203 3972 1407 4027 diversi
1453 3964 1687 4031 canones
1722 3976 2027 4045 prohibue-

478 4075 629 4130 runt,
660 4081 727 4119 ne
763 4079 791 4119 a
822 4064 978 4120 laicis
1008 4074 1195 4120 sancta
1224 4068 1481 4135 mysteria
1531 4076 1918 4134 tractarentur,
1972 4079 2029 4127 et

479 4172 545 4213 ea
576 4158 701 4214 aliis
727 4157 812 4212 vel
842 4157 947 4212 sibi
978 4157 1319 4228 impertirent
1349 4171 1365 4211 :
1398 4161 1656 4227 quoniam
1680 4146 1952 4232 episcopis
1975 4171 2029 4217 et

480 4251 813 4323 presbyteris
863 4258 918 4305 et
967 4250 1213 4304 diaconis
1277 4251 1398 4306 talis
1452 4251 1574 4307 data
1633 4264 1716 4309 est
1771 4255 2029 4326 dignitas.

483 4340 732 4395 Praesens
758 4345 938 4392 autem
972 4352 1147 4392 canon
1177 4339 1361 4393 eadem
1392 4355 1516 4395 cum
1543 4342 1649 4395 illis
1684 4345 2027 4414 praecipiens,

2052 3109 2100 3173 (Ξ

2204 1888 2225 1923 ι
2265 1874 2448 1926 πᾶσαν
2478 1876 2575 1943 τὴν
2602 1879 2924 1948 οἰκουμένην
2957 1881 3049 1931 καὶ
3097 1879 3301 1933 τούτων
3349 1879 3653 1951 ἀπέχεσθαι
3675 1897 3689 1911 ·

2204 1980 2224 2015 ι
2263 1964 2396 2017 είδὲ
2431 1966 2528 2038 μὴ,
2557 1969 2933 2039 ἀφορίζεσθαι.
2962 1990 3005 2022 »η
3615 1966 3633 1986 ⁸

2710 2061 2943 2114 KANuN
2968 2063 3088 2116 ΝΖ.
3498 2136 3503 2137 ν

2134 2163 2153 2197 ι
2193 2146 2316 2200 Ὀτι
2347 2147 2408 2201 οὐ
2456 2150 2561 2222 χρὴ
2593 2152 3177 2227 ἑντδςθυσιαστηρίοῡ
3238 2154 3360 2226 μέλι
3410 2155 3506 2211 καὶ
3552 2155 3691 2225 γάλα

2665 2263 2684 2295 ι
2722 2245 3077 2313 προσφέρειν.
3122 2264 3139 2296 ι

2200 2331 2398 2386 ΒΑΛΣ.
2433 2334 2567 2401 Περὶ
2596 2335 2784 2389 τούτου
2811 2336 3055 2400 πλατέως
3089 2338 3406 2408 ἐγράψαμεν
3440 2340 3498 2392 ἐν
3533 2341 3608 2411 τῷ
3643 2338 3694 2410 γ’

2126 2423 2308 2474 κανόνι
2340 2423 2449 2476 τῶν
2482 2426 2651 2492 ἁγίων
2684 2428 3014 2489 ἀποστόλων,
3049 2430 3139 2481 καὶ
3167 2432 3225 2481 οὐ
3277 2435 3381 2501 χρὴ
3418 2434 3546 2503 περὶ
3586 2435 3695 2487 τῶν

2125 2514 2305 2567 αὐτῶν
2352 2516 2714 2585 παλιλλογεῖν.
2764 2521 2921 2589 Ζήτει
2975 2524 3066 2574 καὶ
3115 2521 3205 2575 τὸν
3243 2521 3328 2592 κη’
3363 2524 3694 2595 κανόνα-τῆς

2127 2608 2301 2677 παρού
2312 2626 2408 2678 σης
2457 2611 2699 2664 συνόδου.

2198 2697 2439 2752 ΖΩΝΑΡ.
2469 2700 2638 2753 Τοῦτο
2690 2703 2782 2755 καὶ
2815 2703 2843 2755 ὁ
2897 2705 3082 2775 τρίτος
3130 2707 3309 2759 κανὼν
3357 2710 3461 2761 τῶν
3522 2712 3693 2777 ἁγίων

2126 2789 2435 2843 ἀποστόλων
2469 2793 2767 2853 κεκώλυκε,
2803 2795 2879 2865 τῷ
2914 2798 3091 2863 μέλιτι
3121 2802 3215 2851 καὶ
3242 2801 3315 2869 τῷ
3339 2800 3571 2868 γάλακτι
3599 2805 3695 2857 καὶ

2126 2881 2289 2952 ἕτερα
2319 2882 2433 2953 εἴδη
2466 2884 3111 2956 συναπαριθμητάμενος.

2125 3052 2347 3113 ΔΒΙΣΤ.
2406 3073 2425 3108 ι
2468 3056 2555 3108 Ἐν
2600 3057 2677 3127 τῷ
2738 3057 3106 3130 θυσιαστηρίῳ
3156 3060 3215 3113 οὐ
3278 3060 3381 3133 χρὴ
3436 3062 3559 3133 μέλι
3599 3062 3693 3117 καὶ

2204 3165 2224 3199 r
2254 3147 2834 3220 γάλαπροσφέρεσθαι.
2876 3169 2894 3201 ι
2935 3152 3162 3220 Σαφής.

2704 3244 2743 3295 Κ
2754 3242 2939 3295 ΑΝΩΝ
2963 3244 3010 3295 Ν
3018 3244 3097 3298 H'.

2132 3348 2154 3383 ι
2194 3331 2405 3403 Μηδεὶς
2450 3334 2561 3387 τῶν
2601 3334 2658 3387 ἑν
2717 3334 2921 3397 λαϊκοίς
2964 3339 3310 3407 τεταγμένων
3359 3340 3533 3410 ἑαυτῷ
3583 3342 3694 3396 τῶν

2210 3442 2228 3476 ι
2268 3423 2426 3477 θείων
2451 3425 2765 3496 μυστηρίων
2795 3425 3143 3495 μεταδιδὸτω,
3179 3431 3443 3498 παρόντος
3467 3434 3694 3487 ἐπισκό-

2203 3534 2223 3568 ι
2266 3533 2370 3569 που
2400 3517 2432 3587 ἢ
2458 3519 2828 3595 πρεσϐυτέρου
2858 3520 2891 3590 ἢ
2916 3520 3191 3575 διακόνου.
3220 3523 3276 3574 ’0
3300 3523 3353 3575 δέ
3377 3541 3426 3577 τι
3453 3527 3696 3579 τοιοῦτον

2198 3625 2217 3659 ι
2257 3608 2490 3679 τολμῶν,
2519 3609 2593 3672 ὡς
2618 3611 2770 3679 παρὰ
2807 3612 2876 3663 τὰ
2923 3611 3321 3681 διατεταγμένα
3365 3615 3552 3676 ποιῶν,
3596 3616 3694 3668 ἐπὶ

2210 3718 2230 3752 ι
2267 3700 2535 3773 ἑϐδομάδα
2572 3702 2702 3773 μίαν
2733 3703 3101 3774 ἀφοριζέσθω,
3128 3704 3378 3757 ἐντεῦθεν
3410 3707 3692 3777 παιδαγω-

2207 3810 2227 3845 ι
2260 3790 2628 3866 γούμενοςμὴ
2658 3796 2876 3863 φρονεῖν
2911 3796 3043 3866 παρ’
3072 3794 3101 3847 ὃ
3134 3794 3218 3848 δεῖ
3247 3800 3484 3867 φρονεῖν.
3525 3818 3543 3851 ι

2895 3902 2915 3933 ι’

2198 3972 2396 4025 ΒΑΛΣ.
2456 3970 2641 4025 Ἀλλοι
2694 3970 2793 4040 μὲν
2831 3971 3055 4035 κανόνες
3109 3973 3359 4043 διάφοροι
3411 3975 3694 4032 ἐκώλυσαν

2128 4063 2279 4133 παρὰ
2312 4061 2517 4116 Λαῖκῶν
2560 4063 2631 4116 τὰ
2678 4063 2811 4131 ἆγια
2864 4066 3140 4133 μυστήρια
3195 4067 3690 4135 μεταχειρίζεσθαι,

2129 4156 2224 4208 καὶ
2277 4154 2308 4224 ἢ
2351 4153 2559 4225 ἑτέροις
2596 4154 2932 4224 μεταδιδόναι
2978 4157 3179 4219 αὐτῶν,
3229 4158 3501 4228 ἢὲαυτοίς
3528 4174 3545 4191 ο
3608 4162 3692 4213 ὅτι

2130 4248 2449 4309 ἐπισκόποις
2501 4248 2595 4299 καὶ
2652 4246 2856 4317 ἱερεῦσι
2901 4250 2995 4301 καὶ
3038 4248 3309 4313 διακόνοις
3360 4251 3420 4303 τὸ
3450 4251 3691 4306 τοιοῦτον

2128 4336 2472 4408 ἀπεχαρίσθη
2500 4337 2736 4422 ριξίωμα.
2776 4337 2835 4391 Ὀ
2865 4338 3147 4409 δὲηπαρὼν
3196 4340 3380 4394 κανὼν
3421 4343 3488 4395 τὰ
3551 4344 3693 4398 αὐτὰ

478 4443 537 4487 et
562 4430 728 4484 unius
754 4440 969 4499 quoque
996 4430 1311 4498 septimanae
1339 4433 1701 4500 segregationi
1745 4448 1867 4489 eum
1899 4439 2031 4490 sub-

2134 4429 2361 4493 ἑκείνοις
2394 4430 2926 4500 παρακελευόμενος,
2989 4433 3085 4485 κα)⁵
3122 4432 3415 4503 ἀφορισμῷ
3460 4433 3692 4487 καθυπο-

473 4524 700 4594 jiciens,
732 4522 824 4590 qui
860 4533 1050 4590 praeter
1088 4537 1152 4576 ea
1179 4536 1299 4592 quae
1331 4531 1458 4576 sunt
1515 4532 1733 4589 statuta,
1784 4527 1835 4579 id
1865 4527 2028 4582 etiam

482 4614 696 4684 adjicit,
726 4611 869 4683 quod
899 4613 1009 4667 haec
1047 4622 1177 4668 tunc
1210 4615 1381 4670 laicus
1433 4629 1540 4668 non
1573 4615 1795 4671 audebit
1828 4618 2030 4684 facere,

483 4707 708 4777 quando
734 4707 885 4760 adest
930 4707 1242 4777 episc0pus,
1278 4708 1566 4779 presbyter
1619 4708 1701 4763 vel
1749 4710 2032 4780 diaconus,

486 4799 579 4870 qui
613 4810 764 4853 sacra
816 4806 1047 4854 tractare
1096 4808 1292 4869 potest.
1341 4799 1537 4854 Dicunt
1580 4799 1741 4869 igitur
1792 4804 2032 4872 quidam,

488 4898 700 4961 sumpta
730 4905 760 4944 a
790 4894 1066 4945 contrario
1097 4891 1470 4955 distinctione,
1502 4890 1646 4960 quod
1676 4896 1895 4963 quando
1924 4912 2033 4953 non

488 4983 637 5037 adest
665 4997 850 5037 eorum
887 4983 1087 5054 aliquis
1120 4993 1340 5053 prepter
1383 4983 1620 5038 oblatam
1653 4985 1754 5041 sibi
1788 4989 2034 5044 necessi-

478 5078 675 5136 tatem,
712 5070 815 5126 sibi
851 5073 973 5142 quis
1025 5080 1173 5126 recte
1218 5071 1398 5126 divina
1451 5084 1788 5131 sacramenta
1838 5077 2038 5148 imper-

480 5163 604 5219 τίοι.
643 5161 774 5217 Mihi
805 5174 986 5220 autem
1023 5177 1132 5217 non
1166 5164 1420 5220 videtur:
1464 5154 1696 5221 ut‘enim
1748 5169 1855 5222 tale
1905 5170 2035 5238 quid

444 5282 449 5283 ί
489 5255 747 5319 audeant,
775 5268 842 5312 ex
875 5257 1327 5327 interpretatione
1366 5270 1421 5313 et
1447 5273 1476 5313 e
1507 5262 1780 5314 contrario
1824 5270 2037 5332 sumpta

480 5346 863 5413 distinctione,
901 5362 1009 5403 non
1043 5348 1387 5405 concedetur.
1427 5348 1602 5406 Latini
1632 5361 1808 5407 autem
1840 5368 2033 5425 azyma

485 5439 710 5494 assidue
736 5438 798 5493 in
833 5439 953 5495 sinu
979 5437 1238 5504 ferentes,
1269 5442 1480 5496 etiamsi
1512 5441 1623 5496 sint
1652 5441 1795 5508 laici,
1828 5453 1889 5498 ea
1927 5459 2034 5500 non

484 5530 664 5583 solum
696 5528 803 5584 sibi
846 5536 912 5585 nt
954 5535 1300 5586 sacramenta
1345 5532 1682 5603 impertiuut,
1734 5532 1828 5588 sed
1872 5534 2034 5591 etiam

557 5709 812 5772 ZONAB.
866 5713 1070 5775 Sancta
1102 5727 1353 5787 tractare,
1386 5731 1564 5791 eaque
1593 5717 1803 5775 caeteris
1833 5718 2033 5796 iamper-

2134 4520 2343 4574 ϐάλλων
2373 4522 2467 4574 ἐπὶ
2495 4522 2763 4592 ἑϐδομάδα
2794 4525 2921 4592 μίαν
2945 4524 3035 4577 τὸν
3080 4524 3233 4595 παρὰ
3272 4524 3342 4577 τὰ
3406 4526 3690 4595 διατεταγ-

2082 4650 2093 4661 ..
2136 4612 2272 4682 μένα
2306 4611 2585 4676 ποιοῦντα,
2640 4614 2996 4685 προστίθησιν
3014 4614 3091 4678 ὡς
3126 4616 3246 4668 τότε
3284 4616 3458 4670 ταῦτα
3509 4620 3536 4670 ό
3575 4619 3689 4671 λαῖ-

2132 4704 2227 4767 κδς
2251 4707 2309 4757 ού
2335 4704 2591 4775 τολμήσει
2618 4707 2860 4776 ποιῆσαι,
2909 4709 2998 4760 ὅτε
3032 4708 3294 4777 πάρεστιν
3334 4710 3627 4774 ἐπίσκοπος
3654 4712 3687 4781 ἢ

2131 4797 2498 4868 πρεσϐύτερος
2532 4798 2565 4868 ἢ
2596 4796 2860 4863 διάκονος,
2889 4798 3185 4868 δυνάμενος
3214 4802 3692 4870 μεταχειρισθῆναι

2132 4890 2200 4944 τὰ
2257 4890 2407 4957 ἅγια.
2454 4889 2684 4957 Λέγουσι
2728 4890 2855 4958 γοῦν
2886 4906 3033 4953 τινες
3077 4891 3136 4955 ἑξ
3166 4889 3569 4961 ἁντιδιαστολῆς
3591 4892 3690 4959 ὡς,

2132 4982 2260 5037 ὃταν
2294 4982 2521 5054 πάρεστί
2546 4999 2628 5046 τις
2664 4982 2723 5048 ἑξ
2765 4982 2965 5049 αὐτῶν,
3015 4981 3103 5035 διὰ
3148 4981 3552 5052 προσκειμένην
3602 4983 3694 5035 ἀν-

2133 5075 2309 5146 άγκην
2367 5075 2548 5139 καλῶς
2598 5075 2898 5146 μεταδώσει
2969 5092 3055 5139 τις
3113 5068 3299 5145 ἑαυτῷ
3355 5075 3466 5126 τῶν
3531 5074 3693 5127 θείων

2132 5169 2487 5239 ἁγιασμάτων
2518 5185 2534 5200 ·
2563 5169 2687 5246 ἐμοὶ
2709 5168 2765 5223 δὲ
2789 5169 2849 5222 ού
2879 5168 3044 5223 δοκεῖ.
3106 5166 3358 5245 Τοιοῦτον
3408 5168 3518 5238 γὰρ
3572 5169 3695 5221 τολ-

2138 5262 2375 5331 μηθῆναιι
2398 5262 2503 5314 ἀπὸ
2536 5261 2832 5331 ἑρμηνείας
2862 5260 2959 5313 καὶ
2982 5258 3396 5328 ἀντιδιαστολῆς
3430 5258 3533 5312 οὐκ
3599 5261 3692 5312 ἑκ·-

2135 5352 2537 5423 χωρηθήσεται.
2577 5352 2661 5403 Οί·
2689 5352 2872 5420 μέντοι
2931 5351 3146 5403 Λατῖνοι
3193 5348 3379 5419 ἄζυμα
3426 5350 3693 5421 διηνεκῶς

2133 5444 2397 5513 ἑγκόλπια
2448 5445 2703 5515 φέροντες
2726 5445 2825 5499 καὶ
2852 5444 3033 5498 λαῖκοὶ
3069 5444 3242 5510 ὄντες,
3274 5446 3335 5498 οὑ
3374 5448 3533 5515 μόνον
3563 5450 3691 5499 ἑαυ-

2132 5539 2246 5601 τοῖς
2276 5536 2477 5590 τούτων
2508 5537 2883 5607 μεταδιδόασιν
2912 5538 2987 5603 ὡς
3011 5538 3385 5608 ἁγιασμάτων,
3412 5536 3550 5593 ἀλλὰ
3598 5541 3694 5591 καὶ

2136 5628 2365 5699 ἑτέροις.
3220 5676 3229 5684 .

2211 5721 2453 5778 ΖΩΝΛΡ.
2494 5722 2568 5776 Τὸ
2599 5724 3074 5795 μεταχειρίζεσθαι
3093 5725 3160 5780 τὰ
3187 5724 3338 5795 ἅγια,
3362 5720 3458 5778 καὶ
3482 5721 3694 5794 ἑτέροις
