4074 6374
460 281 568 351 7ῐ5

1735 291 1836 350 ΤΗ
1849 291 1990 348 ΕΟΙ)
2052 292 2443 350 UALSAMUN

3591 311 3694 372 7’35

461 398 852 462 interdictum;
891 397 1097 469 quique
1127 398 1182 452 id
1211 415 1379 454 ausus
1409 401 1594 466 fuerit,
1629 401 1902 455 initiatum
1935 401 2018 454 de-

2129 402 2264 469 ὄντι,
2298 404 2388 456 καὶ
2418 405 2508 457 τὸν
2535 405 2691 460 τοῦτο
2714 410 3058 482 τολμήσαντα
3093 416 3388 486 ἱερωμένον
3416 421 3517 474 καθ
3563 429 3687 494 τρεῖ,

456 492 610 560 poni,
641 489 813 545 laicos
842 503 969 544 vero
998 493 1373 562 segregatione
1426 492 1600 547 teneri
1636 493 1838 562 placet.
1876 492 2026 545 Duo-

459 581 702 636 decimus
736 595 863 636 vero
889 596 1065 635 canon
1103 584 1290 652 prima!
1339 594 1392 638 et
1428 584 1685 638 secunda:
1736 585 1787 636 in
1824 583 2026 652 templo

459 667 786 722 Sanctorum
841 669 1228 738 Apostolorum
1282 673 1483 727 habitae
1526 671 1742 744 synodi,
1796 687 1826 724 a
1881 674 2025 725 clero

456 761 748 828 sepositos,
799 760 900 816 hoc
944 772 1048 824 est,
1096 764 1340 834 episcopi
1398 768 1722 820 auctoritate
1766 779 1832 818 ex
1873 766 2024 818 omni

401 893 406 898 .
454 853 605 907 clero
632 853 731 906 loci
769 853 937 918 illius,
971 853 1062 922 qui
1096 855 1148 907 in
1199 857 1413 925 privata
1468 860 1582 912 :ede
1635 871 1788 911 sacra
1823 856 2022 910 facturi

454 952 606 1011 sunt,
635 950 795 1015 eique
827 947 1038 999 mnn‘eri
1077 950 1375 1015 separatim
1409 948 1654 1003 addictos
1685 966 1808 1006 esse
1862 967 2024 1020 οων-ι

454 1048 572 1092 tere
627 1037 893 1092 decernit.
935 1038 1071 1092 illud
1103 1053 1236 1109 ergo
1291 1057 1354 1093 ex
1396 1051 1630 1110 utroque
1666 1043 1769 1096 boc
1815 1057 2024 1096 canone

430 1129 707 1193 νεωρίων,
742 1139 798 1184 ιιι
826 1130 881 1184 in
919 1131 1009 1183 tali
1035 1132 1280 1185 oratorio
1314 1147 1469 1186 sacra
1508 1148 1788 1200 peragere,
1847 1135 2024 1202 bapti-

451 1237 744 1294 sinnmque
791 1224 1126 1288 ministrare,
1198 1239 1297 1279 nec
1343 1227 1567 1280 omnino
1623 1227 1873 1290 velitum,
1923 1241 2023 1280 nec

451 1316 709 1371 omnibus
761 1317 1089 1386 permissum
1136 1331 1259 1371 esse
1310 1316 1721 1385 intelligams:
1795 1319 1888 1375 sed
1927 1319 2020 1388 qui

391 1427 395 1430 ’
451 1407 724 1475 ejusmodi
756 1423 910 1461 saera
961 1407 1263 1461 ministeria
1299 1408 1550 1476 privatim
1605 1409 1809 1463 obituri
1869 1419 2018 1472 sunt,

451 1513 548 1552 eos
581 1497 845 1560 delectos,
880 1509 933 1552 et
963 1499 1099 1553 bene
1128 1499 1378 1567 cognitos
1424 1514 1546 1554 esse
1592 1500 1783 1555 Patres
1832 1503 2024 1556 volue-

452 1600 574 1643 runt
602 1630 616 1653 ,
649 1603 751 1643 nec
782 1589 947 1643 alium
981 1602 1242 1660 praeterea
1292 1589 1361 1643 ad
1391 1590 1481 1644 illa
1536 1606 1866 1660 quemquam
1919 1594 2020 1645 ad-

449 1681 612 1744 mitti,
647 1697 747 1736 nee
776 1681 1044 1749 cujusque
1091 1681 1400 1736 sacerdotis
1455 1682 1720 1736 voluntati
1756 1683 1859 1737 hoc
1889 1698 2019 1736 ron-

2131 495 2348 558 λαῖκοὺς
2394 497 2452 550 δὲ
2505 499 2771 570 ἀφορίζει.
2843 504 2902 556 Ὀ
2955 505 3011 558 δὲ
3047 508 3370 570 δωδέκατοςκ
3399 514 3574 567 κανὼν
3596 517 3692 580 τῆς

2131 587 2347 658 πρώτης
2399 591 2490 641 καὶ
2520 592 2777 662 δευτέρας
2809 597 3026 650 συνόδου
3058 600 3158 669 τῆς
3196 604 3254 653 ἐν
3279 603 3359 672 τῷ
3419 606 3532 676 ναῷ
3561 607 3694 670 ⁴τῶν

2141 677 2338 746 Ἀγίων
2392 681 2729 737 Ἀποστόλων
2794 690 3069 758 συστάσης
3131 694 3697 765 ἀποκεκληρωμένους

2129 765 2266 820 εἶναι
2295 769 2542 839 βούλεται
2565 770 2689 836 τοὺς
2711 777 2767 826 ὲν
2791 777 3063 849 εὐκτηρίῳ
3087 782 3531 855 λειτουργοῦντας
3549 789 3697 841 ἔνδον

2126 857 2305 920 οἰκίας
2335 859 2470 922 ὄντι,
2500 862 2621 914 ἀντὶ
2653 864 2745 916 τοῦ
2794 865 3136 936 ὡρισμένους
3202 875 3694 946 ἐκκεχωρημένους

2127 951 2277 1017 παρὰ
2311 949 2403 1010 τοῦ
2439 953 2577 1004 κατά
2607 954 2770 1007 τόπον
2796 959 3120 1012 ἐπισκόπου.
3160 958 3332 1014 Τοῦτο
3367 961 3457 1018 οὖν
3492 968 3548 1032 ἐξ
3581 970 3699 1036 ἀμ-

2127 1042 2247 1106 φοῖν
2273 1041 2383 1091 τῶν
2409 1043 2650 1095 κανόνων
2679 1047 2882 1099 τούτων
2917 1052 3416 1122 καταλαμϐάνεται,
3451 1059 3534 1109 ὅτι
3567 1060 3694 1113 οὔτε

2124 1131 2305 1201 πάντη
2339 1135 2730 1188 κεκώλυταιτὸ
2766 1139 3073 1208 ἱερουργεῖν
3142 1147 3199 1197 ἐν
3250 1148 3526 1220 εύκτηρίῳ
3575 1169 3690 1204 τοι-

2123 1222 2264 1288 ούτῳ
2296 1227 2389 1276 καὶ
2423 1227 2728 1294 βαπτίζειν,
2768 1229 2891 1282 οὔτε
2929 1234 3092 1286 παντὶ
3119 1237 3510 1308 ἐπετέτραπτο,
3555 1244 3694 1298 ἀλλὰ

2121 1313 2461 1382 ὡρισμένους
2498 1321 2591 1369 καὶ
2612 1322 2988 1389 ἐγνωσμένους
3025 1325 3214 1395 ἤθελον
3248 1331 3296 1380 οἱ
3330 1331 3575 1399 Πατέρες
3600 1329 3685 1385 εἶ-

2122 1421 2210 1456 ναι
2240 1406 2366 1467 τοὺς
2390 1408 2680 1476 μέλλοντας
2736 1413 2797 1464 ὲν
2859 1415 3168 1486 εύκτηρίοις
3217 1421 3539 1491 ἱερουργεῖν,
3594 1425 3694 1476 καὶ

2121 1493 2252 1563 παρ’
2281 1497 2522 1561 ἐκείνους
2559 1502 2727 1572 ἑτέρῳ
2765 1503 2846 1573 μὴ
2871 1504 3072 1569 ἐξεῖναι
3103 1507 3259 1560 τοῦτο
3295 1517 3492 1577 ποιεῖν,
3544 1514 3689 1584 μηδὲ

2118 1585 2197 1655 τῷ
2226 1588 2459 1641 ἑκάστου
2495 1590 2688 1658 ἱερέως
2730 1592 3033 1664 βουλήματι
3060 1597 3218 1651 τοῦτο
3269 1601 3458 1654 ἄνετον
3504 1601 3690 1658 εἶναι’

2122 1680 2271 1748 παρά
2311 1680 2402 1731 τοῦ
2435 1683 2738 1736 ἐπισκόπου
2787 1687 2844 1739 δὲ
2873 1689 2974 1757 τῆς
3024 1689 3206 1758 χώρας
3248 1691 3544 1773 λαμϐᾀνειν
3588 1699 3700 1769 τὴν

447 1785 667 1826 cessum
705 1787 863 1836 esse;
925 1772 1021 1826 sed
1081 1789 1146 1825 ex
1177 1773 1415 1842 regionis
1479 1773 1740 1842 episcopo
1801 1775 2014 1829 veniam

2119 1768 2447 1840 ἐκχώρησιν.
2484 1774 2622 1836 Τοὺς
2644 1775 2701 1828 δὲ
2721 1775 2780 1840 ἐξ
2804 1779 3013 1842 οἰκείας
3042 1783 3216 1852 ὁρμῆς
3262 1789 3420 1838 τοῦτο
3471 1789 3691 1840 ποιοῦν-

445 1864 752 1933 impetrari.
786 1862 1112 1933 Quicunque
1141 1879 1272 1918 vero
1301 1879 1422 1920 sese
1465 1879 1574 1917 non
1625 1867 1807 1919 vocati
1861 1865 2014 1934 operi

444 1955 810 2020 accinxerint,
837 1956 1058 2026 deponi,
1087 1956 1298 2026 quique
1347 1957 1429 2011 eis
1465 1956 2010 2025 communicaverint,

444 2047 721 2117 segregari
757 2047 934 2116 jubet.
991 2047 1178 2102 Primo
1227 2063 1450 2118 quoque
1496 2058 1551 2104 et
1601 2050 1880 2106 tricesimo
1918 2065 2013 2105 ca-

444 2153 592 2194 none
623 2139 815 2194 eadem
849 2139 964 2194 hinc
991 2148 1143 2194 sexta
1171 2142 1417 2212 synodus
1446 2145 1500 2196 in
1525 2143 1800 2212 ejusmodi
1835 2152 2018 2198 orato-

446 2233 526 2284 rio
578 2245 737 2286 saera
784 2231 1039 2301 mysteria
1117 2247 1377 2302 peragere
1426 2242 1481 2287 ct
1541 2235 1840 2304 baptizare,
1907 2235 2012 2290 nisi

442 2324 701 2394 episcopo
733 2331 1030 2391 annuente,
1063 2331 1233 2378 vetat.

445 2415 676 2470 ARIST.
704 2433 721 2465 ι
749 2415 805 2468 In
824 2416 1030 2470 aedibus
1060 2416 1485 2471 oratoriisintra
1505 2419 1724 2471 domum
1746 2419 2014 2472 constitu-

518 2524 536 2555 σ
569 2509 638 2562 tis
679 2507 1010 2574 baptismum
1063 2522 1168 2560 non
1201 2508 1588 2563 celebrabunt.
1630 2508 1731 2574 Qui
1775 2509 1882 2563 hoc
1914 2525 2006 2563 au-

520 2615 538 2647 c
566 2607 674 2651 tem
709 2613 816 2650 non
841 2596 1122 2662 observat,
1157 2596 1398 2654 'clericus
1427 2599 1648 2667 quidem
1677 2599 1967 2669 deponitur
1995 2618 2009 2653 :

521 2708 539 2740 ι
566 2689 740 2744 laicus
776 2698 956 2743 autem
986 2697 1326 2759 segregatur.
1354 2708 1376 2743 ι

513 2780 573 2834 In
609 2780 852 2833 oratorio
881 2781 1024 2849 quod
1057 2787 1144 2834 est
1172 2781 1312 2833 intra
1345 2781 1566 2836 domum
1604 2797 1759 2837 Sacra
1806 2783 2008 2848 facere,

440 2871 514 2925 ila
564 2872 781 2925 roiente
829 2871 1069 2941 regionis
1137 2871 1292 2925 istius
1347 2875 1627 2941 episcopo,
1701 2875 2011 2930 tricesimus

438 2964 651 3032 primus
682 2963 874 3033 synodi
914 2965 1198 3033 praesentis
1232 2981 1411 3020 canon
1449 2966 1829 3037 praescripsit:
1883 2969 2013 3024 licet

439 3056 930 3125 Quinquagesimus
961 3065 1189 3111 octavus
1222 3058 1416 3128 synodi
1443 3057 1800 3114 Laodicensis
1831 3074 2008 3113 canon

2121 1877 2219 1924 τας
2247 1865 2648 1932 καθαιρεῖσθαι,
2691 1874 2934 1936 καὶτοὺς
3000 1877 3376 1946 μετασχόντας
3414 1879 3514 1947 τῆς
3572 1898 3686 1932 κοι-

2123 1955 2318 2016 νωνίας
2349 1958 2530 2011 αὐτῶν
2563 1961 2922 2032 ἀφορίζεσθαι
2943 1981 2957 1994 ο
2985 1961 3083 2017 ’καὶ
3103 1968 3131 2018 ό
3159 1970 3480 2038 τριακοστὸς
3532 1971 3684 2041 πρῶ-

2120 2061 2211 2108 τος
2244 2047 2426 2101 κανὼν
2455 2051 2551 2121 τῆς
2577 2053 2742 2124 ἕκτης
2773 2057 2989 2109 συνόδου
3022 2059 3228 2128 ταύτης
3270 2061 3414 2114 κατὰ
3462 2063 3691 2134 γνώμην

2119 2139 2214 2192 τοῦ
2236 2142 2537 2198 ἐπισκόπου
2577 2147 2879 2220 ἱερουργεῖν
2919 2152 3012 2203 καὶ
3060 2153 3344 2220 βαπτίζειν
3395 2158 3454 2207 ἐν
3479 2158 3686 2227 εύκτη-

2124 2236 2225 2308 ρίῳ
2276 2237 2673 2310 τοιούτῳξοῖκῳ
2718 2241 3080 2310 προστάσσει.

2119 2418 2347 2471 ΔΡΙΣΤ.
2411 2437 2431 2471 ι
2479 2417 2569 2472 Ἐν
2603 2421 2916 2494 εύκτηρίοις
2969 2426 3140 2490 οἷκοις
3195 2427 3344 2482 ἔνδον
3365 2430 3516 2482 οἴκου
3569 2432 3672 2485 οὐκ

2194 2529 2210 2560 ι
2250 2511 2623 2564 ἐπιτελέσουσι
2656 2515 2957 2586 βάπτισμα.
2987 2517 3048 2571 Ὃ
3073 2521 3128 2573 δὲ
3166 2522 3240 2592 μὴ
3272 2523 3539 2591 φυλάξας.
3559 2525 3691 2594 iam

2198 2621 2216 2650 ο
2256 2601 2408 2669 ρικὸς
2465 2603 2591 2672 μὲν,
2655 2606 3001 2676 καθαιρείται
3031 2627 3045 2642 ’
3103 2613 3289 2677 λαῖκὸς
3318 2615 3428 2684 λδὲ,
3501 2618 3694 2687 ἀφορί-

2196 2705 2214 2737 ι
2251 2689 2420 2752 ζεται.
2468 2713 2487 2741 ι
2690 2716 2698 2720 ν
3168 2696 3170 2698 ’

2189 2777 2262 2830 Τὸ
2319 2778 2417 2848 μὲν
2479 2777 2537 2833 ἐν
2566 2783 2839 2854 εὐκτηρίῳ
2878 2789 3010 2856 οἴκῳ
3058 2789 3205 2843 ἔνδον
3256 2793 3434 2857 οίκίας
3487 2797 3694 2866 τυγχά-

2117 2883 2262 2920 νοντι
2320 2869 2656 2946 λειτουργεῖν
2709 2877 3093 2950 μεταγνώμης
3149 2881 3242 2933 τοῦ
3304 2885 3447 2937 κατά
3507 2887 3693 2955 χώραν

2118 2954 2474 3016 ὲπισκόκουκὸ
2502 2971 2819 3034 τριακοστὸς
2873 2972 3089 3041 πρῶτος
3120 2975 3302 3027 κανὼν
3335 2980 3435 3046 τῆς
3477 2982 3688 3049 παρού-

2120 3068 2219 3120 σης
2249 3054 2467 3106 συνόδου
2512 3058 2922 3129 προετρέψατοο
2964 3063 3070 3116 κᾶν
3102 3066 3130 3116 ὁ
3186 3070 3550 3137 πεντηκοστὸς
3591 3071 3690 3141 ὅγ-

440 3120 576 3200 illud
597 3120 669 3201 ab
691 3120 976 3217 episcopis
1023 3159 1119 3204 aut
1156 3120 1493 3221 presbyteris
1559 3151 1675 3204 ﬁeri
1717 3150 2012 3220 prohibuit.

2556 3120 2568 3127 .
2685 3120 2696 3129 .
2763 3120 2774 3128 .
3343 3120 3372 3137 1⁷
3407 3120 3416 3122 ν
3438 3120 3448 3121 ί
3473 3120 3483 3122 ν
3502 3120 3511 3122 ε
3531 3120 3547 3134 υ
3599 3120 3614 3124 ⁷
3637 3120 3649 3141 ι

2119 3143 2238 3207 δοος
2273 3144 2459 3200 κανὼν
2489 3148 2589 3217 τῆς
2609 3153 2667 3202 ἐν
2703 3152 2995 3225 Λαοδίκεια
3029 3159 3248 3212 συνόδου
3273 3161 3428 3214 τοῦτο
3448 3162 3689 3216 ἐκώλυσε

438 3239 773 3306 Baptismum
838 3251 1020 3295 autem
1067 3243 1340 3296 celebrari
1391 3243 1446 3296 in
1486 3243 1757 3312 ejusmodi
1803 3243 2016 3298 aedibus

438 3332 700 3384 oratoriis
761 3347 1004 3400 przesens
1065 3347 1244 3387 canon
1293 3343 1463 3394 vetat,
1516 3335 1850 3404 mandatque
1894 3349 2014 3398 eos,

438 3423 532 3492 qui
575 3422 760 3477 divina
795 3424 1198 3480 illuminatione
1235 3425 1582 3480 habebuntur
1609 3428 1782 3498 digni,
1829 3430 2017 3481 catho-

439 3515 570 3569 licas
613 3517 764 3571 adire
810 3519 1098 3582 ecclesias,
1140 3529 1194 3573 et
1236 3519 1290 3572 in
1330 3519 1399 3575 iis
1442 3525 1588 3572 dono
1623 3522 1731 3574 isto
1782 3519 2012 3590 perfrui.

442 3606 540 3660 Sin
578 3607 786 3673 minus,
844 3623 991 3674 eum,
1027 3609 1123 3676 qui
1170 3609 1390 3664 decreta
1430 3611 1546 3664 base
1587 3611 2014 3681 transgreditur,

441 3698 485 3751 si
523 3697 743 3768 quidem
781 3699 1015 3756 clericus
1039 3702 1130 3768 sit,
1169 3703 1364 3770 deponi
1395 3720 1408 3755 :
1449 3703 1496 3756 si
1531 3718 1666 3758 vero
1691 3703 1885 3770 laicus,
1929 3720 2014 3758 se-

441 3790 684 3858 gregari.

1025 3965 1260 4021 CANON
1281 3989 1288 3996 ·
1313 3967 1427 4023 LX.

445 4057 636 4110 «Cum
689 4057 889 4113 clamet
955 4059 1271 4130 Apostolus.
1317 4061 1461 4131 quod
1524 4079 1542 4112 ι
1619 4063 1709 4131 qui
1787 4063 2015 4116 Domino

517 4167 536 4199 ι
569 4149 830 4215 acilia-ret,
853 4167 997 4207 unus
1013 4153 1341 4222 estSpiritus
1364 4153 1431 4217 ’°,
1457 4172 1476 4204 ›
1507 4155 1714 4207 clarum
1741 4139 1844 4221 est,
1868 4157 2013 4225 quod

519 4258 541 4292 ι
573 4245 664 4309 qui
698 4242 861 4296 etiam
889 4257 1013 4296 cum
1045 4245 1328 4298 contrario
1358 4246 1462 4298 init
1492 4247 1914 4301 familiaritatem
1950 4261 2013 4300 ac

519 4352 538 4384 ι
569 4336 1050 4409 consuetudinem,
1099 4352 1221 4391 cum
1275 4338 1368 4392 illo
1404 4340 1799 4406 conjunctione
1843 4356 2010 4393 unum
2053 4341 2059 4352 '

519 4443 535 4474 ι
568 4424 648 4478 fit.
704 4425 810 4479 Eos
845 4442 973 4496 ergo
1006 4430 1096 4495 qui
1148 4445 1207 4483 se
1257 4432 1504 4482 daemone
1545 4441 1838 4500 correptos
1884 4448 2010 4488 esse
2039 4460 2089 4518 υ

519 4537 536 4566 ‹
568 4518 911 4581 simulant,ct
955 4534 1166 4573 morum
1201 4520 1545 4588 improbitate
1569 4537 1758 4574 eorum
1783 4522 2008 4591 ﬁguram

520 4627 536 4658 ι
571 4618 624 4661 et
659 4609 908 4663 habitum
946 4611 1200 4664 simulate
1229 4627 1338 4680 prae
1373 4627 1432 4665 se
1476 4612 1677 4679 ferunt,
1719 4617 1892 4669 visum
1925 4624 2009 4669 est

517 4716 536 4747 ι
566 4701 717 4752 omni
756 4699 918 4752 modo
948 4700 1154 4767 puniri,
1208 4712 1261 4755 ct
1301 4700 1570 4768 ejusmodi
1624 4704 2008 4760 aﬂlictionibus

517 4788 958 4858 rlaboribusquc
1007 4791 1202 4858 subjici
1249 4802 1530 4861 oportere,
1575 4797 1774 4865 quibus
1829 4798 1862 4850 ii
1911 4801 2001 4867 qui

517 4902 533 4930 ι
571 4896 694 4934 vere
729 4896 756 4933 a
783 4881 1030 4936 daemone
1059 4887 1293 4954 correpti
1347 4896 1494 4946 sunt.
1552 4900 1608 4940 nt
1658 4905 1687 4942 a
1739 4890 2003 4944 tia-monis

519 4993 536 5022 ι
565 4974 885 5040 Operatione
909 4975 1227 5043 liberentur,
1252 4980 1374 5048 jure
1407 4983 1792 5051 subjiiiuntur.
1824 5004 1843 5036 ›

515 5061 708 5116 BALS.
767 5061 872 5118 Eos
903 5067 993 5135 qui
1047 5068 1114 5120 ad
1165 5070 1378 5124 lucrum
1431 5073 1532 5126 sibi
1587 5075 1888 5143 parandum
1949 5093 2010 5129 se

374 5157 376 5160 ’
443 5153 689 5208 daemone
735 5166 1016 5226 Correptos
1068 5176 1189 5215 esse
1241 5163 1523 5227 simulant,
1581 5179 1634 5220 et
1683 5183 1806 5221 cum
1867 5171 2006 5222 mala

443 5245 696 5298 Satanica
753 5253 1092 5305 conscientia
1158 5255 1402 5323 qna‘dani
1454 5259 1785 5314 «.lzeinoniaca
1838 5263 2008 5316 inSiar

438 5349 620 5390 vatum
657 5343 935 5408 gentilium
987 5347 1306 5413 przedicant,
1340 5365 1511 5403 canon
1545 5355 1851 5418 puniendos
1884 5373 2006 5410 che

438 5427 702 5492 decernit,
739 5431 807 5482 iis
842 5431 1078 5500 denique
1109 5434 1558 5494 amictationibus
1613 5443 2000 5514 laboribusque

429 5519 653 5588 subjici,
685 5521 882 5589 quibus
912 5523 1279 5592 subjicianlur
1313 5541 1366 5582 et
1400 5532 1490 5600 qui
1528 5549 1653 5586 vere
1682 5535 1996 5591 d:l3;::oniaci

467 5694 520 5725 θα
541 5692 562 5745 Ι
584 5696 709 5751 (Sor.
733 5712 809 5760 γι,
852 5697 932 5752 i7.

2122 3238 2370 3304 γίνεσθαι
2407 3241 2558 3310 παρὰ
2613 3245 2990 3318 ἐπισκόπωνῆ
3054 3251 3461 3323 πρεσϐυτέρων*
3512 3256 3571 3307 τὸ
3632 3256 3696 3308 δὲ

2117 3331 2401 3401 βάπτισμα
2427 3334 2700 3386 τελεῖσθαι
2727 3338 2784 3389 ἐν
2814 3339 3123 3409 εὐκτηρὶοις
3156 3343 3421 3406 τοιούτοις
3466 3348 3637 3410 οἴκοις
3663 3351 3695 3401 ὁ

2115 3422 2309 3504 παρὼν
2336 3426 2669 3496 ἀπαγορεύει
2693 3428 2897 3496 κανὼν,
2928 3434 3022 3483 καὶ
3055 3437 3376 3502 προστάττει
3399 3438 3523 3501 τοὺς
3555 3441 3688 3510 μέλ-

2114 3514 2306 3578 λοντας
2333 3515 2614 3578 ἀξιοῦσθαι
2643 3519 2737 3572 τοῦ
2796 3521 2941 3575 θείου
2967 3526 3312 3595 φωτίσματος
3353 3534 3471 3592 ταῖς
3522 3533 3691 3586 καθο-

2113 3607 2291 3669 λικαῖς
2327 3607 2647 3677 ἐκκλησίαις
2683 3614 3104 3682 προσέρχεσθαι,
3136 3620 3229 3672 καὶ
3264 3621 3321 3673 ἐν
3350 3622 3540 3686 αὑταῖς
3585 3625 3690 3694 τῆς

2113 3697 2320 3768 δωρεᾶς
2347 3698 2549 3768 ταύτης
2573 3701 2870 3755 ἀπολαύειν
2892 3721 2905 3734 ’
2944 3708 2995 3757 εί
3021 3707 3076 3760 δὲ
3127 3709 3224 3779 μὴ,
3257 3711 3349 3765 τὸν
3403 3715 3686 3783 παραϐαί-

2115 3803 2276 3840 νοντα
2303 3788 2372 3840 τα
2401 3789 2706 3858 ὁρισθέντα,
2736 3795 2784 3845 εἱ
2817 3794 2914 3863 μὲν
2937 3797 3218 3866 κληρικὸς,
3279 3803 3691 3876 καθαιρεῖσθαιν

2115 3883 2165 3932 εἰ
2224 3879 2512 3945 ὃὲλαῖκὸς,
2581 3882 2956 3954 ἀφορίζεσθαι.

2743 3980 2981 4032 ΚΛΝΩΝ
2999 3984 3074 4036 Ξ’.

2121 4083 2138 4116 ι
2179 4067 2284 4119 Τοῦ
2301 4067 2358 4120 Ἀ
2369 4072 2621 4124 ποστόλου
2642 4073 2871 4141 βοῶντος
2897 4077 2976 4126 ὅτι
3001 4078 3027 4127 ό
3045 4076 3379 4146 κολλώμενος
3400 4080 3473 4148 τῷ
3495 4082 3686 4152 Κυρίῳ

2192 4176 2210 4209 ι
2253 4160 2312 4212 ἒν
2367 4163 2588 4232 πνεῦμά
2632 4168 2771 4229 ἐστι,
2815 4167 3078 4237 πρόδηλον
3113 4168 3188 4230 ὠς
3233 4172 3327 4221 καὶ
3357 4173 3385 4222 ό
3418 4173 3493 4240 τῷ
3529 4174 3686 4224 ἐναν-

2193 4275 2211 4299 ι
2257 4251 2355 4321 τίσει
2406 4255 2597 4306 ἑαυτὸν
2623 4255 2840 4308 οἱκειῶν
2870 4256 2929 4308 ἒν
2965 4261 3174 4323 γίνεται
3209 4261 3273 4327 τῇ
3334 4263 3472 4330 πρὸς
3526 4263 3694 4316 αὐτὸν

2190 4365 2206 4395 ι
2250 4349 2537 4420 συναφείᾳ.
2571 4351 2710 4412 τοὺς
2775 4351 2954 4403 τοίνυν
2997 4353 3261 4424 δαιμονᾷ-θ
3322 4356 3688 4428 ὑποκρινομέ-

2194 4457 2218 4488 ι
2254 4458 2396 4506 νους,
2433 4444 2525 4493 καὶ
2559 4443 2778 4512 τρόπων
2822 4445 3118 4515 φαυλότητι
3181 4450 3565 4520 προσποιητῶς
3616 4451 3693 4503 τὰ

2195 4551 2212 4582 ι
2259 4534 2480 4585 ἐκείνων
2517 4535 3048 4604 σχηματιζομένους,
3092 4538 3236 4602 ἔδοξε
3271 4541 3459 4610 τρόπῳ
3505 4545 3690 4594 ἐπιτι-

2195 4642 2212 4673 ι
2250 4625 2454 4692 μᾶσθαι
2482 4629 2666 4690 παντὶ,
2690 4627 2783 4679 καὶ
2807 4628 3080 4692 τοιαύταις
3111 4630 3310 4692 αὐτοὺς
3360 4633 3688 4702 σκληραγω-

2195 4731 2214 4764 ‹
2253 4715 2395 4782 ﬂat;
2439 4718 2531 4768 καὶ
2558 4716 2743 4780 πόνοις
2777 4719 3123 4786 ὑποϐάλλειν,
3151 4718 3230 4786 οἷς
3259 4724 3324 4776 ἂν
3360 4726 3409 4777 οἱ
3467 4725 3690 4794 ἀληθῶς.

2195 4825 2212 4856 ι
2257 4807 2622 4877 δαιμονῶντες
2656 4813 2793 4880 πρὸς
2824 4813 3150 4884 ἀπαλλαγὴν
3180 4816 3275 4885 τῆς
3299 4815 3392 4867 τοῦ
3425 4817 3687 4886 δαίμονος

2194 4920 2210 4950 ι
2249 4903 2525 4971 ἐνεργείας
2550 4905 2711 4969 ἀξίως
2745 4905 3147 4960 ύποϐἁλλοιντο.
3198 4928 3214 4959 ι

2183 5079 2376 5132 ΒΑΛΣ.
2411 5082 2546 5144 Ἱόὺς
2580 5087 3092 5157 σχηματιζομένους
3115 5089 3378 5161 δαιμονᾷν
3408 5093 3493 5144 διὰ
3523 5111 3686 5164 πορι-

2107 5171 2241 5240 σμὸν
2270 5173 2517 5242 κέρδους,
2561 5179 2653 5225 καὶ
2685 5177 3058 5245 κηρύσσοντας
3085 5183 3223 5248 μετά
3262 5185 3470 5250 φαύλου
3502 5202 3684 5238 σύνει-

2104 5262 2257 5326 δότος
2291 5266 2587 5317 σατανικοῦ
2623 5266 2950 5338 δαιμονιὼδη
2974 5271 3095 5323 τινά
3124 5273 3266 5326 κατά
3291 5277 3389 5337 τὰς
3417 5277 3522 5328 τῶν
3552 5277 3682 5329 Ἥλ-

2107 5355 2285 5422 λήνων
2345 5357 2706 5424 προφήτιδας,
2764 5361 2791 5410 ὁ
2857 5359 3035 5413 κανὼν
3068 5365 3428 5434 ἐπιτιμᾶσθαι
3485 5367 3686 5438 ὁρίζει,

2106 5446 2274 5514 ἤγουν
2304 5447 2689 5516 τιμωρεῖσθαι,
2725 5452 2819 5502 καὶ
2849 5452 3295 5524 σκληραγωγίαις
3330 5462 3424 5511 καὶ
3487 5463 3674 5520 πόνοις

2101 5539 2496 5592 ύποϐναλλεσοαι
2521 5541 2800 5606 τοιούτοις,
2827 5539 2907 5608 οἷς
2934 5545 3000 5598 ἂν
3030 5549 3078 5600 οἱ
3107 5549 3322 5620 ἀληθῶς
3373 5551 3686 5623 δαιμονῶνο
