4074 6386
408 325 508 386 7i7

1447 320 1526 380 IN
1567 317 1730 376 (:a-N.
1763 315 1905 376 LXI
1945 311 2154 372 coNc.
2204 314 2282 372 IN
2307 297 2637 374 TRULLO.

3535 305 3638 369 718

405 456 496 500 τες
530 437 906 507 ὑποϐληίιείεν,
934 437 1020 489 ἵνα
1039 436 1404 502 ἀπαλλαγεῖεν
1429 431 1516 485 τοῦ
1542 432 1816 499 δαίμονος.
1841 426 1977 493 Φησὶ

2096 425 2306 492 'uet'iut,
2363 437 2484 480 uta
2515 429 2761 481 daemone
2818 426 3139 480 liberentur.
3197 425 3333 478 Dicit
3382 435 3655 480 autemet

425 532 482 582 δέ
515 533 604 582 καὶ
621 530 717 598 τὴν
739 530 1096 598 προσποίησιν
1121 529 1298 580 αὐτῶν
1319 527 1439 588 τοὺς
1458 525 1718 592 δαίμονας
1746 517 1978 573 οἰκειοῦ-

409 619 551 672 σθαι.
585 618 724 686 Ἐγὼ
747 619 824 683 δὲ,
868 617 1080 688 βλέπων
1112 617 1342 677 πολλοὺς
1365 614 1636 675 τοιούτους
1658 613 1756 674 τὰς
1795 609 1978 670 πόλεις

409 715 894 783 περιερχομένους,
952 712 1046 762 καὶ
1099 711 1173 780 μὴ
1232 707 1658 774 κολαζομένους,
1692 703 1830 756 ἀλλὰ
1885 701 1978 753 καὶ

407 802 484 866 ὡς
515 803 882 870 ἠγιασμένους
918 799 1384 868 ἀγκαλιζομένους
1434 799 1589 865 παρά
1612 812 1794 856 τινων,
1830 790 1979 861 ζητῶ

413 893 606 958 μαθεῖν
636 895 735 959 τὴν
766 891 968 952 αἰτίαν,
1000 887 1095 942 καὶ
1121 887 1316 956 ἐξαιτῶ
1358 888 1458 956 τὴν
1501 885 1810 955 διόρθωσιν.
1868 882 1973 935 Τὸν

415 985 596 1051 μέντοι
632 982 966 1051 Σταυράκιον
997 983 1202 1033 ἐκεῖνον
1233 979 1325 1032 τὸν
1371 977 1716 1045 ὐξεόϐαφον,
1777 974 1866 1026 τὸν
1901 973 1976 1036 ὡς

407 1072 622 1142 ἀληθῶς
652 1071 881 1130 δίκαιον,
902 1070 1334 1141 ὑποκρινόμενον
1364 1069 1464 1137 τὴν
1494 1068 1580 1121 διὰ
1604 1067 1735 1119 Θεὸν
1767 1065 1978 1136 μωρίαν

409 1164 497 1216 διὰ
526 1165 649 1227 τοὺς
679 1164 1026 1225 ἀπατεῶνας,
1069 1162 1210 1230 μετὰ
1241 1161 1349 1212 τῶν
1401 1157 1714 1226 ὑποκριτῶν
1772 1155 1978 1223 ἐθέμην

411 1255 532 1309 κατ’
551 1256 772 1323 ἄγνοιαν
799 1272 812 1284 ·
854 1256 1167 1325 παρομοίως
1189 1253 1246 1307 δὲ
1272 1254 1394 1322 ἐμοὶ
1420 1252 1513 1305 καὶ
1529 1251 1704 1321 ἕτεροι
1733 1250 1861 1310 ἴσως
1893 1249 1978 1301 ἵνα

411 1340 903 1418 ἐκριματίσθησαν.
941 1347 1090 1401 Ἔδει
1145 1341 1240 1399 οὖν
1287 1345 1356 1398 τὰ
1425 1343 1648 1396 τοιαῦτα
1671 1338 1978 1409 κωλυθῆναι

411 1441 551 1493 κατὰ
581 1443 670 1492 τὸν
729 1440 972 1509 παρόντα
1027 1439 1249 1503 κανόνα,
1283 1437 1371 1490 ἵνα
1417 1436 1490 1506 μὴ
1546 1439 1640 1488 καὶ
1675 1435 1722 1486 οἱ
1782 1431 1980 1501 ἀγαθοὶ

410 1533 500 1584 6.5:
549 1533 677 1594 τοὺς
736 1530 974 1599 φαύλους
1021 1530 1404 1599 ἐπιτιμῶνται.
1465 1527 1656 1579 Πολλοὶ
1717 1527 1826 1595 γάρ
1873 1526 1980 1576 είσι

411 1625 602 1694 τρόποι
643 1623 914 1692 σωτηρίας
944 1622 1139 1693 ψυχῆς,
1178 1623 1269 1674 καὶ
1314 1621 1536 1674 δύναταί
1589 1637 1672 1680 τις
1699 1617 1766 1670 δι’
1801 1615 1982 1669 αὐτῶν

415 1718 652 1786 σωθῆναι
688 1715 990 1769 σκανδάλου
1023 1715 1146 1782 δίχα
1187 1716 1408 1775 παντός.
1461 1711 1646 1765 Ταῦτα
1702 1711 1758 1763 δὲ
1813 1711 1978 1776 λέγω,

411 1811 511 1862 οὐκ
563 1809 774 1861 οἴκοθεν
807 1849 822 1870 ,

413 1899 645 1967 θρώπων
671 1937 685 1961 ,
746 1897 1109 1971 πλασαμένων
1178 1895 1276 1962 μὲν
1351 1892 1606 1960 τοιαύτην
1688 1891 1985 1960 θεάρεστον

412 1983 574 2050 δῆθεν
606 1985 905 2053 διαγωγὴν,
934 1987 1314 2053 καταγνόντων
1342 1983 1396 2035 δὲ
1422 1980 1625 2050 ταύτης
1650 1979 1723 2042 ὡς
1780 1976 1986 2030 ἐπωλέ-

413 2076 572 2142 θρου,
606 2078 700 2130 καὶ
725 2078 1075 2147 καταγούσης
1138 2078 1218 2139 είς
1278 2073 1576 2142 σατανικὴν
1635 2072 1850 2143 μερίδα.
1889 2068 1990 2123 Διά

414 2185 496 2221 τοι
530 2169 686 2222 τοῦτο
725 2173 817 2222 καὶ
839 2169 1085 2238 διάφοροι
1118 2167 1418 2236 ἁγιώτατοι
1467 2162 1804 2237 πατριάρχαι
1859 2164 1991 2216 πολ-

417 2263 544 2324 λοὺς
568 2261 1070 2331 προσκαθημένους
1121 2264 1240 2331 μετ’
1277 2261 1518 2314 ἁλύσεων
1560 2264 1617 2312 ἐν
1643 2259 1721 2328 τῷ
1749 2257 1861 2328 ναῷ
1894 2256 1989 2309 τοῦ

416 2355 576 2422 ἁγίου
645 2357 1132 2425 μεγαλομάρτυρος
1182 2353 1419 2425 Νικήτα,
1475 2353 1568 2404 καὶ
1615 2353 1837 2422 ἐτέρους
1892 2351 1991 2412 τὰς

415 2447 660 2518 τριόδους
690 2448 1174 2519 περιερχομένους,
1223 2449 1316 2499 καὶ
1337 2453 1836 2517 προσποιουμένους
1863 2441 1952 2495 δαί
1964 2471 1990 2482 ο

425 2539 616 2608 μονᾷν,
649 2541 914 2608 κατέσχον
974 2539 1092 2609 μετ’
1119 2537 1429 2600 αὐθεντίας,
1465 2537 1561 2590 καὶ
1597 2538 1682 2598 είς
1727 2535 1992 2605 δημοσίας

420 2633 666 2702 φρουρὰς
692 2631 1054 2684 κατέκλεισαν
1086 2629 1395 2691 ἀκολούθως
1422 2627 1500 2696 τῷ
1534 2627 1742 2681 κανόνι.

488 2723 732 2776 ΖΩΝΑΡ.
759 2723 916 2786 Τινὲς
943 2723 1402 2794 προσποιούμενοι
1423 2719 1686 2790 δαιμονᾷν
1710 2712 1792 2780 εἰς
1819 2717 1987 2787 πόρον

421 2814 644 2886 κέρδους
703 2817 769 2885 τῇ
819 2814 1102 2883 ὑποκρίσει
1148 2813 1321 2884 ταύτῃ
1350 2811 1668 2880 ἐκέχρηντο,
1703 2811 1736 2880 ἢ
1770 2811 1865 2862 καὶ
1900 2809 1994 2860 νῦν

421 2911 744 2979 κέχρηνται.
774 2908 944 2961 Τοῦτο
972 2906 1172 2960 κωλύει
1200 2907 1227 2958 ὁ
1279 2906 1462 2959 κανὼν
1491 2899 1693 2977 οὗτος,
1724 2904 1818 2956 καὶ
1867 2903 1994 2963 τοὺς

425 2998 932 3070 σχηματιζομένους
979 2999 1207 3051 τοιαῦτα
1249 2996 1606 3066 ἐπιτιμᾶσθαι
1643 2994 1841 3063 ὁρίζει.
1887 2995 1996 3046 Καὶ

2089 533 2277 572 eorum
2310 520 2660 574 simulatione
2694 521 2966 574 daemones
2999 534 3219 588 quoque
3256 519 3364 572 illis
3415 519 3655 574 familia-

2088 625 2174 666 res
2210 610 2348 666 lieri.
2410 611 2521 681 Ego
2551 623 2751 674 autem,
2791 627 2914 665 cum
2945 613 3153 666 videam
3189 611 3460 680 ejusmodi
3503 628 3655 665 emn-

2089 703 2268 772 plures
2295 703 2538 759 civitates
2586 704 2879 768 obeuntes,
2933 713 2984 758 et
3039 720 3146 757 non
3187 704 3388 773 puniri,
3444 703 3539 758 sed
3596 713 3654 758 ut

2087 795 2464 850 sanctiﬁcatos
2498 810 2526 848 a
2559 795 2890 865 quibusdam
2919 796 3093 850 obviis
3125 796 3269 850 ulnis
3291 797 3491 865 excipi,
3521 811 3621 850 catt
3642 825 3655 836 -

2087 901 2202 940 sam
2237 887 2379 940 scire
2407 887 2681 953 desidero,
2731 897 2783 941 et
2821 889 3210 942 correctionem
3263 889 3502 956 postulo.
3558 890 3655 943 At.

2086 979 2178 1047 qui
2265 979 2609 1033 Staurarium
2684 981 2835 1050 illum
2890 977 3268 1049 Osybaphum,
3322 981 3410 1048 qui
3467 996 3654 1036 revera

2082 1070 2268 1139 justus
2295 1083 2430 1136 erat,
2455 1087 2572 1125 eam
2602 1082 2782 1126 autem
2815 1087 2932 1138 qua:
2954 1081 3037 1125 est
3073 1081 3294 1140 propter
3324 1071 3488 1125 Deum
3512 1073 3655 1126 stul-

2087 1163 2260 1217 titiam
2288 1163 2481 1232 agebat
2515 1173 2735 1232 propter
2782 1163 3122 1227 sednetores,
3181 1179 3303 1216 cum
3356 1165 3654 1233 Itypocrilis

2087 1271 2182 1322 per
2242 1255 2602 1321 ignorantiam
2644 1255 2952 1322 ponebam:
3014 1253 3247 1310 fortasse
3293 1265 3474 1310 autem
3510 1272 3537 1310 a
3570 1272 3656 1309 me

2089 1347 2337 1400 nonnulli
2370 1363 2588 1415 quoque
2615 1348 2706 1401 alii
2735 1347 3049 1416 pra-judicio
3079 1347 3258 1400 allecti
3303 1356 3450 1402 sunt.
3483 1346 3656 1416 Opor-

2090 1440 2236 1494 tebat
2260 1455 2386 1508 ergo
2409 1441 2534 1492 talia
2562 1455 2660 1509 per
2688 1449 3008 1508 praesentem
3039 1455 3306 1493 canonem
3344 1442 3648 1508 prohiberi,

2088 1550 2157 1590 ne
2183 1534 2308 1587 boni
2340 1543 2562 1604 propter
2590 1535 2763 1587 malos
2800 1536 3117 1603 puniantur.
3153 1533 3308 1587 Multi
3341 1535 3485 1587 enim
3531 1550 3658 1588 sunt

2089 1623 2234 1676 modi
2268 1623 2462 1678 salutis
2489 1623 2703 1686 animai,
2739 1634 2794 1678 et
2821 1633 3000 1694 potest
3037 1625 3165 1695 quis
3205 1640 3299 1692 per
3323 1640 3417 1679 eos
3453 1627 3658 1680 servari

2089 1714 2296 1784 absque
2343 1716 2453 1769 ullo
2487 1716 2765 1771 seandalo.
2801 1717 2926 1772 llaec
2955 1727 3136 1771 autem
3195 1733 3301 1771 non
3348 1733 3416 1772 ex
3451 1729 3661 1788 tneopte

909 1808 1026 1859 ἀλλ’
1115 1806 1174 1871 ἐξ
1239 1805 1572 1874 ἀφηγήσεως
1650 1800 1829 1855 καλῶν
1889 1802 1980 1852 ἁν-

2096 1809 2306 1879 ingeuio
2345 1808 2488 1872 dico,
2521 1809 2614 1864 sed
2642 1825 2702 1862 ex
2728 1809 2992 1863 bonorum
3024 1810 3184 1878 227
3205 1813 3442 1864 virorum
3468 1826 3662 1864 narra-

2088 1900 2363 1970 tione,‘qui
2395 1901 2536 1955 hanc
2560 1901 2747 1970 utique
2781 1899 2888 1955 [leo
2918 1913 3124 1970 gratam
3157 1901 3366 1956 vivendi
3399 1904 3658 1958 rationem

2092 1993 2439 2060 cﬂinxerunt,
2509 1994 2601 2048 sed
2627 2009 2770 2059 eam,
2815 2002 2872 2048 ut
2897 1993 3258 2064 perniciosam
3281 2002 3335 2048 et
3363 1993 3429 2048 ad
3454 2007 3659 2064 partem

2092 2083 2309 2140 Satanae
2361 2085 2744 2150 deducentem,
2807 2089 3264 2141 condemnarunt.
3320 2086 3386 2140 Et
3427 2101 3547 2140 eam
3593 2073 3665 2140 oli

2091 2189 2310 2228 causam
2349 2175 2504 2228 multi
2539 2175 2701 2229 etiam
2741 2176 2914 2229 sancti
2946 2177 3272 2246 patriarcha:
3307 2176 3510 2230 multos
3536 2191 3661 2228 cum

2093 2269 2302 2322 catenis
2334 2267 2642 2322 assidentes
2696 2271 2749 2322 in
2802 2269 2918 2323 :ede
2969 2269 3147 2323 sancti
3175 2268 3352 2339 magni
3408 2268 3664 2339 martyris

2093 2357 2318 2419 Nicetaa,
2374 2369 2428 2412 et
2477 2358 2613 2412 alios
2661 2360 2817 2413 trivia
2881 2361 3169 2425 obeuntes,
3221 2371 3275 2413 ct
3319 2375 3378 2414 se
3420 2359 3666 2413 daemone

2094 2446 2298 2516 corripi
2333 2462 2444 2515 prie
2471 2463 2529 2502 se
2580 2447 2842 2512 ferentes,
2888 2464 3010 2502 cum
3050 2451 3378 2505 auctoritate
3411 2448 3664 2505 detinueo

2095 2548 2244 2601 runt,
2281 2549 2332 2593 ct
2377 2539 2430 2592 in
2463 2539 2693 2608 publicis
2723 2542 2988 2596 custodiis
3019 2543 3215 2596 canoni
3264 2553 3666 2614 consequenter

2097 2633 2466 2689 incluserunt.

2166 2725 2417 2780 ZONAR.
2465 2728 2696 2794 Quidam
2745 2727 2995 2783 homines
3021 2767 3036 2790 ,
3075 2743 3199 2782 cum
3259 2744 3288 2782 a
3322 2729 3573 2783 daemone
3608 2743 3668 2783 se.

2095 2825 2382 2886 correptos
2424 2832 2546 2871 esse
2593 2817 2946 2880 simularent,
2993 2834 3055 2871 ea
3102 2818 3478 2884 simulatione,
3518 2820 3664 2889 quod

2099 2923 2243 2962 nunc
2284 2925 2500 2978 quoque
2529 2910 2828 2979 contingit,
2864 2909 2931 2964 ad
2974 2920 3240 2980 qumstum
3277 2913 3666 2966 abutebantur.

2099 2997 2152 3051 Id
2189 2999 2292 3056 hoc
2315 3016 2528 3055 canone
2559 3002 2784 3055 vetitum
2811 3008 2916 3066 est,
2942 3017 3004 3056 ac
3025 3002 3298 3072 ejusmodi
3331 3005 3665 3073 impostores

422 3095 523 3162 οὐχ
601 3091 791 3155 ἁπλῶς
867 3090 1248 3160 ἐπιτιμᾶσθαι,
1315 3091 1452 3142 ἀλλὰ
1523 3087 1824 3159 βαρύτερον
1901 3087 1990 3139 καὶ

2102 3093 2297 3160 pmnis,
2335 3102 2388 3146 et.
2412 3093 2629 3162 quidem
2652 3093 3018 3163 gravioribus,
3050 3097 3387 3148 coercendos
3422 3111 3543 3150 esse
3571 3097 3670 3149 σου

428 3187 871 3256 σκληραγωγίαις
952 3183 1149 3247 αὐτοὺς
1217 3183 1313 3236 καλ⁸
1368 3183 1550 3243 πόνοις
1599 3178 1996 3232 ὑποδάλλεσθαι

425 3275 708 3339 τοιούτοις,
778 3274 910 3338 οἵοις
953 3275 1019 3327 ἂν
1060 3275 1107 3326 οξ
1163 3273 1379 3342 ἀληθῶς
1427 3273 1794 3342 δαιμονωντες
1859 3269 1997 3320 ὑποο

425 3368 692 3438 ϐληθεῖεν,
741 3368 808 3420 ἵν’
849 3368 1212 3433 ἀπαλλαγεῖεν
1250 3365 1342 3418 τοῦ
1367 3366 1638 3435 δαίμονος.
1667 3364 1833 3432 Λέγει
1889 3363 1998 3432 γὰρ

426 3461 508 3511 ὅτι
553 3460 638 3512 διὰ
663 3461 882 3529 τρόπων
916 3461 1226 3529 φαυλότητα
1255 3459 1332 3527 τῷ
1357 3457 1568 3526 δαίμονι
1591 3453 2001 3525 προσοικειοῦν-

425 3570 517 3615 τες
554 3553 779 3615 ἑαυτοὺς
812 3552 868 3604 ἓν
901 3554 1140 3620 γίνονται
1188 3553 1254 3620 τῇ
1303 3550 1438 3620 πρὸς
1481 3549 1645 3602 αὑτὸν
1701 3547 1992 3626 συναφείᾳ,

435 3646 533 3696 καὶ
559 3647 753 3712 ἐπάγει
782 3645 1085 3714 μαρτυρίαν
1116 3645 1180 3695 ἐκ
1204 3641 1299 3695 τοῦ
1322 3641 1556 3712 μεγάλου
1589 3639 1800 3692 Παύλου
1821 3638 2003 3705 λέγον-

428 3755 518 3800 τος
539 3755 554 3768 ·
598 3737 662 3790 '0
696 3737 1080 3806 κολλώμενος
1115 3736 1192 3800 τῷ
1220 3738 1270 3788 Κ
1279 3736 1417 3802 πρίῳ
1447 3732 1516 3786 ἓν
1541 3731 1778 3802 πνεῦμά
1807 3730 2000 3783 ἐστιν.

429 3937 654 3992 ΛΡΙΣΤ.
714 3955 756 3997 ιχ
775 3937 837 3988 Εἴ
854 3953 936 3998 τις
962 3934 1318 4004 ὑποκρίνεται
1351 3933 1634 4003 δαιμονᾷν,
1665 3931 1734 3984 τὰ
1763 3929 1868 3982 τῶν
1891 3929 2004 3983 δαι-

509 4052 528 4081 σ
572 4030 858 4099 μονώντων
878 4029 1126 4096 ἐπιτίμια
1159 4027 1542 4095 ὑποστήσεται.
1579 4043 1596 4075 ι

499 4124 558 4174 Εἰ
595 4125 622 4174 ό
648 4121 985 4192 κολλώμενος
1017 4121 1094 4189 τῷ
1127 4119 1337 4188 Κυρίῳ,
1367 4118 1509 4170 κατὰ
1536 4117 1627 4170 τὸν
1665 4113 2003 4177 ’Δπόστολον,

429 4213 488 4264 ἒν
514 4211 730 4282 πνεῦμά
755 4214 894 4274 ἐστι,
926 4209 1194 4281 πρόδηλον
1254 4207 1327 4270 ὼς
1357 4208 1384 4259 ὁ
1415 4205 1493 4275 τῷ
1524 4203 1756 4274 διαϐόλῳ
1813 4203 2000 4255 ἐαυτὸν

432 4305 653 4356 οἱκειῶν
671 4303 727 4355 ἓν
753 4304 970 4372 γίνεται
993 4304 1059 4372 τῇ
1084 4301 1219 4370 πρὸς
1240 4299 1402 4352 autem
1427 4300 1712 4367 συναφεία.
1731 4296 1829 4349 Διὰ
1850 4296 2008 4348 τοῦτο

430 4400 522 4451 τὸν
553 4393 983 4468 ὖποκρινόμενον
1032 4393 1316 4463 δαιμονᾷν,
1363 4393 1456 4445 καὶ
1484 4391 1553 4443 τὰ
1583 4391 1809 4443 ἐκείνων
1833 4389 2004 4459 πράτ-

431 4508 545 4542 τειν
584 4487 1080 4559 σχηματιζόμενον,
1135 4485 1416 4546 τοιαύταις
1478 4483 1643 4536 αὐτὸν
1683 4483 2003 4553 σκληραγω-

432 4588 578 4651 γίαις
609 4583 897 4636 ὑποϐάλλει
924 4585 1016 4634 καὶ
1049 4581 1252 4642 πόνοις,
1279 4581 1486 4640 ὁποίοις
1512 4576 1578 4630 ἂν
1623 4577 1829 4630 καὶτὸν
1873 4577 2006 4646 ἀλη-

433 4682 539 4742 θῶς
562 4679 906 4747 δαιμονῶντα
957 4669 1092 4747 πρὸς
1143 4673 1463 4743 ἀπαλλαγὴν
1490 4674 1588 4743 τῆς
1615 4671 1708 4728 τοῦ
1752 4671 2004 4742 δαίμονος

380 4760 515 4859 “asas
527 4773 732 4842 ργείας.

1035 4907 1275 4958 ΚΑΝΩΝ
1301 4905 1420 4959 ΞΑἎ

439 5041 456 5070 ι
489 5024 551 5074 Οἱ
588 5023 844 5085 μάντεσιν
897 5020 1126 5082 ἑαυτοὺς
1159 5019 1456 5082 ἐκδιδόντες
1489 5019 1521 5090 ἦ
1555 5021 1666 5081 τοῖς
1699 5019 2011 5089 λεγομένοις

513 5133 530 5161 ι
581 5114 1024 5183 ἑκατοντάρχοις,
1051 5111 1213 5180 ἦτισι
1229 5111 1512 5173 τοιούτοις,
1546 5111 1620 5174 ὡς
1641 5112 1706 5163 ἂν
1726 5112 1851 5178 παρ’
1867 5113 2011 5163 ἐκεί-

507 5226 525 5256 (
567 5224 673 5257 νων
703 5205 924 5274 μάθοιεν
949 5205 976 5256 ὀ
1006 5221 1060 5255 τι
1094 5202 1162 5256 ἂν
1187 5204 1369 5264 αὐτοῖς
1404 5203 1843 5255 ἐκκαλύπτεσθαι
1885 5203 2009 5272 βούο

506 5293 526 5348 ἱ
567 5303 743 5349 λοιντο
788 5298 931 5350 κατὰ
984 5297 1053 5348 τὰ
1109 5295 1301 5366 πρώην
1337 5295 1443 5346 ὑπὸ
1467 5296 1573 5347 τῶν
1597 5296 1858 5365 Πατέρων
1881 5298 2008 5365 περὶ

505 5410 524 5440 ι
567 5391 747 5443 αὐτῶν
801 5390 1108 5460 ὁρισθέντα,
1145 5389 1249 5442 ὑπὸ
1301 5390 1390 5442 τὸν
1416 5387 1616 5440 κανόνα
1657 5389 2007 5441 πιπτέτωσαν

509 5501 528 5540 ι
573 5482 670 5552 τῆς
709 5481 974 5546 ἐξαετίας.
1022 5481 1112 5549 Τῷ
1148 5481 1296 5551 αὐτῷ
1344 5481 1400 5534 δὲ
1437 5483 1614 5550 τούτῳ
1665 5479 2006 5533 meamea-

515 5593 533 5624 ι
581 5573 771 5625 λεσθαι
807 5574 1012 5628 δεῖκαὶ
1059 5574 1184 5638 τοὺς
1230 5575 1330 5638 τὰς
1383 5574 1617 5644 ἄρκτους
1669 5574 2004 5643 ἐπιφερομέ-

510 5763 550 5791 ⁹¹
591 5759 762 5814 lCor.
793 5773 864 5818 νι,
892 5759 980 5826 l7.

2101 3194 2334 3238 eretum.
2367 3183 2477 3239 Eos
2504 3185 2708 3254 quippe
2733 3184 2929 3240 iisdem
2969 3187 3251 3243 laboribus
3279 3197 3333 3242 et
3356 3173 3670 3259 asperitati-

2102 3276 2205 3330 bus
2246 3276 2491 3330 exerceri
2551 3278 2746 3347 placet,
2799 3279 2999 3349 quibus
3025 3279 3120 3348 qui
3158 3280 3426 3349 arreptitii
3481 3297 3666 3336 revera

2101 3381 2248 3433 sunt,
2276 3371 2542 3423 damonis
2585 3369 2807 3439 fugandi
2838 3387 3004 3426 causa
3039 3372 3355 3442 fatigantur.
3395 3375 3529 3430 Nam
3571 3375 3668 3437 illi,

2102 3459 2310 3529 inquit,
2353 3461 2423 3514 ob
2467 3477 2679 3515 morum
2707 3463 3112 3531 improbitatem
3147 3481 3207 3520 se
3235 3467 3286 3518 in
3321 3465 3667 3520 familiarita-

2103 3561 2209 3606 tem
2249 3554 2651 3610 cacodaemonis
2694 3557 3060 3622 insinuantes,
3103 3558 3320 3627 impuro
3348 3559 3563 3629 spiritui
3590 3559 3672 3612 in-

2104 3645 2232 3698 tima
2289 3648 2675 3715 conjunctione
2717 3650 3070 3718 copulantur.
3115 3650 3290 3716 Quam
3329 3667 3439 3706 rem
3488 3650 3670 3720 magni

2102 3735 2253 3790 Pauli
2286 3740 2599 3792 testimonio
2636 3739 2969 3808 conﬁrmat;
3003 3743 3106 3806 Qui
3154 3742 3293 3806 Deo,
3333 3743 3530 3812 inquit,
3564 3743 3666 3797 ad-

2104 3826 2286 3888 Im'ret,
2316 3844 2450 3880 unus
2480 3838 2556 3880 est
2579 3831 2798 3896 spiritus
2811 3830 2854 3883 ’.

2105 3941 2331 3995 ARIST.
2381 3963 2399 3992 ι
2440 3943 2543 4009 Qui
2572 3946 2818 3998 dtenmne
2844 3960 2902 3998 se
2928 3953 3239 4013 correptum
3277 3946 3524 4011 simulat,
3555 3947 3668 4004 dte-

2388 4055 2405 4083 ι
2441 4038 2822 4090 moniacorum
2861 4051 3054 4105 ptenas
3087 4038 3321 4092 subibit.
3355 4057 3374 4089 ι

2183 4125 2264 4190 Si,
2299 4127 2391 4196 qui
2420 4125 2647 4180 Domino
2689 4128 3120 4197 conglutinalur,
3181 4129 3487 4182 secundum
3532 4131 3676 4197 Apo-

2113 4221 2338 4282 stolum,
2391 4237 2533 4273 unus
2581 4229 2666 4274 est
2702 4220 3335 4289 spiritus,manifestum
3375 4231 3480 4287 est,
3531 4224 3677 4290 quod

2113 4314 2204 4378 qui
2236 4328 2360 4366 cum
2385 4313 2598 4366 diabolo
2637 4312 3064 4366 familiaritatem
3099 4313 3219 4374 init,
3250 4329 3373 4370 cum
3406 4314 3510 4368 isto
3544 4331 3678 4372 cun-

2111 4408 2395 4474 junctione
2431 4423 2597 4460 unum
2637 4407 2716 4460 tit.
2748 4405 3094 4476 Quapropter
3127 4424 3288 4473 eum,
3343 4411 3436 4476 qui
3472 4422 3532 4462 se
3565 4411 3679 4464 dte-

2113 4496 2313 4552 moniis
2346 4507 2658 4567 correptum
2703 4498 2947 4559 simulat,
2993 4505 3047 4552 et
3082 4514 3273 4552 eorum
3307 4513 3471 4568 opera
3517 4502 3680 4569 perti-

2113 4605 2240 4644 eere
2267 4605 2376 4657 prae
2407 4605 2466 4643 se
2498 4589 2625 4652 l‘ert,
2649 4589 2851 4644 talibus
2883 4605 3005 4643 cum
3039 4591 3428 4650 afﬂictionibus
3459 4591 3683 4663 subjicit

2114 4692 2171 4737 et
2221 4682 2525 4746 laboribus,
2567 4680 2823 4749 qualibus
2865 4689 2918 4734 et
2963 4695 3152 4735 revera
3202 4683 3450 4737 daemone
3494 4699 3680 4737 corrc-

2115 4784 2293 4844 ptum,
2319 4784 2375 4827 ut
2403 4775 2668 4827 dtemonis
2701 4773 3025 4843 operatione
3047 4773 3339 4829 eximatur.

2682 4904 2912 4960 CANON
2979 4906 3113 4959 LXI.

2122 5042 2141 5074 ι
2178 5023 2283 5087 Qui
2326 5023 2548 5075 ‘vatibus
2616 5021 2827 5088 seipsos
2870 5019 3245 5084 tradiderunt,
3313 5019 3396 5072 vel
3455 5019 3522 5071 iis
3583 5019 3676 5087 qui

2193 5133 2211 5164 ι
2255 5104 2609 5167 centuriones
2654 5111 2945 5174 dicuntur,
2995 5111 3075 5164 vel
3109 5112 3233 5163 aliis
3277 5110 3574 5176 ejusmodi,
3628 5120 3686 5161 ut

2196 5226 2212 5256 ι
2255 5206 2322 5256 ab
2355 5205 2460 5257 illis
2493 5204 2728 5262 discant,
2775 5204 2819 5256 si
2863 5202 2994 5270 quid
3032 5201 3136 5255 sibi
3206 5203 3434 5256 revelari
3482 5202 3681 5254 velint:

2195 5317 2212 5348 ι
2255 5295 2646 5350 convenienter
2698 5296 2763 5347 iis
2796 5310 2915 5362 qua:
2947 5294 3014 5347 de
3053 5293 3189 5361 ipsis
3229 5309 3256 5344 a
3290 5293 3544 5347 Patrlbus
3585 5310 3683 5345 nu-

2180 5409 2197 5439 ι
2243 5405 2339 5458 per
2365 5388 2664 5440 constituta
2697 5393 2847 5447 sunt,
2875 5385 3123 5440 sexennii
3147 5384 3346 5438 canoni
3380 5383 3681 5452 subjiciatu-

2192 5502 2209 5534 ι
2253 5494 2363 5534 tur.
2395 5478 2584 5532 Eidem
2617 5485 2798 5531 autem
2841 5491 2938 5532 eos
2967 5491 3186 5546 quoque
3212 5466 3409 5544 subjici
3445 5485 3680 5544 oportet,

2189 5594 2210 5625 ι
2250 5574 2341 5642 qui
2380 5586 2538 5626 ursas
2572 5570 2650 5624 vel
2684 5570 2953 5638 ejusmodi
2989 5569 3280 5635 animalia,
3313 5565 3380 5622 ad
3411 5566 3596 5621 ludum
3628 5576 3682 5623 et
