4074 6386
433 374 533 435 723

1681 379 1785 439 Tli
1800 382 1959 440 EUD.
2016 381 2099 436 BA
2117 382 2240 436 LbA
2255 383 2323 436 .‘ilt
2340 380 2410 435 Ν

3573 374 3675 435 724

430 494 511 536 est
554 483 604 533 in
638 483 758 535 sinu
788 482 964 536 ferens
996 483 1376 540 indumentum
1404 487 1635 545 infantis
1663 508 1837 559 nuper
1865 491 1994 550 nati,

2103 492 2223 554 νοῦς
2252 494 2488 551 παιδίον,
2562 492 2653 543 καὶ
2707 486 2827 543 εἷπε
2872 491 3029 543 τοῦτο
3070 491 3288 559 δοθῆναι
3346 488 3494 558 αύτῷ
3524 488 3677 560 παρά

430 585 479 626 μοι
515 574 649 626 dixit
682 575 783 627 hoc
818 574 917 627 sibi
948 575 1136 629 datum
1178 577 1345 633 fuisse
1378 596 1406 633 a
1451 583 1687 650 quadam
1742 584 1996 647 mulierc‘,

430 664 496 716 ad
548 664 899 718 avertendum
938 665 1131 735 eisque
1187 684 1250 722 os
1295 670 1717 737 occludendum,
1764 674 1859 741 qui
1904 673 2000 725 ad-

339 757 365 797 ."
431 770 623 807 versus
672 771 794 807 eum
843 757 1026 811 dicere
1073 770 1428 812 conarentur.
1454 759 1609 815 Unde
1654 763 1818 817 etiam
1865 778 1998 815 con—

430 848 763 901 demnationi
807 848 1092 919 subjectus
1136 851 1260 907 fuit.
1298 855 1453 908 Alius
1480 857 1740 910 sacerdos
1772 872 1997 910 accusa-

432 952 539 1003 tus,
564 941 707 1006 quod
749 958 940 1008 magna
979 945 1169 1011 quinta
1220 946 1350 999 feria
1386 957 1637 1001 sanctum
1673 966 1863 1017 pauent
1898 950 1998 1002 da-

430 1029 516 1079 liat
562 1030 796 1083 diversis
836 1033 1157 1086 muliciibus
1188 1045 1240 1088 et
1275 1037 1427 1101 viris,
1476 1030 1534 1091 ut
1578 1045 1996 1092 convinceretur

428 1119 517 1183 qui
551 1134 666 1171 rem
705 1120 944 1187 aliquam
982 1114 1347 1192 surripuerat.
1384 1128 1475 1195 qui
1501 1145 1566 1182 ex
1595 1144 1680 1189 eo,
1720 1135 1861 1197 qttod
1896 1132 1997 1185 hoc

428 1226 536 1263 non
592 1212 749 1263 facile
798 1214 993 1273 ebibit,
1037 1217 1172 1269 bibit
1215 1220 1465 1285 poculum
1514 1223 1894 1289 depositionis.
1932 1223 1995 1275 Et

428 1305 565 1356 alios
591 1306 870 1369 sacerdos,
905 1322 1028 1359 cum
1067 1307 1359 1376 Evangelio
1398 1310 1544 1379 ligno
1579 1313 1815 1381 alligato,
1848 1316 1991 1382 quod

426 1394 592 1463 229
632 1395 685 1448 in
722 1398 911 1451 orbem
938 1400 1451 1468 circumagebatur.
1490 1414 1805 1467 accusatus,
1847 1407 1993 1475 quod

428 1486 885 1554 interrogationes
938 1490 1137 1545 faceret
1189 1494 1255 1545 de
1303 1495 1625 1561 quibusdam
1680 1499 1841 1549 rebus
1894 1513 1993 1565 per

428 1577 663 1643 psalmos
696 1579 1001 1639 Davidicos.
1045 1588 1097 1633 et
1130 1585 1315 1636 multis
1363 1595 1642 1654 propterea
1680 1588 1990 1641 insontibus

430 1671 643 1734 negotia
683 1685 745 1723 ac
787 1674 1063 1727 molestias
1091 1676 1405 1737 exhiberet.
1446 1679 1655 1731 veniam
1693 1681 1992 1750 impetrare

430 1776 535 1812 non
570 1763 761 1829 potuit.
798 1762 949 1817 Multi
984 1765 1147 1818 etiam
1184 1770 1459 1831 monachi,
1489 1779 1651 1838 atque
1678 1772 1816 1826 adeo
1840 1772 1987 1840 prio-

2102 604 2248 648 τινος
2302 584 2566 650 γυκαικὺς
2623 584 2702 646 είς
2747 584 3066 652 ἀποτροπὴν
3127 584 3219 635 καὶ
3274 583 3674 650 ἐπιστομισμὸν

2098 681 2205 733 τῶν
2233 679 2651 751 ἐπιχειρούντων
2682 681 2804 732 κατ’
2833 680 2998 731 αὐτοῦ
3048 679 3247 746 λέγειν.
3278 678 3368 731 Διὸ
3401 680 3494 731 καὶ
3540 680 3673 731 καθ-

2099 773 2316 825 οσιώσει
2365 774 2659 825 ὑπέπεσεν.
2718 772 2946 841 Ἕτερος
3001 772 3179 839 ἱερεὺς
3248 770 3537 833 αἰτιαθεὶς,
3598 772 3672 834 ὡς

2098 867 2317 928 ἐπιδοὺς
2361 867 2450 917 τὸν
2511 865 2665 932 ἆγιον
2723 864 2889 933 ἄρτον
2951 863 3052 931 τῆς
3111 863 3354 932 μεγάλης
3413 865 3674 932 πέμπτης

2098 960 2372 1027 διαφόροις
2436 959 2678 1025 γυναίοις
2750 958 2843 1009 καὶ
2902 955 3181 1026 ἀνδράσιν,
3238 955 3323 1022 ἐφ’
3392 949 3436 1023 ᾧ
3504 956 3664 1022 ἐλεγο

2098 1052 2289 1121 χθῆναι
2322 1050 2412 1103 τὸν
2436 1052 2849 1119 ἁποσυλήσαντα
2905 1049 3023 1100 τόδε
3060 1065 3113 1099 τι
3168 1051 3399 1117 πρᾶγμα
3455 1051 3516 1099 ἐκ
3575 1051 3672 1099 τοῦ

2100 1146 2173 1212 μὴ
2208 1144 2403 1213 ῥαδίως
2438 1142 2626 1194 τοῦτον
2663 1143 2972 1202 καταπιεῖν,
3000 1140 3375 1207 καθαιρέσεως
3407 1140 3669 1208 ποτήριον

2094 1234 2234 1286 ἔπιε.
2303 1234 2410 1286 Καὶ
2475 1233 2630 1294 ἄλλος
2683 1233 2858 1299 ἱερεὺς
2928 1234 3067 1298 μετὰ
3130 1234 3465 1299 Εύαγγελίου
3526 1232 3668 1301 ξύλῳ

2096 1325 2500 1392 συνδεδεμένοι),
2533 1326 2625 1375 καὶ
2676 1324 2951 1385 κυκλικῶς
2988 1325 3487 1391 περιστρεφομένου
3522 1341 3661 1375 κατ-

2094 1418 2385 1485 ηγορηθεὶς
2458 1418 2755 1485 ἐρωτήσεις
2836 1418 3009 1468 ποιεῖν
3070 1418 3197 1485 περί
3262 1435 3421 1468 τινων
3475 1417 3675 1468 ὑποθέ-

2095 1526 2233 1559 σεων
2278 1507 2365 1559 διὰ
2418 1506 2651 1574 ψαλμῶν
2691 1506 3014 1567 Δαὸιδικῶν,
3068 1509 3160 1558 καὶ
3194 1505 3280 1558 διὰ
3330 1507 3486 1558 τούτο
3542 1506 3672 1558 πολ-

2090 1600 2216 1661 λοὺς
2253 1600 2526 1659 ἀναιτίους
2579 1600 2658 1659 είς
2710 1599 2947 1665 μεγάλας
2965 1598 3214 1668 ὀχλήσεις
3232 1596 3476 1665 ἀγαγὼν,
3502 1598 3673 1664 ἀσύγο

2092 1710 2330 1761 γνωστος
2348 1692 2547 1759 ἔμεινε.
2570 1692 2808 1759 Μοναχοὶ
2828 1692 2885 1743 δὲ
2911 1690 3091 1743 πολλοὶ
3120 1690 3213 1743 καὶ
3230 1689 3399 1742 ταῦτα
3425 1690 3672 1758 καθηγη-

2094 1786 2204 1848 ταὶ,
2247 1784 2541 1847 συνοδικῶς
2566 1783 2956 1853 ἐκολάσθησαν,
2988 1783 3070 1835 ὅτι
3114 1781 3419 1851 προσῆλθον
3451 1782 3671 1848 γυναιξί

430 1865 539 1911 res,
576 1852 837 1915 synodice
887 1856 1059 1923 pttniti
1109 1865 1257 1921 sunt,
1302 1859 1449 1926 quod
1476 1832 1828 1927 etquasdam
1872 1879 1990 1914 utu-

2292 1876 2427 1945 μετὰ
2512 1832 2830 1945 κριθοιρίων⁸
2885 1832 3357 1942 ἀπαγγελλίούσαις
3406 1832 3473 1927 τὲί
3528 1876 3676 1943 παρά

430 1942 587 1996 lieres
628 1946 1012 2012 accessissent,
1047 1964 1168 2017 qua:
1206 1965 1328 2003 cum
1372 1952 1613 2016 hordeo,
1651 1968 1711 2006 ea
1758 1971 1878 2023 quae
1926 1958 1993 2010 ab

428 2034 550 2087 aliis
587 2035 927 2105 ignorantur,
958 2042 1267 2095 enuntiant.
1307 2042 1399 2096 lla:
1432 2054 1560 2115 sunt
1588 2062 1708 2114 quae
1736 2048 1992 2101 dit-untur

426 2127 691 2195 κρττριαι,
724 2146 845 2197 quia
877 2130 1135 2188 Ecclesiis
1176 2144 1227 2189 et
1256 2138 1462 2191 sanctis
1494 2139 1824 2207 imaginibus
1853 2142 1993 2195 assi-

428 2220 640 2282 dentes,
665 2233 793 2275 etse
820 2239 882 2277 ex
928 2227 993 2279 iis
1032 2222 1243 2282 discere
1270 2230 1446 2284 futura
1476 2234 1857 2299 praedicantes,
1888 2251 1992 2287 non

427 2329 586 2366 secus
631 2329 692 2365 ar.
724 2332 844 2369 eme
881 2316 1143 2387 Pythonis
1177 2321 1377 2375 habent
1421 2325 1675 2393 spiritum
1702 2341 1819 2393 qua:
1845 2327 1995 2394 igno-

430 2414 619 2457 rantur
654 2406 978 2474 prazdieunt.
1025 2411 1177 2465 Scias
1208 2430 1358 2483 ergo,
1399 2419 1543 2485 quod
1593 2435 1833 2487 przescns
1875 2422 1994 2489 qui-

428 2496 550 2550 dem
595 2513 769 2554 eanoo
798 2517 917 2565 eos,
955 2505 1045 2570 qui
1082 2505 1147 2557 ad
1186 2506 1309 2561 illos
1354 2512 1642 2573 accedunt,
1697 2522 1754 2563 ut
1790 2512 1993 2566 dictum

426 2597 530 2650 est,
566 2593 740 2656 punit.
773 2592 876 2645 Alii
906 2602 1087 2647 autem
1129 2612 1366 2653 canones
1396 2608 1449 2653 et
1482 2602 1624 2669 leges
1657 2602 1773 2655 sitae
1802 2603 1853 2655 iit
1908 2604 1979 2655 9.5

427 2697 549 2751 cap.
582 2682 615 2735 9
678 2686 762 2739 tit.
803 2688 1087 2755 prasentis
1120 2692 1325 2758 Operis,
1366 2706 1473 2745 non
1525 2708 1618 2747 eos
1652 2695 1827 2747 solum
1851 2736 1865 2759 ,
1898 2696 1994 2749 sed

425 2783 480 2827 et
530 2776 735 2845 printos
777 2789 1029 2836 auctores
1076 2797 1141 2836 ac
1191 2783 1478 2840 ell‘ectores
1527 2786 1685 2840 valde
1739 2787 1992 2855 puniunt.

425 2869 560 2923 Cum
592 2881 773 2927 autem
809 2874 965 2928 audis
995 2890 1089 2929 eos
1120 2876 1213 2945 qui
1237 2878 1302 2929 ad
1329 2879 1543 2947 aliquos
1567 2879 1880 2948 hujusmodi
1906 2895 1996 2935 ac-

427 2962 628 3015 cedunt
676 2967 940 3018 sexennio
982 2968 1190 3033 puniri,
1237 2968 1324 3022 die
1356 2984 1450 3023 eos
1477 2970 1670 3026 laicos.
1710 2971 1813 3037 Qui
1849 2972 1993 3027 enim

425 3062 552 3107 sunt
574 3071 748 3111 sacris
774 3059 1349 3130 initiatideponentur.
1378 3061 1509 3115 Nota
1549 3074 1727 3119 autent
1757 3082 1821 3119 ex
1856 3081 1995 3135 pra:-

2096 1987 2255 2021 τινων
2319 1967 2677 2036 ἀγνοούμενα.
2748 1967 3006 2018 Τοιαῦται
3081 1969 3188 2019 είσι
3239 1968 3334 2018 καὶ
3391 1969 3449 2019 αἱ
3514 1967 3665 2032 λεγό-

2100 2078 2257 2131 μεναι
2281 2061 2545 2130 κρίτριαι,
2579 2060 2771 2121 αίταῖς
2816 2060 3133 2129 ἐκκλησίαις
3199 2060 3292 2112 καὶ
3319 2062 3435 2121 ταῖς
3490 2060 3677 2127 ἁγίαις

2096 2153 2268 2206 εἰκόσι
2320 2152 2800 2223 προσεδρεύουσαι,
2856 2152 2948 2204 καὶ
3002 2151 3379 2220 κηρύσσουσαι
3439 2155 3501 2203 ἐκ
3555 2152 3676 2203 τού-

2093 2262 2202 2296 των
2261 2243 2552 2311 μανθάνειν
2620 2242 2690 2293 τὰ
2760 2242 3047 2309 μέλλοντα,
3122 2242 3216 2291 καὶ
3289 2242 3673 2309 προλέγουσαι,

2099 2336 2229 2387 ὡσεί
2284 2352 2426 2396 τινες
2460 2336 2680 2403 ἔχουσαι
2727 2334 2977 2395 Πύθωνος
3036 2333 3273 2401 πνεῦμα,
3328 2335 3390 2386 τὰ
3449 2335 3677 2401 ἀγνοούν-

2102 2444 2256 2496 μενα.
2320 2426 2562 2478 Γίνωσκε
2612 2426 2667 2478 δὲ
2726 2427 2805 2478 ὅτι
2850 2427 2877 2476 ὀ
2922 2426 3019 2493 μὲν
3068 2424 3256 2493 παρὼν
3312 2426 3495 2477 κανὼν
3548 2428 3676 2488 τοὺς

2097 2513 2577 2589 προσερχομένους
2652 2519 2887 2580 τούτοις,
2981 2520 3055 2579 ὼς
3115 2518 3354 2587 εἴρηται,
3420 2517 3663 2580 κολάζει.

2102 2614 2284 2667 ’Λλλοι
2315 2613 2372 2665 δὲ
2403 2612 2627 2673 κανόνες
2674 2612 2770 2663 καὶ
2803 2613 2851 2663 οἱ
2882 2611 3367 2677 καταστρωθέντες
3428 2614 3585 2674 νόμοι
3619 2612 3677 2660 ἐν

2097 2706 2174 2776 τῷ
2215 2712 2293 2759 κε’
2320 2722 2443 2775 κεφ.
2466 2707 2560 2758 τοῦ
2587 2705 2629 2757 θ’
2648 2704 2827 2756 τίτλον
2854 2704 2948 2755 τοῦ
2982 2706 3244 2774 παρόντος
3273 2703 3676 2770 συντάγματος,

2097 2801 2157 2852 ού
2195 2799 2355 2869 μόνον
2407 2799 2652 2861 τούτους,
2704 2797 2840 2851 ἀλλὰ
2870 2797 2964 2849 καὶ
3001 2798 3132 2859 τοὺς
3165 2797 3532 2881 πρωταιτίους
3580 2798 3677 2849 καὶ

2099 2891 2436 2959 αὐτουργοὺς
2492 2890 2746 2958 μεγάλως
2802 2886 3146 2951 κολάζουσιν.
3207 2887 3446 2939 Ἀκούων
3485 2885 3543 2937 δὲ
3583 2886 3677 2935 ἐπὶ

2100 2984 2348 3049 ἑξαετίαν
2394 2984 2722 3047 κολάζεσθαὶ
2777 2985 2904 3047 τοὺς
2954 2980 3355 3051 προσελθόντας
3408 2977 3677 3039 τοιούτοις

2098 3080 2231 3146 τισὶ,
2262 3077 2389 3145 λέγε
2419 3077 2640 3139 τούτους
2666 3076 2908 3138 λαῖκούς.
2933 3077 2994 3128 Οἱ
3023 3075 3129 3143 γάρ
3166 3073 3453 3142 ἱερωμένοι
3478 3070 3677 3123 καθαι-

426 3149 563 3201 senti
603 3164 836 3214 canone,
866 3152 1010 3220 quod
1042 3154 1091 3207 ei
1128 3155 1373 3223 quident,
1416 3156 1509 3225 qui
1551 3167 1738 3224 peccat
1769 3166 1822 3211 et
1859 3175 1994 3213 eon-

2108 3170 2452 3239 ρεθὴσονται.
2483 3168 2796 3237 Σημείωσαι
2825 3166 2881 3218 δὲ
2907 3165 3013 3217 ἀπὸ
3038 3163 3132 3217 τοῦ
3159 3161 3421 3231 παρόντος
3451 3160 3679 3221 κανόνος

427 3242 678 3303 vertitur.
716 3244 880 3298 datur
915 3248 1093 3310 venia,
1140 3261 1192 3301 et
1231 3249 1422 3303 leviter
1448 3252 1671 3319 punitur
1707 3270 1721 3306 :
1754 3254 1847 3320 qui
1897 3269 1996 3306 au-

427 3343 533 3385 tent
580 3334 633 3386 in
672 3337 814 3388 malo
846 3349 1188 3404 perseverat,
1221 3349 1273 3393 et
1299 3342 1507 3394 invitus
1539 3342 1605 3395 ad
1643 3343 1693 3396 id
1727 3345 1872 3411 quod
1914 3356 1996 3399 est

427 3424 621 3479 melius
672 3430 999 3493 traducitur,
1047 3435 1284 3499 graviter
1319 3436 1561 3501 punitur.
1607 3435 1742 3489 Nam
1787 3445 1839 3489 et
1884 3438 1993 3503 hic,

426 3516 520 3583 qui
554 3520 790 3572 accessit
817 3534 874 3574 et
914 3537 1197 3590 peccatum
1231 3526 1523 3581 confessus
1549 3538 1653 3590 est,
1686 3543 1781 3596 per
1804 3545 1996 3583 sexen-

426 3608 500 3660 nii
532 3613 962 3679 segregatiouem
1010 3619 1304 3685 puniatur,
1354 3620 1434 3673 vel
1466 3621 1629 3672 etiam
1689 3622 1897 3684 mitius,
1938 3632 1996 3675 ιιι

423 3702 686 3771 episcopo
730 3706 1047 3762 videbitur:
1084 3710 1175 3778 qui
1213 3718 1393 3763 autem
1448 3712 1502 3765 in
1543 3712 1686 3764 malo
1740 3728 1998 3781 pet-seve-

428 3805 509 3849 rat
556 3812 620 3851 ex
670 3797 909 3854 Ecclesia
961 3804 1274 3870 expellitur.
1298 3804 1567 3872 Quoniam
1628 3822 1761 3862 vero
1812 3811 1993 3863 audivi

425 3887 716 3955 quemdam
769 3892 1064 3968 dicentem,
1114 3897 1194 3949 eis
1233 3895 1435 3950 debere
1483 3898 1715 3967 ignosci,
1769 3902 1859 3970 qtti
1898 3916 1994 3970 pro

426 3987 701 4052 corporali
731 3988 961 4051 medela,
996 3989 1076 4043 vel
1110 3992 1287 4059 aliqua
1328 3992 1431 4047 alia
1470 4008 1526 4048 re
1570 3994 1850 4048 salutifera
1882 3996 1995 4049 haec

429 4075 656 4137 l‘aciunt,
690 4076 815 4131 dico
840 4081 982 4148 quod
1016 4082 1121 4137 hoc
1145 4099 1367 4152 queque
1410 4095 1494 4141 est
1531 4089 1765 4140 oceulta-
1793 4089 1992 4143 diaboli

426 4169 844 4225 eireumventio.
898 4172 1031 4225 Nam
1054 4177 1552 4246 quenmdoeunque
1577 4196 1636 4232 ca
1682 4195 1739 4233 re
1781 4184 1854 4233 uti
1910 4190 1994 4235 est

429 4261 977 4323 ιὶιτΙΙῘΟῘΟδίεεῘ11111111.
1028 4264 1171 4336 Lege
1203 4284 1323 4334 quae
1373 4270 1425 4322 in
1465 4273 1858 4324 commentario
1924 4272 1995 4327 ‘25

427 4369 547 4421 «κιρ.
585 4355 616 4408 9
675 4356 759 4409 tit.
790 4362 1074 4425 prsescntis
1114 4363 1299 4427 operis
1340 4362 1534 4429 positae
1562 4372 1690 4416 sunt
1732 4363 1910 4431 leges,
1943 4374 1995 4417 et

427 4445 495 4497 65
533 4447 799 4501 novellam
834 4450 964 4517 imp.
1011 4450 1215 4503 domini
1256 4451 1454 4507 Leonis
1486 4452 1832 4522 Philosophi,
1882 4456 1993 4508 base

427 4540 573 4590 circa
632 4539 789 4594 ﬁnem
830 4558 1088 4611 expresse
1124 4544 1467 4598 definientem
1502 4564 1514 4598 :
1550 4547 1604 4599 Si
1645 4547 1767 4615 quis
1808 4557 1988 4601 autem

426 4632 651 4685 omnino
691 4636 795 4688 hac
846 4636 1267 4703 przestigiatoria
1329 4649 1445 4689 arte
1491 4638 1568 4689 ttti
1620 4638 1992 4705 deprehensus

428 4725 608 4783 luerit,
652 4726 767 4777 sive
797 4726 1047 4792 corporis
1083 4727 1304 4779 medela:
1345 4735 1604 4793 praetextu
1630 4770 1643 4787 ,
1693 4729 1807 4782 sive
1835 4746 1991 4781 aver-

428 4814 601 4867 teodm
640 4832 669 4868 a
720 4815 988 4869 fructibus
1046 4834 1200 4869 noxa-
1226 4857 1238 4880 ,
1274 4828 1576 4870 extremum
1615 4821 1727 4870 luat
1784 4822 1989 4889 stippa-

424 4906 569 4956 ‹·ιιιτιι
603 4917 983 4974 apostatarum
1018 4923 1232 4976 poenam
1262 4911 1509 4963 Slllllt'llS.

2100 3263 2181 3314 ὅτι
2204 3265 2229 3314 ὁ
2262 3261 2362 3330 μὲν
2398 3261 2731 3332 ἁμαρτάνων
2782 3259 2876 3310 καὶ
2910 3255 3256 3324 ἐπιστρέφων
3307 3254 3681 3320 συγγινώσκε-

2100 3374 2214 3420 ται,
2261 3356 2355 3406 καὶ
2399 3354 2637 3423 μετρίως
2693 3350 3023 3413 κολάζεται·
3090 3351 3117 3401 ὁ
3172 3350 3228 3401 δὲ
3279 3349 3552 3416 ἐπιμένων
3598 3344 3681 3410 τῷ

2099 3448 2277 3515 κακῷ,
2310 3447 2404 3499 καὶ
2425 3444 2574 3498 ἄκων
2611 3444 2742 3513 πρὸς
2788 3443 2846 3494 τὸ
2893 3441 3103 3510 βέλτιον
3159 3437 3681 3509 μεταρῤυθμιζὸμε-

2113 3557 2223 3603 νος,
2268 3539 2518 3607 μεγάλως
2554 3536 2864 3599 κολάζεται.
2924 3535 3034 3587 Καὶ
3078 3531 3313 3587 ἐνταῦθα
3368 3531 3477 3600 γὰρ
3519 3532 3546 3581 ὁ
3581 3529 3683 3594 μὲν

2103 3626 2419 3695 προσελθὼν
2446 3626 2540 3675 καὶ
2608 3622 3097 3691 ἐξομολογούμενος
3144 3621 3205 3673 τὸ
3257 3621 3559 3689 ἁμάρτημα
3614 3619 3683 3670 δι’

2097 3718 2401 3790 ἁφορισμοῡ
2426 3716 2677 3782 ἐξαετοῦς
2697 3716 3111 3783 κολασθήσεται,
3136 3716 3167 3784 ῆ
3190 3716 3282 3766 καὶ
3303 3712 3683 3782 συμπαθέστε-

2103 3829 2195 3881 ρον
2227 3811 2366 3862 κατὰ
2402 3809 2460 3862 τὸ
2482 3808 2641 3873 δόξαν
2674 3808 2751 3887 τῷ
2796 3808 3108 3876 ὲπισκόπῳο
3141 3809 3168 3858 ὁ
3193 3807 3251 3858 δὲ
3284 3806 3559 3873 ἐπιμένων
3598 3803 3680 3872 τῷ

2098 3901 2254 3972 κακῷ
2286 3904 2628 3971 ὲκκήρυκτος
2660 3900 2761 3969 τῆς
2806 3899 3133 3967 Ἐκκλησίας
3162 3898 3475 3967 γενήσεται.
3525 3895 3681 3947 Ἐπεὶ

2096 3997 2151 4048 δὲ
2180 3996 2389 4065 ἤκουσά
2425 4012 2567 4056 τινος
2615 3994 2861 4061 λέγοντος
2899 3993 3135 4060 ὀφείλειν
3204 3988 3679 4057 συγγινώσκεσθαι

2094 4089 2221 4150 τοὺς
2269 4088 2430 4157 χάριν
2491 4087 2785 4156 θεραπείας
2841 4086 3158 4153 σωματικῆς
3226 4083 3480 4153 ἥὲτέρον
3535 4083 3679 4142 τινος

2099 4178 2478 4249 σωτηριώδους
2508 4178 2734 4231 τοιαῦτα
2774 4178 3138 4246 πράττοντας,
3171 4176 3311 4243 λέγω
3332 4176 3412 4226 ὃτι
3450 4175 3548 4242 τῆς
3584 4172 3679 4225 τοῦ

2094 4272 2345 4342 δαίμονος
2382 4272 2661 4341 μεθοδείας
2704 4272 2799 4323 καὶ
2852 4269 3008 4322 τοῦτό
3057 4272 3220 4322 ἐστιν.
3289 4268 3675 4337 ὐπωσδήποτε

2096 4366 2205 4435 γὰρ
2251 4361 2488 4434 χρᾶσθαι
2519 4361 2744 4429 τοιούτῳ
2792 4361 2899 4412 τινὶ
2943 4359 3333 4430 ὁλεθριώτατύν
3373 4359 3511 4412 ἐστι.
3571 4358 3679 4409 Καὶ

2097 4459 2411 4523 ἀνάγνωσον
2474 4456 2601 4515 τοὺς
2669 4452 3157 4519 καταστρωθέντας
3217 4454 3417 4517 νόμους
3484 4452 3563 4512 εἰς
3620 4451 3680 4501 τὸ

2101 4548 2311 4616 σκόλιον
2357 4546 2450 4597 τοῦ
2498 4543 2575 4598 κε’
2630 4562 2755 4611 κεφ.
2814 4544 2908 4595 τοῦ
2958 4542 3001 4596 θ’
3042 4544 3220 4597 τίτλου
3273 4543 3370 4595 τοῦ
3418 4548 3679 4613 παρόντος

2102 4638 2503 4705 συντάγματος,
2553 4643 2645 4687 καὶ
2688 4637 2787 4703 τὴν
2816 4636 2889 4700 ξε¹
2912 4635 3132 4701 Νεαρὰν
3153 4633 3247 4684 τοῦ
3279 4631 3543 4701 βασιλέως
3585 4648 3683 4682 κυ-

2103 4729 2199 4797 ροῦ
2252 4730 2479 4791 Λέοντος
2534 4730 2629 4780 τοῦ
2667 4728 2990 4795 Φιλοσόφου,
3035 4726 3419 4798 διοριζομὲνην
3457 4725 3587 4795 περὶ
3621 4725 3683 4776 τὸ

2102 4822 2255 4880 τέλος
2286 4820 2455 4873 ταῦτα
2490 4821 2692 4891 ῥητῶς
2714 4822 2779 4872 Εἴ
2799 4839 2881 4883 τις
2908 4821 2963 4873 δὲ
2984 4820 3121 4882 ὅλως
3149 4819 3371 4872 τοιαῦτα
3398 4817 3681 4886 φωραθείη

2105 4912 2582 4979 μαγγανευόμενος
2663 4911 2771 4961 εἴτε
2820 4913 3093 4979 προτάσει
3141 4910 3240 4973 τῆς
3289 4907 3386 4959 τοῦ
3435 4908 3684 4974 σώματος

421 4999 742 5066 θεραπείας,
774 5002 883 5051 εἴτε
910 5003 1222 5074 ἀποτροπῆς
1253 5007 1350 5073 τῆς
1386 5006 1491 5058 τῶν
1528 5007 1822 5077 καρπίμων
1858 5005 2095 5078 βλάϐης,
2122 5008 2476 5077 τὴνὲσχάτην
2540 5008 2956 5077 εἰσπραττέσθω
3012 5006 3223 5076 ποινὴν,
3276 5004 3386 5057 τῶν
3449 5005 3688 5055 ἁποστα.

422 5098 532 5149 τῶν
562 5098 785 5149 κόλασιν
813 5099 1203 5167 ὑφιστάμενος.

494 5188 747 5243 ZONAR.
832 5194 875 5242 Α
939 5186 1422 5248 vaticinationibus
1482 5206 1537 5248 et
1600 5198 1888 5267 prmstigiis
1943 5208 1999 5249 et

422 5298 753 5351 quocunque
794 5286 1011 5337 demum
1068 5286 1287 5339 nomine
1338 5287 1681 5354 appellentur
1729 5288 1996 5356 ejusmodi

427 5375 571 5434 aliis,
612 5372 811 5440 quibus
840 5373 1042 5426 ethnici
1084 5373 1333 5426 homines
1364 5387 1415 5427 ct
1452 5392 1479 5425 a
1527 5375 1630 5427 [ide
1660 5377 1819 5429 alieni
1854 5376 2002 5428 Gne-

426 5469 585 5533 cique
614 5468 887 5535 quondam
915 5467 1112 5520 addicti
1152 5469 1388 5529 fuerant,
1447 5484 1672 5533 prorsus
1700 5470 1997 5532 abstinere,

427 5576 604 5627 neque
659 5560 744 5613 bis
806 5558 1017 5612 artibus
1080 5559 1259 5627 ignota
1322 5560 1422 5611 sibi
1481 5561 1752 5629 vestigare
1812 5562 1999 5615 ﬁdeles

428 5662 659 5720 oportet.
732 5652 807 5704 lta
865 5653 1008 5703 enim
1055 5651 1161 5703 lleu
1216 5651 1357 5718 pleni
1412 5649 1599 5705 Patres
1653 5663 1705 5705 et
1740 5648 1998 5706 lilia-lesia:

428 5745 694 5810 magistri,
738 5758 801 5794 ac
852 5757 917 5794 ex
966 5741 1220 5793 omnibus
1258 5742 1475 5793 divinus
1513 5744 1563 5793 itt
1615 5743 1801 5809 primis
1826 5744 1998 5811 Chry-

430 5845 704 5888 sostonins
735 5836 953 5898 docent,
990 5834 1202 5885 etiamsi
1246 5842 1445 5888 sancta-
1479 5835 1762 5891 Trinitatis
1800 5852 1996 5889 nomen

2184 5192 2426 5245 ΖΩΝΑΡ.
2457 5190 2595 5253 Τοὺς
2630 5191 2856 5253 πιστοὺς
2887 5192 3061 5242 οὐδενὶ
3088 5190 3389 5260 κεχρῆσθαι
3422 5191 3540 5244 δέον
3566 5187 3687 5242 ἐστὶ

2102 5287 2211 5337 τῶν
2245 5281 2326 5348 οἷς
2373 5286 2421 5336 οἱ
2455 5285 2662 5335 ἐθνικοὶ
2699 5285 2792 5335 καὶ
2822 5284 3044 5335 ἄπιστοι
3099 5283 3419 5351 κέχρηνται,
3466 5283 3561 5335 καὶ
3603 5279 3687 5346 οἷς

2110 5377 2416 5445 ἐκέχρηντο
2452 5374 2736 5440 ”Ελληνε;.
2782 5376 3063 5443 μαντείαις
3091 5373 3236 5440 λέγω
3272 5376 3365 5425 καὶ
3408 5375 3686 5442 γοητείαις

2109 5468 2204 5519 καὶ
2259 5466 2519 5527 τοιούτοις
2554 5466 2735 5527 ἄλλοις
2781 5465 3096 5532 οίοισδήτισι
3147 5464 3523 5533 καλουμένοις,
3571 5466 3689 5517 ὀνό-

2116 5577 2281 5630 μασιν
2315 5561 2435 5612 οὐδὲ
2472 5560 2658 5625 ζητεῖν
2688 5558 2774 5609 διὰ
2799 5557 3058 5609 τοιούτων
3093 5558 3384 5626 μανθάνειν
3412 5557 3447 5610 ἂ
3479 5555 3685 5624 γνῶναι

2113 5654 2413 5723 βούλονται.
2461 5651 2598 5703 Φασὶ
2646 5651 2753 5720 γάρ
2786 5654 2833 5701 οἱ
2866 5650 3116 5718 θεοφόροι
3160 5650 3401 5717 Πατέρες
3446 5652 3537 5701 καὶ
3583 5649 3687 5717 τῆς·

2124 5745 2449 5813 Ἑκκλησίας
2500 5744 2828 5800 διδάσκαλοι,
2891 5746 2979 5793 καὶ
3040 5742 3241 5807 μᾶλλον
3279 5744 3383 5793 τῶν
3434 5741 3611 5793 ἄλλων
3659 5743 3687 5791 ὁ

2113 5839 2252 5895 θεῖος
2286 5837 2689 5905 Χρυσὸστομος,
2730 5837 2806 5887 ὅτι
2857 5835 2959 5886 κᾶν
3018 5838 3075 5884 τὸ
3129 5834 3223 5901 τῆς
3258 5834 3417 5900 ἁγίας
3454 5831 3683 5901 Τριαόος
