4074 6432
430 342 540 407 725

1421 345 1507 408 IN
1541 346 1703 409 CAN.
1742 346 1907 423 LXII
1946 342 2158 409 CONC.
2199 345 2282 407 ΙΝ
2317 345 2643 407 TRULLO.

3559 350 3662 415 72‘)

419 451 592 523 δνομα
652 452 974 523 ὲπιλέγηται
1032 448 1146 518 τοῖς
1178 452 1461 517 τοιούτοις,
1522 455 1627 509 κᾶν
1689 456 1862 523 ἁγίων
1909 456 1991 525 γί-

2104 453 2366 523 eiusmodi
2400 456 2710 511 actionibus
2741 455 3131 523 admisceatur,
3182 459 3225 513 si
3257 461 3467 516 cmiitcs
3499 465 3662 517 etiam

420 561 615 596 νωνται
652 544 995 613 ὲπίκλησεις,
1032 544 1133 597 κᾶν
1156 545 1216 597 τί)
1254 548 1485 615 σημεῖον
1516 546 1612 599 τοῦ
1646 545 1791 598 θείου
1822 562 1990 599 σταυ-

418 637 520 707 ροῦ
552 639 850 706 ἐπάγηται,
888 638 1109 707 φεύγειν
1137 638 1219 691 δεῖ
1263 640 1334 691 τὰ
1380 638 1605 691 τοιαῦτα
1635 640 1729 693 καὶ
1763 641 1995 710 ἀποτρέ-

424 733 639 782 πεσθαι.
699 730 790 782 Διὸ
846 730 939 783 καὶ
1001 732 1048 783 οί
1083 731 1184 801 τῆς
1221 733 1441 787 συνόδου
1492 733 1694 800 ταύτης
1748 735 1993 801 Πατέρες

422 822 548 881 τοὺς
575 821 814 874 τοιοῦτόν
842 841 893 874 τι
921 822 1209 886 ποιοῦντας
1241 825 1332 876 ἐπὶ
1361 825 1609 889 ἑξαετίαν
1635 824 1993 896 ἀφορίζεσθαι

422 912 744 983 διωρίσαντο
798 914 956 980 (ἀλλὰ
998 915 1090 968 τὸν
1137 916 1444 985 άφορισμὸν
1486 917 1579 969 ἐπὶ
1615 915 1823 969 λαῖκῶν
1870 933 1995 985 νοη-

421 1007 546 1058 τέον
580 1022 595 1035 ο
644 1006 693 1058 οἱ
740 1007 846 1075 γὰρ
888 1008 1177 1079 ἱερωμένοι
1228 1009 1740 1078 καθαιρεθήσονται.
1795 1010 1883 1061 Ἑν
1913 1004 1995 1073 οἷς

426 1100 536 1166 γὰρ
593 1099 930 1167 πταίσμασιν
990 1101 1102 1172 (65)
1166 1105 1216 1155 οἰ
1275 1101 1454 1156 λαῖκοὶ
1508 1103 1883 1174 ἀφορίζονται,
1939 1106 1995 1157 ἐν

424 1192 636 1254 τούτοις
666 1194 714 1245 οἱ
752 1194 1042 1262 ἰερωμένοι
1098 1195 1535 1265 καθαιροῦνται).
1605 1196 1995 1264 Ἐπιμένοντας

422 1281 478 1334 δὲ
513 1282 748 1345 τούτοις,
781 1286 1001 1352 καὶτῆς
1046 1285 1374 1355 Ἐκκλησίας
1408 1286 1794 1348 ὲκκόπτεσθαι,
1830 1287 1999 1357 ἤγουν

423 1374 524 1443 τῆς
552 1375 660 1426 τῶν
692 1376 900 1428 πιστῶν
925 1376 1275 1446 ὁμηγύρεως.
1309 1379 1418 1430 Καὶ
1461 1378 1521 1430 οὐ
1575 1379 1712 1446 μόνα
1746 1377 1816 1431 τὰ
1846 1379 1993 1448 εἰρη·

424 1466 566 1535 μένα
624 1467 823 1519 κωλύει
869 1468 1119 1536 γίνεσθαι
1180 1470 1209 1521 ὁ
1263 1468 1467 1535 κανὼν,
1523 1470 1657 1523 ἀλλὰ
1717 1470 1792 1541 τῷ
1850 1470 1999 1539 αὐτῷ

429 1558 691 1629 ἐπιτιμίῳ
739 1560 1030 1612 ὑποϐάλλει
1084 1562 1180 1614 καὶ
1214 1565 1340 1623 τοὺς
1384 1562 1483 1624 τὰς
1519 1561 1754 1632 ἄρκτους
1805 1564 1997 1615 ἐπιτυ-

435 1653 697 1721 ρομένους
730 1654 764 1718 ἢ
790 1653 1015 1707 τοιαῦτα
1055 1654 1172 1717 ζῶα
1202 1657 1339 1725 πρὸς
1368 1656 1621 1724 παίγνιον
1653 1658 1746 1708 καὶ
1799 1656 2000 1727 βλάϐην

427 1745 537 1798 τῶν
593 1747 1000 1817 ἁπλουστέρων.
1054 1748 1167 1802 Καὶ
1220 1750 1327 1818 γάρ
1382 1749 1645 1818 βάμματα
1700 1750 2001 1819 ἐξαρτῶσιν

424 1836 606 1888 αὐτῶν
638 1839 730 1890 καὶ
773 1839 969 1907 τρίχας
1007 1839 1284 1909 κείροντες
1326 1840 1384 1904 ἐξ
1432 1840 1636 1905 αὐτῶν,
1668 1842 1871 1893 δίδοασι
1900 1858 2000 1909 γυ-

426 1930 602 1994 ναιξὶν
651 1930 723 1994 ῶς
773 1933 1146 2001 φυλακτήρια,
1202 1934 1297 1984 καὶ
1326 1933 1399 1995 ὡς
1430 1934 1570 2003 τάχα
1616 1936 1673 1987 ἐν
1728 1937 1922 1997 νότοις,
1968 1936 2001 2006 ἢ

425 2022 725 2090 βασκάνοις
771 2025 1074 2094 ὀφθαλμοῖς
1115 2023 1416 2077 λυσιτελεῖν
1472 2042 1526 2077 τι
1577 2027 1851 2095 δυνάμενα
1879 2043 1892 2058 ·
1946 2028 2001 2079 αἰ

426 2116 503 2179 δὲ,
537 2115 710 2169 ταῦτα
740 2116 815 2179 ὡς
857 2119 1131 2185 ἀναγκαῖα
1169 2117 1570 2186 λαμϐάνουσαι,
1616 2121 1808 2188 μισθὸν
1860 2120 2003 2173 ἐκεί-

431 2224 545 2268 νοις
586 2208 911 2279 παρέχουσι,
946 2210 1041 2263 καὶ
1075 2210 1289 2275 ἀξιοῦσι
1336 2210 1407 2262 τὰ
1449 2211 1613 2264 τέκνα
1666 2212 1849 2264 αὐτῶν
1891 2215 2001 2276 τοῖς

426 2297 623 2363 νώτοις
655 2300 746 2353 τοῦ
782 2300 943 2371 θηρὸς
1006 2301 1313 2365 ἐπιθέσθαι,
1370 2302 1444 2365 ὡς
1489 2302 1552 2373 δή
1603 2319 1768 2356 τινων
1818 2300 2003 2357 κακῶν

429 2391 751 2461 ἀποτροπῆς
789 2391 1056 2461 ἐσομένης
1102 2395 1165 2445 ἐκ
1194 2392 1388 2446 τούτου
1423 2395 1536 2456 τοῖς
1572 2394 1763 2446 παισὶν
1794 2395 2003 2447 ἑαυτῶν

431 2487 526 2539 καὶ
588 2487 714 2549 τοὺς
755 2489 928 2557 τύχην
968 2486 1334 2556 ὀνομάζοντας
1370 2489 1463 2541 καὶ
1514 2490 1857 2558 εἱμαρμένην
1910 2490 2004 2542 καὶ

426 2578 803 2646 γενεαλογίαν.
842 2576 1026 2630 Ταῦτα
1070 2578 1125 2630 δὲ
1176 2578 1498 2648 Ἑλληνικῆς
1546 2580 1652 2631 είσι
1711 2580 2003 2649 φλυαρίας.

437 2669 675 2740 Ὁμοίως
715 2671 1075 2739 ἐπιτιμᾶσθαι
1100 2670 1480 2723 διακελεύεται
1512 2688 1524 2701 '
1564 2673 1660 2737 Τίς
1688 2672 1819 2741 γὰρ,
1844 2676 2001 2740 φησι,

428 2762 711 2815 κοινωνία
743 2762 889 2830 φωτὶ
913 2763 1079 2830 -πρύς
1119 2766 1386 2826 σκότοςς
1430 2763 1526 2815 καὶ
1556 2764 1623 2815 τὰ
1666 2762 1753 2816 διὰ
1794 2763 2004 2828 τούτοις

434 2855 759 2924 συνημμένα
793 2855 954 2909 λοιπὰ
986 2854 1079 2909 τοῦ
1123 2855 1449 2910 Ἀποστόλου
1485 2855 1647 2926 ῥητά.

431 2946 653 3001 ΑΡΙΣΤ.
713 2965 730 2997 ι
775 2949 871 3008 Ὃς
930 2947 1122 2999 ἑαυτὸν
1176 2948 1599 3016 ἑκατοντάρχοις
1656 2948 1687 3017 ἢ
1754 2947 2005 3016 δαίμοσιν

511 3059 528 3090 ι
565 3040 773 3112 ἐπιδῷ,
825 3039 964 3092 ὥστε
1029 3059 1080 3093 τι
1134 3041 1243 3093 τῶν
1302 3041 1631 3110 ἀπορρήτων
1690 3040 2004 3108 μανθάνειν,

510 3153 529 3185 ι
566 3133 814 3198 ἑξαετίαν
848 3131 1227 3185 ὑποπιπτέτω.
1252 3132 1411 3185 Κατὰ
1432 3134 1596 3185 ταυτὸ
1626 3133 1721 3185 καὶ
1751 3134 1778 3186 ὁ
1802 3133 2004 3204 ἄρκτον

511 3244 531 3278 ι
570 3224 999 3296 ἐπισυρόμενος,
1058 3225 1430 3296 ὁγοητευταίς
1481 3226 1577 3279 καὶ
1623 3225 2009 3295 νεφοδιώκταις

512 3341 531 3373 ι
570 3319 937 3389 κολλώμενος,
977 3318 1077 3373 καὶ
1102 3319 1413 3392 εἱμαρμένῃ
1446 3320 1544 3374 καὶ
1567 3320 1704 3391 τύχῃ
1737 3321 2011 3373 πιστεύων

516 3432 534 3464 ι
569 3416 668 3482 τῆς
706 3412 1031 3481 Ἐκκλησίας
1061 3412 1510 3481 ἀποσυνάγωγος.
1545 3432 1565 3465 ι

506 3506 645 3569 Τοὺς
681 3505 1167 3569 ἐξακολουθοῦντας
1194 3507 1305 3568 τοῖς
1343 3503 1489 3557 ἔθεσι
1518 3506 1627 3558 τῶν
1674 3505 1868 3567 ἐθνῶν,
1917 3506 2012 3558 καὶ

441 3599 697 3668 μάντεσιν
721 3598 755 3668 ἢ
814 3597 1086 3660 έπαοιδοῖς
1117 3598 1340 3661 ἑαυτοὺς
1389 3597 1776 3661 ἐκδεδωκότας,
1811 3598 1891 3660 ὡς
1943 3598 2011 3650 ἂν

436 3691 690 3763 μάθωσιν
724 3690 785 3755 ἐξ
814 3690 995 3743 αὐτῶν
1043 3688 1337 3760 ἀπόρρητά
1383 3706 1504 3742 τινα
1534 3705 1551 3721 ο
1600 3688 1864 3761 ὡσαύτως
1919 3690 2013 3741 καὶ

440 3784 567 3845 τοὺς
608 3782 1042 3853 ἐπισυρομένους
1078 3782 1178 3843 τὰς
1207 3780 1445 3851 ἄρκτους
1474 3780 1507 3851 ἦ
1542 3781 1706 3853 ἕτερά
1734 3800 1853 3835 τινα
1896 3783 2011 3847 ζῶα

441 3879 578 3948 πρὸς
614 3875 866 3943 παίγνιον
917 3876 1010 3927 καὶ
1056 3873 1267 3945 πλάνην
1315 3874 1425 3926 τῶν
1474 3875 1881 3945 ἁπλουστέρων,
1917 3881 2012 3928 καὶ

438 3962 631 4038 τύχην
668 3968 761 4021 καὶ
800 3969 1140 4039 εἱμαρμένην
1182 3968 1279 4021 καὶ
1323 3967 1673 4036 γενεαλογίας
1731 3968 2010 4036 λέγοντας,

442 4064 536 4116 καὶ
587 4063 713 4125 τοὺς
777 4061 1132 4126 πιστεύοντας
1191 4065 1304 4126 τοῖς
1367 4067 1692 4131 γοητευταῖς
1752 4065 1844 4117 καὶ
1899 4068 2011 4127 τοῖς

440 4153 758 4225 λεγομένοις
786 4152 1194 4223 νεφοδιώκταις,
1228 4139 1431 4225 ὥρισεν
1462 4156 1491 4226 ἡ
1521 4154 1737 4219 σύνοδος
1762 4157 2012 4212 ἑξαετίαν

441 4246 842 4316 ἐπιτιμᾶσθαι·
875 4244 1015 4300 ὥστε
1070 4250 1130 4301 ὲν
1178 4248 1474 4317 τέσσαρσιν
1528 4250 1674 4302 ἔτεσι
1734 4252 1872 4319 μετὰ
1903 4251 2011 4303 τῶν

444 4340 863 4393 ὑποπιπτόντων
902 4339 1176 4406 ἵστασθαι,
1213 4341 1307 4393 ἐπὶ
1344 4341 1401 4394 δὲ
1446 4341 1600 4395 δυσὶν
1641 4341 1826 4405 ἄλλοις
1868 4341 2013 4397 ἔτεσι

446 4431 800 4485 συνίστασθαι
852 4434 968 4495 τοῖς
1021 4436 1272 4495 πιστοῖς,
1336 4436 1433 4486 καὶ
1498 4428 1673 4497 οὕτως
1727 4433 2012 4499 ἀξιοῦσθαι

2095 549 2456 616 advocentur,
2509 549 2798 620 divineque
2838 551 3062 622 insuper
3095 555 3312 625 signum
3360 556 3540 609 crucis
3585 559 3699 625 ing

2096 648 2438 709 terponatur,
2482 642 2668 711 fugere
2717 650 2896 719 tamen
2928 659 2989 698 ea
3037 660 3133 697 nos
3167 659 3229 698 ac
3262 647 3476 714 penitus
3509 662 3664 698 aver-

2096 733 2205 784 sari.
2240 731 2456 785 debere.
2514 732 2751 786 Proinde
2781 732 2946 799 hujus
2972 749 3189 803 quoque
3225 736 3413 804 synodi
3452 734 3660 798 Patres,

2096 822 2187 891 qui
2243 822 2349 877 tale
2387 822 2666 891 quidpiam
2729 822 3067 887 admiserint,
3129 825 3399 893 segregari
3449 827 3514 876 ad
3572 840 3661 879 sex

2097 929 2270 968 annos
2320 915 2537 983 iussere
2576 933 2591 970 :
2648 916 2791 986 (quae
2836 923 3018 969 tamen
3046 915 3119 987 de
3164 916 3317 971 laicis
3348 918 3666 987 accipienda

2097 1006 2401 1075 segregalio
2447 1014 2565 1061 est:
2617 1008 2761 1061 sacri
2794 1023 3027 1076 namque
3054 1007 3259 1062 ordinis
3293 1007 3541 1062 homines
3571 1007 3668 1062 de-

2100 1096 2367 1163 positione
2394 1097 2709 1166 punientur.
2793 1098 2925 1151 Nam
2958 1115 3080 1168 qua:
3119 1100 3189 1153 ob
3224 1101 3455 1155 crimina
3489 1117 3672 1170 segre-

2096 1193 2246 1259 gatio
2279 1191 2432 1247 laicis
2460 1192 2756 1260 irrogatnr,
2788 1192 2857 1245 oh
2881 1206 2939 1244 ca
2968 1194 3137 1247 sacris
3161 1192 3441 1247 ordinibus
3472 1192 3668 1246 initiati

2099 1283 2443 1352 depositione
2490 1267 2726 1337 multari.
2764 1285 2965 1348 solent)
3018 1298 3107 1349 ac,
3163 1285 3268 1339 nisi
3302 1294 3487 1353 postea
3538 1286 3673 1337 resi-

2100 1376 2340 1443 puerinl,
2394 1376 2463 1430 ab
2495 1375 2760 1430 Ecclesiae
2817 1391 3049 1445 corpore
3098 1376 3369 1438 abscindi,
3429 1376 3530 1428 hoc
3566 1386 3668 1438 εει,

2099 1482 2129 1522 e
2183 1476 2295 1521 toto
2354 1468 2591 1521 fidelium
2649 1477 2794 1524 cmtn
2845 1468 3139 1523 eliminari.
3196 1467 3306 1523 Nec
3357 1484 3418 1522 ea
3470 1469 3671 1532 solum,

2101 1574 2222 1628 quae
2253 1559 2515 1621 diximus,
2562 1574 2739 1614 canon
2795 1561 2910 1615 ﬁeri
2965 1570 3131 1625 vetat,
3180 1560 3274 1617 sed
3318 1576 3415 1616 eos
3456 1577 3672 1632 quoque

2101 1652 2191 1721 qui
2246 1668 2404 1707 ursas
2450 1652 2629 1706 aliave
2673 1653 2724 1706 id
2773 1655 2987 1723 generis
3021 1655 3317 1708 animantia
3349 1655 3415 1709 ad
3458 1656 3675 1725 imperi-

2105 1750 2283 1797 torum
2337 1743 2794 1798 oblectamentum
2838 1747 3003 1801 simul
3063 1762 3373 1817 noxamque
3432 1748 3674 1805 circum-

2034 1811 2345 1894 Bducunt,
2408 1834 2599 1889 iisdem
2664 1838 2842 1905 poenis
2902 1838 3170 1893 obnoxios
3224 1852 3350 1893 esse
3410 1839 3675 1893 decernit.

2107 1923 2414 1994 Suspensas
2448 1926 2592 1979 enim
2624 1928 2691 1981 de
2729 1930 3057 1998 corporibus
3093 1927 3332 1983 ferarum
3384 1930 3674 1989 tincturas.

2103 2019 2493 2086 detractosque
2548 2017 2741 2073 iisdem
2797 2020 2956 2075 villos
3016 2036 3115 2089 Pro
3174 2021 3428 2075 amnletis
3488 2029 3678 2075 contra

2105 2108 2322 2163 morbos
2348 2117 2402 2164 et
2441 2107 2829 2168 fascinationes
2868 2112 3208 2169 mulierculis
3243 2113 3498 2168 tradunt:
3544 2113 3678 2168 illa:-

2103 2215 2210 2271 que
2228 2202 2465 2272 pretium
2496 2205 2651 2273 quasi
2676 2214 2900 2276 accepto
2932 2206 3244 2263 necessario
3277 2207 3678 2263 medicamento

2102 2295 2445 2366 persolvunt,
2504 2294 2856 2366 infantesque
2908 2315 3060 2365 suos,
3112 2300 3278 2354 veluti
3333 2301 3560 2370 probato
3609 2301 3678 2354 ad

2101 2390 2446 2445 calamitates
2474 2391 2803 2446 avertendas
2827 2392 3092 2457 remedio,
3128 2392 3255 2449 ferre
3288 2402 3440 2465 tergo
3473 2395 3679 2464 imponi

2104 2491 2319 2551 rogant.
2406 2481 2542 2537 Tum
2577 2485 2669 2553 qui
2707 2485 2940 2539 fortuna:
2971 2495 3066 2540 aut
3099 2486 3193 2540 fati
3226 2498 3321 2543 aut
3352 2488 3683 2558 genealogiae

2105 2589 2300 2628 nomen
2339 2576 2712 2644 usurpaverit,
2747 2593 2869 2644 qua:
2906 2578 3090 2633 omnia
3122 2578 3367 2649 profana:
3417 2582 3686 2651 supersti-

2105 2666 2268 2720 tionis
2317 2672 2466 2726 sunt,
2521 2666 2715 2721 iisdem
2762 2669 2938 2737 pmnis
2980 2682 3155 2723 canon
3206 2669 3519 2726 multandos
3562 2687 3685 2726 esse

2104 2759 2409 2814 constituit.
2472 2756 2603 2823 Qua:
2640 2760 2800 2821 enim,
2840 2760 2939 2824 ait,
2985 2761 3213 2816 societas
3249 2762 3356 2815 luci
3381 2777 3501 2816 cum
3539 2771 3684 2818 tene-

2107 2850 2317 2903 bris”?
2364 2850 2580 2919 aliaque
2608 2851 2862 2920 deinceps
2891 2854 3136 2920 Apostoli
3174 2855 3335 2910 verba
3369 2856 3680 2911 continuat.

2109 2942 2333 3005 ARIST.
2371 2961 2392 2991 α
2422 2943 2525 3011 Qui
2548 2945 2962 3000 centurionibus
2980 2946 3061 2999 vel
3080 2946 3421 3003 dmmonibns
3440 2948 3679 3017 seipsum

2186 3054 2204 3087 ι
2251 3037 2438 3102 tradit,
2488 3049 2548 3092 ut
2586 3038 2790 3108 aliquid
2837 3039 3036 3094 secreti
3079 3039 3308 3105 ediscat,
3361 3042 3683 3095 sexennium

2187 3150 2207 3181 ι
2253 3132 2660 3188 substernatur.
2727 3133 2926 3189 Eodem
2958 3134 3120 3190 modo
3150 3142 3203 3188 et
3234 3139 3326 3206 qui
3359 3151 3549 3190 ursum
3578 3135 3688 3189 cir-

2188 3242 2207 3277 ι
2255 3226 2517 3290 cumfert,
2560 3227 2654 3297 qui
2697 3226 3131 3284 ineantatoribus
3157 3237 3212 3284 et
3243 3229 3468 3283 nubium
3502 3242 3686 3297 perse-

2189 3330 2207 3363 ι
2253 3314 2541 3369 cutoribus
2566 3330 2625 3370 se
2641 3315 2946 3385 coniungit,
2967 3327 3019 3371 et
3038 3315 3269 3371 fortuna:
3290 3316 3509 3386 fatoque
3526 3316 3685 3370 iidem

2189 3426 2205 3457 ι
2256 3406 2439 3470 habet,
2468 3407 2537 3462 ab
2568 3406 2825 3464 Ecclesiae
2861 3417 3133 3465 conventu
3168 3420 3443 3465 arceatur.
3485 3428 3506 3462 ι

2184 3496 2348 3566 23o
2390 3496 2520 3561 Eos,
2553 3500 2643 3565 qui
2683 3500 3025 3553 ethnicorum
3059 3510 3369 3568 sequuntur
3401 3513 3600 3564 mores,
3637 3505 3694 3553 et

2114 3589 2327 3643 vatibus
2371 3604 2435 3643 ac
2468 3590 2906 3646 incantatoribus
2958 3591 3169 3661 seipsos
3216 3591 3581 3653 tradiderunt,
3630 3599 3689 3644 ut

2113 3696 2310 3735 arcana
2335 3682 2580 3751 quaadam
2605 3698 2667 3736 ex
2701 3683 2767 3738 iis
2797 3683 3103 3749 discerent;
3127 3692 3180 3738 et
3200 3699 3295 3739 eos
3320 3684 3573 3740 similiter
3595 3687 3691 3756 qui

2115 3788 2294 3837 ursos,
2314 3783 2409 3828 ant
2428 3776 2530 3829 alia
2555 3791 2894 3846 quaecunque
2916 3777 3170 3832 animalia
3193 3777 3257 3832 ad
3277 3775 3461 3831 ludum
3486 3784 3541 3831 et
3559 3778 3693 3832 sim-

2116 3872 2401 3940 pliciorutu
2459 3872 2836 3940 deceptionem
2869 3870 3286 3933 circumferunt,
3331 3882 3386 3926 et
3413 3870 3689 3927 fortunam

2113 3974 2168 4018 et
2200 3963 2368 4017 fatum
2410 3969 2463 4016 et
2497 3960 2841 4032 genealogias
2870 3961 3178 4029 proferunt,
3231 3974 3438 4029 θοειμιε
3473 3961 3565 4030 qui
3607 3960 3692 4015 in~

2114 4054 2491 4109 cantatoribus
2544 4053 2703 4107 Iidem
2752 4052 2976 4113 habent,
3040 4063 3095 4107 et
3146 4053 3267 4109 istis
3316 4055 3408 4123 qui
3464 4053 3689 4107 nubium

2116 4156 2492 4220 persecutores
2553 4148 2832 4211 dicuntur,
2904 4146 3144 4201 decrevit
3201 4157 3389 4201 sancta
3450 4146 3692 4217 synodus

2115 4259 2207 4299 sex
2262 4258 2437 4297 annos
2487 4256 2700 4313 poenam
2756 4240 2940 4305 luere,
2992 4240 3065 4294 ita
3123 4247 3180 4292 nt
3227 4247 3462 4307 quatuor
3517 4254 3693 4294 annos

2117 4336 2257 4390 inter
2288 4335 2591 4389 substratos
2643 4340 3017 4404 permaneant.
3057 4346 3121 4386 ac
3156 4332 3295 4386 duos
3332 4331 3470 4386 alios
3517 4346 3694 4387 annos

2118 4442 2241 4481 cum
2287 4426 2538 4480 fidelibus
2586 4424 3015 4487 constituantur,
3058 4432 3113 4478 et
3149 4422 3231 4476 sic
3267 4422 3467 4479 divinis
3511 4439 3697 4478 sacra-

442 4524 553 4577 τῶν
596 4524 758 4578 θείων
812 4525 1189 4594 ἁγιασμάτων.
1225 4527 1288 4579 Ei
1328 4527 1385 4580 δὲ
1422 4526 1740 4597 ἀδιόρθωτοι
1792 4528 2003 4599 μένουσι

2121 4520 2316 4575 mentis
2350 4518 2533 4573 haberi
2571 4518 2786 4589 dignos.
2851 4515 2907 4571 Si
2938 4526 3120 4573 antem
3164 4532 3265 4570 nec
3306 4531 3400 4583 per
3434 4514 3692 4571 inﬂictam

445 4618 537 4671 καὶ
568 4618 706 4687 μετὰ
738 4617 798 4669 τὸ
836 4618 1132 4687 ἐπιτίμιον,
1172 4619 1267 4672 καὶ
1295 4619 1404 4671 τῶν
1446 4619 1777 4688 Ἑλληνικῶν
1807 4620 2014 4695 τούτων

442 4707 894 4780 ἐπιτηδευμάτων
948 4708 1008 4762 οὐ
1058 4710 1465 4779 μετατίθενται,
1523 4710 1625 4780 τῆς
1688 4711 2017 4781 Ἐκκλησίας

376 4810 397 4833 ⁹
444 4808 794 4860 παντάπασιν
827 4806 1285 4877 ἀπορῤίπτεσθαι.

1032 4898 1274 4951 ΚΑΝΩΝ
1304 4900 1420 4954 ΞΒ’.

447 5006 469 5039 ς
507 4987 618 5050 Τάς
645 4988 788 5042 οὕτω
812 4987 1109 5057 λεγομένας
1140 4988 1452 5055 Καλάνδας,
1497 4991 1593 5044 καὶ
1633 4989 1703 5043 τὰ
1745 4990 2015 5059 λεγόμενα

521 5098 540 5132 ι
584 5080 743 5145 Bora,
777 5080 872 5133 καὶ
921 5079 990 5132 τὰ
1036 5078 1347 5149 καλούμενα
1408 5080 1747 5149 Βρουμάλια,
1797 5080 1889 5132 καὶ
1918 5079 2016 5149 τὴν

523 5190 542 5222 ι
583 5173 640 5224 ἐν
677 5175 742 5243 τῇ
786 5172 976 5244 πρώτῃ
1016 5171 1110 5224 τοῦ
1149 5169 1389 5239 Μαρτίου
1442 5172 1610 5243 μηνὸς
1658 5171 1844 5242 ἡμέρᾳ
1893 5173 2016 5224 ἐπι-

524 5284 540 5314 ι
579 5266 907 5336 τελουμένην
954 5258 1287 5334 πανήγυριν,
1341 5263 1598 5330 καθάπαξ
1630 5265 1693 5316 ὲκ
1746 5263 1844 5332 τῆς
1905 5263 2016 5315 τῶν

524 5376 544 5407 ι
584 5356 792 5410 πιστῶν
850 5356 1132 5419 πολιτείας
1193 5354 1613 5426 περιαιρεθῆναι
1668 5353 2011 5423 βουλόμεθα’

554 5516 599 5548 ’³
622 5512 663 5567 ll
688 5514 818 5570 Cor.
852 5530 928 5579 γι,
954 5514 1041 5569 14.

2120 4629 2337 4683 pmnam
2370 4612 2567 4683 corrigi
2599 4619 2849 4680 possunt.
2905 4620 2961 4664 et
3014 4628 3041 4662 ιι
3090 4608 3421 4664 Graecanicis
3459 4608 3579 4663 istis
3608 4609 3693 4660 in-

2118 4707 2325 4762 stitutis
2358 4721 2466 4761 non
2497 4710 2917 4764 convertuntur,
2975 4701 3217 4756 Ecclesia
3274 4714 3504 4769 prorsus
3552 4696 3693 4767 abji-

2102 4799 2344 4865 pciendos
2379 4812 2520 4853 esse.

2689 4886 2919 4945 CANON
2972 4884 3128 4941 LXII.

2129 5003 2148 5035 ι
2185 4984 2475 5047 Calendas,
2513 4992 2565 5037 et
2616 4980 2772 5044 Bota,
2805 4990 2859 5035 et
2888 4977 3166 5033 Brumalia
3218 4985 3275 5029 ut
3307 4983 3596 5039 vocantur,
3644 4979 3697 5026 et

2202 5097 2221 5129 ι
2266 5086 2616 5139 conventum,
2669 5075 2761 5144 qui
2815 5074 2870 5127 in
2924 5073 3104 5143 primo
3133 5068 3317 5124 Martii
3353 5066 3561 5123 mensis
3610 5066 3697 5119 die

2201 5186 2222 5219 ‹
2270 5168 2347 5229 iit,
2378 5183 2446 5220 ex
2479 5166 2716 5221 ﬁdelium
2749 5164 2973 5219 civitate
3000 5161 3229 5218 omnino
3255 5158 3370 5215 tolli
3403 5158 3696 5221 volumus;

2204 5277 2224 5309 ι
2270 5258 2366 5312 sed
2416 5266 2469 5311 et
2504 5257 2752 5327 publicas
2787 5254 3074 5309 mulierum
3107 5252 3432 5309 saltationes
3471 5249 3696 5302 multam

2202 5370 2220 5402 σ
2268 5366 2462 5406 noxam
2495 5349 2831 5419 exitiumque
2866 5346 3189 5412 afferentes;
3219 5343 3350 5415 quin
3383 5341 3547 5396 etiam
3580 5354 3691 5402 eas,

1609 5603 1805 5667 Guill.
1837 5600 2179 5682 Beveregii
2213 5608 2399 5664 notae.

520 5713 631 5785 (65)
670 5716 772 5768 Ἑν
809 5709 898 5779 οἷς
943 5712 1051 5783 γὰρ
1086 5712 1476 5767 πταίσιιασιν.
1558 5707 1682 5767 Haec
1747 5722 1924 5779 usque
1977 5722 2003 5761 a

2124 5705 2514 5779 καθαιροῦνται
2578 5709 2633 5765 in
2695 5722 2797 5764 ms.
2868 5699 3302 5759 Amerhachiano
3366 5696 3688 5753 desideran-

450 5791 557 5845 Βίΐ.
