4074 6388
356 290 463 349 7:29

1354 290 1430 348 ΙΝ
1472 288 1634 349 CAN.
1670 289 1833 349 LXII
1869 289 2078 354 CONC.
2129 294 2209 355 ΙΝ
2238 298 2564 358 TRULLO.

3497 299 3600 359 73’.)

348 400 635 471 συνηθείας
693 402 751 455 ἐν
818 402 937 465 ταῖς
1015 401 1119 466 ἔξω
1192 401 1400 470 χώραις
1482 401 1766 471 γινόμενα.
1830 403 1912 455 Τά

2017 422 2201 461 eorum
2239 426 2424 464 curam
2459 411 2639 478 gerit:
2679 411 2780 465 hoc
2810 427 2935 464 vero
2969 428 3063 481 pro
3097 394 3502 473 Bacclto,'viui.
3534 423 3594 465 ut

348 492 484 543 Βοτά
550 490 646 549 καὶ
709 493 776 544 τὰ
834 490 1149 560 Βρουμάλια
1217 491 1402 559 ἑορταὶ
1464 487 1602 561 ἦσαν
1675 491 1916 559 Ἐλληνι-

346 583 473 645 κσιὶ,
532 583 562 649 ἡ
643 582 740 649 μὲν
822 580 1128 649 τελουμένη
1182 581 1342 651 χάριν
1399 581 1494 632 τοῦ
1562 582 1919 650 ψευδωνύμου

345 671 483 724 Θεοῦ
526 672 619 725 τοῦ
665 671 859 735 Πανὸς,
917 672 1012 724 τοῦ
1080 673 1416 742 ἐφορῶντος,
1476 672 1551 735 ῶς
1604 674 1916 744 ὲφλυάρουν

344 763 391 814 οἱ
422 764 704 834 Ἕλληνες,
732 763 801 815 τά
830 762 937 815 τῶν
967 763 1163 833 βοτῶν,
1188 764 1356 833 ἤγουν
1386 764 1455 816 τὰ
1482 762 1591 816 τῶν
1620 764 1915 833 προϐάτων

345 856 440 907 καὶ
477 856 586 906 τῶν
613 855 818 908 λοιπῶν
842 855 997 921 ζώων
1020 870 1035 885 ⁸
1065 857 1097 924 ἠ
1124 855 1179 907 δὲ
1202 856 1362 924 χάριν
1384 854 1475 906 τοῦ
1508 855 1790 919 Διονύσου,
1821 854 1917 908 τοῦ

357 946 625 1015 σωτῆρος,
649 946 725 1010 ὡς
749 949 947 1000 ἐκεῖνοι
978 948 1383 1017 ἐϐλασφήμουν,
1416 949 1512 1003 τοῦ
1545 949 1712 1002 οἴνου.
1746 949 1916 1015 Βροῦ-

350 1054 450 1106 μος
483 1038 592 1107 γὰρ
626 1033 695 1108 ἦν
755 1038 1003 1092 ἐπίθετον
1056 1037 1148 1091 τοῦ
1199 1038 1477 1091 Διονύσου.
1530 1040 1686 1093 Κατὰ
1726 1041 1783 1092 δὲ
1826 1039 1917 1092 τὸν

348 1129 594 1196 Μάρτιον
621 1130 766 1196 μῆνα
792 1129 1023 1182 ἐτελεῖτο
1058 1130 1671 1202 πανήγυριςἚλλήνικὴ
1705 1132 1915 1203 μεγάλη

342 1220 433 1272 διὰ
464 1219 562 1288 τὴν
594 1220 701 1274 τῶν
734 1220 891 1291 ὡρῶν
916 1224 1008 1275 καὶ⁵
1046 1220 1139 1274 τοῦ
1176 1221 1334 1289 ἀέρος
1358 1222 1685 1292 εὐκρασίαν·
1712 1224 1800 1276 ὅτε
1825 1225 1918 1277 καὶ

343 1311 602 1379 ὀρχήσεις
656 1313 924 1379 ἀπρεπεῖς
978 1311 1216 1379 ἐγίνοντο
1269 1310 1419 1379 παρά
1469 1329 1632 1367 τινων
1680 1314 1917 1379 γυναίων

341 1402 438 1452 καὶ
460 1400 691 1468 ἀνδρῶν.
727 1400 977 1453 Ἀπαντα
1004 1403 1097 1453 καὶ
1126 1403 1194 1454 τὰ
1226 1400 1442 1465 τούτοις
1470 1402 1629 1472 ὅμοια
1660 1405 1709 1457 οἱ
1768 1404 1917 1472 ἅγιοι

356 1492 608 1560 Πατέρες
665 1492 1125 1565 ἀποτρεπόμενοι,
1156 1494 1442 1562 ἐπήγαγον
1500 1496 1706 1564 μηδένα
1746 1497 1915 1568 ἄνδρα

339 1583 629 1655 δτεδήποτε
660 1584 965 1653 κεχρῆσθαι
996 1585 1288 1655 γυναικείᾳ
1326 1586 1508 1656 στολῇ,
1542 1587 1575 1657 ἢ
1608 1588 1669 1640 τὸ
1702 1589 1917 1643 ἀνάπαο

338 1672 462 1725 λιν·
507 1674 639 1726 ἀλλὰ
688 1676 821 1746 μηδὲ
871 1678 1194 1745 προσωπεῖα
1239 1680 1463 1745 κωμικά
1506 1679 1833 1734 ὑποδύεσθαι
1877 1682 1908 1752 ἦ

338 1766 579 1833 τραγικὰ
624 1766 656 1837 ἦ
715 1768 1011 1839 σατυρικά·
1062 1769 1201 1839 μήτε
1251 1770 1356 1838 μὴν
1403 1769 1464 1823 τὸ
1513 1770 1607 1823 τοῦ
1656 1774 1909 1827 Διονύσου

340 1857 512 1926 ὄνομα
564 1858 622 1910 ἐν
662 1861 789 1920 ταῖς
832 1859 1013 1928 ληνοῖς
1061 1859 1373 1928 ὀνομάζειν,
1408 1862 1541 1931 μηδὲ
1575 1867 1687 1927 τοῖς
1733 1865 1910 1927 πίθοις

306 1951 672 2020 ,ἔγχεομένου
702 1951 797 2005 τοῦ
835 1953 980 2004 οἴνου
1007 1954 1171 2024 γελᾷν
1205 1958 1296 2007 καὶ
1318 1955 1736 2025 ἐπικαγχάζειν.
1771 1958 1911 2020 Τοὺς

339 2043 394 2097 δὲ
421 2042 663 2097 τοιοῦτόν
692 2063 746 2097 τι
774 2046 1227 2115 ἐπιχειρήσοντας
1273 2048 1497 2116 ποιῆσαι
1534 2050 1673 2116 μετὰ
1711 2050 1771 2100 τὸ
1816 2050 1910 2105 λα-

340 2136 457 2187 6εῖν
484 2137 691 2206 εἴδησιν
717 2137 810 2189 τοῦ
836 2137 1121 2190 κανονικοῦ
1162 2137 1467 2208 διορισμοῦ,
1496 2139 1790 2208 κληρικοὺς
1813 2142 1912 2209 μὲν

343 2228 525 2290 ὄντας,
558 2228 960 2298 καθαιρεῖσθαι,
999 2230 1221 2292 λαῖκοῢς
1244 2230 1297 2281 δὲ
1327 2230 1703 2299 ἀφορίζεσθαι.
1740 2235 1913 2302 Ζητη-

342 2321 466 2373 τέον
496 2319 590 2373 οὖν
641 2322 763 2374 τίνα
794 2323 899 2374 εἰσὶ
944 2322 1012 2374 τὰ
1042 2323 1265 2391 κωμικὰ
1314 2324 1660 2392 προσωπεῖα,
1694 2325 1809 2375 τίνα
1842 2325 1913 2377 τὰ

337 2415 600 2483 τραγικὰ,
630 2414 726 2468 καὶ
782 2410 907 2467 τίνα
935 2416 1003 2468 τά
1037 2416 1324 2484 σατυρικά.
1385 2418 1494 2470 Καὶ
1552 2419 1776 2484 κωμικᾶ
1812 2419 1937 2498 μέν.

339 2507 447 2558 εἱσι
480 2507 548 2559 τά
579 2508 918 2574 γελωτοποιὰ
946 2508 1042 2559 καὶ
1090 2506 1412 2578 ὲφύϐριστα,
1460 2508 1536 2571 ῶς
1565 2509 1633 2563 τά
1674 2526 1911 2579 συγγρα-

342 2602 515 2668 φέντα
550 2601 700 2667 παρὰ
726 2599 820 2651 τοῦ
871 2599 1294 2668 Ἀριστοφάνους
1320 2616 1335 2631 ο
1369 2602 1611 2671 τραγικά
1646 2603 1713 2653 τὰ
1759 2620 1913 2673 περι-

338 2691 490 2760 παθῆ
522 2692 617 2744 καὶ
659 2691 729 2742 τὰ
762 2692 1032 2762 θρηνώδη,
1089 2691 1164 2756 ὡς
1194 2693 1263 2746 τὰ
1297 2694 1391 2745 τοῦ
1434 2692 1726 2767 Εὐριπῖδου
1784 2695 1914 2763 ἰαμ-

318 2782 459 2835 ϐεῖα
480 2783 589 2853 (68)
622 2799 635 2810 '
669 2784 761 2835 καὶ
790 2783 1078 2853 σατυρικὰ,
1111 2783 1179 2837 τὰ
1206 2788 1285 2847 εἰς
1315 2785 1485 2854 ὕμνον
1516 2786 1609 2838 τοῦ
1644 2785 1906 2838 Διονύσου

339 2876 642 2944 τελούμενα
673 2877 839 2947 ὄργια
875 2878 1028 2946 παρὰ
1056 2877 1313 2948 Σατύρων
1344 2880 1436 2932 καὶ
1463 2877 1710 2951 Βακχῶν.
1730 2879 1913 2932 Ταῦτα

344 2969 451 3021 τῶν
486 2969 745 3038 Πατέρων
767 2968 1164 3039 διορισαμένων
1194 2971 1565 3038 ἁγιοπρεπῶς.
1595 2973 1690 3024 καὶ
1718 2972 1811 3025 τοῦ
1842 2969 1912 3035 ξδ’

2024 500 2103 553 illi
2134 502 2299 569 impie
2333 504 2610 569 dicebant,
2650 514 3063 558 Conservatore.
3153 503 3246 557 Est
3288 504 3430 558 enim
3464 502 3600 556 Bro-

2023 594 2165 646 mius
2198 593 2397 655 Bacchi
2422 596 2732 665 epitheton.
2793 594 2976 652 Mense
3008 607 3187 651 autem
3220 595 3414 650 Martio
3442 597 3602 651 ﬁebat

2023 700 2218 756 magna
2260 686 2444 745 Graeca
2493 690 2719 753 concio,
2754 703 2850 742 seu
2897 690 3218 759 universalis
3274 699 3600 753 conventus,

2025 787 2250 846 pmpter
2282 780 2477 832 bonam
2511 789 2812 849 temporum
2848 788 2901 832 et
2930 779 3071 839 aeris
3106 782 3457 849 temperiem:
3490 796 3602 846 quo

2022 880 2271 941 tempore
2308 876 2473 929 etiam
2510 874 2782 931 indecom
2813 874 3137 931 saltationes
3189 890 3217 926 a
3272 875 3599 942 quibusdam

2021 963 2366 1019 mulierculis
2402 964 2641 1032 virisque
2692 964 2913 1017 ﬁebant.
2997 963 3127 1029 Quae
3177 965 3357 1018 omnia
3411 973 3465 1018 et
3514 963 3603 1017 bis

2020 1055 2219 1111 similia
2278 1056 2453 1109 sancti
2510 1054 2698 1109 Patres
2747 1066 3085 1121 aversantes,
3138 1056 3268 1110 nulli
3318 1057 3435 1109 viro
3478 1071 3600 1128 per-

2022 1146 2311 1201 mittebant
2345 1148 2595 1201 muliebri
2625 1149 2761 1202 stola
2796 1148 2908 1201 ullo
2941 1148 3101 1201 modo
3134 1147 3234 1211 uti,
3266 1148 3348 1201 vel
3374 1159 3597 1210 contra;

2019 1240 2113 1295 sed
2153 1256 2328 1309 neque
2376 1256 2634 1310 personas
2683 1242 2911 1294 induere
2946 1241 3187 1295 comicas
3225 1242 3305 1293 vel
3360 1243 3598 1309 tragicas

2018 1332 2102 1385 vel
2139 1332 2442 1402 satyricas:
2482 1348 2580 1386 nec
2614 1330 2809 1389 Bacchi
2841 1332 3057 1399 quidem
3098 1347 3292 1385 nomen
3323 1331 3374 1385 in
3412 1341 3599 1384 torcu-

2018 1421 2227 1477 laribus
2276 1422 2581 1484 nominare,
2635 1437 2736 1477 nec
2770 1422 2896 1475 vino
2923 1420 3085 1474 doliis
3114 1420 3295 1473 infuso
3343 1420 3517 1473 ridere
3548 1432 3602 1476 et

2019 1512 2359 1567 cachinnari.
2440 1512 2547 1568 Eos
2580 1522 2760 1567 autem
2786 1512 2879 1581 qui
2919 1514 3022 1566 tale
3053 1512 3181 1580 quid
3217 1502 3393 1567 facere
3423 1513 3598 1567 adorti

2022 1601 2264 1667 fuerint,
2325 1613 2614 1673 postquam
2666 1604 2919 1657 canonici
2977 1603 3179 1658 decreti
3237 1604 3597 1674 cognitionem

2019 1699 2286 1765 ceperint,
2340 1697 2382 1750 si
2434 1698 2544 1751 sint
2593 1698 2810 1766 quidem
2864 1696 3337 1771 clerici,deponi:
3396 1696 3440 1750 si
3475 1712 3603 1751 vero

2018 1789 2163 1851 laici,
2218 1790 2519 1859 segregari.
2601 1788 2965 1854 QuLcrendum
3024 1803 3155 1856 ergo
3215 1800 3295 1847 est
3348 1805 3598 1858 quamam

2016 1883 2126 1936 sint
2152 1883 2372 1936 comica:
2403 1898 2669 1951 personis,
2699 1900 2819 1954 qure
2845 1885 3080 1955 tragice,
3104 1895 3159 1940 et
3184 1902 3304 1955 qua!
3327 1883 3597 1954 satyricae.

2014 1973 2092 2026 Ac
2147 1985 2273 2027 sunt
2323 1974 2545 2041 quidem
2597 1978 2827 2040 comica,
2881 1994 3001 2045 qua:
3048 1980 3219 2031 risum
3277 1983 3497 2032 movent
3547 1985 3603 2028 et

2019 2072 2150 2116 sunt
2202 2064 2497 2133 petulantia
2530 2079 2594 2119 ac
2630 2068 3154 2153 contumeliosauut
3203 2083 3323 2137 qua!
3375 2066 3442 2120 ab
3483 2065 3602 2118 Ari-

2014 2157 2281 2221 Stopltane
2300 2158 2500 2227 scripta
2519 2168 2667 2215 sunt.
2705 2158 2958 2225 Trpgica,
2984 2175 3115 2229 quae
3135 2170 3354 2215 movent
3374 2157 3598 2211 allectus

2013 2258 2067 2303 et
2116 2259 2245 2303 sunt
2298 2252 2685 2317 lamentabilia,
2740 2261 2795 2306 ut
2860 2253 3135 2323 Euripidis
3197 2252 3451 2307 iambica.
3534 2250 3601 2306 Et

2015 2340 2275 2410 satyrica.
2322 2356 2443 2409 qum
2476 2340 2528 2395 in
2562 2341 2762 2395 Bacchi
2799 2342 3061 2412 hymnum
3097 2357 3161 2395 ac
3207 2341 3421 2395 Iaudem
3454 2347 3596 2395 cele-

2015 2431 2252 2485 brautur
2307 2432 2458 2501 orgia
2494 2448 2523 2487 a
2557 2432 2768 2504 Satyris
2814 2442 2867 2488 et
2894 2433 3146 2490 Bacchis.
3228 2433 3363 2487 Cum
3412 2432 3600 2488 Patres

2014 2522 2131 2575 haec
2161 2534 2347 2578 sancte
2386 2524 2703 2588 statuerint,
2743 2532 2797 2579 et
2837 2523 2905 2578 64
2968 2540 3090 2595 cap.
3149 2524 3251 2579 125
3302 2525 3596 2581 Justiniani

2015 2630 2164 2675 nov.,
2200 2615 2334 2679 sive,
2369 2615 2435 2669 15
2468 2630 2591 2684 cap.
2624 2616 2783 2684 primi
2820 2616 2907 2673 tit.
2967 2617 3036 2671 Ill
3099 2617 3195 2671 lib.
3236 2617 3454 2671 Basilic.
3487 2617 3602 2671 lure

2014 2716 2273 2769 expresse
2321 2704 2504 2757 dicat:
2562 2702 2832 2759 Omnibus
2884 2713 3065 2759 autem
3116 2706 3343 2760 omnino
3396 2708 3488 2774 qui
3544 2708 3600 2759 in

2004 2798 2377 2865 saecularibus
2415 2808 2726 2865 versantur,
2769 2808 2824 2854 et
2863 2800 2929 2856 iis
2965 2802 3221 2864 maxime,
3256 2801 3345 2871 qui
3380 2802 3598 2871 scenica

2017 2899 2277 2958 tractant,
2317 2892 2454 2947 viris
2487 2902 2535 2944 et
2573 2891 2916 2955 mulieribus,
2965 2902 3127 2962 atque
3178 2893 3243 2946 iis
3287 2892 3448 2945 etiam
3480 2908 3602 2960 quae

2015 2992 2295 3053 praasunt,
2357 2984 2765 3047 interdicimus,
2816 3000 2885 3039 ne
2942 2984 3191 3039 monachi
3249 2984 3451 3037 amictu
3516 2980 3600 3037 vel

338 3076 463 3126 κεφ.
495 3058 595 3127 τῆς
625 3064 747 3129 ρκγ⁸
769 3058 1194 3113 ἰουστινιανείου
1230 3061 1473 3131 Νεαρᾶς,
1542 3063 1664 3132 ἦτοι
1691 3061 1782 3115 τοῦ
1844 3068 1909 3132 ιγ’

2019 3076 2269 3133 ascetriaa
2305 3082 2549 3139 utantur,
2593 3076 2675 3130 vel
2706 3093 2827 3132 eum
2862 3079 3053 3147 quovis
3087 3078 3245 3132 modo
3277 3080 3597 3144 imitentur;

339 3166 471 3218 κιφ.
501 3150 596 3204 τοῦ
633 3156 682 3204 α’
709 3151 887 3204 τίτλου
916 3151 1006 3204 τοῦ
1037 3152 1077 3205 δ’
1131 3151 1363 3222 βιϐλίου,
1398 3159 1910 3226 παρακελευομένου

342 3242 516 3295 ταῦτα
548 3243 750 3314 ῥητῶς.
806 3245 947 3297 Πᾶσι
982 3243 1037 3297 δὲ
1072 3243 1331 3311 καθάπαξ
1383 3249 1488 3302 τοῖς
1520 3249 1579 3299 ἐν
1625 3252 1914 3318 κοσμικοϊς

340 3337 859 3406 ἀναστρεφομένοις,
884 3338 979 3391 καὶ
1009 3339 1247 3408 μάλιστα
1276 3342 1387 3404 τοῖς
1413 3343 1480 3393 τὰ
1525 3343 1759 3412 σκηνικὰ
1787 3359 1917 3412 μετ-

341 3431 684 3498 ερχομὲνοις,
759 3430 987 3500 ἀνδράσι
1028 3448 1087 3484 τε
1142 3433 1236 3484 καὶ
1268 3433 1506 3501 γυναιξὶ,
1546 3434 1639 3486 καὶ
1678 3434 1785 3502 μὴν
1819 3436 1915 3487 καὶ

340 3525 463 3583 ταῖς
478 3523 876 3589 προῖσταμέναι
890 3543 928 3589 ·,
949 3523 1363 3594 ἀπαγορεύομεν
1376 3525 1677 3595 κεχρῆσθαι
1700 3527 1796 3595 σχῆ
1809 3542 1914 3595 μαι

339 3628 395 3663 τι
419 3613 653 3685 μοναχοῦ
674 3612 706 3683 ἢ
725 3614 1054 3683 ἀσκητρίας,
1076 3614 1422 3684 ἢοῐῳδήποτε
1442 3616 1628 3686 τρόπῳ
1648 3616 1804 3668 τοῦτο
1829 3634 1917 3685 μι-

343 3705 562 3772 μεῖσθαι
585 3722 598 3736 ·
621 3708 999 3775 ἐπισταμένων
1022 3708 1239 3761 πάντων
1262 3708 1368 3761 τῶν
1388 3706 1710 3778 τολμώντων
1731 3710 1763 3780 ἦ
1784 3729 1814 3777 χ
1820 3710 1917 3783 ρή-

341 3799 630 3873 σασθσιιτῷ
647 3800 871 3869 τοιούτῳ
894 3800 1152 3870 σχήματι,
1171 3801 1202 3869 ῆ
1224 3801 1585 3871 μιμήσασθαι,
1602 3802 1633 3871 ἦ
1651 3804 1915 3869 ἐμπαῖξαι

340 3897 423 3959 εἰς
460 3885 785 3964 οἱανδήποτε
810 3895 1276 3966 ἐκκλησιαστικὴν
1310 3896 1678 3963 κατάστασιν,
1709 3899 1790 3951 ὅτι
1817 3900 1913 3953 καὶ

342 3987 668 4056 σωματικὰς
698 3987 972 4056 τιμωρίας
1002 3988 1427 4058 ὐποστήσονται,
1468 3990 1565 4042 καὶ
1594 3990 1781 4062 ἐξορίᾳ
1806 4008 1914 4044 πα-

344 4080 741 4149 ραδοθήσονται
764 4096 778 4110 ·
818 4079 1191 4150 προνοούντων
1230 4079 1326 4133 τοῦ
1370 4082 1618 4135 τοιούτου
1661 4084 1721 4136 οὐ
1758 4087 1915 4154 μόνον

339 4174 450 4225 τῶν
487 4172 629 4225 κατὰ
658 4173 824 4224 τόπον
859 4172 1169 4225 ὁσιωτάτων
1198 4172 1514 4227 ἐπισκόπων
1562 4175 1657 4227 καὶ
1680 4175 1788 4232 τῶν
1822 4176 1915 4233 ὑπ’

341 4263 541 4323 αὐτοὺς
580 4263 885 4332 κληρικῶν,
917 4263 1054 4317 ἀλλὰ
1084 4264 1180 4317 καὶ
1210 4264 1318 4317 τῶν
1358 4265 1655 4319 πολιτικῶν
1680 4267 1775 4322 καὶ
1805 4267 1916 4321 τῶν

347 4356 761 4425 στρατιωτικῶν
789 4356 1089 4425 ἀρχόντων,
1117 4357 1211 4409 καὶ
1226 4356 1335 4409 τῶν
1361 4357 1452 4410 ὑπ’
1470 4358 1668 4422 αὐτοὺς
1685 4359 1913 4425 τάξεων,

344 4449 443 4501 καὶ
477 4447 585 4500 τῶν
609 4450 751 4500 κατὰ
770 4449 936 4501 τόπον
958 4426 1209 4505 ἐκδίκων.
1235 4450 1299 4503 ΟΞ
1323 4449 1378 4503 δὲ
1409 4453 1663 4520 σκηνικοὶ
1690 4456 1918 4506 παντοῖα

341 4541 671 4607 προσωπεῖα
726 4536 1070 4603 ὑποδύονται,
1121 4542 1216 4593 καὶ
1263 4540 1433 4604 ἀδεῶς
1483 4543 1611 4606 τοὺς
1650 4545 1918 4614 μοναχοὺς

345 4629 680 4697 ὲμπαίζουσι
730 4632 824 4685 καὶ
870 4633 1000 4695 τοὺς
1038 4633 1357 4704 κληρικούς.
1406 4618 1574 4687 Ἀλλά
1630 4634 1723 4689 καί
1774 4655 1918 4701 τινες

350 4722 601 4791 κληρικοὶ
631 4723 776 4776 κατά
797 4740 948 4786 τινας
980 4726 1172 4794 ἑορτὰς
1204 4725 1339 4796 πρὸς
1367 4726 1602 4798 διάφορα
1635 4745 1915 4797 μετασχη-

351 4814 671 4881 ματίζονται
718 4817 1060 4885 προσωπεῖα.
1105 4818 1212 4869 Καὶ
1262 4817 1389 4870 ποτὲ
1442 4818 1543 4887 μὲν
1577 4816 1823 4887 ξιφήρεις
1858 4822 1914 4870 ὲν

344 4904 425 4972 τῷ
482 4906 730 4976 μεσονάῳ
791 4907 890 4975 τῆς
953 4906 1248 4977 ἐκκλησίας
1307 4908 1448 4977 μετὰ
1500 4908 1914 4979 στρατιωτικῶν

343 4999 567 5067 ἀμφῖῳν
591 5000 951 5070 εἰσέρχονται,
975 4999 1106 5052 ποτὲ
1143 4998 1199 5051 δὲ
1258 5008 1353 5053 καὶ
1379 4999 1453 5062 ὡς
1485 5002 1709 5070 μοναχοὶ
1750 5019 1915 5071 προο-

343 5090 617 5153 δεύουσιν,
648 5091 682 5160 ἢ
722 5092 817 5144 καὶ
847 5092 921 5155 ὡς
960 5092 1075 5156 ζῶα
1103 5091 1432 5162 τετράποδα.
1470 5095 1787 5164 Ἐρωτήσας
1821 5089 1916 5146 οὖν

345 5182 494 5241 ὅπως
549 5184 721 5236 ταῦτα
760 5185 1251 5257 ,παρεχωρήθησαν
1309 5186 1595 5252 γίνεσθαι,
1651 5188 1805 5241 οὐδέν
1860 5206 1913 5240 τι

347 5275 539 5341 ἕτερον
582 5276 812 5345 ἥκουσα,
839 5277 1007 5350 ἀλλ’ἢ
1049 5282 1113 5331 ὲκ
1160 5280 1377 5348 μακρᾶς
1414 5278 1703 5348 συνηθείας
1736 5278 1911 5333 ταῦτα

345 5366 645 5420 τελεῖσθαι.
703 5368 945 5422 Τοιαῦτά
992 5371 1151 5431 εἰσιν,
1205 5369 1282 5432 ὡς
1334 5369 1459 5439 ἐμοὶ
1511 5370 1678 5432 δοκεῖ,
1720 5368 1912 5423 καὶτὰ

348 5460 502 5525 παρά
536 5476 699 5511 τινων
759 5459 1259 5528 δομεστικευόντων
1290 5460 1349 5513 ἐν
1399 5459 1589 5531 κλήρῳ
1626 5460 1909 5529 γινόμενα.

2018 3168 2319 3238 scientibus
2353 3168 2646 3231 universis,
2676 3169 2768 3237 qui
2798 3168 2999 3223 audent
3029 3168 3110 3222 vel
3145 3168 3237 3221 tali
3265 3167 3338 3222 uti
3372 3169 3600 3224 amictu.

2018 3256 2099 3309 vel
2138 3256 2365 3319 imitari,
2397 3256 2479 3309 vel
2516 3256 2567 3308 in
2598 3272 2980 3325 quamcunque
3010 3255 3436 3313 ecclesiasticam
3466 3272 3601 3311 con-

2017 3344 2357 3398 stitutionem
2389 3344 2633 3407 illudere,
2671 3345 2814 3414 quod
2844 3344 3007 3398 etiam
3039 3345 3341 3414 corporalia
3376 3345 3587 3414 suppli—

2016 3440 2101 3494 cia
2156 3438 2441 3501 subibunt,
2498 3446 2552 3491 et
2598 3437 3142 3491 exterminalmntur:
3176 3435 3326 3507 thuic
3360 3438 3435 3491 rei
3474 3452 3601 3507 pro-

2019 3526 2413 3597 spicientibus.
2493 3542 2603 3580 non
2669 3528 2846 3581 solum
2916 3527 3160 3585 locorum
3232 3527 3599 3583 sanctissimis

2016 3619 2289 3689 episcopis
2333 3626 2387 3672 et
2422 3618 2514 3685 qui
2571 3618 2673 3671 sub
2713 3618 2793 3671 eis
2842 3625 2970 3671 sunt
3001 3617 3238 3682 clericis,
3290 3618 3385 3673 sed
3435 3618 3597 3671 etiam

2017 3712 2268 3769 civilibus
2299 3717 2351 3766 et
2380 3710 2708 3764 militaribus
2759 3710 3187 3780 magistratibus,
3240 3709 3430 3780 eisque
3470 3711 3598 3765 sub-

2013 3805 2174 3875 jectis
2203 3804 2510 3867 ordinibus,
2538 3812 2592 3857 et
2626 3805 2869 3857 locorum
2903 3801 3305 3857 defensoribus.
3367 3801 3599 3856 llistrio—

2017 3912 2114 3954 nes
2148 3905 2329 3950 autem
2364 3894 2586 3965 quasvis
2612 3908 2876 3962 personas
2904 3892 3157 3957 induunt,
3189 3894 3602 3962 monachosque

2016 3996 2071 4043 et
2118 3987 2348 4043 clericos
2402 4000 2594 4040 secure
2653 3984 3025 4038 ludiﬁcantur.
3119 3982 3223 4039 Sed
3270 3992 3323 4038 et
3378 3984 3600 4054 quidam

2017 4080 2201 4136 clerici
2245 4078 2301 4134 in
2340 4077 2667 4148 quibusdam
2711 4076 2865 4131 festis
2912 4076 3095 4130 varias
3127 4090 3389 4142 personas
3426 4074 3600 4129 susci-

2016 4175 2176 4244 piunt
2202 4182 2257 4229 et
2284 4173 2579 4244 efﬁngunt:
2612 4181 2666 4226 et
2698 4171 2995 4237 aliquando
3026 4171 3245 4241 quidem
3272 4187 3401 4226 ense
3435 4172 3597 4225 cincti

2004 4266 2145 4321 cum
2201 4266 2531 4320 militaribus
2577 4265 2820 4319 vestibus
2861 4264 2916 4318 in
2949 4264 3194 4319 ecclesiae
3235 4263 3597 4318 meditullium

2006 4340 2424 4425 ingrediuntur,
2477 4356 2772 4426 aliquando
2828 4371 2956 4409 vero
2990 4364 3048 4410 ut
3085 4355 3338 4409 monachi
3378 4370 3601 4425 progre-

2020 4449 2270 4511 diuntur,
2304 4449 2385 4503 vel
2413 4456 2472 4504 ut
2507 4446 2880 4518 quadrupedia
2912 4447 3189 4500 animalia.
3253 4447 3389 4502 Cum
3418 4447 3599 4516 itaque

2020 4541 2469 4611 interrogassem,
2520 4539 2794 4608 quomodo
2844 4539 2958 4593 haec
2987 4538 3101 4595 ﬁeri
3146 4539 3470 4608 permissum
3505 4540 3597 4604 sit,

2020 4636 2153 4688 nihil
2192 4635 2338 4690 aliud
2386 4634 2592 4700 audivi,
2637 4647 2799 4704 qutun
2852 4634 2962 4688 haec
3002 4633 3161 4703 longa
3204 4633 3598 4688 consuetudine

2018 4729 2157 4782 fieri.
2228 4726 2508 4796 Ejusmodi
2558 4736 2710 4788 sunt,
2764 4734 2823 4779 ut
2872 4726 3003 4779 mihi
3049 4726 3283 4791 videtur,
3338 4733 3392 4779 et
3422 4739 3595 4793 quaza

2020 4817 2374 4886 quibusdam,
2402 4816 2493 4888 qui
2524 4817 2578 4871 in
2613 4816 2760 4871 clero
2785 4824 2934 4881 sunt,
2968 4815 3392 4871 domesticorum
3428 4815 3598 4870 instar

2024 4912 2179 4973 lium,
2215 4908 2304 4978 qui
2338 4923 2515 4962 aerem
2553 4908 2736 4978 digitis
2768 4915 2827 4961 ut
2856 4906 3059 4977 auriga!
3087 4904 3314 4972 feriunt,
3364 4914 3418 4961 et
3446 4906 3599 4977 genis

2022 5003 2179 5056 fucos
2220 5008 2523 5071 apponunt,
2571 5008 2625 5054 et
2660 4999 2944 5055 muliebria
2994 5002 3241 5069 quaedam
3288 5013 3451 5068 opera
3499 4999 3598 5054 fin-

2020 5102 2174 5165 gunt,
2232 5100 2286 5146 et
2338 5090 2444 5144 alia
2501 5091 2799 5155 indecora,
2857 5099 2917 5145 ut
2970 5090 3374 5159 spectatoribus
3424 5091 3597 5145 risum

2022 5192 2293 5239 moveant.
2379 5179 2579 5238 Ridere
2621 5191 2807 5238 autem
2843 5191 3088 5253 agrestes
3120 5183 3243 5237 vino
3288 5183 3471 5237 infuso
3500 5183 3595 5237 do-

2021 5276 2132 5335 liis,
2186 5284 2270 5329 est
2319 5273 2524 5344 aliquid
2562 5274 2729 5328 veluti
2764 5274 3076 5329 necessario
3107 5289 3452 5346 consequens
3504 5275 3591 5338 iis,

2020 5369 2113 5435 qui
2145 5367 2199 5421 in
2229 5367 2406 5421 lacum
2448 5368 2851 5436 ingrediuntur,
2892 5367 3259 5423 vinitoribus:
3322 5367 3421 5420 nisi
3468 5368 3600 5437 quis

2017 5458 2217 5514 dixerit
2240 5459 2383 5515 hanc
2417 5458 2727 5519 Satanicam
2763 5460 3137 5533 operationem
3168 5459 3490 5525 exolevisse,
3523 5476 3603 5516 eo.

1525 5597 1717 5660 Guill.
1754 5598 2083 5677 Beveregii
2124 5606 2311 5660 notae.

424 5744 535 5807 (68)
568 5742 677 5798 Τοῦ
701 5741 1047 5807 Εὐριπίδου.
1082 5742 1181 5800 lis.
1205 5746 1676 5803 Amerbaehianus
1705 5748 1907 5804 rectius

2017 5747 2077 5810 ζίι
2106 5743 2196 5799 τοῦ
2227 5744 2549 5809 moment»;
2595 5743 2856 5808 Ἱαμὸεῖι.
