4062 6452
469 351 571 417 731
684 430 695 442 ο
1724 353 2004 414 THEOD.
2049 350 2456 412 BALSAMON
3607 347 3716 410 732

458 471 606 539 quod
635 482 876 543 agrestes
905 473 1244 543 frequentius
1271 474 1456 530 dicant
1490 475 1543 529 in
1569 489 1896 544 unaquaque
1929 473 2040 526 fere

2165 471 2238 522 ιδν
2274 470 2411 538 ἀέρα
2441 469 2550 523 τοῖς
2596 469 2876 532 δακτύὶοις
2921 467 3064 520 κατᾶ
3099 466 3347 536 ἡνιόχους
3377 465 3723 526 τυπτόντων.

459 569 741 627 nzensura,
773 562 933 634 Kyrie
965 565 1197 618 eleison.
1281 564 1410 630 Qure
1449 581 1614 634 porro
1651 565 1906 618 indecora
1940 563 2044 615 ali-

2165 563 2248 616 »ιοὶ
2298 565 2446 631 φύκη
2491 562 2611 622 ταῖς
2673 559 2892 627 γνάθοι;
2953 559 3115 627 δῆθεν
3156 555 3592 625 περιτιθεμὲνων
3626 558 3725 610 καὶ

461 657 685 720 quando
717 659 917 712 ﬁebant
949 673 978 711 a
1009 658 1262 721 notariis,
1288 659 1714 714 adolescentium
1745 658 2044 712 instructo-

2165 653 2604 726 ὅπορρινομένων
2641 652 2777 721 ἔργα
2829 650 2947 703 τινὰ
2988 651 3299 716 γυναικεῖα,
3332 649 3424 701 καὶ
3465 648 3630 717 ’ἐτερα
3663 649 3726 700 ἀ-

463 750 635 814 ribus,
664 749 717 803 in
749 760 1063 804 sanctorum
1099 752 1437 806 nctariorum
1468 751 1624 817 festo,
1656 767 1777 806 cum
1811 748 2045 805 scenicis

2165 746 2366 814 πρεπῆ,
2398 746 2484 798 ἵνα
2513 744 2649 814 πρδς
2691 744 2906 812 γέλωτα
2946 743 3072 805 τοὺς
3107 742 3407 812 βλέποντας
3434 740 3733 810 μετακινή-

457 841 707 909 personis
761 843 942 896 forum
977 844 1365 906 'obeuntibus,
1420 854 1544 897 ante
1603 844 1813 913 aliquot
1871 856 2042 897 annos

2165 857 2311 893 σωσι.
2349 839 2422 890 Th
2463 838 2519 890 δὲ
2564 837 2730 908 γελᾷν
2776 837 2900 900 τοὺς
2937 837 3175 905 ἀγρότας
3219 834 3587 905 ἐγχεομένους
3630 834 3728 889 τοῦ

456 933 836 995 exoleverunt,
879 934 1215 989 sanctissimi
1261 935 1408 988 illius
1452 935 1782 1003 patriarcha:
1831 930 2041 987 domini

2165 931 2294 984 δίνου
2329 933 2442 993 τοῖς
2468 930 2673 992 πίθοις.
2705 930 2837 982 ὡσεί
2877 947 2925 980 τι
2969 929 3357 998 παρεπόμενον
3394 927 3453 992 ἐξ
3479 927 3731 997 ἀνάγκης

461 1023 622 1079 Lucae
656 1026 894 1080 decreto.

2165 1023 2261 1074 ,στὶ
2285 1025 2395 1085 τοῖς
2420 1021 2814 1093 ληνοϐατοῦσιν
2836 1039 2849 1052 ·
2876 1023 2923 1073 εί
2953 1021 3114 1090 μήτις
3143 1020 3275 1091 εἴπῃ
3302 1021 3400 1089 τὴν
3429 1019 3734 1090 σατανικὴν

458 1121 664 1187 ταύτην
705 1121 970 1188 ἐργασίαν
1002 1121 1398 1188 καταργεῖσθαι
1429 1121 1516 1175 διὰ
1555 1121 1648 1173 τοῦ
1687 1120 1866 1187 λέγειν
1900 1117 2010 1188 (69)
2049 1117 2176 1178 τοὺς
2202 1117 2439 1185 ἀγρότας
2482 1117 2805 1185 συχνότερον
2851 1117 2934 1182 ἐφ’
3001 1116 3215 1182 ἑκάστῳ
3285 1113 3470 1185 μέτρῳ
3539 1116 3727 1183 σχεδὸν

462 1211 541 1276 τὸ,
578 1212 752 1282 Κύριε
794 1214 1037 1282 ἐλέησον.
1067 1213 1149 1266 Τὰ
1188 1215 1370 1282 μέντοι
1409 1215 1537 1266 ποτέ
1600 1215 1867 1280 γινόμενα.
1930 1210 2153 1278 ἀπρεπῆ
2218 1207 2370 1278 παρὰ
2436 1210 2546 1260 τῶν
2585 1207 2852 1277 νοταρίων
2905 1206 3403 1260 παιδοδιδασκάλων
3450 1207 3592 1258 κατά
3633 1206 3736 1272 τὴν

460 1304 655 1372 ἑορτὴν
687 1303 792 1354 τῶν
817 1304 989 1370 ἁγίων
1047 1305 1334 1370 νοταρίων,
1405 1304 1541 1372 μετὰ
1584 1302 1944 1371 προσωπείων
2008 1298 2282 1368 σκηνικῶν
2341 1298 2713 1368 διερχομένων
2759 1299 2857 1367 τὴν
2907 1299 3134 1366 ἀγορὰν,
3179 1299 3285 1368 πρὸ
3316 1295 3524 1366 χρόνων
3568 1296 3733 1348 τινῶν

460 1395 917 1464 κατηργήθησαν,
952 1396 1074 1448 καθ’
1101 1395 1328 1465 ὁρισμὸν
1357 1395 1448 1448 τοῦ
1479 1393 1787 1462 ἁγιωτάτου
1819 1392 2029 1444 ἐκείνου
2073 1386 2412 1456 πατριάρχου
2442 1387 2610 1456 κυροῦ
2641 1388 2846 1440 Λουκᾶ.

542 1485 794 1541 ZONAR.
831 1486 972 1538 Sunt
1021 1486 1263 1539 calendar
1319 1487 1478 1554 primi
1524 1486 1728 1539 mensis
1783 1483 2050 1553 cujusque

462 1581 601 1640 dies.
634 1595 774 1649 quos
811 1577 981 1630 Cneei
1031 1579 1261 1632 solemni
1306 1577 1570 1644 religione
1627 1591 1691 1629 ac
1726 1574 2049 1629 czcremonia

465 1673 532 1726 de
582 1687 732 1724 more
792 1668 1167 1721 celebrabant.
1222 1669 1351 1718 Bota
1408 1681 1626 1733 quoque
1669 1673 1722 1718 et
1770 1659 2048 1715 Brurnalia

2231 1478 2475 1531 ΖΩΝΑΡ.
2509 1477 2786 1531 Καλάνδαι
2811 1478 2952 1531 είσὶν
2970 1478 3028 1529 αἱ
3057 1479 3277 1546 πρῶται
3308 1477 3537 1530 ἑκάστου
3568 1478 3740 1548 μηνὸς

2158 1569 2388 1638 ήμέραι,
2440 1569 2498 1620 ὲν
2535 1565 2621 1632 αῖς
2667 1571 2872 1623 εἴθιστο
2917 1573 3028 1632 τοῖς
3079 1569 3310 1638 Ἕλλησι
3360 1570 3535 1623 ποιεῖν
3586 1587 3740 1634 τινας

2156 1659 2403 1721 τελετάς.
2434 1661 2544 1713 Καὶ
2585 1660 2650 1712 τὰ
2682 1660 2814 1728 βοτὰ
2845 1661 2900 1713 δὲ
2953 1662 3048 1714 καὶ
3079 1661 3147 1714 τά
3197 1661 3510 1730 βρουμάλια
3545 1662 3737 1734 Ἐλλη-

466 1765 780 1818 Grrecorum
844 1763 967 1816 festi
1030 1761 1146 1814 dies
1224 1757 1396 1812 fuere.
1453 1757 1706 1810 Bromius
1775 1754 2046 1821 siquidem

2165 1755 2306 1806 νικαὶ
2355 1749 2494 1822 ἦσαν
2546 1753 2756 1823 ἑορταί.
2808 1752 3056 1823 Βροῦμος
3091 1754 3198 1823 γὰρ
3243 1754 3497 1808 ἐπίθετον
3553 1751 3622 1826 ἦν
3658 1757 3738 1827 τῷ

469 1856 670 1910 Bacchi
736 1855 1058 1924 cpithetum.
1113 1853 1218 1906 Eos
1269 1852 1437 1917 igitur
1478 1851 1724 1918 aliosque
1777 1843 2044 1911 ejusmodi

465 1949 784 2003 Graecorum
849 1947 1018 2001 festos
1053 1946 1190 2006 dies,
1237 1961 1304 1998 ne
1354 1944 1507 1996 cultu
1563 1943 1749 2010 aliquo
1788 1937 2046 2008 prosequi

471 2042 723 2095 lidelibus
750 2041 931 2102 liceat,
965 2039 1155 2092 Patres
1187 2037 1501 2089 decrevere.
1536 2033 1793 2087 Publicas
1832 2045 2049 2100 quoque

473 2131 762 2184 mulierum
807 2129 1148 2189 saltationes,
1179 2127 1380 2196 quibus
1429 2123 1745 2191 Spectandis
1794 2121 2051 2175 videlicet

472 2223 538 2275 ad
572 2221 852 2274 libidinem
892 2220 1140 2274 homines
1185 2217 1512 2277 incitantur,
1561 2222 1671 2267 tum
1708 2227 2050 2281 quzecunque

468 2312 646 2369 Graeci
676 2314 775 2366 viri
805 2322 910 2365 aut
947 2310 1180 2372 ietninze,
1223 2308 1724 2364 commentitiorum
1753 2305 1917 2373 232
1953 2321 2050 2356 nu-

475 2407 680 2460 minum
741 2404 936 2458 htmori
998 2404 1329 2467 tribuentes,
1388 2415 1646 2470 peragere
1698 2400 1841 2453 soliti
1900 2405 2052 2460 sunt,

473 2497 724 2550 exhiberi
778 2504 987 2552 vetant.
1026 2493 1293 2548 Praeterea
1325 2493 1455 2546 viris
1526 2491 1776 2544 muliebri
1831 2497 2050 2554 ornatu,

475 2586 618 2640 virili
661 2584 901 2647 feminis,
932 2600 1054 2654 quae
1115 2582 1504 2637 bacchantium
1564 2581 1668 2636 sibi
1716 2583 2076 2633 consuetudo.

477 2677 800 2744 permiserat
821 2715 835 2739 ,
873 2675 1122 2740 quinimo
1146 2688 1510 2743 personarum
1537 2687 1774 2740 quoque,
1808 2672 2051 2734 comicze,

475 2770 720 2837 tragicae,
765 2768 1087 2839 satyricaeve
1135 2783 1236 2822 usu
1287 2767 1500 2835 penitus
1538 2765 1907 2819 interdictum.
1957 2764 2054 2816 Est

475 2876 608 2916 vero
648 2861 856 2915 comica
900 2873 1158 2928 persona,
1193 2875 1315 2929 quae
1337 2859 1402 2913 ad
1437 2859 1573 2913 alios
1606 2865 1906 2911 scommate
1934 2871 2056 2924 per-

479 2953 828 3020 stringendos
889 2953 1214 3006 assumitur.
1277 2949 1530 3018 Tragica,
1581 2966 1705 3019 qua:
1767 2951 2056 3020 perturba-

477 3046 655 3101 tiones
685 3044 850 3100 animi
899 3045 1214 3113 ac,dolores
1253 3045 1464 3100 incitat.
1516 3043 1762 3111 Satvrica
1811 3045 2052 3107 demum,

2159 1845 2418 1914 Διονύσῳ.
2449 1847 2558 1898 Καὶ
2594 1845 2763 1898 τᾶλλα
2806 1845 3028 1915 ὁμοίως,
3058 1846 3094 1900 ἃ.
3131 1848 3310 1901 πάντα
3347 1847 3621 1901 κωλύουσι
3653 1851 3742 1915 γί-

2157 1938 2344 1992 νεσθαι
2398 1940 2447 1990 οἱ
2481 1938 2727 2009 Πατέρες
2773 1940 2926 2010 παρὰ
2971 1939 3078 1992 τῶν
3118 1940 3344 1993 πιστῶν.
3387 1942 3650 2008 Εῖργουσι
3681 1943 3740 1994 δὲ

2158 2032 2252 2084 καὶ
2299 2031 2396 2092 τὰς
2425 2030 2534 2084 τῶν
2569 2030 2846 2098 γυναικῶν
2894 2031 3164 2100 δημοσίας
3215 2032 3494 2101 ὀρχήσεις,
3532 2033 3609 2096 ὡς
3658 2032 3740 2094 είς

2157 2123 2460 2184 ἀκολασίας
2494 2122 2786 2193 ἐρεθισμδν
2807 2126 2920 2186 τοῖς
2952 2123 3251 2193 θεωμένοις
3283 2125 3476 2190 αὑτὰς,
3508 2126 3601 2178 καὶ
3637 2127 3740 2180 ὅσα

2157 2217 2268 2275 τοῖς
2298 2214 2559 2282 Ἕλλησιν
2588 2213 2920 2285 ἐπράττοντο
2949 2213 3009 2280 ἐξ
3039 2215 3252 2284 ἀνδρῶν
3285 2217 3317 2286 ἣ
3351 2217 3592 2284 γυναίων
3619 2217 3742 2270 ὀνό-

2163 2323 2296 2375 ματι
2327 2306 2434 2359 τῶν
2463 2307 2836 2374 ψευδωνύμων
2887 2307 3026 2360 θεῶν
3057 2309 3263 2370 αὐτῶν,
3288 2310 3383 2360 καὶ
3427 2311 3503 2378 μὴ
3536 2312 3741 2380 κεχρῆυ

2162 2399 2286 2450 σθαι
2328 2399 2612 2450 κελεύουσι
2658 2401 2782 2460 τοὺς
2815 2399 3015 2469 ἄνδρας
3044 2402 3395 2468 γυναικείαις
3429 2403 3669 2467 στολαῖς,
3703 2405 3738 2474 ἦ

2161 2490 2260 2551 τὰς
2291 2494 2557 2556 γυναῖκας
2594 2489 2885 2560 ἀνδρῴαις,
2910 2487 3000 2543 οἷα
3030 2492 3252 2544 ἐποίουν
3286 2495 3334 2546 οἱ
3375 2493 3452 2563 τῷ
3492 2494 3742 2565 Διονύσῳ

2163 2581 2543 2650 βακχεύοντες,
2583 2582 2719 2635 ἀλλὰ
2781 2583 2916 2653 μηδὲ
2973 2588 3294 2652 προσωπεῖα
3351 2588 3578 2656 κωμικὰ
3608 2589 3742 2640 ὑπο·

2161 2673 2409 2736 δύεσθαι,
2457 2673 2844 2746 ἢτραγικὰ,ἢ
2883 2677 3174 2746 σατυρικὰ.
3226 2679 3465 2748 Κωμικὰ
3516 2681 3615 2749 μὲν
3647 2675 3742 2733 οὖν

2161 2770 2482 2840 προσωπεῖα
2532 2770 2638 2820 εἱσι
2698 2768 2767 2820 τὰ
2814 2770 2895 2829 είς
2946 2769 3260 2838 σκέ›μματά
3304 2787 3467 2823 τινων
3544 2774 3742 2842 ἐπιτη-

2159 2859 2456 2928 δευόμενα·
2496 2859 2744 2928 τραγικὰ
2804 2860 2862 2912 δὲ
2901 2859 2970 2912 τὰ
3013 2861 3297 2929 περιπαθῆ
3350 2861 3446 2914 καὶ
3503 2861 3742 2932 θρήνους

2162 2951 2526 3021 ἐμποιοῦνταο
2582 2951 2651 3004 ea:
2687 2951 2744 3004 δέ
2807 2953 3078 3022 σατυρικά
3119 2953 3225 3005 τῶν
3259 2953 3352 3004 ἐπὶ
3395 2953 3472 3022 τῷ
3501 2953 3746 3024 Διονύσῳ

2161 3043 2511 3115 τελουμένων
2537 3040 2698 3115 ἦσαν.
2737 3045 2849 3098 Καὶ
2876 3046 2924 3098 οἱ
2956 3046 3182 3116 σάτυροι
3212 3045 3342 3116 γὰρ,
3385 3047 3461 3110 ὡς
3489 3048 3548 3100 αῖ
3604 3050 3747 3103 Βάκ-

477 3156 668 3194 eorum
703 3141 795 3209 qui
826 3139 1046 3194 Baccho
1080 3139 1434 3193 initiarentur
1467 3140 1686 3208 propria
1739 3137 1861 3191 fuit.
1894 3137 2054 3208 Saty-

2165 3156 2272 3209 χαι,
2310 3139 2411 3207 τῆς
2446 3139 2572 3208 περὶ
2610 3137 2700 3190 τον
2735 3139 2992 3192 Διόνυσον
3015 3139 3335 3209 ἐμπλήκτου
3373 3139 3597 3210 χορείας
3627 3142 3748 3196 ἐλέ-

479 3247 667 3284 rornm
719 3232 1017 3299 siquidem,
1071 3232 1216 3286 sicut
1261 3240 1314 3284 et
1367 3231 1724 3295 Baccharum,
1777 3245 1808 3285 e
1855 3229 2055 3284 Bacchi

479 3323 741 3377 comitatu
774 3338 897 3378 esse
930 3322 1217 3377 dicebatur
1248 3323 1336 3376 illa
1393 3322 1594 3377 furoris
1642 3323 1856 3377 attoniti
1895 3322 2054 3391 plena

483 3415 722 3468 saltatio.
754 3415 834 3468 Ad
863 3417 974 3470 hazc
1027 3432 1204 3484 neque
1242 3415 1441 3475 Bacchi
1478 3433 1674 3469 nomen
1724 3416 1777 3470 in
1814 3416 2056 3470 torcula-

483 3504 637 3557 ribus
671 3506 871 3573 passim
907 3507 1064 3567 cieri,
1096 3520 1272 3573 neque
1325 3521 1560 3568 merum,
1593 3506 1802 3558 interea
1835 3506 1964 3559 dum
1998 3507 2056 3560 in

480 3594 643 3650 doliis
669 3597 949 3659 conditur,
983 3600 1095 3652 risu
1125 3609 1180 3652 et
1208 3598 1483 3651 cachinno
1545 3599 1798 3664 prosequi
1843 3598 2055 3652 sinunt.

485 3686 655 3742 Porro
690 3686 936 3743 Bacchus
967 3704 996 3741 a
1028 3688 1232 3744 Graecis
1273 3690 1326 3742 in
1371 3689 1598 3743 deorum
1635 3704 1863 3744 numero
1903 3689 2056 3743 habi-

485 3787 597 3839 tus,
629 3795 789 3849 quem
825 3780 1109 3834 ebrietatis
1144 3781 1430 3849 prtesidem
1478 3782 1702 3850 vinique
1747 3781 2058 3851 largitorem

487 3872 878 3939 agnoscebant.
930 3870 992 3923 Hi
1041 3879 1225 3925 tamen
1280 3887 1461 3925 mores
1514 3887 1543 3925 a
1595 3872 1838 3938 rusticis,
1874 3888 2063 3928 eormn

484 3979 604 4032 quze
639 3963 845 4017 faciunt
872 3964 1234 4031 ignoratione,
1290 3980 1434 4017 nunc
1463 3980 1684 4034 quoque
1731 3965 2061 4020 retinentur.

2165 3247 2325 3300 γοντο
2351 3226 2514 3284 εἶναι.
2538 3229 2692 3299 Μήτε
2721 3229 2830 3299 μὴν
2859 3228 2922 3284 τὸ
2941 3229 3036 3282 τοῦ
3061 3231 3322 3285 Διονύσου
3348 3231 3517 3302 ὄνομα
3543 3234 3603 3287 ἐν
3623 3236 3750 3297 ταῖς

2162 3322 2345 3393 ληνοῖς
2373 3323 2691 3392 ὀνομάζειν,
2733 3323 2874 3394 μήτε
2902 3324 3018 3386 τοῖς
3059 3323 3240 3386 πίθοις
3275 3325 3611 3394 ἐγχεομένου
3645 3326 3750 3381 τοῦ

2164 3416 2310 3468 οῖνου
2351 3415 2522 3486 γελᾷν
2555 3416 2647 3468 καὶ
2678 3413 3098 3487 ἐπικαγχάξειν.
3148 3417 3208 3468 Ὀ
3239 3415 3295 3468 δὲ
3337 3415 3592 3480 Διόνυσος
3624 3419 3752 3482 θεὸς

2167 3506 2446 3577 ἐνομίζετο
2470 3509 2585 3569 τοῖς
2619 3507 2908 3576 Ἕλλησιν,
2947 3507 3146 3577 ἔφορος
3180 3508 3291 3577 τῆς·
3311 3508 3483 3578 μέθης
3515 3511 3614 3562 καὶ
3646 3510 3750 3563 τοῦ

2168 3600 2314 3654 οἴνου
2348 3600 2537 3671 δοτὴρ.
2587 3600 2654 3651 Ἀ
2683 3599 2779 3652 καὶ
2815 3597 2911 3652 νῦν
2950 3600 3193 3666 γίνονται
3230 3600 3382 3672 παρὰ
3428 3604 3543 3665 τοῖς
3575 3604 3752 3674 ἀγρό-

2168 3708 2314 3754 ταις,
2371 3689 2446 3761 μὴ
2502 3690 2702 3744 εἰδόσιν
2749 3689 2786 3744 ἀ
2835 3688 3100 3744 ποιοῦσιν.
3145 3691 3204 3744 Ὀ
3263 3691 3322 3744 δὲ
3369 3691 3554 3746 κανὼν
3588 3687 3753 3758 οὗτος

2171 3783 2302 3845 τοὺς
2370 3782 2469 3852 μὲν
2534 3782 2869 3853 ίερωμένους
2923 3781 3312 3852 καθαιρεῖσθαι
3367 3785 3748 3854 προστάσσει,

2164 3875 2408 3930 τοιοῦτόν
2454 3895 2508 3930 τι
2563 3877 2853 3941 ποιοῦντας
2899 3879 2958 3931 ἐν
2991 3879 3224 3946 γνώσειο
3253 3879 3381 3941 τοὺς
3432 3880 3490 3931 δὲ
3519 3873 3750 3943 λαῖκοὺς

2164 3967 2553 4039 ἀφορίζεσθαι.

485 4059 686 4112 Verum
722 4058 812 4112 hic
841 4073 1040 4123 canon,
1071 4059 1212 4112 sacri
1243 4059 1456 4112 ordinis
1521 4058 1808 4124 clericum,
1876 4058 1925 4114 si
1980 4060 2253 4130 ejusmodi
2319 4061 2598 4131 quidpiam
2641 4042 2830 4117 sciens
2883 4062 3191 4128 admiserit,
3229 4062 3462 4134 deponi;
3547 4061 3747 4118 laicum

485 4168 616 4208 vero
649 4145 918 4223 segregari
954 4154 1131 4221 jubet.

488 4243 716 4300 ARIST.
756 4265 775 4296 ι
815 4245 858 4299 Α
889 4246 1126 4300 ﬁdelium
1161 4245 1284 4299 vita:
1317 4247 1528 4301 ratione
1555 4246 1878 4301 auferantur
1901 4245 2065 4310 Bota,

566 4355 584 4388 ι
625 4345 681 4390 et
709 4337 984 4402 Calenum,
1017 4345 1072 4391 et
1098 4318 1397 4396 Bruina1ia,
1425 4344 1480 4390 et
1530 4338 1583 4390 in
1625 4336 1854 4391 deorum
1890 4337 2067 4390 hono-

569 4447 588 4480 ι
631 4445 741 4484 rem
790 4430 1134 4503 saltationes,
1186 4439 1241 4482 et
1296 4427 1538 4492 comicae,
1591 4436 1645 4482 et
1692 4428 1964 4498 satyricae,
2013 4436 2146 4525 εει)

571 4539 589 4571 ι
633 4523 847 4591 tragica:
872 4535 1141 4590 personaa,
1170 4528 1222 4573 et
1250 4519 1447 4572 Bacchi
1501 4519 1555 4572 in
1590 4521 1957 4575 torcularibus
1986 4523 2070 4574 in-

571 4633 590 4665 ‹
629 4615 865 4677 Vocatio,
920 4613 1174 4680 risusque
1233 4615 1288 4665 in
1332 4613 1516 4666 doliis.
1574 4611 1680 4677 Qui
1733 4622 1914 4667 autem
1946 4622 2069 4684 post

568 4725 586 4758 ι
628 4721 892 4761 canonem
921 4704 975 4758 in
1003 4705 1088 4760 his
1121 4705 1445 4773 persistunt,
1479 4707 1704 4760 obnoxii
1735 4716 1884 4762 sunt.
1935 4727 1954 4760 ι

563 4882 792 4936 Omnem
818 4879 1183 4935 idololatriam
1219 4889 1272 4934 et
1295 4882 1589 4935 vanitatent
1615 4897 1644 4936 e
1669 4882 1904 4937 ﬁdelium
1939 4899 2070 4937 con-

492 4973 807 5028 versatione
865 4971 1051 5025 Patres
1101 4971 1375 5035 tollentes,
1434 4990 1540 5028 nou
1613 4977 1935 5044 permittunt
1983 4992 2068 5040 ea,

497 5081 624 5136 quae
678 5066 734 5119 in
781 5065 1036 5135 praesenti
1091 5081 1302 5121 canone
1347 5068 1552 5123 diserte
1606 5079 1986 5134 numerantur,
2039 5085 2066 5123 a

2172 4247 2394 4302 ΑΡΙΣΤ.
2433 4266 2454 4299 ‹
2499 4247 2908 4319 Περιαιρείσθω
2934 4251 3032 4317 τῆς
3069 4249 3180 4303 τῶν
3215 4249 3426 4302 πιστῶν
3487 4246 3620 4319 βοτὰ
3650 4263 3755 4300 πο-

2251 4358 2270 4390 ι
2316 4339 2543 4404 λιτείας,
2586 4342 2679 4393 καὶ
2725 4343 2783 4395 αἱ
2833 4341 3124 4404 καλάνδαι,
3180 4341 3274 4394 καὶ
3307 4341 3378 4394 τά
3413 4340 3750 4411 βρουμάλια,

2249 4453 2269 4487 ι
2316 4434 2412 4487 καὶ⁵
2443 4435 2503 4488 Δαἱ
2537 4435 2795 4506 ὀρχήσεις
2824 4435 2907 4498 είς
2938 4433 3116 4498 θεοὺς,
3142 4433 3238 4488 καὶ
3261 4436 3330 4486 τὰ
3360 4434 3607 4502 κωμικὰ,
3649 4434 3753 4486 καὶ

2250 4544 2268 4578 ‹
2321 4525 2611 4595 σατυρικὰ,
2661 4527 2756 4580 καὶ
2807 4527 3050 4594 τραγικά
3111 4528 3404 4596 πρόσωπα,
3461 4527 3556 4579 καὶ¹
3589 4529 3622 4593 ή
3658 4527 3756 4578 ἐπὶ

2253 4636 2272 4668 ι
2319 4617 2503 4682 ληνοῖς
2529 4616 2624 4670 τοῦ
2656 4619 2914 4671 Διονύσου
2955 4618 3268 4688 ἐπίκλησις,
3301 4618 3396 4671 καὶ
3437 4620 3466 4671 ὀ
3507 4620 3603 4670 ἐπὶ
3636 4623 3755 4681 τοῖς

2254 4727 2274 4761 ι
2319 4708 2498 4772 πίθοις
2525 4709 2721 4777 γέλως.
2779 4711 2924 4763 Οἱδέ
2953 4711 3308 4781 ἐπιμένοντες
3340 4711 3484 4781 μετὰ
3523 4711 3616 4763 τὸν
3651 4728 3759 4764 κα·-

2254 4820 2273 4852 ι
2321 4802 2468 4865 νόνα,
2498 4801 2810 4856 ὑπεύθυνοι.
2846 4821 2864 4853 ι

2247 4895 2435 4948 Πάντα
2468 4895 2542 4948 τὰ
2573 4897 2672 4965 τῇς
2708 4895 2995 4963 εἰδωλικῆς
3025 4897 3118 4948 καὶ
3152 4896 3518 4965 ματαιότητος
3551 4896 3616 4949 ἐκ
3649 4895 3757 4963 τῆς

2174 4985 2283 5038 τῶν
2334 4985 2542 5038 πιστῶν
2592 4986 2871 5049 πολιτείας
2914 4987 2963 5038 οἱ
3021 4986 3266 5055 Πατέρες
3305 4987 3755 5058 περιαιροῦντες,

2175 5077 2280 5130 οὐκ
2310 5076 2595 5146 ἀνέχονται
2643 5077 2916 5131 τελεῖσθαι
2952 5079 3106 5148 παρά
3157 5077 3266 5131 τῶν
3293 5069 3641 5148 Χριστιανῶν
3676 5079 3756 5132 τὰ

495 5159 826 5214 Chrisdanis
853 5158 1038 5227 peragi
1070 5175 1084 5212 :
1120 5160 1212 5214 sed
1257 5161 1303 5244 si
1338 5161 1445 5216 sint
1487 5162 1711 5231 quidem
1737 5161 1946 5222 clerici,
1979 5163 2059 5229 qu'

2171 5171 2230 5222 ἐν
2268 5169 2347 5238 τῷ
2378 5171 2608 5240 παρόντι
2645 5171 2832 5224 κανόνι
2887 5173 3066 5241 ῥητῶς
3108 5171 3583 5243 ἀπηριθμημέναο
3631 5171 3759 5226 ἀλλ’

497 5254 612 5306 [nec
636 5261 689 5306 et
721 5252 992 5318 ejusu‘todi
1027 5252 1258 5318 faciunt,
1289 5255 1480 5324 deponi
1531 5255 1686 5323 jubet
1727 5269 1939 5317 canon;
1987 5254 2072 5309 sin

477 5345 632 5400 'vero
661 5346 804 5411 laici,
838 5347 1137 5416 segregari.

1051 5438 1280 5495 CANON
1333 5438 1517 5494 LXIII.

505 5549 529 5586 ι
565 5531 699 5600 Qua:
755 5547 784 5586 a
830 5533 1079 5588 veritatis
1128 5533 1384 5589 hostibus
1445 5532 1584 5587 falso
1639 5534 1887 5590 conﬁctae
1944 5543 2074 5590 sunt

2173 5265 2223 5315 εἰ
2254 5264 2353 5331 μὲν
2399 5264 2652 5336 κληρικοί
2699 5266 2837 5318 εἰσιν
2877 5267 2926 5317 οἱ
2975 5264 3204 5318 τοιαῦτα
3238 5265 3545 5327 ποιοῦντες,
3578 5280 3759 5336 προσ-

2178 5353 2364 5407 τάττει
2421 5355 2839 5426 καθαιρεῖσθαι·
2892 5356 2943 5407 εἳ
2985 5355 3044 5409 δὲ
3102 5355 3306 5422 λαῖκοὶ,
3364 5354 3755 5426 ἀφορίζεσθαι.

2752 5446 2993 5500 ΚΑΝΩΝ
3042 5442 3162 5501 ΞΡ.

2183 5559 2202 5592 ι
2249 5539 2333 5594 Τὰ
2386 5539 2600 5610 ψευδῶς
2639 5539 2744 5594 ὑπὸ
2783 5539 2892 5593 τῶν
2933 5541 3030 5610 τῆς
3077 5541 3343 5611 ἀληθείας
3378 5539 3599 5612 ἐχθρῶν
3634 5539 3754 5612 (70)

1662 5624 1854 5685 Guill.
1894 5627 2222 5708 Beveregii
2259 5637 2445 5692 noue.

578 5722 686 5808 (6?)
717 5723 819 5808 Διὰ
844 5725 949 5808 τ’οᾷ
987 5724 1469 5808 ,ζᾷτειῖκῐὶεοιὶιιξ
1522 5726 1706 5782 itidem
1754 5727 1807 5782 in
1851 5744 1950 5786 ms.
2000 5730 2072 5808 Δ·

511 5794 898 5848 mcrhachiano
926 5795 1120 5864 legitur
1154 5795 1240 5850 διὰ
1277 5795 1372 5848 τοῦ
1401 5796 1606 5864 λέγεινε

2252 5732 2366 5803 (70)
2435 5734 2510 5788 Τὰ
2559 5732 2797 5802 ψευδῶς
2838 5735 2955 5789 ὑπὸ
3008 5733 3124 5788 τῶν
3185 5736 3292 5802 τῆς
3336 5735 3622 5802 ἀληθείας
3649 5735 3754 5803 ἐχ-

2185 5802 2360 5869 θίῶν.
2428 5804 2774 5859 Constantini
2837 5803 3226 5874 Harmcnopuli
3268 5808 3522 5874 .epitomc
3588 5802 3752 5872 hnj‘us
