4062 6420
503 340 606 399 735

1759 340 1860 399 Ti]
1873 341 1965 398 Ei)
1977 341 2040 397 D.
2088 339 2175 397 BA
2188 340 2381 399 LSAM
2388 340 2487 399 ON

3635 344 3740 400 736

574 452 827 506 ZUNAR.
862 451 1093 517 Quidam
1131 469 1158 507 a
1195 455 1296 505 lide
1330 455 1489 507 alieni
1538 455 1811 513 homines.
1855 463 2068 507 nostro-

2243 453 2489 506 ZQNAP.
2541 452 2677 504 ’Υπδ
2708 454 2975 519 ἀπίστων,
3012 454 3087 518 ὼς
3136 452 3305 518 ἔοικε,
3336 454 3598 507 θελόντων
3630 454 3749 507 δια-

504 561 622 597 rum
661 544 999 600 accusationi
1045 552 1099 597 et
1136 547 1485 600 contumeliis
1531 548 1751 607 intenti.
1813 547 2071 601 nonnulla

505 639 658 702 ριιιιιςι
712 636 1073 691 absurditatis
1109 647 1163 691 et
1199 638 1550 707 ineptiarum,
1599 641 1758 709 quasi
1791 655 1820 693 a
1869 651 2074 713 marty-

499 728 651 779 ribus
680 727 823 783 dicta
859 738 954 782 aut
1005 730 1200 784 effecta
1250 732 1505 797 fuissent,
1538 732 1735 787 litteris
1775 733 2068 802 consigna-

505 825 693 869 verant
724 836 737 870 :
774 830 831 871 ut
868 819 920 872 in
954 834 1019 876 eo
1046 822 1256 879 scilicet
1289 822 1410 875 lidei
1464 833 1665 879 nostra:
1699 832 2070 892 contemptus,

498 918 551 961 et
586 910 792 963 sanctis
815 926 1033 980 quoque
1062 914 1392 983 martyribus
1420 915 1717 983 ignominia
1753 917 2072 973 conciliare-

495 1012 607 1054 tur.
637 1000 833 1053 Eorum
866 1018 972 1056 non
1003 1005 1166 1057 modo
1198 1006 1432 1061 lectione
1463 1008 1756 1066 interdicit.
1786 1010 1946 1079 233
1975 1010 2068 1064 sed

495 1093 731 1150 ﬂanuuis
765 1112 984 1165 quoque
1022 1097 1228 1153 aboleri
1258 1115 1433 1154 canon
1478 1100 1650 1168 jubet.
1685 1101 1785 1167 Qui
1832 1119 1961 1157 vero
2008 1119 2069 1157 ea

499 1184 749 1252 legerint.
781 1201 842 1241 ac
883 1203 980 1253 pro
1016 1190 1162 1245 veris
1211 1193 1545 1260 acceperint,
1582 1195 1926 1248 anathemate
1968 1212 2070 1265 pn-

500 1277 730 1329 niendos
774 1294 894 1331 esse
930 1279 1195 1336 decernit.

498 1367 729 1423 ARIST.
798 1389 816 1421 1
864 1370 1249 1442 Marlyi'oiogia
1313 1376 1381 1426 ab
1436 1374 1674 1430 ethnicis
1725 1376 1957 1430 conﬁcta
2017 1378 2069 1431 in

865 1483 884 1515 1
928 1465 1156 1518 ecclesia
1189 1484 1254 1518 ne
1290 1468 1659 1534 publicentur.
1710 1486 1728 1518 ι

572 1552 958 1623 Martyrologia
995 1557 1046 1610 in
1105 1558 1307 1613 Christi
1366 1573 1663 1631 martyrum
1717 1560 2069 1631 ignominiam

498 1646 567 1699 ab
598 1646 833 1701 ethnicis
869 1651 1177 1717 conscripta
1228 1668 1330 1704 non
1360 1662 1578 1721 oportet
1627 1653 1679 1707 in
1711 1656 1961 1710 ecrlesiis
2002 1656 2076 1708 ie-

496 1753 646 1805 gore,
677 1739 771 1792 sed
811 1743 917 1808 igni
947 1740 1185 1797 tradere.
1224 1745 1278 1797 Si
1311 1746 1435 1813 quis
1469 1754 1647 1800 autem
1690 1747 2072 1816 deprehenda-

2180 543 2367 614 σύρειν
2402 544 2471 597 τὰ
2496 544 2604 596 τῶν
2637 546 2983 611 Χριστιανῶν
3026 546 3450 618 συνεγράφησάν
3492 563 3634 608 τινα,
3673 546 3749 608 ὼς

2173 634 2435 705 λεχθέντα
2489 637 2584 689 καὶ
2620 637 2941 706 πραχθέντα
2991 638 3147 709 παρὰ
3188 638 3298 692 τῶν
3335 637 3507 705 ἁγίων
3542 637 3739 706 μαρτύ.

2176 744 2309 798 ρων,
2338 728 2667 799 ἀλλόκοταῆ
2698 731 2792 782 καὶ
2843 731 3051 796 γελοῖα,
3091 732 3158 784 ἵν’
3203 730 3349 785 οὕτω
3395 727 3748 798 καταγελῷτο

2177 819 2278 887 μὲν
2313 820 2346 890 ἡ
2383 820 2572 883 πίστις
2604 822 2781 891 ήμῶν,
2811 823 3119 893 ὑϐρίζοιντο
3146 824 3203 878 δὲ
3234 825 3328 877 καὶ
3358 824 3408 874 oi
3443 823 3745 892 μάρτυρες-

2174 910 2254 964 Τὰ
2284 911 2415 977 γοῦν
2437 914 2661 965 τοιαῦτα
2692 914 2752 966 οὐ
2784 914 2946 983 μόνον
2972 914 3447 984 ἀναγινώσκεσθαι
3484 911 3686 965 κωλύει
3720 913 3749 963 6

2173 1002 2378 1067 κανὼν,
2411 1005 2548 1057 ἀλλὰ
2594 1007 2689 1060 καὶ
2736 1009 2913 1059 καίειν
2953 1008 3092 1061 αὐτὰ
3141 1009 3383 1061 ἀπαιτεῖ.
3416 1007 3476 1060 Εἰ
3520 1006 3577 1058 δέ
3602 1021 3750 1066 τινες

2172 1092 2383 1157 τούτοις
2408 1096 2647 1166 χρῶνται
2677 1097 3029 1162 πιστεύοντες
3047 1099 3123 1162 ὡς
3155 1098 3435 1168 ἀληθέσιν,
3470 1095 3749 1165 ἀναθεμα-

2170 1185 2417 1247 τίζεσθαι
2446 1187 2665 1240 κελεύει
2694 1188 2916 1251 αὐτούς.

2173 1365 2397 1421 ΑΡΙΣΤ.
2433 1384 2452 1417 1
2501 1367 2581 1420 Τὰ
2614 1367 2704 1434 ὑφ’
2741 1368 3010 1437 Ἑλλήνων
3048 1368 3483 1439 συμπλασθέντα
3514 1384 3744 1438 μαρτυ-

2497 1475 2515 1508 1
2550 1459 2766 1528 ρολόγά
2796 1458 2870 1528 μὴ
2902 1461 3336 1528 ἐκκλησιάζοιτο.
3367 1480 3386 1511 ι

2245 1547 2320 1599 υὺ
2353 1548 2434 1599 δεῖ
2461 1551 2547 1600 ἐπ’
2573 1550 2896 1619 ικκλησίαις
2923 1550 3426 1618 ἀναγινώσκεσθαι,
3467 1550 3603 1605 ἀλλὰ
3648 1552 3749 1609 καὶ

2176 1647 2313 1709 πυρὶ
2345 1641 2757 1710 παραδίδοσθαι,
2790 1643 2860 1695 τὰ
2891 1644 3029 1713 πρὸς
3053 1644 3210 1713 ὖόριν
3241 1642 3350 1696 τῶν
3376 1642 3467 1696 τοῦ
3509 1643 3746 1713 Χριστοῦ

2178 1732 2471 1802 μαρτύρων
2505 1736 2657 1803 παρὰ
2677 1735 3071 1806 τῶνἙλλήνων
3093 1738 3380 1806 γραφέντα
3410 1737 3748 1807 μαρτυρολό-

496 1835 586 1880 tur
612 1845 696 1896 ea,
729 1842 787 1885 ut
816 1848 968 1896 vera,
1006 1835 1300 1906 recipiens,
1336 1826 1682 1898 anathemate
1716 1851 2065 1914 percutiatur.

2174 1840 2285 1891 για.
2317 1825 2378 1881 Εἰ
2404 1825 2459 1876 δέ
2490 1814 2571 1887 τις
2600 1827 2823 1897 εὑρεθῇ,
2851 1827 2927 1890 ὡς
2951 1828 3124 1898 ἀληθῆ
3156 1826 3328 1880 ταῦτα
3354 1828 3742 1898 παραδεχόμεν·

1044 2015 1272 2071 (ᾺΝΟΝ
1334 2020 1514 2077 LXIV.

505 2118 526 2153 1
564 2098 718 2167 Quod
745 2119 850 2156 non
894 2115 1109 2169 oportet
1167 2108 1365 2163 lairum
1406 2115 1619 2180 publice
1655 2118 1937 2187 disputare
1987 2126 2069 2179 vel

575 2209 595 2242 ς
638 2192 858 2254 docure.
892 2196 1126 2252 docendi
1173 2203 1553 2259 auctoritatem
1587 2224 1647 2263 ex
1694 2226 1759 2265 eo
1807 2214 1908 2267 sibi
1945 2217 2068 2269 vin-

579 2303 596 2336 1
639 2286 939 2352 dicantem,
969 2290 1062 2345 sed
1095 2294 1274 2347 ordini
1304 2311 1333 2350 a
1363 2296 1593 2353 Domino
1624 2304 1823 2358 tradito
1852 2308 2068 2372 crdere.

571 2396 591 2427 1
631 2387 686 2431 et
714 2394 900 2434 aurem
933 2382 1018 2454 iis,
1049 2385 1142 2452 qui
1175 2386 1406 2443 docendi
1435 2394 1664 2459 gratiam
1712 2410 2065 2467 acceperunt.

571 2488 589 2520 1
633 2473 869 2539 aperire,
904 2484 958 2527 et
983 2475 1168 2531 divina
1202 2479 1271 2533 ab
1311 2481 1391 2535 eis
1419 2481 1627 2538 doceri.
1685 2487 1737 2541 In
1773 2506 1877 2543 una
1921 2493 2063 2545 enim

572 2579 591 2610 1
635 2560 876 2617 Ecclesia
904 2564 1120 2622 diversa
1180 2572 1429 2626 membra
1477 2574 1604 2631 fecit
1656 2577 1822 2641 Deus.
1875 2591 1931 2637 ut
1986 2594 2068 2639 est

571 2658 590 2702 t
632 2668 730 2706 vox
782 2655 1025 2723 Apostoli
1065 2676 1077 2711 :
1140 2672 1304 2729 quain
1358 2666 1724 2737 interpretans
1773 2673 2068 2744 Gregorius

570 2761 589 2793 1
633 2743 959 2816 Tlieologus,
996 2766 1119 2805 eum
1155 2754 1247 2822 qui
1284 2754 1335 2807 in
1373 2755 1439 2811 iis
1479 2767 1564 2812 est
1604 2762 1847 2819 ordinem
1880 2743 2068 2835 aperte

574 2850 591 2883 1
633 2841 1001 2903 commendat,
1032 2841 1223 2899 dicens
1264 2862 1277 2899 :
1313 2845 1466 2903 Hunc
1509 2853 1758 2908 ordinem
1818 2873 2069 2915 reverea-

573 2948 592 2982 1
637 2947 780 2992 mur.
816 2930 1035 2999 fratres.
1091 2940 1237 2995 hunc
1264 2957 1569 3003 servemus.
1621 2948 1718 3005 Hic
1748 2955 1966 3020 quidem
1996 2959 2067 3011 sit

513 3042 519 3050 ·
570 3042 589 3074 1
633 3025 818 3090 auris;
857 3027 947 3082 ille
975 3045 1102 3082 vero
1131 3032 1350 3100 lingua;
1384 3035 1471 3091 hic
1499 3050 1680 3095 autem
1712 3060 1940 3112 manus;
1976 3048 2066 3103 ille

571 3134 589 3165 1
631 3132 761 3172 vero
791 3119 997 3189 aliquid
1041 3123 1210 3178 aliud.
1264 3125 1361 3181 llic
1404 3130 1621 3197 quidem
1677 3134 1868 3191 doceat

570 3228 589 3260 1
630 3226 759 3265 vero
792 3214 987 3268 discat.
1044 3216 1105 3270 Et
1152 3220 1311 3286 paulo
1347 3232 1471 3291 post
1503 3242 1515 3277 :
1546 3224 1609 3278 Et
1656 3230 1747 3295 qui
1792 3230 1974 3295 discit,
2013 3234 2063 3287 in

575 3320 591 3351 1
635 3304 939 3368 docilitate,
975 3318 1025 3359 et
1056 3312 1145 3377 qui
1196 3315 1533 3380 suppeditat.
1589 3318 1641 3372 in
1676 3321 1976 3386 hilaritate,
2012 3336 2067 3377 et

572 3413 589 3445 1
634 3396 728 3463 qui
767 3413 922 3460 opem
960 3399 1063 3453 fert
1104 3418 1165 3455 ac
1197 3405 1604 3471 subministrat.
1657 3412 1711 3483 in
1763 3415 2063 3471 alacritate.

570 3506 587 3536 1
636 3488 714 3540 Ne
746 3491 919 3542 simus
952 3510 1140 3548 omnes
1166 3497 1372 3566 lingua,
1412 3502 1556 3569 quod
1594 3515 1679 3559 est
1718 3510 2066 3577 promptissi-

570 3600 588 3629 1
634 3597 817 3645 mum;
878 3601 942 3638 ne
1004 3602 1195 3643 omnes
1253 3594 1521 3660 apostoli;
1584 3611 1649 3647 ne
1692 3612 1885 3652 omnes
1935 3616 2065 3668 pro-

572 3690 588 3723 1
633 3674 839 3741 pheta};
902 3692 965 3731 ne
1036 3693 1230 3738 omnes
1299 3683 1741 3752 interpretemur.
1809 3690 1873 3743 Et
1948 3701 2065 3757 post

570 3785 589 3816 1
632 3771 875 3835 quaedam
906 3774 1049 3827 :Cur
1077 3783 1126 3827 te
1168 3784 1436 3843 pastorem
1465 3778 1620 3844 facis,
1652 3796 1775 3841 eum
1804 3783 1879 3835 sis
1908 3784 2067 3843 ovis?

575 3882 593 3912 1
634 3863 745 3916 Cur
786 3873 952 3931 caput
983 3864 1235 3931 eiiiceris,
1275 3884 1395 3921 rum
1438 3869 1515 3922 sis
1563 3872 1695 3938 prs?
1745 3873 1858 3925 Cur
1896 3874 2066 3943 impe-

573 3976 589 4005 1
635 3963 783 4010 rator
811 3972 933 4009 esse
960 3958 1201 4021 conaris,
1252 3974 1373 4012 cum
1419 3962 1620 4017 relatus
1659 3963 1735 4019 sis
1776 3965 1828 4019 iu
1874 3983 2068 4023 nume-

568 4067 586 4099 1
631 4065 745 4101 rum
776 4051 1045 4102 militum?
1077 4050 1137 4103 Et.
1190 4051 1317 4105 alibi
1356 4053 1507 4120 jubet
1539 4053 1847 4122 Sapientia,
1879 4056 1959 4111 Ne
1989 4059 2065 4113 sis

570 4161 588 4191 1
633 4141 784 4194 velox
834 4143 886 4195 in
938 4144 1323 4210 sermonibus;
1379 4161 1467 4207 ne,
1524 4162 1646 4201 cum
1705 4149 1781 4201 sis
1836 4165 2064 4219 pauper,

567 4251 588 4283 1
638 4250 742 4288 una
781 4249 907 4288 cum
954 4234 1124 4289 divite
1171 4238 1520 4303 extendaris;
1573 4255 1671 4295 nec
1706 4258 1922 4309 quaeras
1974 4257 2065 4295 sa-

570 4346 587 4375 1
636 4328 907 4396 pientihus
942 4344 1064 4383 esse
1104 4331 1424 4398 sapientior.
1473 4332 1527 4385 Si
1555 4334 1677 4402 quis
1709 4342 1887 4387 autem
1929 4350 2066 4403 prte-

571 4439 589 4469 1
634 4430 838 4474 sentem
915 4436 1182 4477 cauonem
1275 4421 1616 4476 labefactans
1693 4424 2066 4492 deprehensus

570 4529 588 4560 1
633 4510 814 4576 fuerit,
850 4511 1210 4582 quadraginta
1242 4512 1436 4566 diebus
1467 4525 1801 4583 segregetur.
1846 4534 1864 4567 ι

567 4601 758 4655 ιιιιε.
808 4601 1073 4668 Populum
1110 4602 1323 4655 Domini
1378 4598 1593 4668 docere,
1639 4614 1693 4657 et
1746 4606 1930 4661 divina
1968 4610 2065 4665 de-

497 4699 647 4743 creta
679 4689 1052 4757 interpretari,
1104 4689 1237 4743 solis
1266 4691 1559 4748 antistibus
1604 4708 1633 4747 a
1659 4695 1841 4751 divina
1894 4697 2069 4768 Spiri-

507 4790 596 4833 tus
649 4782 820 4849 gratia
883 4796 1204 4837 concessum
1257 4792 1360 4847 est,
1406 4795 1459 4838 et
1511 4785 1576 4839 iis
1609 4788 1810 4857 quibus
1861 4790 1928 4845 ab
1962 4792 2067 4847 illis

497 4874 824 4941 permissum
854 4883 954 4927 est.
979 4874 1049 4930 Ut
1064 4883 1147 4931 est
1169 4890 1298 4946 ergo
1325 4879 1638 4945 verisimile,
1670 4881 1890 4950 quidam
1936 4886 2063 4939 laici

497 4975 550 5018 et
593 4963 730 5018 forte
762 4967 924 5019 etiam
969 4966 1142 5031 docti,
1183 4967 1249 5023 de
1298 4970 1626 5036 quibusdam
1676 4975 2069 5030 ecclesiasticis

498 5055 838 5123 argumentis
864 5056 1080 5124 publice
1103 5057 1479 5126 disputabant,
1501 5073 1552 5113 et
1573 5064 1866 5129 quamdam
1892 5074 2071 5118 aucto-

499 5134 713 5199 ritatem
741 5147 971 5200 docendi
1010 5163 1118 5214 pne
1143 5162 1200 5201 se
1233 5148 1499 5203 ferebant.
1532 5149 1705 5202 Divini
1728 5166 1856 5219 ergo
1881 5151 2069 5205 Patres

501 5237 605 5291 hoc
676 5238 1053 5309 prohibentes,
1121 5249 1456 5305 statuerunt,
1513 5256 1580 5294 ne
1634 5240 1763 5309 quid
1832 5242 2068 5308 amplius

500 5318 773 5399 ejusmodi
820 5329 993 5390 ﬁeret.
1046 5347 1115 5385 ne
1146 5330 1402 5386 Ecclesiae
1433 5333 1568 5387 ordo
1618 5331 2067 5387 confunderetur.

502 5421 609 5476 Sed
646 5422 928 5492 quoniam,
985 5423 1186 5493 inquit,
1229 5423 1371 5481 Dens
1417 5439 1480 5479 ex
1532 5424 1763 5479 diversis
1813 5427 2072 5483 membris

504 5511 804 5567 Ecclesium
836 5512 952 5569 suis
984 5511 1211 5566 stabiliit
1240 5520 1294 5565 et
1318 5512 1585 5575 erexit,et
1603 5515 1959 5568 constitutum
1989 5522 2073 5570 est

504 5616 565 5658 ut
613 5605 737 5658 laici
786 5604 1135 5668 docerentur,
1177 5620 1281 5656 non
1327 5604 1609 5669 docerent,
1662 5605 1861 5660 debent
1892 5606 2073 5676 potius

506 5712 693 5749 aurem
750 5696 1076 5763 docentibus
1138 5697 1401 5766 pra-bere,
1454 5712 1614 5765 quam
1667 5697 1902 5768 linguam
1955 5715 2073 5751 mo-

512 5802 658 5851 vere,
692 5801 755 5841 ac
785 5785 984 5839 multos
1017 5786 1291 5843 oiiendcre
1325 5808 1335 5843 :
1373 5798 1425 5843 et
1455 5789 1831 5860 unusquisque
1857 5805 2074 5845 manere

1920 3155 1934 3191 :
1980 3141 2066 3193 ille
2094 3149 2136 3207 C

2172 1932 2281 1981 νος,
2318 1916 2823 1988 ἀναθεματιζέσθω.

2756 2012 2997 2067 ΚΑΝΩΝ
3029 2011 3145 2065 ΞΔ’.

2177 2120 2196 2154 1
2244 2102 2451 2156 Ὄτιοὺ
2488 2103 2592 2173 χρὴ
2645 2104 2884 2176 δημοσίᾳ
2917 2105 3106 2160 λαῖκὸν
3142 2106 3301 2173 λόγον
3333 2106 3560 2177 κινεῖνῆ
3599 2106 3747 2161 διδά-

2248 2213 2268 2245 1
2315 2211 2488 2259 σκειν,
2550 2196 2771 2267 ἀξίωμα
2828 2198 3013 2269 ἐαυτῷ
3061 2198 3458 2253 διδασκαλικὸν
3492 2198 3747 2251 ἐντεῦθεν

2248 2303 2267 2336 1
2313 2289 2802 2357 περιποιούμενον,
2856 2289 2975 2343 ἀλλ’
3023 2289 3201 2343 εἴκειν
3258 2294 3324 2360 τῇ
3373 2291 3746 2362 παραδοθείσῃ

2247 2395 2265 2428 1
2312 2378 2462 2446 παρὰ
2493 2378 2589 2432 τοῦ
2639 2380 2845 2450 Κυρίου
2880 2382 3055 2449 τάξει,
3110 2383 3207 2435 καὶ
3265 2383 3328 2436 τὸ
3376 2377 3469 2447 οὖς
3497 2385 3608 2446 τοῖς
3637 2384 3741 2453 τὴν

2249 2486 2267 2518 1
2314 2472 2474 2539 χάριν
2505 2470 2597 2522 τοῦ
2643 2470 3029 2527 διδασκαλικοῦ
3070 2473 3303 2528 λαϐοῦσι
3352 2474 3512 2543 λόγου
3543 2474 3747 2528 διανοί-

2245 2579 2263 2611 1
2311 2579 2448 2628 γειν,
2493 2564 2690 2616 καὶτὰ
2738 2564 2856 2618 θεῖα
2892 2568 3027 2635 παρ’
3070 2566 3256 2620 αὐτῶν
3306 2566 3739 2622 ἐκδιδάσκεσθαι.

2248 2674 2265 2706 1
2328 2658 2416 2709 ‘Ev
2462 2660 2571 2727 γὰρ
2623 2661 2689 2729 τῇ
2724 2662 2821 2730 μιᾷ
2881 2660 3152 2731 ἐκκλησίᾳ
3201 2661 3434 2737 διάφορα
3474 2662 3609 2731 μέλη
3643 2679 3743 2715 πε-

2246 2768 2265 2801 1
2313 2749 2540 2819 ποίηκεν
2584 2753 2611 2805 ὁ
2647 2752 2800 2818 Θεὸς,
2834 2752 2976 2807 κατὰ
3004 2752 3104 2823 τὴν
3144 2757 3238 2806 τοῦ
3266 2753 3596 2807 Ἀποστόλου
3631 2772 3746 2822 φω-

2248 2861 2265 2893 1
2310 2844 2431 2913 νήν.
2470 2845 2575 2895 Ἦν
2635 2846 2662 2897 6
2711 2844 2976 2913 Θεολόγος
3029 2847 3356 2915 ἑρμηνεύων
3410 2848 3743 2919 Γρηγόριος,

2246 2954 2264 2986 1
2315 2935 2503 3002 σαφῶς
2529 2937 2630 3007 τὴν
2663 2938 2721 2989 ἐν
2742 2938 2953 3001 τούτοις
2982 2939 3137 3004 τάξιν
3172 2941 3499 3010 παρίστησι,
3524 2942 3701 3007 λέγων
3725 2960 3739 2971 ·

2242 3047 2260 3079 1
2305 3028 2525 3098 Ταύτην
2564 3030 2848 3101 αἰδὼμεθα
2879 3031 2981 3101 τὴν
3027 3031 3201 3096 τάξιν,
3236 3033 3478 3101 ἀδελφοὶ,
3532 3032 3740 3101 ταύτην

2247 3139 2265 3179 1
2313 3121 2693 3191 φυλάττωμεν.
2763 3121 2823 3175 ’0
2882 3123 2982 3192 μὲν
3032 3123 3174 3179 ἔστω
3230 3142 3315 3185 τις
3403 3124 3563 3197 ἀκοὴ,
3614 3127 3642 3176 6
3679 3126 3740 3178 δὲ

2247 3232 2265 3263 ι
2311 3213 2554 3281 γλῶττα,
2575 3218 2603 3267 6
2623 3215 2677 3267 δὲ
2700 3215 2845 3284 χεὶρ,
2875 3217 2902 3268 6
2929 3214 2986 3268 δὲ
3013 3215 3141 3269 ἄλλο
3162 3232 3247 3267 τι·
3275 3218 3301 3268 ὁ
3324 3216 3379 3268 δὲ
3406 3216 3707 3268 διδασκέτω
3725 3234 3740 3245 ·

2244 3325 2263 3357 1
2311 3308 2337 3357 ὀ
2377 3306 2431 3357 δὲ
2485 3306 2853 3373 μανθανέτω·
2896 3310 2988 3358 καὶ
3051 3308 3187 3376 μετὰ
3253 3307 3502 3377 βραχέα*
3544 3308 3658 3361 Καὶ
3712 3310 3744 3359 6

2245 3416 2262 3447 1
2315 3396 2602 3466 μανθάνων
2633 3399 2691 3451 ὲν
2710 3397 3013 3468 εὐπειθείᾳ,
3050 3399 3146 3451 καὶ
3175 3401 3202 3451 6
3229 3399 3485 3469 χορηγῶν
3534 3400 3593 3451 ἐν
3625 3399 3744 3451 ἱλα-

2242 3506 2261 3541 1
2315 3489 2520 3558 ρότητι,
2556 3492 2694 3544 καὶὸ
2723 3490 3016 3560 ὑπουργῶν
3050 3493 3107 3547 ὲν
3138 3490 3421 3562 προθυμίᾳ
3445 3506 3461 3522 ⁸
3491 3491 3568 3561 μὴ
3604 3483 3747 3545 stde

2243 3598 2264 3632 1
2308 3597 2399 3642 τες
2456 3575 2606 3650 ὦμεν
2630 3583 2874 3651 γλῶσσα,
2907 3584 2970 3635 τὸ
3004 3585 3357 3652 ἑτοιμότατον
3382 3600 3397 3615 ο
3426 3583 3504 3654 μὴ
3536 3586 3749 3647 πάντες

2241 3689 2261 3724 1
2308 3672 2616 3739 ἀπόστολοι,
2670 3673 2744 3745 μὴ
2784 3674 2989 3738 πάντες
3036 3676 3335 3747 προφῆται,
3393 3676 3468 3743 μὴ
3533 3676 3744 3737 πάντες

2247 3781 2267 3816 1
2314 3765 2805 3837 διερμηνεύωμενο
2857 3768 2967 3833 καὶ,Δ
3005 3773 3144 3837 μετά
3203 3783 3360 3821 τινα’
3394 3767 3460 3820 Τί
3511 3770 3747 3821 σεαυτὸν

2259 3877 2278 3910 1
2325 3861 2500 3922 ποιεῖς
2529 3861 2787 3930 ποιμένα,
2817 3860 3089 3930 πρόϐατον
3116 3859 3190 3915 ῶν
3216 3879 3231 3925 ;
3261 3860 3325 3913 Τί
3349 3862 3474 3932 γίνῃ
3504 3862 3743 3930 κεφαλὴ,

2250 3969 2268 4001 1
2313 3952 2447 4015 ποῦς
2501 3953 2823 4023 τυγχάνων;
2893 3954 2959 4007 Τί
2999 3957 3346 4025 στρατηγεῖν
3417 3956 3740 4026 ἐπιχειρεῖς,

2242 4061 2263 4095 ι
2309 4045 2639 4114 τεταγμένος
2673 4047 2730 4098 ὲν
2756 4046 3155 4116 στρατιώταις;
3194 4046 3289 4100 καὶ
3319 4047 3551 4118 ἑτέρωθι
3591 4051 3624 4119 η
3654 4065 3747 4101 σο-

2242 4153 2262 4187 1
2313 4136 2410 4207 φία
2439 4136 2817 4191 διακελεύεται
2841 4153 2855 4169 ·
2894 4137 2984 4208 Μὴ
3012 4137 3119 4190 ῐσθι
3140 4136 3310 4208 ταχὺς
3338 4139 3396 4191 ἓν
3419 4138 3630 4206 λόγοις·
3661 4142 3745 4212 μὴ

2244 4245 2265 4282 1
2306 4230 2777 4300 συμπαρεκτείνου
2804 4231 2973 4301 πένης
3016 4229 3094 4282 ὣν
3124 4230 3386 4302 πλουσίῳ,
3421 4231 3556 4303 μηδὲ
3587 4231 3747 4302 ζήτει

2245 4340 2265 4373 1
2309 4323 2419 4377 τῶν
2448 4323 2628 4392 σοφῶν
2657 4318 2795 4376 εἶναι
2829 4323 3160 4390 σοφώτερος.
3193 4324 3253 4375 Ei
3288 4324 3345 4376 δέ
3377 4342 3458 4387 τις
3502 4325 3616 4393 ἁλῷ
3646 4324 3747 4378 τὸν

2246 4435 2265 4467 1
2308 4417 2551 4487 παρόντα
2583 4416 2978 4485 παρασαλεύων
3006 4416 3225 4479 κανόνα,
3263 4418 3354 4469 ἐπὶ
3378 4418 3591 4489 ἡμέρας
3614 4434 3750 4470 τεσ-

2244 4527 2262 4558 1
2305 4509 2611 4579 σαράκοντα
2645 4507 3005 4578 ἀφοριζέσθω.

2241 4598 2435 4652 ΒΑΛΣ.
2462 4599 2537 4651 Τὸ
2566 4599 2840 4652 διδάσκειν
2866 4599 2955 4651 τὸν
2990 4599 3082 4651 τοῦ
3103 4600 3307 4668 Κυρίου
3343 4598 3492 4662 λαὸν,
3530 4601 3622 4652 καὶ
3649 4600 3748 4668 ἐρ-

2174 4689 2428 4760 μηνεύειν
2453 4690 2523 4742 τὰ
2551 4690 2669 4743 θεῖα
2716 4690 2979 4759 δόγματα,
3023 4690 3204 4759 μόνοις
3238 4691 3395 4759 ἐδόθη
3448 4691 3599 4761 παρὰ
3639 4692 3747 4760 τῆς

2171 4782 2398 4851 χάριτος
2446 4781 2539 4834 τοῦ
2583 4780 2851 4850 παναγίου
2890 4782 3207 4853 Πνεύματος
3258 4784 3370 4844 τοῖς
3418 4780 3747 4854 ἀρχιερεῦσι

2170 4874 2267 4927 καὶ
2293 4876 2406 4935 τοῖς
2440 4873 2594 4943 παρὰ
2626 4872 2833 4927 τούτων
2888 4873 3363 4942 ὲπιτρεπομένοις.
3418 4872 3505 4933 Ὠς
3560 4872 3744 4924 ἔοικεν

2170 4961 2283 5027 οὖν,
2308 4965 2451 5027 τινὲς
2482 4963 2682 5028 λαῖκοὶ,
2714 4961 2842 5024 ίσως
2872 4964 3288 5025 πεπαιδευμένοι
3310 4960 3524 5028 σοφίαν,
3556 4961 3749 5014 διελέ-

2172 5073 2329 5123 γοντο
2356 5054 2595 5123 δημοσίᾳ
2634 5056 2759 5123 περί
2817 5070 2981 5106 τινων
3032 5054 3507 5123 ὲκκλησιαστικῶν
3541 5053 3751 5105 ὑπεθέ-

2174 5166 2335 5212 σεων,
2368 5148 2463 5201 καὶ
2490 5146 2867 5199 διδασκαλικὸν
2903 5147 3258 5216 ὑπεκρίνοντο
3294 5144 3535 5214 ἀξίωμα.
3569 5144 3749 5201 Τοῦτο

2172 5238 2611 5309 ἀπαγορεύοντες
2631 5241 2679 5291 οἱ
2710 5238 2858 5306 ἆγιοι
2889 5239 3159 5308 Πατέρες,
3182 5238 3510 5308 διωρίσαντο
3537 5238 3744 5308 μηκέτι

2172 5331 2415 5385 τοιοῦτόν
2442 5349 2495 5385 τι
2537 5332 2803 5401 γίνεσθαι,
2829 5336 2921 5384 καὶ
2956 5332 3290 5403 συγχέεσθαι.
3314 5333 3412 5404 τὴν
3436 5331 3741 5401 ἐκκλησιαο

2175 5425 2363 5495 στικὴν
2411 5424 2685 5490 εὐταξίαν.
2728 5425 2867 5477 Ἀλλ’
2901 5425 3046 5489 ἐπεὶ,
3108 5426 3294 5495 φασιν,
3345 5426 3408 5477 ἐκ
3465 5424 3744 5494 διαφόρων

2177 5516 2416 5591 μελῶνρ
2473 5517 2604 5581 Θεὸς
2651 5517 2752 5588 τὴν
2799 5517 3127 5587 Ἐκκλησίαν
3182 5516 3482 5587 ἐστερέωσὲ
3529 5533 3590 5569 τε
3646 5518 3742 5569 καὶ

2176 5608 2379 5686 ὓψωσε,
2414 5609 2510 5663 καὶ⁷
2544 5611 2593 5662 oi
2652 5610 2828 5664 λαῖκοὶ
2860 5611 3208 5665 διδάσκεσθαι
3257 5609 3588 5680 ἐτάχθησαν,
3620 5611 3741 5679 οὐχὶ

2175 5700 2470 5767 διδάσκειν,
2500 5701 2773 5769 ὀφείλουσι
2814 5705 3016 5772 μᾶλλον
3049 5704 3272 5774 ὑπέχειν
3303 5703 3362 5756 τὺ
3393 5701 3487 5765 οὒς
3514 5705 3626 5763 τοῖς
3664 5704 3739 5755 δι-

2181 5792 2469 5845 δάσκουσιν
2509 5792 2541 5862 ἤ
2574 5792 2671 5863 τὴν
2708 5794 2958 5861 γλῶτταν
2988 5795 3178 5859 κινεῖν,
3216 5792 3309 5847 καὶ
3363 5788 3738 5853 σκανδαλίζειν
