4062 6452
316 362 426 425 737

1315 361 1387 420 [Ν
1424 362 1590 425 CAN.
1633 363 1814 428 LXlV
1843 363 2054 426 CONC.
2091 365 2171 424 ΙΝ
2195 365 2521 425 'I'RULLO.

3477 371 3582 436 738

317 473 580 534 πολλάκις
606 485 618 499 ⁶
653 472 747 525 καὶ
802 471 1036 524 ἕκαστον
1081 470 1263 538 μένειν
1298 473 1357 523 ὲν
1477 473 1682 543 ἐκλήθη
1724 475 1887 539 τάξει.

2007 476 2058 527 iu
2111 491 2220 544 quo
2267 489 2492 529 vocatus
2542 483 2626 530 est
2661 474 2874 538 ordine,
2919 485 2977 529 ut
3025 476 3159 530 dicit
3213 491 3370 531 sacra
3428 475 3579 533 Scri-

315 565 465 618 κατὰ
517 566 578 617 τὸ
610 567 840 633 γράμμα
870 564 930 616 τὸ
958 563 1122 632 ἱερόν.
1141 563 1481 634 Ἐχρήσαντο
1508 558 1565 617 δὲ
1605 567 1684 628 εἰς
1706 567 1899 620 ἐπισύ-

316 671 512 707 στασιν
562 652 654 706 τοῦ
696 652 855 720 λόγου
907 651 1088 704 αὐτῶν
1131 655 1230 706 καὶ
1277 656 1571 723 γραφικοῖς
1618 655 1900 726 διαφόροις

315 748 528 817 ῥητοῖς,
557 743 937 806 ἁποστολικοῖς
976 743 1200 814 δηλαδὴ,
1245 743 1602 811 θεολογικοῖς,
1635 748 1728 799 καὶ
1772 764 1900 816 προ-

313 838 590 910 φητικοῖς.
628 835 762 898 Τοὺς
800 837 986 904 μέντοι
1036 835 1475 905 παραϐαίνοντας
1509 837 1600 889 τὸν
1652 837 1900 906 παρόντα

313 929 542 991 κανόνα,
570 929 663 981 ἐπὶ
689 927 1101 998 τεσσαράκοντα
1128 929 1364 998 ἡμέραις
1395 927 1752 998 ἀφορίζεσθαι
1775 928 1900 982 διω-

315 1023 568 1092 ρίσᾳντο.
617 1021 919 1091 Ἐρωτήσει
954 1019 1011 1074 δέ
1037 1036 1142 1086 τις,
1173 1019 1248 1082 ὼς
1280 1018 1375 1072 τοῦ
1409 1022 1635 1084 κανόνος
1662 1019 1898 1073 κωλύον-

310 1131 407 1177 τος
436 1115 676 1184 δημοσίᾳ
724 1115 1003 1166 διδάσκειν
1040 1111 1073 1183 ἦ
1111 1111 1457 1180 διαλέγεσθαι
1508 1112 1642 1176 τοὺς,
1674 1112 1897 1176 λαῖκοὺς

308 1227 380 1261 πε
392 1213 443 1279 ρὶ
469 1205 939 1278 ὲκκλησιαστικῶν
967 1206 1299 1269 ὑποθέσεων,
1323 1204 1734 1274 κωλυθήσονται
1765 1205 1895 1274 κλη-

311 1301 462 1369 ρικοὶ
516 1301 612 1353 καὶ
667 1301 894 1368 μοναχοὶ
940 1300 1258 1368 παρομοίως
1293 1299 1407 1359 τοῖς
1465 1296 1736 1368 λαῐκοίςῆ
1789 1297 1891 1365 οὓς

308 1392 505 1455 Λύσις.
557 1393 714 1444 Ἐπεὶ
757 1392 817 1444 τὸ
865 1391 1148 1444 διδάσκειν
1198 1389 1377 1458 μόνων
1435 1391 1544 1442 τῶν
1589 1391 1893 1460 ἀρχιερέων

316 1485 456 1547 ἐστὶ,
475 1483 570 1535 καὶ
585 1482 692 1535 τῶν
712 1482 1056 1550 τεταγμένων
1071 1484 1147 1538 εἰς
1163 1482 1338 1538 τοῦτο,
1363 1480 1508 1544 εἴτις
1522 1479 1580 1544 ἐξ
1601 1480 1780 1534 αὐτῶν
1796 1479 1894 1548 τὴν

307 1577 600 1645 κανονικὴν
617 1575 948 1644 παραδράμῃ
969 1579 1367 1643 παραγγελίαν,
1393 1573 1693 1636 ὑπεύθυνος
1715 1572 1890 1635 ἔσται,

305 1670 385 1730 ὡς
427 1668 549 1737 ἐμοὶ
573 1667 875 1730 ornatum
901 1667 1010 1737 γὰρ
1039 1667 1197 1719 τοῦτο
1223 1668 1317 1719 καὶ
1344 1669 1400 1718 ὲν
1445 1665 1510 1736 τῇ
1540 1662 1892 1728 κατεξετάσει

305 1760 404 1814 τοῦ
436 1759 793 1828 εύαγγελικοῦ
816 1759 1003 1830 ῥητοῦ,
1029 1759 1123 1810 τοῦ
1163 1759 1413 1825 λέγοντος
1431 1752 1527 1811 ’Ὀ
1557 1755 1758 1821 Πατήρ
1771 1774 1890 1824 μου

2006 576 2188 636 ptura.
2233 567 2312 621 Ad
2339 567 2460 636 ejus
2500 577 2702 632 autem,
2750 567 2892 636 quod
2945 570 3225 630 dixerunt.
3280 570 3580 624 confirma-

2005 660 2208 712 tionem
2263 659 2497 713 diversis
2539 657 2840 728 Scriptura:
2894 659 3056 715 dictis
3091 662 3411 730 apostolicis
3467 663 3585 716 sci-

2005 747 2153 815 licet,
2187 759 2239 803 et
2278 749 2622 816 theologicis,
2675 759 2729 803 et
2770 751 3106 819 propheticis
3160 755 3244 806 usi
3288 764 3438 806 sunt.
3477 753 3580 809 Eos

2003 849 2182 894 autem
2231 840 2324 909 qui
2377 849 2699 909 prazsenteln
2763 855 2884 895 eun.
2953 844 3454 911 transgrediuntur,
3511 846 3586 899 60

2000 928 2191 984 diebus
2231 933 2506 1001 segregari
2557 933 2867 1000 jusserunt.
2925 933 3345 1003 lnterrogarerit
3392 945 3576 990 autem

1999 1024 2298 1094 quispiam,
2329 1038 2452 1077 cum
2483 1039 2608 1077 can.
2651 1024 2943 1092 prohibeat
2972 1027 3141 1080 Iaicos
3178 1029 3241 1080 de
3293 1029 3454 1082 rebus
3485 1044 3578 1081 ec-

1998 1112 2326 1169 clesiasticis
2355 1114 2571 1183 publice
2604 1114 2802 1168 docere
2822 1117 2900 1169 vel
2923 1117 3219 1177 disserere.
3246 1134 3312 1170 an
3339 1121 3581 1175 clericus

1999 1207 2084 1288 vel
2147 1209 2450 1260 monachus
2500 1207 2881 1276 prohibebitur
2911 1211 3164 1263 similiter
3189 1226 3249 1262 ac
3303 1213 3445 1275 laici,
3506 1231 3573 1266 an

1999 1297 2150 1351 non?
2181 1296 2418 1352 Solutio.
2450 1298 2720 1363 QuOuiain
2769 1301 2966 1354 docere
3009 1303 3253 1356 solorum
3305 1313 3389 1356 est
3429 1305 3575 1356 auti-

1995 1392 2208 1454 stitum,
2239 1401 2289 1444 et
2317 1405 2507 1444 eorum
2539 1391 2633 1460 qui
2658 1393 2722 1445 ad
2759 1395 2861 1445 hoc
2889 1401 3018 1446 sunt
3043 1394 3310 1457 ordinati,
3359 1397 3402 1449 si
3449 1399 3581 1464 quis

1995 1497 2062 1536 ex
2088 1481 2167 1536 eis
2198 1482 2524 1536 canonicum
2555 1493 2890 1552 praeceptum
2941 1491 3326 1552 transsressus
3383 1487 3577 1550 fuerit,

1995 1573 2064 1638 is,
2102 1583 2159 1625 ut
2193 1575 2322 1626 mihi
2380 1573 2619 1638 videtur,
2667 1589 2883 1629 canone
2931 1578 3227 1631 tenebitur.
3280 1579 3572 1648 Propterea

1992 1666 2136 1718 enim
2168 1674 2222 1720 et
2257 1667 2559 1733 evangelici
2600 1666 2732 1721 dicti
2773 1670 3371 1740 examinatiooe.qu0d
3397 1673 3573 1737 dicit;

1997 1755 2158 1810 Pater
2188 1773 2330 1809 mens
2367 1757 2540 1825 major
2569 1774 2648 1811 me
2679 1757 2844 1822 est”,
2877 1763 3032 1812 illiilli
3075 1765 3324 1815 monachi
3367 1775 3419 1816 et
3460 1766 3573 1816 cle-

305 1850 521 1918 μειζων
545 1851 662 1918 μού
702 1849 859 1914 ἐστι,
891 1849 1081 1902 πολλοὶ
1123 1849 1345 1918 μοναχοὶ
1371 1849 1469 1901 καὶ
1501 1848 1775 1932 κληρικοὶ,
1804 1848 1887 1900 ὅτι

1995 1851 2114 1914 rici,
2148 1850 2406 1918 quoniam
2435 1852 2502 1904 de
2525 1865 2590 1906 eo
2615 1855 2965 1908 contentiose
3025 1855 3108 1906 vel
3136 1854 3299 1908 locuti
3327 1856 3566 1922 fuerant,

307 1946 442 2010 περὶ
473 1942 664 1994 τούτου
717 1941 1075 2003 ἀντιθετικῶς
1138 1941 1170 2011 ἢ
1226 1941 1496 2010 ἐλάλησαν
1547 1939 1883 2008 ῆέγραύαν,

307 2035 704 2102 ἐκολάσθησαν.
761 2033 958 2096 Καλῶς
1011 2032 1070 2086 δὲ
1132 2033 1439 2103 προσετέθη
1501 2031 1563 2084 τὸ
1619 2031 1878 2102 δημοσίᾳ.

319 2127 476 2180 Ἐπεί
533 2128 682 2196 τοίγε
740 2126 860 2180 κατ’
925 2126 1062 2180 ἰδίαν
1112 2125 1469 2194 ἐρωτώμενος
1545 2139 1626 2184 τις
1660 2121 1884 2184 συνετὸς

306 2219 435 2289 περί
493 2237 641 2282 τινος
702 2219 1043 2289 δογματικῆς
1102 2214 1499 2286 ὑποθέσεως,ῆ
1555 2215 1683 2282 περὶ
1717 2213 1885 2283 ἄλλης

305 2311 661 2381 ψυιωφελοῦς
694 2311 896 2375 αἰτίας,
923 2313 987 2363 ού
1011 2308 1388 2378 κωλυθήσεται
1419 2306 1481 2359 τὸ
1512 2306 1704 2359 δοκοῦν
1733 2301 1883 2376 αὐτῷ

306 2403 724 2474 ἀποκρίνεσθαι.
761 2405 870 2456 Καὶ
906 2402 968 2455 τὸ
998 2403 1040 2455 δ’
1099 2406 1208 2471 γὰρ
1245 2400 1440 2469 κεφὰλ.
1477 2399 1572 2452 τοῦ
1606 2399 1656 2452 α’
1702 2399 1882 2452 τίτλου

305 2499 398 2552 τοῦ
454 2505 500 2551 α’
554 2499 758 2569 βιϐλίου
807 2497 918 2550 τῶν
973 2496 1276 2549 Βασιλικών
1335 2493 1469 2565 φησί
1516 2508 1530 2524 ⁶
1594 2493 1798 2562 Μηδεὶς
1850 2491 1884 2562 ἢ

307 2593 632 2663 κλτλρικὸςῆ
675 2592 906 2661 μοναχδς
940 2591 1399 2657 στρατευόμενος,
1455 2588 1489 2657 ἢ
1545 2585 1698 2648 ἄλλος
1735 2587 1878 2638 οἷοσ-

309 2689 505 2756 δήποτε
546 2684 758 2753 πληθὺν
806 2684 1057 2750 συνάγων
1089 2683 1324 2752 δημοσίᾳ
1349 2680 1475 2751 περὶ
1509 2679 1612 2748 τῆς
1650 2680 1886 2740 πίστεως

309 2778 658 2844 διαλεγέσθω.
701 2771 981 2847 ’Υδρίζειν
1021 2778 1128 2846 rip
1179 2775 1326 2826 δοκεῖ
1356 2776 1454 2842 τὴν
1483 2773 1540 2824 ὲν
1577 2769 1880 2839 Χαλκηδόνι

309 2871 547 2933 σύνοδον,
586 2870 684 2940 τὴν
708 2870 934 2931 δεόντως
963 2871 1139 2921 πάντα
1165 2866 1609 2927 διατυπώσασαν,
1642 2864 1763 2933 ἥτις
1791 2863 1884 2914 καὶ

309 2966 417 3024 τοῖς
446 2965 746 3032 αἱρετικοίς
781 2963 914 3014 πᾶσι
954 2961 1141 3013 δίδωσι
1182 2959 1476 3023 γινώσκειν
1507 2956 1576 3008 τὰ
1615 2958 1879 3025 ἡμέτερα.

308 3055 469 3106 Ὥστε
502 3053 615 3118 οὖν,
651 3055 701 3106 εἰ
737 3053 836 3121 μὲν
869 3050 1126 3122 κληρικδς
1183 3049 1272 3118 εἴη
1301 3050 1328 3100 ό
1354 3048 1527 3101 ταῦτα
1562 3046 1750 3111 ποιῶν,
1784 3043 1879 3096 τοῦ

309 3147 563 3215 συλλόγου
597 3146 707 3200 τῶν
735 3146 1016 3214 κληρικῶν
1053 3145 1389 3203 ἐκπεσεῖται,
1420 3141 1469 3192 εί
1499 3140 1555 3192 δὲ
1588 3139 1884 3210 στρατευό-
1915 3199 1930 3215 λ

1989 1941 2071 1994 vel
2108 1944 2468 2010 scripserant,
2496 1945 2671 2013 puniti
2698 1954 2849 1998 sunt.
2880 1943 3046 2000 Recte
3073 1956 3253 2001 autem
3291 1949 3565 2017 adjectum

1987 2045 2070 2087 est
2122 2035 2273 2098 illud,
2324 2035 2558 2103 publice.
2611 2037 2664 2090 Si
2718 2039 2841 2104 quis
2894 2041 3041 2092 enim
3107 2041 3416 2110 intelligens
3455 2044 3566 2112 pri-

1987 2127 2156 2182 vatim
2195 2128 2263 2182 de
2297 2129 2481 2199 aliqua
2537 2131 2744 2184 decreti
2799 2134 3050 2197 materia,
3113 2135 3196 2188 vel
3250 2133 3318 2188 de
3363 2135 3464 2188 alia
3497 2136 3570 2190 ad

1987 2221 2183 2273 animae
2240 2220 2529 2273 utilitatem
2590 2225 2896 2289 pertinente
2936 2237 3125 2285 causa,
3169 2223 3561 2294 interrogetur,

1988 2324 2095 2362 non
2125 2311 2500 2377 prohibebitur
2534 2312 2584 2365 id
2629 2315 2773 2380 quod
2809 2315 2909 2367 sibi
2965 2317 3178 2368 videtur
3210 2319 3568 2386 respondere.

1986 2404 2021 2458 4
2062 2405 2204 2457 enim
2231 2420 2356 2474 cap.
2392 2405 2414 2457 1
2485 2407 2569 2459 tit.
2606 2405 2772 2477 234,
2803 2407 2961 2475 primi
3000 2407 3095 2461 lib.
3142 2409 3358 2463 Ilasilic.
3407 2409 3561 2472 dicit,

1987 2494 2159 2551 Nemo
2207 2501 2288 2552 vel
2349 2499 2604 2563 clericus,
2653 2500 2735 2552 vel
2795 2502 3100 2554 uiouachus
3162 2501 3426 2565 militans,
3479 2503 3566 2556 vel

1988 2591 2304 2659 quicunque
2358 2590 2404 2644 is
2437 2590 2508 2643 sit
2545 2591 2684 2643 alius
2711 2590 2713 2592 ’
2741 2607 2940 2660 cogens
2986 2593 3413 2658 multitudinem,
3463 2609 3568 2662 pu-v

1988 2682 2126 2736 bhce
2162 2683 2232 2735 de
2261 2683 2366 2735 title
2399 2682 2656 2736 diSSernt.
2694 2682 2922 2736 Videtur
2968 2686 3116 2737 enim
3171 2685 3427 2753 injuriam
3484 2686 3564 2738 fa-

1985 2787 2108 2828 cere
2161 2773 2489 2829 Chalcedon.
2543 2792 2663 2846 syn.
2707 2793 2827 2844 «pne
2887 2782 3072 2830 omnia
3133 2787 3257 2842 apte
3307 2777 3563 2840 deﬁniit;

1987 2880 2107 2934 qua:
2134 2869 2294 2920 etiam
2329 2867 2422 2920 dat
2476 2867 2730 2921 omnibus
2787 2869 3058 2921 haereticis
3121 2877 3307 2921 nostra
3360 2883 3563 2937 cogno-

1984 2958 2210 3010 scenda.
2267 2957 2537 3022 Quocirca
2593 2961 2634 3012 si
2702 2959 2748 3012 is
2814 2959 3060 3028 quidem,
3100 2960 3192 3027 qui
3251 2959 3366 3012 haec
3412 2959 3565 3022 facit,

1987 3049 2150 3104 fuerit
2184 3052 2438 3115 clericus,
2469 3069 2496 3103 ιι
2521 3051 2848 3104 clericm'nm
2885 3036 3156 3106 conveu'tu
3192 3052 3410 3105 excidet
3456 3069 3470 3104 :
3515 3053 3567 3106 si

1985 3153 2164 3197 autem
2203 3145 2380 3211 miles,
2418 3162 2445 3197 ει
2486 3144 2702 3198 militia.
2757 3143 2972 3214 Reliqui
3011 3154 3216 3208 autem,
3267 3153 3433 3214 prout
3467 3160 3564 3198 cu-

311 3255 490 3308 μενος,
533 3239 633 3305 τῆς
681 3237 990 3306 στρατείας.
1028 3237 1092 3290 υἱ
1133 3235 1190 3288 δὲ
1221 3234 1394 3286 λοιποὶ
1425 3233 1566 3286 κατὰ
1600 3234 1700 3303 τὴν
1745 3232 1879 3286 ἰδίαν

1990 3237 2182 3308 iusque
2218 3239 2380 3292 fuerit
2409 3239 2671 3304 conditio,
2718 3240 3036 3310 punientur.

308 3332 474 3402 τύχην
498 3328 975 3401 τιμωρείσθωσαν.

378 3444 624 3498 ΖΩΝΛΡ.
658 3444 928 3506 Ἕκαστος
977 3443 1034 3496 ὲν
1158 3439 1364 3511 ἐκλήθη
1399 3439 1572 3504 τάξει,
1619 3440 1676 3491 ὲν
1709 3438 1884 3510 ταύτῃ

313 3538 538 3607 μενέτω,
581 3538 746 3606 φησιν
779 3538 809 3605 ἡ
836 3536 956 3588 θεία
993 3536 1208 3605 Γραφῇ.
1243 3535 1412 3586 Τοῦτο
1443 3533 1500 3586 δὲ
1525 3531 1618 3585 καὶ
1647 3533 1675 3584 ό
1704 3530 1881 3584 κανὼν

309 3627 463 3694 οὗτος
498 3629 802 3698 νομοθετεῖ,
853 3629 946 3681 καὶ
995 3627 1185 3680 λαῖκὺν
1231 3625 1468 3696 δημοσίᾳ
1535 3623 1882 3692 διαλέγεσθαι

311 3725 438 3795 περὶ
460 3724 721 3786 πίστεως,
750 3722 783 3792 ἢ
812 3721 1088 3774 διδάσκειν
1116 3719 1190 3782 ὡς
1217 3717 1562 3777 διδάσκαλον,
1599 3717 1659 3769 ού
1690 3715 1882 3784 βούλε-

308 3837 422 3883 ται,
450 3819 564 3871 ἀλλ’
595 3817 817 3886 ὑπέχειν
840 3815 901 3867 τὸ
931 3813 1023 3876 οὓς
1049 3814 1160 3874 τοῖς
1187 3812 1467 3881 ταχθεῖσιν
1497 3811 1586 3880 είς
1621 3809 1679 3862 τὸ
1700 3807 1884 3860 διδάσ-

312 3929 448 3965 κειν.
478 3912 572 3963 ’Ἐν
603 3910 710 3979 γάρ
730 3913 846 3962 ἐστι
872 3907 1032 3975 σῶμα
1057 3909 1090 3975 ὴ
1130 3904 1448 3972 Ἐκκλησία,
1477 3903 1580 3955 ὑπὸ
1608 3902 1884 3969 διαφόρων

312 4004 368 4055 δὲ
403 4020 466 4053 συ
476 3999 824 4071 μπλτιροῦται
845 3997 1046 4068 μελῶν,
1073 3994 1216 4048 κατὰ
1238 3994 1328 4047 τὸν
1355 3995 1500 4046 θεῖον
1541 3991 1881 4045 Ἀπόστολον.

315 4089 447 4148 Εἶτα
480 4091 573 4145 τοῦ
609 4091 872 4158 Θεολόγου
920 4092 1117 4156 ἐπάγει
1170 4085 1334 4157 ῥητὰ,
1373 4083 1781 4157 ὲρμηνεύοντος
1813 4081 1884 4136 τὰ

308 4189 647 4244 ἁποστολικὰ
678 4189 744 4258 ρή
755 4203 922 4256 ματα,
969 4183 1064 4237 καὶ
1092 4181 1432 4251 προσεπάγει
1466 4178 1532 4232 τὰ
1555 4177 1657 4247 τῆς
1685 4176 1884 4246 Σοφίας

308 4283 577 4352 λεγούσης
600 4299 614 4312 ·
648 4275 741 4352 Μὴ
778 4279 888 4333 [σοι
930 4276 1102 4346 ταχὺς
1132 4275 1190 4325 ὲν
1220 4271 1427 4341 λόγοις,
1466 4271 1562 4324 καὶ
1593 4271 1663 4322 τὰ
1693 4267 1880 4322 λοιπά.

310 4375 448 4437 Τοὺς
477 4373 531 4427 δὲ
563 4369 1003 4442 παραϐαίνοντας
1025 4366 1116 4420 τὸν
1148 4364 1372 4428 κανόνα,
1399 4364 1492 4417 ἐπὶ
1521 4362 1735 4433 ἡμέρας
1756 4378 1883 4414 τεσ-

312 4466 627 4535 σαράκοντα
660 4464 934 4533 ἀφορίζει.
980 4459 1106 4530 uti;
1163 4456 1220 4510 δέ
1269 4473 1353 4519 τις
1387 4453 1766 4525 ἐρωτώμενος,
1820 4452 1879 4505 ού

2054 3441 2307 3497 ZONAR.
2344 3442 2603 3496 Ordinem
2630 3443 2698 3497 ab
2731 3459 3080 3512 unoquoque,
3118 3443 3171 3495 in
3198 3458 3360 3511 quem
3398 3425 3563 3496 voca-

1987 3542 2078 3598 tus
2107 3545 2219 3599 est,
2253 3517 2621 3597 retinendum,
2679 3534 2861 3586 divino
2911 3533 3140 3587 et‘aculo
3177 3517 3559 3587 admonemur.

1983 3627 2126 3682 Idem
2168 3628 2258 3681 hic
2288 3643 2504 3698 quoque
2543 3641 2721 3681 canon
2772 3626 3033 3696 praecipit,
3088 3611 3399 3694 laicuinque
3451 3619 3569 3679 Ιιο-⁴

1983 3721 2211 3785 minem,
2244 3735 2418 3788 neque
2469 3719 2682 3788 publice
2734 3721 3162 3787 diSputationeui
3216 3718 3280 3771 de
3315 3718 3420 3771 [ide
3472 3718 3563 3771 in-

1985 3812 2233 3875 stituere,
2298 3826 2477 3880 neque
2538 3809 2767 3864 docendi
2838 3810 2944 3864 sibi
3013 3827 3211 3864 munus
3272 3827 3563 3881 usurpare,

1986 3917 2170 3958 verum
2205 3903 2407 3972 quibus
2437 3917 2500 3957 ea
2537 3902 2773 3956 docendi
2802 3917 2936 3956 cura
2983 3902 3310 3956 demandata
3349 3914 3430 3958 est
3483 3905 3560 3958 si-

1985 3996 2153 4051 lentio
2209 4003 2445 4049 attentas
2481 4010 2645 4048 aures
2679 3993 2920 4062 prmbere
2963 3995 3141 4063 jubet.
3197 3994 3427 4050 Unicum
3479 4007 3563 4049 est

1983 4085 2442 4155 enimnlﬂcclesiae
2497 4100 2722 4152 corpus,
2777 4083 2922 4152 quod
2955 4100 3017 4137 ex
3057 4084 3243 4136 multis
3295 4085 3566 4138 membris

1983 4178 2288 4248 perficitur,
2364 4186 2424 4230 ut
2477 4177 2696 4231 divinus
2753 4177 3047 4245 Apostolus
3108 4176 3289 4230 docet.
3356 4178 3565 4231 Deinde

1985 4269 2243 4339 Theologi
2279 4268 2468 4335 verba,
2495 4269 2601 4322 hoc
2624 4271 2868 4338 Apostoli
2892 4270 3098 4322 dictum
3128 4270 3563 4338 interpretantis,

1984 4363 2274 4418 subnectit.
2310 4357 2448 4416 Tum
2479 4364 2564 4416 illa
2606 4379 2823 4430 quoque
2851 4362 3146 4432 Sapientiae
3197 4363 3442 4431 subjicit,
3481 4364 3561 4416 Ne

1986 4457 2062 4512 sis
2111 4459 2267 4511 velox
2310 4458 2362 4508 iu
2399 4455 2767 4524 loquendo",
2819 4467 2874 4510 ct
2903 4470 3025 4525 quae
3076 4468 3401 4526 sequuntur.
3455 4455 3564 4521 Qui

311 4558 688 4625 κωλυθήσεται
733 4551 1131 4624 ἀποκρίνεσθαι
1171 4549 1266 4603 καὶ
1311 4547 1587 4602 διδάσκειν
1623 4548 1716 4600 τὸν
1747 4547 1887 4616 ὲρω-

1993 4564 2119 4602 vero
2178 4550 2376 4602 canoni
2434 4563 2543 4602 non
2608 4544 3130 4615 obtemperaverunt,
3203 4546 3564 4613 quadraginta

309 4649 513 4702 τῶντα.

311 4757 488 4798 tamen
525 4744 650 4812 quis
677 4739 1031 4810 interroganti
1064 4738 1414 4810 respondere,
1467 4750 1531 4792 ac
1581 4737 1877 4808 propositae
1915 4735 1985 4790 ab
2016 4754 2081 4791 eo
2119 4734 2407 4807 quaestioni
2447 4731 2696 4788 docendo
2741 4731 3086 4796 satisfacere,

312 4842 491 4894 behitu
501 4855 544 4893 r.

312 4953 535 5008 ΑΡΙΣΤ.
594 4969 617 5002 ι
662 4949 862 5012 Δαῖκὸς
926 4945 1004 5018 μὴ
1058 4945 1337 4998 διδάσκοι·
1393 4945 1468 5016 μὴ
1519 4948 1631 5017 γὰρ
1687 4946 1887 5007 πάντες

537 5067 556 5099 ι
603 5044 904 5114 προφῆται,
953 5041 1029 5110 μὴ
1057 5038 1257 5101 πάντες
1293 5037 1608 5093 ἀπόστολοι.
1652 5057 1671 5088 ι

384 5166 655 5224 Ἕκαστος
689 5159 896 5230 ὀφείλει
925 5158 1025 5228 τὴν
1084 5152 1282 5207 ἑαυτοῦ
1326 5153 1480 5218 τάξιν
1514 5154 1740 5215 εἰδέναι,
1792 5155 1886 5206 καὶ

316 5257 398 5328 μὴ
425 5255 659 5324 ποιμένα
693 5252 886 5305 ἑαυτὸν
915 5249 1113 5309 ποιεῖν,
1141 5245 1411 5314 πρόϐατον
1445 5243 1540 5309 ὢν,
1577 5245 1614 5315 ἦ
1644 5244 1885 5314 κεταλὴν

315 5346 579 5416 καθιστᾷν
615 5343 750 5404 ποῦς
795 5342 1080 5410 τυγχάνων
1106 5356 1124 5369 ο
1156 5336 1268 5390 ἀλλ’
1303 5335 1559 5388 ὑπείκειν
1599 5337 1665 5405 τῇ
1698 5351 1880 5399 παρα-

310 5440 532 5510 δοθείσῃ
561 5435 714 5506 παρὰ
755 5437 848 5486 τοῦ
891 5433 1098 5504 Κυρίου
1129 5429 1306 5495 τάξει,
1339 5429 1434 5480 καὶ
1461 5427 1520 5479 τὸ
1551 5424 1644 5490 οὖς
1683 5427 1881 5479 διανοί-

312 5549 431 5600 γειν
463 5534 573 5592 τοῖς
612 5529 711 5599 τὴν
743 5528 903 5598 χάριν
951 5525 1043 5578 τοῦ
1071 5521 1458 5577 διδασκαλικοῦ
1502 5521 1660 5587 λόγου
1690 5519 1884 5572 λαϐοῦ-

322 5642 429 5680 σιν.
455 5625 532 5676 Ού
559 5623 668 5692 γάρ
699 5622 905 5681 πάντες
934 5621 1233 5688 προφῆται,
1266 5617 1386 5668 οὐδὲ
1417 5616 1616 5676 πάντες
1639 5614 1878 5666 ’ἀπόστο-

287 5837 298 5856 ⁴
391 5835 436 5867 “
467 5833 623 5887 Joan.
651 5847 763 5896 inv,
802 5828 893 5882 28.
970 5827 1014 5858 ⁸⁵
1042 5825 1216 5881 Eccle.
1249 5838 1347 5887 vn,
1386 5819 1474 5872 10.

1993 4643 2200 4694 dierqu
2272 4639 2648 4709 segregatione
2728 4638 2946 4690 multari
3027 4637 3221 4706 placet.
3304 4637 3565 4688 Privatim

3181 4749 3292 4785 mm
3377 4735 3565 4801 probi-

1987 4940 2216 4996 ARIST.
2251 4959 2268 4992 ι
2301 4916 2511 4994 Ἰιιιὶουε
2565 4953 2636 4992 nc
2688 4936 2881 4991 doceat
2939 4952 2956 4987 :
3017 4947 3124 4987 non
3169 4933 3314 4986 enim
3373 4947 3569 4987 omnes

2208 5052 2225 5084 ι
2272 5033 2592 5103 prophetae;
2647 5047 2756 5084 non
2795 5043 2987 5084 omnes
3025 5025 3282 5095 apostoli.
3322 5042 3342 5075 ι

2058 5149 2448 5218 Unusquisque
2490 5147 2650 5201 debet
2699 5161 2857 5200 suum
2906 5157 3239 5213 cognoscere
3285 5143 3566 5208 ordinem,

1989 5256 2043 5304 et
2076 5261 2183 5299 non
2216 5261 2275 5298 se
2305 5255 2576 5312 pastorem
2609 5241 2810 5305 facere,
2843 5234 3066 5293 cum'sit
3093 5235 3233 5298 ovis,
3269 5236 3350 5289 vel
3394 5249 3560 5307 caput

1989 5355 2048 5392 se
2080 5336 2316 5398 edicere,
2346 5348 2468 5386 cum
2499 5331 2568 5388 sit
2605 5347 2700 5401 pes
2737 5348 2750 5383 :
2787 5331 2880 5384 sed
2911 5332 3108 5384 ordine
3134 5345 3163 5384 a
3196 5329 3427 5388 Domino
3453 5337 3563 5380 tra-

1993 5429 2106 5484 dito
2132 5433 2450 5480 contentum
2483 5439 2628 5488 esse,
2658 5431 2715 5476 et
2745 5437 2930 5476 aurem
2981 5423 3045 5475 iis
3072 5421 3286 5492 aperire
3329 5420 3423 5488 qui
3457 5420 3556 5472 dov

1992 5520 2147 5575 cendi
2177 5520 2406 5588 gratiam
2455 5525 2811 5586 acceperunt.
2843 5512 3047 5569 Omnes
3078 5515 3224 5567 enim
3274 5525 3378 5565 non
3429 5519 3559 5564 sum

1998 5613 2293 5683 prophetae,
2350 5625 2452 5663 nec
2495 5623 2686 5663 omnes
2744 5605 2997 5678 apostoli.
3059 5605 3402 5674 Quapropter
3431 5602 3558 5657 laici
