4062 6446
355 357 452 420 id!

1371 359 1450 418 IN
1493 360 1658 419 CAN.
1727 359 1874 418 LXV
1913 356 2125 417 CONC.
2169 357 2246 414 ΙΝ
2286 355 2615 416 TBULID.

3492 355 3597 414 742

349 476 378 541 ἢ
440 474 692 544 πτήσεως
745 474 972 539 οἰωνῶν,
1032 475 1316 529 τουτέστιν
1370 475 1579 544 ἀγρίων
1632 472 1919 543 πτερωτῶπ.

2033 473 2243 538 gnitio,
2289 471 2432 525 unde
2482 484 2535 525 et
2591 470 2842 539 auspices
2875 485 2970 523 seu
3024 469 3205 521 avium
3254 469 3595 538 inspectores

347 567 525 631 ζώων,
553 567 686 639 περὶ
709 560 782 620 ὧν
811 567 1051 638 αίρεῖταί
1075 585 1160 631 τις
1193 566 1432 636 μάθησις
1458 581 1471 594 ·
1509 565 1568 631 ἐξ
1594 562 1654 620 οἶ)
1679 567 1775 620 καὶ
1798 567 1925 619 οἰω-

347 657 606 710 νοσκόποι
641 657 912 724 λέγονται.
955 659 1422 730 Ἐγγαστρίμυθοι
1462 660 1518 712 δέ
1553 660 1648 713 καὶ
1676 659 1920 727 γνῶσται

345 751 598 816 λέγονται
661 751 864 813 πάντες
906 752 954 804 οί
1017 751 1326 815 σατανικῶς
1377 751 1789 815 ἐνθουσιῶντες,
1827 753 1922 804 καὶ

349 839 704 910 προλέγοντες
747 838 910 908 δῆθεν
936 840 1002 893 τὰ
1043 840 1332 908 ἄγνωστα⁵
1366 839 1439 904 ὡς
1475 842 1526 894 oi
1573 843 1838 910 κριτρίαι,
1872 842 1921 893 οἱ

348 933 659 1000 ἁθίγγανοι,
698 931 1248 1002 οίψευδοπροφῆται,
1279 935 1568 1005 ἐρημῖται,
1597 935 1691 987 καὶ
1720 933 1919 1004 ἕτεροι.

348 1022 536 1076 Ταῦτα
574 1021 669 1075 τοῦ
701 1026 922 1087 κανόνος
962 1024 1361 1096 διοριζομένου,
1388 1027 1422 1096 ή
1459 1026 1557 1093 μέν
1593 1027 1690 1096 τῆς
1719 1043 1924 1094 νουμη-

346 1118 465 1181 via;
491 1119 656 1188 ἑορτὴ
689 1119 792 1188 πρὸ
811 1120 1240 1190 ἀμνημονεύτων
1274 1122 1482 1193 χρόνων
1503 1122 1786 1192 ἐσχόλασε,
1825 1122 1922 1174 καὶ

346 1211 465 1264 ἀντὶ
493 1213 699 1280 ταύτης
727 1211 864 1264 Θεοῦ
894 1213 1076 1283 χάριτι
1108 1213 1411 1285 ἱλαστήριοι
1442 1214 1599 1284 εὐχαὶ
1624 1215 1760 1284 πρὸς
1788 1213 1920 1267 Θεὸν

345 1303 441 1356 καὶ
472 1304 741 1374 ἀγιασμοὶ
769 1305 855 1358 ἐπ’
904 1307 1206 1377 ἐκκλησίας
1232 1307 1383 1375 παρὰ
1415 1306 1511 1358 τοῦ
1545 1305 1740 1359 πιστοῦ
1787 1306 1918 1359 λαοῦ

345 1393 586 1461 γίνονται
618 1393 745 1446 καθ’
773 1395 1013 1465 ἑκάστην
1041 1393 1402 1466 άρχιμηνίαν,
1433 1395 1527 1446 καὶ
1554 1393 1744 1447 ὕδασιν
1767 1393 1922 1445 εὐλο-

343 1485 493 1552 γίας,
515 1475 620 1538 οὐκ
638 1484 979 1554 ἀντιλογίας,
1010 1486 1299 1556 χριόμεθα.
1330 1485 1397 1538 Ἦ
1427 1485 1482 1538 δὲ
1497 1485 1606 1538 τῶν
1635 1485 1921 1554 πυρκαῖῶν

344 1577 706 1645 δαιμονιώδης
739 1577 931 1647 τελετὴ
971 1578 1065 1630 καὶ
1092 1579 1146 1630 αἱ
1191 1576 1448 1648 κληδόνες
1479 1576 1720 1644 ἐγίνοντο
1753 1577 1918 1646 μέχρι

344 1667 447 1736 τῆς
500 1667 805 1738 ἐφημερίας
857 1668 956 1721 τοῦ
996 1668 1306 1736 ἁγιωτάτου
1347 1669 1691 1738 πατριάρχου
1747 1667 1918 1738 κυρθῦ

339 1757 562 1828 Μιχαὴλ
597 1757 692 1810 τοῦ
740 1760 1028 1826 γεγονότος
1089 1759 1300 1812 ὑπάτου
1352 1760 1460 1812 τῶν
1495 1759 1806 1828 φιλοσόφων
1835 1761 1939 1821 είς

343 1853 551 1922 ταύτην
591 1852 732 1916 τέως
758 1852 858 1922 τὴν
900 1853 1010 1907 τῶν
1048 1855 1259 1906 πόλεων
1290 1853 1682 1923 βασιλεύουσαν
1717 1851 1912 1914 οὕτως.

345 1944 501 1998 Κατὰ
548 1943 646 2014 τὴν
693 1945 935 2014 ἑσπέραν
992 1944 1092 2015 τῆς
1147 1951 1234 2013 κγ’
1326 1944 1421 1997 τοῦ
1466 1943 1685 1997 Ἰουνίου
1752 1947 1919 2016 μηνὶς

341 2035 656 2104 ἡθροίζοντο
682 2038 740 2089 ἐν
763 2039 883 2100 ταῖς
909 2038 1141 2106 ρηγμίσι
1165 2036 1260 2088 καὶ
1291 2035 1347 2088 ἔν
1368 2054 1510 2089 τισιν
1538 2036 1708 2092 οἴκοις
1727 2036 1919 2106 ἄνδρες

345 2128 440 2178 καὶ
471 2127 756 2194 γυναῖκες,
789 2127 885 2182 καὶ
931 2127 1279 2196 πρωτότοκον
1317 2127 1576 2194 κοράσιον
1627 2127 1918 2197 νυμφικῶς

341 2215 644 2280 ἐστόλιζον.
673 2217 831 2270 Μετὰ
860 2214 992 2284 γοῦν
1015 2214 1076 2269 τὸ
1102 2216 1482 2284 συμποσιάσαι
1515 2216 1609 2268 καὶ⁵
1644 2215 1919 2286 βακχικώ-

344 2324 507 2378 τερον
537 2306 903 2378 ὀρχήσασθαι,
923 2307 1019 2361 καὶ
1054 2307 1314 2378 χορεῦσαι
1349 2311 1444 2360 καὶ
1476 2308 1766 2374 ἀλαλάξαι,
1796 2308 1922 2360 ἔϐα-

344 2398 440 2450 λον
476 2399 534 2450 ἐν
566 2398 776 2467 ἀγγείῳ
805 2399 1058 2468 συστόμιρ
1084 2397 1271 2468 χαλκῷ
1307 2397 1594 2450 θαλάττιον
1630 2398 1796 2468 ὕδωρ,
1827 2399 1920 2451 καὶ

341 2488 460 2560 είδη
491 2490 614 2543 τινὰ
647 2491 863 2560 ἑκάστῳ
892 2490 1098 2542 τούτων
1126 2491 1398 2556 ἀνήκοντα
1425 2506 1438 2519 ·
1467 2491 1562 2543 καὶ
1607 2490 1795 2560 ὥσπερ
1821 2491 1918 2560 τῆς

343 2581 534 2644 παιδὸς
570 2582 786 2661 ἐκείνης
826 2581 1097 2652 λαϐούσης
1133 2581 1287 2650 ἰσχὺν
1313 2583 1377 2634 ἐκ
1405 2581 1498 2635 τοῦ
1535 2583 1751 2635 Σατανᾶ
1784 2599 1920 2655 προ-

346 2673 574 2742 μηνύειν
599 2672 670 2725 τὰ
693 2673 1048 2743 ἐρωτώμενα,
1081 2674 1236 2726 αὐτοὶ
1269 2673 1368 2742 μὲν
1401 2674 1532 2742 περὶ
1577 2672 1730 2725 τοῦδέ
1773 2690 1920 2736 τινος

343 2766 558 2835 ἀγαθοῦ
588 2767 619 2836 ἢ
656 2767 750 2820 καὶ
786 2766 1162 2836 ἀποτροπαίου
1197 2766 1436 2818 ἀνεϐόων
1462 2766 1916 2836 ἐρωτηματικῶς.

342 2860 416 2912 Τὸ
445 2859 504 2912 δὲ
529 2858 810 2928 κοράσιον,
840 2858 950 2911 ἀπὸ
980 2859 1091 2918 τῶν
1121 2861 1179 2912 ἐν
1204 2858 1280 2928 τῷ
1301 2859 1508 2927 ἀγγείῳ
1539 2858 1919 2927 ἐμϐληθέντων

341 2949 509 3002 εἰδῶν.
538 2951 600 3001 τὸ
631 2947 949 3019 παρατυχδν
981 2948 1296 3017 ἐξαγαγὼν,
1332 2949 1688 3002 ὑπεδείκνυεν
1712 2966 1726 2979 ·
1763 2949 1790 3000 ὃ
1824 2952 1919 3002 καὶ

339 3040 638 3111 λαμϐάνων
662 3043 688 3093 ὁ
719 3041 950 3111 ἀνόητος
965 3041 1155 3094 τούτου
1177 3043 1465 3108 δεσπότης,
1493 3042 1921 3111 ἐπληροιρορείτο

1942 1820 1990 1880 Β

2025 580 2371 633 auguresque
2405 564 2684 617 dicuntur.
2712 561 3047 630 Ventriloqui
3079 570 3258 614 autem
3281 563 3597 628 aruspices-

2022 673 2129 726 que
2187 658 2448 711 dicuntur
2507 671 2723 719 omnes,
2783 659 2875 725 qui
2941 654 3196 710 Salanica
3270 655 3593 708 incitatione

2021 749 2211 814 afﬂati,
2259 750 2454 803 dicunt
2510 765 2572 804 ea
2613 765 2734 818 qua:
2771 749 3020 818 cognosci
3081 763 3188 802 non
3237 756 3490 816 possunt,
3535 755 3597 798 ut

2023 841 2244 903 critrize,
2293 841 2600 908 athingani,
2663 840 3189 910 pseudoprophetae,
3245 840 3487 894 eremitae
3539 848 3596 892 et

2024 931 2137 984 alii.
2174 930 2298 985 Haec
2330 941 2606 986 statuente
2647 948 2884 998 canone,
2927 932 3198 984 Norilunii
3238 930 3456 999 quidem
3517 930 3593 983 fe-

2023 1031 2166 1076 stum
2204 1035 2331 1076 ante
2383 1039 2557 1077 annos
2615 1040 2830 1077 omnem
2903 1024 3219 1078 memoriam
3271 1031 3596 1088 snperantes

2022 1117 2280 1178 cessavit,
2311 1124 2365 1168 et
2396 1116 2512 1185 ejus
2541 1116 2662 1169 loco
2701 1116 2794 1168 Dei
2829 1117 3000 1185 gratia
3033 1117 3424 1186 propitiatorim
3472 1130 3597 1182 pre-

2021 1221 2115 1259 ces
2143 1207 2206 1260 ad
2237 1207 2404 1260 Deum
2443 1223 2506 1260 ac
2536 1208 3002 1262 sanctificationes
3026 1209 3081 1260 in
3107 1207 3350 1263 Ecclesia
3387 1227 3414 1262 a
3449 1211 3589 1266 fideli

2021 1299 2223 1370 populo
2259 1300 2418 1366 fiunt,
2462 1300 2516 1354 in
2567 1301 3006 1369 uniuscujusque
3049 1303 3257 1356 mensis
3300 1303 3595 1370 principio,

2021 1403 2074 1448 et
2102 1409 2242 1463 aqua
2280 1393 2702 1459 benedictionis,
2757 1410 2865 1449 non
2914 1395 3396 1461 eontradictiouis,
3433 1397 3582 1450 inun-

2021 1487 2219 1556 gimur.
2251 1487 2530 1552 Rogorum
2584 1498 2766 1540 autem
2817 1487 3214 1541 dremoniacum
3272 1488 3597 1556 mysterium

2021 1585 2312 1646 sortesque
2370 1578 2594 1640 fiebant,
2655 1592 2827 1646 usque
2873 1579 2938 1632 ad
2997 1589 3210 1646 tempus
3266 1577 3594 1630 sanctissimi

2019 1670 2348 1738 patriarcha:
2386 1669 2596 1723 domini
2647 1669 2952 1732 Michaelis,
2987 1671 3079 1738 qui
3108 1669 3208 1722 fuit
3239 1668 3594 1736 phil050pbo-

2021 1776 2140 1814 rum
2175 1763 2428 1830 princeps
2453 1760 2505 1813 in
2537 1762 2639 1814 hac
2671 1761 2884 1814 urbium
2937 1762 3148 1829 regina.
3198 1759 3311 1812 lloc
3340 1761 3498 1811 modo
3524 1758 3603 1812 εδ

2022 1855 2227 1908 mensis
2265 1852 2413 1922 Junii
2459 1869 2686 1922 vespere
2739 1857 3076 1922 cogebantur
3129 1854 3184 1906 in
3228 1853 3502 1906 littoribus
3541 1861 3596 1903 et

2021 1945 2352 2015 quibusdam
2380 1945 2592 2000 milibus
2633 1946 2735 1998 viri
2773 1957 2825 1998 et
2856 1946 3138 2005 mulieres,
3174 1957 3225 1998 et
3260 1944 3593 2014 primogeni-

2022 2046 2130 2090 tam
2171 2037 2406 2107 puellam
2465 2039 2643 2091 instar
2685 2052 2903 2106 sponsa:
2953 2037 3248 2090 ornabant.
3297 2035 3596 2104 Postquam

2019 2145 2151 2200 ergo
2208 2131 2477 2184 convivati
2535 2139 2748 2194 essent,
2799 2140 2850 2184 et
2914 2131 3277 2182 bacchantum
3335 2129 3441 2183 ritu
3485 2128 3595 2183 sal-

2020 2228 2231 2275 tassent
2255 2229 2310 2274 et
2350 2221 2586 2275 choreas
2609 2220 2922 2284 duxissent,
2963 2220 3017 2273 in
3053 2219 3324 2290 festisque
3355 2235 3592 2275 consue-

2021 2321 2105 2367 tas
2161 2312 2593 2367 exclamationes
2639 2320 3023 2382 usurpassent,
3079 2313 3133 2364 in
3171 2327 3268 2367 vas
3302 2312 3417 2366 oris
3461 2325 3598 2366 cou-

2022 2404 2303 2457 tractioris
2363 2403 2629 2456 marinam
2689 2417 2886 2472 aquam
2969 2402 3333 2471 injiciebant,
3383 2410 3438 2456 et
3503 2417 3603 2456 res

2021 2496 2286 2565 quasdam
2313 2497 2380 2549 ad
2451 2509 2900 2565 unumquemque
2959 2509 3150 2549 eorum
3213 2495 3598 2564 pertinentes:

2021 2596 2076 2642 et
2106 2597 2360 2656 tauquam
2411 2588 2586 2655 puella
2617 2588 2707 2640 illa
2738 2602 2767 2639 a
2817 2587 3020 2640 Satana
3071 2573 3382 2640 facultatem
3438 2601 3596 2640 acce-

2023 2680 2196 2748 pisset
2249 2679 2433 2732 futura
2488 2679 2837 2748 praedicendi,
2895 2679 2998 2748 ipsi
3051 2679 3271 2747 quidem
3317 2680 3385 2732 de
3449 2679 3604 2733 bouo

2022 2773 2227 2840 aliquo,
2262 2772 2344 2824 vel
2383 2773 2548 2824 etiam
2586 2771 2894 2826 aversando
2926 2785 2989 2824 ac
3021 2770 3282 2840 fugiendo
3307 2770 3590 2840 quopiam,

2023 2847 2412 2933 interrogando
2447 2863 2852 2916 exclamabant.
2884 2861 3069 2916 Puella
3111 2872 3291 2917 autem
3332 2879 3393 2915 ex
3430 2863 3604 2918 rebus

2022 2955 2075 3008 in
2132 2971 2227 3010 vas
2297 2955 2516 3025 injectis
2586 2971 2730 3019 eam,
2803 2970 2925 3024 quae
2981 2955 3286 3018 incidisset,
3337 2955 3592 3008 eductam

2023 3048 2380 3113 ostendebat;
2437 3064 2598 3117 quam
2655 3048 2819 3102 etiam
2875 3048 3150 3116 accipiens
3211 3049 3415 3102 stultus
3473 3047 3597 3118 ejus

339 3135 482 3204 τάχα
513 3133 577 3185 τὰ
607 3134 692 3185 ἐπ’
729 3132 878 3200 αὐτῷ
916 3133 1248 3202 συνεχθῆναι
1291 3133 1580 3203 μέλλοντα,
1619 3135 1819 3202 εὐτυχῆ
1860 3150 1917 3184 τε

2025 3142 2301 3206 dominus,
2356 3142 2557 3196 (crtior
2602 3138 2788 3194 forsan
2844 3139 3002 3193 fiebat
3056 3138 3122 3194 de
3183 3140 3460 3209 prosperis
3511 3141 3596 3193 vel

341 3226 444 3277 καὶ
482 3224 744 3297 δυστυχῆὶ.
784 3223 867 3294 Τῇ
911 3222 1176 3292 ἐπαύριον
1215 3223 1270 3275 δὲ
1317 3224 1457 3292 μετὰ
1491 3225 1787 3292 τυμπάνων
1827 3243 1920 3277 και

340 3315 523 3387 χορῶν
559 3317 655 3369 σὺν
681 3317 756 3386 τῷ
794 3317 1036 3385 κορασίῳ
1073 3320 1153 3379 είς
1193 3319 1317 3379 τοὺς
1354 3317 1638 3384 αἰγιαλοὺς
1669 3321 1920 3387 ἀπερχό-

346 3423 522 3476 μενοι,
553 3407 647 3457 κα¹ι
676 3405 817 3475 ὕδωρ
847 3405 1136 3459 θαλάττιον
1189 3407 1437 3474 ἀφθόνως
1465 3408 1921 3477 ἀναλαμῦανόμε-

345 3515 452 3562 νοι,
497 3501 593 3549 τάξ
629 3499 918 3560 κατοικίας
967 3499 1148 3552 αὐτῶν
1180 3499 1471 3569 ἔρραινονο
1509 3501 1602 3552 καὶ
1649 3501 1714 3552 οὺ
1759 3504 1921 3571 μόνον

344 3591 524 3644 ταῦτα
577 3590 865 3644 ἐτελοῦντο
896 3593 1049 3664 παρὰ
1096 3593 1207 3644 τῶν
1254 3593 1728 3662 εύσυνετωτέρων,
1786 3594 1922 3648 ἀλλὰ

340 3687 439 3736 καὶ
462 3686 530 3737 δι’
557 3685 686 3754 ὅλης
717 3686 815 3753 τῆς
848 3687 1044 3748 νυκτὸς
1081 3687 1190 3738 ἀπὸ
1233 3687 1432 3756 χόρτου
1469 3689 1746 3758 πυρκαϊὰς
1793 3689 1924 3741 ἀνά-

341 3791 596 3838 πτονῖες,
632 3775 851 3845 ἐπήδων
879 3777 1135 3844 ὑπεράνω
1159 3776 1362 3841 αὐτῶν,
1392 3777 1486 3828 καὶ
1515 3775 1922 3846 ἐκλῃδονίζοντο

341 3869 463 3936 ἦτοι
497 3868 862 3937 ἐμαντεύοντο
897 3869 1027 3936 περὶ
1075 3869 1331 3936 εὐτυχίας
1369 3869 1463 3920 καὶ
1506 3867 1800 3936 δυστυχίας
1825 3871 1922 3921 καὶ

339 3955 519 4010 ἄλλων
566 3955 729 4008 τινῶν
779 3955 1176 4025 δαιμονιωδῶς.
1210 3955 1320 4017 Τὰς
1354 3955 1410 4008 δὲ
1463 3957 1614 4008 ἔνθεν
1658 3957 1917 4009 κάκεῖθεν

342 4050 585 4110 εἰσόδους
616 4049 795 4102 αὐτῶν
855 4049 952 4102 καὶ
1007 4048 1069 4101 τὸ
1115 4049 1388 4118 δωμάτιον
1437 4051 1498 4102 ἐν
1547 4043 1590 4117 ᾧ
1623 4051 1920 4120 ἐτελεῖτοή

345 4143 556 4216 κλῃδὼν
603 4143 700 4194 σὺν
739 4145 852 4205 τοῖς
887 4143 1324 4208 παρακειμένοις
1373 4140 1686 4210 ὑπαίθροις,
1734 4142 1924 4212 χρυσί-

342 4240 503 4300 ζουσι
550 4235 777 4298 πέπλοις
817 4236 914 4287 καὶ¹
949 4236 1198 4304 σηρικοῖς
1234 4233 1614 4304 κατεκόσμουν
1666 4236 1922 4304 ὑφάσμα-

341 4344 450 4380 σιν.
502 4325 662 4398 ’ᾼλλὰ
725 4327 833 4395 μὴν
864 4326 958 4376 καὶ
1016 4325 1248 4392 φυλλάσι
1303 4323 1538 4393 δένδρων
1578 4328 1920 4394 κατεστεφα-

339 4436 488 4485 νουν,
521 4421 599 4480 εἰς
628 4421 794 4487 τιμὴν
827 4419 923 4470 καὶ
959 4417 1251 4486 ὑποδοχὴν,
1277 4417 1351 4478 ὼς
1377 4417 1547 4480 ἔοικε,
1581 4417 1675 4468 τοῦ
1703 4420 1916 4490 οἰκειω-

341 4511 584 4578 σαμένου
612 4510 800 4571 αὐτοῖς
827 4510 1073 4560 Σατανᾶο
1111 4508 1146 4560 ἂ
1176 4508 1240 4578 δὴ
1267 4510 1447 4561 πάντα
1477 4511 1503 4561 ὁ
1538 4510 1723 4579 ῥηθεὶς
1752 4509 1920 4579 ἁγιὼ-
1951 4504 2000 4567 D
2025 4526 2298 4578 θαρρεηη,

337 4620 501 4666 τατος
541 4604 892 4673 πατριάρχης
930 4602 1067 4672 μετὰ
1099 4602 1278 4670 πάσης
1333 4601 1656 4670 ἐπιμελείας
1708 4619 1919 4672 καταρ-

337 4698 581 4766 γηθῆναι
632 4695 933 4765 ἐπέτρεψεν
958 4710 970 4722 ·
1003 4694 1030 4746 ὃ
1081 4697 1176 4746 καὶ
1214 4694 1431 4762 γέγονε.
1475 4695 1584 4746 Καὶ
1639 4693 1736 4748 νῦν
1771 4695 1920 4747 εὐδο-

341 4789 564 4850 κοῦντος
608 4787 743 4840 Θεοῦ
779 4788 846 4840 τὰ
883 4787 1117 4839 τοιαῦτα
1155 4785 1426 4855 θεοστυγῆ
1474 4785 1613 4856 ἔργα
1637 4787 1919 4849 παντελῶς

339 4881 744 4950 ὴπράκτησαντ
781 4879 856 4942 ὼς
897 4879 1008 4931 τῶν
1030 4881 1087 4930 ἐν
1116 4881 1236 4941 ταῖς
1267 4877 1564 4946 γειτονίαις
1590 4878 1760 4928 ὄντων
1789 4893 1916 4947 προ-

340 4974 696 5043 κριτωτέρων
751 4970 994 5024 καὶτῶν
1045 4969 1239 5040 ἱερέων
1279 4969 1724 5042 ἐπιτιμηθέντων
1783 4985 1921 5022 παν-

337 5066 504 5128 τοίως
548 5065 862 5136 φροντίζειν
893 5063 990 5117 καὶ
1039 5064 1115 5132 μὴ
1153 5065 1509 5132 παραχωρεῖν
1565 5059 1808 5114 τοιοῦτόν
1866 5077 1919 5113 τι

339 5161 612 5226 γίνεσθαι.
649 5159 684 5209 Γ
689 5159 860 5211 ἐνοιτο
907 5156 965 5209 δὲ
997 5158 1091 5209 καὶ
1124 5155 1224 5216 τὰς
1254 5153 1363 5206 ἀπὸ
1387 5154 1496 5206 τῶν
1541 5151 1795 5221 κορωνῶν
1824 5153 1920 5204 καὶ

339 5251 450 5304 τῶν
481 5253 735 5322 κοράκων
765 5253 860 5304 καὶ
887 5249 997 5301 τῶν
1036 5247 1239 5301 λοιπῶν
1270 5247 1478 5314 ἀγρίων
1526 5244 1680 5308 ζώων
1735 5245 1922 5296 οἰωνο-

343 5344 579 5406 σκοπίας
620 5342 1063 5412 καταργηθῆναι,
1116 5338 1376 5401 ὡσαύτως
1405 5337 1499 5390 καὶ
1525 5339 1620 5398 τὰς
1649 5336 1920 5407 φλυαρίας

338 5438 451 5490 τῶν
475 5437 742 5508 κριτριῶν
771 5439 866 5488 καὶ
888 5439 995 5489 τῶν
1016 5435 1219 5506 ἐτέρων
1241 5431 1581 5486 λαοπλάνων.
1606 5429 1680 5481 Τὸ
1711 5429 1915 5498 μέντοι,

342 5539 584 5604 Διήγαγε
620 5535 690 5589 τά
723 5534 896 5586 τέκνα
927 5532 1094 5586 αὑτοῦ
1130 5533 1188 5586 ἐν
1219 5530 1378 5600 πυρὶ,
1407 5525 1443 5579 δ
1488 5527 1662 5598 μέγας
1708 5525 1916 5596 Κύριλ-

340 5629 454 5693 λος,
485 5629 852 5699 ἐξηγούμενος
903 5627 995 5678 τὸν
1047 5621 1607 5694 προφήτηνἭσαῒαν,
1638 5619 1760 5673 ἀντὶ
1822 5617 1916 5671 τοῦ

353 5721 752 5784 ὐλοκαύτιο›σε,
781 5720 1142 5789 ἡρμήνευσεν,
1176 5718 1344 5786 ἤγουν
1369 5714 1558 5767 θυσίαν
1589 5710 1913 5783 προσήγαγε

341 5817 453 5875 τοῖς
487 5813 758 5882 δαίμοσιν.

2025 3237 2266 3288 adversis
2319 3251 2383 3288 ex
2437 3249 2502 3287 eo
2558 3234 2855 3288 eventuris.
2915 3233 3187 3287 Postridie
3227 3243 3406 3285 autem
3464 3247 3589 3286 cum

2025 3327 2296 3396 tympanis
2327 3336 2378 3379 et
2415 3326 2598 3379 choris
2633 3341 2740 3379 una
2771 3340 2893 3378 cum
2930 3323 3107 3393 puella
3145 3326 3211 3377 ad
3266 3324 3445 3376 littora
3497 3339 3594 3378 ve-

2024 3420 2261 3482 nientes,
2295 3429 2349 3472 et
2394 3433 2592 3487 aquam
2651 3419 2916 3472 marinam
2966 3417 3186 3486 copiose
3235 3419 3602 3486 accipientes,

2023 3512 2168 3566 :edes
2203 3527 2332 3566 snas
2365 3510 2728 3580 aspergebant
2768 3527 2780 3562 :
2817 3518 2870 3562 et
2911 3526 2938 3560 a
2973 3510 3135 3578 paulo
3172 3508 3595 3578 sapientioribus

2023 3605 2138 3658 haec
2172 3620 2279 3657 non
2325 3604 2500 3658 solum
2538 3602 2764 3663 fiebant,
2795 3603 2888 3655 sed
2922 3612 2974 3656 et
3011 3617 3106 3670 per
3147 3612 3313 3654 tctam
3373 3609 3590 3654 noctem

2025 3713 2186 3766 rogos
2222 3712 2284 3750 ex
2325 3696 2472 3750 [ωηο
2505 3694 2888 3757 accendentes,
2926 3709 3090 3762 supra
3146 3711 3240 3748 eos
3291 3694 3598 3754 saliebant,

2023 3802 2071 3845 οι
2118 3789 2494 3844 Sortiebantur
2526 3803 2619 3841 seu
2660 3787 2978 3841 divinabam
3012 3788 3077 3841 de
3115 3785 3377 3842 felicitate
3423 3797 3472 3840 et
3513 3788 3604 3840 in-

2027 3883 2306 3945 felicitate,
2342 3890 2396 3935 et
2430 3881 2497 3934 de
2529 3879 2864 3958 quibusdam
2899 3880 3022 3932 aliis
3055 3879 3215 3948 plane
3239 3881 3590 3933 daemoniace.

2022 3977 2227 4030 Eorum
2259 3984 2440 4026 autem
2473 3972 2599 4026 hinc
2621 3982 2673 4026 et
2694 3972 2842 4025 illinc
2867 3971 3068 4034 aditus,
3093 3983 3146 4025 et
3177 3972 3591 4037 domunculam,

2023 4071 2078 4121 iu
2116 4083 2220 4135 qua
2257 4081 2379 4120 sors
2421 4065 2511 4118 illa
2552 4055 2738 4128 fiebat,
2774 4078 2880 4117 una
2914 4079 3037 4118 cum
3081 4064 3149 4116 iis
3199 4068 3299 4117 Sub
3336 4065 3426 4117 dio
3458 4065 3602 4120 locis

2024 4174 2146 4227 qua:
2190 4173 2354 4228 prope
2384 4167 2560 4219 erant,
2599 4155 2782 4208 aureis
2812 4154 3058 4208 vestibus
3107 4161 3160 4206 et
3207 4155 3432 4208 sericeis
3481 4167 3594 4208 tex-

2025 4252 2171 4304 tihus
2205 4251 2567 4303 exornabant.
2615 4247 2928 4314 Quinetiam
2985 4245 3242 4299 arborum
3317 4245 3464 4300 foliis
3499 4263 3597 4301 co-

2026 4345 2318 4403 ronabant,
2381 4343 2446 4394 ad
2502 4339 2906 4405 honorandum,
2940 4348 3000 4392 ut
3037 4339 3334 4394 verisimile
3385 4347 3490 4400 est,
3541 4353 3596 4393 et

2025 4435 2404 4504 excipiendum
2468 4431 2750 4497 Salauam,
2805 4433 2898 4501 qui
2955 4432 3077 4487 illos
3137 4433 3241 4488 sibi
3295 4432 3600 4487 familiares

2379 4524 2512 4588 Qua:
2568 4523 2783 4592 quidem
2845 4525 3035 4578 omnia
3105 4524 3393 4593 praedictus
3467 4540 3601 4579 sau-

2021 4619 2303 4671 rtissimus
2340 4615 2649 4684 patriarcha
2693 4630 2818 4668 cum
2853 4616 2999 4668 omni
3057 4616 3338 4684 diligentia
3409 4619 3598 4684 prohi-

2020 4706 2135 4760 beri
2167 4719 2220 4761 et
2257 4709 2478 4774 penitus
2524 4707 2727 4760 aboleri
2780 4708 3028 4772 Curavit;
3079 4708 3224 4776 quod
3259 4717 3313 4761 et
3360 4708 3596 4764 factum.

2020 4798 2086 4851 Et
2114 4814 2284 4862 nunc,
2332 4807 2390 4850 ut
2429 4798 2540 4851 Deo
2589 4799 2824 4865 placuit,
2876 4798 2990 4852 haec
3033 4815 3194 4866 Opera
3255 4801 3364 4854 Deo
3417 4803 3599 4856 invisa

2019 4892 2246 4944 omnino
2287 4875 2678 4955 exoleverunt;
2733 4889 2857 4942 ideo
2891 4891 3034 4958 quod
3083 4891 3175 4959 qui
3221 4907 3387 4960 pmpe
3437 4892 3596 4946 babi-

2021 4983 2231 5048 tabant,
2265 4993 2318 5036 et
2351 4981 2568 5050 judiccs
2619 4991 2672 5035 et
2704 4983 3021 5037 sacerdotes
3057 4999 3198 5054 saepe
3236 4994 3364 5038 sunt
3411 5001 3594 5054 repre-

2021 5074 2202 5137 hensi,
2244 5083 2295 5127 et
2328 5073 2619 5139 admoniti,
2659 5084 2718 5127 ut
2761 5075 2987 5127 omnino
3023 5084 3284 5128 curarent
3333 5091 3398 5129 ac
3437 5077 3591 5130 vide-

2021 5176 2163 5231 rent,
2203 5183 2270 5219 nc
2306 5165 2436 5234 quid
2480 5166 2586 5219 tale
2623 5167 2794 5219 fieret.
2825 5167 2900 5218 Ac
2949 5167 3156 5220 utinam
3195 5183 3487 5221 corvorum
3539 5178 3603 5222 es.

2020 5260 2299 5313 cornicum
2325 5266 2379 5311 et
2413 5257 2742 5326 reliquarum
2778 5258 3016 5311 ferarum
3069 5259 3250 5312 avium
3301 5261 3594 5328 inspectio-

2021 5365 2120 5403 nes
2151 5348 2369 5401 abolita:
2403 5355 2590 5401 essent
2618 5363 2633 5401 :
2665 5349 2919 5402 similiter
2969 5357 3150 5402 autem
3180 5359 3235 5402 et
3277 5353 3598 5403 critriarum

2023 5455 2179 5510 nugae
2211 5451 2264 5492 et
2293 5439 2523 5494 aliorum
2565 5440 2750 5510 populi
2788 5440 3166 5496 seductorum.
3207 5441 3340 5495 Illud
3381 5452 3598 5506 autem,

2021 5531 2288 5586 Traiiuxit
2317 5533 2455 5586 filios
2492 5547 2624 5586 suos
2671 5547 2765 5602 per
2789 5533 2995 5602 ignem,
3040 5549 3272 5602 magnus
3324 5534 3595 5604 Cyrillus,

2022 5624 2344 5693 prophetam
2373 5623 2568 5676 Isaiam
2605 5623 2907 5692 explicans.
2948 5623 3347 5693 interpretatus
3394 5636 3500 5691 est,
3535 5627 3597 5678 iis

2024 5719 2344 5771 bolocausto
2370 5715 2563 5770 obtulit
2595 5731 2690 5770 seu
2731 5715 3077 5770 sacrificabat
3105 5715 3476 5771 dmmonibus.
