4062 6436
471 359 579 426 743

1753 353 2032 415 THEOD.
2073 353 2476 414 BALSAMON
2550 388 2554 394 -

3617 351 3724 412 7-H.

550 469 804 528 ZONAR.
885 469 1198 526 Graecorum
1251 467 1708 540 ethnicorumque
1756 482 2050 526 consuetu-

2225 471 2473 524 ZQNAP.
2538 467 2674 538 Ἐθη
2737 469 3025 538 Ἑλληνικά
3077 485 3134 520 τε
3187 467 3278 520 καὶ
3341 462 3530 516 ἐθνικὰ
3585 465 3730 515 κατὰ

472 567 636 621 dines
690 578 719 616 a
776 561 1076 631 majoribus
1129 570 1386 630 acceptas
1435 560 1685 613 nonnulli
1736 561 2049 622 servabant,

473 655 744 724 hodieque
793 660 1044 718 servant,
1109 653 1211 708 etsi
1259 651 1388 722 quid
1442 652 1530 715 iis,
1589 666 1710 719 qua:
1759 666 1856 720 per
1901 651 2053 719 ipsos

471 759 754 813 geruntur,
805 745 1082 802 indicetur
1130 745 1273 800 haud
1330 744 1466 800 satis
1518 744 1842 814 intelligant.
1923 743 2053 798 Tale

477 839 606 892 illud
655 846 771 904 est,
829 853 951 892 cum
993 853 1102 908 pro
1155 835 1365 892 foribus
1421 836 1653 891 ofﬁcinae
1690 846 1804 890 raut
1859 839 2053 893 do'mus

472 947 632 1000 rogos
681 931 986 986 incendunt
1035 932 1288 999 saltuque
1340 930 1679 985 transiliunt.
1768 930 1944 999 Atque
1998 930 2049 984 id

470 1024 686 1093 quidem
761 1032 814 1077 et
849 1024 963 1078 ﬁeri
995 1031 1148 1077 vetat'
1182 1038 1380 1084 canon.
1415 1031 1468 1076 et
1498 1024 1601 1092 qui!
1626 1019 1816 1077 fecerit
1854 1023 2053 1078 clerico

472 1113 854 1180 depositionis.
893 1113 1034 1167 laico
1085 1129 1216 1167 vero
1271 1114 1666 1183 segregatiouis
1714 1128 1926 1183 prunam
1965 1113 2052 1167 in-

463 1208 664 1275 jungit.
726 1203 934 1259 Deinde
968 1212 1026 1256 ut
1069 1205 1184 1258 hau:
1231 1206 1454 1274 antiqua
1485 1219 1706 1275 quoque
1741 1207 1856 1275 lege
1888 1207 2053 1259 vetita

473 1283 647 1353 fuisse
680 1299 957 1360 ostendat,
1011 1298 1090 1352 rei
1136 1298 1576 1353 demonstranda!
1620 1299 1713 1352 illa
1763 1315 1829 1352 ex
1862 1309 2054 1368 quarto

485 1393 689 1462 ltegum
723 1391 989 1461 protulit:
1063 1390 1131 1444 Et
1163 1389 1449 1444 aediﬁcavit
1484 1389 1763 1445 Manasse‘s
1794 1391 1965 1444 altare
1985 1391 2052 1454 ⁸⁸,

469 1461 652 1551 etqua:
668 1491 995 1552 sequuntur.
1022 1461 1167 1552 Ergo
1181 1483 1346 1553 236
1358 1484 1404 1538 si
1419 1483 1511 1552 qui
1527 1483 1706 1537 minus
1721 1482 1958 1554 perfecta
1977 1484 2057 1538 vi-

469 1575 626 1629 vendi
657 1576 771 1646 lege
799 1577 1146 1638 tenebantur,
1179 1589 1344 1644 prava
1378 1575 1492 1629 haec
1523 1575 1890 1630 nihilominus
1912 1590 2054 1642 esse,

469 1667 676 1737 Deique
727 1669 1065 1722 iracundiam
1134 1667 1338 1722 elicere
1387 1667 1772 1722 arbitrantur:
1847 1669 2092 1738 quanto'

467 1763 643 1832 magis
693 1777 754 1816 ea
789 1742 984 1826 onoms,
1041 1764 1137 1830 qui
1190 1761 1363 1830 magis
1399 1759 1718 1831 perfectam,
1772 1761 2055 1830 magisque

2156 564 2461 635 παράδοσιν
2512 563 2735 617 ἐποίουν
2763 564 2930 629 τινὲς,
2959 562 3052 615 καὶ
3077 558 3310 620 ποιοῦσι,
3349 557 3488 628 μηδὲ
3532 557 3735 619 εἰδότες

2153 658 2207 710 τί
2266 655 2490 724 δηλοῦσι
2541 655 2610 709 τὰ
2668 655 2930 724 γινόμεναι
2989 649 3120 724 παρ’
3166 652 3384 706 αὐτῶν*
3447 645 3559 703 οἷόν
3615 652 3736 704 ἐστι

2156 751 2253 804 καὶ
2293 749 2354 803 τὸ
2387 747 2666 820 πυρκαϊάς
2709 748 3049 822 ἀνάπτεσθαι
3104 746 3412 817 ἔμπροσθεν
3454 741 3736 815 ὲργαστηαι

2157 841 2291 911 ρίων
2351 842 2449 894 καὶ¹
2499 840 2732 904 οἰκιῶν,
2775 839 2873 892 καὶ
2917 838 3099 893 αὐτῶν
3144 831 3567 906 ὑπεράλλεσθαι.
3624 836 3737 888 Καὶ

2153 934 2316 988 τοῦτο
2368 933 2425 987 δὲ
2473 933 2504 986 δ
2551 932 2732 986 κανὼν
2764 926 3093 1002 ἀπείργνυσι
3137 929 3408 997 γίνεσθαι,
3461 928 3554 980 καὶ
3609 929 3738 990 τοὺς

2153 1027 2394 1080 τοιοῦτόν
2453 1045 2504 1079 τι
2566 1021 2952 1097 πράσσοντας,
3010 1022 3308 1093 κληρικους
3369 1015 3468 1098 μζν
3532 1019 3737 1083 ὄντας,

2155 1121 2428 1191 καθαιρεῖ,
2487 1119 2712 1192 λαῖκοὺς
2761 1121 2839 1180 δὲ,
2875 1117 3152 1188 ἀφορίζει.
3203 1111 3339 1169 Εἶτα
3384 1113 3601 1177 δεικνὺς
3651 1115 3739 1167 δτι

2158 1213 2592 1284 ἀπηγορευμένα
2615 1214 2724 1264 εἰσὶ
2749 1211 2928 1264 ταῦτα
2961 1210 3053 1262 καὶ
3081 1209 3156 1276 τῷ
3193 1207 3538 1277 παλαιοτέρῳ
3561 1206 3736 1275 νόμῳ,

2156 1308 2221 1358 ἐκ
2277 1306 2377 1374 τῆς
2423 1306 2694 1374 τετάρτης
2754 1304 2863 1356 τῶν
2929 1299 3228 1355 Βασιλειῶν
3278 1289 3578 1376 ἑποιήσατο
3637 1297 3737 1366 τὴν

2157 1396 2433 1462 ἀπόδειξιν
2460 1395 2736 1475 ,λεγούσης
2767 1410 2784 1429 ο
2851 1414 2866 1446 ι
2906 1395 3014 1447 Καὶ
3065 1392 3381 1462 ᾠκοδόμησε
3437 1382 3739 1456 Μανασσῆξ

2159 1490 2569 1560 θυσιαστήριον,
2618 1507 2636 1538 ι
2675 1489 2770 1540 καὶ
2815 1488 2883 1539 τὰ
2923 1487 3139 1554 ἐφεξῆς.
3185 1485 3248 1537 El
3294 1483 3389 1537 οὖν
3444 1483 3595 1551 παρὰ
3627 1486 3740 1546 τοῖς

2159 1583 2252 1635 τὸν
2299 1581 2657 1652 ἀτελέστερον
2697 1581 3016 1649 δεξαμένοις
3063 1579 3231 1646 νόμον
3291 1578 3468 1630 ταῦτα
3524 1577 3740 1646 πονηρὰ

2161 1673 2361 1737 ἐδόκει,
2419 1673 2515 1726 καὶ
2551 1675 2631 1736 εἰς
2678 1671 2848 1742 ὀργὴν
2906 1671 3136 1741 Κυρίου,
3195 1670 3348 1739 πόσῳ
3403 1668 3607 1737 μᾶλλον
3651 1667 3739 1737 ἐφ’

2158 1767 2314 1834 ἡμῖν,
2375 1767 2488 1826 τοῖς
2545 1763 2638 1816 τὸν
2683 1761 3014 1831 τελεώτερον
3062 1760 3158 1811 καὶ
3217 1757 3741 1828 πνευματικιῢτερον

473 1855 812 1922 spiritualem
849 1856 1026 1924 legem
1060 1855 1398 1924 accepimus,
1443 1863 1496 1907 et
1544 1855 1730 1925 iniqua
1764 1862 1820 1908 et
1866 1855 2053 1908 incon-

2161 1856 2546 1928 παραλαδοῦσι
2587 1855 2776 1924 νόμον,
2826 1851 3247 1921 ἄθεσμα.·ταῦτα
3279 1851 3373 1902 καὶ
3423 1851 3740 1917 ἀπηγορευ-

461 1960 621 1999 cessa
654 1943 822 1997 videri
859 1943 1100 1998 debent?
1162 1943 1341 1998 Verba
1377 1957 1542 2013 porro
1569 1942 1682 2006 illa,
1713 1942 1782 1996 Et
1808 1941 2056 1996 traduxit

469 2037 611 2090 lilios
663 2051 793 2090 suos
851 2050 948 2104 per
1020 2035 1284 2106 ignem”,
1344 2035 1508 2103 hujus
1569 2035 1789 2105 quidem
1853 2034 2048 2104 synodi

470 2129 658 2182 Patres
695 2127 953 2181 videntur
982 2129 1255 2198 accipere,
1309 2141 1407 2197 pro
1453 2127 1559 2193 his,
1607 2126 1882 2180 transilire
1928 2126 2055 2181 fecit

470 2225 647 2291 ignem
707 2236 1027 2276 accensum.
1107 2221 1338 2291 Magnus
1404 2233 1533 2275 vero
1595 2219 1835 2291 Cyrillus
1895 2221 2052 2284 illud,

467 2315 706 2369 traduxit
737 2313 878 2369 ﬁlios
904 2331 1036 2370 suos
1060 2329 1155 2382 per
1184 2318 1384 2386 ignem,
1413 2311 1517 2369 hoc
1537 2327 1646 2376 est.
1671 2313 2049 2370 holocaustum

466 2408 665 2460 obtulit
713 2406 1060 2462 daemonibus
1109 2409 1454 2471 sacriﬁcans,
1507 2407 1893 2476 interpretatus
1946 2415 2049 2461 est.

467 2499 540 2554 lla
571 2501 659 2555 ille
693 2501 746 2553 in
782 2501 896 2554 suis
923 2500 977 2561 in
1009 2498 1204 2552 Isaiam
1227 2499 1655 2554 commentariis.
1716 2497 1782 2552 Et
1812 2499 2052 2553 sortibus

470 2609 602 2648 usus
633 2603 738 2648 est.
795 2593 930 2646 Sors
965 2605 1144 2647 autem
1177 2603 1281 2657 est,
1321 2607 1443 2647 cum
1478 2607 1574 2662 per
1608 2590 1763 2659 signa
1802 2593 2050 2662 quaedam

469 2687 694 2738 fortuna
750 2684 1061 2756 cujuspiam
1112 2685 1480 2741 infortuniave
1536 2686 1854 2756 indagator;
1907 2685 2050 2756 quod

469 2780 686 2846 quidem
737 2779 842 2834 hoc
902 2795 1120 2849 quoque
1179 2789 1422 2847 tempore
1475 2780 1756 2834 nonnullis
1819 2781 2051 2834 fortuna:

469 2886 582 2924 sua:
616 2871 1006 2940 ‘cognosccudce
1040 2872 1256 2941 cupidis
1292 2883 1374 2926 est
1410 2875 1694 2927 usitatum.
1763 2874 1827 2926 Et
1859 2875 2051 2928 uteba-

472 2975 560 3018 tur
613 2965 896 3035 auspiciis.
963 2964 1282 3034 Auspicium
1322 2977 1449 3019 vero
1494 2974 1598 3030 est,
1655 2981 1776 3019 cum
1833 2965 2051 3020 volatus

471 3061 651 3112 avium
686 3057 832 3129 (nam
865 3072 993 3112 aves
1029 3071 1297 3112 vocantur
1339 3057 1564 3127 οἰωνοὶ),
1596 3058 1822 3126 clangor
1850 3069 1901 3112 et
1945 3059 2050 3112 alia

471 3150 784 3219 huiusmodi
810 3149 1200 3205 observantur:
1225 3165 1346 3219 qum
1363 3149 1674 3203 observatio
1686 3151 2050 3202 οἱωνοσκοπξα

469 3259 497 3293 a
549 3240 753 3295 Gnucis
799 3241 964 3305 dicta,
1017 3242 1366 3310 maximoque
1419 3239 1547 3295 olim
1593 3241 1646 3295 in
1702 3241 1909 3296 honore
1943 3251 2052 3295 tota

468 3331 585 3384 lth
631 3332 1001 3400 auspiciorum
1054 3332 1197 3383 ratio
1249 3331 1390 3399 apud
1425 3331 1700 3386 Romanos
1732 3331 1916 3385 habita
1947 3339 2050 3386 est.

472 3421 717 3475 Hilitiam
756 3437 919 3491 porro
950 3423 1077 3476 eteli
1117 3421 1304 3477 stellas
1341 3422 1600 3490 intellige.
1955 3405 1960 3410 ’

477 3507 702 3567 ABIST.
750 3532 768 3564 ι
808 3511 966 3582 Rogi,
992 3513 1085 3583 qui
1121 3513 1488 3567 novlluniisiu
1512 3512 1738 3567 oﬁiciuis
1763 3523 2056 3568 exstruun-

552 3627 569 3658 ι
619 3611 731 3675 tur,
759 3618 815 3662 et
843 3609 934 3677 qui
965 3623 1060 3663 eos
1093 3607 1431 3674 transiliunt,
1466 3606 1822 3677 abrogentur.
1853 3624 1873 3658 ›

548 3788 780 3855 Quidam
834 3803 1020 3843 coram
1072 3787 1305 3841 oﬁiciuis
1351 3786 1673 3842 domibusve
1729 3787 1844 3842 suis
1893 3803 2054 3859 rogos

466 3881 854 3949 accendentes,
911 3881 992 3936 eis
1021 3880 1178 3949 juxta
1203 3881 1481 3949 antiquam
1509 3880 1800 3950 quamdam
1825 3896 2057 3935 consue-

469 3971 713 4024 tudinem
774 3971 1108 4025 insiliehant.
1195 3971 1265 4025 Et
1323 3971 1454 4024 illud
1510 3971 1791 4024 abolentes
1843 3971 2052 4035 Patres,

463 4060 678 4124 juhent,
715 4059 858 4128 quod
903 4059 949 4113 si
980 4059 1202 4128 quidem
1235 4059 1470 4114 clericus
1505 4060 1818 4114 inveniatur
1848 4061 2053 4130 aliquid

465 4149 740 4217 ejusmodi
800 4149 1044 4217 faciens,
1107 4149 1453 4220 deponetur:
1513 4151 1559 4205 si
1621 4151 1807 4228 laicus.
1848 4163 2053 4219 autem,

469 4243 869 4313 segregabitur.
950 4241 1086 4296 Nam
1140 4251 1194 4296 et
1240 4241 1519 4300 Manasses
1555 4259 1651 4313 per
1697 4244 1875 4315 ignem
1915 4246 2054 4300 lilios

470 4350 600 4389 suos
647 4335 963 4400 traducens,
1018 4344 1072 4390 et
1102 4339 1346 4408 auguriis
1381 4353 1535 4403 usus,
1601 4336 1770 4393 Deum
1814 4340 1880 4394 ad
1916 4340 2052 4392 iram

466 4427 803 4496 provocavit.

1008 4516 1248 4572 CANON
1312 4513 1496 4573 LXVI.

467 4625 489 4662 ι
508 4614 542 4662 Α
568 4622 755 4666 sancta
773 4611 976 4665 Christi
1004 4610 1098 4664 Dei
1127 4611 1300 4664 nostri
1325 4609 1744 4667 resurrectionis
1761 4612 1849 4668 die
1871 4628 2046 4684 usque

540 4723 558 4754 ι
608 4706 672 4757 ad
705 4719 907 4758 novum
941 4702 1311 4768 Dominicum,
1348 4709 1460 4757 tota
1496 4702 1802 4774 septimana
1835 4706 1886 4758 in
1917 4722 2043 4760 san-

540 4817 556 4845 ‹
605 4796 711 4848 ctis
765 4795 1016 4848 ccclesiis
1071 4809 1268 4848 vacare
1319 4793 1504 4850 ﬁdeles
1567 4795 1772 4866 iugiter
1831 4807 2048 4867 Oportet

542 4909 559 4938 ι
609 4888 835 4957 psalmis
884 4899 936 4941 ct
977 4888 1190 4957 hymnis
1243 4897 1299 4943 et
1355 4888 1743 4960 Spiritualihus
1792 4893 2042 4956 canticis,

542 4999 557 5026 ι
611 4979 661 5028 in
715 4975 936 5030 Christo
982 4976 1283 5047 gaudentes
1332 4979 1643 5050 festumque
1679 4981 2044 5046 celebrantes,

543 5088 559 5116 ι
611 5076 664 5121 et
713 5068 1018 5122 divinarum
1071 5068 1478 5140 Scripturarum
1533 5072 1753 5126 lectioni
1808 5084 2044 5126 urentem

542 5179 558 5209 ι
609 5161 962 5227 adhibentes,
1016 5171 1069 5216 et
1127 5165 1333 5218 sanctis
1381 5167 1652 5234 mysteriis
1697 5166 1940 5233 jucunde
1992 5175 2044 5220 et

542 5270 558 5300 ι
609 5252 751 5305 laute
801 5250 1064 5307 fruentes.
1143 5252 1237 5306 Sic
1285 5254 1430 5307 enim
1488 5269 1612 5308 cum
1665 5253 1888 5310 Christo
1944 5269 2050 5310 una

542 5367 557 5394 ι
607 5357 955 5412 resurgemus
1038 5351 1093 5399 et
1170 5346 1559 5400 exaltabimur.
1696 5347 2050 5418 Nequaquam

542 5456 560 5486 ι
608 5451 737 5506 ergo
804 5438 1080 5505 praedictis
1142 5437 1337 5490 diebus
1391 5453 1656 5506 equorum
1713 5454 1912 5494 cursus
1971 5439 2052 5495 vel

539 5547 560 5581 ι
606 5531 825 5598 aliquod
861 5528 1137 5598 publicum
1173 5528 1263 5580 ﬁat
1293 5531 1690 5597 spectaculum.
1723 5546 1742 5582 ι

537 5791 582 5823 ’⁸
624 5792 690 5848 ιγ
719 5791 850 5861 Reg.
881 5810 1034 5858 XXIII,
1078 5795 1160 5845 l2.
1239 5795 1284 5824 "
1309 5794 1372 5848 iV
1410 5794 1538 5865 Reg.
1566 5813 1678 5861 xxi,
1715 5799 1771 5848 6.

2163 1953 2300 2020 μένα
2328 1946 2643 2017 λογίζεσθαι
2701 1946 2851 2017 χρή;
2913 1945 2989 1997 Τὸ
3050 1945 3131 2005 δὲ,
3195 1961 3214 1994 ι
3253 1940 3366 1995 Καὶ
3415 1941 3646 2010 διήγαγε
3667 1939 3742 1994 τὰ

2158 2045 2324 2097 τέκνα
2351 2042 2514 2095 αὑτοῦ
2537 2044 2595 2094 ὲν
2621 2041 2773 2111 πυρὶ,
2815 2059 2834 2092 ι
2890 2039 2941 2092 οί
2996 2037 3097 2110 μὲν
3138 2036 3236 2106 τῆς
3268 2035 3490 2089 συνόδου
3527 2033 3739 2099 ταύτης

2161 2138 2401 2207 [πατέρες
2435 2135 2645 2188 ἐοίκασι
2673 2134 2862 2203 νοῆσαι
2891 2133 3012 2186 ἀντὶ
3030 2130 3146 2193 τοῦ,
3186 2121 3539 2200 ’Υπερπὴδᾷν
3565 2128 3740 2180 ἐποίει

2155 2230 2218 2282 τὸ
2266 2230 2644 2297 ἀναπτόμενον
2691 2225 2824 2297 πῦρ.
2891 2225 2950 2278 '0
3004 2220 3061 2278 δὲ
3127 2223 3302 2293 μέγας
3362 2219 3734 2292 Κύριλλοςτὸ,

2161 2341 2181 2375 ι
2216 2323 2454 2393 Διήγαγε
2479 2319 2546 2373 τὰ
2563 2321 2726 2372 τέκνα
2766 2316 2931 2371 αὐτοῦ
2965 2318 3022 2369 ἐν
3046 2316 3196 2386 πυρὶ,
3232 2332 3251 2366 ι
3281 2314 3400 2366 ἀντὶ
3428 2313 3544 2380 τοῦ,
3584 2313 3737 2363 Ὥλο·

2155 2415 2460 2477 καύτωσεν,
2508 2412 2854 2482 ἡρμήνευσε,
2901 2408 3094 2470 θυσίας
3138 2409 3434 2477 προσάγων
3462 2408 3577 2468 τοῖς
3619 2405 3739 2457 δαί-

2160 2523 2307 2576 μοσι.
2337 2505 2510 2558 Τοῦτο
2537 2503 2592 2557 δὲ
2623 2505 2718 2556 τδν
2765 2502 2997 2556 Ἡσαΐαν
3021 2500 3186 2572 φησιν
3215 2495 3594 2570 ἐξηγούμενος.
3629 2497 3737 2550 Kal

2154 2594 2550 2668 ὲκλῃδονίζετο.
2586 2591 2813 2667 κλῃδὼν
2863 2593 3083 2659 λέγεται
3134 2595 3196 2644 τδ
3239 2591 3328 2644 διά
3356 2607 3520 2644 τινων
3553 2590 3736 2658 ζητεῖν

2153 2691 2353 2759 γνῶναι
2405 2689 2455 2743 εί
2501 2689 2681 2760 μέλλοι
2718 2706 2802 2752 τις
2857 2687 3209 2758 εὐπραγῆσαι
3253 2685 3286 2755 ἢ
3329 2685 3737 2755 δυσπραγῆσαι,

2152 2777 2240 2835 οἷα
2287 2781 2382 2836 καὶ
2425 2779 2519 2834 νῦν
2553 2779 2768 2832 ποιοῦσί
2807 2795 2952 2841 τινες
2991 2773 3234 2837 θέλοντες
3293 2776 3392 2843 τὴν
3425 2775 3605 2844 τύχην
3643 2775 3738 2843 τὴν

2151 2863 2290 2927 ίδίαν
2337 2871 2696 2941 καταμαθεῖν.
2720 2869 2832 2923 Καὶ
2859 2867 3153 2932 οίωνίζετο.
3190 2865 3500 2936 Οἰωνισμὸς
3532 2863 3578 2917 δ’
3619 2866 3739 2916 ἐστι

2153 2969 2212 3020 τὸ
2260 2967 2545 3037 ἐπιτηρεῖν
2575 2965 2672 3024 τὰς
2700 2965 2810 3016 τῶν
2859 2963 3061 3033 ὀρνέων
3112 2965 3342 3031 πτήσεις
3374 2977 3387 2990 ·
3413 2959 3595 3013 οἰωνοὶ
3627 2963 3735 3025 γάρ

2151 3061 2220 3114 τὰ
2263 3060 2428 3130 ὄρνεα
2479 3057 2776 3125 λέγονται·
2809 3055 2901 3109 καὶ
2945 3054 3043 3118 τὰς
3087 3054 3266 3107 αὐτῶν
3316 3051 3584 3120 κλαγγάς,
3641 3050 3739 3102 καὶ

2154 3150 2380 3205 τοιαῦτά
2426 3167 2572 3213 τινα,
2620 3148 2656 3201 ἃ
2706 3147 2799 3201 καὶ
2853 3146 3236 3201 οἰωνοσκοπίαι
3286 3142 3436 3211 παρὰ
3463 3143 3575 3204 τοῖς
3605 3141 3738 3194 Ἕλ-

2158 3245 2314 3315 λησιν
2365 3243 2734 3313 ὠνομάζοντο,
2789 3241 2886 3295 καὶ
2941 3243 2998 3292 ὲν
3046 3239 3197 3303 τάξει
3247 3237 3412 3308 τιμῆς
3471 3237 3742 3305 μεγίστης

2155 3335 2188 3402 ή
2241 3331 2643 3399 οἰωνοσκοπικὴ
2690 3329 2842 3400 παρά
2885 3328 3186 3396 Ῥωμαίοις
3227 3325 3522 3391 λελόγιστο.
3572 3323 3743 3393 Στρα-

2153 3425 2274 3477 τιὰν
2294 3423 2352 3477 δὲ
2376 3422 2470 3476 τοῦ
2504 3420 2730 3493 οὐρανοῦ
2763 3421 2888 3483 τοὺς
2918 3419 3153 3489 ἀστέρας
3177 3417 3414 3487 νοητέον.

2153 3514 2374 3569 ΑΡΙΣΤ.
2441 3532 2461 3566 ι
2501 3516 2568 3567 Ai
2621 3514 2678 3566 ὲν
2731 3515 2842 3574 τοῖς
2894 3510 3278 3582 ἐργαστηρίοις
3313 3510 3370 3560 ὲν
3399 3507 3748 3578 ’νουμηνίαις

2234 3629 2252 3662 ι
2295 3609 2564 3680 πυρκαῖαὶ
2620 3606 2717 3660 καὶ
2777 3607 2828 3658 oi
2889 3604 3093 3666 ταύτας
3148 3601 3575 3672 ὑπεραλλόμενοι
3609 3619 3749 3655 κατο

2231 3723 2248 3756 ι
2293 3702 2691 3775 αργείσθωσαν.
2735 3717 2754 3752 ›

2228 3798 2408 3862 Τινὲς,
2453 3793 2765 3865 ἔμπροσθεν
2816 3791 2923 3845 τῶν
2950 3791 3326 3864 ἐργαστηρίων
3354 3788 3386 3856 ἢ
3419 3789 3526 3841 τῶν
3574 3789 3746 3842 οἴκων

2155 3887 2434 3957 πυρκαϊὰς
2463 3884 2896 3947 ὑπανάπτοντες,
2922 3884 2980 3934 ὲν
3013 3882 3204 3943 αὑταῖς
3234 3878 3378 3933 κατά
3422 3894 3474 3930 τι
3513 3878 3744 3948 ἀρχαῖον

2157 3976 2280 4038 ἔθος
2329 3975 2567 4045 ἐπήδων.
2603 3975 2732 4027 ’Καὶ
2763 3974 3166 4043 καταργοῦντες
3211 3972 3341 4024 αὐτὸ
3395 3972 3443 4023 οί
3494 3970 3744 4041 Πατέρες

2155 4069 2584 4137 προστάττουσιν
2636 4067 2747 4132 ὡς,
2804 4067 2850 4118 εί
2910 4065 3008 4134 μὲν
3063 4063 3328 4133 κληρικὶς
3383 4060 3743 4132 εὑρεθήσεται

2152 4160 2394 4213 τοιοῦτόν
2417 4177 2470 4212 τι
2501 4158 2778 4230 πράττων,
2826 4156 3291 4228 καθαιρεθήσεται
3321 4170 3337 4186 ⁸
3365 4155 3413 4207 εἰ
3443 4154 3498 4207 δὲ
3524 4153 3738 4218 λαῖκδς,

2155 4251 2610 4322 ἀφορισθήσεται.
2649 4250 2757 4302 Kal
2804 4251 2914 4318 γάρ
2961 4251 2988 4300 ὁ
3041 4243 3345 4327 Μανασσῆς
3394 4247 3452 4298 έν
3501 4246 3638 4315 πυρὶ
3670 4245 3742 4297 τὰ

2153 4346 2323 4398 τέκνα
2387 4342 2557 4396 αὑτοῦ
2604 4342 2905 4411 διαγαγὼν,
2962 4341 3058 4393 καὶ
3110 4336 3536 4409 οἰωνιζόμενος,
3597 4353 3742 4407 παρ-

2153 4439 2357 4511 ὠργισε
2400 4438 2490 4492 τὸν
2525 4437 2678 4491 Θεόν.
3206 4451 3211 4456 ·
3569 4416 3590 4426 ’

2743 4529 2981 4584 ΚΑΝΩΝ
3002 4528 3140 4595 scr.

2157 4645 2175 4676 ι
2229 4625 2362 4678 Ἀπὸ
2392 4624 2492 4693 τῆς
2528 4622 2690 4690 ἁγίας
2737 4620 3114 4688 άναστασίμου
3163 4615 3400 4690 Χριστοῦ
3451 4615 3543 4670 τοῦ
3599 4614 3741 4668 Θεοῦ

2226 4735 2242 4765 ι
2289 4713 2448 4784 ἡμῶν
2514 4713 2730 4784 ἡμέρας
2791 4717 2953 4782 μέχρι
3015 4711 3114 4780 τῆς
3183 4708 3381 4778 καινῆς
3444 4705 3742 4776 Κυριακῆς

2230 4827 2247 4858 ι
2289 4809 2388 4877 τὴν
2420 4807 2549 4876 ὃλην
2581 4804 2851 4876 ἑϐδομάδα
2896 4807 2954 4856 ἐν
3003 4806 3125 4864 ταῖς
3171 4800 3351 4869 ἁγίαις
3415 4797 3743 4868 ἐκκλησίαις

2232 4921 2250 4950 ι
2298 4897 2584 4968 σχολάζειν
2615 4897 2695 4949 δεῖ
2740 4893 3166 4963 άπαραλείπτως
3220 4891 3349 4950 τοὺς
3397 4887 3648 4948 πιστοὺς,
3681 4885 3743 4937 ὲν

2236 5013 2253 5043 ι
2296 4994 2534 5062 ψαλμοῖς
2590 4990 2688 5043 καὶ
2741 4987 2935 5058 ὕμνοις
2986 4985 3082 5040 καὶΙ
3111 4985 3276 5056 ᾠδαῖς
3331 4981 3744 5050 πνευματικαῖς

2235 5100 2251 5128 ι
2295 5077 2759 5148 εὐφραινομένους
2804 5072 3027 5144 Χριστῴ
3071 5072 3166 5126 καὶ
3207 5067 3590 5140 ἑορτάζοντας,
3639 5067 3746 5118 καὶ

2233 5187 2252 5220 ι
2296 5170 2361 5236 τῇ
2412 5165 2522 5218 τῶν
2551 5160 2712 5218 θείων
2741 5161 2973 5234 Γραφῶν
3001 5161 3308 5229 ἀναγνώσει
3338 5158 3740 5228 προσέχοντας,

2234 5277 2252 5310 ι
2296 5255 2391 5310 καὶ
2449 5258 2558 5311 τῶν
2621 5257 2794 5325 ἁγίων
2848 5254 3168 5325 μυστηρίων
3243 5250 3742 5320 κατατρυφῶντας.

2221 5347 2255 5401 ἰ
2310 5349 2578 5420 Ἐσόμεθα
2607 5350 2715 5420 γὰρ
2747 5347 2890 5401 οὕτω
2913 5345 3136 5418 Χριστῷ
3181 5343 3633 5414 συνανιστάμενοί
3673 5358 3738 5395 τε

2237 5461 2254 5492 ι
2297 5446 2390 5494 καὶ
2451 5439 2936 5510 συνανυψούμενοι.
2999 5437 3284 5508 Μηδαμῶς
3342 5435 3437 5489 οὖν
3500 5436 3559 5488 ὲν
3615 5434 3740 5491 ταῖς

2232 5554 2249 5583 ι
2298 5531 2694 5602 προκειμέναις
2734 5531 2968 5600 ἡμέραις
2997 5528 3390 5600 ἱπποδρομίαή
3437 5526 3603 5597 ἑτέρα
3639 5524 3741 5593 δη·-

2233 5643 2250 5673 ‹
2298 5623 2479 5694 μὼδης
2511 5624 2608 5677 θέα
2642 5623 3017 5676 ὲπιτελείσθω.
3056 5640 3074 5673 ι
3687 5647 3689 5650 ⁴
