4062 6404
429 318 533 384 747

1697 302 2417 394 TIIEOD.-BALSAt\ION

3585 307 3692 372 748

429 453 649 493 manant
684 442 813 505 post
834 438 1082 490 sanctam
1118 426 1323 485 Christi
1352 424 1466 479 veri
1501 421 1591 477 Dei
1622 421 1796 475 nostri
1831 432 2011 474 resur-

2122 419 2297 471 πᾶσαν
2325 420 2425 490 τὴν
2451 418 2725 490 ἑϐδομάδα
2753 419 2851 492 τὴν
2897 421 3037 491 μετᾶ
3073 422 3173 491 τὴν
3195 421 3359 490 άγίαν
3390 423 3694 479 ἀνάστασιν

430 534 751 587 rectionem.

978 612 1211 671 CANON
1267 609 1479 665 LXVII.

438 739 455 771 ι
496 719 685 775 Divina
715 716 873 771 nobis
902 712 1187 781 Scriptura
1228 706 1523 763 mandavit,
1569 718 1598 756 a
1627 701 1915 771 sanguine,
1955 707 2011 752 et

513 834 530 864 ι
576 810 863 871 suffocato,
900 814 956 861 et
982 803 1347 860 fornicatione
1398 799 1692 853 abstinere.
1726 794 1831 847 Eos
1854 806 2008 861 ergo,

510 930 527 959 ι
574 908 667 976 qui
703 912 927 975 propter
958 901 1161 954 lautum
1195 907 1247 949 et
1278 894 1573 949 delicatum
1623 896 1869 943 ventrem
1910 902 2006 941 cu-

507 1020 525 1052 ι
566 1001 881 1069 just-noque
948 989 1200 1043 animalis
1262 986 1585 1054 sanguinem
1646 989 1767 1034 arte
1826 978 2009 1045 aliqua

506 1112 521 1141 ι
566 1068 907 1142 esculentum
945 1079 1207 1134 condiunt
1256 1092 1321 1129 ac
1368 1077 1684 1137 instruunt,
1720 1078 1774 1125 et
1806 1071 1887 1124 sic
1918 1068 2011 1122 illo

505 1207 522 1232 ι
567 1189 887 1239 vescuntur,
920 1185 975 1227 ut
1018 1187 1118 1242 par
1149 1178 1234 1225 est
1280 1168 1563 1238 ponimus.
1600 1162 1657 1217 Si
1704 1165 1829 1232 quis
1878 1174 2010 1229 ergo

508 1295 523 1323 ι
570 1274 828 1337 deinceps
888 1265 1144 1320 animalis
1193 1260 1515 1328 sanguinem
1578 1254 1775 1325 quovis
1844 1252 2012 1309 modo

507 1388 525 1418 ι
570 1364 857 1421 comedere
888 1358 1257 1434 aggrediatur,
1291 1356 1336 1408 si
1366 1354 1436 1408 sit
1469 1351 1740 1419 clericus],
1770 1348 2011 1418 depona-

510 1479 526 1509 ι
570 1471 654 1511 ιιιι·
696 1473 709 1509 :
748 1458 830 1508 sin
895 1454 1088 1512 laicus,
1119 1455 1451 1516 segregetur.
1491 1463 1509 1495 ι

422 1588 425 1603 η
500 1548 697 1603 BALS.
730 1544 1005 1612 Scriptum
1038 1547 1122 1595 est
1147 1540 1201 1592 in
1233 1537 1464 1591 Actibus
1502 1535 1899 1605 aposwlorum,
1933 1532 2009 1587 Ne

433 1660 531 1697 nos
564 1638 813 1709 quemvis
840 1634 1161 1703 sanguinem
1210 1630 1589 1691 comedamus,
1637 1626 1721 1681 vel
1775 1624 2011 1680 suﬂoca-

434 1748 547 1789 tum
578 1732 798 1792 animal,
828 1738 878 1781 et
911 1729 1075 1780 etiam
1106 1740 1133 1777 a
1171 1722 1533 1777 fornicatione
1564 1719 1935 1774 abstineamus
1964 1717 2005 1770 ¹.

432 1836 611 1899 Atque
665 1827 830 1880 etiam
888 1823 971 1875 lex
1018 1820 1173 1888 jubet
1226 1816 1501 1875 Mosaica,
1552 1813 1887 1883 Sanguinem
1942 1827 2011 1904 ne

433 1918 740 1977 eomedatis
781 1919 826 1969 ’.
862 1914 1130 1981 Quoniam
1192 1925 1323 1978 ergo
1370 1907 1617 1961 nonnulli
1654 1908 2011 1975 sanguinem,

434 2033 541 2071 non
566 2012 782 2084 quidem
808 2006 1193 2069 comedebant,
1226 2001 1492 2055 nonnulla
1522 2008 1701 2053 autem
1731 1998 2013 2053 esculenta

433 2119 488 2164 et
516 2125 583 2163 ex
623 2105 745 2159 aliis
780 2113 834 2157 et
865 2117 931 2155 ex
960 2099 1227 2169 sanguine
1276 2095 1584 2158 faciebant,
1622 2101 1677 2146 et
1708 2107 1768 2147 se
1798 2104 2013 2145 sacram

435 2201 770 2269 Scripturam
807 2194 1101 2247 observare
1128 2189 1398 2247 dicebant,
1429 2185 1574 2255 quod
1628 2198 1736 2238 non
1786 2183 2017 2252 sangui—

433 2309 558 2349 nem
604 2290 752 2345 nulla
812 2302 869 2340 re
915 2281 1289 2338 intercedente
1353 2279 1728 2343 comederent,
1806 2284 2017 2329 statue-

434 2389 564 2434 runt
592 2376 767 2433 sancti
804 2374 1011 2435 Patres,
1060 2368 1331 2439 ejusmodi
1371 2381 1542 2421 sacra:
1583 2366 1718 2436 legis
1767 2366 2013 2419 circum-

436 2476 788 2546 scriptionem
819 2484 1038 2524 cessare
1074 2474 1368 2537 Oportere;
1403 2478 1659 2532 eumque,
1694 2462 1789 2531 qui
1819 2462 2016 2531 quavis

434 2578 553 2622 arte
590 2567 669 2619 vel
704 2563 917 2617 ratione
956 2558 1208 2613 animalis
1255 2554 1577 2624 sanguinem
1612 2553 1931 2617 comederit,
1970 2551 2014 2606 si

435 2660 509 2713 sit
537 2656 755 2725 quidem
784 2652 1039 2712 clericus,
1071 2646 1455 2717 deponendum
1488 2663 1500 2698 :
1536 2646 1620 2699 sin
1654 2660 1783 2699 vero
1817 2646 2013 2709 laicus,

436 2745 857 2818 segregandum.
897 2742 958 2795 Et
990 2742 1102 2795 haec
1149 2738 1368 2809 quidem
1405 2753 1604 2792 canon.
1648 2736 1831 2793 Latini
1887 2753 2017 2792 vero

434 2836 912 2895 indiscriminatim
963 2832 1230 2888 sull'ocata
1273 2830 1590 2886 comedunt.
1627 2828 2015 2897 Adrianopoli-

436 2933 550 2987 tani
592 2932 801 2992 etiam,
849 2938 907 2982 ut
934 2928 1135 2991 amlio,
1188 2923 1505 2978 animalium
1565 2922 1835 2993 sanguine
1887 2936 2014 2976 cum

434 3023 764 3095 quibusdam
795 3020 1097 3075 esculentis
1144 3027 1397 3072 utuntur.
1431 3016 1626 3081 Quaere
1656 3024 1712 3069 et
1750 3016 1883 3083 imp.
1912 3016 2014 3068 do-

2115 509 2357 581 Χριστοῦ
2392 508 2483 563 τοῦ
2508 509 2761 580 ἀληθινοῦ
2789 512 2922 564 Θεοῦ
2949 511 3124 581 ἡμῶν.

2718 604 2955 656 ΚΔΝΩΝ
2989 602 3105 657 ΞΖ’.

2120 715 2141 747 ι
2198 694 2263 748 Ἦ
2295 695 2413 749 θεία
2429 698 2563 767 ἡμῖν
2585 698 2775 769 Γραφὴ
2798 698 3101 751 ἐνετείλατο
3122 698 3426 770 ἀπέχεσθαι
3442 702 3695 771 αἵματος,

2194 808 2211 839 ι
2258 790 2352 842 καὶ
2406 789 2655 854 πνικτοῦ,
2700 790 2794 844 καὶ
2838 791 3117 861 πορνείας.
3157 792 3281 855 Τοῖς
3327 788 3423 847 οῦν
3468 794 3556 846 διὰ
3598 796 3701 863 τὴν

2196 901 2214 932 ι
2262 882 2441 951 λίχνον
2501 884 2741 953 γαστέρα
2801 880 2941 953 αἷμα
2980 885 3297 954 οίουδήποτε
3355 886 3497 949 ζώου
3531 888 3700 958 τέχνῃ

2194 995 2213 1027 ι
2256 976 2361 1028 τινὶ
2392 976 2899 1040 κατασκευάζουσιν
2932 978 3217 1047 ἐδώδιμον,
3236 978 3330 1031 καὶ
3355 976 3501 1030 οὓτω
3530 980 3695 1030 τοῦτο

2192 1088 2210 1120 ι
2256 1069 2520 1133 ἐσθίουσι,
2548 1073 2902 1150 ,προσφόρως
2939 1070 3309 1140 ἐπιτιμῶμεν.
3372 1072 3440 1124 Et
3486 1089 3569 1133 τις
3598 1068 3696 1123 οὖν

2192 1180 2211 1214 ι
2252 1162 2361 1215 ἀπὸ
2416 1164 2510 1216 τοῦ
2564 1164 2661 1217 νῦν
2699 1161 2843 1235 αἷμα.
2900 1165 3040 1229 ζὼου
3081 1165 3283 1219 ἐσθίειν
3340 1168 3693 1237 ἐπιχειρήσει

2192 1274 2210 1306 ι
2256 1256 2421 1329 οίῳδή
2479 1274 2587 1310 τινι
2613 1260 2827 1327 τρόπῳ,
2861 1259 2910 1310 εἰ
2938 1258 3041 1329 μὲν
3064 1258 3331 1328 κληρικὸς
3356 1259 3470 1330 εἴη,
3502 1261 3697 1313 καθαιο

2194 1370 2213 1402 ι
2267 1350 2495 1420 ρείσθω·
2550 1352 2597 1402 εί
2629 1350 2686 1402 δὲ
2716 1349 2923 1414 λαῖκὸς,
2956 1349 3324 1421 ἁφοριζέσθω.
3372 1369 3393 1403 ι

2186 1534 2383 1587 ΒΑΛΣ.
2412 1533 2725 1604 Γέγραπται
2754 1533 2813 1586 ἐν
2843 1533 2965 1596 ταῖς
2984 1531 3222 1602 Πράξεσι
3249 1532 3356 1585 τῶν
3386 1530 3701 1585 ἀποστόλων

2119 1627 2195 1698 μὴ
2225 1626 2427 1680 ἐσθίειν
2456 1628 2607 1695 ἡμᾶς
2645 1624 3033 1693 οίονδηποτοῦν
3080 1620 3244 1695 αἲμα,
3307 1626 3339 1695 ἢ
3372 1623 3512 1687 ζῶον
3538 1642 3698 1676 πνικ-

2114 1720 2226 1785 τὸν,
2259 1718 2560 1789 ἀπέχεσθαι
2590 1718 2649 1773 δὲ
2681 1719 2773 1771 καὶ
2809 1718 3089 1791 πορνείας.
3117 1718 3229 1772 Καὶ
3254 1719 3283 1770 ὁ
3313 1717 3610 1779 Μωσαῖκὸς
3637 1718 3696 1770 δὲ

2118 1809 2281 1879 νόμος
2312 1809 2749 1880 παρακελεύεται
2781 1826 2796 1841 ⁸
2829 1804 2978 1879 Αἷμα
3012 1809 3071 1861 ού
3099 1809 3368 1879 φάγεσθε.
3422 1809 3577 1861 Ἐπεὶ
3606 1805 3703 1863 οὖν

2116 1918 2264 1963 τινες
2295 1898 2435 1969 αἷμα
2470 1902 2567 1971 μὲν
2603 1902 2701 1955 οὐκ
2728 1902 2937 1973 ἤσθιον,
2962 1902 3183 1955 ἐποίουν
3219 1902 3274 1967 δέ
3310 1918 3432 1955 τινα
3457 1901 3699 1971 ἐδώδιμα

2118 1996 2183 2048 ἔκ
2224 2011 2281 2047 τε
2311 1995 2488 2048 ἄλλων
2520 1996 2613 2049 καὶ
2661 1994 2719 2059 ἐξ
2751 1996 3021 2063 αἱμάτων,
3055 1996 3149 2047 καὶ
3185 1995 3371 2063 ἔλεγον
3405 1995 3701 2065 φυλάττειν

2117 2090 2189 2141 τά
2239 2088 2337 2157 τῆς
2359 2088 2510 2150 θείας
2544 2087 2791 2158 Γραφῆς,
2829 2085 2909 2140 ὅτι
2947 2088 3049 2140 οὐκ
3078 2086 3266 2156 ἤσθιον
3286 2086 3507 2157 ἀμέσως
3535 2081 3698 2156 αἷμα,

2119 2179 2326 2251 ὥρισαν
2351 2180 2401 2232 oi
2452 2179 2602 2246 ἆγιοι
2647 2180 2892 2250 Πατὲρες
2932 2179 3029 2247 τὴν
3052 2178 3311 2247 τοιαύτην
3344 2178 3702 2248 περιγραφὴν

2117 2276 2216 2344 τῆς
2247 2272 2397 2335 θείας
2427 2271 2750 2341 νομοθεσίας
2783 2270 3043 2340 σχολάσαι
3074 2287 3087 2301 ο
3153 2270 3246 2322 καὶ
3265 2272 3355 2323 τὶν
3385 2270 3510 2323 καθ’
3557 2272 3701 2322 οἱον-

2118 2366 2308 2436 δήτινα
2355 2365 2515 2435 λόγον
2557 2364 2818 2434 ἢτέχνην
2874 2364 3117 2432 φαγόντα
3165 2357 3305 2432 αἷμα
3367 2363 3507 2427 ζώου
3553 2364 3699 2427 τινὲς

2120 2459 2384 2529 κληρικὸν
2423 2460 2521 2529 μὲν
2544 2458 2697 2523 ὄντα,
2728 2457 3130 2525 καθαιρεῖσθαι,
3171 2458 3361 2510 mm
3394 2457 3473 2522 δὲ,
3504 2458 3703 2526 ἀφορί-

2122 2553 2333 2618 ζεσθαι.
2365 2552 2479 2605 Καὶ
2507 2555 2534 2604 ὁ
2566 2552 2665 2622 μὲν
2690 2550 2872 2603 κανὼν
2902 2550 3101 2603 ταῦτα’
3138 2554 3185 2603 οί
3208 2552 3264 2604 δέ
3291 2554 3514 2604 Λατῖνοι
3546 2550 3704 2603 ἀδια-

2122 2648 2305 2716 φόρως
2330 2645 2575 2698 ἐσθίουσι
2604 2645 2671 2697 τὰ
2696 2645 2919 2699 πνικτά.
2959 2645 3119 2697 Ἀ).λὰ
3151 2648 3245 2697 καὶ
3303 2647 3349 2697 oi
3389 2643 3707 2713 Ἀδριανου-

2121 2739 2362 2803 πολῖται,
2416 2739 2491 2801 ὡς
2518 2737 2721 2803 ἀκούω,
2758 2741 2871 2802 τοῖς
2908 2740 3108 2808 αἵμασι
3137 2738 3244 2791 τῶν
3276 2737 3432 2801 ζώων
3456 2738 3703 2808 χρῶνται

2125 2834 2265 2902 μετὰ
2320 2832 2598 2902 ἐδωδίμων
2650 2832 2834 2886 τινῶν.
2886 2831 3051 2900 Ζήτει
3103 2833 3198 2883 καὶ
3252 2832 3352 2902 τὴν
3382 2830 3462 2903 νη¹
3498 2832 3702 2902 νεαρὰν

2122 2928 2215 2982 τοῦ
2250 2928 2514 2999 βασλέως
2540 2926 2713 2997 κυροῦ
2767 2929 2997 2988 Λέοντος
3052 2925 3147 2979 τοῦ
3180 2925 3501 2995 φιλοσόφου,
3528 2924 3703 2994 διορι-

2123 3024 2359 3093 ζομένην
2384 3026 2511 3083 τοὺς
2543 3023 2641 3092 μὲν
2670 3020 2989 3084 πωλοῦντας
3018 3021 3051 3093 ἧ
3085 3020 3373 3082 ἐσθίοντας
3400 3016 3538 3081 εἶδος
3562 3020 3706 3071 οίονο

434 3118 565 3172 mini
598 3115 791 3171 Leonis
817 3113 1091 3182 Sapientis
1119 3110 1388 3165 novellam
1416 3108 1503 3173 58,
1533 3124 1650 3177 quae
1671 3109 1863 3162 statuit
1888 3122 2007 3172 eos,

2127 3115 2394 3186 δηποτοῦν
2460 3114 2769 3184 αἱματηρὸν
2826 3115 3165 3183 δημεύεσθαι
3217 3115 3313 3165 καὶ
3370 3111 3706 3176 αἰκίζεσθαι,

434 3211 526 3275 qtti
585 3220 951 3277 quancnnque
1004 3202 1476 3272 sanguinulentam
1538 3199 1776 3270 speciem
1831 3215 2017 3254 come-

433 3304 594 3363 dunt,
635 3298 991 3369 publicandos
1040 3304 1092 3349 et
1140 3310 1371 3363 corpore
1426 3292 1753 3362 puniendos,
1803 3301 1857 3346 et
1917 3295 2017 3345 im-

436 3407 627 3463 pressa
659 3389 770 3442 cuti
806 3396 1032 3441 tonsura
1075 3384 1347 3439 notandos
1376 3423 1389 3447 ,
1420 3391 1475 3437 et
1519 3392 1782 3452 perpetuo
1816 3384 2015 3436 exsilio

436 3486 885 3539 cumlemuaudos
916 3500 927 3531 :
964 3495 1060 3533 eos
1112 3487 1317 3539 autem,
1364 3477 1456 3545 qui
1511 3476 1624 3529 hmo
1669 3491 1777 3529 non
1832 3476 2016 3529 vindi-

436 3588 584 3640 cant,
620 3577 973 3643 magistratus
1012 3573 1197 3627 decem
1234 3572 1496 3624 librarutu
1530 3571 1646 3624 auri
1682 3570 1847 3622 multa
1887 3586 2013 3625 cor.

436 3671 719 3741 ngendos.

508 3759 761 3816 ZUNAR.
804 3762 847 3812 Α
900 3758 1191 3825 sanguine,
1238 3757 1507 3811 suffocato
1553 3766 1607 3811 et
1654 3758 2014 3812 fornicatione

437 3855 823 3910 abstine-mlum
852 3868 977 3906 esse
1010 3853 1063 3904 in
1091 3852 1242 3905 Actis
1271 3851 1503 3919 apostoli
1529 3850 1841 3907 decrevere.
1876 3850 2013 3905 Cum

435 3950 581 4005 enim
646 3945 1123 4001 circutncisionem
1172 3942 1423 3997 lidelihus
1469 3944 1837 3997 necessariam
1891 3932 2024 3997 esse

439 4041 684 4095 nonnulli
740 4046 1142 4098 asseverarent,
1208 4049 1514 4089 convenere
1567 4036 1728 4088 simul
1780 4035 2014 4104 apostoli

436 4146 559 4185 cum
591 4132 759 4184 fratre
795 4126 1011 4181 Domini
1061 4123 1290 4188 Jacobo,
1339 4135 1393 4179 et
1436 4125 1673 4180 consilio
1719 4140 1781 4179 ea
1832 4127 1901 4180 de
1957 4143 2017 4180 re

440 4226 645 4285 habito,
687 4221 874 4275 fideles
908 4221 975 4271 ab
1011 4218 1326 4289 idolothytis
1354 4258 1369 4282 ,
1416 4220 1705 4288 sanguine,
1747 4218 2015 4272 suﬂocato

437 4329 491 4368 et
542 4313 928 4374 fornicatione,
995 4296 1129 4363 nihil
1178 4312 1260 4363 eis
1290 4320 1573 4377 praetcrea
1624 4310 1808 4362 orn-ris
1848 4311 2018 4378 impn—

437 4418 647 4461 netues.
690 4404 963 4457 abstinere
990 4400 1296 4468 jusserunt.
1328 4399 1523 4453 Verum
1560 4401 1612 4455 in
1645 4400 1844 4454 Genesi
1882 4418 2015 4468 quo-

2122 3211 2217 3261 καὶ
2241 3208 2332 3261 διὰ
2394 3208 2495 3278 τῆς
2526 3211 2583 3261 ἐν
2614 3208 2729 3279 χρῷ
2760 3211 2965 3277 κουρᾶς
3022 3205 3409 3277 τιμωρεῖσθαι,
3470 3206 3565 3258 καὶ
3586 3207 3706 3258 ἀει-

2120 3303 2293 3371 φυγίᾳ.
2350 3300 2785 3371 κατακρίνεσθαι
2833 3318 2846 3331 ·
2918 3302 3045 3363 τοὺς
3106 3299 3164 3352 δὲ
3226 3299 3301 3369 μὴ
3352 3301 3420 3352 τὰ
3476 3297 3707 3352 τοιαῦτα

2119 3391 2521 3455 διεκδικοῦντας
2549 3392 2818 3461 ἄρχοντας
2872 3391 3003 3443 δέκα
3024 3390 3223 3460 λιτρῶν
3264 3389 3492 3460 χρυσίου
3528 3407 3706 3461 προσ-

2118 3488 2264 3556 τίμῳ
2290 3486 2629 3539 εὐθύνεσθαι.

2191 3756 2435 3809 ΖΩΝΑΡ.
2470 3756 2542 3807 Τὸ
2573 3755 2805 3823 αἵματος
2850 3753 3175 3823 ἀπέχεσθαι,
3206 3754 3299 3806 καὶ
3324 3754 3554 3809 πνικτοῦ
3609 3755 3710 3806 καὶ

2123 3848 2377 3919 πορνείας
2412 3851 2468 3900 ἐν
2514 3850 2631 3911 ταῖς
2684 3846 2920 3917 Πράξεσι
2979 3848 3313 3914 γέγραπται.
3372 3847 3548 3898 Τινῶν
3593 3849 3706 3915 γὰρ

2120 3943 2388 4009 λεγόντων
2446 3943 2557 3995 δεῖν
2613 3943 2738 4004 τοὺς
2806 3940 3171 4002 πιστεύοντας
3229 3941 3705 4009 περιτέμνεσθαι,

2123 4034 2465 4096 συνελθόντες
2492 4036 2539 4085 οί
2575 4032 2866 4086 ἀπόστολοι
2898 4034 2994 4087 καὶ
3035 4035 3063 4085 ὁ
3092 4033 3413 4100 ἀδελφόθεος
3449 4034 3708 4094 Ίάκωόος

2124 4128 2516 4182 ἐϐουλεύσαντο
2578 4130 2711 4198 περὶ
2763 4127 2983 4188 τούτου,
3053 4128 3146 4178 καὶ
3177 4126 3548 4179 ὲπεστάλκασι
3588 4128 3706 4189 τοῖς

2125 4224 2333 4283 πιστοῖς
2353 4221 2653 4289 ἀπέχεσθαι
2667 4221 2775 4272 τῶν
2793 4219 3177 4284 εἰδωλοθύτων,
3212 4218 3305 4270 καὶ
3326 4209 3581 4288 αἵματο;,
3610 4219 3709 4271 καὶ

2126 4315 2375 4379 πνικτοῦ,
2408 4316 2504 4368 καὶ
2536 4316 2816 4384 πορνείας,
2848 4316 2942 4367 καὶ
2970 4315 3142 4384 μηδὲν
3176 4314 3339 4366 πλέον
3370 4316 3553 4375 αὐτοῖς
3581 4317 3711 4366 ἐπι-

2127 4407 2369 4459 τίθεσθαι
2398 4407 2584 4475 βάρος.
2639 4408 2721 4457 Κα
2777 4408 2833 4456 ἐν
2867 4408 2928 4474 τῇ
2967 4405 3180 4456 Γενέσει
3220 4405 3279 4457 δὲ
3311 4405 3665 4457 διατέτακται
3688 4418 3707 4434 ⁶

436 4518 542 4569 quc
606 4508 932 4567 pia-ceptum
996 4495 1307 4561 huiusmodi
1364 4506 1544 4548 exstat
1606 4496 1907 4555 :Carnem,
1962 4496 2013 4547 in

2131 4502 2203 4551 Ἰὸ
2234 4467 2409 4567 κρέας.
2432 4467 2487 4551 ἐν
2515 4499 2706 4567 αἴματι
2735 4467 3005 4566 ψυχῆς.ού
3045 4497 3306 4565 φάγεσθε.
3340 4498 3419 4567 Τῇ
3445 4497 3563 4567 θείᾳ
3594 4498 3711 4549 τοί-

438 4593 707 4661 sanguine
753 4590 947 4641 anime
995 4602 1103 4639 non
1172 4586 1537 4640 comedetis’.
1597 4586 1801 4641 Divina:
1852 4588 2016 4655 igitur

439 4686 734 4753 Scriptum
770 4682 1172 4739 auctoritatem,
1198 4695 1319 4731 cum
1350 4687 1707 4731 mactatorum
1751 4681 2009 4734 animan-

438 4782 573 4833 tium
610 4775 932 4844 sauguinem
986 4787 1013 4823 ιι
1065 4772 1346 4824 nonnullis
1391 4770 1627 4839 quadam
1677 4772 1843 4842 238
1895 4783 2015 4827 arte

437 4862 669 4931 condiri,
704 4879 867 4937 atque
906 4867 975 4919 ab
1026 4869 1092 4917 iis
1144 4866 1328 4919 esitari
1364 4870 1790 4938 cognovissent,
1826 4868 1877 4919 id
1912 4868 2016 4921 hoc

437 4981 649 5017 canone
685 4966 797 5017 fieri
828 4976 1090 5029 vetuere;
1121 4966 1324 5033 quique
1358 4979 1462 5015 non
1498 4963 1820 5031 paruerint,
1851 4961 2017 5013 cleri-

364 5076 532 5126 -,Acus
564 5058 783 5125 quidem
817 5058 1185 5126 depositione,
1248 5058 1416 5110 laicos
1481 5071 1608 5108 vero
1640 5055 2019 5124 segregatione

360 5149 661 5201 «L’niultari
699 5150 915 5218 iubent.

516 5239 746 5296 AIIIS'I‘.
789 5262 805 5291 ι
845 5241 1093 5296 Clericus
1127 5243 1448 5311 sanguinem
1484 5240 1650 5295 edens
1676 5239 1969 5310 deponitur
1998 5256 2013 5291 :

445 5352 465 5386 ι
503 5335 675 5390 laicus
706 5346 884 5388 autem
911 5347 1248 5405 segregatur.
1297 5355 1311 5384 ι
1350 5333 1696 5401 Perspicuus.

974 5426 1205 5481 CANON
1250 5426 1484 5480 LXVIII.

448 5538 465 5570 ι
506 5518 718 5574 Nemini
781 5520 949 5572 licere
990 5516 1203 5572 Veteris
1250 5528 1305 5571 ct
1364 5518 1496 5572 Novi
1555 5521 1887 5576 Testameoti
1947 5522 2015 5575 li-

517 5633 534 5664 ι
576 5615 760 5679 brum,
788 5620 1173 5665 sanctorumve
1216 5621 1522 5664 nostrorum
1580 5624 1633 5667 et
1689 5618 2021 5683 approbato-

518 5797 535 5827 ’
561 5795 678 5851 Act.
716 5795 916 5859 xv,?.9.
992 5794 1209 5849 ἱιιιξιοξῑ.
1248 5811 1375 5860 xvtt,
1416 5796 1498 5852 I2.

1582 5800 1598 5830 ³
1641 5798 1841 5866 Gencs,
1880 5818 1952 5868 ix,
1977 5804 2031 5856 τ’».

2126 4610 2221 4643 νυν
2254 4592 2444 4660 Γραφῇ
2478 4592 2569 4641 καὶ
2600 4591 2647 4643 οἱ
2673 4589 2803 4640 θεῖοι
2839 4588 3079 4655 Πατέρες
3110 4589 3388 4658 ἑπόμενοι,
3425 4590 3545 4640 ἐπεὶ
3570 4588 3712 4657 ἔμα-

2128 4685 2218 4736 θόν
2271 4702 2423 4746 τινας
2453 4682 2701 4753 μεθόδοις
2742 4684 2854 4734 τισὶ
2886 4683 2945 4733 τὸ
2970 4677 3111 4747 αἷμα
3149 4682 3259 4733 τῶν
3310 4682 3709 4750 σφαττομένων

2128 4778 2286 4840 ζώων
2316 4779 2606 4838 ποιοῦντας
2637 4776 2918 4844 ἐδώδιμον,
2944 4777 3040 4827 καὶ
3081 4774 3361 4836 ἐσθίοντας
3414 4775 3567 4839 αὐτὸ,
3615 4773 3709 4828 διὰ

2127 4872 2220 4923 τοῦ
2250 4872 2472 4932 κανόνος
2490 4869 2681 4921 τούτου
2709 4869 3057 4920 κεκωλύκασι
3073 4866 3135 4918 τὸ
3150 4865 3390 4918 τοιοῦτόν
3418 4882 3470 4918 τι
3504 4868 3708 4933 ποιεῖν,

2128 4968 2555 5033 ἐπιτιμήσαντες
2586 4966 2697 5024 τοῖς
2741 4962 2982 5014 τοιοῦτον
3037 4979 3089 5012 τι
3144 4957 3393 5011 ποιοῦσιν
3424 4997 3439 5021 ,
3481 4958 3532 5009 εἰ
3597 4959 3700 5025 μὲν

2128 5060 2382 5130 κληρικοὶ
2433 5054 2564 5120 εἷεν,
2626 5057 2964 5127 καθαίρεσιν,
3026 5057 3073 5107 εί
3113 5053 3168 5105 δὲ
3222 5051 3426 5115 λα’ίκοὶ,
3503 5054 3703 5120 ἀφορι-

2128 5156 2284 5222 σμόν.

2125 5246 2345 5298 ΔΡΙΣΤ.
2406 5263 2425 5295 ι
2472 5243 2743 5314 Κληρικδς
2771 5237 2913 5307 αἷμα
2940 5237 3137 5291 ἐσθίων
3183 5236 3552 5307 καθαιρεῖται,
3579 5233 3707 5286 λαῖ-

2477 5338 2565 5398 κὸς
2599 5336 2655 5387 δὲ
2683 5333 3019 5403 ἀφορίζεται.
3065 5348 3083 5380 ι
3123 5329 3354 5399 Σαφής.

2709 5426 2947 5480 ΚΛΝΩΝ
2971 5422 3097 5479 EH’.

2137 5546 2152 5577 ι
2200 5527 2331 5596 Περὶ
2354 5524 2445 5577 τοῦ
2481 5525 2553 5594 μὴ
2582 5521 2781 5587 ἐξεῖναί
2806 5538 2912 5572 τινι
2936 5520 3043 5572 τῶν
3076 5520 3294 5573 πάντων
3326 5517 3547 5589 βιϐλίων
3606 5518 3713 5588 τῆς

2205 5640 2221 5670 ι
2269 5620 2499 5682 παλαιάς
2551 5618 2641 5670 καὶ
2693 5610 2883 5683 καινῆς
2936 5614 3239 5683 Διαθήκης,
3286 5611 3392 5665 τῶν
3448 5630 3505 5664 τε
3532 5612 3712 5681 ἁγίων
