  <div class='ocr_page' id='page_1' title='image "/cluster/home/n/w/nwhite01/storage/ocr_20150623/137:no.1/coo.31924054870427/385.png"; bbox 0 0 4062 6438; ppageno 0'>
   <div class='ocr_carea' id='block_1_1' title="bbox 389 382 486 412">
    <p class='ocr_par' dir='ltr' id='par_1_1' title="bbox 389 382 486 412">
     <span class='ocr_line' id='line_1_1' title="bbox 389 382 486 412; baseline 0 -8"><span class='ocrx_word' id='word_1_1' title='bbox 389 382 486 412; x_wconf 54' lang='lat' dir='ltr'><strong>pp»</strong></span> 
     </span>
    </p>
   </div>
   <div class='ocr_carea' id='block_1_2' title="bbox 397 412 492 450">
    <p class='ocr_par' dir='ltr' id='par_1_2' title="bbox 397 412 492 450">
     <span class='ocr_line' id='line_1_2' title="bbox 397 412 492 450; baseline 0.021 -2"><span class='ocrx_word' id='word_1_2' title='bbox 397 412 492 450; x_wconf 58' lang='lat' dir='ltr'><strong>tuo</strong></span> 
     </span>
    </p>
   </div>
   <div class='ocr_carea' id='block_1_3' title="bbox 390 590 1960 663">
    <p class='ocr_par' dir='ltr' id='par_1_3' title="bbox 390 590 1960 663">
     <span class='ocr_line' id='line_1_3' title="bbox 390 590 1960 663; baseline -0.002 -18"><span class='ocrx_word' id='word_1_3' title='bbox 390 591 704 663; x_wconf 78' lang='lat' dir='ltr'><strong>Scripltlras</strong></span> <span class='ocrx_word' id='word_1_4' title='bbox 745 595 924 663; x_wconf 81' lang='lat' dir='ltr'><strong>legere</strong></span> <span class='ocrx_word' id='word_1_5' title='bbox 949 607 1058 661; x_wconf 78' lang='lat' dir='ltr'><strong>pra.-</strong></span> <span class='ocrx_word' id='word_1_6' title='bbox 1085 607 1143 646; x_wconf 88' lang='lat' dir='ltr'><strong>se</strong></span> <span class='ocrx_word' id='word_1_7' title='bbox 1172 593 1432 655; x_wconf 81' lang='lat' dir='ltr'><strong>ferentes,</strong></span> <span class='ocrx_word' id='word_1_8' title='bbox 1469 590 1785 644; x_wconf 85' lang='lat' dir='ltr'><strong>eoneionari</strong></span> <span class='ocrx_word' id='word_1_9' title='bbox 1817 603 1960 658; x_wconf 68' lang='lat' dir='ltr'><strong>saape</strong></span> 
     </span>
    </p>
   </div>
   <div class='ocr_carea' id='block_1_4' title="bbox 386 684 1962 757">
    <p class='ocr_par' dir='ltr' id='par_1_4' title="bbox 386 684 1962 757">
     <span class='ocr_line' id='line_1_4' title="bbox 386 684 1962 757; baseline -0.002 -20"><span class='ocrx_word' id='word_1_10' title='bbox 386 686 867 757; x_wconf 73' lang='lat' dir='ltr'><strong>eggrediebautur,</strong></span> <span class='ocrx_word' id='word_1_11' title='bbox 893 695 946 740; x_wconf 89' lang='lat' dir='ltr'><strong>et</strong></span> <span class='ocrx_word' id='word_1_12' title='bbox 976 686 1041 738; x_wconf 91' lang='lat' dir='ltr'><strong>ad</strong></span> <span class='ocrx_word' id='word_1_13' title='bbox 1071 685 1536 746; x_wconf 61' lang='lat' dir='ltr'><strong>interrogationes</strong></span> <span class='ocrx_word' id='word_1_14' title='bbox 1564 699 1626 736; x_wconf 90' lang='lat' dir='ltr'><strong>ac</strong></span> <span class='ocrx_word' id='word_1_15' title='bbox 1653 684 1962 753; x_wconf 84' lang='lat' dir='ltr'><strong>responsio-</strong></span> 
     </span>
    </p>
   </div>
   <div class='ocr_carea' id='block_1_5' title="bbox 384 763 1962 847">
    <p class='ocr_par' dir='ltr' id='par_1_5' title="bbox 384 763 1962 847">
     <span class='ocr_line' id='line_1_5' title="bbox 384 763 1962 847; baseline -0.001 -15"><span class='ocrx_word' id='word_1_16' title='bbox 384 795 483 833; x_wconf 85' lang='lat' dir='ltr'><strong>nes</strong></span> <span class='ocrx_word' id='word_1_17' title='bbox 511 794 568 834; x_wconf 88' lang='lat' dir='ltr'><strong>se</strong></span> <span class='ocrx_word' id='word_1_18' title='bbox 604 793 948 847; x_wconf 87' lang='lat' dir='ltr'><strong>comparare.</strong></span> <span class='ocrx_word' id='word_1_19' title='bbox 987 777 1140 844; x_wconf 83' lang='lat' dir='ltr'><strong>Quod</strong></span> <span class='ocrx_word' id='word_1_20' title='bbox 1197 777 1420 846; x_wconf 79' lang='lat' dir='ltr'><strong>quidem</strong></span> <span class='ocrx_word' id='word_1_21' title='bbox 1469 777 1724 832; x_wconf 87' lang='lat' dir='ltr'><strong>Patrihus</strong></span> <span class='ocrx_word' id='word_1_22' title='bbox 1757 763 1962 846; x_wconf 83' lang='lat' dir='ltr'><strong>nequa-</strong></span> 
     </span>
    </p>
   </div>
   <div class='ocr_carea' id='block_1_6' title="bbox 383 869 1962 939">
    <p class='ocr_par' dir='ltr' id='par_1_6' title="bbox 383 869 1962 939">
     <span class='ocr_line' id='line_1_6' title="bbox 383 869 1962 939; baseline -0.002 -15"><span class='ocrx_word' id='word_1_23' title='bbox 383 885 546 939; x_wconf 90' lang='lat' dir='ltr'><strong>quam</strong></span> <span class='ocrx_word' id='word_1_24' title='bbox 579 870 901 925; x_wconf 81' lang='lat' dir='ltr'><strong>mulieribus</strong></span> <span class='ocrx_word' id='word_1_25' title='bbox 924 870 1224 926; x_wconf 87' lang='lat' dir='ltr'><strong>convenire</strong></span> <span class='ocrx_word' id='word_1_26' title='bbox 1251 870 1430 924; x_wconf 90' lang='lat' dir='ltr'><strong>visum</strong></span> <span class='ocrx_word' id='word_1_27' title='bbox 1465 881 1582 937; x_wconf 88' lang='lat' dir='ltr'><strong>est;</strong></span> <span class='ocrx_word' id='word_1_28' title='bbox 1615 869 1851 938; x_wconf 84' lang='lat' dir='ltr'><strong>ideoque</strong></span> <span class='ocrx_word' id='word_1_29' title='bbox 1876 878 1962 925; x_wconf 88' lang='lat' dir='ltr'><strong>est</strong></span> 
     </span>
    </p>
   </div>
   <div class='ocr_carea' id='block_1_7' title="bbox 384 964 1960 1034">
    <p class='ocr_par' dir='ltr' id='par_1_7' title="bbox 384 964 1960 1034">
     <span class='ocr_line' id='line_1_7' title="bbox 384 964 1960 1034; baseline 0.003 -20"><span class='ocrx_word' id='word_1_30' title='bbox 384 965 747 1032; x_wconf 82' lang='lat' dir='ltr'><strong>prohibitum.</strong></span> <span class='ocrx_word' id='word_1_31' title='bbox 802 965 1064 1020; x_wconf 73' lang='lat' dir='ltr'><strong>Privatim</strong></span> <span class='ocrx_word' id='word_1_32' title='bbox 1123 972 1304 1020; x_wconf 88' lang='lat' dir='ltr'><strong>autem</strong></span> <span class='ocrx_word' id='word_1_33' title='bbox 1359 964 1750 1034; x_wconf 79' lang='lat' dir='ltr'><strong>prudentiores</strong></span> <span class='ocrx_word' id='word_1_34' title='bbox 1786 966 1960 1019; x_wconf 80' lang='lat' dir='ltr'><strong>inter-</strong></span> 
     </span>
    </p>
   </div>
   <div class='ocr_carea' id='block_1_8' title="bbox 385 1057 1958 1126">
    <p class='ocr_par' dir='ltr' id='par_1_8' title="bbox 385 1057 1958 1126">
     <span class='ocr_line' id='line_1_8' title="bbox 385 1057 1958 1126; baseline 0.001 -17"><span class='ocrx_word' id='word_1_35' title='bbox 385 1072 581 1125; x_wconf 84' lang='lat' dir='ltr'><strong>rogare</strong></span> <span class='ocrx_word' id='word_1_36' title='bbox 610 1057 678 1111; x_wconf 91' lang='lat' dir='ltr'><strong>de</strong></span> <span class='ocrx_word' id='word_1_37' title='bbox 705 1057 987 1126; x_wconf 85' lang='lat' dir='ltr'><strong>aliquibus</strong></span> <span class='ocrx_word' id='word_1_38' title='bbox 1023 1059 1221 1112; x_wconf 84' lang='lat' dir='ltr'><strong>animae</strong></span> <span class='ocrx_word' id='word_1_39' title='bbox 1252 1057 1720 1122; x_wconf 89' lang='lat' dir='ltr'><strong>conducibilibus,</strong></span> <span class='ocrx_word' id='word_1_40' title='bbox 1755 1072 1958 1112; x_wconf 87' lang='lat' dir='ltr'><strong>novum</strong></span> 
     </span>
    </p>
   </div>
   <div class='ocr_carea' id='block_1_9' title="bbox 388 1150 1963 1220">
    <p class='ocr_par' dir='ltr' id='par_1_9' title="bbox 388 1150 1963 1220">
     <span class='ocr_line' id='line_1_9' title="bbox 388 1150 1963 1220; baseline 0.001 -18"><span class='ocrx_word' id='word_1_41' title='bbox 388 1166 497 1203; x_wconf 93' lang='lat' dir='ltr'><strong>non</strong></span> <span class='ocrx_word' id='word_1_42' title='bbox 527 1160 633 1204; x_wconf 88' lang='lat' dir='ltr'><strong>est.</strong></span> <span class='ocrx_word' id='word_1_43' title='bbox 672 1150 814 1220; x_wconf 85' lang='lat' dir='ltr'><strong>Lege</strong></span> <span class='ocrx_word' id='word_1_44' title='bbox 843 1160 900 1204; x_wconf 92' lang='lat' dir='ltr'><strong>et</strong></span> <span class='ocrx_word' id='word_1_45' title='bbox 943 1165 1042 1204; x_wconf 79' lang='lat' dir='ltr'><strong>viti</strong></span> <span class='ocrx_word' id='word_1_46' title='bbox 1077 1151 1170 1205; x_wconf 88' lang='lat' dir='ltr'><strong>lib.</strong></span> <span class='ocrx_word' id='word_1_47' title='bbox 1239 1150 1405 1206; x_wconf 88' lang='lat' dir='ltr'><strong>Basil.</strong></span> <span class='ocrx_word' id='word_1_48' title='bbox 1459 1151 1543 1204; x_wconf 89' lang='lat' dir='ltr'><strong>tit.</strong></span> <span class='ocrx_word' id='word_1_49' title='bbox 1613 1152 1665 1214; x_wconf 74' lang='grc' dir='ltr'>Ι,</span> <span class='ocrx_word' id='word_1_50' title='bbox 1731 1165 1851 1218; x_wconf 89' lang='lat' dir='ltr'><strong>cap.</strong></span> <span class='ocrx_word' id='word_1_51' title='bbox 1911 1152 1963 1213; x_wconf 81' lang='grc'>1,</span> 
     </span>
    </p>
   </div>
   <div class='ocr_carea' id='block_1_10' title="bbox 386 1241 1963 1312">
    <p class='ocr_par' dir='ltr' id='par_1_10' title="bbox 386 1241 1963 1312">
     <span class='ocr_line' id='line_1_10' title="bbox 386 1241 1963 1312; baseline 0.001 -16"><span class='ocrx_word' id='word_1_52' title='bbox 386 1242 592 1296; x_wconf 88' lang='lat' dir='ltr'><strong>dceret.</strong></span> <span class='ocrx_word' id='word_1_53' title='bbox 624 1243 676 1308; x_wconf 80' lang='lat'><strong>5,</strong></span> <span class='ocrx_word' id='word_1_54' title='bbox 705 1241 850 1311; x_wconf 88' lang='lat' dir='ltr'><strong>quod</strong></span> <span class='ocrx_word' id='word_1_55' title='bbox 879 1243 1133 1312; x_wconf 76' lang='lat' dir='ltr'><strong>prohibet</strong></span> <span class='ocrx_word' id='word_1_56' title='bbox 1176 1243 1437 1297; x_wconf 83' lang='lat' dir='ltr'><strong>mulieres</strong></span> <span class='ocrx_word' id='word_1_57' title='bbox 1491 1242 1710 1311; x_wconf 84' lang='lat' dir='ltr'><strong>publice</strong></span> <span class='ocrx_word' id='word_1_58' title='bbox 1761 1257 1963 1297; x_wconf 80' lang='lat' dir='ltr'><strong>causas</strong></span> 
     </span>
    </p>
   </div>
   <div class='ocr_carea' id='block_1_11' title="bbox 387 1331 1966 1402">
    <p class='ocr_par' dir='ltr' id='par_1_11' title="bbox 387 1331 1966 1402">
     <span class='ocr_line' id='line_1_11' title="bbox 387 1331 1966 1402; baseline 0 -16"><span class='ocrx_word' id='word_1_59' title='bbox 387 1349 566 1402; x_wconf 82' lang='lat' dir='ltr'><strong>agere.</strong></span> <span class='ocrx_word' id='word_1_60' title='bbox 589 1335 668 1387; x_wconf 85' lang='lat' dir='ltr'><strong>sic</strong></span> <span class='ocrx_word' id='word_1_61' title='bbox 692 1350 949 1402; x_wconf 76' lang='lat' dir='ltr'><strong>expresse</strong></span> <span class='ocrx_word' id='word_1_62' title='bbox 973 1335 1192 1389; x_wconf 85' lang='lat' dir='ltr'><strong>dicens:</strong></span> <span class='ocrx_word' id='word_1_63' title='bbox 1225 1331 1328 1386; x_wconf 88' lang='lat' dir='ltr'><strong>Pro</strong></span> <span class='ocrx_word' id='word_1_64' title='bbox 1344 1349 1403 1388; x_wconf 87' lang='lat' dir='ltr'><strong>se</strong></span> <span class='ocrx_word' id='word_1_65' title='bbox 1424 1333 1554 1388; x_wconf 81' lang='lat' dir='ltr'><strong>solis</strong></span> <span class='ocrx_word' id='word_1_66' title='bbox 1579 1347 1774 1388; x_wconf 80' lang='lat' dir='ltr'><strong>causas</strong></span> <span class='ocrx_word' id='word_1_67' title='bbox 1797 1342 1966 1401; x_wconf 82' lang='lat' dir='ltr'><strong>agunt</strong></span> 
     </span>
    </p>
   </div>
   <div class='ocr_carea' id='block_1_12' title="bbox 386 1425 1962 1480">
    <p class='ocr_par' dir='ltr' id='par_1_12' title="bbox 386 1425 1962 1480">
     <span class='ocr_line' id='line_1_12' title="bbox 386 1425 1962 1480; baseline -0.001 -1"><span class='ocrx_word' id='word_1_68' title='bbox 386 1426 584 1479; x_wconf 89' lang='lat' dir='ltr'><strong>mulier</strong></span> <span class='ocrx_word' id='word_1_69' title='bbox 615 1436 668 1480; x_wconf 89' lang='lat' dir='ltr'><strong>et</strong></span> <span class='ocrx_word' id='word_1_70' title='bbox 728 1442 906 1480; x_wconf 68' lang='lat' dir='ltr'><strong>cmcus</strong></span> <span class='ocrx_word' id='word_1_71' title='bbox 945 1438 958 1478; x_wconf 88' lang='lat'>:</span> <span class='ocrx_word' id='word_1_72' title='bbox 1000 1427 1196 1480; x_wconf 87' lang='lat' dir='ltr'><strong>mulier</strong></span> <span class='ocrx_word' id='word_1_73' title='bbox 1247 1427 1391 1478; x_wconf 88' lang='lat' dir='ltr'><strong>enim</strong></span> <span class='ocrx_word' id='word_1_74' title='bbox 1441 1425 1584 1478; x_wconf 84' lang='lat' dir='ltr'><strong>virili</strong></span> <span class='ocrx_word' id='word_1_75' title='bbox 1637 1425 1812 1478; x_wconf 74' lang='lat' dir='ltr'><strong>ofﬁcio</strong></span> <span class='ocrx_word' id='word_1_76' title='bbox 1856 1440 1962 1477; x_wconf 89' lang='lat' dir='ltr'><strong>non</strong></span> 
     </span>
    </p>
   </div>
   <div class='ocr_carea' id='block_1_13' title="bbox 388 1517 1967 1588">
    <p class='ocr_par' dir='ltr' id='par_1_13' title="bbox 388 1517 1967 1588">
     <span class='ocr_line' id='line_1_13' title="bbox 388 1517 1967 1588; baseline -0.001 -17"><span class='ocrx_word' id='word_1_77' title='bbox 388 1518 667 1588; x_wconf 76' lang='lat' dir='ltr'><strong>fiiugitur;</strong></span> <span class='ocrx_word' id='word_1_78' title='bbox 700 1526 752 1571; x_wconf 90' lang='lat' dir='ltr'><strong>et</strong></span> <span class='ocrx_word' id='word_1_79' title='bbox 787 1535 873 1572; x_wconf 79' lang='lat' dir='ltr'><strong>xxi</strong></span> <span class='ocrx_word' id='word_1_80' title='bbox 907 1518 999 1571; x_wconf 91' lang='lat' dir='ltr'><strong>hb.</strong></span> <span class='ocrx_word' id='word_1_81' title='bbox 1035 1518 1120 1570; x_wconf 86' lang='lat' dir='ltr'><strong>tit.</strong></span> <span class='ocrx_word' id='word_1_82' title='bbox 1159 1518 1207 1582; x_wconf 83' lang='grc' dir='ltr'>Ι,</span> <span class='ocrx_word' id='word_1_83' title='bbox 1242 1533 1364 1585; x_wconf 86' lang='lat' dir='ltr'><strong>cap.</strong></span> <span class='ocrx_word' id='word_1_84' title='bbox 1399 1518 1496 1582; x_wconf 84' lang='grc' dir='ltr'>Η,</span> <span class='ocrx_word' id='word_1_85' title='bbox 1526 1518 1748 1571; x_wconf 88' lang='lat' dir='ltr'><strong>dicens:</strong></span> <span class='ocrx_word' id='word_1_86' title='bbox 1776 1517 1967 1571; x_wconf 81' lang='lat' dir='ltr'><strong>Mulier</strong></span> 
     </span>
    </p>
   </div>
   <div class='ocr_carea' id='block_1_14' title="bbox 386 1609 1964 1666">
    <p class='ocr_par' dir='ltr' id='par_1_14' title="bbox 386 1609 1964 1666">
     <span class='ocr_line' id='line_1_14' title="bbox 386 1609 1964 1666; baseline -0.003 -1"><span class='ocrx_word' id='word_1_87' title='bbox 386 1612 442 1666; x_wconf 91' lang='lat' dir='ltr'><strong>in</strong></span> <span class='ocrx_word' id='word_1_88' title='bbox 477 1620 806 1665; x_wconf 86' lang='lat' dir='ltr'><strong>testamento</strong></span> <span class='ocrx_word' id='word_1_89' title='bbox 834 1627 936 1664; x_wconf 92' lang='lat' dir='ltr'><strong>non</strong></span> <span class='ocrx_word' id='word_1_90' title='bbox 970 1609 1074 1664; x_wconf 84' lang='lat' dir='ltr'><strong>fert</strong></span> <span class='ocrx_word' id='word_1_91' title='bbox 1107 1611 1477 1664; x_wconf 86' lang='lat' dir='ltr'><strong>testimonium</strong></span> <span class='ocrx_word' id='word_1_92' title='bbox 1512 1627 1524 1660; x_wconf 88' lang='lat'><strong>:</strong></span> <span class='ocrx_word' id='word_1_93' title='bbox 1553 1609 1604 1662; x_wconf 93' lang='lat' dir='ltr'><strong>in</strong></span> <span class='ocrx_word' id='word_1_94' title='bbox 1637 1609 1760 1665; x_wconf 90' lang='lat' dir='ltr'><strong>aliis</strong></span> <span class='ocrx_word' id='word_1_95' title='bbox 1782 1619 1964 1663; x_wconf 86' lang='lat' dir='ltr'><strong>autem</strong></span> 
     </span>
    </p>
   </div>
   <div class='ocr_carea' id='block_1_15' title="bbox 387 1699 1962 1768">
    <p class='ocr_par' dir='ltr' id='par_1_15' title="bbox 387 1699 1962 1768">
     <span class='ocr_line' id='line_1_15' title="bbox 387 1699 1962 1768; baseline 0 -14"><span class='ocrx_word' id='word_1_96' title='bbox 387 1700 525 1754; x_wconf 89' lang='lat' dir='ltr'><strong>dicit</strong></span> <span class='ocrx_word' id='word_1_97' title='bbox 559 1701 962 1763; x_wconf 88' lang='lat' dir='ltr'><strong>testimonium,</strong></span> <span class='ocrx_word' id='word_1_98' title='bbox 993 1699 1046 1753; x_wconf 92' lang='lat' dir='ltr'><strong>in</strong></span> <span class='ocrx_word' id='word_1_99' title='bbox 1080 1699 1280 1768; x_wconf 81' lang='lat' dir='ltr'><strong>quibus</strong></span> <span class='ocrx_word' id='word_1_100' title='bbox 1312 1699 1412 1753; x_wconf 90' lang='lat' dir='ltr'><strong>viri</strong></span> <span class='ocrx_word' id='word_1_101' title='bbox 1442 1715 1552 1753; x_wconf 90' lang='lat' dir='ltr'><strong>non</strong></span> <span class='ocrx_word' id='word_1_102' title='bbox 1581 1709 1962 1755; x_wconf 83' lang='lat' dir='ltr'><strong>accersuntur.</strong></span> 
     </span>
    </p>
   </div>
   <div class='ocr_carea' id='block_1_16' title="bbox 384 1787 1966 1860">
    <p class='ocr_par' dir='ltr' id='par_1_16' title="bbox 384 1787 1966 1860">
     <span class='ocr_line' id='line_1_16' title="bbox 384 1787 1966 1860; baseline 0.001 -16"><span class='ocrx_word' id='word_1_103' title='bbox 384 1789 452 1844; x_wconf 84' lang='lat' dir='ltr'><strong>Et</strong></span> <span class='ocrx_word' id='word_1_104' title='bbox 485 1791 552 1844; x_wconf 73' lang='grc'><strong>48</strong></span> <span class='ocrx_word' id='word_1_105' title='bbox 577 1792 856 1846; x_wconf 89' lang='lat' dir='ltr'><strong>Novellam</strong></span> <span class='ocrx_word' id='word_1_106' title='bbox 893 1791 1256 1859; x_wconf 79' lang='lat' dir='ltr'><strong>imp-domini</strong></span> <span class='ocrx_word' id='word_1_107' title='bbox 1284 1787 1485 1846; x_wconf 85' lang='lat' dir='ltr'><strong>Leonis</strong></span> <span class='ocrx_word' id='word_1_108' title='bbox 1516 1789 1811 1860; x_wconf 84' lang='lat' dir='ltr'><strong>Sapientis,</strong></span> <span class='ocrx_word' id='word_1_109' title='bbox 1843 1806 1966 1859; x_wconf 71' lang='lat' dir='ltr'><strong>qure</strong></span> 
     </span>
    </p>
   </div>
   <div class='ocr_carea' id='block_1_17' title="bbox 384 1881 1961 1951">
    <p class='ocr_par' dir='ltr' id='par_1_17' title="bbox 384 1881 1961 1951">
     <span class='ocr_line' id='line_1_17' title="bbox 384 1881 1961 1951; baseline 0.001 -16"><span class='ocrx_word' id='word_1_110' title='bbox 384 1881 635 1951; x_wconf 81' lang='lat' dir='ltr'><strong>prohibet</strong></span> <span class='ocrx_word' id='word_1_111' title='bbox 663 1882 924 1936; x_wconf 84' lang='lat' dir='ltr'><strong>mulieres</strong></span> <span class='ocrx_word' id='word_1_112' title='bbox 947 1883 1000 1936; x_wconf 92' lang='lat' dir='ltr'><strong>in</strong></span> <span class='ocrx_word' id='word_1_113' title='bbox 1037 1882 1566 1938; x_wconf 86' lang='lat' dir='ltr'><strong>conventionibusel</strong></span> <span class='ocrx_word' id='word_1_114' title='bbox 1589 1882 1961 1937; x_wconf 85' lang='lat' dir='ltr'><strong>contractibus</strong></span> 
     </span>
    </p>
   </div>
   <div class='ocr_carea' id='block_1_18' title="bbox 387 1974 1961 2044">
    <p class='ocr_par' dir='ltr' id='par_1_18' title="bbox 387 1974 1961 2044">
     <span class='ocr_line' id='line_1_18' title="bbox 387 1974 1961 2044; baseline 0.001 -16"><span class='ocrx_word' id='word_1_115' title='bbox 387 1975 528 2029; x_wconf 82' lang='lat' dir='ltr'><strong>ferre</strong></span> <span class='ocrx_word' id='word_1_116' title='bbox 557 1974 930 2030; x_wconf 86' lang='lat' dir='ltr'><strong>testimonium</strong></span> <span class='ocrx_word' id='word_1_117' title='bbox 970 1992 984 2029; x_wconf 92' lang='lat'><strong>:</strong></span> <span class='ocrx_word' id='word_1_118' title='bbox 1021 1975 1075 2028; x_wconf 92' lang='lat' dir='ltr'><strong>in</strong></span> <span class='ocrx_word' id='word_1_119' title='bbox 1123 1983 1281 2044; x_wconf 87' lang='lat' dir='ltr'><strong>partu</strong></span> <span class='ocrx_word' id='word_1_120' title='bbox 1333 1986 1540 2038; x_wconf 87' lang='lat' dir='ltr'><strong>autem,</strong></span> <span class='ocrx_word' id='word_1_121' title='bbox 1575 1983 1630 2028; x_wconf 86' lang='lat' dir='ltr'><strong>et</strong></span> <span class='ocrx_word' id='word_1_122' title='bbox 1675 1977 1729 2028; x_wconf 91' lang='lat' dir='ltr'><strong>in</strong></span> <span class='ocrx_word' id='word_1_123' title='bbox 1782 1976 1872 2033; x_wconf 88' lang='lat' dir='ltr'><strong>iis.</strong></span> <span class='ocrx_word' id='word_1_124' title='bbox 1905 1976 1961 2030; x_wconf 91' lang='lat' dir='ltr'><strong>in</strong></span> 
     </span>
    </p>
   </div>
   <div class='ocr_carea' id='block_1_19' title="bbox 384 2067 1959 2137">
    <p class='ocr_par' dir='ltr' id='par_1_19' title="bbox 384 2067 1959 2137">
     <span class='ocr_line' id='line_1_19' title="bbox 384 2067 1959 2137; baseline 0.004 -18"><span class='ocrx_word' id='word_1_125' title='bbox 384 2069 585 2137; x_wconf 85' lang='lat' dir='ltr'><strong>quibus</strong></span> <span class='ocrx_word' id='word_1_126' title='bbox 616 2068 764 2122; x_wconf 92' lang='lat' dir='ltr'><strong>solus</strong></span> <span class='ocrx_word' id='word_1_127' title='bbox 815 2067 1111 2122; x_wconf 80' lang='lat' dir='ltr'><strong>feminiuus</strong></span> <span class='ocrx_word' id='word_1_128' title='bbox 1161 2076 1420 2137; x_wconf 66' lang='lat' dir='ltr'><strong>aspectus</strong></span> <span class='ocrx_word' id='word_1_129' title='bbox 1465 2067 1788 2130; x_wconf 82' lang='lat' dir='ltr'><strong>admittitur.</strong></span> <span class='ocrx_word' id='word_1_130' title='bbox 1850 2085 1959 2125; x_wconf 88' lang='lat' dir='ltr'><strong>non</strong></span> 
     </span>
    </p>
   </div>
   <div class='ocr_carea' id='block_1_20' title="bbox 385 2161 1962 2233">
    <p class='ocr_par' dir='ltr' id='par_1_20' title="bbox 385 2161 1962 2233">
     <span class='ocr_line' id='line_1_20' title="bbox 385 2161 1962 2233; baseline 0.001 -16"><span class='ocrx_word' id='word_1_131' title='bbox 385 2164 550 2217; x_wconf 84' lang='lat' dir='ltr'><strong>etiam</strong></span> <span class='ocrx_word' id='word_1_132' title='bbox 582 2161 724 2215; x_wconf 90' lang='lat' dir='ltr'><strong>oculi</strong></span> <span class='ocrx_word' id='word_1_133' title='bbox 763 2161 1086 2225; x_wconf 88' lang='lat' dir='ltr'><strong>hominum,</strong></span> <span class='ocrx_word' id='word_1_134' title='bbox 1137 2178 1230 2216; x_wconf 84' lang='lat' dir='ltr'><strong>eas</strong></span> <span class='ocrx_word' id='word_1_135' title='bbox 1282 2161 1659 2216; x_wconf 86' lang='lat' dir='ltr'><strong>testimonium</strong></span> <span class='ocrx_word' id='word_1_136' title='bbox 1718 2166 1962 2233; x_wconf 62' lang='lat' dir='ltr'><strong>praebere</strong></span> 
     </span>
    </p>
   </div>
   <div class='ocr_carea' id='block_1_21' title="bbox 387 2249 1961 2323">
    <p class='ocr_par' dir='ltr' id='par_1_21' title="bbox 387 2249 1961 2323">
     <span class='ocr_line' id='line_1_21' title="bbox 387 2249 1961 2323; baseline 0.002 -17"><span class='ocrx_word' id='word_1_137' title='bbox 387 2253 677 2323; x_wconf 75' lang='lat' dir='ltr'><strong>permittit.</strong></span> <span class='ocrx_word' id='word_1_138' title='bbox 714 2252 907 2318; x_wconf 80' lang='lat' dir='ltr'><strong>Quaere</strong></span> <span class='ocrx_word' id='word_1_139' title='bbox 949 2261 1001 2306; x_wconf 90' lang='lat' dir='ltr'><strong>et</strong></span> <span class='ocrx_word' id='word_1_140' title='bbox 1030 2249 1328 2308; x_wconf 87' lang='lat' dir='ltr'><strong>.lustiuiani</strong></span> <span class='ocrx_word' id='word_1_141' title='bbox 1373 2254 1475 2308; x_wconf 72' lang='lat'><strong>118</strong></span> <span class='ocrx_word' id='word_1_142' title='bbox 1526 2254 1828 2318; x_wconf 79' lang='lat' dir='ltr'><strong>Novellam,</strong></span> <span class='ocrx_word' id='word_1_143' title='bbox 1864 2271 1961 2311; x_wconf 88' lang='lat' dir='ltr'><strong>seu</strong></span> 
     </span>
    </p>
   </div>
   <div class='ocr_carea' id='block_1_22' title="bbox 385 2344 1964 2415">
    <p class='ocr_par' dir='ltr' id='par_1_22' title="bbox 385 2344 1964 2415">
     <span class='ocr_line' id='line_1_22' title="bbox 385 2344 1964 2415; baseline 0.001 -16"><span class='ocrx_word' id='word_1_144' title='bbox 385 2355 552 2414; x_wconf 83' lang='lat' dir='ltr'><strong>caput</strong></span> <span class='ocrx_word' id='word_1_145' title='bbox 585 2345 653 2399; x_wconf 73' lang='lat' dir='ltr'><strong>M</strong></span> <span class='ocrx_word' id='word_1_146' title='bbox 677 2385 693 2411; x_wconf 91' lang='lat'><strong>,</strong></span> <span class='ocrx_word' id='word_1_147' title='bbox 720 2345 754 2399; x_wconf 74' lang='grc'>4</span> <span class='ocrx_word' id='word_1_148' title='bbox 791 2347 872 2399; x_wconf 88' lang='lat' dir='ltr'><strong>tit.</strong></span> <span class='ocrx_word' id='word_1_149' title='bbox 919 2361 1107 2399; x_wconf 75' lang='lat' dir='ltr'><strong>xxxv”</strong></span> <span class='ocrx_word' id='word_1_150' title='bbox 1141 2346 1263 2400; x_wconf 89' lang='lat' dir='ltr'><strong>libri</strong></span> <span class='ocrx_word' id='word_1_151' title='bbox 1302 2344 1520 2401; x_wconf 74' lang='lat' dir='ltr'><strong>Basilio.</strong></span> <span class='ocrx_word' id='word_1_152' title='bbox 1553 2363 1677 2415; x_wconf 64' lang='lat' dir='ltr'><strong>quae</strong></span> <span class='ocrx_word' id='word_1_153' title='bbox 1709 2348 1964 2415; x_wconf 87' lang='lat' dir='ltr'><strong>prohibet</strong></span> 
     </span>
    </p>
   </div>
   <div class='ocr_carea' id='block_1_23' title="bbox 386 2437 1965 2507">
    <p class='ocr_par' dir='ltr' id='par_1_23' title="bbox 386 2437 1965 2507">
     <span class='ocr_line' id='line_1_23' title="bbox 386 2437 1965 2507; baseline 0.003 -16"><span class='ocrx_word' id='word_1_154' title='bbox 386 2441 644 2496; x_wconf 84' lang='lat' dir='ltr'><strong>mulieres</strong></span> <span class='ocrx_word' id='word_1_155' title='bbox 677 2437 792 2492; x_wconf 78' lang='lat' dir='ltr'><strong>fieri</strong></span> <span class='ocrx_word' id='word_1_156' title='bbox 829 2437 1077 2498; x_wconf 83' lang='lat' dir='ltr'><strong>tutriees,</strong></span> <span class='ocrx_word' id='word_1_157' title='bbox 1109 2446 1162 2490; x_wconf 90' lang='lat' dir='ltr'><strong>et</strong></span> <span class='ocrx_word' id='word_1_158' title='bbox 1192 2438 1306 2492; x_wconf 74' lang='lat' dir='ltr'><strong>hrec</strong></span> <span class='ocrx_word' id='word_1_159' title='bbox 1339 2441 1568 2507; x_wconf 75' lang='lat' dir='ltr'><strong>przecise</strong></span> <span class='ocrx_word' id='word_1_160' title='bbox 1595 2442 1726 2496; x_wconf 91' lang='lat' dir='ltr'><strong>dicit</strong></span> <span class='ocrx_word' id='word_1_161' title='bbox 1747 2460 1760 2496; x_wconf 86' lang='lat'><strong>:</strong></span> <span class='ocrx_word' id='word_1_162' title='bbox 1785 2439 1965 2495; x_wconf 84' lang='lat' dir='ltr'><strong>Femi-</strong></span> 
     </span>
    </p>
   </div>
   <div class='ocr_carea' id='block_1_24' title="bbox 387 2529 1963 2600">
    <p class='ocr_par' dir='ltr' id='par_1_24' title="bbox 387 2529 1963 2600">
     <span class='ocr_line' id='line_1_24' title="bbox 387 2529 1963 2600; baseline 0.006 -18"><span class='ocrx_word' id='word_1_163' title='bbox 387 2530 474 2585; x_wconf 85' lang='lat' dir='ltr'><strong>nis</strong></span> <span class='ocrx_word' id='word_1_164' title='bbox 513 2530 656 2584; x_wconf 84' lang='lat' dir='ltr'><strong>enim</strong></span> <span class='ocrx_word' id='word_1_165' title='bbox 690 2543 792 2584; x_wconf 88' lang='lat' dir='ltr'><strong>nos</strong></span> <span class='ocrx_word' id='word_1_166' title='bbox 825 2542 1045 2598; x_wconf 89' lang='lat' dir='ltr'><strong>quoque</strong></span> <span class='ocrx_word' id='word_1_167' title='bbox 1091 2529 1464 2600; x_wconf 82' lang='lat' dir='ltr'><strong>prohibemus,</strong></span> <span class='ocrx_word' id='word_1_168' title='bbox 1499 2549 1566 2588; x_wconf 91' lang='lat' dir='ltr'><strong>ne</strong></span> <span class='ocrx_word' id='word_1_169' title='bbox 1611 2537 1794 2590; x_wconf 74' lang='lat' dir='ltr'><strong>tutela:</strong></span> <span class='ocrx_word' id='word_1_170' title='bbox 1839 2554 1963 2591; x_wconf 85' lang='lat' dir='ltr'><strong>mu-</strong></span> 
     </span>
    </p>
   </div>
   <div class='ocr_carea' id='block_1_25' title="bbox 385 2619 1959 2685">
    <p class='ocr_par' dir='ltr' id='par_1_25' title="bbox 385 2619 1959 2685">
     <span class='ocr_line' id='line_1_25' title="bbox 385 2619 1959 2685; baseline 0.006 -14"><span class='ocrx_word' id='word_1_171' title='bbox 385 2634 520 2672; x_wconf 87' lang='lat' dir='ltr'><strong>nera</strong></span> <span class='ocrx_word' id='word_1_172' title='bbox 565 2619 819 2685; x_wconf 88' lang='lat' dir='ltr'><strong>subeant,</strong></span> <span class='ocrx_word' id='word_1_173' title='bbox 869 2619 974 2672; x_wconf 90' lang='lat' dir='ltr'><strong>nisi</strong></span> <span class='ocrx_word' id='word_1_174' title='bbox 1028 2619 1100 2673; x_wconf 90' lang='lat' dir='ltr'><strong>sit</strong></span> <span class='ocrx_word' id='word_1_175' title='bbox 1153 2628 1330 2676; x_wconf 89' lang='lat' dir='ltr'><strong>mater</strong></span> <span class='ocrx_word' id='word_1_176' title='bbox 1364 2622 1446 2676; x_wconf 86' lang='lat' dir='ltr'><strong>vel</strong></span> <span class='ocrx_word' id='word_1_177' title='bbox 1499 2624 1642 2680; x_wconf 89' lang='lat' dir='ltr'><strong>avia.</strong></span> <span class='ocrx_word' id='word_1_178' title='bbox 1698 2626 1772 2683; x_wconf 89' lang='lat' dir='ltr'><strong>Iis</strong></span> <span class='ocrx_word' id='word_1_179' title='bbox 1812 2630 1959 2683; x_wconf 88' lang='lat' dir='ltr'><strong>enim</strong></span> 
     </span>
    </p>
   </div>
   <div class='ocr_carea' id='block_1_26' title="bbox 387 2709 1964 2789">
    <p class='ocr_par' dir='ltr' id='par_1_26' title="bbox 387 2709 1964 2789">
     <span class='ocr_line' id='line_1_26' title="bbox 387 2709 1964 2789; baseline 0.006 -25"><span class='ocrx_word' id='word_1_180' title='bbox 387 2711 520 2764; x_wconf 85' lang='lat' dir='ltr'><strong>solis</strong></span> <span class='ocrx_word' id='word_1_181' title='bbox 553 2710 854 2764; x_wconf 91' lang='lat' dir='ltr'><strong>secundum</strong></span> <span class='ocrx_word' id='word_1_182' title='bbox 895 2709 1230 2766; x_wconf 68' lang='lat' dir='ltr'><strong>hmrcditatis</strong></span> <span class='ocrx_word' id='word_1_183' title='bbox 1279 2712 1526 2768; x_wconf 90' lang='lat' dir='ltr'><strong>ordinem</strong></span> <span class='ocrx_word' id='word_1_184' title='bbox 1560 2717 1784 2771; x_wconf 85' lang='lat' dir='ltr'><strong>tutelam</strong></span> <span class='ocrx_word' id='word_1_185' title='bbox 1825 2735 1964 2789; x_wconf 78' lang='lat' dir='ltr'><strong>quo-</strong></span> 
     </span>
    </p>
   </div>
   <div class='ocr_carea' id='block_1_27' title="bbox 385 2802 1958 2882">
    <p class='ocr_par' dir='ltr' id='par_1_27' title="bbox 385 2802 1958 2882">
     <span class='ocr_line' id='line_1_27' title="bbox 385 2802 1958 2882; baseline 0.009 -28"><span class='ocrx_word' id='word_1_186' title='bbox 385 2817 496 2867; x_wconf 84' lang='lat' dir='ltr'><strong>que</strong></span> <span class='ocrx_word' id='word_1_187' title='bbox 523 2802 710 2857; x_wconf 87' lang='lat' dir='ltr'><strong>subire</strong></span> <span class='ocrx_word' id='word_1_188' title='bbox 741 2803 1134 2873; x_wconf 85' lang='lat' dir='ltr'><strong>permittimus,</strong></span> <span class='ocrx_word' id='word_1_189' title='bbox 1165 2805 1210 2859; x_wconf 90' lang='lat' dir='ltr'><strong>si</strong></span> <span class='ocrx_word' id='word_1_190' title='bbox 1245 2806 1469 2877; x_wconf 89' lang='lat' dir='ltr'><strong>scriptis</strong></span> <span class='ocrx_word' id='word_1_191' title='bbox 1495 2817 1549 2863; x_wconf 89' lang='lat' dir='ltr'><strong>et</strong></span> <span class='ocrx_word' id='word_1_192' title='bbox 1571 2809 1693 2866; x_wconf 86' lang='lat' dir='ltr'><strong>aliis</strong></span> <span class='ocrx_word' id='word_1_193' title='bbox 1729 2813 1958 2882; x_wconf 86' lang='lat' dir='ltr'><strong>nuptiis,</strong></span> 
     </span>
    </p>
   </div>
   <div class='ocr_carea' id='block_1_28' title="bbox 386 2893 1956 2972">
    <p class='ocr_par' dir='ltr' id='par_1_28' title="bbox 386 2893 1956 2972">
     <span class='ocr_line' id='line_1_28' title="bbox 386 2893 1956 2972; baseline 0.009 -26"><span class='ocrx_word' id='word_1_194' title='bbox 386 2904 439 2946; x_wconf 83' lang='lat' dir='ltr'><strong>et</strong></span> <span class='ocrx_word' id='word_1_195' title='bbox 479 2897 944 2952; x_wconf 89' lang='lat' dir='ltr'><strong>senatusconsulti</strong></span> <span class='ocrx_word' id='word_1_196' title='bbox 982 2893 1243 2952; x_wconf 87' lang='lat' dir='ltr'><strong>Velleiani</strong></span> <span class='ocrx_word' id='word_1_197' title='bbox 1270 2900 1476 2956; x_wconf 85' lang='lat' dir='ltr'><strong>auxilio</strong></span> <span class='ocrx_word' id='word_1_198' title='bbox 1497 2905 1956 2972; x_wconf 81' lang='lat' dir='ltr'><strong>renuntiaveriut_</strong></span> 
     </span>
    </p>
   </div>
   <div class='ocr_carea' id='block_1_29' title="bbox 388 2985 1962 3066">
    <p class='ocr_par' dir='ltr' id='par_1_29' title="bbox 388 2985 1962 3066">
     <span class='ocr_line' id='line_1_29' title="bbox 388 2985 1962 3066; baseline 0.011 -28"><span class='ocrx_word' id='word_1_199' title='bbox 388 2985 443 3038; x_wconf 87' lang='lat' dir='ltr'><strong>Si</strong></span> <span class='ocrx_word' id='word_1_200' title='bbox 479 2985 594 3041; x_wconf 67' lang='lat' dir='ltr'><strong>haec</strong></span> <span class='ocrx_word' id='word_1_201' title='bbox 614 2989 758 3041; x_wconf 91' lang='lat' dir='ltr'><strong>enim</strong></span> <span class='ocrx_word' id='word_1_202' title='bbox 792 2986 1427 3053; x_wconf 85' lang='lat' dir='ltr'><strong>servaverint,omnibus</strong></span> <span class='ocrx_word' id='word_1_203' title='bbox 1448 2998 1540 3066; x_wconf 89' lang='lat' dir='ltr'><strong>qui</strong></span> <span class='ocrx_word' id='word_1_204' title='bbox 1565 2997 1618 3052; x_wconf 94' lang='lat' dir='ltr'><strong>in</strong></span> <span class='ocrx_word' id='word_1_205' title='bbox 1652 3008 1962 3056; x_wconf 91' lang='lat' dir='ltr'><strong>transversa</strong></span> 
     </span>
    </p>
   </div>
   <div class='ocr_carea' id='block_1_30' title="bbox 368 3077 1961 3158">
    <p class='ocr_par' dir='ltr' id='par_1_30' title="bbox 368 3077 1961 3158">
     <span class='ocr_line' id='line_1_30' title="bbox 368 3077 1961 3158; baseline 0.009 -28"><span class='ocrx_word' id='word_1_206' title='bbox 368 3085 517 3158; x_wconf 49' lang='lat' dir='ltr'><strong>,sunt</strong></span> <span class='ocrx_word' id='word_1_207' title='bbox 551 3077 696 3132; x_wconf 88' lang='lat' dir='ltr'><strong>linea</strong></span> <span class='ocrx_word' id='word_1_208' title='bbox 741 3081 993 3149; x_wconf 84' lang='lat' dir='ltr'><strong>cognatis</strong></span> <span class='ocrx_word' id='word_1_209' title='bbox 1036 3080 1089 3133; x_wconf 90' lang='lat' dir='ltr'><strong>iu</strong></span> <span class='ocrx_word' id='word_1_210' title='bbox 1149 3082 1317 3135; x_wconf 88' lang='lat' dir='ltr'><strong>tutela</strong></span> <span class='ocrx_word' id='word_1_211' title='bbox 1357 3084 1751 3153; x_wconf 81' lang='lat' dir='ltr'><strong>praeferentur,</strong></span> <span class='ocrx_word' id='word_1_212' title='bbox 1794 3099 1961 3146; x_wconf 89' lang='lat' dir='ltr'><strong>testa-</strong></span> 
     </span>
    </p>
   </div>
   <div class='ocr_carea' id='block_1_31' title="bbox 1661 371 2482 442">
    <p class='ocr_par' dir='ltr' id='par_1_31' title="bbox 1661 371 2482 442">
     <span class='ocr_line' id='line_1_31' title="bbox 1661 371 2482 442; baseline 0 0"><span class='ocrx_word' id='word_1_213' title='bbox 1661 385 1942 442; x_wconf 82' lang='lat' dir='ltr'><strong>THEOD.</strong></span> <span class='ocrx_word' id='word_1_214' title='bbox 1988 371 2388 442; x_wconf 74' lang='lat' dir='ltr'><strong>BALSAMON</strong></span> <span class='ocrx_word' id='word_1_215' title='bbox 2469 427 2482 441; x_wconf 92' lang='lat'><strong>.</strong></span> 
     </span>
    </p>
   </div>
   <div class='ocr_carea' id='block_1_32' title="bbox 387 495 1964 568">
    <p class='ocr_par' dir='ltr' id='par_1_32' title="bbox 387 495 1964 568">
     <span class='ocr_line' id='line_1_32' title="bbox 387 495 1964 568; baseline -0.004 -13"><span class='ocrx_word' id='word_1_216' title='bbox 387 501 702 563; x_wconf 63' lang='lat' dir='ltr'><strong>Verisimile,</strong></span> <span class='ocrx_word' id='word_1_217' title='bbox 751 500 1004 555; x_wconf 86' lang='lat' dir='ltr'><strong>mulieres</strong></span> <span class='ocrx_word' id='word_1_218' title='bbox 1059 500 1305 568; x_wconf 58' lang='lat' dir='ltr'><strong>quendam</strong></span> <span class='ocrx_word' id='word_1_219' title='bbox 1356 514 1419 550; x_wconf 87' lang='lat' dir='ltr'><strong>eo</strong></span> <span class='ocrx_word' id='word_1_220' title='bbox 1465 507 1707 566; x_wconf 86' lang='lat' dir='ltr'><strong>tempore</strong></span> <span class='ocrx_word' id='word_1_221' title='bbox 1748 495 1964 550; x_wconf 87' lang='lat' dir='ltr'><strong>divinas</strong></span> 
     </span>
    </p>
   </div>
   <div class='ocr_carea' id='block_1_33' title="bbox 2072 495 2666 568">
    <p class='ocr_par' dir='ltr' id='par_1_33' title="bbox 2072 495 2666 564">
     <span class='ocr_line' id='line_1_33' title="bbox 2072 495 2666 564; baseline 0.005 -18"><span class='ocrx_word' id='word_1_222' title='bbox 2072 495 2409 564; x_wconf 77' lang='grc' dir='ltr'>εμποδίστως</span> <span class='ocrx_word' id='word_1_223' title='bbox 2463 495 2666 549; x_wconf 77' lang='grc' dir='ltr'><strong>λαλεῖν.</strong></span> 
     </span>
    </p>
   </div>
   <div class='ocr_carea' id='block_1_34' title="bbox 3541 373 3652 438">
    <p class='ocr_par' dir='ltr' id='par_1_34' title="bbox 3541 373 3652 438">
     <span class='ocr_line' id='line_1_34' title="bbox 3541 373 3652 438; baseline -0.018 0"><span class='ocrx_word' id='word_1_224' title='bbox 3541 373 3652 438; x_wconf 79' lang='grc' dir='ltr'>75ϐ</span> 
     </span>
    </p>
   </div>
   <div class='ocr_carea' id='block_1_35' title="bbox 2751 488 3656 564">
    <p class='ocr_par' dir='ltr' id='par_1_35' title="bbox 2751 488 3656 564">
     <span class='ocr_line' id='line_1_35' title="bbox 2751 488 3656 564; baseline -0.006 -17"><span class='ocrx_word' id='word_1_225' title='bbox 2751 493 2863 548; x_wconf 69' lang='grc' dir='ltr'><strong>Καὶ</strong></span> <span class='ocrx_word' id='word_1_226' title='bbox 2950 489 3256 564; x_wconf 78' lang='grc' dir='ltr'>τηνικαῦτα</span> <span class='ocrx_word' id='word_1_227' title='bbox 3310 488 3419 560; x_wconf 80' lang='grc' dir='ltr'>γὰρ</span> <span class='ocrx_word' id='word_1_228' title='bbox 3491 491 3656 560; x_wconf 69' lang='grc' dir='ltr'>σιγᾷν</span> 
     </span>
    </p>
   </div>
   <div class='ocr_carea' id='block_1_36' title="bbox 2064 582 3658 656">
    <p class='ocr_par' dir='ltr' id='par_1_36' title="bbox 2064 582 3658 656">
     <span class='ocr_line' id='line_1_36' title="bbox 2064 582 3658 656; baseline -0.003 -14"><span class='ocrx_word' id='word_1_229' title='bbox 2064 588 2394 656; x_wconf 74' lang='grc' dir='ltr'><strong>ὀφείλουσιν.</strong></span> <span class='ocrx_word' id='word_1_230' title='bbox 2468 590 2553 653; x_wconf 84' lang='grc' dir='ltr'>Ὠς</span> <span class='ocrx_word' id='word_1_231' title='bbox 2609 589 2753 642; x_wconf 81' lang='grc' dir='ltr'>ἐοικε</span> <span class='ocrx_word' id='word_1_232' title='bbox 2811 587 2868 640; x_wconf 74' lang='grc' dir='ltr'>δὲ</span> <span class='ocrx_word' id='word_1_233' title='bbox 2933 585 3193 654; x_wconf 83' lang='grc' dir='ltr'>γυναῖκές</span> <span class='ocrx_word' id='word_1_234' title='bbox 3249 600 3440 650; x_wconf 89' lang='grc' dir='ltr'>τινες,</span> <span class='ocrx_word' id='word_1_235' title='bbox 3514 582 3658 638; x_wconf 76' lang='grc' dir='ltr'>κατὰ</span> 
     </span>
    </p>
   </div>
   <div class='ocr_carea' id='block_1_37' title="bbox 2065 681 3655 757">
    <p class='ocr_par' dir='ltr' id='par_1_37' title="bbox 2065 681 3655 757">
     <span class='ocr_line' id='line_1_37' title="bbox 2065 681 3655 757; baseline -0.004 -17"><span class='ocrx_word' id='word_1_236' title='bbox 2065 687 2157 740; x_wconf 84' lang='grc' dir='ltr'>τὺν</span> <span class='ocrx_word' id='word_1_237' title='bbox 2189 687 2309 739; x_wconf 72' lang='grc' dir='ltr'>τότε</span> <span class='ocrx_word' id='word_1_238' title='bbox 2342 686 2534 757; x_wconf 68' lang='grc' dir='ltr'>καιρδν</span> <span class='ocrx_word' id='word_1_239' title='bbox 2563 686 2873 753; x_wconf 78' lang='grc' dir='ltr'><strong>ἀνάγνωσιν</strong></span> <span class='ocrx_word' id='word_1_240' title='bbox 2905 685 3070 738; x_wconf 82' lang='grc' dir='ltr'>θείων</span> <span class='ocrx_word' id='word_1_241' title='bbox 3130 684 3168 736; x_wconf 85' lang='grc' dir='ltr'><strong><em>Γ</em></strong></span> <span class='ocrx_word' id='word_1_242' title='bbox 3177 681 3364 752; x_wconf 81' lang='grc' dir='ltr'>ραφῶν</span> <span class='ocrx_word' id='word_1_243' title='bbox 3415 683 3655 752; x_wconf 75' lang='grc' dir='ltr'>ὑποκριοο</span> 
     </span>
    </p>
   </div>
   <div class='ocr_carea' id='block_1_38' title="bbox 2064 769 3658 848">
    <p class='ocr_par' dir='ltr' id='par_1_38' title="bbox 2064 769 3658 848">
     <span class='ocr_line' id='line_1_38' title="bbox 2064 769 3658 848; baseline -0.005 -17"><span class='ocrx_word' id='word_1_244' title='bbox 2064 779 2306 848; x_wconf 80' lang='grc' dir='ltr'>νόμεναι,</span> <span class='ocrx_word' id='word_1_245' title='bbox 2363 776 2748 843; x_wconf 80' lang='grc' dir='ltr'><strong>ἐκκλησιάζειν</strong></span> <span class='ocrx_word' id='word_1_246' title='bbox 2815 777 3138 846; x_wconf 74' lang='grc' dir='ltr'><strong>ἐπεχείρουν</strong></span> <span class='ocrx_word' id='word_1_247' title='bbox 3195 774 3263 826; x_wconf 77' lang='grc' dir='ltr'><strong>τὰ</strong></span> <span class='ocrx_word' id='word_1_248' title='bbox 3312 769 3506 837; x_wconf 76' lang='grc' dir='ltr'>πολλὰ,</span> <span class='ocrx_word' id='word_1_249' title='bbox 3557 774 3658 826; x_wconf 74' lang='grc' dir='ltr'><strong>καὶ</strong></span> 
     </span>
    </p>
   </div>
   <div class='ocr_carea' id='block_1_39' title="bbox 2067 867 3658 940">
    <p class='ocr_par' dir='ltr' id='par_1_39' title="bbox 2067 867 3658 940">
     <span class='ocr_line' id='line_1_39' title="bbox 2067 867 3658 940; baseline -0.003 -17"><span class='ocrx_word' id='word_1_250' title='bbox 2067 869 2202 940; x_wconf 82' lang='grc' dir='ltr'>πρὸς</span> <span class='ocrx_word' id='word_1_251' title='bbox 2239 870 2541 940; x_wconf 79' lang='grc' dir='ltr'><strong>ἐρωτήσεις</strong></span> <span class='ocrx_word' id='word_1_252' title='bbox 2593 873 2688 923; x_wconf 73' lang='grc' dir='ltr'>καὶ</span> <span class='ocrx_word' id='word_1_253' title='bbox 2732 868 3048 935; x_wconf 76' lang='grc' dir='ltr'><strong>ἀποκρίσεις</strong></span> <span class='ocrx_word' id='word_1_254' title='bbox 3087 867 3478 936; x_wconf 76' lang='grc' dir='ltr'><strong>ἑτοιμάζεσθαι</strong></span> <span class='ocrx_word' id='word_1_255' title='bbox 3515 867 3658 937; x_wconf 81' lang='grc' dir='ltr'>ὅπερ</span> 
     </span>
    </p>
   </div>
   <div class='ocr_carea' id='block_1_40' title="bbox 2065 955 3653 1030">
    <p class='ocr_par' dir='ltr' id='par_1_40' title="bbox 2065 955 3653 1030">
     <span class='ocr_line' id='line_1_40' title="bbox 2065 955 3653 1030; baseline -0.003 -15"><span class='ocrx_word' id='word_1_256' title='bbox 2065 961 2337 1016; x_wconf 83' lang='grc' dir='ltr'>ἀνοίκειον</span> <span class='ocrx_word' id='word_1_257' title='bbox 2359 955 2500 1014; x_wconf 73' lang='grc' dir='ltr'>εἶναι</span> <span class='ocrx_word' id='word_1_258' title='bbox 2528 961 2777 1030; x_wconf 65' lang='grc' dir='ltr'>γυναιξὶν</span> <span class='ocrx_word' id='word_1_259' title='bbox 2803 958 2952 1025; x_wconf 78' lang='grc' dir='ltr'>εδοξε</span> <span class='ocrx_word' id='word_1_260' title='bbox 3007 963 3121 1021; x_wconf 89' lang='grc' dir='ltr'>τοῖς</span> <span class='ocrx_word' id='word_1_261' title='bbox 3159 959 3410 1030; x_wconf 83' lang='grc' dir='ltr'>Πατράσι</span> <span class='ocrx_word' id='word_1_262' title='bbox 3440 975 3456 990; x_wconf 77' lang='grc'><strong><em>⁸</em></strong></span> <span class='ocrx_word' id='word_1_263' title='bbox 3515 959 3653 1012; x_wconf 77' lang='grc' dir='ltr'>κάν-</span> 
     </span>
    </p>
   </div>
   <div class='ocr_carea' id='block_1_41' title="bbox 2066 1051 3652 1126">
    <p class='ocr_par' dir='ltr' id='par_1_41' title="bbox 2066 1051 3652 1126">
     <span class='ocr_line' id='line_1_41' title="bbox 2066 1051 3652 1126; baseline -0.003 -20"><span class='ocrx_word' id='word_1_264' title='bbox 2066 1055 2256 1108; x_wconf 81' lang='grc' dir='ltr'>τεῦθεν</span> <span class='ocrx_word' id='word_1_265' title='bbox 2285 1056 2382 1108; x_wconf 75' lang='grc' dir='ltr'><strong>καὶ</strong></span> <span class='ocrx_word' id='word_1_266' title='bbox 2409 1055 2682 1126; x_wconf 84' lang='grc' dir='ltr'>ἐκωλύθη.</span> <span class='ocrx_word' id='word_1_267' title='bbox 2720 1054 3037 1110; x_wconf 75' lang='grc' dir='ltr'>Κατὀίδίαν</span> <span class='ocrx_word' id='word_1_268' title='bbox 3057 1054 3113 1106; x_wconf 82' lang='grc' dir='ltr'>δὲ</span> <span class='ocrx_word' id='word_1_269' title='bbox 3147 1054 3362 1124; x_wconf 60' lang='grc' dir='ltr'>ἐρωτᾷν</span> <span class='ocrx_word' id='word_1_270' title='bbox 3389 1051 3490 1115; x_wconf 79' lang='grc' dir='ltr'>τὰς</span> <span class='ocrx_word' id='word_1_271' title='bbox 3519 1067 3652 1103; x_wconf 90' lang='grc' dir='ltr'>συν-</span> 
     </span>
    </p>
   </div>
   <div class='ocr_carea' id='block_1_42' title="bbox 2066 1147 3653 1219">
    <p class='ocr_par' dir='ltr' id='par_1_42' title="bbox 2066 1147 3653 1219">
     <span class='ocr_line' id='line_1_42' title="bbox 2066 1147 3653 1219; baseline 0 -19"><span class='ocrx_word' id='word_1_272' title='bbox 2066 1148 2339 1218; x_wconf 83' lang='grc' dir='ltr'>ετωτέρας</span> <span class='ocrx_word' id='word_1_273' title='bbox 2369 1151 2496 1219; x_wconf 63' lang='grc' dir='ltr'>περὶ.</span> <span class='ocrx_word' id='word_1_274' title='bbox 2534 1148 2874 1218; x_wconf 76' lang='grc' dir='ltr'>ψυχωφελῶν</span> <span class='ocrx_word' id='word_1_275' title='bbox 2913 1165 3082 1200; x_wconf 88' lang='grc' dir='ltr'>τινων</span> <span class='ocrx_word' id='word_1_276' title='bbox 3115 1147 3216 1201; x_wconf 77' lang='grc' dir='ltr'><strong>οὐκ</strong></span> <span class='ocrx_word' id='word_1_277' title='bbox 3263 1147 3380 1200; x_wconf 83' lang='grc' dir='ltr'>ἐστι</span> <span class='ocrx_word' id='word_1_278' title='bbox 3441 1147 3653 1200; x_wconf 83' lang='grc' dir='ltr'>καινόν.</span> 
     </span>
    </p>
   </div>
   <div class='ocr_carea' id='block_1_43' title="bbox 2080 1239 3655 1313">
    <p class='ocr_par' dir='ltr' id='par_1_43' title="bbox 2080 1239 3655 1313">
     <span class='ocr_line' id='line_1_43' title="bbox 2080 1239 3655 1313; baseline -0.001 -20"><span class='ocrx_word' id='word_1_279' title='bbox 2080 1242 2389 1308; x_wconf 85' lang='grc' dir='ltr'>Ἀνάγνωθι</span> <span class='ocrx_word' id='word_1_280' title='bbox 2423 1243 2518 1294; x_wconf 82' lang='grc' dir='ltr'><strong>καὶ</strong></span> <span class='ocrx_word' id='word_1_281' title='bbox 2561 1242 2764 1313; x_wconf 88' lang='grc' dir='ltr'>βιϐλίον</span> <span class='ocrx_word' id='word_1_282' title='bbox 2790 1249 2842 1311; x_wconf 85' lang='grc' dir='ltr'>η’</span> <span class='ocrx_word' id='word_1_283' title='bbox 2876 1241 2990 1294; x_wconf 86' lang='grc' dir='ltr'>τῶν</span> <span class='ocrx_word' id='word_1_284' title='bbox 3034 1241 3340 1295; x_wconf 82' lang='grc' dir='ltr'>Βασιλικῶν</span> <span class='ocrx_word' id='word_1_285' title='bbox 3363 1239 3544 1294; x_wconf 89' lang='grc' dir='ltr'>τίτλου</span> <span class='ocrx_word' id='word_1_286' title='bbox 3577 1246 3655 1304; x_wconf 78' lang='grc' dir='ltr'>α’,</span> 
     </span>
    </p>
   </div>
   <div class='ocr_carea' id='block_1_44' title="bbox 2069 1334 3650 1404">
    <p class='ocr_par' dir='ltr' id='par_1_44' title="bbox 2069 1334 3650 1404">
     <span class='ocr_line' id='line_1_44' title="bbox 2069 1334 3650 1404; baseline -0.001 -19"><span class='ocrx_word' id='word_1_287' title='bbox 2069 1334 2212 1402; x_wconf 77' lang='grc' dir='ltr'>θέμα</span> <span class='ocrx_word' id='word_1_288' title='bbox 2239 1341 2279 1387; x_wconf 76' lang='grc' dir='ltr'>ε’</span> <span class='ocrx_word' id='word_1_289' title='bbox 2304 1335 2518 1387; x_wconf 87' lang='grc' dir='ltr'>κωλύον</span> <span class='ocrx_word' id='word_1_290' title='bbox 2560 1337 2659 1399; x_wconf 72' lang='grc' dir='ltr'><strong>τὰς</strong></span> <span class='ocrx_word' id='word_1_291' title='bbox 2707 1337 2974 1401; x_wconf 86' lang='grc' dir='ltr'>γυναῖκας</span> <span class='ocrx_word' id='word_1_292' title='bbox 3007 1335 3330 1404; x_wconf 80' lang='grc' dir='ltr'>συνηγορεῖν</span> <span class='ocrx_word' id='word_1_293' title='bbox 3388 1334 3650 1404; x_wconf 76' lang='grc' dir='ltr'>δημοσίᾳ,</span> 
     </span>
    </p>
   </div>
   <div class='ocr_carea' id='block_1_45' title="bbox 2067 1427 3651 1500">
    <p class='ocr_par' dir='ltr' id='par_1_45' title="bbox 2067 1427 3651 1500">
     <span class='ocr_line' id='line_1_45' title="bbox 2067 1427 3651 1500; baseline 0.001 -21"><span class='ocrx_word' id='word_1_294' title='bbox 2067 1428 2224 1496; x_wconf 80' lang='grc' dir='ltr'>λέγον</span> <span class='ocrx_word' id='word_1_295' title='bbox 2263 1427 2406 1483; x_wconf 77' lang='grc' dir='ltr'>οὕτω</span> <span class='ocrx_word' id='word_1_296' title='bbox 2453 1430 2630 1498; x_wconf 76' lang='grc' dir='ltr'>ῥητῶς</span> <span class='ocrx_word' id='word_1_297' title='bbox 2654 1447 2667 1459; x_wconf 66' lang='grc' dir='ltr'><strong>ι</strong></span> <span class='ocrx_word' id='word_1_298' title='bbox 2715 1429 2887 1496; x_wconf 79' lang='grc' dir='ltr'>’Υπὲρ</span> <span class='ocrx_word' id='word_1_299' title='bbox 2942 1431 3123 1500; x_wconf 72' lang='grc' dir='ltr'>μόνων</span> <span class='ocrx_word' id='word_1_300' title='bbox 3158 1428 3372 1482; x_wconf 79' lang='grc' dir='ltr'>ἑαυτῶν</span> <span class='ocrx_word' id='word_1_301' title='bbox 3407 1444 3651 1497; x_wconf 76' lang='grc' dir='ltr'>συνηγοιο</span> 
     </span>
    </p>
   </div>
   <div class='ocr_carea' id='block_1_46' title="bbox 2072 1519 3650 1592">
    <p class='ocr_par' dir='ltr' id='par_1_46' title="bbox 2072 1519 3650 1592">
     <span class='ocr_line' id='line_1_46' title="bbox 2072 1519 3650 1592; baseline -0.001 -19"><span class='ocrx_word' id='word_1_302' title='bbox 2072 1523 2225 1590; x_wconf 76' lang='grc' dir='ltr'>ροῦσι</span> <span class='ocrx_word' id='word_1_303' title='bbox 2259 1521 2397 1592; x_wconf 76' lang='grc' dir='ltr'>γυνὴ</span> <span class='ocrx_word' id='word_1_304' title='bbox 2424 1523 2520 1575; x_wconf 53' lang='grc' dir='ltr'><strong>καὶ¹</strong></span> <span class='ocrx_word' id='word_1_305' title='bbox 2549 1522 2790 1591; x_wconf 81' lang='grc' dir='ltr'>τυφλός·</span> <span class='ocrx_word' id='word_1_306' title='bbox 2825 1525 2858 1590; x_wconf 81' lang='grc' dir='ltr'>ἠ</span> <span class='ocrx_word' id='word_1_307' title='bbox 2889 1523 3026 1592; x_wconf 82' lang='grc' dir='ltr'>γυνὴ</span> <span class='ocrx_word' id='word_1_308' title='bbox 3053 1521 3163 1592; x_wconf 84' lang='grc' dir='ltr'><strong>γὰρ</strong></span> <span class='ocrx_word' id='word_1_309' title='bbox 3211 1522 3272 1572; x_wconf 85' lang='grc' dir='ltr'><strong>οὐ</strong></span> <span class='ocrx_word' id='word_1_310' title='bbox 3321 1519 3650 1590; x_wconf 78' lang='grc' dir='ltr'>μετέρχεται</span> 
     </span>
    </p>
   </div>
   <div class='ocr_carea' id='block_1_47' title="bbox 2068 1609 3656 1685">
    <p class='ocr_par' dir='ltr' id='par_1_47' title="bbox 2068 1609 3656 1685">
     <span class='ocr_line' id='line_1_47' title="bbox 2068 1609 3656 1685; baseline -0.001 -19"><span class='ocrx_word' id='word_1_311' title='bbox 2068 1615 2280 1685; x_wconf 80' lang='grc' dir='ltr'>ἀνδρῶν</span> <span class='ocrx_word' id='word_1_312' title='bbox 2335 1615 2565 1683; x_wconf 77' lang='grc' dir='ltr'>ὀφφίκια</span> <span class='ocrx_word' id='word_1_313' title='bbox 2589 1633 2602 1648; x_wconf 74' lang='grc' dir='ltr'><strong>ο</strong></span> <span class='ocrx_word' id='word_1_314' title='bbox 2639 1618 2730 1668; x_wconf 66' lang='grc' dir='ltr'><strong>καὶ</strong></span> <span class='ocrx_word' id='word_1_315' title='bbox 2766 1614 2971 1683; x_wconf 88' lang='grc' dir='ltr'>βιϐλίον</span> <span class='ocrx_word' id='word_1_316' title='bbox 3003 1621 3110 1679; x_wconf 86' lang='grc' dir='ltr'>κα’,</span> <span class='ocrx_word' id='word_1_317' title='bbox 3134 1614 3272 1666; x_wconf 81' lang='grc' dir='ltr'>τίτλ.</span> <span class='ocrx_word' id='word_1_318' title='bbox 3300 1619 3373 1677; x_wconf 86' lang='grc' dir='ltr'>α’,</span> <span class='ocrx_word' id='word_1_319' title='bbox 3409 1629 3536 1680; x_wconf 70' lang='grc' dir='ltr'>κεςρ.</span> <span class='ocrx_word' id='word_1_320' title='bbox 3562 1609 3656 1672; x_wconf 80' lang='grc' dir='ltr'>ια’.</span> 
     </span>
    </p>
   </div>
   <div class='ocr_carea' id='block_1_48' title="bbox 2068 1701 3650 1776">
    <p class='ocr_par' dir='ltr' id='par_1_48' title="bbox 2068 1701 3650 1776">
     <span class='ocr_line' id='line_1_48' title="bbox 2068 1701 3650 1776; baseline -0.003 -18"><span class='ocrx_word' id='word_1_321' title='bbox 2068 1706 2228 1774; x_wconf 83' lang='grc' dir='ltr'>λέγον</span> <span class='ocrx_word' id='word_1_322' title='bbox 2251 1721 2264 1735; x_wconf 74' lang='grc'><strong><em>⁸</em></strong></span> <span class='ocrx_word' id='word_1_323' title='bbox 2301 1705 2444 1776; x_wconf 83' lang='grc' dir='ltr'>Γυνὴ</span> <span class='ocrx_word' id='word_1_324' title='bbox 2465 1709 2523 1758; x_wconf 90' lang='grc' dir='ltr'><strong>ἐν</strong></span> <span class='ocrx_word' id='word_1_325' title='bbox 2547 1706 2781 1776; x_wconf 79' lang='grc' dir='ltr'><strong>διαθήκῃ</strong></span> <span class='ocrx_word' id='word_1_326' title='bbox 2818 1707 2877 1758; x_wconf 79' lang='grc' dir='ltr'><strong>οὑ</strong></span> <span class='ocrx_word' id='word_1_327' title='bbox 2905 1707 3209 1775; x_wconf 80' lang='grc' dir='ltr'>μαρτυρεῖ·</span> <span class='ocrx_word' id='word_1_328' title='bbox 3259 1706 3317 1756; x_wconf 89' lang='grc' dir='ltr'><strong>ἐν</strong></span> <span class='ocrx_word' id='word_1_329' title='bbox 3347 1702 3532 1765; x_wconf 82' lang='grc' dir='ltr'>ἄλλοις</span> <span class='ocrx_word' id='word_1_330' title='bbox 3590 1701 3650 1754; x_wconf 79' lang='grc' dir='ltr'><strong>δὲ</strong></span> 
     </span>
    </p>
   </div>
   <div class='ocr_carea' id='block_1_49' title="bbox 2074 1794 3641 1869">
    <p class='ocr_par' dir='ltr' id='par_1_49' title="bbox 2074 1794 3641 1869">
     <span class='ocr_line' id='line_1_49' title="bbox 2074 1794 3641 1869; baseline -0.003 -19"><span class='ocrx_word' id='word_1_331' title='bbox 2074 1799 2383 1869; x_wconf 77' lang='grc' dir='ltr'>μαρτυρίαν</span> <span class='ocrx_word' id='word_1_332' title='bbox 2417 1800 2594 1867; x_wconf 83' lang='grc' dir='ltr'>νέμει.</span> <span class='ocrx_word' id='word_1_333' title='bbox 2625 1800 2681 1851; x_wconf 83' lang='grc' dir='ltr'><strong>ἐν</strong></span> <span class='ocrx_word' id='word_1_334' title='bbox 2736 1794 2816 1860; x_wconf 80' lang='grc' dir='ltr'>οἷς</span> <span class='ocrx_word' id='word_1_335' title='bbox 2854 1799 3047 1867; x_wconf 74' lang='grc' dir='ltr'>ἄνδρες</span> <span class='ocrx_word' id='word_1_336' title='bbox 3075 1798 3134 1849; x_wconf 83' lang='grc' dir='ltr'><strong>ού</strong></span> <span class='ocrx_word' id='word_1_337' title='bbox 3177 1795 3641 1866; x_wconf 71' lang='grc' dir='ltr'>προσκαλοῦνταιο</span> 
     </span>
    </p>
   </div>
   <div class='ocr_carea' id='block_1_50' title="bbox 2069 1886 3659 1960">
    <p class='ocr_par' dir='ltr' id='par_1_50' title="bbox 2069 1886 3659 1960">
     <span class='ocr_line' id='line_1_50' title="bbox 2069 1886 3659 1960; baseline -0.003 -18"><span class='ocrx_word' id='word_1_338' title='bbox 2069 1892 2164 1943; x_wconf 74' lang='grc' dir='ltr'><strong>καὶ</strong></span> <span class='ocrx_word' id='word_1_339' title='bbox 2225 1890 2324 1960; x_wconf 81' lang='grc' dir='ltr'>τὴν</span> <span class='ocrx_word' id='word_1_340' title='bbox 2364 1888 2452 1960; x_wconf 81' lang='grc' dir='ltr'>μη¹</span> <span class='ocrx_word' id='word_1_341' title='bbox 2478 1889 2703 1960; x_wconf 82' lang='grc' dir='ltr'>Νεαρὰν</span> <span class='ocrx_word' id='word_1_342' title='bbox 2751 1889 2847 1943; x_wconf 80' lang='grc' dir='ltr'>τοῦ</span> <span class='ocrx_word' id='word_1_343' title='bbox 2883 1888 3152 1960; x_wconf 78' lang='grc' dir='ltr'>βασιλέως</span> <span class='ocrx_word' id='word_1_344' title='bbox 3191 1887 3365 1958; x_wconf 85' lang='grc' dir='ltr'><strong>κυροῦ</strong></span> <span class='ocrx_word' id='word_1_345' title='bbox 3427 1886 3659 1948; x_wconf 79' lang='grc' dir='ltr'>Λέοντος</span> 
     </span>
    </p>
   </div>
   <div class='ocr_carea' id='block_1_51' title="bbox 2070 1976 3658 2050">
    <p class='ocr_par' dir='ltr' id='par_1_51' title="bbox 2070 1976 3658 2050">
     <span class='ocr_line' id='line_1_51' title="bbox 2070 1976 3658 2050; baseline -0.004 -15"><span class='ocrx_word' id='word_1_346' title='bbox 2070 1981 2166 2036; x_wconf 81' lang='grc' dir='ltr'><strong>τοῦ</strong></span> <span class='ocrx_word' id='word_1_347' title='bbox 2193 1981 2370 2050; x_wconf 82' lang='grc' dir='ltr'>Σοφοῦ</span> <span class='ocrx_word' id='word_1_348' title='bbox 2405 1977 2728 2035; x_wconf 77' lang='grc' dir='ltr'>κωλύουσαν</span> <span class='ocrx_word' id='word_1_349' title='bbox 2755 1984 3022 2050; x_wconf 80' lang='grc' dir='ltr'>γυναῖκας</span> <span class='ocrx_word' id='word_1_350' title='bbox 3052 1979 3146 2030; x_wconf 75' lang='grc' dir='ltr'><strong>ἐπὶ</strong></span> <span class='ocrx_word' id='word_1_351' title='bbox 3167 1976 3478 2048; x_wconf 76' lang='grc' dir='ltr'>συμφώνοις</span> <span class='ocrx_word' id='word_1_352' title='bbox 3512 1993 3658 2046; x_wconf 77' lang='grc' dir='ltr'>μαρο</span> 
     </span>
    </p>
   </div>
   <div class='ocr_carea' id='block_1_52' title="bbox 2069 2066 3660 2144">
    <p class='ocr_par' dir='ltr' id='par_1_52' title="bbox 2069 2066 3660 2144">
     <span class='ocr_line' id='line_1_52' title="bbox 2069 2066 3660 2144; baseline -0.006 -18"><span class='ocrx_word' id='word_1_353' title='bbox 2069 2075 2260 2144; x_wconf 90' lang='grc' dir='ltr'>τυρεῖν</span> <span class='ocrx_word' id='word_1_354' title='bbox 2315 2074 2411 2126; x_wconf 72' lang='grc' dir='ltr'>καὶ</span> <span class='ocrx_word' id='word_1_355' title='bbox 2463 2072 2946 2139; x_wconf 86' lang='grc' dir='ltr'>συναλλάγμασιν·</span> <span class='ocrx_word' id='word_1_356' title='bbox 3004 2067 3098 2122; x_wconf 74' lang='grc' dir='ltr'><strong>ἐπὶ</strong></span> <span class='ocrx_word' id='word_1_357' title='bbox 3165 2069 3221 2121; x_wconf 82' lang='grc' dir='ltr'>δὲ</span> <span class='ocrx_word' id='word_1_358' title='bbox 3265 2068 3506 2121; x_wconf 81' lang='grc' dir='ltr'>τοκετῶν</span> <span class='ocrx_word' id='word_1_359' title='bbox 3563 2066 3660 2118; x_wconf 77' lang='grc' dir='ltr'><strong>καὶ</strong></span> 
     </span>
    </p>
   </div>
   <div class='ocr_carea' id='block_1_53' title="bbox 2070 2161 3661 2240">
    <p class='ocr_par' dir='ltr' id='par_1_53' title="bbox 2070 2161 3661 2240">
     <span class='ocr_line' id='line_1_53' title="bbox 2070 2161 3661 2240; baseline -0.009 -14"><span class='ocrx_word' id='word_1_360' title='bbox 2070 2164 2246 2239; x_wconf 78' lang='grc' dir='ltr'>ἐφ’ὧν</span> <span class='ocrx_word' id='word_1_361' title='bbox 2283 2170 2417 2240; x_wconf 75' lang='grc' dir='ltr'>μόνη</span> <span class='ocrx_word' id='word_1_362' title='bbox 2475 2169 2685 2239; x_wconf 85' lang='grc' dir='ltr'>θηλυκὰ</span> <span class='ocrx_word' id='word_1_363' title='bbox 2713 2168 2836 2238; x_wconf 68' lang='grc' dir='ltr'>ὄψις</span> <span class='ocrx_word' id='word_1_364' title='bbox 2865 2169 2988 2238; x_wconf 82' lang='grc' dir='ltr'>ὁρᾷ,</span> <span class='ocrx_word' id='word_1_365' title='bbox 3012 2167 3072 2219; x_wconf 79' lang='grc' dir='ltr'><strong>οὐ</strong></span> <span class='ocrx_word' id='word_1_366' title='bbox 3111 2166 3218 2237; x_wconf 77' lang='grc' dir='ltr'><strong>μὴν</strong></span> <span class='ocrx_word' id='word_1_367' title='bbox 3263 2164 3354 2217; x_wconf 75' lang='grc' dir='ltr'><strong>καὶ</strong></span> <span class='ocrx_word' id='word_1_368' title='bbox 3386 2161 3661 2232; x_wconf 75' lang='grc' dir='ltr'>ὀφθαλμοὶ</span> 
     </span>
    </p>
   </div>
   <div class='ocr_carea' id='block_1_54' title="bbox 2071 2252 3653 2334">
    <p class='ocr_par' dir='ltr' id='par_1_54' title="bbox 2071 2252 3653 2334">
     <span class='ocr_line' id='line_1_54' title="bbox 2071 2252 3653 2334; baseline -0.009 -17"><span class='ocrx_word' id='word_1_369' title='bbox 2071 2264 2340 2334; x_wconf 69' lang='grc' dir='ltr'>ἀρρένων,</span> <span class='ocrx_word' id='word_1_370' title='bbox 2371 2261 2779 2330; x_wconf 72' lang='grc' dir='ltr'>ἐπιτρέπουσαν</span> <span class='ocrx_word' id='word_1_371' title='bbox 2805 2259 2976 2328; x_wconf 78' lang='grc' dir='ltr'>αὐτὴν</span> <span class='ocrx_word' id='word_1_372' title='bbox 3005 2258 3321 2328; x_wconf 83' lang='grc' dir='ltr'>μαρτυρεῖν.</span> <span class='ocrx_word' id='word_1_373' title='bbox 3363 2255 3526 2324; x_wconf 86' lang='grc' dir='ltr'>Ζήτει</span> <span class='ocrx_word' id='word_1_374' title='bbox 3553 2252 3653 2306; x_wconf 60' lang='grc' dir='ltr'><strong>καὶ⁵</strong></span> 
     </span>
    </p>
   </div>
   <div class='ocr_carea' id='block_1_55' title="bbox 2069 2343 3661 2424">
    <p class='ocr_par' dir='ltr' id='par_1_55' title="bbox 2069 2343 3661 2424">
     <span class='ocr_line' id='line_1_55' title="bbox 2069 2343 3661 2424; baseline -0.009 -16"><span class='ocrx_word' id='word_1_375' title='bbox 2069 2356 2167 2424; x_wconf 82' lang='grc' dir='ltr'><strong>τὴν</strong></span> <span class='ocrx_word' id='word_1_376' title='bbox 2199 2352 2306 2424; x_wconf 76' lang='grc' dir='ltr'>ριη¹</span> <span class='ocrx_word' id='word_1_377' title='bbox 2326 2351 2759 2406; x_wconf 81' lang='grc' dir='ltr'>Ἰουστινιάνειον</span> <span class='ocrx_word' id='word_1_378' title='bbox 2789 2348 3035 2417; x_wconf 73' lang='grc' dir='ltr'>Νεαρὰν,</span> <span class='ocrx_word' id='word_1_379' title='bbox 3065 2348 3184 2416; x_wconf 78' lang='grc' dir='ltr'>ἦτοι</span> <span class='ocrx_word' id='word_1_380' title='bbox 3213 2362 3339 2411; x_wconf 78' lang='grc' dir='ltr'>κεφ.</span> <span class='ocrx_word' id='word_1_381' title='bbox 3367 2344 3461 2396; x_wconf 82' lang='grc' dir='ltr'>τοῦ</span> <span class='ocrx_word' id='word_1_382' title='bbox 3493 2345 3553 2396; x_wconf 82' lang='grc' dir='ltr'>ιδ’</span> <span class='ocrx_word' id='word_1_383' title='bbox 3579 2343 3661 2395; x_wconf 78' lang='grc' dir='ltr'>τί·</span> 
     </span>
    </p>
   </div>
   <div class='ocr_carea' id='block_1_56' title="bbox 2069 2434 3662 2512">
    <p class='ocr_par' dir='ltr' id='par_1_56' title="bbox 2069 2434 3662 2512">
     <span class='ocr_line' id='line_1_56' title="bbox 2069 2434 3662 2512; baseline -0.009 -12"><span class='ocrx_word' id='word_1_384' title='bbox 2069 2445 2196 2501; x_wconf 86' lang='grc' dir='ltr'>τλου</span> <span class='ocrx_word' id='word_1_385' title='bbox 2227 2445 2319 2499; x_wconf 79' lang='grc' dir='ltr'>τοῦ</span> <span class='ocrx_word' id='word_1_386' title='bbox 2346 2441 2425 2509; x_wconf 81' lang='grc' dir='ltr'><strong>λζ’</strong></span> <span class='ocrx_word' id='word_1_387' title='bbox 2475 2441 2682 2512; x_wconf 85' lang='grc' dir='ltr'>βιϐλίου</span> <span class='ocrx_word' id='word_1_388' title='bbox 2712 2441 2823 2494; x_wconf 84' lang='grc' dir='ltr'>τῶν</span> <span class='ocrx_word' id='word_1_389' title='bbox 2844 2439 3175 2507; x_wconf 85' lang='grc' dir='ltr'>Βασιλικῶν,</span> <span class='ocrx_word' id='word_1_390' title='bbox 3218 2436 3534 2491; x_wconf 85' lang='grc' dir='ltr'>κωλύουσαν</span> <span class='ocrx_word' id='word_1_391' title='bbox 3563 2434 3662 2497; x_wconf 73' lang='grc' dir='ltr'>τὰς</span> 
     </span>
    </p>
   </div>
   <div class='ocr_carea' id='block_1_57' title="bbox 2071 2528 3665 2609">
    <p class='ocr_par' dir='ltr' id='par_1_57' title="bbox 2071 2528 3665 2609">
     <span class='ocr_line' id='line_1_57' title="bbox 2071 2528 3665 2609; baseline -0.008 -15"><span class='ocrx_word' id='word_1_392' title='bbox 2071 2542 2339 2609; x_wconf 83' lang='grc' dir='ltr'>γυναῖκας</span> <span class='ocrx_word' id='word_1_393' title='bbox 2380 2539 2714 2609; x_wconf 78' lang='grc' dir='ltr'>ἐπιτρόπους</span> <span class='ocrx_word' id='word_1_394' title='bbox 2745 2533 3019 2600; x_wconf 87' lang='grc' dir='ltr'>γίνεσθαι,</span> <span class='ocrx_word' id='word_1_395' title='bbox 3081 2534 3178 2586; x_wconf 77' lang='grc' dir='ltr'><strong>καὶ</strong></span> <span class='ocrx_word' id='word_1_396' title='bbox 3223 2532 3487 2601; x_wconf 83' lang='grc' dir='ltr'>λέγουσαν</span> <span class='ocrx_word' id='word_1_397' title='bbox 3519 2528 3665 2584; x_wconf 71' lang='grc' dir='ltr'>οὕτω</span> 
     </span>
    </p>
   </div>
   <div class='ocr_carea' id='block_1_58' title="bbox 2074 2624 3660 2704">
    <p class='ocr_par' dir='ltr' id='par_1_58' title="bbox 2074 2624 3660 2704">
     <span class='ocr_line' id='line_1_58' title="bbox 2074 2624 3660 2704; baseline -0.007 -19"><span class='ocrx_word' id='word_1_398' title='bbox 2074 2633 2252 2704; x_wconf 79' lang='grc' dir='ltr'>ῥητῶς</span> <span class='ocrx_word' id='word_1_399' title='bbox 2287 2633 2343 2684; x_wconf 87' lang='grc' dir='ltr'><strong>ἐν</strong></span> <span class='ocrx_word' id='word_1_400' title='bbox 2377 2630 2567 2700; x_wconf 82' lang='grc' dir='ltr'>μέρει·</span> <span class='ocrx_word' id='word_1_401' title='bbox 2600 2629 2735 2691; x_wconf 83' lang='grc' dir='ltr'>Ταῖς</span> <span class='ocrx_word' id='word_1_402' title='bbox 2764 2628 2874 2696; x_wconf 74' lang='grc' dir='ltr'>γὰρ</span> <span class='ocrx_word' id='word_1_403' title='bbox 2898 2625 3116 2694; x_wconf 72' lang='grc' dir='ltr'>γυναιξὶ</span> <span class='ocrx_word' id='word_1_404' title='bbox 3143 2625 3237 2678; x_wconf 70' lang='grc' dir='ltr'><strong>καὶ</strong></span> <span class='ocrx_word' id='word_1_405' title='bbox 3259 2625 3423 2696; x_wconf 77' lang='grc' dir='ltr'>ἡμεῖς</span> <span class='ocrx_word' id='word_1_406' title='bbox 3450 2624 3660 2690; x_wconf 81' lang='grc' dir='ltr'>ἀπαγο-</span> 
     </span>
    </p>
   </div>
   <div class='ocr_carea' id='block_1_59' title="bbox 2073 2713 3660 2796">
    <p class='ocr_par' dir='ltr' id='par_1_59' title="bbox 2073 2713 3660 2796">
     <span class='ocr_line' id='line_1_59' title="bbox 2073 2713 3660 2796; baseline -0.008 -18"><span class='ocrx_word' id='word_1_407' title='bbox 2073 2725 2305 2796; x_wconf 85' lang='grc' dir='ltr'>ρεύομεν</span> <span class='ocrx_word' id='word_1_408' title='bbox 2321 2722 2390 2776; x_wconf 75' lang='grc' dir='ltr'>τὰ</span> <span class='ocrx_word' id='word_1_409' title='bbox 2408 2721 2508 2788; x_wconf 81' lang='grc' dir='ltr'>τῆς</span> <span class='ocrx_word' id='word_1_410' title='bbox 2523 2719 2826 2792; x_wconf 81' lang='grc' dir='ltr'>ἐπιτροπῆς</span> <span class='ocrx_word' id='word_1_411' title='bbox 2841 2718 3094 2770; x_wconf 81' lang='grc' dir='ltr'>ὑπελθεῖν</span> <span class='ocrx_word' id='word_1_412' title='bbox 3117 2719 3292 2770; x_wconf 88' lang='grc' dir='ltr'>λειτου</span> <span class='ocrx_word' id='word_1_413' title='bbox 3301 2716 3406 2788; x_wconf 88' lang='grc' dir='ltr'>ργή</span> <span class='ocrx_word' id='word_1_414' title='bbox 3417 2730 3585 2785; x_wconf 79' lang='grc' dir='ltr'>ματα,</span> <span class='ocrx_word' id='word_1_415' title='bbox 3608 2713 3660 2766; x_wconf 84' lang='grc' dir='ltr'><strong>εί</strong></span> 
     </span>
    </p>
   </div>
   <div class='ocr_carea' id='block_1_60' title="bbox 2073 2809 3656 2890">
    <p class='ocr_par' dir='ltr' id='par_1_60' title="bbox 2073 2809 3656 2890">
     <span class='ocr_line' id='line_1_60' title="bbox 2073 2809 3656 2890; baseline -0.015 0"><span class='ocrx_word' id='word_1_416' title='bbox 2073 2819 2150 2890; x_wconf 81' lang='grc' dir='ltr'>μὴ</span> <span class='ocrx_word' id='word_1_417' title='bbox 2171 2815 2401 2888; x_wconf 84' lang='grc' dir='ltr'>μήτηρῆ</span> <span class='ocrx_word' id='word_1_418' title='bbox 2425 2815 2629 2885; x_wconf 84' lang='grc' dir='ltr'><strong>μάμμη</strong></span> <span class='ocrx_word' id='word_1_419' title='bbox 2656 2814 2762 2883; x_wconf 67' lang='grc' dir='ltr'>εἴη.</span> <span class='ocrx_word' id='word_1_420' title='bbox 2790 2811 3030 2873; x_wconf 77' lang='grc' dir='ltr'>Ταύταις</span> <span class='ocrx_word' id='word_1_421' title='bbox 3051 2810 3158 2882; x_wconf 79' lang='grc' dir='ltr'>γὰρ</span> <span class='ocrx_word' id='word_1_422' title='bbox 3179 2811 3370 2878; x_wconf 75' lang='grc' dir='ltr'>μόναις</span> <span class='ocrx_word' id='word_1_423' title='bbox 3388 2811 3531 2863; x_wconf 61' lang='grc' dir='ltr'>κατὰ</span> <span class='ocrx_word' id='word_1_424' title='bbox 3557 2809 3656 2878; x_wconf 74' lang='grc' dir='ltr'><strong>τὴν</strong></span> 
     </span>
    </p>
   </div>
   <div class='ocr_carea' id='block_1_61' title="bbox 2069 2901 3664 2983">
    <p class='ocr_par' dir='ltr' id='par_1_61' title="bbox 2069 2901 3664 2983">
     <span class='ocr_line' id='line_1_61' title="bbox 2069 2901 3664 2983; baseline -0.009 -17"><span class='ocrx_word' id='word_1_425' title='bbox 2069 2913 2168 2983; x_wconf 83' lang='grc' dir='ltr'>τῆς</span> <span class='ocrx_word' id='word_1_426' title='bbox 2192 2906 2563 2982; x_wconf 80' lang='grc' dir='ltr'>κληρονομίας</span> <span class='ocrx_word' id='word_1_427' title='bbox 2606 2903 2764 2970; x_wconf 82' lang='grc' dir='ltr'>τάξιν</span> <span class='ocrx_word' id='word_1_428' title='bbox 2799 2906 2896 2959; x_wconf 76' lang='grc' dir='ltr'><strong>καὶ</strong></span> <span class='ocrx_word' id='word_1_429' title='bbox 2921 2905 3020 2976; x_wconf 84' lang='grc' dir='ltr'><strong>τὴν</strong></span> <span class='ocrx_word' id='word_1_430' title='bbox 3068 2901 3380 2972; x_wconf 78' lang='grc' dir='ltr'>ἐπιτροπὴν</span> <span class='ocrx_word' id='word_1_431' title='bbox 3403 2901 3664 2954; x_wconf 81' lang='grc' dir='ltr'>ὑπελθεῖν</span> 
     </span>
    </p>
   </div>
   <div class='ocr_carea' id='block_1_62' title="bbox 2001 2994 3661 3075">
    <p class='ocr_par' dir='ltr' id='par_1_62' title="bbox 2001 2994 3661 3075">
     <span class='ocr_line' id='line_1_62' title="bbox 2001 2994 3661 3075; baseline -0.01 -14"><span class='ocrx_word' id='word_1_432' title='bbox 2001 3059 2010 3069; x_wconf 82' lang='grc'><strong>,</strong></span> <span class='ocrx_word' id='word_1_433' title='bbox 2069 3007 2316 3075; x_wconf 78' lang='grc' dir='ltr'>ἐφίεμεν,</span> <span class='ocrx_word' id='word_1_434' title='bbox 2335 3005 2430 3058; x_wconf 83' lang='grc' dir='ltr'>ἐὰν</span> <span class='ocrx_word' id='word_1_435' title='bbox 2456 3004 2514 3056; x_wconf 87' lang='grc' dir='ltr'>ὲν</span> <span class='ocrx_word' id='word_1_436' title='bbox 2545 3001 2902 3070; x_wconf 79' lang='grc' dir='ltr'>ὑπομνήμασι</span> <span class='ocrx_word' id='word_1_437' title='bbox 2921 3000 3013 3052; x_wconf 77' lang='grc' dir='ltr'><strong>καὶ</strong></span> <span class='ocrx_word' id='word_1_438' title='bbox 3031 2997 3230 3066; x_wconf 79' lang='grc' dir='ltr'>γάμοις</span> <span class='ocrx_word' id='word_1_439' title='bbox 3249 2997 3458 3066; x_wconf 81' lang='grc' dir='ltr'>ἑτέροις</span> <span class='ocrx_word' id='word_1_440' title='bbox 3479 2995 3571 3046; x_wconf 76' lang='grc' dir='ltr'><strong>καὶ</strong></span> <span class='ocrx_word' id='word_1_441' title='bbox 3590 2994 3661 3062; x_wconf 77' lang='grc' dir='ltr'>τῇ</span> 
     </span>
    </p>
   </div>
   <div class='ocr_carea' id='block_1_63' title="bbox 2074 3086 3660 3171">
    <p class='ocr_par' dir='ltr' id='par_1_63' title="bbox 2074 3086 3660 3171">
     <span class='ocr_line' id='line_1_63' title="bbox 2074 3086 3660 3171; baseline -0.011 -17"><span class='ocrx_word' id='word_1_442' title='bbox 2074 3099 2297 3171; x_wconf 79' lang='grc' dir='ltr'>βοηθείᾳ</span> <span class='ocrx_word' id='word_1_443' title='bbox 2349 3095 2445 3151; x_wconf 78' lang='grc' dir='ltr'>τοῦ</span> <span class='ocrx_word' id='word_1_444' title='bbox 2514 3092 2856 3147; x_wconf 85' lang='grc' dir='ltr'>Βελλιανείου</span> <span class='ocrx_word' id='word_1_445' title='bbox 2916 3091 3184 3159; x_wconf 79' lang='grc' dir='ltr'>δόγματος</span> <span class='ocrx_word' id='word_1_446' title='bbox 3211 3086 3660 3155; x_wconf 81' lang='grc' dir='ltr'>ἀπαγορεύσωσι,</span> 
     </span>
    </p>
   </div>
   <div class='ocr_carea' id='block_1_64' title="bbox 385 3163 1964 3258">
    <p class='ocr_par' dir='ltr' id='par_1_64' title="bbox 385 3169 1964 3238">
     <span class='ocr_line' id='line_1_64' title="bbox 385 3169 1964 3238; baseline 0.01 -16"><span class='ocrx_word' id='word_1_447' title='bbox 385 3169 672 3224; x_wconf 88' lang='lat' dir='ltr'><strong>mentariis</strong></span> <span class='ocrx_word' id='word_1_448' title='bbox 719 3170 935 3225; x_wconf 85' lang='lat' dir='ltr'><strong>domum</strong></span> <span class='ocrx_word' id='word_1_449' title='bbox 968 3171 1245 3228; x_wconf 86' lang='lat' dir='ltr'><strong>tutoribus</strong></span> <span class='ocrx_word' id='word_1_450' title='bbox 1285 3191 1379 3231; x_wconf 87' lang='lat' dir='ltr'><strong>eas</strong></span> <span class='ocrx_word' id='word_1_451' title='bbox 1413 3181 1827 3238; x_wconf 86' lang='lat' dir='ltr'><strong>anteeuntibus.</strong></span> <span class='ocrx_word' id='word_1_452' title='bbox 1861 3183 1964 3238; x_wconf 90' lang='lat' dir='ltr'><strong>De-</strong></span> 
     </span>
    </p>
   </div>
   <div class='ocr_carea' id='block_1_65' title="bbox 2072 3163 3661 3258">
    <p class='ocr_par' dir='ltr' id='par_1_65' title="bbox 2072 3178 3661 3258">
     <span class='ocr_line' id='line_1_65' title="bbox 2072 3178 3661 3258; baseline -0.011 -14"><span class='ocrx_word' id='word_1_453' title='bbox 2072 3190 2260 3246; x_wconf 74' lang='grc' dir='ltr'>Ταῦτα</span> <span class='ocrx_word' id='word_1_454' title='bbox 2307 3188 2417 3258; x_wconf 80' lang='grc' dir='ltr'><strong>γὰρ</strong></span> <span class='ocrx_word' id='word_1_455' title='bbox 2463 3185 2834 3254; x_wconf 82' lang='grc' dir='ltr'>φυλάττουσαι</span> <span class='ocrx_word' id='word_1_456' title='bbox 2893 3182 3110 3235; x_wconf 82' lang='grc' dir='ltr'>πάντων</span> <span class='ocrx_word' id='word_1_457' title='bbox 3142 3179 3252 3232; x_wconf 83' lang='grc' dir='ltr'><strong>τῶν</strong></span> <span class='ocrx_word' id='word_1_458' title='bbox 3303 3180 3366 3232; x_wconf 80' lang='grc' dir='ltr'><strong>ἐκ</strong></span> <span class='ocrx_word' id='word_1_459' title='bbox 3422 3178 3661 3245; x_wconf 79' lang='grc' dir='ltr'>πλαγίου</span> 
     </span>
    </p>
   </div>
   <div class='ocr_carea' id='block_1_66' title="bbox 386 3262 1963 3342">
    <p class='ocr_par' dir='ltr' id='par_1_66' title="bbox 386 3262 1963 3342">
     <span class='ocr_line' id='line_1_66' title="bbox 386 3262 1963 3342; baseline 0.01 -29"><span class='ocrx_word' id='word_1_460' title='bbox 386 3262 560 3316; x_wconf 81' lang='lat' dir='ltr'><strong>functi</strong></span> <span class='ocrx_word' id='word_1_461' title='bbox 621 3262 765 3316; x_wconf 91' lang='lat' dir='ltr'><strong>enim</strong></span> <span class='ocrx_word' id='word_1_462' title='bbox 829 3263 1167 3317; x_wconf 76' lang='lat' dir='ltr'><strong>voluntatem</strong></span> <span class='ocrx_word' id='word_1_463' title='bbox 1241 3272 1296 3319; x_wconf 92' lang='lat' dir='ltr'><strong>et</strong></span> <span class='ocrx_word' id='word_1_464' title='bbox 1342 3267 1660 3325; x_wconf 89' lang='lat' dir='ltr'><strong>electionem</strong></span> <span class='ocrx_word' id='word_1_465' title='bbox 1719 3273 1963 3342; x_wconf 78' lang='lat' dir='ltr'><strong>praeferri</strong></span> 
     </span>
    </p>
   </div>
   <div class='ocr_carea' id='block_1_67' title="bbox 382 3356 1962 3439">
    <p class='ocr_par' dir='ltr' id='par_1_67' title="bbox 382 3356 1962 3439">
     <span class='ocr_line' id='line_1_67' title="bbox 382 3356 1962 3439; baseline 0.01 -29"><span class='ocrx_word' id='word_1_466' title='bbox 382 3358 660 3411; x_wconf 85' lang='lat' dir='ltr'><strong>volumus.</strong></span> <span class='ocrx_word' id='word_1_467' title='bbox 712 3356 856 3428; x_wconf 88' lang='lat' dir='ltr'><strong>Lege</strong></span> <span class='ocrx_word' id='word_1_468' title='bbox 895 3368 948 3412; x_wconf 91' lang='lat' dir='ltr'><strong>et</strong></span> <span class='ocrx_word' id='word_1_469' title='bbox 999 3360 1080 3412; x_wconf 86' lang='lat' dir='ltr'><strong>tit.</strong></span> <span class='ocrx_word' id='word_1_470' title='bbox 1117 3361 1149 3414; x_wconf 85' lang='lat'><strong>5</strong></span> <span class='ocrx_word' id='word_1_471' title='bbox 1196 3362 1443 3431; x_wconf 87' lang='lat' dir='ltr'><strong>ejusdem</strong></span> <span class='ocrx_word' id='word_1_472' title='bbox 1504 3365 1627 3420; x_wconf 92' lang='lat' dir='ltr'><strong>libri</strong></span> <span class='ocrx_word' id='word_1_473' title='bbox 1679 3383 1800 3439; x_wconf 91' lang='lat' dir='ltr'><strong>cap.</strong></span> <span class='ocrx_word' id='word_1_474' title='bbox 1849 3371 1962 3435; x_wconf 78' lang='grc'><strong>20,</strong></span> 
     </span>
    </p>
   </div>
   <div class='ocr_carea' id='block_1_68' title="bbox 384 3451 1712 3516">
    <p class='ocr_par' dir='ltr' id='par_1_68' title="bbox 384 3451 1712 3516">
     <span class='ocr_line' id='line_1_68' title="bbox 384 3451 1712 3516; baseline 0.008 -14"><span class='ocrx_word' id='word_1_475' title='bbox 384 3451 570 3504; x_wconf 90' lang='lat' dir='ltr'><strong>thema</strong></span> <span class='ocrx_word' id='word_1_476' title='bbox 611 3453 669 3516; x_wconf 81' lang='grc'>5,</span> <span class='ocrx_word' id='word_1_477' title='bbox 703 3451 894 3506; x_wconf 82' lang='lat' dir='ltr'><strong>dicens</strong></span> <span class='ocrx_word' id='word_1_478' title='bbox 924 3469 937 3504; x_wconf 90' lang='lat'><strong>:</strong></span> <span class='ocrx_word' id='word_1_479' title='bbox 975 3451 1168 3506; x_wconf 81' lang='lat' dir='ltr'><strong>Mulier</strong></span> <span class='ocrx_word' id='word_1_480' title='bbox 1197 3469 1305 3508; x_wconf 91' lang='lat' dir='ltr'><strong>non</strong></span> <span class='ocrx_word' id='word_1_481' title='bbox 1332 3463 1416 3509; x_wconf 88' lang='lat' dir='ltr'><strong>est</strong></span> <span class='ocrx_word' id='word_1_482' title='bbox 1447 3460 1712 3513; x_wconf 83' lang='lat' dir='ltr'><strong>curatrix.</strong></span> 
     </span>
    </p>
   </div>
   <div class='ocr_carea' id='block_1_69' title="bbox 385 3544 3297 3628">
    <p class='ocr_par' dir='ltr' id='par_1_69' title="bbox 385 3544 3297 3628">
     <span class='ocr_line' id='line_1_69' title="bbox 385 3544 3297 3628; baseline 0.008 -36"><span class='ocrx_word' id='word_1_483' title='bbox 385 3544 756 3610; x_wconf 79' lang='grc' dir='ltr'>προτιμᾶσθαι</span> <span class='ocrx_word' id='word_1_484' title='bbox 786 3544 1110 3614; x_wconf 66' lang='grc' dir='ltr'>βουλόμεθα.</span> <span class='ocrx_word' id='word_1_485' title='bbox 1136 3545 1438 3614; x_wconf 80' lang='grc' dir='ltr'>Ἀνάγνωθι</span> <span class='ocrx_word' id='word_1_486' title='bbox 1472 3552 1566 3603; x_wconf 75' lang='grc' dir='ltr'><strong>καὶ</strong></span> <span class='ocrx_word' id='word_1_487' title='bbox 1585 3551 1765 3606; x_wconf 85' lang='grc' dir='ltr'>τίτλον</span> <span class='ocrx_word' id='word_1_488' title='bbox 1799 3556 1841 3608; x_wconf 84' lang='grc' dir='ltr'>ε’</span> <span class='ocrx_word' id='word_1_489' title='bbox 1862 3557 1959 3612; x_wconf 81' lang='grc' dir='ltr'>τοῦ</span> <span class='ocrx_word' id='word_1_490' title='bbox 1997 3557 2168 3614; x_wconf 80' lang='grc' dir='ltr'>αὑτοῦ</span> <span class='ocrx_word' id='word_1_491' title='bbox 2221 3556 2428 3628; x_wconf 88' lang='grc' dir='ltr'>βιϐλίου</span> <span class='ocrx_word' id='word_1_492' title='bbox 2463 3571 2588 3622; x_wconf 85' lang='grc' dir='ltr'>κεφ.</span> <span class='ocrx_word' id='word_1_493' title='bbox 2626 3549 2674 3604; x_wconf 89' lang='grc' dir='ltr'>κ’</span> <span class='ocrx_word' id='word_1_494' title='bbox 2700 3553 2788 3604; x_wconf 74' lang='grc' dir='ltr'><strong>καὶ</strong></span> <span class='ocrx_word' id='word_1_495' title='bbox 2817 3549 2957 3619; x_wconf 81' lang='grc' dir='ltr'><strong>θέμα</strong></span> <span class='ocrx_word' id='word_1_496' title='bbox 2987 3546 3058 3614; x_wconf 81' lang='grc' dir='ltr'>γ’.</span> <span class='ocrx_word' id='word_1_497' title='bbox 3117 3546 3297 3612; x_wconf 73' lang='grc' dir='ltr'>λέγον·</span> 
     </span>
    </p>
   </div>
   <div class='ocr_carea' id='block_1_70' title="bbox 385 3640 815 3712">
    <p class='ocr_par' dir='ltr' id='par_1_70' title="bbox 385 3640 815 3712">
     <span class='ocr_line' id='line_1_70' title="bbox 385 3640 815 3712; baseline 0.005 -19"><span class='ocrx_word' id='word_1_498' title='bbox 385 3655 482 3693; x_wconf 86' lang='grc' dir='ltr'><strong>κου</strong></span> <span class='ocrx_word' id='word_1_499' title='bbox 493 3640 815 3712; x_wconf 89' lang='grc' dir='ltr'>ρατωρεύει.</span> 
     </span>
    </p>
   </div>
   <div class='ocr_carea' id='block_1_71' title="bbox 457 3735 1967 3818">
    <p class='ocr_par' dir='ltr' id='par_1_71' title="bbox 457 3735 1967 3818">
     <span class='ocr_line' id='line_1_71' title="bbox 457 3735 1967 3818; baseline 0.012 -30"><span class='ocrx_word' id='word_1_500' title='bbox 457 3735 719 3790; x_wconf 82' lang='lat' dir='ltr'><strong>ZONAR.</strong></span> <span class='ocrx_word' id='word_1_501' title='bbox 757 3735 1047 3792; x_wconf 88' lang='lat' dir='ltr'><strong>Silentium</strong></span> <span class='ocrx_word' id='word_1_502' title='bbox 1082 3737 1324 3806; x_wconf 80' lang='lat' dir='ltr'><strong>feminis,</strong></span> <span class='ocrx_word' id='word_1_503' title='bbox 1351 3756 1461 3796; x_wconf 88' lang='lat' dir='ltr'><strong>non</strong></span> <span class='ocrx_word' id='word_1_504' title='bbox 1491 3744 1667 3800; x_wconf 88' lang='lat' dir='ltr'><strong>solum</strong></span> <span class='ocrx_word' id='word_1_505' title='bbox 1704 3751 1967 3818; x_wconf 84' lang='lat' dir='ltr'><strong>quamdiu</strong></span> 
     </span>
    </p>
   </div>
   <div class='ocr_carea' id='block_1_72' title="bbox 387 3829 1968 3905">
    <p class='ocr_par' dir='ltr' id='par_1_72' title="bbox 387 3829 1968 3905">
     <span class='ocr_line' id='line_1_72' title="bbox 387 3829 1968 3905; baseline 0.01 -25"><span class='ocrx_word' id='word_1_506' title='bbox 387 3842 546 3881; x_wconf 86' lang='lat' dir='ltr'><strong>sacra</strong></span> <span class='ocrx_word' id='word_1_507' title='bbox 589 3829 848 3897; x_wconf 88' lang='lat' dir='ltr'><strong>mysteria</strong></span> <span class='ocrx_word' id='word_1_508' title='bbox 898 3837 1260 3898; x_wconf 83' lang='lat' dir='ltr'><strong>peraguntur,</strong></span> <span class='ocrx_word' id='word_1_509' title='bbox 1302 3833 1397 3886; x_wconf 91' lang='lat' dir='ltr'><strong>sed</strong></span> <span class='ocrx_word' id='word_1_510' title='bbox 1434 3833 1746 3905; x_wconf 89' lang='lat' dir='ltr'><strong>ubicunque</strong></span> <span class='ocrx_word' id='word_1_511' title='bbox 1781 3839 1968 3896; x_wconf 85' lang='lat' dir='ltr'><strong>ﬁdeles</strong></span> 
     </span>
    </p>
   </div>
   <div class='ocr_carea' id='block_1_73' title="bbox 387 3921 1971 3992">
    <p class='ocr_par' dir='ltr' id='par_1_73' title="bbox 387 3921 1971 3992">
     <span class='ocr_line' id='line_1_73' title="bbox 387 3921 1971 3992; baseline 0.009 -18"><span class='ocrx_word' id='word_1_512' title='bbox 387 3921 769 3985; x_wconf 82' lang='lat' dir='ltr'><strong>convenerint,</strong></span> <span class='ocrx_word' id='word_1_513' title='bbox 806 3936 1037 3992; x_wconf 86' lang='lat' dir='ltr'><strong>magnus</strong></span> <span class='ocrx_word' id='word_1_514' title='bbox 1077 3921 1276 3978; x_wconf 86' lang='lat' dir='ltr'><strong>Paulus</strong></span> <span class='ocrx_word' id='word_1_515' title='bbox 1318 3924 1531 3981; x_wconf 85' lang='lat' dir='ltr'><strong>indicit.</strong></span> <span class='ocrx_word' id='word_1_516' title='bbox 1557 3926 1672 3984; x_wconf 82' lang='lat' dir='ltr'><strong>Hoc</strong></span> <span class='ocrx_word' id='word_1_517' title='bbox 1696 3938 1875 3986; x_wconf 87' lang='lat' dir='ltr'><strong>autem</strong></span> <span class='ocrx_word' id='word_1_518' title='bbox 1903 3934 1971 3989; x_wconf 88' lang='lat' dir='ltr'><strong>iis</strong></span> 
     </span>
    </p>
   </div>
   <div class='ocr_carea' id='block_1_74' title="bbox 387 4015 1970 4083">
    <p class='ocr_par' dir='ltr' id='par_1_74' title="bbox 387 4015 1970 4083">
     <span class='ocr_line' id='line_1_74' title="bbox 387 4015 1970 4083; baseline 0.008 -16"><span class='ocrx_word' id='word_1_519' title='bbox 387 4015 577 4077; x_wconf 89' lang='lat' dir='ltr'><strong>etiam,</strong></span> <span class='ocrx_word' id='word_1_520' title='bbox 614 4015 707 4081; x_wconf 90' lang='lat' dir='ltr'><strong>qui</strong></span> <span class='ocrx_word' id='word_1_521' title='bbox 744 4023 875 4069; x_wconf 89' lang='lat' dir='ltr'><strong>sunt</strong></span> <span class='ocrx_word' id='word_1_522' title='bbox 905 4024 1056 4068; x_wconf 76' lang='lat' dir='ltr'><strong>extra</strong></span> <span class='ocrx_word' id='word_1_523' title='bbox 1084 4015 1394 4083; x_wconf 79' lang='lat' dir='ltr'><strong>ecclesiam,</strong></span> <span class='ocrx_word' id='word_1_524' title='bbox 1426 4022 1764 4077; x_wconf 81' lang='lat' dir='ltr'><strong>conveniens</strong></span> <span class='ocrx_word' id='word_1_525' title='bbox 1794 4024 1970 4079; x_wconf 89' lang='lat' dir='ltr'><strong>visum</strong></span> 
     </span>
    </p>
   </div>
   <div class='ocr_carea' id='block_1_75' title="bbox 388 4107 1975 4184">
    <p class='ocr_par' dir='ltr' id='par_1_75' title="bbox 388 4107 1975 4184">
     <span class='ocr_line' id='line_1_75' title="bbox 388 4107 1975 4184; baseline 0.004 -20"><span class='ocrx_word' id='word_1_526' title='bbox 388 4117 493 4164; x_wconf 86' lang='lat' dir='ltr'><strong>est.</strong></span> <span class='ocrx_word' id='word_1_527' title='bbox 520 4107 774 4163; x_wconf 84' lang='lat' dir='ltr'><strong>Mulieres</strong></span> <span class='ocrx_word' id='word_1_528' title='bbox 796 4109 972 4170; x_wconf 86' lang='lat' dir='ltr'><strong>enim,</strong></span> <span class='ocrx_word' id='word_1_529' title='bbox 1005 4109 1182 4178; x_wconf 83' lang='lat' dir='ltr'><strong>inquit</strong></span> <span class='ocrx_word' id='word_1_530' title='bbox 1213 4118 1396 4183; x_wconf 86' lang='lat' dir='ltr'><strong>poeta,</strong></span> <span class='ocrx_word' id='word_1_531' title='bbox 1423 4114 1608 4168; x_wconf 90' lang='lat' dir='ltr'><strong>nescio</strong></span> <span class='ocrx_word' id='word_1_532' title='bbox 1631 4116 1780 4184; x_wconf 88' lang='lat' dir='ltr'><strong>quis,</strong></span> <span class='ocrx_word' id='word_1_533' title='bbox 1812 4126 1975 4171; x_wconf 89' lang='lat' dir='ltr'><strong>ornat</strong></span> 
     </span>
    </p>
   </div>
   <div class='ocr_carea' id='block_1_76' title="bbox 393 4198 1975 4278">
    <p class='ocr_par' dir='ltr' id='par_1_76' title="bbox 393 4198 1975 4278">
     <span class='ocr_line' id='line_1_76' title="bbox 393 4198 1975 4278; baseline 0.008 -26"><span class='ocrx_word' id='word_1_534' title='bbox 393 4199 696 4252; x_wconf 86' lang='lat' dir='ltr'><strong>silentium.</strong></span> <span class='ocrx_word' id='word_1_535' title='bbox 736 4198 836 4253; x_wconf 85' lang='lat' dir='ltr'><strong>Hic</strong></span> <span class='ocrx_word' id='word_1_536' title='bbox 864 4214 994 4253; x_wconf 85' lang='lat' dir='ltr'><strong>vero</strong></span> <span class='ocrx_word' id='word_1_537' title='bbox 1015 4215 1192 4254; x_wconf 86' lang='lat' dir='ltr'><strong>canon</strong></span> <span class='ocrx_word' id='word_1_538' title='bbox 1226 4203 1368 4258; x_wconf 88' lang='lat' dir='ltr'><strong>sacri</strong></span> <span class='ocrx_word' id='word_1_539' title='bbox 1403 4204 1694 4260; x_wconf 91' lang='lat' dir='ltr'><strong>ministerii</strong></span> <span class='ocrx_word' id='word_1_540' title='bbox 1728 4216 1975 4278; x_wconf 84' lang='lat' dir='ltr'><strong>tempore</strong></span> 
     </span>
    </p>
   </div>
   <div class='ocr_carea' id='block_1_77' title="bbox 393 4291 1975 4364">
    <p class='ocr_par' dir='ltr' id='par_1_77' title="bbox 393 4291 1975 4364">
     <span class='ocr_line' id='line_1_77' title="bbox 393 4291 1975 4364; baseline 0.006 -20"><span class='ocrx_word' id='word_1_541' title='bbox 393 4291 627 4346; x_wconf 70' lang='lat' dir='ltr'><strong>fetutinas</strong></span> <span class='ocrx_word' id='word_1_542' title='bbox 665 4292 827 4346; x_wconf 86' lang='lat' dir='ltr'><strong>silere</strong></span> <span class='ocrx_word' id='word_1_543' title='bbox 851 4291 1121 4346; x_wconf 81' lang='lat' dir='ltr'><strong>duntaxat</strong></span> <span class='ocrx_word' id='word_1_544' title='bbox 1157 4293 1334 4359; x_wconf 87' lang='lat' dir='ltr'><strong>jubet.</strong></span> <span class='ocrx_word' id='word_1_545' title='bbox 1373 4295 1431 4349; x_wconf 92' lang='lat' dir='ltr'><strong>Si</strong></span> <span class='ocrx_word' id='word_1_546' title='bbox 1458 4295 1585 4364; x_wconf 92' lang='lat' dir='ltr'><strong>quid</strong></span> <span class='ocrx_word' id='word_1_547' title='bbox 1619 4308 1801 4352; x_wconf 89' lang='lat' dir='ltr'><strong>autem</strong></span> <span class='ocrx_word' id='word_1_548' title='bbox 1832 4301 1975 4354; x_wconf 87' lang='lat' dir='ltr'><strong>scire</strong></span> 
     </span>
    </p>
   </div>
   <div class='ocr_carea' id='block_1_78' title="bbox 392 4385 1974 4460">
    <p class='ocr_par' dir='ltr' id='par_1_78' title="bbox 392 4385 1974 4460">
     <span class='ocr_line' id='line_1_78' title="bbox 392 4385 1974 4460; baseline 0.007 -22"><span class='ocrx_word' id='word_1_549' title='bbox 392 4385 626 4455; x_wconf 86' lang='lat' dir='ltr'><strong>cupiunt</strong></span> <span class='ocrx_word' id='word_1_550' title='bbox 647 4422 663 4449; x_wconf 84' lang='lat'><strong>,</strong></span> <span class='ocrx_word' id='word_1_551' title='bbox 694 4386 866 4450; x_wconf 90' lang='lat' dir='ltr'><strong>viros,</strong></span> <span class='ocrx_word' id='word_1_552' title='bbox 905 4386 1085 4454; x_wconf 89' lang='lat' dir='ltr'><strong>inquit</strong></span> <span class='ocrx_word' id='word_1_553' title='bbox 1121 4401 1297 4446; x_wconf 82' lang='lat' dir='ltr'><strong>canon</strong></span> <span class='ocrx_word' id='word_1_554' title='bbox 1320 4427 1335 4452; x_wconf 92' lang='lat'><strong>,</strong></span> <span class='ocrx_word' id='word_1_555' title='bbox 1375 4388 1537 4457; x_wconf 88' lang='lat' dir='ltr'><strong>idque</strong></span> <span class='ocrx_word' id='word_1_556' title='bbox 1572 4405 1636 4444; x_wconf 81' lang='lat' dir='ltr'><strong>ex</strong></span> <span class='ocrx_word' id='word_1_557' title='bbox 1667 4390 1930 4460; x_wconf 85' lang='lat' dir='ltr'><strong>Apostolo</strong></span> <span class='ocrx_word' id='word_1_558' title='bbox 1959 4431 1974 4454; x_wconf 87' lang='lat'><strong>.</strong></span> 
     </span>
    </p>
   </div>
   <div class='ocr_carea' id='block_1_79' title="bbox 393 4477 1975 4552">
    <p class='ocr_par' dir='ltr' id='par_1_79' title="bbox 393 4477 1975 4552">
     <span class='ocr_line' id='line_1_79' title="bbox 393 4477 1975 4552; baseline 0.005 -20"><span class='ocrx_word' id='word_1_559' title='bbox 393 4479 541 4534; x_wconf 92' lang='lat' dir='ltr'><strong>domi</strong></span> <span class='ocrx_word' id='word_1_560' title='bbox 572 4478 938 4548; x_wconf 80' lang='lat' dir='ltr'><strong>interrogent.</strong></span> <span class='ocrx_word' id='word_1_561' title='bbox 978 4477 1140 4548; x_wconf 84' lang='lat' dir='ltr'><strong>Legis</strong></span> <span class='ocrx_word' id='word_1_562' title='bbox 1191 4495 1355 4548; x_wconf 87' lang='lat' dir='ltr'><strong>porro</strong></span> <span class='ocrx_word' id='word_1_563' title='bbox 1405 4483 1625 4535; x_wconf 88' lang='lat' dir='ltr'><strong>nomine</strong></span> <span class='ocrx_word' id='word_1_564' title='bbox 1672 4484 1975 4552; x_wconf 89' lang='lat' dir='ltr'><strong>apostolica</strong></span> 
     </span>
    </p>
   </div>
   <div class='ocr_carea' id='block_1_80' title="bbox 397 4570 1447 4638">
    <p class='ocr_par' dir='ltr' id='par_1_80' title="bbox 397 4570 1447 4638">
     <span class='ocr_line' id='line_1_80' title="bbox 397 4570 1447 4638; baseline -0.003 -11"><span class='ocrx_word' id='word_1_565' title='bbox 397 4570 621 4628; x_wconf 88' lang='lat' dir='ltr'><strong>oracula</strong></span> <span class='ocrx_word' id='word_1_566' title='bbox 655 4571 762 4626; x_wconf 90' lang='lat' dir='ltr'><strong>hoc</strong></span> <span class='ocrx_word' id='word_1_567' title='bbox 797 4585 1010 4624; x_wconf 87' lang='lat' dir='ltr'><strong>canone</strong></span> <span class='ocrx_word' id='word_1_568' title='bbox 1043 4570 1447 4638; x_wconf 82' lang='lat' dir='ltr'><strong>signiﬁcantur.</strong></span> 
     </span>
    </p>
   </div>
   <div class='ocr_carea' id='block_1_81' title="bbox 463 4661 1976 4738">
    <p class='ocr_par' dir='ltr' id='par_1_81' title="bbox 463 4661 1976 4738">
     <span class='ocr_line' id='line_1_81' title="bbox 463 4661 1976 4738; baseline 0.002 -20"><span class='ocrx_word' id='word_1_569' title='bbox 463 4661 694 4718; x_wconf 79' lang='lat' dir='ltr'><strong>ARIST.</strong></span> <span class='ocrx_word' id='word_1_570' title='bbox 741 4681 758 4712; x_wconf 87' lang='grc' dir='ltr'>ι</span> <span class='ocrx_word' id='word_1_571' title='bbox 803 4661 1120 4714; x_wconf 81' lang='lat' dir='ltr'><strong>Mulieribus</strong></span> <span class='ocrx_word' id='word_1_572' title='bbox 1153 4662 1206 4713; x_wconf 89' lang='lat' dir='ltr'><strong>in</strong></span> <span class='ocrx_word' id='word_1_573' title='bbox 1239 4662 1491 4716; x_wconf 84' lang='lat' dir='ltr'><strong>ecclesiis</strong></span> <span class='ocrx_word' id='word_1_574' title='bbox 1524 4663 1673 4732; x_wconf 84' lang='lat' dir='ltr'><strong>loqui</strong></span> <span class='ocrx_word' id='word_1_575' title='bbox 1711 4681 1817 4720; x_wconf 91' lang='lat' dir='ltr'><strong>non</strong></span> <span class='ocrx_word' id='word_1_576' title='bbox 1851 4682 1976 4738; x_wconf 85' lang='lat' dir='ltr'><strong>per-</strong></span> 
     </span>
    </p>
   </div>
   <div class='ocr_carea' id='block_1_82' title="bbox 398 4758 791 4810">
    <p class='ocr_par' dir='ltr' id='par_1_82' title="bbox 398 4758 791 4810">
     <span class='ocr_line' id='line_1_82' title="bbox 398 4758 791 4810; baseline -0.005 -2"><span class='ocrx_word' id='word_1_577' title='bbox 398 4775 415 4808; x_wconf 81' lang='grc' dir='ltr'>ι</span> <span class='ocrx_word' id='word_1_578' title='bbox 462 4758 720 4810; x_wconf 85' lang='lat' dir='ltr'><strong>mittitur.</strong></span> <span class='ocrx_word' id='word_1_579' title='bbox 774 4775 791 4806; x_wconf 71' lang='grc' dir='ltr'><strong>ι</strong></span> 
     </span>
    </p>
   </div>
   <div class='ocr_carea' id='block_1_83' title="bbox 465 4847 1979 4917">
    <p class='ocr_par' dir='ltr' id='par_1_83' title="bbox 465 4847 1979 4917">
     <span class='ocr_line' id='line_1_83' title="bbox 465 4847 1979 4917; baseline 0.003 -14"><span class='ocrx_word' id='word_1_580' title='bbox 465 4852 519 4905; x_wconf 90' lang='lat' dir='ltr'><strong>Si</strong></span> <span class='ocrx_word' id='word_1_581' title='bbox 574 4851 719 4903; x_wconf 88' lang='lat' dir='ltr'><strong>enim</strong></span> <span class='ocrx_word' id='word_1_582' title='bbox 781 4849 995 4902; x_wconf 83' lang='lat' dir='ltr'><strong>discere</strong></span> <span class='ocrx_word' id='word_1_583' title='bbox 1042 4847 1245 4917; x_wconf 81' lang='lat' dir='ltr'><strong>aliquid</strong></span> <span class='ocrx_word' id='word_1_584' title='bbox 1299 4848 1508 4908; x_wconf 82' lang='lat' dir='ltr'><strong>velint,</strong></span> <span class='ocrx_word' id='word_1_585' title='bbox 1560 4853 1790 4908; x_wconf 82' lang='lat' dir='ltr'><strong>maritos</strong></span> <span class='ocrx_word' id='word_1_586' title='bbox 1846 4870 1979 4908; x_wconf 82' lang='lat' dir='ltr'><strong>suos</strong></span> 
     </span>
    </p>
   </div>
   <div class='ocr_carea' id='block_1_84' title="bbox 393 4945 934 5012">
    <p class='ocr_par' dir='ltr' id='par_1_84' title="bbox 393 4945 934 5012">
     <span class='ocr_line' id='line_1_84' title="bbox 393 4945 934 5012; baseline -0.004 -16"><span class='ocrx_word' id='word_1_587' title='bbox 393 4945 536 4999; x_wconf 88' lang='lat' dir='ltr'><strong>domi</strong></span> <span class='ocrx_word' id='word_1_588' title='bbox 575 4946 934 5012; x_wconf 81' lang='lat' dir='ltr'><strong>interrogent.</strong></span> 
     </span>
    </p>
   </div>
   <div class='ocr_carea' id='block_1_85' title="bbox 955 5032 1422 5090">
    <p class='ocr_par' dir='ltr' id='par_1_85' title="bbox 955 5032 1422 5090">
     <span class='ocr_line' id='line_1_85' title="bbox 955 5032 1422 5090; baseline 0.004 -2"><span class='ocrx_word' id='word_1_589' title='bbox 955 5033 1188 5089; x_wconf 84' lang='lat' dir='ltr'><strong>CANON</strong></span> <span class='ocrx_word' id='word_1_590' title='bbox 1235 5032 1422 5090; x_wconf 74' lang='lat' dir='ltr'><strong>LXXI.</strong></span> 
     </span>
    </p>
   </div>
   <div class='ocr_carea' id='block_1_86' title="bbox 311 5129 1978 5210">
    <p class='ocr_par' dir='ltr' id='par_1_86' title="bbox 311 5129 1978 5210">
     <span class='ocr_line' id='line_1_86' title="bbox 311 5129 1978 5210; baseline 0.001 -25"><span class='ocrx_word' id='word_1_591' title='bbox 311 5173 321 5185; x_wconf 94' lang='lat'><strong>.</strong></span> <span class='ocrx_word' id='word_1_592' title='bbox 362 5203 368 5210; x_wconf 20' lang='grc' dir='ltr'><em>ι</em></span> <span class='ocrx_word' id='word_1_593' title='bbox 400 5149 418 5181; x_wconf 82' lang='grc' dir='ltr'><strong>ι</strong></span> <span class='ocrx_word' id='word_1_594' title='bbox 458 5131 590 5190; x_wconf 86' lang='lat' dir='ltr'><strong>Eos,</strong></span> <span class='ocrx_word' id='word_1_595' title='bbox 627 5130 719 5198; x_wconf 88' lang='lat' dir='ltr'><strong>qui</strong></span> <span class='ocrx_word' id='word_1_596' title='bbox 750 5129 1016 5184; x_wconf 90' lang='lat' dir='ltr'><strong>docentur</strong></span> <span class='ocrx_word' id='word_1_597' title='bbox 1044 5131 1188 5200; x_wconf 86' lang='lat' dir='ltr'><strong>leges</strong></span> <span class='ocrx_word' id='word_1_598' title='bbox 1227 5131 1416 5185; x_wconf 84' lang='lat' dir='ltr'><strong>civiles</strong></span> <span class='ocrx_word' id='word_1_599' title='bbox 1441 5172 1453 5194; x_wconf 94' lang='lat'><strong>,</strong></span> <span class='ocrx_word' id='word_1_600' title='bbox 1487 5130 1694 5187; x_wconf 73' lang='lat' dir='ltr'><strong>Gnecis</strong></span> <span class='ocrx_word' id='word_1_601' title='bbox 1729 5132 1978 5188; x_wconf 88' lang='lat' dir='ltr'><strong>moribus</strong></span> 
     </span>
    </p>
   </div>
   <div class='ocr_carea' id='block_1_87' title="bbox 475 5209 1981 5292">
    <p class='ocr_par' dir='ltr' id='par_1_87' title="bbox 475 5209 1981 5292">
     <span class='ocr_line' id='line_1_87' title="bbox 475 5209 1981 5292; baseline 0.002 -17"><span class='ocrx_word' id='word_1_602' title='bbox 475 5243 494 5274; x_wconf 83' lang='grc' dir='ltr'>ι</span> <span class='ocrx_word' id='word_1_603' title='bbox 535 5225 609 5276; x_wconf 90' lang='lat' dir='ltr'><strong>uti</strong></span> <span class='ocrx_word' id='word_1_604' title='bbox 651 5240 758 5276; x_wconf 87' lang='lat' dir='ltr'><strong>non</strong></span> <span class='ocrx_word' id='word_1_605' title='bbox 798 5234 1076 5292; x_wconf 85' lang='lat' dir='ltr'><strong>oportere.</strong></span> <span class='ocrx_word' id='word_1_606' title='bbox 1099 5233 1154 5278; x_wconf 87' lang='lat' dir='ltr'><strong>et</strong></span> <span class='ocrx_word' id='word_1_607' title='bbox 1183 5239 1358 5292; x_wconf 87' lang='lat' dir='ltr'><strong>neque</strong></span> <span class='ocrx_word' id='word_1_608' title='bbox 1387 5224 1441 5278; x_wconf 89' lang='lat' dir='ltr'><strong>in</strong></span> <span class='ocrx_word' id='word_1_609' title='bbox 1471 5209 1743 5279; x_wconf 76' lang='lat' dir='ltr'><strong>theatrum</strong></span> <span class='ocrx_word' id='word_1_610' title='bbox 1773 5227 1981 5287; x_wconf 85' lang='lat' dir='ltr'><strong>induci,</strong></span> 
     </span>
    </p>
   </div>
   <div class='ocr_carea' id='block_1_88' title="bbox 475 5318 1976 5389">
    <p class='ocr_par' dir='ltr' id='par_1_88' title="bbox 475 5318 1976 5389">
     <span class='ocr_line' id='line_1_88' title="bbox 475 5318 1976 5389; baseline 0.002 -21"><span class='ocrx_word' id='word_1_611' title='bbox 475 5336 494 5368; x_wconf 82' lang='grc' dir='ltr'>ι</span> <span class='ocrx_word' id='word_1_612' title='bbox 543 5333 719 5385; x_wconf 86' lang='lat' dir='ltr'><strong>neque</strong></span> <span class='ocrx_word' id='word_1_613' title='bbox 756 5332 877 5386; x_wconf 65' lang='lat' dir='ltr'><strong>qum</strong></span> <span class='ocrx_word' id='word_1_614' title='bbox 930 5318 1194 5373; x_wconf 89' lang='lat' dir='ltr'><strong>dicuntur</strong></span> <span class='ocrx_word' id='word_1_615' title='bbox 1255 5319 1492 5389; x_wconf 72' lang='lat' dir='ltr'><strong>cylistrze</strong></span> <span class='ocrx_word' id='word_1_616' title='bbox 1549 5334 1840 5389; x_wconf 89' lang='lat' dir='ltr'><strong>peragere,</strong></span> <span class='ocrx_word' id='word_1_617' title='bbox 1892 5321 1976 5371; x_wconf 75' lang='lat' dir='ltr'><strong>vel</strong></span> 
     </span>
    </p>
   </div>
   <div class='ocr_carea' id='block_1_89' title="bbox 473 5412 1970 5480">
    <p class='ocr_par' dir='ltr' id='par_1_89' title="bbox 473 5412 1970 5480">
     <span class='ocr_line' id='line_1_89' title="bbox 473 5412 1970 5480; baseline 0.003 -18"><span class='ocrx_word' id='word_1_618' title='bbox 473 5430 492 5462; x_wconf 73' lang='grc' dir='ltr'><strong>ι</strong></span> <span class='ocrx_word' id='word_1_619' title='bbox 533 5419 730 5480; x_wconf 68' lang='grc' dir='ltr'>ριένιιξῐ·</span> <span class='ocrx_word' id='word_1_620' title='bbox 770 5426 930 5466; x_wconf 89' lang='lat' dir='ltr'><strong>usum</strong></span> <span class='ocrx_word' id='word_1_621' title='bbox 971 5427 1318 5467; x_wconf 89' lang='lat' dir='ltr'><strong>communem</strong></span> <span class='ocrx_word' id='word_1_622' title='bbox 1359 5413 1460 5466; x_wconf 91' lang='lat' dir='ltr'><strong>sibi</strong></span> <span class='ocrx_word' id='word_1_623' title='bbox 1496 5421 1678 5467; x_wconf 83' lang='lat' dir='ltr'><strong>vestes</strong></span> <span class='ocrx_word' id='word_1_624' title='bbox 1721 5412 1970 5475; x_wconf 86' lang='lat' dir='ltr'><strong>induere,</strong></span> 
     </span>
    </p>
   </div>
   <div class='ocr_carea' id='block_1_90' title="bbox 475 5503 1974 5574">
    <p class='ocr_par' dir='ltr' id='par_1_90' title="bbox 475 5503 1974 5574">
     <span class='ocr_line' id='line_1_90' title="bbox 475 5503 1974 5574; baseline 0.003 -20"><span class='ocrx_word' id='word_1_625' title='bbox 475 5521 495 5554; x_wconf 77' lang='grc' dir='ltr'>ι</span> <span class='ocrx_word' id='word_1_626' title='bbox 536 5517 636 5558; x_wconf 90' lang='lat' dir='ltr'><strong>nec</strong></span> <span class='ocrx_word' id='word_1_627' title='bbox 671 5517 779 5571; x_wconf 88' lang='lat' dir='ltr'><strong>quo</strong></span> <span class='ocrx_word' id='word_1_628' title='bbox 809 5511 1055 5574; x_wconf 78' lang='lat' dir='ltr'><strong>tempore</strong></span> <span class='ocrx_word' id='word_1_629' title='bbox 1078 5503 1422 5573; x_wconf 83' lang='lat' dir='ltr'><strong>disciplinam</strong></span> <span class='ocrx_word' id='word_1_630' title='bbox 1451 5503 1862 5573; x_wconf 84' lang='lat' dir='ltr'><strong>aggrediuntur,</strong></span> <span class='ocrx_word' id='word_1_631' title='bbox 1893 5505 1974 5558; x_wconf 73' lang='lat' dir='ltr'><strong>vel</strong></span> 
     </span>
    </p>
   </div>
   <div class='ocr_carea' id='block_1_91' title="bbox 2073 3267 3666 3350">
    <p class='ocr_par' dir='ltr' id='par_1_91' title="bbox 2073 3267 3666 3350">
     <span class='ocr_line' id='line_1_91' title="bbox 2073 3267 3666 3350; baseline -0.013 -14"><span class='ocrx_word' id='word_1_632' title='bbox 2073 3279 2349 3350; x_wconf 82' lang='grc' dir='ltr'>συγγενῶν</span> <span class='ocrx_word' id='word_1_633' title='bbox 2369 3281 2447 3340; x_wconf 86' lang='grc' dir='ltr'>εἰς</span> <span class='ocrx_word' id='word_1_634' title='bbox 2467 3277 2564 3348; x_wconf 81' lang='grc' dir='ltr'>τὴν</span> <span class='ocrx_word' id='word_1_635' title='bbox 2582 3273 2885 3344; x_wconf 81' lang='grc' dir='ltr'>ἐπιτροπὴν</span> <span class='ocrx_word' id='word_1_636' title='bbox 2910 3270 3442 3342; x_wconf 81' lang='grc' dir='ltr'>προτιμηθήσονται,</span> <span class='ocrx_word' id='word_1_637' title='bbox 3460 3267 3572 3319; x_wconf 79' lang='grc' dir='ltr'>τῶν</span> <span class='ocrx_word' id='word_1_638' title='bbox 3600 3267 3666 3316; x_wconf 84' lang='grc' dir='ltr'><strong>ἐκ.</strong></span> 
     </span>
    </p>
   </div>
   <div class='ocr_carea' id='block_1_92' title="bbox 2073 3360 3694 3444">
    <p class='ocr_par' dir='ltr' id='par_1_92' title="bbox 2073 3360 3694 3444">
     <span class='ocr_line' id='line_1_92' title="bbox 2073 3360 3694 3444; baseline -0.012 -15"><span class='ocrx_word' id='word_1_639' title='bbox 2073 3375 2339 3444; x_wconf 84' lang='grc' dir='ltr'>διαθήκης</span> <span class='ocrx_word' id='word_1_640' title='bbox 2359 3373 2537 3442; x_wconf 76' lang='grc' dir='ltr'>μόνων</span> <span class='ocrx_word' id='word_1_641' title='bbox 2559 3369 2872 3437; x_wconf 77' lang='grc' dir='ltr'>ἐπιτρόπων</span> <span class='ocrx_word' id='word_1_642' title='bbox 2897 3363 3396 3436; x_wconf 85' lang='grc' dir='ltr'>προλαμϐανόντων</span> <span class='ocrx_word' id='word_1_643' title='bbox 3429 3360 3660 3419; x_wconf 84' lang='grc' dir='ltr'>ταύτας.</span> <span class='ocrx_word' id='word_1_644' title='bbox 3682 3377 3694 3386; x_wconf 90' lang='grc'><strong>·</strong></span> 
     </span>
    </p>
   </div>
   <div class='ocr_carea' id='block_1_93' title="bbox 2074 3449 3670 3538">
    <p class='ocr_par' dir='ltr' id='par_1_93' title="bbox 2074 3449 3670 3538">
     <span class='ocr_line' id='line_1_93' title="bbox 2074 3449 3670 3538; baseline -0.013 -17"><span class='ocrx_word' id='word_1_645' title='bbox 2074 3467 2185 3538; x_wconf 78' lang='grc' dir='ltr'><strong>Τὴν</strong></span> <span class='ocrx_word' id='word_1_646' title='bbox 2205 3466 2314 3535; x_wconf 76' lang='grc' dir='ltr'><strong>γάρ</strong></span> <span class='ocrx_word' id='word_1_647' title='bbox 2341 3461 2435 3517; x_wconf 81' lang='grc' dir='ltr'><strong>τοῦ</strong></span> <span class='ocrx_word' id='word_1_648' title='bbox 2461 3461 2886 3531; x_wconf 83' lang='grc' dir='ltr'>τελευτήσαντος</span> <span class='ocrx_word' id='word_1_649' title='bbox 2919 3456 3174 3528; x_wconf 87' lang='grc' dir='ltr'>βούλησίν</span> <span class='ocrx_word' id='word_1_650' title='bbox 3204 3469 3264 3507; x_wconf 89' lang='grc' dir='ltr'><strong>τε</strong></span> <span class='ocrx_word' id='word_1_651' title='bbox 3288 3453 3385 3506; x_wconf 68' lang='grc' dir='ltr'><strong>καὶ</strong></span> <span class='ocrx_word' id='word_1_652' title='bbox 3408 3449 3670 3519; x_wconf 79' lang='grc' dir='ltr'>ἐπιλογὴν</span> 
     </span>
    </p>
   </div>
   <div class='ocr_carea' id='block_1_94' title="bbox 3393 3538 3663 3612">
    <p class='ocr_par' dir='ltr' id='par_1_94' title="bbox 3393 3538 3663 3612">
     <span class='ocr_line' id='line_1_94' title="bbox 3393 3538 3663 3612; baseline -0.015 -17"><span class='ocrx_word' id='word_1_653' title='bbox 3393 3541 3535 3612; x_wconf 74' lang='grc' dir='ltr'>Γυνὴ</span> <span class='ocrx_word' id='word_1_654' title='bbox 3595 3538 3663 3592; x_wconf 75' lang='grc' dir='ltr'><strong>οὐ</strong></span> 
     </span>
    </p>
   </div>
   <div class='ocr_carea' id='block_1_95' title="bbox 2144 3727 3668 3812">
    <p class='ocr_par' dir='ltr' id='par_1_95' title="bbox 2144 3727 3668 3812">
     <span class='ocr_line' id='line_1_95' title="bbox 2144 3727 3668 3812; baseline -0.015 -8"><span class='ocrx_word' id='word_1_655' title='bbox 2144 3747 2390 3804; x_wconf 83' lang='grc' dir='ltr'><strong>ΖΩΝΛΡ.</strong></span> <span class='ocrx_word' id='word_1_656' title='bbox 2465 3742 2631 3812; x_wconf 80' lang='grc' dir='ltr'>Σιγᾷν</span> <span class='ocrx_word' id='word_1_657' title='bbox 2676 3741 2705 3793; x_wconf 97' lang='lat'><strong>6</strong></span> <span class='ocrx_word' id='word_1_658' title='bbox 2760 3739 2933 3808; x_wconf 83' lang='grc' dir='ltr'>μέγας</span> <span class='ocrx_word' id='word_1_659' title='bbox 2979 3736 3193 3798; x_wconf 79' lang='grc' dir='ltr'>Παῦλος</span> <span class='ocrx_word' id='word_1_660' title='bbox 3230 3735 3353 3796; x_wconf 74' lang='grc' dir='ltr'>ταῖς</span> <span class='ocrx_word' id='word_1_661' title='bbox 3415 3727 3668 3801; x_wconf 73' lang='grc' dir='ltr'>γυναιξὶν</span> 
     </span>
    </p>
   </div>
   <div class='ocr_carea' id='block_1_96' title="bbox 2074 3822 3664 3901">
    <p class='ocr_par' dir='ltr' id='par_1_96' title="bbox 2074 3822 3664 3901">
     <span class='ocr_line' id='line_1_96' title="bbox 2074 3822 3664 3901; baseline -0.014 -6"><span class='ocrx_word' id='word_1_662' title='bbox 2074 3842 2357 3895; x_wconf 74' lang='grc' dir='ltr'>ἐπιτάττει</span> <span class='ocrx_word' id='word_1_663' title='bbox 2380 3835 2441 3890; x_wconf 78' lang='grc' dir='ltr'><strong>οὐ</strong></span> <span class='ocrx_word' id='word_1_664' title='bbox 2470 3836 2613 3889; x_wconf 86' lang='grc' dir='ltr'><strong>κατὰ</strong></span> <span class='ocrx_word' id='word_1_665' title='bbox 2639 3833 2731 3886; x_wconf 80' lang='grc' dir='ltr'><strong>τὸν</strong></span> <span class='ocrx_word' id='word_1_666' title='bbox 2762 3829 2955 3901; x_wconf 82' lang='grc' dir='ltr'>καιρὸν</span> <span class='ocrx_word' id='word_1_667' title='bbox 2982 3829 3146 3900; x_wconf 86' lang='grc' dir='ltr'>μόνον</span> <span class='ocrx_word' id='word_1_668' title='bbox 3163 3828 3262 3894; x_wconf 68' lang='grc' dir='ltr'>τῆς</span> <span class='ocrx_word' id='word_1_669' title='bbox 3284 3822 3664 3895; x_wconf 83' lang='grc' dir='ltr'>λειτουργίας,</span> 
     </span>
    </p>
   </div>
   <div class='ocr_carea' id='block_1_97' title="bbox 2073 3909 3670 3995">
    <p class='ocr_par' dir='ltr' id='par_1_97' title="bbox 2073 3909 3670 3995">
     <span class='ocr_line' id='line_1_97' title="bbox 2073 3909 3670 3995; baseline -0.015 -7"><span class='ocrx_word' id='word_1_670' title='bbox 2073 3933 2189 3988; x_wconf 82' lang='grc' dir='ltr'>ἀλλ’</span> <span class='ocrx_word' id='word_1_671' title='bbox 2243 3929 2340 3985; x_wconf 73' lang='grc' dir='ltr'>ἐπὶ</span> <span class='ocrx_word' id='word_1_672' title='bbox 2393 3929 2576 3995; x_wconf 82' lang='grc' dir='ltr'>πάσης</span> <span class='ocrx_word' id='word_1_673' title='bbox 2627 3921 2996 3984; x_wconf 79' lang='grc' dir='ltr'>συνελεύσεως</span> <span class='ocrx_word' id='word_1_674' title='bbox 3045 3919 3152 3972; x_wconf 83' lang='grc' dir='ltr'>τῶν</span> <span class='ocrx_word' id='word_1_675' title='bbox 3208 3915 3438 3969; x_wconf 84' lang='grc' dir='ltr'>πιστῶν.</span> <span class='ocrx_word' id='word_1_676' title='bbox 3493 3909 3670 3966; x_wconf 73' lang='grc' dir='ltr'>Τοῦτο</span> 
     </span>
    </p>
   </div>
   <div class='ocr_carea' id='block_1_98' title="bbox 2073 4007 3655 4090">
    <p class='ocr_par' dir='ltr' id='par_1_98' title="bbox 2073 4007 3655 4090">
     <span class='ocr_line' id='line_1_98' title="bbox 2073 4007 3655 4090; baseline -0.016 -7"><span class='ocrx_word' id='word_1_677' title='bbox 2073 4029 2132 4083; x_wconf 78' lang='grc' dir='ltr'>δὲ</span> <span class='ocrx_word' id='word_1_678' title='bbox 2187 4025 2283 4080; x_wconf 60' lang='grc' dir='ltr'><strong>καὶ⁸</strong></span> <span class='ocrx_word' id='word_1_679' title='bbox 2339 4025 2452 4085; x_wconf 85' lang='grc' dir='ltr'>τοῖς</span> <span class='ocrx_word' id='word_1_680' title='bbox 2509 4019 2751 4090; x_wconf 85' lang='grc' dir='ltr'>θύραθεν</span> <span class='ocrx_word' id='word_1_681' title='bbox 2818 4015 3083 4086; x_wconf 78' lang='grc' dir='ltr'>ἁρμόδιον</span> <span class='ocrx_word' id='word_1_682' title='bbox 3136 4011 3320 4076; x_wconf 73' lang='grc' dir='ltr'>ἔδοξε·</span> <span class='ocrx_word' id='word_1_683' title='bbox 3361 4007 3499 4078; x_wconf 73' lang='grc' dir='ltr'>φησὶ</span> <span class='ocrx_word' id='word_1_684' title='bbox 3545 4007 3655 4075; x_wconf 88' lang='grc' dir='ltr'><strong>γάρ</strong></span> 
     </span>
    </p>
   </div>
   <div class='ocr_carea' id='block_1_99' title="bbox 2074 4100 3663 4185">
    <p class='ocr_par' dir='ltr' id='par_1_99' title="bbox 2074 4100 3663 4185">
     <span class='ocr_line' id='line_1_99' title="bbox 2074 4100 3663 4185; baseline -0.015 -11"><span class='ocrx_word' id='word_1_685' title='bbox 2074 4139 2159 4184; x_wconf 87' lang='grc' dir='ltr'><strong>τις</strong></span> <span class='ocrx_word' id='word_1_686' title='bbox 2206 4119 2316 4172; x_wconf 81' lang='grc' dir='ltr'><strong>τῶν</strong></span> <span class='ocrx_word' id='word_1_687' title='bbox 2369 4113 2614 4185; x_wconf 81' lang='grc' dir='ltr'>ποιητῶν</span> <span class='ocrx_word' id='word_1_688' title='bbox 2642 4129 2655 4142; x_wconf 91' lang='grc'><strong>·</strong></span> <span class='ocrx_word' id='word_1_689' title='bbox 2724 4110 2947 4176; x_wconf 64' lang='grc' dir='ltr'><strong>Γυναιίξλ⁵</strong></span> <span class='ocrx_word' id='word_1_690' title='bbox 2989 4107 3196 4174; x_wconf 87' lang='grc' dir='ltr'>κόσμον</span> <span class='ocrx_word' id='word_1_691' title='bbox 3319 4101 3448 4172; x_wconf 87' lang='grc' dir='ltr'>σιγὴ</span> <span class='ocrx_word' id='word_1_692' title='bbox 3483 4100 3663 4170; x_wconf 81' lang='grc' dir='ltr'>φέρει.</span> 
     </span>
    </p>
   </div>
   <div class='ocr_carea' id='block_1_100' title="bbox 2077 4194 3664 4279">
    <p class='ocr_par' dir='ltr' id='par_1_100' title="bbox 2077 4194 3664 4279">
     <span class='ocr_line' id='line_1_100' title="bbox 2077 4194 3664 4279; baseline -0.015 -11"><span class='ocrx_word' id='word_1_693' title='bbox 2077 4213 2230 4277; x_wconf 89' lang='grc' dir='ltr'><strong>Τέως</strong></span> <span class='ocrx_word' id='word_1_694' title='bbox 2254 4213 2311 4266; x_wconf 79' lang='grc' dir='ltr'>δὲ</span> <span class='ocrx_word' id='word_1_695' title='bbox 2342 4213 2369 4264; x_wconf 90' lang='lat'><strong>6</strong></span> <span class='ocrx_word' id='word_1_696' title='bbox 2407 4207 2603 4279; x_wconf 88' lang='grc' dir='ltr'>παρὼν</span> <span class='ocrx_word' id='word_1_697' title='bbox 2633 4202 2820 4258; x_wconf 87' lang='grc' dir='ltr'>κανὼν</span> <span class='ocrx_word' id='word_1_698' title='bbox 2859 4201 3022 4270; x_wconf 81' lang='grc' dir='ltr'>σιγὴν</span> <span class='ocrx_word' id='word_1_699' title='bbox 3051 4199 3247 4260; x_wconf 86' lang='grc' dir='ltr'>αὐταῖς</span> <span class='ocrx_word' id='word_1_700' title='bbox 3293 4195 3579 4249; x_wconf 82' lang='grc' dir='ltr'>ἐπιτάττει</span> <span class='ocrx_word' id='word_1_701' title='bbox 3603 4194 3664 4245; x_wconf 87' lang='grc' dir='ltr'><strong>ἐν</strong></span> 
     </span>
    </p>
   </div>
   <div class='ocr_carea' id='block_1_101' title="bbox 2085 4285 3666 4373">
    <p class='ocr_par' dir='ltr' id='par_1_101' title="bbox 2085 4285 3666 4373">
     <span class='ocr_line' id='line_1_101' title="bbox 2085 4285 3666 4373; baseline -0.015 -14"><span class='ocrx_word' id='word_1_702' title='bbox 2085 4305 2166 4372; x_wconf 81' lang='grc' dir='ltr'><strong>τῷ</strong></span> <span class='ocrx_word' id='word_1_703' title='bbox 2195 4305 2294 4373; x_wconf 81' lang='grc' dir='ltr'><strong>τῆς</strong></span> <span class='ocrx_word' id='word_1_704' title='bbox 2323 4299 2672 4372; x_wconf 88' lang='grc' dir='ltr'>λειτουργίας</span> <span class='ocrx_word' id='word_1_705' title='bbox 2703 4295 2906 4367; x_wconf 86' lang='grc' dir='ltr'>καιρῷ.</span> <span class='ocrx_word' id='word_1_706' title='bbox 2943 4294 3008 4346; x_wconf 82' lang='grc' dir='ltr'>Εἰ</span> <span class='ocrx_word' id='word_1_707' title='bbox 3045 4289 3102 4345; x_wconf 83' lang='grc' dir='ltr'><strong>δέ</strong></span> <span class='ocrx_word' id='word_1_708' title='bbox 3131 4307 3226 4354; x_wconf 88' lang='grc' dir='ltr'>τι,·</span> <span class='ocrx_word' id='word_1_709' title='bbox 3256 4289 3415 4359; x_wconf 65' lang='grc' dir='ltr'>φησὶ,</span> <span class='ocrx_word' id='word_1_710' title='bbox 3469 4285 3666 4356; x_wconf 82' lang='grc' dir='ltr'>μαθεῖν</span> 
     </span>
    </p>
   </div>
   <div class='ocr_carea' id='block_1_102' title="bbox 2090 4381 3666 4461">
    <p class='ocr_par' dir='ltr' id='par_1_102' title="bbox 2090 4381 3666 4461">
     <span class='ocr_line' id='line_1_102' title="bbox 2090 4381 3666 4461; baseline -0.013 -10"><span class='ocrx_word' id='word_1_711' title='bbox 2090 4397 2325 4461; x_wconf 78' lang='grc' dir='ltr'>θέλουσι,</span> <span class='ocrx_word' id='word_1_712' title='bbox 2357 4396 2480 4457; x_wconf 79' lang='grc' dir='ltr'>τοὺς</span> <span class='ocrx_word' id='word_1_713' title='bbox 2549 4392 2785 4454; x_wconf 82' lang='grc' dir='ltr'>οἰκείους</span> <span class='ocrx_word' id='word_1_714' title='bbox 2825 4385 3027 4459; x_wconf 80' lang='grc' dir='ltr'>ἄνδρας</span> <span class='ocrx_word' id='word_1_715' title='bbox 3074 4385 3216 4439; x_wconf 80' lang='grc' dir='ltr'>οἶκοι</span> <span class='ocrx_word' id='word_1_716' title='bbox 3277 4381 3666 4450; x_wconf 81' lang='grc' dir='ltr'>ἐρωτάτωσαν.</span> 
     </span>
    </p>
   </div>
   <div class='ocr_carea' id='block_1_103' title="bbox 2087 4468 3670 4543">
    <p class='ocr_par' dir='ltr' id='par_1_103' title="bbox 2087 4468 3670 4543">
     <span class='ocr_line' id='line_1_103' title="bbox 2087 4468 3670 4543; baseline -0.015 0"><span class='ocrx_word' id='word_1_717' title='bbox 2087 4491 2199 4543; x_wconf 76' lang='grc' dir='ltr'>Καὶ</span> <span class='ocrx_word' id='word_1_718' title='bbox 2261 4489 2423 4540; x_wconf 79' lang='grc' dir='ltr'>τοῦτο</span> <span class='ocrx_word' id='word_1_719' title='bbox 2475 4485 2531 4538; x_wconf 82' lang='grc' dir='ltr'><strong>δὲ</strong></span> <span class='ocrx_word' id='word_1_720' title='bbox 2569 4479 2938 4536; x_wconf 85' lang='grc' dir='ltr'>ἁποστολικόν</span> <span class='ocrx_word' id='word_1_721' title='bbox 2987 4480 3128 4530; x_wconf 86' lang='grc' dir='ltr'>ἐστι.</span> <span class='ocrx_word' id='word_1_722' title='bbox 3183 4473 3368 4543; x_wconf 87' lang='grc' dir='ltr'>Νόμον</span> <span class='ocrx_word' id='word_1_723' title='bbox 3405 4471 3461 4524; x_wconf 77' lang='grc' dir='ltr'>δὲ</span> <span class='ocrx_word' id='word_1_724' title='bbox 3490 4468 3670 4522; x_wconf 78' lang='grc' dir='ltr'>ταῦτα</span> 
     </span>
    </p>
   </div>
   <div class='ocr_carea' id='block_1_104' title="bbox 2080 4567 3524 4650">
    <p class='ocr_par' dir='ltr' id='par_1_104' title="bbox 2080 4567 3524 4650">
     <span class='ocr_line' id='line_1_104' title="bbox 2080 4567 3524 4650; baseline -0.012 -14"><span class='ocrx_word' id='word_1_725' title='bbox 2080 4583 2364 4650; x_wconf 80' lang='grc' dir='ltr'>ὠνόμασεν</span> <span class='ocrx_word' id='word_1_726' title='bbox 2392 4582 2421 4632; x_wconf 88' lang='lat'><strong>6</strong></span> <span class='ocrx_word' id='word_1_727' title='bbox 2453 4578 2638 4632; x_wconf 87' lang='grc' dir='ltr'>κανὼν</span> <span class='ocrx_word' id='word_1_728' title='bbox 2689 4571 2759 4629; x_wconf 70' lang='grc' dir='ltr'><strong>τά</strong></span> <span class='ocrx_word' id='word_1_729' title='bbox 2785 4572 3123 4628; x_wconf 72' lang='grc' dir='ltr'>ἀποστολικὰ</span> <span class='ocrx_word' id='word_1_730' title='bbox 3149 4567 3524 4636; x_wconf 79' lang='grc' dir='ltr'>διατάγματα.</span> 
     </span>
    </p>
   </div>
   <div class='ocr_carea' id='block_1_105' title="bbox 2078 4657 3662 4735">
    <p class='ocr_par' dir='ltr' id='par_1_105' title="bbox 2078 4657 3662 4735">
     <span class='ocr_line' id='line_1_105' title="bbox 2078 4657 3662 4735; baseline -0.014 -6"><span class='ocrx_word' id='word_1_731' title='bbox 2078 4672 2301 4730; x_wconf 80' lang='grc' dir='ltr'>ΑΡΙΣΤ.</span> <span class='ocrx_word' id='word_1_732' title='bbox 2365 4691 2383 4724; x_wconf 84' lang='grc' dir='ltr'>ι</span> <span class='ocrx_word' id='word_1_733' title='bbox 2425 4671 2648 4735; x_wconf 72' lang='grc' dir='ltr'>Γυναιῇ</span> <span class='ocrx_word' id='word_1_734' title='bbox 2677 4669 2860 4722; x_wconf 85' lang='grc' dir='ltr'>λαλεῖν</span> <span class='ocrx_word' id='word_1_735' title='bbox 2899 4668 2984 4720; x_wconf 79' lang='grc' dir='ltr'>ἐπ’</span> <span class='ocrx_word' id='word_1_736' title='bbox 3021 4661 3342 4732; x_wconf 80' lang='grc' dir='ltr'>ἐκκλησίαις</span> <span class='ocrx_word' id='word_1_737' title='bbox 3367 4659 3470 4712; x_wconf 82' lang='grc' dir='ltr'><strong>οὐκ</strong></span> <span class='ocrx_word' id='word_1_738' title='bbox 3535 4657 3662 4708; x_wconf 81' lang='grc' dir='ltr'>ἐπι-</span> 
     </span>
    </p>
   </div>
   <div class='ocr_carea' id='block_1_106' title="bbox 2598 4764 3025 4834">
    <p class='ocr_par' dir='ltr' id='par_1_106' title="bbox 2598 4764 3025 4834">
     <span class='ocr_line' id='line_1_106' title="bbox 2598 4764 3025 4834; baseline -0.019 -18"><span class='ocrx_word' id='word_1_739' title='bbox 2598 4783 2616 4815; x_wconf 81' lang='grc' dir='ltr'>ι</span> <span class='ocrx_word' id='word_1_740' title='bbox 2651 4764 2976 4834; x_wconf 86' lang='grc' dir='ltr'>τέτραπται.</span> <span class='ocrx_word' id='word_1_741' title='bbox 3008 4777 3025 4808; x_wconf 70' lang='grc' dir='ltr'>ι</span> 
     </span>
    </p>
   </div>
   <div class='ocr_carea' id='block_1_107' title="bbox 2150 4843 3670 4926">
    <p class='ocr_par' dir='ltr' id='par_1_107' title="bbox 2150 4843 3670 4926">
     <span class='ocr_line' id='line_1_107' title="bbox 2150 4843 3670 4926; baseline -0.01 -16"><span class='ocrx_word' id='word_1_742' title='bbox 2150 4857 2215 4910; x_wconf 77' lang='grc' dir='ltr'><strong>Εἰ</strong></span> <span class='ocrx_word' id='word_1_743' title='bbox 2240 4857 2348 4926; x_wconf 82' lang='grc' dir='ltr'>γὰρ</span> <span class='ocrx_word' id='word_1_744' title='bbox 2379 4853 2682 4926; x_wconf 76' lang='grc' dir='ltr'>θελήσουσί</span> <span class='ocrx_word' id='word_1_745' title='bbox 2714 4869 2767 4904; x_wconf 89' lang='grc' dir='ltr'><strong>τι</strong></span> <span class='ocrx_word' id='word_1_746' title='bbox 2801 4851 3016 4921; x_wconf 76' lang='grc' dir='ltr'>μαθεῖν,</span> <span class='ocrx_word' id='word_1_747' title='bbox 3051 4849 3110 4900; x_wconf 86' lang='grc' dir='ltr'><strong>ἐν</strong></span> <span class='ocrx_word' id='word_1_748' title='bbox 3135 4847 3269 4917; x_wconf 74' lang='grc' dir='ltr'>οἴκῳ</span> <span class='ocrx_word' id='word_1_749' title='bbox 3335 4844 3460 4905; x_wconf 78' lang='grc' dir='ltr'>τοὺς</span> <span class='ocrx_word' id='word_1_750' title='bbox 3495 4843 3670 4909; x_wconf 78' lang='grc' dir='ltr'>ἰδίους</span> 
     </span>
    </p>
   </div>
   <div class='ocr_carea' id='block_1_108' title="bbox 2087 4949 3212 5021">
    <p class='ocr_par' dir='ltr' id='par_1_108' title="bbox 2087 4949 3212 5021">
     <span class='ocr_line' id='line_1_108' title="bbox 2087 4949 3212 5021; baseline -0.007 -16"><span class='ocrx_word' id='word_1_751' title='bbox 2087 4951 2182 5006; x_wconf 54' lang='lat' dir='ltr'><strong>sva</strong></span> <span class='ocrx_word' id='word_1_752' title='bbox 2189 4968 2290 5021; x_wconf 86' lang='grc' dir='ltr'><strong>ρας</strong></span> <span class='ocrx_word' id='word_1_753' title='bbox 2319 4949 2785 5018; x_wconf 86' lang='grc' dir='ltr'>ἐπερωτάτωσαν.</span> <span class='ocrx_word' id='word_1_754' title='bbox 3201 4954 3212 4959; x_wconf 87' lang='grc'><strong><em>“</em></strong></span> 
     </span>
    </p>
   </div>
   <div class='ocr_carea' id='block_1_109' title="bbox 2641 5038 3067 5100">
    <p class='ocr_par' dir='ltr' id='par_1_109' title="bbox 2641 5038 3067 5100">
     <span class='ocr_line' id='line_1_109' title="bbox 2641 5038 3067 5100; baseline -0.012 -6"><span class='ocrx_word' id='word_1_755' title='bbox 2641 5039 2906 5094; x_wconf 82' lang='grc' dir='ltr'><strong>ΚΑΝΩΝ.</strong></span> <span class='ocrx_word' id='word_1_756' title='bbox 2944 5038 3067 5100; x_wconf 78' lang='lat' dir='ltr'><strong>OA&#39;,</strong></span> 
     </span>
    </p>
   </div>
   <div class='ocr_carea' id='block_1_110' title="bbox 2089 5121 3671 5200">
    <p class='ocr_par' dir='ltr' id='par_1_110' title="bbox 2089 5121 3671 5200">
     <span class='ocr_line' id='line_1_110' title="bbox 2089 5121 3671 5200; baseline -0.006 -12"><span class='ocrx_word' id='word_1_757' title='bbox 2089 5157 2107 5188; x_wconf 82' lang='grc' dir='ltr'>ι</span> <span class='ocrx_word' id='word_1_758' title='bbox 2148 5135 2287 5196; x_wconf 76' lang='grc' dir='ltr'>Τοὺς</span> <span class='ocrx_word' id='word_1_759' title='bbox 2343 5134 2765 5194; x_wconf 77' lang='grc' dir='ltr'>διδασκομένους</span> <span class='ocrx_word' id='word_1_760' title='bbox 2841 5134 2968 5197; x_wconf 79' lang='grc' dir='ltr'>τοὺς</span> <span class='ocrx_word' id='word_1_761' title='bbox 3023 5131 3341 5194; x_wconf 68' lang='grc' dir='ltr'>πολιτικοὺς</span> <span class='ocrx_word' id='word_1_762' title='bbox 3363 5129 3564 5200; x_wconf 79' lang='grc' dir='ltr'>νόμους</span> <span class='ocrx_word' id='word_1_763' title='bbox 3592 5121 3671 5195; x_wconf 70' lang='grc' dir='ltr'>μὴ</span> 
     </span>
    </p>
   </div>
   <div class='ocr_carea' id='block_1_111' title="bbox 2163 5219 3672 5296">
    <p class='ocr_par' dir='ltr' id='par_1_111' title="bbox 2163 5219 3672 5296">
     <span class='ocr_line' id='line_1_111' title="bbox 2163 5219 3672 5296; baseline -0.007 -17"><span class='ocrx_word' id='word_1_764' title='bbox 2163 5250 2180 5279; x_wconf 76' lang='grc' dir='ltr'>ι</span> <span class='ocrx_word' id='word_1_765' title='bbox 2225 5229 2336 5281; x_wconf 84' lang='grc' dir='ltr'>δεῖν</span> <span class='ocrx_word' id='word_1_766' title='bbox 2364 5231 2475 5290; x_wconf 84' lang='grc' dir='ltr'>τοῖς</span> <span class='ocrx_word' id='word_1_767' title='bbox 2517 5225 2858 5296; x_wconf 82' lang='grc' dir='ltr'>Ἑλληνικοῖς</span> <span class='ocrx_word' id='word_1_768' title='bbox 2924 5226 3074 5278; x_wconf 74' lang='grc' dir='ltr'>ἔθεσι</span> <span class='ocrx_word' id='word_1_769' title='bbox 3133 5221 3467 5294; x_wconf 77' lang='grc' dir='ltr'>κεχρῆσθαι,</span> <span class='ocrx_word' id='word_1_770' title='bbox 3533 5219 3672 5288; x_wconf 68' lang='grc' dir='ltr'>μήτε</span> 
     </span>
    </p>
   </div>
   <div class='ocr_carea' id='block_1_112' title="bbox 2165 5310 3675 5389">
    <p class='ocr_par' dir='ltr' id='par_1_112' title="bbox 2165 5310 3675 5389">
     <span class='ocr_line' id='line_1_112' title="bbox 2165 5310 3675 5389; baseline -0.007 -19"><span class='ocrx_word' id='word_1_771' title='bbox 2165 5341 2183 5370; x_wconf 77' lang='grc' dir='ltr'>ι</span> <span class='ocrx_word' id='word_1_772' title='bbox 2225 5321 2330 5389; x_wconf 80' lang='grc' dir='ltr'><strong>μὴν</strong></span> <span class='ocrx_word' id='word_1_773' title='bbox 2363 5319 2455 5371; x_wconf 73' lang='grc' dir='ltr'><strong>ἐπὶ</strong></span> <span class='ocrx_word' id='word_1_774' title='bbox 2483 5319 2729 5386; x_wconf 86' lang='grc' dir='ltr'>θεάτρων</span> <span class='ocrx_word' id='word_1_775' title='bbox 2755 5317 3057 5383; x_wconf 80' lang='grc' dir='ltr'>ἀνάγεσθαι</span> <span class='ocrx_word' id='word_1_776' title='bbox 3091 5316 3226 5387; x_wconf 81' lang='lat'><strong>(78),</strong></span> <span class='ocrx_word' id='word_1_777' title='bbox 3266 5315 3299 5384; x_wconf 83' lang='grc' dir='ltr'>ἢ</span> <span class='ocrx_word' id='word_1_778' title='bbox 3353 5313 3452 5376; x_wconf 82' lang='grc' dir='ltr'>τὰς</span> <span class='ocrx_word' id='word_1_779' title='bbox 3513 5310 3675 5377; x_wconf 78' lang='grc' dir='ltr'>λεγοο</span> 
     </span>
    </p>
   </div>
   <div class='ocr_carea' id='block_1_113' title="bbox 2167 5402 3671 5482">
    <p class='ocr_par' dir='ltr' id='par_1_113' title="bbox 2167 5402 3671 5482">
     <span class='ocr_line' id='line_1_113' title="bbox 2167 5402 3671 5482; baseline -0.001 -26"><span class='ocrx_word' id='word_1_780' title='bbox 2167 5433 2184 5463; x_wconf 73' lang='grc' dir='ltr'><strong>ς</strong></span> <span class='ocrx_word' id='word_1_781' title='bbox 2228 5412 2397 5482; x_wconf 74' lang='grc' dir='ltr'>μένας</span> <span class='ocrx_word' id='word_1_782' title='bbox 2451 5409 2747 5478; x_wconf 76' lang='grc' dir='ltr'>κυλίστρας</span> <span class='ocrx_word' id='word_1_783' title='bbox 2787 5409 3083 5474; x_wconf 88' lang='grc' dir='ltr'>ἐπιτελεῖν,</span> <span class='ocrx_word' id='word_1_784' title='bbox 3111 5409 3144 5477; x_wconf 84' lang='grc' dir='ltr'><strong>ἥ</strong></span> <span class='ocrx_word' id='word_1_785' title='bbox 3182 5406 3336 5477; x_wconf 83' lang='grc' dir='ltr'>παρὰ</span> <span class='ocrx_word' id='word_1_786' title='bbox 3364 5405 3462 5475; x_wconf 82' lang='grc' dir='ltr'>τὴν</span> <span class='ocrx_word' id='word_1_787' title='bbox 3485 5402 3671 5470; x_wconf 77' lang='grc' dir='ltr'>κοινὴν</span> 
     </span>
    </p>
   </div>
   <div class='ocr_carea' id='block_1_114' title="bbox 2169 5487 3673 5573">
    <p class='ocr_par' dir='ltr' id='par_1_114' title="bbox 2169 5487 3673 5573">
     <span class='ocr_line' id='line_1_114' title="bbox 2169 5487 3673 5573; baseline -0.006 -19"><span class='ocrx_word' id='word_1_788' title='bbox 2169 5523 2187 5554; x_wconf 80' lang='grc' dir='ltr'>ι</span> <span class='ocrx_word' id='word_1_789' title='bbox 2235 5502 2432 5573; x_wconf 67' lang='grc' dir='ltr'>χρῆσιν</span> <span class='ocrx_word' id='word_1_790' title='bbox 2465 5500 2657 5562; x_wconf 73' lang='grc' dir='ltr'>στολὰς</span> <span class='ocrx_word' id='word_1_791' title='bbox 2691 5500 2906 5560; x_wconf 80' lang='grc' dir='ltr'>ἑαυτοῖς</span> <span class='ocrx_word' id='word_1_792' title='bbox 2937 5498 3281 5570; x_wconf 74' lang='grc' dir='ltr'>περιτιθέναι</span> <span class='ocrx_word' id='word_1_793' title='bbox 3309 5515 3323 5529; x_wconf 78' lang='grc' dir='ltr'><strong>ο</strong></span> <span class='ocrx_word' id='word_1_794' title='bbox 3374 5496 3511 5567; x_wconf 80' lang='grc' dir='ltr'>μήτε</span> <span class='ocrx_word' id='word_1_795' title='bbox 3547 5487 3673 5547; x_wconf 85' lang='grc' dir='ltr'>καθ’</span> 
     </span>
    </p>
   </div>
   <div class='ocr_carea' id='block_1_115' title="bbox 1677 5644 2473 5723">
    <p class='ocr_par' dir='ltr' id='par_1_115' title="bbox 1677 5644 2473 5723">
     <span class='ocr_line' id='line_1_115' title="bbox 1677 5644 2473 5723; baseline 0.001 -18"><span class='ocrx_word' id='word_1_796' title='bbox 1677 5645 1876 5705; x_wconf 80' lang='lat' dir='ltr'><strong>Guill.</strong></span> <span class='ocrx_word' id='word_1_797' title='bbox 1913 5644 2251 5723; x_wconf 79' lang='lat' dir='ltr'><strong>Bcvercgii</strong></span> <span class='ocrx_word' id='word_1_798' title='bbox 2288 5654 2473 5706; x_wconf 71' lang='lat' dir='ltr'><strong>noue.</strong></span> 
     </span>
    </p>
   </div>
   <div class='ocr_carea' id='block_1_116' title="bbox 468 5757 1964 5839">
    <p class='ocr_par' dir='ltr' id='par_1_116' title="bbox 468 5761 1931 5839">
     <span class='ocr_line' id='line_1_116' title="bbox 468 5761 1931 5839; baseline -0.006 -11"><span class='ocrx_word' id='word_1_799' title='bbox 468 5761 782 5839; x_wconf 63' lang='lat' dir='ltr'><strong>(73)_&#39;E:tl</strong></span> <span class='ocrx_word' id='word_1_800' title='bbox 870 5769 1128 5836; x_wconf 70' lang='grc' dir='ltr'>θεάτρων</span> <span class='ocrx_word' id='word_1_801' title='bbox 1210 5767 1558 5838; x_wconf 64' lang='grc' dir='ltr'>ἀνάγεσθαι.</span> <span class='ocrx_word' id='word_1_802' title='bbox 1625 5768 1931 5839; x_wconf 66' lang='lat' dir='ltr'><strong>Lugendum</strong></span> 
     </span>
    </p>
   </div>
   <div class='ocr_carea' id='block_1_117' title="bbox 2072 5757 3672 5839">
    <p class='ocr_par' dir='ltr' id='par_1_117' title="bbox 2083 5757 3672 5836">
     <span class='ocr_line' id='line_1_117' title="bbox 2083 5757 3672 5836; baseline -0.008 -13"><span class='ocrx_word' id='word_1_803' title='bbox 2083 5770 2186 5836; x_wconf 75' lang='lat' dir='ltr'><strong>ius,</strong></span> <span class='ocrx_word' id='word_1_804' title='bbox 2248 5785 2369 5827; x_wconf 89' lang='lat' dir='ltr'><strong>cum</strong></span> <span class='ocrx_word' id='word_1_805' title='bbox 2440 5765 2626 5824; x_wconf 85' lang='lat' dir='ltr'><strong>codice</strong></span> <span class='ocrx_word' id='word_1_806' title='bbox 2699 5765 3160 5832; x_wconf 81' lang='lat' dir='ltr'><strong>Anterbachiano,</strong></span> <span class='ocrx_word' id='word_1_807' title='bbox 3232 5762 3326 5815; x_wconf 67' lang='grc' dir='ltr'><strong>ἐπὶ</strong></span> <span class='ocrx_word' id='word_1_808' title='bbox 3423 5757 3672 5829; x_wconf 80' lang='grc' dir='ltr'>θεάτρων</span> 
     </span>
    </p>
   </div>
   <div class='ocr_carea' id='block_1_118' title="bbox 395 5829 706 5901">
    <p class='ocr_par' dir='ltr' id='par_1_118' title="bbox 395 5829 706 5901">
     <span class='ocr_line' id='line_1_118' title="bbox 395 5829 706 5901; baseline 0.019 -16"><span class='ocrx_word' id='word_1_809' title='bbox 395 5829 706 5901; x_wconf 66' lang='grc' dir='ltr'>ἃνάγετθαι.</span> 
     </span>
    </p>
   </div>
  </div>
