4062 6398
395 370 491 435 761

1368 373 1446 436 IN
1490 376 1656 437 CAN.
1705 374 1919 436 LXXII
1963 372 2177 435 CONC.
2223 375 2299 433 IN
2335 371 2667 434 TRULLO.
3532 366 3635 425 7-19
3674 401 3683 409 -

395 485 540 542 νὸνα,
572 484 657 536 διὰ
693 488 815 548 τοὺς
868 484 1091 555 Ἴϐηρας
1144 487 1268 548 τοὺς
1314 488 1621 558 ἀδιαφόρως
1678 505 1742 541 τά
1772 488 1950 538 οἰκεῖα

2067 486 2210 554 gerit.
2240 485 2374 537 Nota
2400 501 2529 553 ergo
2551 488 2870 551 prieseutem
2896 490 3158 533 cauonem
3187 482 3405 545 preptcr
3424 474 3628 530 Ibem»,

394 574 663 643 θυγάτρια
705 577 817 637 τοῖς
906 577 1229 646 Ἀγαρηνοῖς
1272 576 1699 646 ἐκγαμίζοντας.
1759 576 1957 628 Ὠσαύο

394 682 496 717 τωξ
526 665 829 732 σημείωσαι
862 664 957 717 καὶ
993 667 1052 716 τὸ
1099 665 1247 735 ῥῆμα
1288 666 1381 718 τοῦ
1430 667 1650 727 κανόνος
1676 665 1734 717 τὸ
1764 665 1919 730 λέγον
1940 681 1953 695 ⁸

394 755 623 807 Εὲδοκεῖ
646 756 701 806 δὲ
744 755 821 822 τῷ
873 756 1053 825 πιστῷ
1109 759 1140 824 ἡ
1199 758 1426 820 ἄπιστος
1470 756 1837 826 συνοικεῖν;ἢ
1899 756 1959 807 τὸ

394 846 631 914 ἔμπαλιν
664 849 689 898 ὁ
709 848 935 911 ἄπιστος
962 852 1025 918 τῇ
1058 853 1220 919 πιστῇ
1248 866 1264 911 ;
1303 850 1376 917 μὴ
1403 848 1852 919 χωριζέσθωσαν.
1896 846 1957 900 Εἰ

394 939 503 1005 γάρ
528 939 869 1006 αίρετίσεταί
916 958 997 1000 τις
1022 939 1230 993 τούτων
1254 940 1595 1008 διαζυγῆναι,
1624 934 1957 992 ἁπεντεῦθεν

394 1033 423 1084 ὁ
443 1031 619 1099 γάμος
670 1031 1161 1102 διασπασθήσεται.
1197 1034 1376 1101 Ὅπερ
1399 1034 1587 1100 γέγονε
1615 1034 1707 1085 καὶ
1731 1034 1822 1083 ἐπὶ
1849 1030 1958 1083 τῶν

395 1124 618 1192 ἡμερῶν
647 1125 737 1176 τοῦ
770 1125 1075 1190 ἀγιωτάτου
1102 1126 1442 1195 πατριάρχου
1479 1121 1647 1193 κυροῦ
1674 1124 1953 1176 Θεοδότου.

396 1216 628 1285 Διεζύγη
663 1219 770 1287 γάρ
801 1216 1089 1281 Βασιλικὺς
1139 1218 1454 1287 Βυκινάτωρ
1488 1218 1624 1285 μετὰ
1658 1217 1713 1268 τὸ
1766 1215 1960 1284 βαπτι-

399 1310 595 1377 σθῆναι
626 1309 734 1361 ἀπὸ
781 1312 882 1377 τῆς
913 1311 1143 1363 ἀπίστου
1166 1310 1426 1377 γυναικὸς
1473 1308 1638 1362 αὑτοῦ
1686 1307 1823 1376 μετὰ
1856 1325 1960 1358 πα-

395 1402 718 1472 τριαρχικοῦ
740 1401 989 1472 ὁρισμοῦ,
1020 1401 1093 1465 ὡς
1127 1401 1201 1471 μὴ
1239 1401 1563 1469 πειθομένης
1592 1397 1959 1468 βαπτισθῆναι

396 1494 538 1545 κατά
566 1493 662 1559 τὴν
693 1492 787 1545 τοῦ
844 1493 1035 1561 ἀνδρὸς
1081 1493 1451 1562 παράκλησιν.
1493 1492 1829 1557 Ἀνάγνωσον
1865 1489 1959 1541 καὶ

397 1586 455 1635 ea
491 1583 521 1637 ι’
551 1602 676 1653 κερ.
711 1586 803 1638 τοῦ
836 1593 882 1637 α’
931 1584 1110 1639 τίτλου
1151 1582 1244 1637 τοῦ
1284 1584 1548 1653 παρόντος
1590 1582 1959 1649 συτάγματος,

398 1681 489 1729 καὶ
515 1677 582 1729 τὰ
643 1680 701 1729 ὲν
734 1676 899 1744 αὐτῷ.

468 1770 713 1823 ΖΩΝΛΡ.
746 1769 807 1821 Οἱ
840 1766 939 1835 τῆς
969 1767 1188 1819 συνόδου
1247 1766 1449 1837 ταύτης
1488 1767 1621 1837 ἱεροὶ
1677 1771 1771 1824 καὶ
1825 1771 1957 1823 θεῖοι

2065 579 2156 645 qui
2193 592 2320 630 suas
2358 577 2494 630 tilias
2529 575 2789 643 Agarenis
2821 569 3292 625 iudiscrimiuatim
3335 569 3387 619 in
3421 568 3615 618 matri-

2071 671 2255 723 monio
2282 670 2567 724 collocant.
2592 668 2853 720 Similiter
2885 678 3008 718 nora
3038 672 3090 717 et
3120 662 3344 716 verbum
3370 659 3623 721 canonis,

2066 763 2209 830 quod
2244 761 2377 814 dicit
2420 760 2663 814 :lulideli
2698 772 2877 811 autem
2911 756 3121 809 mulieri
3155 770 3275 807 cum
3320 754 3437 806 viro
3464 752 3629 814 lideli,

2066 856 2383 908 cohabitare
2436 853 2646 919 placet?
2688 852 2769 904 vel
2828 859 3040 909 contra,
3089 846 3290 900 inlideli
3337 844 3458 897 viro
3504 860 3628 896 cuzn

2067 949 2295 1001 muliere
2328 946 2510 1000 ﬁdeli?
2545 961 2611 998 ne
2650 953 2989 1012 separentur.
3022 938 3075 991 Si
3106 938 3230 1000 quis
3263 936 3406 989 enim
3436 934 3629 985 lmrnm

2066 1041 2313 1107 separari
2350 1038 2621 1099 maluerit,
2659 1032 3068 1088 matrimonium
3107 1044 3171 1083 ex
3224 1044 3289 1081 eo
3322 1026 3629 1079 divelletur.

2066 1131 2218 1196 Quod
2250 1131 2466 1199 quidem
2506 1129 2704 1182 factum
2751 1134 2831 1179 est
2877 1138 3118 1189 tempore
3165 1120 3495 1175 sanctissimi
3537 1133 3633 1184 pa-

2067 1221 2322 1276 triarcha:
2375 1221 2581 1273 domini
2635 1218 2918 1271 Theodoti.
2953 1216 3246 1283 Separatus
3291 1221 3373 1263 est
3420 1210 3562 1261 enim
3603 1223 3630 1259 a

2065 1334 2161 1373 sua
2199 1317 2399 1369 iuli'leli
2436 1330 2604 1368 uxore
2652 1313 2920 1367 Basilicus
2962 1306 3307 1362 Bucciuator,
3345 1312 3631 1369 postquam

2066 1411 2372 1478 baptizatus
2407 1408 2603 1466 fuerat,
2630 1422 2752 1459 eum
2786 1405 3004 1456 decreto
3033 1395 3380 1469 patriarclinli
3409 1414 3421 1447 :
3449 1402 3635 1461 utpote

2066 1517 2185 1569 qum
2223 1518 2250 1554 a
2284 1500 2381 1553 viri
2420 1500 2678 1555 suasione
2726 1496 2911 1550 induci
2947 1510 3051 1547 non
3085 1502 3265 1558 posset
3293 1482 3631 1551 ιιιῚιοριῑιςιι

2068 1604 2238 1647 retur.
2264 1590 2401 1659 Lege
2423 1602 2473 1644 et
2499 1589 2769 1643 decimum
2798 1597 2961 1655 caput
2997 1584 3152 1654 primi
3182 1582 3321 1635 tituli
3354 1579 3634 1649 pnrsentis

2065 1684 2268 1752 operis,
2308 1691 2361 1735 et
2395 1696 2516 1749 quae
2551 1681 2602 1731 in
2635 1695 2699 1729 eo
2728 1687 2871 1729 sunt.

2137 1771 2385 1828 ZONAR.
2421 1772 2493 1825 De
2525 1771 2591 1823 iis
2630 1769 2721 1837 qui
2753 1772 2894 1820 inter
2924 1781 2982 1819 se
3020 1780 3124 1817 non
3158 1765 3230 1815 ita
3264 1761 3471 1830 pridem
3517 1774 3634 1810 ma-

395 1863 637 1931 Πατέρες
694 1861 965 1930 περὶτῶν
1020 1858 1143 1928 ἄρτι
1199 1858 1586 1929 ζευγνυμένων
1636 1864 1730 1923 είς
1776 1864 1957 1929 γάμου

2067 1867 2306 1919 trimonii
2344 1863 2545 1918 laedere
2571 1861 2743 1930 juncti
2778 1866 2904 1912 sunt
2929 1899 2942 1917 .
2977 1857 3021 1910 si
3055 1870 3244 1908 eorum
3289 1854 3516 1904 alterum
3559 1850 3620 1900 li-

396 1954 680 2007 κοινωνίαν
703 1952 1085 2023 νομοθετοῦσιν
1111 1971 1125 1983 ο
1174 1945 1252 2006 ὧν
1320 1952 1411 2005 τὸν
1445 1952 1541 2021 μὲν
1572 1951 1763 2005 πιστὸν
1820 1949 1957 2005 εἶναι

398 2044 753 2109 ὑποτιθέασι,
797 2043 894 2114 τὴν
942 2044 998 2096 δὲ
1050 2043 1274 2097 ἄπιστον
1322 2082 1337 2107 ,
1403 2042 1436 2113 ἢ
1502 2043 1813 2096 τούναντίον
1865 2045 1961 2096 καὶ

396 2131 801 2203 ἀπαγορεύουσι
826 2136 924 2195 τὰς
955 2134 1208 2195 τοιαύτας
1240 2132 1525 2200 συζυγίας,
1556 2135 1647 2185 καὶ
1665 2133 1962 2203 γενομένας

394 2224 450 2277 δὲ
466 2222 1142 2278 διασπᾶσθαικελεῦουσιν.
1170 2226 1243 2277 Οὐ
1280 2230 1385 2292 γὰρ
1419 2225 1545 2295 χρὴ,
1578 2228 1730 2294 φασὶ,
1764 2227 1960 2294 μιγνῦ-

395 2318 575 2370 ναιτά
622 2317 848 2385 ἄμικτα.
888 2318 951 2370 Ei
982 2318 1089 2385 γάρ
1121 2318 1153 2387 ή
1181 2317 1282 2385 τῆς
1321 2318 1497 2387 ψυχῆς
1548 2320 1676 2387 περὶ
1736 2318 1832 2387 τὴν
1871 2318 1962 2371 πί-

397 2426 513 2461 στιν
543 2408 782 2472 διάθεσις
822 2409 1039 2462 ἐναντία
1066 2412 1177 2472 τοῖς
1203 2409 1530 2472 συνοικοῦσι,
1570 2409 1687 2471 πῶς
1742 2410 1808 2463 ἂν
1834 2412 1961 2480 περὶ

395 2502 464 2555 τά
492 2502 627 2555 ἄλλα
648 2502 909 2570 ὁμόψυχοι
939 2501 1151 2554 ἔσονται
1173 2517 1187 2564 ;
1213 2502 1245 2571 ἢ
1278 2502 1392 2563 πῶς
1425 2502 1480 2553 ἐν
1508 2503 1585 2571 τῷ
1614 2503 1847 2577 μείζονιι
1886 2506 1957 2573 τῇ

397 2592 579 2644 πίστει
607 2591 765 2658 λέγω,
796 2589 1103 2658 ἀσύμϐατοι
1131 2590 1282 2653 ὅντες
1316 2591 1407 2643 καὶ
1428 2591 1799 2658 ἀκοινώνητοι,
1826 2608 1961 2659 συμ-

397 2683 549 2733 ὅαῖεν
596 2681 845 2750 ἀλλήλοις
876 2683 969 2734 καὶ
1010 2682 1502 2749 συγκοινωνήσαιεν
1521 2684 1576 2733 ὲν
1598 2683 1707 2743 τοῖς
1725 2681 1959 2749 λοιποῖς;

397 2773 486 2825 Διὸ
520 2775 610 2826 καὶ
646 2775 780 2842 μετά
816 2772 913 2843 τὴν
946 2773 1099 2825 λύσιν
1151 2773 1243 2826 τοῦ
1294 2773 1531 2842 ἀθέσμου
1563 2772 1749 2824 τούτου
1780 2772 1960 2841 γάμου

397 2865 491 2916 καὶ
518 2863 872 2933 ἀφορίζεσθαι
919 2862 1196 2933 βούλονται
1221 2863 1345 2926 τοὺς
1372 2863 1462 2915 τὸν
1497 2863 1738 2933 παρόντα
1765 2865 1963 2916 κανόνα

398 2956 856 3026 παραὸαίνοντας.
897 2952 1082 3009 Ταῦτα
1115 2956 1212 3024 μὲν
1240 2952 1333 3007 οῦν
1366 2957 1493 3023 περὶ
1518 2956 1627 3007 τῶν
1649 2956 1771 3024 ἄρτι
1808 2956 1961 3024 πρώι-

397 3064 504 3111 τως
542 3046 921 3116 ζευγνυμένων
955 3047 1203 3115 ἀλλήλοις
1238 3048 1314 3108 εἰς
1344 3046 1521 3113 γάμου
1569 3047 1853 3099 κοι·ωνίαν
1917 3050 1965 3100 οἱ

2062 1959 2235 2013 delem
2268 1971 2411 2019 esse,
2467 1954 2697 2007 alterum
2733 1967 2759 2001 a
2798 1949 2900 2003 lide
2948 1948 3244 2001 abhorrere
3296 1942 3582 2009 contigerit
3616 1979 3629 1997 .

2063 2063 2328 2104 cauouem
2361 2046 2505 2099 hunc
2535 2042 2677 2098 sacri
2718 2049 2772 2095 et
2801 2039 2968 2094 divini
3024 2038 3210 2089 Patres
3252 2033 3629 2103 pronmlgave-

2068 2151 2233 2205 runt;
2298 2152 2475 2205 eoque
2533 2136 2848 2190 societatem
2905 2129 3176 2196 ejusmodi
3230 2127 3512 2183 damnant,
3574 2128 3627 2171 et

2063 2240 2353 2301 postquam
2392 2227 2552 2280 etiam
2587 2231 2864 2280 contracta
2914 2222 3096 2281 fuerit,
3134 2216 3365 2271 resciuzli
3414 2215 3625 2281 juheut.

2063 2324 2185 2375 Non
2213 2321 2355 2376 enim
2389 2334 2474 2381 ea,
2511 2316 2786 2384 inquiunt,
2823 2312 3098 2364 miscenda
3136 2316 3285 2370 sunt,
3319 2322 3438 2372 (lll'ZB
3470 2314 3630 2357 natu-

2066 2429 2203 2475 ram,
2246 2421 2303 2465 ut
2332 2412 2474 2464 inter
2507 2424 2565 2463 se
2592 2406 2809 2460 misceri
2842 2405 3069 2472 possint,
3111 2416 3215 2453 non
3251 2400 3465 2452 habent.
3493 2396 3625 2448 Nam

2064 2506 2155 2575 qui
2187 2503 2349 2557 simul
2400 2503 2471 2554 ita
2513 2500 2724 2561 vivunt,
2772 2505 2828 2547 ut
2861 2510 3049 2547 eorum
3086 2491 3284 2549 animi.
3325 2489 3377 2540 in
3412 2488 3477 2539 iis
3510 2501 3631 2553 quae

2067 2596 2132 2649 ad
2185 2594 2341 2647 Iidem
2404 2592 2700 2662 pertinent,
2750 2586 3026 2642 contrario
3076 2581 3237 2635 modo
3276 2578 3449 2631 allecti
3501 2577 3632 2634 sint.

2067 2702 2176 2756 quo
2217 2695 2373 2755 pacto
2405 2698 2500 2737 eos
2528 2684 2579 2735 in
2616 2680 2738 2734 aliis
2771 2678 2937 2731 rebus
2970 2674 3261 2729 convenire
3292 2686 3450 2740 posse
3480 2669 3633 2737 quis-

2068 2780 2209 2847 piam
2255 2774 2590 2829 arbitretur?
2638 2782 2982 2839 quorumqnc.
3033 2779 3249 2829 sensus,
3292 2764 3343 2814 iu
3397 2762 3463 2812 iis
3513 2774 3633 2827 qua:

2067 2878 2195 2928 sunt
2228 2869 2372 2928 ﬁdei,
2401 2879 2632 2933 quorum
2658 2863 2831 2931 prima
2858 2869 2939 2912 cst
2969 2870 3130 2925 atque
3160 2855 3429 2923 praecipua
3468 2851 3629 2909 ratio,

2068 2964 2292 3016 minime
2311 2966 2641 3025 congruunt,
2663 2968 2772 3021 quo
2796 2959 2954 3020 pacto
2985 2950 3125 3002 inter
3155 2963 3211 2999 se
3232 2944 3405 3012 aequis
3437 2942 3633 2993 anius-is

2076 3056 2129 3107 in
2164 3051 2371 3119 reliqua
2402 3050 2526 3101 vitae
2592 3046 2853 3101 societate
2887 3037 3403 3094 communicabuntl
3434 3034 3636 3098 Quam-

400 3140 642 3209 Πατὲρες
668 3139 822 3205 φασὶ,
852 3136 947 3191 τοῦ
982 3138 1076 3206 μὲν
1104 3136 1388 3205 ὁρθοδόξου
1422 3138 1802 3205 τυγχάνοντος,
1862 3139 1960 3206 τῆς

2067 3145 2251 3201 obrem
2284 3148 2338 3195 et
2374 3140 2683 3208 nuptiarum
2732 3134 2911 3188 foedus
2965 3130 3103 3183 male
3150 3133 3490 3181 contractum
3547 3135 3635 3174 re-

397 3224 454 3275 δὲ
488 3222 562 3293 μὴ
612 3224 884 3292 τοιαύτης.
921 3223 981 3276 Ei
1011 3225 1086 3285 δὲ,
1117 3225 1205 3276 ὅτε
1240 3227 1318 3287 είς
1346 3226 1522 3293 γάμον
1555 3226 1814 3294 συνῆλθον
1867 3228 1963 3279 ἀλ·-

399 3317 600 3383 λήλοις,
635 3317 729 3369 καὶ
752 3318 917 3383 ἄμφω
939 3316 1045 3369 τῶν
1074 3316 1367 3385 ὀρθοδόξων
1401 3316 1792 3387 ὴλλωτρίωντο,
1848 3313 1966 3371 εἶτα

400 3408 458 3460 τὸ
489 3409 586 3477 μὲν
613 3408 716 3460 τῶν
747 3406 1055 3478 προσώπων
1108 3408 1321 3474 ἐπέγνω
1354 3409 1451 3477 τὴν
1513 3409 1793 3478 ἀλήθειαν,
1870 3412 1965 3462 καὶ

403 3500 676 3571 προσῆλθε
707 3500 909 3574 πίστει,
943 3500 1002 3553 τὸ
1032 3500 1090 3553 δὲ
1139 3502 1219 3552 ἔτι
1253 3501 1331 3569 τῷ
1364 3501 1544 3553 σκότει
1596 3502 1697 3569 τῆς
1756 3502 1964 3571 πλάνης

402 3594 708 3663 συνέχεται,
733 3595 797 3662 τῇ
828 3591 922 3645 τοῦ
960 3592 1201 3661 μεγάλου
1239 3592 1452 3644 Παύλου
1483 3592 1713 3663 διαταγῇ
1734 3594 1963 3648 ἕπεσθαι

402 3686 495 3736 καὶ
536 3684 587 3735 οἱ
636 3683 878 3751 Πατέρες
938 3675 1084 3734 οῦτοι
1134 3680 1481 3750 ψηφίζονται.
1535 3682 1596 3734 Ei
1632 3681 1741 3753 γὰρ
1796 3684 1963 3746 θέλει,

404 3778 557 3845 φησι,
585 3774 662 3843 τῷ
697 3773 929 3844 πιστῷὴ
984 3772 1211 3836 ἄπιστος
1248 3777 1537 3837 συνοικεῖν,
1572 3772 1604 3841 ἢ
1636 3773 1964 3838 τούναντίον,

406 3868 478 3934 μὴ
510 3865 938 3936 χωριζέσθωσαν
962 3881 976 3893 ·
1015 3864 1274 3935 ἡγίασται
1330 3867 1438 3936 γάρ
1464 3866 1492 3918 ὁ
1541 3864 1768 3929 ἄπιστος
1828 3864 1966 3937 ἀνὴρ

402 3962 461 4012 ἐν
479 3964 545 4030 τῇ
572 3961 807 4028 γυναικὶ,
835 3956 929 4011 καὶ
952 3956 1011 4009 τὸ
1038 3956 1293 4027 ἔμπαλιν.

2065 3235 2266 3295 scindi,
2305 3243 2357 3287 et
2391 3246 2485 3286 eos
2517 3230 2759 3295 insuper,
2797 3226 2888 3293 qui
2924 3234 3187 3275 cauonem
3223 3219 3367 3271 hunc
3398 3215 3634 3268 violave~

2065 3328 2196 3391 rint,
2222 3323 2493 3394 segregari
2533 3322 2740 3375 volunt.
2794 3318 2972 3384 Atque
3006 3314 3119 3365 haec
3149 3310 3370 3380 quidem
3419 3305 3487 3359 de
3522 3319 3636 3358 ma-

2063 3416 2319 3471 trimonio
2347 3428 2519 3481 nuper
2550 3412 2702 3473 inito,
2731 3396 2841 3478 quo
2869 3404 3178 3460 limreticam
3211 3400 3315 3455 sibi
3350 3396 3629 3449 mulierem

2062 3510 2145 3562 vir
2177 3506 2514 3563 orthodoxus
2548 3500 2838 3571 copularit,
2887 3508 2980 3551 aut
3016 3504 3226 3555 contra,
3286 3491 3473 3543 l’alrcs
3505 3503 3633 3539 san-

2071 3616 2221 3654 xere.
2254 3596 2411 3663 Quod
2446 3597 2489 3649 si
2524 3610 2630 3663 quo
2664 3604 2907 3657 tempore
2949 3595 3179 3653 uterque
3208 3583 3275 3635 ab
3314 3578 3636 3632 ortliodoxis

2072 3692 2391 3753 dissidebat,
2427 3696 2669 3743 mutuam
2719 3686 2862 3737 inter
2911 3697 2971 3737 se
3022 3677 3258 3747 conjugii
3317 3676 3632 3731 societatem

2072 3791 2416 3841 contraxere.
2447 3779 2685 3832 decursu
2724 3790 2856 3828 vero
2888 3770 3173 3840 temporis,
3207 3768 3372 3820 altera
3405 3776 3635 3833 persona

2022 3884 2025 3889 ‘
2072 3872 2253 3925 adhuc
2310 3884 2564 3923 errorum
2614 3866 2852 3921 tenebris
2905 3863 3171 3925 involuta,
3226 3862 3394 3911 altera
3450 3854 3633 3923 agnita

2082 3963 2308 4016 veritate
2354 3961 2511 4016 ﬁdem
2563 3959 2810 4027 amplexa
2858 3964 2965 4017 est,
3022 3963 3150 4007 tunc
3205 3949 3420 4018 quidem
3469 3944 3636 3999 divini

408 4050 596 4106 Patres
627 4051 803 4119 magni
840 4048 991 4103 Pauli
1058 4050 1339 4119 praeceptis
1392 4049 1647 4104 standum
1712 4065 1833 4106 esse
1893 4050 2216 4107 decernunt.
2288 4051 2342 4106 Si
2400 4052 2566 4114 enim,
2624 4049 2718 4110 ait,
2768 4064 2892 4102 cum
2933 4045 3072 4099 ﬁdeli
3143 4044 3263 4095 vitae
3323 4040 3635 4095 Societatem

406 4143 638 4196 inﬁdelis
678 4143 910 4196 retinere
967 4140 1118 4206 velit,
1152 4150 1247 4194 aut
1292 4149 1502 4206 contra,
1537 4156 1606 4195 ne
1650 4151 2023 4212 segregentur.
2062 4143 2439 4199 Sanctiﬁcatus
2471 4150 2557 4197 est
2580 4142 2725 4195 enim
2761 4140 2839 4191 vir
2872 4135 3104 4191 inlidelis
3134 4148 3229 4203 par
3259 4131 3539 4185 mulierem
3589 4128 3637 4189 ⁷.

403 4248 458 4294 ει
487 4255 516 4293 e
545 4248 757 4293 contra.

407 4332 626 4393 ΛΡΙΣΤ.
665 4352 684 4386 ι
725 4334 961 4403 ’Λκυρος
996 4334 1023 4385 ὁ
1081 4331 1221 4401 μετὰ
1257 4330 1367 4385 τῶν
1418 4333 1711 4401 αἱρετικῶν
1765 4334 1963 4403 γάμος,

525 4446 541 4477 ι
586 4428 648 4481 Οί
681 4423 739 4478 δὲ
770 4422 1155 4494 προλαϐόντες,
1186 4421 1235 4475 εί
1265 4421 1521 4485 ἐθέλοιεν,
1550 4421 1789 4491 μένοιεν.
1832 4442 1852 4473 ›

2144 4331 2370 4390 Αιιιδτ.
2402 4351 2421 4383 ‹
2452 4330 2668 4385 Irritqu
2692 4338 2775 4383 cst
2799 4321 3203 4381 matrimonium
3228 4334 3345 4373 cum
3369 4315 3639 4370 lircreticis

2081 4449 2100 4481 ι
2144 4435 2512 4483 contractum.
2573 4424 2674 4488 Qui
2725 4436 2855 4476 vero
2912 4427 3069 4471 autca
3119 4423 3535 4474 contraxeram,
3593 4413 3639 4463 si

2081 4537 2100 4571 ι
2144 4520 2329 4581 velint,
2364 4522 2640 4570 maneant.
2679 4532 2698 4565 ι

481 4610 595 4662 Οὐκ
619 4607 831 4673 ἐξέσται
856 4602 1122 4674 ὀρθοδόξῳ
1149 4603 1401 4673 αἱρετικῇ
1458 4601 1823 4655 συνάπτεσθαι
1878 4618 1962 4669 γυ‹

2149 4610 2262 4664 Non
2292 4610 2417 4663 licet
2450 4607 2566 4662 viro
2614 4604 2920 4660 orthodoxe
2949 4615 3070 4655 cum
3105 4598 3335 4652 muliere
3384 4593 3639 4649 haeretica

408 4703 555 4755 ναικὶ
592 4700 712 4773 ῆτὸ
743 4696 1030 4752 ἀνάπαλιν.
1088 4696 1148 4748 Εἰ
1184 4695 1240 4748 δέ
1302 4711 1466 4758 τινες,
1532 4696 1751 4748 ἄπιστοι
1800 4695 1972 4759 ὄντες,

407 4795 622 4865 νομίμῳ
670 4794 832 4861 γάμῳ
860 4789 1235 4860 ἡρμόσθησαν,
1259 4784 1379 4841 εἷτα
1410 4790 1437 4840 ὁ
1475 4788 1572 4857 μὲν
1607 4789 1878 4857 προσῆλθε
1904 4790 1971 4859 τῇ

410 4886 614 4950 πίστει,
641 4885 673 4954 ἡ
699 4883 754 4934 δὲ
783 4882 861 4933 ἔτι
887 4880 991 4932 ὑπὸ
1015 4880 1113 4948 τῆς
1141 4879 1347 4948 πλάνης
1385 4879 1677 4949 κατέχεται
1696 4895 1710 4909 °
1746 4880 1843 4933 καὶ
1886 4881 1976 4932 εὑ.

408 4981 556 5031 δοκεί
605 4979 633 5029 ὁ
672 4976 866 5039 πιστὸς
912 4976 1182 5028 συνοικεῖν
1226 4976 1292 5044 τῇ
1346 4973 1583 5043 ἀπίστῳ,
1638 4973 1671 5043 ἢ
1737 4974 1797 5027 τὸ
1844 4976 1977 5030 ἀνά·-

411 5071 595 5124 παλιν.
633 5068 708 5140 μὴ
755 5066 1198 5140 χωριζέσθωσαν,
1218 5064 1359 5118 κατά
1393 5063 1485 5117 τὸν
1513 5064 1654 5119 θεῖον
1681 5066 1975 5120 ἀπόστολον

412 5162 652 5217 Παῦλον.

952 5249 1188 5304 ΚΑΝΩΝ
1219 5247 1338 5305 OI".

420 5364 441 5399 ι
492 5343 601 5400 Τοῦ
628 5341 894 5409 ζωοποιοῦ
927 5344 1160 5414 σταυροῦ
1197 5345 1477 5413 δείξαντος
1520 5348 1657 5417 ἡμῖν
1693 5345 1753 5399 τὸ
1804 5344 1976 5413 σωτή-

493 5458 512 5491 ι
556 5456 693 5509 ριον,
753 5439 932 5490 πᾶσαν
990 5436 1225 5507 σπουδὴν
1271 5439 1419 5507 ἡμᾶς
1474 5438 1681 5491 τιθέναι
1728 5434 1835 5508 χρὴ
1884 5434 1976 5488 τοῦ

490 5553 509 5586 ι
552 5533 716 5603 τιμὴν
771 5531 867 5603 τὴν
929 5532 1087 5599 ἀξίαν
1142 5532 1450 5588 ἀποδιδόναι
1506 5534 1584 5605 τῷ
1629 5533 1697 5587 δι’
1762 5526 1823 5587 οὗ
1883 5548 1977 5584 σε·

490 5646 509 5679 ι
547 5624 803 5695 σώσμεοα
844 5622 940 5677 τοῦ
1008 5624 1241 5680 παλαιοῦ
1295 5625 1757 5698 παραπτώματος.
1795 5623 1962 5679 Ὅθεν

489 5802 509 5837 ⁷
546 5800 712 5859 ICOI‘.
732 5816 827 5867 vn,
865 5800 953 5855 Η.

2072 4701 2354 4770 conjungi,
2392 4707 2484 4751 aut
2516 4714 2545 4753 e
2569 4696 2867 4751 contrario.
2895 4694 2951 4746 Si
2986 4691 3111 4759 quis
3143 4698 3346 4752 autem,
3378 4701 3502 4740 cum
3530 4685 3640 4737 siut

2071 4793 2337 4854 inlideles,
2406 4790 2646 4861 legitimo
2709 4784 3059 4841 matrimonio
3126 4781 3408 4847 cuujuncti
3463 4788 3637 4839 sunt,

2074 4893 2260 4952 postea
2294 4892 2474 4935 autem
2508 4880 2589 4932 vir
2620 4879 2837 4948 quidem
2875 4875 2943 4929 ad
2978 4874 3136 4927 tidem
3171 4871 3400 4933 acet-dit,
3448 4868 3643 4922 mulier

2080 4991 2211 5030 vero
2245 4975 2297 5028 in
2330 4989 2517 5027 errore
2544 4971 2858 5033 detinetur;
2890 4978 2941 5022 et
2978 4965 3121 5020 ﬁdeli
3163 4964 3337 5031 placet
3369 4976 3491 5015 cum
3520 4960 3644 5013 inti-

2072 5067 2177 5122 deli
2223 5065 2560 5124 cohabitare,
2593 5070 2688 5115 aut
2740 5063 2859 5114 vice
2916 5074 3072 5111 versa
3110 5073 3125 5109 :
3167 5072 3236 5111 ne
3285 5062 3641 5123 separentur,

2074 5159 2232 5229 juxta
2261 5156 2501 5209 divinum
2530 5152 2832 5222 apostolum
2866 5150 3114 5205 Paulum.

2599 5242 2832 5299 CANON
2872 5242 3107 5296 LXXIII.

2080 5361 2099 5393 ι
2142 5340 2277 5395 Cum
2301 5353 2436 5392 crux
2476 5337 2633 5392 nobis
2659 5335 2873 5390 viviﬁca
2904 5336 3142 5388 salutare
3170 5330 3493 5393 ostenderit,
3535 5343 3637 5384 nos

2157 5454 2175 5485 ι
2220 5446 2441 5486 onmem
2474 5429 2809 5499 diligentiam
2865 5425 3128 5480 adbibere
3168 5428 3384 5491 Oportet
3408 5461 3422 5481 ,
3459 5410 3519 5473 ut
3549 5421 3638 5484 ei,

2157 5544 2174 5576 ι
2219 5539 2311 5595 per
2342 5537 2501 5592 quem
2532 5520 2600 5574 ab
2627 5519 2851 5588 antiquo
2874 5517 3030 5585 lapsu
3057 5514 3246 5570 salvati
3276 5526 3487 5570 sumus,
3516 5526 3638 5564 eum

2155 5638 2171 5670 ι
2207 5631 2365 5687 quem
2399 5629 2494 5685 par
2523 5621 2604 5669 est
2627 5612 2890 5668 honorem
2918 5608 3235 5664 habeamus.
3274 5602 3637 5671 Quamobrem
