4062 6382
506 288 610 353 763

585 514 604 547 ι
653 496 974 563 tribuentes,
1004 499 1189 552 crucis
1223 501 1448 568 ﬁguras,
1481 520 1600 570 qum
1632 520 1660 556 a
1710 505 1992 559 nonnullis
2024 507 2078 560 in

582 610 599 642 ε
639 592 757 644 solo
793 607 855 645 ac
901 594 1214 660 pavimento
1248 596 1419 658 liunt,
1452 597 1680 650 omnino
1716 600 1880 653 deleri
1919 599 2078 666 jube-

582 703 601 732 ‹
644 700 786 744 mus.
830 701 898 740 ne
947 688 1322 742 incedentium
1375 693 1785 746 conculcatione
1840 693 2082 747 victoria:

578 795 598 829 σ
641 777 798 831 nobis
830 781 1132 848 Iropltzeum
1179 782 1378 849 injuria
1410 784 1695 836 alliciatur.
1721 785 1831 838 Eos
1870 785 2080 856 itaque,

581 887 600 920 ι
637 872 729 938 qni
761 872 1018 940 deinceps
1043 875 1222 927 erucis
1249 875 1465 944 signum
1502 877 1554 930 in
1580 877 1696 932 solo
1721 886 2079 947 construunt,

587 985 604 1016 ‹
648 969 921 1036 segregari
957 969 1324 1025 decernimus.
1366 989 1384 1022 ι

576 1150 770 1204 BALS.
794 1149 1049 1203 Nonnulli
1077 1153 1127 1204 in
1152 1152 1506 1206 ecclesiarum
1541 1155 1619 1207 vel
1651 1157 1884 1210 aliorum
1911 1160 2073 1230 etiam

504 1245 745 1296 locorum
797 1245 1121 1311 pavimentis
1171 1247 1352 1298 crucis
1412 1246 1563 1315 signa
1641 1248 1694 1302 itt
1745 1251 1950 1318 lapide,
1989 1252 2072 1304 vel

505 1337 684 1404 aliqua
723 1337 823 1388 alia
870 1338 1071 1404 specie,
1106 1338 1510 1405 imprimebant.
1560 1340 1674 1395 lloc
1707 1359 1838 1410 ergo
1891 1344 2078 1412 prohi-

503 1428 644 1481 heus
673 1445 868 1488 canon,
895 1430 1048 1488 dicit,
1073 1431 1212 1498 quod
1239 1433 1387 1485 salus
1410 1433 1691 1488 hominum
1725 1452 1819 1504 per
1850 1452 2072 1492 crucem

500 1521 769 1571 vivilieatn
804 1518 965 1590 243
999 1520 1137 1573 facta
1167 1531 1268 1584 est,
1300 1533 1352 1576 et
1383 1536 1599 1595 oportet
1637 1544 1740 1583 nos
1767 1531 1815 1583 ei
1871 1545 2075 1585 convc-

503 1612 739 1664 nientem
793 1623 845 1664 et
904 1615 1258 1682 preportioue
1314 1620 1737 1686 reSpondentem
1801 1623 2070 1678 honorem

500 1704 986 1776 adorationcmque
1014 1709 1272 1768 tribuere,
1296 1718 1496 1776 mente,
1521 1729 1776 1770 sermone
1802 1725 1852 1768 et
1879 1731 2070 1770 sensu:

1765 299 2040 357 TIIEOD.
2091 297 2317 358 BALle
2332 301 2487 361 ΜοΝ

583 425 601 454 ‹
641 415 692 460 ct
724 413 925 471 mente,
955 416 1006 460 et
1032 421 1302 473 sermone,
1339 417 1391 464 et
1417 425 1581 465 sensu
1611 412 1984 466 adorationem
2016 416 2067 466 ei
2103 420 2140 470 Λ

3651 295 3757 360 Ἶϐἱ

2253 430 2269 460 ‹
2311 412 2403 462 καὶ
2434 411 2530 479 νῷ,
2555 411 2647 463 καὶ
2671 411 2836 481 λόγῳ,
2866 415 2963 466 καὶ
2991 413 3242 484 αἰσθήσει
3266 413 3364 484 τήν
3383 413 3759 485 προσκύνησιν

2277 520 2293 550 ‹
2332 502 2478 570 αὐτῷ
2506 501 2892 569 ἀπονέμοντες,
2926 507 3050 568 τοῦς
3072 507 3130 558 ἐν
3151 504 3226 575 τῷ
3247 505 3432 574 ἐδάφει
3460 507 3552 558 τοῦ
3584 524 3757 560 σταυ-

2258 612 2275 645 c
2318 595 2410 662 ροῦ
2444 597 2647 652 τύπους
2693 596 2798 648 ύπό
2827 613 2988 648 τινων
3041 598 3628 666 κατασκευαζομένους
3669 599 3758 661 ἐξ·

2260 705 2278 735 ο
2321 685 2686 753 αφανίζεσθαι
2737 689 3008 752 παντοίως
3060 691 3496 758 προστάσσομεν,
3551 690 3624 753 ὡς
3693 691 3759 745 ἂν

2259 796 2276 826 ι
2319 777 2394 847 μὴ
2423 781 2487 847 τῇ
2516 778 2622 830 τῶν
2652 779 2977 850 βαδιζόντων
3015 781 3396 850 καταπατήσει
3426 780 3486 834 τὸ
3521 783 3620 850 τῆς
3677 783 3759 836 νί-

2263 890 2277 922 i
2325 889 2425 940 κης
2448 873 2583 942 ήμῖν
2613 874 2872 942 τρόπαιον
2902 871 3260 942 ἐξυϐρίζοιτο.
3299 873 3439 936 Τοὺς
3499 869 3593 927 οὖν
3649 875 3760 928 ἀπδ

2262 981 2278 1012 ι
2323 961 2411 1016 τοῦ
2445 963 2538 1016 νῦν
2569 965 2662 1017 τοῦ
2700 965 2938 1034 σταυροῦ
2965 967 3131 1018 τύπον
3173 966 3268 1018 ἐπὶ
3298 965 3528 1034 ἐδάφους
3586 984 3761 1021 κατα-

2265 1077 2281 1108 ι
2323 1059 2684 1122 σκευάζοντας
2714 1058 2969 1127 ὁρίζομεν
2993 1057 3422 1127 ἀφορίζεσθαι.»

2258 1149 2450 1202 ΒΛΛΣ.
2484 1150 2636 1214 Ίίνές
2671 1153 2726 1202 ἐν
2757 1151 3007 1218 ἐδάφεσιν
3030 1150 3336 1220 ἐκκλησιῶν
3376 1152 3409 1222 ἢ
3450 1154 3544 1206 καὶ
3573 1154 3755 1208 ἄλλων

2179 1240 2360 1292 τόπων
2403 1242 2672 1312 σταυρικᾶι
2726 1245 2932 1312 σημεῖα
2971 1242 3077 1293 ciu-:5
3117 1241 3271 1295 λίθου
3315 1243 3346 1312 ἦ
3391 1245 3501 1297 άπὸ
3557 1247 3754 1316 ἐτέρου
3830 1269 3840 1284 κ

2177 1335 2318 1394 τινὸς
2350 1333 2521 1396 εἴδους
2573 1335 2891 1404 ἐχάραττον.
2924 1331 3098 1387 Τοῦτο
3139 1333 3236 1386 οὖν
3266 1335 3492 1388 κωλύων
3515 1338 3541 1387 ὁ
3566 1339 3749 1389 κανών

2180 1440 2342 1492 φησιν
2366 1426 2502 1496 ὁτιή
2543 1428 2791 1496 σωτηρία
2817 1427 2928 1480 τῶν
2971 1427 3282 1496 ἀνθρώπων
3334 1428 3422 1481 διὰ
3469 1429 3560 1482 τοῦ
3615 1431 3752 1495 ζωο-

2177 1514 2333 1566 ποιοῦ
2367 1516 2604 1586 σταυροῦ
2641 1519 2855 1584 γέγονε.
2892 1519 3002 1570 Καὶ
3039 1519 3143 1589 χρὴ
3171 1520 3318 1588 ἡμᾶς
3357 1519 3456 1585 τὴν
3489 1521 3754 1588 ἀνάλογον

2176 1605 2338 1674 τιμὴν
2357 1609 2448 1659 καὶ
2468 1611 2836 1678 προσκύνησιν
2853 1610 3000 1679 αύτῷ
3026 1612 3323 1679 ἀπονέμειν
3361 1610 3456 1680 νῷ,
3482 1612 3576 1665 καὶ
3610 1612 3753 1682 λόγῳ

2176 1700 2264 1752 καὶ
2283 1701 2560 1772 αἰσθήσει·
2588 1697 2796 1773 ἦτοινῴ
2813 1703 2912 1772 μὲν
2932 1702 3018 1754 διὰ
3049 1702 3400 1772 εὐχαριστίας
3427 1709 3714 1776 σιωπηρΞς
3733 1724 3748 1738 ο

501 1807 682 1850 mente
729 1799 957 1862 scilicet,
1011 1816 1108 1870 per
1141 1803 1362 1856 tacitam
1404 1805 1709 1871 gratiarum
1749 1810 2058 1873 actionem;

2176 1791 2319 1862 λόγῳ
2343 1793 2397 1845 δέ
2424 1794 2510 1846 διὰ
2545 1793 2644 1864 τῆς
2697 1795 2832 1860 πρὸς
2865 1796 3072 1858 πάντας
3095 1794 3393 1864 ὁμολογίας
3419 1795 3510 1848 τοῦ
3535 1800 3755 1866 γεγονόσ-

499 1904 769 1952 sertnone,
809 1906 904 1960 per
947 1893 1072 1946 boni
1123 1895 1349 1964 quodin
1394 1914 1490 1953 nos
1541 1899 1745 1955 factum
1787 1913 1872 1956 est
1926 1905 2070 1971 apud

497 1994 690 2034 ntnnes
725 1981 1131 2038 confessionem
1159 2002 1174 2049 ;
1213 1999 1266 2040 et
1296 2002 1460 2041 sensu
1481 2031 1496 2052 ,
1527 1991 1746 2059 quando
1780 2008 1896 2046 eam
1946 2007 2070 2050 actu

497 2071 742 2125 videntes
780 2074 1103 2132 salutamus.
1147 2077 1306 2134 Unde
1332 2080 1495 2134 etiam
1525 2097 1716 2138 omnes
1749 2086 1842 2155 qui
1894 2087 2071 2144 ubivis

496 2163 873 2229 inveniuntur,
904 2170 1088 2224 crucis
1119 2178 1274 2241 typos
1325 2173 1378 2226 in
1437 2175 1748 2241 pavimento
1797 2179 1964 2240 deleri
2003 2189 2057 2234 et

495 2256 610 2310 tolli
638 2257 812 2326 juhct,
840 2277 906 2313 ne
930 2261 997 2316 ab
1029 2263 1409 2321 incedentibus
1433 2269 1790 2324 conculcetur
1815 2283 2068 2328 nostrum

495 2351 760 2406 adversus
794 2353 1070 2410 diabolum
1111 2357 1412 2425 troplncum
1446 2374 1459 2411 :
1492 2375 1588 2414 eos
1614 2368 1819 2423 autem,
1851 2363 1943 2432 qui
1975 2379 2070 2434 ag-

493 2447 668 2511 gressi
716 2443 919 2500 fuerint
971 2450 1155 2502 crucis
1186 2449 1410 2517 ﬁguram
1446 2451 1498 2505 in
1551 2453 1670 2507 solo
1703 2465 2025 2511 construere
2049 2497 2065 2523 ,

487 2533 646 2602 jubet
683 2537 1049 2606 segregationi
1096 2540 1317 2607 subjici.
1351 2541 1492 2596 Dicit
1535 2555 1718 2599 autem
1773 2556 1826 2600 et
1869 2548 1904 2601 5
1943 2563 2064 2617 cap.

493 2627 652 2694 primi
692 2627 835 2682 tituli
889 2631 1048 2696 primi
1097 2631 1247 2691 libri,
1287 2632 1400 2689 Nec
1451 2638 1761 2694 monachus
1791 2629 1890 2695 nec
1921 2642 2066 2697 ullus

493 2717 636 2774 alius
665 2719 719 2774 in
752 2722 970 2789 publico
1009 2724 1149 2787 loco,
1177 2727 1261 2781 vel
1299 2728 1352 2781 in
1395 2745 1503 2797 quo
1532 2733 1911 2799 spectaculum
1941 2751 2067 2803 per-

491 2811 696 2875 agitur,
752 2828 970 2868 crucem
1022 2816 1290 2887 imponat,
1321 2819 1407 2874 vel
1435 2831 1751 2879 sanctorum
1778 2825 2061 2895 reliquias.

502 2901 566 2954 Et
604 2920 726 2973 cap.
759 2905 791 2960 6
819 2922 840 2974 τ,
867 2905 1040 2961 Nemo
1091 2909 1144 2963 in
1179 2911 1318 2976 solo,
1368 2913 1451 2967 vel
1495 2915 1686 2969 molari
1735 2916 1936 2984 lapide,
1982 2921 2063 2975 vel

491 3010 767 3050 marmore
803 3000 1122 3065 pavimenti,
1153 3017 1373 3058 crucem
1409 3005 1679 3076 insculpat
1715 3010 1795 3064 vel
1827 3010 2010 3079 pingat
2041 3031 2058 3067 ι

489 3087 586 3139 sed
632 3088 866 3154 auferat,
901 3107 967 3145 eo
996 3092 1088 3161 qui
1135 3094 1188 3148 id
1229 3098 1634 3167 transgreditur
1668 3102 2058 3174 gravissimum

498 3178 773 3233 subeunte
803 3184 1161 3250 supplicium.
1195 3187 1263 3240 Et
1294 3203 1416 3256 cap.
1450 3189 1514 3243 58
1550 3192 1708 3260 primi
1747 3194 1834 3247 tit.
1878 3210 1938 3249 ιιι
1967 3195 2060 3251 lib.

490 3269 720 3337 imperat
765 3273 994 3340 praecise
1041 3275 1228 3331 dicens
1265 3297 1278 3332 :
1319 3280 1424 3333 Sed
1464 3290 1517 3334 et
1546 3283 1808 3350 pretiosas
1852 3301 2064 3350 cruces,

488 3375 612 3414 cum
643 3364 840 3431 quibus
891 3367 942 3420 in
999 3371 1493 3437 supplicationibus
1538 3376 1914 3442 egrediuntur,
1953 3395 2060 3434 non

490 3454 615 3506 alibi
649 3471 813 3524 quam
857 3457 909 3510 in
949 3463 1156 3516 sanctis
1184 3463 1316 3517 locis
1347 3466 1558 3533 reponi.
1595 3465 1715 3520 llam
1745 3483 1867 3521 cum
1892 3478 1945 3521 et
1977 3484 2062 3523 ca-

488 3559 596 3599 non
626 3556 680 3600 rt
711 3547 852 3616 leges
876 3559 1140 3616 statuant,
1171 3570 1389 3608 crucem
1419 3557 1636 3624 quidem
1664 3559 1715 3610 in
1749 3561 2062 3628 pavimento

489 3650 597 3690 non
638 3639 800 3692 audet
859 3640 983 3708 quis
1037 3658 1102 3696 ex
1161 3645 1342 3713 aliqua
1403 3649 1627 3702 materia
1695 3660 2057 3706 construere:

487 3736 692 3781 sancta:
718 3736 899 3783 autem
934 3730 1200 3802 imagines
1235 3744 1286 3788 et
1314 3751 1504 3793 cruces
1540 3740 1593 3794 in
1631 3741 1861 3809 publicis
1901 3744 2004 3799 viis
2027 3761 2058 3798 a

482 3820 697 3875 volrntc
730 3822 1034 3893 eriguntur.
1085 3818 1150 3880 Et
1180 3843 1278 3881 nos
1320 3830 1564 3898 quidem,
1617 3845 1837 3902 propter
1864 3852 2055 3907 puram

485 3928 612 3981 erga
650 3915 814 3968 Deum
848 3926 901 3970 et
932 3919 1048 3985 eius
1087 3933 1311 3977 sanctos
1345 3923 1523 3987 ﬁdem,
1562 3935 1749 3982 sancta
1780 3929 2051 3998 ejusmodi

485 4003 796 4076 ubicunque
849 4022 1026 4064 erecta
1079 4013 1368 4069 adoramus
1415 4025 1470 4070 et
1519 4019 1843 4076 salutamus.
1885 4020 2056 4093 Leges

478 4104 681 4161 autem,
717 4107 776 4151 ut
804 4108 888 4154 est
937 4115 1406 4170 consentaneum,
1447 4123 1666 4180 propter
1705 4111 2002 4169 inﬁdelium
2034 4156 2050 4182 ,

482 4203 783 4258 eorumque
815 4193 906 4260 qui
937 4195 1055 4249 sine
1087 4197 1194 4252 ulla
1232 4197 1460 4255 honesta
1491 4205 1934 4261 consideratione
1969 4209 2055 4263 in-

386 4338 397 4350 ,
478 4277 894 4336 discriminatim
919 4286 1127 4347 vivunt,
1147 4289 1540 4360 improbitates,
1561 4295 1673 4350 haec
1696 4299 2053 4368 scripserunt.

480 4370 744 4428 Existimo
783 4393 932 4446 ergo.
977 4381 1124 4448 quod
1156 4383 1230 4437 illi
1261 4389 1622 4458 segregationi
1660 4391 2048 4461 subjiciuntur,

2175 1902 2264 1947 τος
2308 1887 2513 1954 ἀγαθοῦ
2594 1889 2730 1957 πρδς
2792 1890 2938 1958 ἡμᾶς
2967 1903 2982 1918 ’
3049 1891 3140 1940 καὶ
3170 1888 3443 1954 αἰσθήσει,
3497 1891 3626 1943 ὅταν
3656 1892 3754 1945 καὶ

2175 1979 2580 2047 πραγματικῶς
2630 1979 2818 2033 τοῦτον
2846 1981 3082 2049 ὁρῶντες
3122 1979 3626 2050 κατασπαζώμεθα.
3649 1984 3751 2035 '0-

2175 2069 2267 2122 θεν
2309 2073 2402 2126 καὶ
2429 2073 2555 2136 τοὺς
2580 2073 2914 2144 ὁπουδήποτε
2948 2075 3376 2143 εὑρισκομένους
3412 2075 3623 2139 τύπους
3655 2077 3750 2130 τοῦ

2175 2165 2411 2235 σταυροῦ
2465 2167 2520 2218 ἐν
2552 2165 2741 2234 ἐδάφει
2788 2166 3084 2236 διωρίσατο
3139 2167 3529 2237 ἀφανισθῆναι,
3555 2169 3629 2232 ὡς
3683 2169 3754 2223 ἂν

2175 2255 2248 2324 μὴ
2286 2257 2670 2325 καταπατῆται
2701 2256 2807 2310 ὑπὸ
2839 2257 2948 2309 τῶν
2985 2257 3317 2326 βαδιζόντων
3368 2258 3425 2311 τὸ
3461 2260 3602 2311 κατά
3655 2260 3751 2312 τοῦ

2168 2349 2415 2402 διαϐόλου
2471 2351 2733 2420 τρόπαιον
2794 2349 2984 2419 ήμῶν·
3025 2351 3153 2412 τοὺς
3179 2351 3236 2402 δὲ
3281 2351 3751 2421 ἐπιχειρήσοντας

2172 2442 2412 2512 σταυροῦ
2452 2442 2626 2496 τύπον
2657 2444 2715 2496 ἐν
2747 2443 2937 2511 ἐδάφει
2985 2441 3403 2496 κατασκευάσαι
3455 2443 3754 2514 ἀφορισμῷ

2169 2535 2708 2590 καθυποὸάλλεσθαι.
2755 2537 2892 2604 Φησὶ
2948 2536 3003 2589 δὲ
3049 2536 3234 2589 καὶτὸ
3283 2534 3323 2588 ε’
3351 2553 3475 2606 κεφ.
3541 2537 3634 2588 τοῦ
3693 2543 3744 2590 α’

2165 2629 2344 2681 τίτλου
2377 2627 2472 2680 τοῦ
2511 2634 2558 2682 α’
2592 2627 2832 2698 βιϐλίου·
2872 2629 3026 2695 Μήτε
3078 2629 3313 2697 μοναχὸς
3353 2628 3490 2698 μήτε
3558 2627 3748 2698 ἕτερός

2165 2737 2250 2782 τις
2270 2723 2325 2772 ἐν
2342 2719 2584 2790 δημοσίῳ
2602 2720 2825 2790 conuiuii
2852 2722 2907 2773 ἐν
2939 2713 2983 2787 ᾧ
3003 2719 3102 2774 θέα
3125 2719 3480 2785 ἐπιτελεῖται,
3511 2723 3746 2790 σταυρὸν

2165 2811 2507 2864 ἐπιϐαλλὲτω
2539 2812 2571 2883 ἢ
2607 2812 2838 2882 λείψανα
2870 2813 3044 2878 ἁγίων
3070 2830 3083 2843 ·
3123 2814 3220 2867 καὶ
3251 2831 3378 2882 κεφ.
3413 2821 3465 2879 ς’
3493 2831 3507 2845 ·
3536 2815 3744 2885 Μηδεὶς

2165 2901 2223 2955 ἐν
2254 2903 2447 2970 ,ἐδάφει
2491 2902 2523 2974 ἢ
2563 2903 2758 2976 μυλίτῃ
2815 2904 3000 2974 λίθῳῆ
3061 2906 3119 2956 ἐν
3185 2905 3460 2982 μαρμάρῳ
3503 2908 3746 2978 ἐδαφικῷ

2163 2995 2484 3063 ἐγγλυφέτω
2541 2995 2573 3066 ἢ
2621 2997 2878 3066 γραφέτω
2934 2998 3201 3067 σταυρόν·
3253 2999 3394 3053 ἀλλὰ
3437 3003 3746 3072 περιαιρείο·

2167 3088 2301 3149 σθω,
2341 3089 2440 3159 τὴν
2498 3089 2812 3161 βαρυτάτην
2861 3091 2958 3143 τοῦ
3014 3090 3452 3159 παραϐαίνοντος
3505 3093 3745 3163 ὑφιστα-

2172 3181 2337 3248 μένου
2375 3181 2574 3251 ποινήν
2598 3198 2613 3213 ’
2677 3185 2771 3236 καὶ
2824 3199 2949 3252 κεφ.
2979 3189 3062 3253 νη¹
3105 3183 3198 3236 τοῦ
3254 3181 3302 3236 α’
3335 3183 3516 3238 τίτλου
3561 3185 3654 3239 τοῦ
3693 3192 3747 3255 γ’

2169 3272 2378 3343 βιϐλίου
2406 3275 2565 3343 λέγον
2593 3276 2651 3328 ἐν
2717 3276 2877 3344 μέρει
2904 3293 2918 3308 ο
2984 3275 3143 3329 Ἀλλὰ
3187 3277 3284 3331 καὶ
3349 3277 3477 3340 τοὺς
3527 3280 3750 3349 τιμίους

2169 3369 2458 3436 σταυροὺς,
2497 3368 2613 3436 μεθ’
2649 3360 2724 3421 ὧν
2767 3371 2828 3423 ἐν
2878 3371 2996 3430 ταῖς
3054 3369 3230 3433 λιταῖς
3265 3371 3602 3442 ἐξέρχονται,
3665 3373 3746 3446 μὴ

2163 3457 2429 3526 ἀλλαχόσε
2462 3459 2602 3528 πλὴν
2632 3462 2680 3513 εἰ
2703 3459 2778 3529 μὴ
2807 3463 2864 3513 ἐν
2888 3461 3114 3526 εύαγέσι
3140 3463 3326 3526 τόποις
3347 3464 3740 3522 ἀποτίθεσθαι.

2164 3549 2350 3602 Ταῦτα
2376 3549 2470 3603 τοῦ
2505 3552 2728 3614 κανόνος
2757 3553 2852 3604 καὶ
2903 3553 3014 3606 τῶν
3070 3553 3253 3622 νόμων
3317 3554 3740 3626 διοριζομένων,

2165 3643 2399 3711 σταυρὸν
2466 3644 2566 3711 μὲν
2622 3644 2811 3713 ἐδάφει
2865 3645 2926 3698 οὐ
2986 3647 3161 3717 τολμᾷ
3205 3664 3290 3711 τις
3325 3651 3742 3706 κατασκευάσαι

2162 3735 2270 3788 ἀπό
2299 3752 2446 3798 τινος
2483 3735 2636 3806 ὕλης.
2669 3737 2859 3807 ’Ἃγιαι
2889 3737 2944 3790 δὲ
2993 3739 3222 3801 είκὸνεξ
3249 3739 3346 3792 καὶ
3408 3742 3635 3812 σταυροὶ
3679 3745 3741 3798 ἐν

2159 3827 2446 3898 δημοσίοις
2496 3829 2634 3893 ὁδοῖς
2656 3830 2806 3900 παρὰ
2833 3830 2930 3883 τοῦ
2990 3831 3238 3896 θέλοντος
3282 3834 3736 3905 ἀναστηλοῦνται.

2164 3921 2276 3975 Καὶ
2335 3922 2498 3991 ἡμεῖς
2550 3922 2648 3991 μὲν
2695 3923 2784 3976 διὰ
2838 3925 2939 3992 τὴν
2974 3924 3114 3995 πρὸς
3168 3925 3261 3978 τὸν
3310 3926 3448 3980 Θεὸν
3475 3929 3570 3980 καὶ
3599 3928 3736 3993 τοὺς

2159 4014 2346 4080 ἁγίους
2373 4017 2540 4071 αὐτοῦ
2569 4019 2819 4088 καθαρὰν
2844 4018 3029 4073 πίστιν
3086 4020 3153 4072 τὰ
3205 4019 3542 4091 ὁπουδήποτε
3603 4022 3738 4076 ἀνα-

2157 4100 2501 4180 στηλούμενα
2518 4109 2748 4164 τοιαῦτα
2781 4109 2915 4176 ἅγια
2948 4110 3366 4181 προσκυνοῦμεν
3413 4114 3509 4166 καὶ
3565 4129 3736 4167 κατα-

2160 4200 2479 4270 σπαζόμεθα
2500 4218 2514 4234 ο
2547 4201 2670 4254 οίδέ
2703 4202 2879 4271 νόμοι,
2913 4201 2986 4264 ὡς
3018 4202 3186 4268 ἔοικε,
3223 4202 3313 4256 διὰ
3343 4203 3441 4266 τὰς
3467 4205 3575 4257 τῶν
3601 4207 3736 4260 ἀπί-

2158 4308 2301 4347 στων
2333 4293 2428 4347 καὶ
2454 4293 2562 4348 τῶν
2583 4295 2893 4366 ἀδιαφόρως
2923 4294 3140 4360 ζώντων
3169 4297 3465 4360 κακίας.τά
3491 4298 3732 4368 ρηθέντα

2155 4387 2522 4455 γεγράφασιν.
2567 4387 2763 4456 Οἵομαι
2793 4389 2848 4440 δὲ
2877 4389 2961 4440 ὅτι
2985 4389 3186 4440 ἐκεῖνοι
3218 4389 3731 4445 καθυποϐάλλονται

477 4467 571 4533 qui
608 4477 738 4522 sunt
768 4470 1152 4540 simpliciores,
1184 4488 1237 4531 et
1281 4489 1508 4549 prepter
1541 4481 1794 4547 pietatem
1836 4485 1890 4539 in
1928 4488 2047 4541 solo

2161 4475 2470 4546 ἀφορισμῷ,
2504 4479 2552 4530 οἱ
2591 4478 2976 4550 ἁπλούστεροι,
3011 4480 3104 4532 καὶ
3155 4478 3224 4532 δι’
3253 4481 3544 4535 εὐλάϐειαν
3569 4483 3731 4549 δῆθεν

478 4555 771 4621 pretiosam
799 4574 1015 4616 crucem
1039 4565 1397 4622 fabricantur.
1424 4571 1524 4635 Qui
1547 4573 1690 4626 enim
1721 4576 1858 4629 mala
1881 4579 2042 4634 animi

477 4645 762 4702 aﬁ‘ectione
804 4649 907 4706 hoc
939 4664 1124 4724 agunt,
1159 4666 1218 4711 ut
1249 4659 1508 4714 salutaris
1538 4663 1720 4718 erucis
1752 4666 1946 4737 ﬁgura,
1976 4686 2042 4724 eo

477 4738 622 4806 quod
654 4744 1025 4812 conculcetur,
1077 4752 1406 4805 contumelia
1453 4753 1735 4823 aﬂiciatur,
1789 4768 1850 4814 ut
1894 4761 2042 4832 impii

478 4831 792 4898 punientur.

549 4923 798 4981 ZONAR.
847 4931 1076 4986 Domino
1109 4942 1298 4985 nostro
1352 4933 1458 4990 Deo
1489 4952 1553 4990 ac
1604 4951 1882 4999 servatore
1912 4943 2042 5001 Jesu

477 5013 695 5070 Christo
733 5022 881 5075 cruci
913 5024 1094 5083 aﬁixo.
1127 5036 1228 5076 nos
1261 5025 1491 5081 salutem
1527 5027 1744 5098 adepti,
1777 5044 1938 5102 atque
1974 5039 2044 5093 ab

479 5107 698 5178 antiqua
738 5115 942 5180 peccati
987 5117 1276 5184 tyrannide
1304 5119 1513 5175 liberati
1545 5138 1759 5180 sumus.
1810 5127 2042 5184 Crucem

479 5200 667 5270 igitur,
699 5205 897 5275 quippe
925 5223 1046 5276 quae
1075 5209 1267 5274 salutis
1295 5222 1496 5268 nostrae
1535 5229 1751 5272 causam
1789 5222 2038 5288 przebuit,

477 5302 681 5357 mente,
715 5311 966 5352 sermone
1002 5309 1057 5354 et
1101 5316 1264 5357 sensu
1296 5304 1578 5360 colendam
1631 5323 1658 5362 a
1709 5312 1868 5366 nobis
1920 5329 2042 5370 esse

477 5386 650 5438 sancti
707 5387 894 5442 Patres
930 5390 1215 5448 aﬁirmant.
1263 5395 1340 5449 Ac
1390 5407 1571 5452 mente
1621 5401 1834 5468 quidem
1893 5405 2037 5460 illam

479 5491 822 5543 veneramur,
858 5495 979 5534 cum
1013 5485 1172 5538 tacita
1207 5488 1577 5549 meditatione.
1607 5507 1766 5561 quam
1801 5494 2039 5565 iugentia

475 5564 617 5620 bona
650 5583 742 5636 per
775 5568 920 5622 illaut
948 5573 1014 5625 ad
1041 5590 1138 5629 nos
1167 5577 1483 5633 devenerint
1511 5582 1836 5651 recolentes,
1869 5595 2038 5643 tanta;

478 5655 572 5710 Dei
615 5658 668 5711 in
699 5672 798 5710 nos
829 5658 1195 5719 beneﬁcentia:
1222 5669 1652 5738 magnitudinem
1687 5671 2032 5742 obstupesci-

486 5765 647 5817 mus;
685 5765 959 5824 sermone,
996 5772 1117 5813 cum
1153 5757 1341 5816 eadem
1381 5757 1473 5815 illa
1498 5760 1845 5817 sermonibus
1871 5779 2034 5822 usur-

2155 4567 2662 4632 κατασκευάζοντες
2697 4571 2755 4622 ἐν
2785 4569 2862 4640 τῷ
2887 4571 3080 4638 ἐδάφει
3113 4572 3296 4642 τίμιον
3347 4573 3584 4644 σταυρόν
3606 4591 3621 4607 ο
3673 4576 3728 4627 οι

2149 4656 2258 4727 γάρ
2282 4659 2428 4728 κακῇ
2462 4658 2702 4712 διαθέσει
2729 4659 2970 4716 τοιοῦτόν
2998 4678 3052 4714 τι
3081 4662 3363 4726 ποιοῦντες
3414 4665 3578 4734 χάριν
3628 4666 3728 4719 τοῦ

2145 4749 2237 4802 τὸν
2265 4751 2582 4822 σωτηριὼδη
2628 4753 2798 4805 τύπον
2843 4754 2938 4807 τοῦ
3001 4754 3236 4825 σταυροῦ
3287 4755 3376 4810 διὰ
3424 4757 3521 4810 τοῦ
3552 4776 3730 4812 κατα·-

2148 4843 2437 4896 πατεῖσθαι
2479 4844 3010 4917 περιυϐρίζεσθαιῶς
3027 4848 3243 4912 ἀσεὸεἰς
3269 4849 3724 4920 κολασθήσονται.

2217 4934 2462 4990 ΖΩΝΑΡ.
2520 4937 2626 4989 Τοῦ
2656 4939 2862 5008 Κυρίου
2898 4934 3056 5010 ήμῶν
3084 4943 3178 4994 καὶ
3207 4939 3341 4992 Θεοῦ
3372 4943 3468 4994 καὶ
3523 4944 3711 5010 Σωτῆ-

2149 5041 2238 5095 ρος
2261 5026 2505 5093 Χριστοῦ
2531 5031 2588 5082 ἐν
2613 5031 2692 5100 τῷ
2720 5032 2944 5103 σταυρῷ
2994 5034 3403 5104 κρεμασθέντος
3432 5037 3598 5106 ἡμεῖς
3628 5051 3725 5087 σε-

2145 5117 2424 5186 σώσμεθα,
2483 5120 2707 5190 καὶτῆς
2751 5123 2983 5194 ἀρχαίας
3038 5124 3284 5188 δουλείας
3316 5125 3414 5196 τῆς
3436 5128 3724 5196 ἁμαρτίας

2143 5209 2590 5280 τίλευθερώμεθα.
2649 5213 2836 5285 Τούτῳ
2887 5217 3071 5268 τοίνυν
3106 5217 3181 5288 τῷ
3237 5219 3338 5289 τῆς
3383 5221 3542 5291 νίκης
3585 5222 3724 5290 ἡμῖν

2141 5298 2298 5369 αἰτίῳ
2329 5303 2426 5372 τὴν
2473 5303 2640 5375 τιμήν
2683 5309 2979 5376 ἀπονέμειν
3024 5309 3224 5379 χρῆναι
3280 5312 3444 5380 φασὶν
3495 5315 3544 5368 οἱ
3582 5315 3721 5383 ἱεροὶ

2142 5394 2389 5464 Πατέρες
2421 5398 2516 5449 καὶ
2538 5397 2632 5468 νῷ,
2655 5401 2747 5453 καὶ
2778 5401 2940 5470 λόγῳ,
2970 5403 3066 5454 καὶ
3088 5403 3360 5473 αἰσθήσει.
3380 5404 3476 5475 Νῷ
3499 5407 3598 5476 μὲν
3623 5405 3720 5460 οὖν

2139 5487 2523 5558 ἁποδιδὸαμεν,
2581 5492 2670 5544 ὅτε
2714 5492 2836 5545 καθ’
2886 5494 3116 5558 ἑαυτοὺς
3167 5497 3566 5568 ἐνθυμούμενοι
3623 5501 3718 5553 καὶ

2139 5579 2480 5652 λογιζόμενοι
2529 5585 2670 5637 ὅσων
2717 5585 2940 5653 ἀγαθῶν
2982 5588 3252 5660 ἐτύχομεν
3295 5591 3361 5644 δι’
3397 5593 3588 5661 αὐτοῦ,
3621 5595 3716 5646 ἐκ·

2139 5673 2490 5744 πληττόμεθα
2539 5676 2636 5747 τήν
2698 5679 2780 5742 εἰς
2847 5680 2995 5749 ήμᾶς
3047 5683 3368 5756 εὐεργεσίαν
3396 5684 3491 5740 τοῦ
3519 5687 3656 5741 Θεοῦ
3693 5701 3711 5718 ⁸

2137 5768 2282 5840 λόγῳ
2345 5769 2426 5834 δὲ,
2476 5771 2566 5824 ὅτε
2619 5771 2714 5829 καὶ
2765 5775 2898 5845 προς
2955 5774 3175 5847 ἐτέρους
3229 5777 3404 5840 ταῦτα
3455 5778 3711 5849 λέγοντες
