4062 6386
257 344 362 409 ⁸765

1235 342 1318 402 1N
1359 343 1524 405 CAN.
1570 323 1805 423 LXXIV
1837 345 2045 405 coxa.
2086 344 2166 406 IN
2199 343 2527 404 TltULl.O.

3407 331 3512 396 766

258 462 487 532 χάριτας
548 455 920 530 ὁμολογοῦμεν
951 458 1027 528 τῷ
1059 459 1294 513 σώσαντι
1349 461 1496 529 ἡμᾶς
1534 473 1546 486 °
1582 457 1834 548 αὲσθῆσει

1970 467 2158 520 iantes,
2194 470 2454 528 quantum
2491 455 2720 527 proinde
2753 464 2942 510 nostro
2986 447 3259 508 Salvatori
3311 446 3513 503 debea-

256 553 336 615 δὲ,
363 555 452 606 ὅτε
482 553 649 606 αὐτὸν
670 554 905 622 ὁρῶντες
936 554 1194 624 τιμῶμεν
1219 553 1313 606 καὶ
1343 549 1834 619 κατασπαζόμεθα.

275 647 428 698 Ἐπεὶ
454 646 511 698 δέ
547 663 712 709 τινες,
741 646 815 708 ὡς
843 647 982 715 τάχα
1015 646 1235 698 πλείονα
1265 645 1431 714 τιμὴν
1466 643 1720 712 νέμοντες
1764 642 1839 707 τῷ

263 739 504 809 σταυρῷ,
566 739 843 809 πανταχοῦ
906 731 1384 802 ἐτύπουνάύτδν,
1447 735 1580 805 πρὸς
1639 733 1694 786 δὲ
1728 736 1840 795 τοῖς

260 832 441 890 ἄλλοις
477 833 568 884 καὶ
599 835 656 884 ἐν
692 832 949 901 ἐδάφεσιο
1001 831 1158 885 τοῦτο
1204 833 1232 884 ὁ
1266 828 1461 900 παρὼν
1507 827 1841 897 ἀπαγορεύει

260 923 463 987 xxvi-"1,
497 923 737 978 κελεύων
781 927 858 994 μὴ
889 925 1076 992 ἐδάφει
1113 923 1423 978 τυποῦσθαι
1455 921 1712 989 σταυρὸν,
1748 917 1843 970 καὶ

231 1013 403 1073 ,οὕτω
433 1017 493 1066 τὸ
538 1017 637 1085 τῆς
693 1015 848 1085 νίκης
909 1016 1177 1085 ἡμέτερον
1225 1015 1491 1084 τρέπαιον
1546 1008 1843 1077 ἀτιρᾶσθαι

264 1108 774 1177 καταπατούμενον.
821 1108 960 1171 Τοὺς
1007 1109 1065 1160 δὲ
1087 1107 1246 1159 τοῦτο
1299 1104 1616 1175 τολμῶντας
1643 1102 1854 1167 ὑπάγει·

260 1199 578 1270 ἀφορισμῷ.

374 1295 595 1349 ΑΡΙΣΤ.
633 1298 733 1348 «Ὀ
767 1297 823 1347 ἐν
853 1297 1041 1364 ἐδάφει
1073 1296 1304 1364 σταυρὸς
1326 1291 1676 1360 ἀφανίζεται.
1716 1309 1734 1340 ι

336 1387 526 1440 Πᾶσαν
558 1387 795 1457 σπουδὴν
840 1388 947 1458 χρὴ
975 1387 1182 1440 τιθέναι
1215 1387 1360 1456 ἡμᾶς
1381 1386 1480 1454 τὴν
1529 1383 1682 1445 ἀξίαν
1710 1383 1846 1433 ἁπο-

262 1477 468 1530 διδόναι
496 1476 664 1548 τιμὴν
695 1479 771 1548 τῷ
805 1479 1060 1548 ζωοποιῷ
1102 1478 1346 1549 σταυρῷ,
1379 1476 1448 1530 δι’
1472 1470 1532 1530 οὗ
1561 1473 1654 1528 τοῦ
1678 1473 1847 1526 πάλαι

266 1569 598 1640 σεσὼσμεθα
635 1571 1087 1642 παραπτώματος
1112 1588 1124 1603 ·
1161 1572 1254 1623 καὶ
1287 1572 1379 1623 ἐὰν
1422 1570 1479 1620 ἐν
1501 1568 1579 1637 τῷ
1609 1567 1794 1634 ἐδάφει
1822 1567 1849 1616 ὁ

262 1662 362 1718 τοῦ
413 1663 651 1733 σταυροῦ
678 1665 846 1727 τύπος
880 1665 1296 1730 κατεσκευάσθη
1352 1663 1458 1715 ὑπό
1491 1678 1659 1723 τινος,
1708 1660 1850 1711 ἁπα-

266 1755 562 1824 λειφὲσθω,
598 1756 686 1809 ἵνα
722 1759 796 1827 μὴ
831 1761 895 1826 τῇ
924 1757 1033 1810 τῶν
1089 1757 1412 1826 βαδιζόντων
1473 1753 1850 1820 καταπατήσει

264 1851 328 1903 τὸ
357 1851 454 1920 τῆς
481 1850 641 1920 νίκης
673 1850 832 1920 ἡμῶν
883 1850 1248 1921 ἐφυϐρίζηται
1278 1849 1562 1918 τρόπαιον.

851 1944 1090 1998 ΚΑΝΩΝ
1145 1946 1264 1996 OA'.

271 2056 292 2089 σ
347 2039 555 2091 Ὄτιού
581 2039 663 2091 δεῖ
689 2040 748 2091 ἐν
779 2037 893 2102 τοῖς
949 2040 1250 2108 Κυριακοῖς
1299 2036 1332 2108 ἣ
1364 2036 1424 2089 ὲν
1484 2037 1603 2096 ταῖς
1652 2032 1854 2098 ἐκκλη-

346 2150 364 2183 ι
411 2133 554 2194 σίαις
608 2132 707 2194 τάς
754 2132 1060 2200 λεγομένας
1113 2132 1336 2197 ἀγάπας
1396 2127 1506 2197 (85)
1538 2127 1732 2190 ποιεῖν,
1761 2123 1856 2176 καὶ

351 2243 372 2274 ι
421 2222 570 2276 ἔνδον
597 2225 658 2277 ἐν
689 2224 765 2294 τῷ
795 2225 930 2296 οἴκῳ
963 2223 1316 2285 ἐσθίειν,,καὶ
1346 2219 1611 2272 ἁκούϐιτα
1640 2232 1856 2286 στρωνο

348 2335 369 2368 ι
417 2316 587 2371 νύειν.
623 2318 690 2370 Ol
719 2319 776 2370 δὲ
810 2316 969 2372 τοῦτο
1017 2318 1194 2369 ποιεῖν
1243 2310 1607 2382 τολμῶντεςῆ
1636 2306 1855 2362 παυσάο

350 2430 370 2461 ι
413 2401 1230 2482 σθωσανῆάφοριζέσθωσαν.
1278 2426 1297 2459 ι
1605 2467 1612 2473 _

346 2504 548 2557 ΒΛΛΣ.
585 2503 644 2556 '0
679 2503 854 2572 μέγας
908 2502 1119 2564 Παῦλος
1162 2503 1220 2553 ἐν
1249 2503 1315 2571 τῇ
1349 2500 1487 2569 πρὸς
1537 2493 1859 2568 Κορινθίους

281 2596 580 2667 Ἐπιστολῇ
612 2593 780 2648 αὑτοῦ
813 2595 1088 2665 μέμφεται
1117 2593 1246 2658 τοὺς
1270 2591 1328 2646 ἐν
1376 2590 1689 2660 ἐκκλησίαις
1722 2603 1859 2654 συμ-

275 2688 663 2753 ποσιάζοντας,
691 2687 867 2756 λέγων
893 2704 905 2718 ·
942 2688 1032 2753 Μὴ
1065 2687 1173 2756 γὰρ
1227 2685 1407 2748 οἰκίας
1450 2685 1552 2737 οὐκ
1598 2683 1752 2752 ἔχετε
1782 2683 1864 2744 εἰς

277 2786 341 2838 τὸ
393 2775 601 2837 ἐσθίειν
628 2782 722 2834 καὶ
745 2783 924 2834 πίνειν
952 2800 966 2848 ;
1005 2781 1076 2834 “ll
1103 2781 1202 2848 τῆς
1229 2778 1522 2847 ἐκκλησίας
1577 2775 1672 2829 τοῦ
1702 2774 1862 2827 ’Θεοῦ

277 2877 700 2946 καταφρονεῖτε,
754 2874 852 2928 καὶ
877 2872 1271 2942 καταισχύνετε
1297 2872 1425 2932 τοὺς
1460 2870 1534 2938 μὴ
1589 2870 1813 2939 ἔχοντας
1845 2881 1862 2933 ;

292 2970 450 3022 Ἐπεὶ
479 2968 572 3021 οὖν
601 2968 713 3028 πᾶς
739 2967 906 3029 τόπος
940 2966 1017 3033 τῷ
1058 2963 1248 3034 Κυρίῳ
1291 2961 1713 3031 ἀνατεθειμένος
1748 2960 1865 3013 Κυ-

285 3061 475 3134 ριακὸς
503 3061 750 3129 λέγεται,
783 3060 888 3112 κᾶν
926 3059 1000 3128 μὴ
1033 3054 1304 3125 ἐκκλησία
1332 3053 1502 3116 ἐστὶν,
1555 3051 1694 3105 ἀλλὰ
1736 3049 1867 3120 πρό-

1944 573 2087 617 mus,
2123 556 2262 624 apud
2298 554 2436 608 alios
2475 553 2814 621 prnlilcmur.
2843 550 3018 604 Sensu
3051 560 3202 609 vero,
3233 558 3358 598 cum
3393 556 3515 596 eam

1943 651 2270 719 aspicientes
2299 661 2627 702 veneramur
2655 652 2818 713 atque
2866 644 3192 698 salutamus.
3241 636 3512 702 Quoniam

1944 749 2113 818 igitur
2161 746 2449 806 nonnulli,
2483 743 2662 798 studio
2712 741 2852 794 forte
2886 727 3119 808 ampliu's
3162 729 3517 789 honestanda:

1944 841 2146 898 crucis.
2177 855 2296 892 eam
2333 854 2456 890 eum
2491 837 2611 888 aliis
2643 837 2774 887 locis
2806 843 2918 886 tum
2945 835 2999 884 in
3039 831 3346 898 pavimento
3377 838 3517 893 quo-

1946 949 2053 1002 que
2082 931 2442 987 ell'ormabant
2475 947 2489 983 :
2524 929 2574 982 id
2611 929 2727 981 lieri
2770 941 3012 996 pra'sens
3040 939 3238 982 canon,
3271 936 3334 973 ac
3359 934 3423 971 ex
3456 933 3522 967 eo

1947 1035 2150 1081 nostra:
2193 1025 2434 1078 victoria:
2469 1023 2769 1091 trnphmnm
2823 1035 2918 1085 per
2947 1015 3339 1070 cntilnmrlimn
3391 1025 3526 1062 cou-

1947 1118 2272 1175 Culcandum
2304 1117 2553 1186 proponi,
2583 1125 2745 1167 vetat.
2801 1111 2900 1177 Qui
2959 1125 3087 1163 vero
3131 1109 3244 1161 ausi
3282 1104 3522 1165 fuerint,

1949 1211 2314 1281 segregationi
2356 1208 2624 1263 obnoxios
2653 1221 2776 1259 esse
2809 1203 3080 1258 decernit.

2021 1301 2248 1359 ARIST.
2289 1323 2307 1354 ι
2344 1302 2487 1354 Crux
2523 1303 2574 1353 in
2609 1300 2942 1368 pavimento,
2987 1294 3218 1347 tollitur.
3252 1308 3270 1341 ι

2021 1397 2247 1450 Omnem
2283 1395 2544 1466 adhibere
2593 1395 2854 1446 debemus
2899 1385 3279 1453 diligentiam,
3333 1389 3392 1432 nt
3442 1377 3529 1432 di-

1951 1505 2114 1560 gnum
2152 1488 2377 1542 viviﬁcze
2411 1487 2560 1539 cruri
2592 1485 2896 1538 tribuamus
2930 1481 3215 1534 honorem.
3241 1490 3337 1544 per
3362 1485 3527 1540 quam

1953 1585 2020 1638 ab
2055 1583 2282 1650 antiquo
2315 1582 2466 1648 lapsu
2506 1592 2790 1631 servantur
2838 1592 2850 1626 :
2905 1582 2959 1624 et
3007 1571 3052 1626 si
3091 1587 3117 1622 a
3169 1567 3426 1635 quopiam
3472 1563 3530 1617 in

1953 1675 2266 1744 pavimento
2298 1670 2480 1724 crucis
2534 1671 2700 1735 ligura
2752 1665 2994 1734 ponitur,
3025 1662 3286 1722 deleatur;
3325 1673 3392 1712 ne
3442 1656 3532 1708 in-

1954 1769 2260 1822 cedentium
2290 1762 2706 1817 conculcatione
2732 1759 2972 1812 victoriae
3005 1763 3204 1808 nostra:
3227 1750 3529 1821 trophzeum

1957 1861 2154 1931 injuria
2188 1858 2484 1913 alliciatur.

2489 1943 2714 2004 CANON
2759 1941 2991 1997 LXXIV.

1965 2067 1982 2100 ι
2023 2045 2178 2114 Quod
2207 2060 2315 2099 non
2338 2050 2549 2110 oportet
2586 2041 2639 2093 in
2674 2035 2972 2089 Dominicis
3008 2034 3142 2086 locis
3171 2031 3251 2083 vel
3277 2026 3530 2082 ecclesiis

2037 2160 2057 2192 ι
2098 2154 2323 2212 agapas,
2352 2145 2412 2189 ut
2445 2142 2663 2192 vocant,
2699 2130 2901 2191 facere,
2933 2139 2986 2180 et
3018 2127 3166 2180 intus
3195 2124 3248 2176 in
3284 2120 3400 2174 :rde
3437 2133 3532 2170 cn-

2037 2252 2056 2284 ι
2101 2233 2341 2293 medere,
2371 2239 2424 2281 et
2459 2225 2741 2280 accubitus
2775 2232 3038 2276 sternere.
3072 2217 3174 2282 Qui
3219 2211 3537 2266 antem‘hnc

2037 2345 2055 2377 ι
2097 2324 2213 2379 ausi
2243 2321 2464 2383 fuerint,
2493 2321 2576 2371 vel
2607 2323 2823 2372 cessent
2855 2313 2934 2367 vel
2972 2314 3355 2378 segregentur.
3401 2321 3420 2354 ι

2037 2501 2232 2558 BALS.
2265 2501 2493 2570 Magnus
2518 2495 2718 2553 Paulus
2754 2493 2806 2546 in
2851 2487 3089 2558 Epistula
3115 2500 3213 2541 sua
3250 2481 3314 2534 ad
3342 2481 3542 2536 Corin-

1964 2597 2110 2651 thios
2134 2610 2229 2649 eos
2260 2589 2636 2660 reprehendit,
2668 2587 2759 2654 qui
2794 2585 2849 2638 in
2886 2580 3120 2636 ecclesia
3152 2577 3539 2632 convivantur,

1966 2691 2156 2744 dicens
2191 2704 2204 2740 :
2235 2685 2428 2740 Annon
2477 2679 2691 2735 habetis
2754 2677 2946 2730 domos
2993 2671 3056 2726 ad
3133 2667 3407 2721 edendum
3457 2661 3544 2716 vel

1969 2777 2306 2835 bibendum?
2333 2777 2414 2828 Au
2475 2774 2564 2825 Dei
2618 2769 2906 2826 ecclesiam
2954 2759 3330 2816 contemnitis.
3363 2765 3416 2809 et
3450 2770 3547 2808 cos

1966 2875 2056 2945 qui
2096 2889 2202 2927 non
2234 2871 2438 2925 habent
2485 2866 2691 2937 pudore
2743 2859 2957 2915 allicitis
2987 2856 3048 2909 ⁸7
3081 2851 3246 2924 2M
3274 2847 3544 2916 Quoniam

1968 2981 2096 3037 ergo
2125 2964 2306 3020 omnis
2356 2962 2507 3014 locus
2549 2956 2776 3011 Domino
2815 2957 3173 3007 consecratus
3212 2939 3536 2995 Dominiens

1970 3060 2194 3122 dicitur,
2251 3053 2466 3110 etiamsi
2504 3067 2608 3104 non
2640 3055 2724 3104 est
2751 3043 3005 3099 ecclesia.
3036 3038 3130 3096 sed
3163 3032 3347 3102 templi
3379 3029 3547 3084 vesti-

280 3171 408 3216 ναος
437 3151 656 3222 τυχὸνῆ
703 3151 891 3220 ἕτερόν
952 3167 1004 3202 τι
1055 3149 1221 3214 ἱερὸν,
1267 3147 1564 3215 διορίζεται
1607 3144 1636 3196 ὁ
1687 3140 1865 3196 κανὼν

1973 3152 2160 3206 bulum
2190 3155 2282 3201 aut
2313 3144 2457 3198 aliud
2492 3155 2712 3197 sacrum
2737 3181 2752 3201 ,
2787 3134 2979 3191 statuit
3016 3144 3193 3185 canon
3223 3167 3239 3191 ,
3275 3140 3342 3180 ne
3377 3120 3546 3188 aliqui

288 3254 366 3320 μὴ
397 3248 797 3318 συμποσιάζειν
821 3246 973 3309 τινάς
1004 3248 1062 3297 ἐν
1093 3244 1413 3311 ἐκκλησίαις
1439 3239 1471 3310 ἢ
1507 3241 1566 3292 ἐν
1597 3237 1865 3298 τοιούτοις

284 3342 476 3405 τόποις
520 3341 707 3413 (τοῦτο
734 3341 843 3413 γὰρ
897 3340 1121 3408 ἀγάπην
1149 3337 1325 3399 καλεῖ,
1358 3334 1391 3406 ἢ
1422 3334 1499 3396 ὡς
1535 3330 1865 3386 συστατικὸν

286 3435 534 3503 ἀγάπης,
570 3433 696 3504 ἢδι’
731 3433 954 3503 ἀγάπην
1007 3427 1342 3500 γινόμενον)’
1379 3427 1517 3480 ἀλλὰ
1555 3425 1688 3496 μηδὲ
1719 3422 1866 3476 ἔνδον

285 3526 379 3580 τοῦ
401 3525 552 3578 οἴκου
579 3525 671 3578 τοῦ
696 3523 832 3578 Θεοῦ
867 3525 1068 3576 ἐσθίειν
1093 3523 1188 3576 καὶ
1219 3520 1482 3575 ἀκουϐίτα
1519 3515 1865 3588 στρωννύειν.

291 3620 436 3683 Τοὺς
469 3619 526 3672 δέ
555 3617 798 3671 τοιοῦτόν
827 3635 881 3669 τι
915 3615 1226 3679 ποιοῦντας,
1290 3613 1387 3666 καὶ
1451 3611 1588 3681 μετὰ
1647 3625 1868 3677 παραγ-

287 3715 476 3784 γελίαν
535 3713 608 3782 μὴ
642 3711 1057 3782 διορθουμένους
1108 3705 1404 3778 ἀφορισμῷ
1451 3702 1869 3759 καθυποϐάλλε-

290 3809 438 3862 σθαι.
473 3807 586 3860 Καὶ
616 3805 806 3874 ἀγάπη
834 3804 931 3872 μὲν
973 3801 1225 3855 καλεῖται
1257 3801 1288 3869 ἡ
1321 3797 1655 3866 ἀδελφοσύνη
1685 3797 1778 3848 καὶ
1804 3795 1892 3847 τὰ·

285 3903 380 3955 διὰ
409 3902 616 3968 ταύτης
663 3897 939 3966 συμπόσια
965 3913 979 3928 ·
1035 3896 1193 3948 ἆτινα
1229 3891 1581 3958 ἐκωλύθησαν
1609 3889 1683 3949 ὼς
1732 3899 1876 3955 παρ-

289 3995 444 4048 αίτιοι
473 3991 786 4045 σκανδάλων
815 3991 909 4042 καὶ
953 3986 1188 4058 ὕϐρεων,
1219 3986 1366 4038 ἔστιν
1391 3984 1480 4036 ὅτε
1508 3982 1603 4034 καὶ
1631 3997 1876 4049 συνωμο-

295 4087 430 4141 auwa
461 4085 555 4140 καὶ
578 4083 846 4155 φατριῶν.
889 4080 1203 4134 ’Δκούδιτον
1234 4078 1290 4130 δὲ
1326 4077 1544 4145 λέγεται
1595 4075 1706 4126 πᾶν
1756 4073 1876 4124 ἐπί-

289 4181 450 4237 θετον
482 4179 772 4250 στρωμνῆς
832 4176 1272 4243 κατασκεύασμα
1328 4172 1408 4233 εἰς
1463 4168 1598 4239 ὕψος
1632 4169 1876 4240 ἠρμένον

292 4275 390 4327 καὶ
467 4271 731 4341 μαλακόν.
769 4268 1061 4333 Ἀκούμϐω
1105 4267 1212 4337 γὰρ
1271 4264 1424 4334 παρά
1469 4262 1720 4324 Λατίνοις
1749 4301 1762 4322 ,
1817 4260 1878 4312 τὸ

294 4362 608 4416 ἁναπίπτω.
651 4361 809 4422 Τινὲς
841 4357 996 4428 γοῦν,
1050 4357 1123 4420 ὠς
1161 4355 1358 4418 ἔοικεν,
1419 4352 1878 4421 ὑποστελλόμενοι

296 4456 530 4509 κλινίδια
559 4457 618 4506 ἐν
670 4453 747 4522 τῷ
774 4453 1020 4522 μεσονὰῳ
1066 4450 1333 4516 εἰσάγειν,
1368 4449 1402 4519 ἢ
1443 4448 1536 4499 καὶ
1561 4446 1648 4498 διὰ
1678 4445 1878 4515 θρύψιν

297 4550 527 4602 πλείονα
563 4547 780 4600 ἐποίουν
812 4546 844 4616 ἦ
871 4545 1218 4617 ἀλλοτρὸπως
1253 4543 1333 4604 είς
1369 4541 1676 4596 ἀνάπαυσιν
1700 4538 1880 4592 αὑτῶν

297 4641 591 4711 στρωμνὰς
628 4637 896 4699 τοιαύτας
919 4652 934 4666 ·
969 4637 1106 4706 ὅπερ
1139 4636 1232 4688 καὶ
1294 4634 1565 4705 ἐκωλύθη.
1634 4628 1882 4700 Ἐπεχεί-

298 4752 476 4806 ρησαν
507 4735 564 4788 δέ
589 4750 737 4795 τινες
766 4734 941 4785 εἰπεῖν
965 4731 1023 4784 τὸ
1051 4729 1184 4782 αὐτὸ
1224 4725 1365 4781 εἶναι
1399 4725 1680 4798 Κυριακδν
1709 4727 1878 4778 τόπον

297 4830 394 4882 καὶ
423 4827 722 4896 ἐκκλησίαν
741 4843 754 4856 ι
783 4825 877 4877 καὶ
903 4824 1258 4895 ἡρμήνευσαν
1290 4823 1349 4875 τὸ
1379 4821 1448 4876 Ἦ
1479 4818 1883 4891 συμπλεκτικδν

298 4923 398 4976 καὶ
431 4922 492 4974 ού
526 4919 926 4984 διαζευκτικόν.
969 4912 1126 4983 Ἐμοὶ
1156 4914 1214 4966 δὲ
1246 4914 1346 4966 οὐκ
1379 4913 1545 4980 ἔδοξε.
1598 4912 1752 4968 Μετά
1777 4911 1884 4980 γὰρ

297 5016 362 5070 τὸ
399 5015 578 5066 εἰπεῖν
618 5013 691 5083 μὴ
725 5011 972 5080 γίνεσθαι
1027 5007 1251 5075 ἀγάπας
1311 5007 1366 5059 ἐν
1421 5007 1724 5074 κυριακοῇ
1755 5003 1788 5072 ἢ
1823 5005 1880 5054 ἐν

300 5108 622 5178 ἐκκλησίαις
651 5101 851 5159 κωλύει
881 5104 941 5156 τὸ
970 5101 1172 5155 ἐσθίειν
1225 5102 1320 5153 καὶ
1358 5099 1623 5153 ἀκούϐιτα
1677 5115 1884 5166 στρων‹

303 5201 454 5255 νύξιν
481 5202 557 5262 εἰς
586 5200 780 5269 μόνους
818 5199 945 5262 τοὺς
1000 5196 1205 5257 οἴκους,
1243 5193 1414 5262 ἤγουν
1445 5193 1541 5254 τὰς
1566 5188 1879 5258 ἐκκλησίας.

389 5377 454 5432 ⁸1
489 5376 615 5431 Cor.
655 5390 729 5439 xl,
753 5371 844 5429 22.

1980 3248 2032 3300 in
2077 3242 2303 3299 ecclesia
2356 3217 2736 3296 conviventur,
2806 3228 2890 3281 vel
2961 3226 3014 3279 in
3083 3217 3354 3290 ejusmodi
3412 3213 3548 3268 Inois

1980 3340 2108 3406 (hoc
2134 3332 2278 3389 enim
2328 3339 2487 3384 vocat.
2535 3326 2757 3394 ἀγάπην
2785 3363 2801 3387 ,
2842 3320 2894 3375 id
2939 3327 3024 3373 est
3051 3312 3427 3370 dilectionem,
3463 3306 3550 3360 vel

1976 3430 2120 3502 quod
2151 3430 2221 3483 sit
2270 3421 2579 3480 dilectionis
2628 3418 2872 3474 alliciens
2905 3423 3135 3480 eamque
3185 3403 3551 3462 constituens,

1977 3494 2060 3578 vel
2091 3521 2234 3592 quod
2267 3517 2358 3572 ﬁat
2386 3523 2609 3584 propter
2647 3509 2993 3563 dilectionem
3019 3505 3039 3574 )
3068 3521 3084 3557 :
3123 3501 3218 3558 sed
3265 3509 3442 3565 neque
3471 3494 3557 3548 in-

1979 3625 2061 3670 tra
2092 3615 2312 3668 domum
2364 3609 2455 3662 Dei
2495 3606 2807 3664 comedent,
2843 3609 2898 3654 et
2945 3597 3231 3653 accubitus
3284 3591 3556 3645 sternant.

1987 3706 2098 3760 Eos
2127 3714 2306 3758 autem
2341 3700 2432 3770 qui
2474 3699 2576 3753 tale
2608 3695 2736 3766 quid
2770 3694 2998 3752 faciunt;
3033 3695 3232 3757 etpost
3261 3676 3556 3736 denuntia-

1982 3801 2188 3852 tionem
2224 3808 2335 3846 non
2364 3769 2672 3850 abstinent,
2706 3777 3070 3852 segregatioui
3101 3773 3321 3839 subjici.
3354 3769 3419 3823 Et
3459 3782 3558 3820 vo-

1982 3898 2140 3944 catur
2171 3884 2391 3955 quidem
2436 3882 2638 3951 Agape,
2693 3875 3031 3932 fraternitas.
3077 3878 3130 3923 et
3178 3882 3296 3935 quae
3333 3866 3558 3932 propter

1981 3997 2102 4036 eam
2127 3980 2386 4031 ineuntur
2407 3971 2682 4028 convivia.
2706 3967 2836 4034 Quae
2861 3964 3079 4034 quidem
3106 3968 3234 4015 sunt
3264 3954 3556 4026 prohibita,

1984 4081 2045 4126 ut
2075 4085 2194 4141 quae
2227 4064 2676 4122 olfendieulorum
2715 4069 2767 4113 et
2793 4053 3251 4112 contmneliarum
3281 4089 3298 4115 ,
3333 4054 3390 4100 et
3422 4059 3562 4098 non-

1989 4174 2270 4231 nunquam
2339 4157 2502 4211 etiam
2559 4151 3002 4221 conjurationum
3061 4153 3114 4197 et
3165 4141 3564 4201 soulalitatum,

1986 4270 2166 4310 causa:
2197 4259 2401 4306 essent.
2449 4247 2750 4299 Aecubitus
2799 4249 2978 4294 autem
3017 4235 3220 4289 dicitur
3253 4229 3432 4284 omnis
3457 4227 3561 4280 itu-

1987 4347 2160 4416 posita
2188 4343 2340 4397 strati
2375 4348 2576 4400 strues,
2610 4351 2732 4402 qua:
2759 4335 2810 4387 iu
2839 4329 3180 4384 altitudinem
3210 4331 3390 4378 erecta
3419 4317 3564 4389 apud

1985 4439 2209 4494 Latinos
2246 4436 2384 4489 idem
2417 4443 2522 4493 est,
2562 4429 2706 4498 quod
2747 4425 3064 4481 ἀναπίπτω.
3093 4418 3351 4475 Nonnulli
3388 4429 3519 4485 ergo
3547 4455 3562 4480 ,

1911 4514 1956 4570 Ῑ)
1987 4544 2046 4586 ut
2079 4532 2308 4588 videtur.
2338 4527 2566 4582 lectulos
2587 4524 2644 4578 in
2679 4521 2914 4576 medium
2949 4515 3132 4586 templi
3158 4512 3564 4572 submittentes,

1987 4623 2308 4693 huiusmodi
2350 4632 2500 4676 toros
2539 4634 2632 4672 seu
2680 4623 2874 4678 strata,
2904 4611 2988 4666 vel
3030 4609 3097 4662 ad
3148 4605 3383 4673 majores
3431 4600 3570 4654 deli-

1983 4689 2120 4782 cia's,
2151 4717 2234 4772 vel
2256 4711 2471 4784 alioqui
2505 4712 2571 4766 ad
2603 4726 2758 4765 suam
2789 4707 3026 4777 quietem
3063 4699 3340 4755 iaciebant
3373 4712 3387 4748 :
3419 4689 3564 4760 quod

1983 4821 2066 4866 est
2101 4812 2261 4864 etiam
2295 4783 2922 4876 prohibitum.Nonnulli
2950 4802 3129 4850 autem
3165 4793 3347 4846 dicere
3379 4783 3566 4840 conati

1985 4913 2133 4970 sunt,
2172 4904 2312 4956 idem
2343 4917 2464 4956 esse
2501 4900 2678 4953 locum
2733 4891 3071 4949 Dominicum
3116 4895 3172 4941 et
3201 4882 3493 4939 ecclesiam
3542 4893 3560 4933 :

1989 5006 2043 5054 et
2077 4995 2415 5062 interpretati
2455 5000 2582 5046 sunt
2611 4989 2762 5052 illud,
2795 4987 2908 5050 Vel,
2944 4993 3000 5037 ut
3042 4979 3480 5051 coujunctivum,
3511 4984 3568 5028 et

1994 5105 2098 5144 non
2131 5087 2544 5153 disjunctivum.
2577 5081 2704 5135 Mihi
2742 5089 2922 5133 autem
2980 5091 3084 5129 non
3127 5074 3200 5127 ita
3237 5070 3412 5125 visum
3459 5072 3566 5120 est.

1993 5163 2288 5254 Postquam
2321 5183 2464 5236 cnim
2511 5178 2741 5234 dixisset
2790 5187 2899 5227 non
2949 5165 3226 5224 faciendas
3275 5172 3474 5232 agapas
3510 5157 3564 5209 in

1510 5459 1708 5520 Guill.
1741 5457 2083 5538 Beveregii
2127 5463 2319 5519 nota).

387 5602 496 5670 (85)
525 5598 634 5654 Καὶ
656 5595 938 5670 ἀκούᾷιτα
965 5590 1333 5670 στρωνν-ύειν
1387 5585 1722 5670 §clioliastes
1752 5583 1891 5668 ιιπτ

312 5653 615 5740 mcnnpu'i,
654 5667 940 5740 ’Λκούϐιτα
965 5653 1249 5740 στρωμνὰς
1280 5659 1520 5740 μεγάλας
1549 5655 1718 5740 λέγει,
1748 5653 1892 5707 κατὰ

316 5727 871 5802 ΛατίνουςξΑεειιὺίιη
890 5727 1042 5788 vocat
1060 5727 1320 5786 instratus
1341 5730 1445 5784 sive
1463 5727 1889 5802 loraliqmagua,

315 5797 479 5888 iuxta
524 5797 765 5878 Latinos,
813 5806 1070 5879 llarmcn.
1113 5804 1244 5872 epit.
1287 5817 1411 5856 can.
1450 5809 1588 5856 sect.
1634 5797 1690 5861 5,
1725 5798 1810 5853 tit.
1844 5797 1883 5850 2-

1998 5582 2134 5638 Vide
2172 5581 2514 5637 Balsamonis
2557 5577 2625 5633 de
2661 5577 2763 5632 hac
2800 5587 2932 5628 voce
2966 5569 3170 5626 scholia
3193 5606 3208 5627 ,
3238 5577 3359 5634 qum
3395 5559 3560 5615 etiam

1996 5653 2235 5709 Joannes
2274 5651 2408 5707 Citri
2431 5651 2720 5722 episcopus
2747 5646 2869 5703 loco
2900 5643 3064 5716 paulo
3097 5647 3222 5695 ante
3249 5638 3417 5691 citato
3449 5645 3566 5688 rer-

1951 5712 1966 5728 ’
2001 5725 2168 5782 batim
2205 5712 2517 5796 exscripsit.
