4062 6384
559 308 669 372 707

1821 333 2098 395 TIIEOD.
2140 337 2545 405 BALSAMON

563 420 859 481 Dominicis
892 429 974 482 Vel
1023 431 1076 486 in
1110 436 1393 502 ecclesiis,
1440 441 1693 510 prohibet
1745 449 2032 502 comedere
2075 465 2095 501 c

2196 450 2394 506 ,Ὥστε
2415 455 2677 535 ,διαφορά
2730 457 2876 510 ἐστιν
2927 459 3228 532 ἐκκλησιῶν
3277 463 3369 516 καὶ
3425 467 3672 536 προνάων
3699 469 3797 525 καὶ

561 520 845 575 accubitus
875 529 1126 580 stern’ere
1171 527 1222 582 in
1275 531 1406 588 solis
1453 534 1662 591 sedibus
1696 540 1808 593 sive
1851 544 2121 600 ecrlosiis.

561 605 922 671 Quamobrem
971 624 1057 670 est
1106 618 1414 678 dilferentia
1449 625 1594 682 inter
1619 631 1878 686 ecclesias
1911 644 1962 688 et
2000 651 2126 704 pro-

565 713 697 750 naos
736 712 790 755 et
816 705 952 760 alios
985 708 1132 764 locos
1165 713 1499 771 Dominicos.

633 788 886 848 ZONAB.
918 797 1083 856 Moris
1110 805 1315 875 antiqui
1355 808 1454 864 fuit
1481 812 1787 871 divinorum
1836 823 2122 890 mysterio.

561 897 678 936 rum
725 891 1106 947 communione
1135 907 1350 961 peracta
1379 905 1624 958 convivia
1655 948 1670 970 ,
1699 911 1924 966 cibariis
1961 916 2122 968 ditio-

557 990 677 1028 rum
720 978 1044 1035 liberalitate
1091 987 1333 1054 collatis,
1379 1007 1445 1048 ac
1491 1012 1588 1065 per
1634 1014 1728 1054 eos
1773 1005 2118 1062 tenuioribus

555 1083 771 1137 quoque
799 1075 862 1126 ad
895 1091 1092 1132 mensa:
1121 1083 1440 1138 societatem
1481 1090 1760 1152 admissis,
1797 1097 2115 1163 celebrare;

551 1162 710 1224 cuius
744 1167 904 1219 etiam
937 1184 1167 1238 magnus
1195 1172 1393 1229 Paulus
1427 1177 1665 1245 Epistula
1713 1186 1776 1238 ad
1803 1186 2120 1246 Corinthios

553 1255 819 1320 meminit,
851 1274 1074 1328 eosque,
1105 1268 1245 1332 quod
1291 1269 1541 1334 privatim
1587 1275 1712 1329 aliis
1743 1293 1849 1332 non
1879 1295 2113 1348 exspeco

547 1345 675 1399 tatis
719 1350 1106 1417 epularentur,
1144 1356 1414 1430 objurgat.
1466 1361 1868 1440 Unusquisque,
1915 1345 2111 1440 inquit,

545 1455 699 1492 suam
736 1459 935 1496 caenam
973 1460 1302 1518 pra'occupat
1329 1455 1383 1506 in
1408 1436 1627 1524 edendo;
1659 1471 1708 1513 et
1737 1463 1876 1516 alius
1903 1467 2113 1532 quidem

542 1533 726 1591 esurit.
757 1535 894 1588 alius
922 1549 1092 1592 autem
1121 1543 1296 1596 ebrius
1323 1556 1422 1599 est.
1461 1547 1730 1617 Numquid
1764 1557 1899 1609 enim
1929 1559 2112 1615 domos

545 1638 647 1676 non
678 1625 900 1686 habetis.
934 1641 987 1681 ut
1029 1635 1352 1690 manducetis
1381 1649 1429 1692 et
1455 1639 1681 1698 bibatis?
1712 1657 1805 1701 aut
1839 1651 2110 1707 ecclesiam

546 1713 643 1767 Dei
676 1722 1024 1780 contemnitis.
1059 1736 1105 1777 et
1136 1728 1456 1793 confunditis
1486 1751 1572 1788 eos
1595 1740 1815 1805 qui'non
1845 1743 2032 1800 habent
2059 1749 2110 1801 ’ί

549 1805 694 1862 Hanc
735 1810 898 1880 igitur
936 1817 1189 1884 epulandi
1229 1825 1715 1894 consuetudinem,
1752 1849 1910 1901 quam
1940 1839 2105 1893 etiam

543 1913 747 1969 agapen
786 1905 899 1958 sive
927 1910 1250 1966 cbaritatem
1283 1923 1637 1987 nuncupavit,
1670 1929 1830 1994 quasi
1863 1944 1890 1981 a
1925 1932 2108 1983 chari-

540 1998 651 2044 tate
703 1995 1027 2065 profectam,
1079 2005 1164 2058 vel
1226 2007 1352 2075 quia
1417 2011 1722 2070 cbaritatis.
1754 2018 1988 2074 alliciens
2037 2024 2104 2079 sit

540 2088 686 2154 (nam
741 2088 828 2143 illa
873 2108 1074 2150 mensa!
1106 2103 1422 2157 communio
1465 2109 1755 2174 quamdam
1809 2113 1949 2167 inter
1988 2132 2102 2174 eos.

537 2178 630 2244 qui
669 2195 774 2234 una
829 2184 1010 2240 cibum
1056 2190 1316 2260 capiunt,
1349 2207 1600 2264 procreat
1649 2199 1997 2276 cbatita'tem)
2050 2211 2102 2262 in

534 2273 785 2330 ecclesiis
846 2289 1182 2348 reuovatam,
1247 2289 1698 2346 convenientibus
1758 2293 1900 2348 intra
1950 2313 2102 2351 sacra

537 2367 735 2434 templa
791 2369 1129 2427 vestibuiave
1188 2375 1254 2428 ad
1299 2381 1631 2435 vescendum
1687 2385 1953 2449 convivis,
2015 2388 2103 2443 hic

537 2470 714 2512 canon
747 2458 1037 2528 improbat,
1095 2481 1272 2535 neque
1303 2469 1364 2522 in
1405 2471 1682 2539 ecclesiis,
1703 2481 1810 2529 ‘aut
1841 2477 1980 2530 intra
2014 2495 2102 2534 sa-

539 2561 758 2604 crarum
799 2552 1085 2609 domorum
1119 2570 1293 2627 septa,
1344 2563 1439 2615 sed
1476 2565 1672 2620 alicubi
1702 2577 1856 2622 extra
1891 2571 2099 2640 epulari

533 2640 688 2708 jubet
716 2659 731 2696 :
761 2647 1049 2702 accubitus
1079 2650 1244 2703 etiam
1271 2652 1439 2706 sterni
1472 2663 1639 2708 vetat.
1669 2657 1764 2713 Est
1793 2671 1970 2714 autem
2007 2679 2100 2718 ac-

533 2729 754 2798 cubitus
782 2730 976 2788 Latina
1005 2751 1103 2791 vox
1140 2754 1155 2792 :
1205 2738 1347 2794 Idem
1401 2744 1545 2796 enim
1569 2744 1777 2801 Latinis
1813 2754 2098 2820 accumbo,

532 2821 678 2887 quod
718 2824 1032 2881 ἀναπίπτω.
1065 2827 1245 2885 Strata
1279 2848 1409 2888 vero
1437 2834 1600 2891 altius
1626 2841 1857 2906 excitata
1887 2845 2100 2900 mollio-

533 2925 720 2979 raque,
755 2931 874 2986 quae
905 2918 1225 2976 deliciarum
1259 2925 1574 2996 inertiaeque
1604 2941 1770 2998 sunt,
1805 2933 2096 3004 signiﬁcat.

755 2983 758 2986 .
1395 2982 1402 2988 .
1489 2982 1498 2996 ,
1754 2982 1770 2998 ,
1805 2982 2096 3004 --σω-ν--.

448 2982 486 3012 “’
534 3002 800 3062 Dominici
830 3024 990 3078 porro
1016 3027 1211 3067 nomen
1250 3031 1346 3084 pro
1373 3019 1602 3075 ecclesia
1630 3025 1831 3091 passim
1856 3041 2097 3083 canones

537 3111 834 3166 usurpasse
878 3104 1138 3172 reperias.
1175 3105 1273 3162 llic
1322 3119 1502 3166 autem
1535 3128 1710 3168 canon
1756 3116 1912 3172 solus
1960 3120 2168 3202 interc

527 3189 814 3244 ecclesiam
832 3202 994 3261 atque
1013 3194 1353 3254 Doniiuicum
1383 3202 1524 3258 forte
1546 3205 1879 3262 discrimims
1895 3215 2096 3281 aliquid

527 3281 740 3335 statuit.
775 3280 1103 3340 Particulam
1138 3304 1288 3353 vero,
1323 3293 1448 3351 Aut.
1487 3309 1594 3348 non
1626 3297 1823 3353 habere
1855 3300 1954 3354 hoc
1982 3280 2097 3360 loco

527 3369 872 3441 disjungendi
897 3378 1024 3442 vim,
1055 3382 1148 3433 sed
1171 3383 1549 3447 explicationis
1572 3389 1765 3456 gratia,
1799 3407 1916 3460 pro,
1948 3394 2091 3460 Sive,

530 3459 762 3524 positam
793 3477 912 3518 esse
943 3466 1198 3522 arbitror.
1242 3469 1523 3539 Siquidem
1561 3477 1612 3529 in
1658 3482 1832 3536 sacris
1877 3499 2094 3553 quoque

529 3546 708 3606 Libris
736 3556 1074 3622 particulam,
1095 3560 1304 3625 Et,uou
1331 3569 1657 3636 copulative,
1686 3574 1776 3626 sed
1801 3579 2094 3633 causaliter

527 3655 625 3710 pro
655 3659 804 3706 voce.
844 3645 1024 3710 Enim,
1060 3651 1372 3711 invenimus
1417 3673 1753 3728 usurpatam.
1806 3664 1877 3720 Ut
1926 3670 1974 3721 in
2023 3671 2090 3726 iis

509 3735 729 3800 "verbis,
759 3736 944 3794 Gloria
973 3742 1028 3795 in
1059 3745 1277 3800 excelsis
1312 3748 1444 3814 Deo,
1475 3761 1524 3804 et
1571 3753 1624 3806 in
1671 3766 1810 3809 terra
1854 3773 1960 3821 pax
1989 3761 2030 3793 ¹⁰
2072 3780 2086 3816 :

522 3840 746 3881 causam
805 3831 1005 3886 divina:
1056 3838 1244 3903 gloriae
1293 3843 1738 3902 concelebrandas
1799 3837 2087 3921 Scriptura

521 3916 794 3984 explicat,
841 3930 1028 3989 pacem
1075 3929 1239 3981 terris
1272 3931 1654 4001 conciliatam;
1690 3945 1748 3989 ut
1789 3954 1888 4005 pro
1931 3959 2082 4011 voce,

520 4006 700 4074 Enim,
735 4014 1025 4081 particula,
1056 4017 1141 4081 Et,
1173 4020 1244 4074 sit
1277 4025 1609 4092 recipienda.
1641 4028 1807 4084 David
1843 4006 2080 4104 quoque,

521 4095 601 4149 Ita
628 4099 773 4153 nobis
802 4103 1082 4168 auxilium,
1103 4106 1198 4172 ait,
1226 4108 1289 4162 de
1313 4112 1673 4175 tribulatione.
1700 4127 1749 4171 et
1771 4095 1902 4174 vana
1937 4095 2082 4180 salus

517 4184 741 4243 hominis
772 4190 834 4243 ¹¹.
873 4190 950 4246 Tu
981 4232 996 4255 ,
1041 4194 1237 4264 inquit,
1275 4201 1542 4256 auxiliare
1569 4245 1583 4264 ,
1617 4205 1899 4264 hominum
1933 4216 2080 4268 enim

517 4277 830 4346 adjumeuta
862 4284 928 4336 ad
958 4286 1191 4341 salutem
1237 4289 1419 4344 inania
1469 4305 1630 4364 atque
1672 4298 1822 4354 irrita
1852 4313 1982 4356 sunt
2009 4307 2070 4360 ¹¹.

518 4366 664 4423 Libri
693 4387 933 4442 quoque.
981 4378 1178 4444 quibus
1210 4380 1387 4450 legum
1424 4388 1738 4444 sanctiones
1774 4395 2067 4449 continen-

2227 544 2402 597 ἄλλων
2455 549 2748 617 Κυριακῶν
2780 551 2978 608 τόπων.

2297 811 2541 865 ΖΩΝΑΡ.
2584 814 2635 865 Ἀ
2649 817 2834 883 ρχαῖον
2868 815 2986 878 ἔθος
3011 813 3156 887 ἦντὸ
3187 821 3325 888 μετὰ
3354 824 3456 888 τὴν
3505 828 3800 881 κοινωνίαν

2219 901 2328 953 τῶν
2357 903 2516 955 θείων
2566 907 2882 975 μυστηρίων
2939 909 3185 964 συσσίτια
3230 913 3477 980 γίνεσθαι
3536 921 3629 970 καὶ
3656 936 3798 988 συμ-

2221 993 2384 1048 πόσια
2434 996 2538 1048 τῶν
2589 997 2858 1050 πλουσίων
2911 1002 3291 1069 χορηγούντων
3348 1007 3416 1057 τι
3468 1007 3738 1078 βριῖιματα
3775 1053 3794 1074 ,

2220 1087 2712 1155 προσκαλουμένων
2742 1092 2799 1143 δὲ
2831 1093 2924 1144 καὶ
2957 1096 3083 1156 τοὺς
3115 1098 3494 1168 πενεστέρους.
3530 1097 3604 1155 Οὗ
3638 1105 3734 1156 καὶ
3766 1110 3796 1158 6

2221 1178 2391 1245 μέγας
2428 1180 2631 1242 Παῦλος
2663 1184 2720 1234 ἐν
2748 1188 2812 1254 τῇ
2844 1187 2981 1252 πρδς
3009 1189 3326 1252 Κορινθίους
3369 1192 3656 1263 Ἐπιστοὶῇ
3685 1198 3795 1270 ,μέ-

2219 1286 2440 1337 μνηται,
2473 1274 2822 1341 μεμφόμενος
2852 1276 3055 1339 αὐτοῖς,
3089 1280 3169 1330 ὅτι
3203 1280 3308 1349 ίδίᾳ
3344 1282 3529 1349 ἢσθιον
3555 1284 3625 1350 μδρ
3656 1287 3791 1339 ἁνα-

2218 1360 2468 1428 μένοντες
2489 1365 2727 1429 καὶτοὺς
2747 1367 2959 1432 ἄλλους,
2996 1371 3092 1422 καὶ
3123 1372 3361 1438 ἐπάγων·
3392 1374 3684 1442 Ἕκαστος
3719 1382 3784 1431 τὸ

2215 1451 2372 1505 ἴδιον
2397 1453 2648 1508 δεῖπνον
2669 1459 3116 1528 προσλαμϐάνει
3139 1463 3210 1515 ἐν
3237 1463 3313 1527 τῷ
3333 1467 3568 1533 φαγεῖν,
3595 1470 3691 1520 καὶ
3718 1470 3787 1535 ὃς

2207 1544 2325 1613 μὲν
2344 1547 2540 1616 πεινᾷ,
2561 1549 2628 1614 ὃς
2649 1551 2715 1604 δὲ
2727 1555 2950 1621 μεθύει.
2975 1555 3071 1620 Μὴ
3113 1557 3226 1624 γὰρ
3247 1559 3437 1624 οἰκίας
3462 1563 3576 1613 οὐκ
3616 1562 3788 1630 ἔχετε

2211 1639 2297 1702 εις
2341 1639 2403 1692 τὸ
2431 1641 2657 1696 ἐσθίειν
2686 1647 2782 1696 καὶ
2813 1647 3029 1712 πίνειν,
3050 1646 3087 1714 ἢ
3141 1649 3253 1715 τῆς
3306 1650 3640 1719 ἐκκλησίας
3673 1657 3784 1709 τοῦ

2214 1729 2360 1782 Θεοῦ
2392 1734 2835 1800 καταφρονεῖτε,
2900 1737 2999 1789 καὶ
3052 1741 3484 1807 καταισχύνετε
3527 1744 3668 1808 τοὺς
3697 1747 3781 1814 μὴ

2208 1823 2507 1889 ἔχοντας-ς
2546 1827 2715 1879 Τοῦτο
2760 1825 2854 1880 οὖν
2885 1829 2945 1882 τὸ
2971 1831 3079 1882 τῶν
3113 1833 3430 1900 συμποσίων
3457 1834 3597 1901 ἔθος,
3629 1836 3656 1888 ὃ
3689 1839 3785 1891 καὶ

2209 1917 2434 1986 ἀγάπην
2492 1919 2750 1972 ἐκάλεσεν
2779 1922 2806 1973 6
2834 1922 3036 1986 κανὼν,
3100 1923 3190 1976 διὰ
3216 1924 3275 1975 τὸ
3309 1924 3366 1988 ἐξ
3391 1928 3607 1995 ἀγάπης
3639 1931 3785 1994 γίνε-

2210 2007 2356 2071 σθαι,
2387 2008 2419 2077 ἦ
2454 2009 2529 2073 ὡς
2586 2011 2808 2081 ἀγάπης
2844 2016 3168 2068 συστατικὸν
3196 2016 3277 2084 (τὸ
3333 2019 3440 2084 γὰρ
3479 2022 3784 2074 συνεσθίειν

2207 2099 2284 2161 εἰς
2317 2100 2537 2168 ἀγάπην
2561 2103 2661 2173 τὴν
2694 2104 2831 2172 πρὸς
2861 2103 3126 2174 ἀλλήλους
3151 2107 3274 2175 ἄγει
3304 2110 3430 2172 τοὺς
3466 2113 3779 2166 συνεσθίον-

2205 2194 2324 2259 τας)
2387 2195 2444 2245 ἐν
2500 2195 2820 2262 ἐκκλησίαις
2860 2196 3084 2267 ὕστερον
3135 2201 3420 2268 γινόμενον
3480 2203 3629 2257 ἔνδον
3672 2207 3782 2258 τῶν

2205 2284 2366 2338 θείων
2390 2288 2580 2356 ναῶνῆ
2614 2288 2719 2340 τῶν
2775 2293 3302 2359 προτεμενισμάτων
3344 2293 3638 2348 ἐσθιόντων
3664 2299 3776 2349 τῶν

2207 2381 2616 2448 συνερχομένων
2644 2383 2724 2443 εἰς
2753 2382 2812 2434 τὸ
2833 2385 3026 2450 φαγεῖν
3058 2387 3298 2439 αἰτιᾶται
3328 2388 3354 2439 6
3391 2388 3570 2439 κανὼν
3599 2383 3778 2453 οὗτος.

2204 2473 2295 2522 καὶ
2335 2471 2547 2523 κελεύει
2606 2471 2680 2542 μὴ
2715 2473 2773 2524 ἐν
2816 2477 2936 2536 ταῖς
2981 2473 3298 2544 ἐκκλησίαις
3357 2477 3528 2530 ταῦτα
3578 2485 3776 2539 ποιεῖν,

2204 2559 2299 2611 καὶ
2328 2561 2476 2622 ἐντὸς
2515 2559 2624 2612 τῶν
2674 2561 2833 2614 θείων
2866 2562 3030 2616 οἴκων
3086 2564 3310 2627 ἐσθίειν,
3346 2567 3459 2617 ἀλλ’
3487 2568 3596 2632 ἔξω
3625 2587 3730 2621 που
3757 2586 3779 2604 ο

2205 2650 2339 2718 μηδέ
2370 2651 2627 2704 ἀκούϐιτσ
2695 2653 3047 2722 στρωννύειν.
3092 2655 3155 2707 Ἥ
3180 2657 3235 2708 δὲ
3285 2658 3432 2723 λέξις
3462 2660 3569 2712 τῶν
3602 2663 3772 2715 ἀκου-

2209 2743 2374 2794 6ίτων
2403 2743 2511 2795 τῶν
2535 2743 2782 2796 Λατίνων
2817 2745 2980 2799 ἐστίν.
3017 2746 3303 2812 Ἀκούμϐω
3337 2749 3446 2819 γὰρ
3477 2751 3777 2819 παρὰῬωο

2202 2837 2380 2904 μαίοις
2418 2836 2478 2888 τὸ
2506 2837 2816 2890 ἀναπίπτω.
2871 2839 3132 2906 Σημαίνει
3165 2839 3221 2891 δὲ
3256 2842 3551 2909 στρωμνὰς
3600 2845 3775 2913 ἠρμέ-

2198 2944 2294 2990 νας
2321 2929 2399 2990 εἰς
2427 2927 2560 2996 ὕψος
2619 2931 2713 2980 καὶ
2769 2929 3038 2997 μαλακάς.
3100 2924 3268 2983 Αὗται
3329 2931 3384 2983 δὲ
3439 2935 3649 3003 τρυφῆς
3682 2939 3776 2988 καὶ

2199 3020 2456 3089 βλακείας
2481 3019 2608 3074 εἰσί.
2667 3021 2942 3090 Πολλαχοῦ
2969 3021 3026 3074 δὲ
3062 3022 3121 3074 τὸ
3145 3021 3239 3075 τοῦ
3288 3024 3568 3094 Κυριακοῦ
3601 3025 3776 3096 ὄνομα

2199 3112 2426 3178 εὕρηται
2452 3115 2508 3166 ἐν
2529 3115 2644 3176 τοῖς
2674 3118 2897 3166 κανόσιν
2932 3115 3025 3165 ἐπὶ
3047 3114 3146 3181 τῆς
3195 3115 3495 3184 ἐκκλησίας
3545 3117 3769 3186 λαμϐα-

2198 3203 2443 3272 νόμενον.
2500 3204 2675 3266 Μόνος
2696 3204 2789 3256 δ¹ό
2836 3203 3015 3258 κανὼν
3068 3198 3220 3267 οὗτος
3273 3206 3574 3260 διαστέλλει
3627 3211 3775 3281 τάχα

2197 3293 2295 3364 τὴν
2326 3295 2620 3365 ἐκκλησίαν
2657 3298 2748 3349 καὶ
2779 3297 2838 3348 τὸ
2872 3298 3166 3367 Κυριακόν.
3201 3296 3370 3368 Οἶμαι
3403 3299 3458 3353 δὲ
3487 3303 3546 3354 τὸ
3584 3304 3659 3356 Ἢ
3687 3307 3775 3357 ἐν-

2194 3387 2367 3440 ταῦθα
2405 3389 2477 3457 μὴ
2516 3388 2906 3452 διαζευκτικῶς
2967 3390 3200 3453 κεῖσθαι,
3233 3392 3348 3445 ἀλλ’
3409 3393 3485 3456 ὡς
3517 3397 3770 3467 ἐξερμη-

2196 3480 2460 3541 νευτικὸν,
2482 3482 2576 3533 καὶ
2607 3482 2726 3535 ἀντὶ
2751 3480 2846 3533 τοῦ
2884 3483 3063 3535 Ἤτοι.
3090 3484 3426 3553 Εὑρίσκομεν
3456 3486 3564 3555 γὰρ
3590 3489 3685 3539 καὶ
3707 3491 3769 3540 ἐν

2191 3571 2256 3638 τῇ
2288 3569 2404 3638 θείᾳ
2439 3569 2625 3639 Γραφῇ
2656 3570 2714 3622 τὸ
2746 3571 2854 3622 Καὶ
2891 3572 2966 3641 μὴ
2993 3572 3066 3634 ὡς
3101 3573 3396 3644 σύνδεσμον
3428 3577 3774 3645 συμπλεκτι-

2191 3659 2285 3708 κίν
2331 3658 2912 3728 παραλαμϐανόμενον,
2967 3661 3083 3713 ιίιλλ⁹
3127 3661 3202 3724 ὡς
3255 3665 3634 3731 αἰτιολογικὸν,
3674 3673 3775 3721 καὶ

2191 3749 2313 3801 ἀντὶ
2343 3749 2438 3801 τοῦ
2472 3749 2586 3820 Γὰρ
2636 3750 2925 3819 δεχόμενον
2951 3768 2962 3780 ·
2985 3751 3060 3815 ὡς
3105 3753 3233 3805 ὅταν
3296 3756 3460 3826 λέγῃ·
3518 3759 3675 3821 Δόξα
3699 3761 3776 3813 ἐν

2187 3841 2473 3908 ὑψίστοις
2521 3838 2662 3907 Θεῷ,
2721 3845 2818 3896 καὶ
2878 3844 2973 3897 ἐπὶ
3027 3843 3136 3914 τῆς
3170 3847 3416 3915 εὶρήνη·
3464 3852 3644 3904 αἰτίαν
3669 3855 3776 3905 τοῦ

2185 3923 2505 3998 δοξάζεσθαὶ
2529 3935 2620 3988 τὸν
2679 3935 2811 3988 Θεὸν
2869 3937 3113 4005 τιθείσης
3156 3939 3256 4008 τῆς
3287 3940 3529 4010 Γραφῆς,
3559 3945 3641 3996 δτι
3672 3947 3776 3998 ἐπὶ

2185 4025 2287 4092 γῆς
2308 4025 2523 4095 εἰρήνη,
2552 4025 2645 4078 τοῦ
2680 4027 2790 4080 Καὶ
2819 4027 2940 4078 ἀντὶ
3003 4028 3095 4079 τοῦ
3131 4029 3244 4098 Γὰρ
3270 4031 3538 4094 τεθέντος.
3574 4036 3682 4087 Καὶ
3737 4039 3770 4088 6

2185 4117 2347 4170 Δαϐὶδ
2368 4117 2424 4170 δέ
2470 4133 2640 4187 φησι·
2699 4119 2811 4182 Δὸς
2851 4119 2996 4187 ἡμῖν
3043 4120 3336 4184 βοήθειαν
3372 4122 3440 4174 ἐκ
3475 4126 3769 4192 θλίψεως,

2183 4209 2278 4260 καὶ
2313 4208 2533 4276 ματαία
2579 4211 2844 4275 σωτηρία
2897 4209 3236 4278 ἀνθρώπουο
3267 4212 3358 4275 Σὺ,
3395 4213 3590 4280 λέγων,
3627 4215 3766 4287 βοή-

2182 4299 2262 4350 θει
2284 4316 2299 4332 ο
2333 4301 2493 4368 ἡγὰρ
2516 4302 2828 4371 ἀνθρωπίνη
2863 4303 3108 4370 σωτηρία
3157 4304 3366 4370 ματαία
3399 4307 3493 4357 καὶ
3539 4308 3764 4372 avaras—

2179 4387 2296 4458 λής.
2346 4391 2456 4442 Καὶ
2487 4391 2542 4440 ἐν
2575 4393 2693 4451 ταῖς
2726 4394 2972 4460 νομικαῖ;
3005 4392 3062 4444 δὲ
3097 4392 3300 4462 βίϐλοις
3359 4394 3590 4466 εὕρηται
3618 4400 3761 4450 πολ-

515 4467 625 4524 tur,
679 4462 1062 4532 disjunclivam
1124 4470 1561 4539 conjunctiouem
1608 4495 1714 4548 pro
1765 4488 2074 4554 copulativa

2196 4480 2338 4540 ιάκις
2367 4481 2392 4529 ὁ
2420 4478 2800 4543 διαζευκτικδς
2823 4482 3120 4550 σύνδεσμος
3153 4485 3276 4536 ἀντὶ
3334 4489 3752 4556 συμπλεκτικοῦ

515 4565 620 4604 non
659 4569 782 4606 raro
803 4554 1084 4612 adhibent.
1113 4559 1204 4616 Sic
1239 4564 1376 4620 libro
1401 4571 1817 4642 quadragesimo
1843 4590 2066 4646 quarto,

511 4642 670 4695 titulo
707 4646 890 4711 tertio,
930 4648 988 4704 Si
1014 4653 1136 4720 quis
1171 4657 1472 4725 scripserit,
1511 4661 1606 4717 ilic
1649 4666 1728 4718 vel
1776 4668 1866 4723 ille
1896 4687 2072 4728 meus

515 4733 692 4789 haeres
721 4745 858 4802 esto,
889 4751 983 4794 aut
1011 4743 1162 4799 llunc
1189 4749 1268 4800 vel
1297 4749 1446 4804 illuni
1481 4756 1885 4823 manumittam;
1915 4761 2070 4826 illud,

518 4821 635 4890 Vel,
679 4831 1022 4894 conjunctive
1085 4854 1204 4907 pro,
1251 4841 1339 4905 Et,
1367 4844 1535 4914 accipi
1569 4848 1805 4904 voluere.
1841 4851 1903 4904 Et
1930 4854 2074 4922 ejus-

515 4918 638 4972 dem
680 4921 800 4976 libri
830 4925 988 4980 tittth
1027 4932 1240 4987 decimo
1265 4935 1458 5003 quinto
1491 4954 1505 4990 :
1540 4938 1595 4992 Si
1632 4941 1879 5010 legavero
1913 4948 2071 5002 uxori

515 5025 648 5064 mea:
676 5027 1019 5082 ornamenta,
1047 5023 1131 5076 vel
1166 5040 1509 5096 qua-cunque
1554 5029 1670 5096 ejus
1694 5036 1866 5102 gratia
1917 5052 2069 5091 com-

510 5105 733 5170 paravi,
799 5110 864 5160 ad
896 5125 1015 5164 eam
1066 5113 1247 5169 omnia
1304 5116 1420 5188 lege
1472 5121 1793 5187 perveniunt
1843 5143 1856 5180 :
1907 5127 2095 5206 245⁴

504 5195 916 5266 conjunctione,
960 5199 1076 5268 Vel,
1107 5221 1225 5275 pro,
1271 5207 1357 5274 Et,
1402 5211 1694 5268 intellecta.
1725 5214 1789 5270 Et
1831 5195 2076 5276 secundo

507 5288 667 5342 titulo
703 5294 930 5348 secundi
960 5295 1104 5359 libri.
1140 5300 1232 5366 qui
1259 5299 1326 5354 de
1360 5302 1649 5358 verborum
1679 5307 2077 5376 signiﬁcatione

505 5378 849 5446 inscribitur,
897 5388 1075 5456 capite
1105 5390 1557 5464 quinquagesimo
1593 5397 1752 5453 tertio
1788 5415 1806 5454 :
1835 5399 2077 5470 Conjun-

506 5474 662 5528 ctiva‘.
691 5478 967 5544 particulae
997 5483 1346 5551 quandoque,
1393 5486 1590 5554 inquit,
1642 5505 1740 5558 pro
1784 5492 2075 5556 disiuncti-

509 5567 612 5629 vis,
648 5580 712 5620 ac
746 5569 982 5624 vicissim
1033 5573 1116 5628 lue
1152 5590 1247 5642 pro
1300 5577 1404 5632 illis
1455 5593 1815 5650 usurpautur.
1872 5583 2069 5640 Eodem

2180 4571 2762 4640 παραλαμϐανόμενος.
2831 4573 2968 4642 Φησὶ
3016 4575 3122 4646 γὰρ
3181 4575 3384 4644 βιϐλίον
3439 4577 3518 4647 μδ⁹
3577 4581 3764 4644 "sitio;

2183 4661 2232 4731 γ’
2255 4679 2270 4694 ο
2319 4664 2445 4717 Ἐάν
2502 4680 2587 4727 τις
2645 4665 2849 4737 γράψῃ,
2903 4666 2959 4719 '0
2995 4668 3194 4739 δεῖναῆ
3228 4673 3254 4722 6
3287 4670 3434 4724 δεῖνα
3471 4673 3610 4725 ἔστω
3649 4691 3760 4742 μου

2180 4756 2532 4827 κληρονόμος,
2583 4757 2614 4827 ἢ
2643 4757 2792 4810 τόνδε
2819 4758 2849 4824 ἢ
2900 4759 3049 4812 τόνδε
3079 4761 3370 4830 ἐλευθερῶ,
3403 4764 3546 4829 ἔδοξε
3579 4766 3638 4816 τὸ
3688 4767 3760 4820 Ἢ

2179 4847 2300 4901 ἀντὶ
2325 4847 2418 4900 τοῦ
2476 4849 2588 4901 Καὶ
2631 4848 2884 4919 δεχθῆναι
2943 4852 3376 4921 συμπλεκτικοῦ.
3440 4855 3549 4907 Καὶ
3570 4856 3759 4919 τίτλος

2183 4944 2243 4990 ιε’
2286 4939 2379 4991 τοῦ
2412 4940 2575 4992 αὐτοῦ
2626 4938 2830 5007 βιϐλίου
2871 4943 3069 5010 φησίν·
3143 4943 3268 4994 Ἐὰν
3325 4944 3647 5012 ληγατεύσω
3685 4951 3754 5018 τῇ

2177 5023 2394 5097 γυναικί
2426 5047 2526 5098 μου
2550 5030 2772 5100 κόσμια,
2799 5032 2832 5100 ἦ
2875 5033 2974 5085 ὅσα
3003 5033 3163 5104 χάριν
3214 5035 3386 5104 αὐτῆς
3413 5037 3754 5106 ηὐτρέπικα,

2176 5123 2352 5174 πάντα
2383 5121 2678 5190 λαμϐάνει·
2738 5124 2828 5175 τοῦ
2867 5125 2940 5176 Ἢ
2979 5126 3302 5193 συνδέσμου,
3343 5129 3462 5180 ἀντὶ
3515 5128 3609 5180 τοῦ
3640 5130 3756 5182 Καὶ

2181 5213 2766 5285 παραλαμϐανομένων.
2817 5216 2923 5267 Καὶ
2973 5218 3000 5268 6
3027 5216 3276 5285 δεύτερος
3317 5217 3373 5270 δέ
3432 5219 3609 5279 τίτλος
3650 5220 3752 5273 τοῦ

2179 5306 2440 5378 δευτέρου
2505 5306 2738 5376 βιϐλίου,
2771 5307 2828 5370 ὃς
2860 5308 2990 5376 περὶ
3040 5310 3302 5377 ῥημάτων
3333 5312 3749 5378 ἐπιγέγραπται

2179 5399 2473 5470 σημασίας,
2504 5401 2561 5450 ἐν
2617 5398 2903 5467 κεφαλαίῳ
2938 5405 3004 5466 ιγ’
3034 5401 3230 5470 φησίν·
3297 5402 3355 5453 ’0
3405 5403 3750 5470 συμπλεκτι-

2176 5491 2267 5550 κὸς
2333 5493 2424 5542 καὶ
2481 5492 2507 5542 ὁ
2560 5489 2938 5553 διαζευκτικός
3005 5490 3116 5543 ἔσθ’
3171 5494 3260 5546 ὅτε
3305 5495 3428 5546 ἀντὶ
3499 5494 3748 5563 ἀλλήλων

2175 5582 2713 5651 παραλαμϐάνονται.
2747 5579 2937 5644 Οὕτως
2994 5583 3204 5639 ἐοίκασι
3259 5587 3351 5640 καὶ
3381 5586 3431 5638 οἱ
3469 5587 3573 5656 τῆς
3618 5603 3752 5640 ουν*

580 5740 602 5774 ³
635 5741 654 5796 l
688 5745 815 5802 Cor.
852 5765 930 5815 tu,
954 5749 1044 5815 2|,
1070 5752 1161 5808 9.2.
1227 5757 1268 5789 ¹⁰
1293 5755 1425 5812 Luc.
1455 5775 1513 5826 ll,
1543 5762 1625 5817 li.
1691 5763 1727 5792 ¹¹
1766 5761 1902 5817 Psal.
1934 5780 2041 5830 tax,
2083 5764 2162 5820 15.
2194 5821 2214 5827 _,
2245 5767 2284 5797 "
2325 5765 2465 5822 Psal.
2497 5786 2655 5836 xxxv,
2694 5771 2747 5825 7.
