4062 6428
233 314 350 376 769
366 399 377 411 .

1229 304 1308 364 IN
1334 301 1494 364 CAN.
1530 301 1734 362 LXXV
1765 299 1975 358 CONC.
2021 300 2096 359 IN
2137 299 2468 360 TRULLO.

3364 301 3500 362 ι’Πθ

237 409 375 477 οοού
402 421 600 490 ταύτης
630 419 872 489 Πατέρες
902 415 978 487 τῷ
1013 417 1083 468 Ἦ
1119 415 1352 470 ἐνταῦθα
1395 417 1514 468 ἀντὶ
1546 415 1639 468 τού
1676 415 1829 467 Ἤτοι

1938 410 2098 462 modo
2128 410 2288 481 igitur
2316 412 2383 465 ab
2411 409 2575 480 hujus
2603 425 2820 480 quoque
2851 410 3042 481 synodi
3087 411 3340 468 Patribus
3374 433 3501 482 par-

241 512 582 586 χρήσασθαι.

242 687 471 742 ΑΡΙΣΤ.
501 708 520 742 ι
543 688 776 757 ’Δγάπαι
806 689 864 742 ὲν
891 689 1002 752 τοῖς
1023 689 1317 758 Κυριακοῖς
1339 687 1370 758 ἢ
1402 688 1458 739 ὲν
1484 689 1601 749 ταῖς
1630 687 1825 754 ἐκκλη-

327 803 344 833 ι
389 785 534 845 σίαις
563 783 622 835 οὐ
651 781 946 843 τελοῦνται,
972 779 1092 834 οὐδὲ
1125 781 1387 834 ἀκούὸιτα
1419 781 1784 852 στρώννυνται
1805 795 1821 811 ⁸

331 894 350 926 ι
393 875 507 927 ἀλλ’
540 876 588 926 οἱ
626 876 699 945 μὴ
731 873 1027 942 παυόμενοι
1056 872 1422 944 ἀφορίζονται.

323 969 399 1021 Οὐ
423 968 532 1021 δεῖν
561 970 650 1020 τον
677 965 770 1018 τοῦ
801 966 935 1018 Θεοῦ
967 962 1114 1018 οἷκον
1156 966 1334 1018 κοινὸν
1366 966 1614 1034 ἡγεῖσθαι
1647 960 1820 1030 οἷκον,

246 1063 348 1114 καὶ
375 1063 429 1112 ἐν
475 1059 623 1127 αὐτῷ
651 1060 749 1121 τὰς
784 1058 1084 1126 λεγομένας
1128 1057 1349 1125 ἁγάπας
1387 1057 1679 1119 τελεῖσθαι,
1729 1066 1821 1112 και

244 1137 404 1205 ἔνδον
437 1151 662 1212 ἐσθίειν,
697 1151 729 1219 ἢ
769 1150 1098 1219 στριυννύειν
1125 1149 1408 1202 ἀκούϐιτα.
1442 1149 1544 1202 Τὸν
1578 1150 1635 1202 δὲ
1667 1148 1824 1202 τοῦτο

243 1246 427 1296 ποιεῖν
453 1243 756 1314 τολμῶντα,
789 1245 837 1296 εί
872 1245 947 1314 μὴ
977 1243 1224 1307 παύοιτο,
1263 1245 1648 1314 ἀφορίζεσθαι.

852 1421 1092 1475 ΚᾹΝΩΝ
1120 1419 1218 1473 OE'

252 1530 276 1565 ι
325 1511 574 1575 Τοὺςὲπὶ
604 1515 663 1568 τὸ
691 1514 912 1584 ψάλλειν
943 1517 1001 1567 ὲν
1038 1516 1156 1576 ταῖς
1186 1507 1498 1583 ἐκκλησίαις
1529 1527 1827 1583 παραγινο-

333 1625 351 1656 ι
406 1607 600 1674 μένους
629 1606 951 1676 βουλόμεθα,
992 1607 1130 1677 μήτε
1159 1606 1308 1676 βοαῖς
1329 1607 1588 1668 ἀτάκτοις
1617 1607 1822 1677 κεχρῆυ·

329 1717 348 1751 ι
397 1701 522 1753 σθαι
549 1701 644 1752 καλ.
667 1701 766 1770 τὴν
800 1698 962 1768 φύσιν
996 1701 1131 1769 πρὸς
1163 1699 1412 1769 κραυγὴν
1444 1699 1821 1764 ἐκϐιάζεσθαι,

329 1811 346 1841 ι
399 1793 534 1860 μήτε
564 1807 615 1843 τι
646 1788 920 1857 ἐπιλέγειν
968 1789 1073 1840 τῶν
1114 1789 1188 1859 μὴ
1229 1792 1294 1859 τῇ
1337 1789 1603 1859 ἐκκλησία
1650 1790 1823 1858 ἁρμο-

334 1905 350 1935 ‹
396 1883 524 1937 δίων
555 1902 611 1937 τε
642 1885 737 1937 καὶ
766 1884 982 1937 οἰκείων
1005 1900 1018 1915 ·
1065 1885 1203 1938 ἀλλὰ
1235 1887 1372 1955 μετά
1401 1885 1602 1954 πολλῆς
1653 1902 1825 1954 προσ-

330 1996 347 2027 (
393 1978 524 2045 οχῆς
552 1978 644 2029 καὶ
669 1977 1014 2041 κατανύξεως
1037 1977 1135 2039 τὰς
1169 1977 1487 2048 ψαλμῳδίας
1528 1978 1824 2048 προσάγειν

330 2086 347 2116 ι
396 2065 474 2135 τῷ
508 2065 618 2118 τῶν
670 2052 933 2136 κρυπτῶν
979 2068 1159 2137 ὲφόρῳ
1208 2067 1346 2137 Θεῷ.
1409 2067 1670 2129 Εὐλαεεῖς
1712 2068 1821 2137 γὰρ

307 2177 346 2207 ο(
397 2158 617 2209 ἔσεσθαι
649 2160 775 2221 τοὺς
807 2158 956 2223 υἱοὺς
997 2157 1214 2229 Ἰσαρὴλ
1237 2159 1296 2211 τὸ
1324 2157 1467 2230 ἱερὸν
1502 2157 1707 2224 ἐδίδαξε
1730 2158 1818 2210 λό-

330 2269 347 2298 ι
399 2265 515 2315 γιον
539 2247 671 2316 tet).
709 2265 726 2298 ι

323 2341 520 2393 ΒΛΛΣ.
563 2342 625 2391 Αἱ
659 2338 750 2391 τοῦ
790 2337 925 2391 Θεοῦ
965 2337 1253 2406 ἐκκλησίαι
1322 2332 1461 2389 οἴκοι
1504 2338 1825 2408 προσευχῶν

246 2431 540 2498 λέγονταιο
591 2430 711 2481 ὅθεν
759 2431 853 2481 καὶ
898 2429 947 2481 oi
997 2429 1426 2498 προσευχόμενοι
1481 2429 1824 2498 παρακαλεῖν

243 2526 344 2578 τὶν
377 2523 508 2576 Θεὸν
541 2523 814 2588 ὀφείλουσι
846 2522 991 2590 μετὰ·
1015 2521 1266 2590 δακρύων
1295 2524 1391 2574 καὶ
1416 2520 1821 2588 ταπεινώσεως,

248 2619 315 2670 οὐ
350 2619 456 2686 μὴν
496 2615 630 2685 μετά
662 2615 898 2668 ἀτάκτου
926 2616 1021 2668 καὶ
1049 2614 1304 2677 ἀναιδοῦς
1339 2617 1637 2686 σχήματος.
1681 2618 1822 2670 Διω-

255 2708 480 2777 ρίσαντο
506 2703 598 2759 οὖν
618 2708 665 2758 οἱ
692 2706 956 2776 Πατέρες,
992 2706 1065 2774 μὴ
1091 2705 1338 2773 γίνεσθαι
1364 2707 1432 2759 τὰ
1455 2707 1576 2776 ίερά
1598 2707 1825 2778 ψαλμῷ-

251 2800 472 2866 δήματα
530 2798 618 2850 διὰ
655 2797 792 2866 βοῶν
845 2795 1097 2848 ἀτάκτων
1142 2797 1236 2847 καὶ
1288 2797 1696 2865 ἑπιτεταμένων
1730 2797 1824 2849 καὶ

254 2893 355 2958 τὴν
395 2886 556 2956 φύσιν
606 2885 1138 2956 παραϐιαζομὲνων·
1178 2886 1318 2954 μήτε
1373 2883 1470 2953 τὴν
1521 2885 1612 2938 διά
1663 2883 1824 2938 τινων

254 2979 637 3046 καλλιφωνιῶν
667 2979 950 3034 ἀνοικείων
981 2980 1046 3047 τῇ
1086 2978 1512 3047 ὲκκλησιαστικῇ
1550 2976 1825 3029 καταστά-

255 3089 340 3124 σει
377 3073 470 3124 καὶ
501 3069 818 3140 ἀκολουθίᾳ,
858 3064 947 3121 οἶά
984 3073 1089 3121 εἱσι
1131 3069 1198 3121 τὰ
1240 3068 1506 3138 θυμελικὰ
1539 3069 1698 3139 μέλη,
1731 3071 1826 3122 καλ⁹

251 3166 312 3220 αἱ
345 3164 600 3233 περιτταὶ
621 3161 884 3215 ποικιλίαι
908 3161 1016 3214 τῶν
1041 3161 1258 3228 φωνῶνο
1297 3161 1433 3214 ἀλλά
1466 3161 1604 3230 μετά
1627 3160 1827 3232 πολλῆς

258 3256 608 3329 κατανύξεως
671 3255 764 3308 καὶ
815 3255 1111 3325 θεαρὲστου
1164 3255 1368 3326 τρόπου
1424 3258 1722 3326 προσάγειν
1754 3257 1830 3326 τῷ

253 3350 376 3420 Θεῷ
416 3351 513 3412 τάς
543 3349 728 3418 εὐχὰς,
774 3348 852 3418 τῷ
883 3348 1136 3401 εἰδότιτά
1175 3349 1396 3416 κρυπτά
1435 3352 1544 3400 τῶν
1588 3351 1828 3421 καρδιῶν

257 3443 438 3514 ἡμῶν.
501 3441 686 3493 Ταῦτα
737 3441 793 3492 δὲ
858 3440 1333 3510 παρεκελεύσαντο
1388 3443 1695 3506 ἀκολούθως
1751 3443 1828 3512 τῷ

261 3534 610 3603 εὐαγγελικῷ
671 3534 842 3602 ῥητῷ,
897 3534 976 3602 τῷ
1010 3532 1365 3604 διοριζομένῳ
1405 3536 1480 3605 μὴ
1517 3537 1657 3588 κατά
1687 3537 1830 3590 ἐθνι-

261 3630 390 3688 κοὺς
424 3625 680 3695 εὔχεσθαι
707 3627 854 3694 ἡμᾶς
894 3626 1030 3694 μετὰ
1063 3625 1413 3694 βαττολογίας
1444 3630 1535 3680 καὶ
1558 3632 1826 3698 κραυγῆς,

261 3721 336 3781 ὡς
385 3719 669 3786 οἰομένους
720 3718 1140 3787 εἰσακουσθῆναι
1197 3720 1283 3771 διὰ
1335 3719 1435 3788 τὴν
1497 3721 1830 3787 πολυλογίαν

261 3811 441 3880 ἡμῶν,
474 3810 590 3862 ἀλλ’
636 3814 693 3862 ὲν
737 3811 814 3880 τῷ
841 3811 1070 3879 κρυπτῷ
1099 3814 1397 3878 προσάγειν
1420 3813 1509 3866 τὸν
1550 3813 1715 3882 ὕμνον
1754 3814 1831 3886 τῷ

262 3901 383 3968 Θεῴ
405 3917 417 3930 ·
449 3903 622 3952 ποιεῖν
648 3901 704 3952 δὲ
734 3901 829 3954 καὶ
859 3902 956 3963 τὰς
1000 3902 1246 3971 αἰτήσεις
1285 3903 1510 3972 ὁμοίως,
1552 3904 1638 3956 ῐνα
1681 3906 1775 3956 καὶ
1804 3907 1831 3957 ό

265 3990 457 4058 Πατὴρ
520 3991 678 4058 ἡμῶν
729 3994 757 4044 ό
817 3992 1028 4061 βλέπων
1077 3996 1134 4046 ἐν
1184 3994 1263 4063 τῷ
1299 3994 1544 4065 κρυπτῷ,
1577 3998 1830 4069 ἀποδώσῃ

265 4082 396 4150 ἡμῖν
435 4082 491 4132 ἐν
511 4081 588 4151 τῷ
620 4082 862 4153 φανερῷ.
901 4083 1055 4136 Ἐπεὶ
1081 4085 1158 4149 δὲ,
1187 4087 1339 4154 φασὶ,
1371 4090 1463 4140 καὶ
1485 4090 1512 4140 ό
1539 4089 1831 4148 Μωσαῖκὸς

265 4172 428 4239 νόμος
463 4169 617 4223 εἶπεν
640 4175 696 4224 ἐν
723 4172 800 4240 τῷ
822 4173 1094 4244 Λευῖτικῷ
1116 4192 1130 4206 ·
1169 4175 1433 4239 Εὑλαϐεῖς
1479 4180 1682 4230 ποιεῖτε
1707 4179 1830 4240 τοὺς

264 4261 412 4322 υἱοὺς
443 4259 683 4330 Ἰσραὴλ,
724 4263 926 4332 μᾶλλον
957 4264 1140 4333 ἡμεῖς,
1197 4266 1244 4316 οξ
1295 4267 1390 4318 τοῦ
1441 4269 1608 4333 νόμου
1637 4266 1826 4318 τούτου

264 4351 565 4418 δεξάμενον
602 4355 665 4403 τὸ
724 4351 1030 4423 πλήρωμα,
1090 4351 1378 4422 ὀφείλομεν
1445 4355 1828 4429 εύλαΰέστεροι

1925 499 2170 562 ticttlam,
2223 499 2337 563 Vel,
2389 516 2506 570 pro,
2561 499 2704 565 Sive,
2753 500 3050 555 adhibitam
3089 500 3258 561 fuisse
3309 506 3502 558 existi-

1926 593 2146 645 tuarim.

2000 684 2224 740 ARlST.
2265 705 2282 737 (
2310 686 2506 756 Agapa:
2526 685 2579 739 in
2599 684 2844 739 ccclesiis
2869 700 2974 738 non
3003 691 3128 739 sunt
3156 689 3498 755 peragendae,

1930 801 1947 833 ι
1983 797 2085 834 nec
2138 783 2420 834 accubitus
2476 779 2756 834 sternendi
2807 794 2822 829 :
2872 779 3168 847 quinetiam
3239 782 3333 850 qui
3393 799 3503 837 nun

1931 894 1948 927 ι
1987 873 2280 935 desistunt,
2315 882 2698 941 segregantur.

1995 964 2114 1017 Non
2171 974 2385 1033 Oportet
2445 964 2535 1017 Dei
2594 966 2815 1018 domum
2871 980 3217 1018 communem
3273 965 3493 1019 domum

1923 1056 2261 1118 existimare,
2289 1062 2343 1106 et
2381 1053 2433 1105 in
2475 1067 2538 1105 ca
2607 1069 2806 1122 agapas
2862 1054 3035 1108 dictas
3092 1070 3390 1124 peragere,
3449 1065 3503 1108 ct

1928 1149 2074 1202 intus
2098 1145 2403 1209 comedere,
2435 1155 2527 1198 aut
2565 1145 2848 1200 accubitus
2885 1153 3129 1199 sternere
3163 1164 3176 1199 :
3218 1147 3264 1200 is
3295 1155 3499 1211 autem,

1924 1243 2015 1309 qui
2075 1241 2175 1292 hoc
2233 1252 2403 1293 ausus
2453 1249 2536 1293 est
2576 1239 2754 1292 facere
2780 1279 2794 1303 ,
2827 1248 2883 1292 et
2916 1255 3023 1293 non
3052 1248 3273 1305 cessat,
3321 1255 3502 1310 segre-

1927 1341 2105 1401 gctur.

2469 1420 2697 1476 CANON
2734 1421 2945 1474 LXXV.

1932 1535 1950 1567 ι
1993 1516 2096 1571 Eos
2122 1560 2138 1583 ,
2180 1519 2272 1587 qui
2321 1519 2376 1570 itt
2427 1517 2674 1570 ecclesiis
2708 1517 2771 1568 utl
2805 1516 3145 1582 psall'mdtlm
3187 1517 3502 1582 accedunt,

2003 1625 2022 1658 ‹
2060 1609 2311 1662 volumus
2337 1647 2353 1672 ,
2387 1624 2486 1662 nec
2521 1608 2850 1661 inordinatis
2903 1608 3389 1664 vociferationibus
3423 1611 3502 1664 uti

2009 1719 2026 1750 ι
2065 1711 2118 1755 ct
2149 1713 2397 1756 naturam
2431 1702 2497 1755 ad
2537 1703 2831 1754 clamorem
2867 1717 3060 1769 urgere
3087 1741 3102 1765 ,
3148 1717 3246 1757 nec
3297 1703 3504 1773 aliquid

2007 1809 2025 1842 ι
2065 1807 2278 1855 eorum,
2305 1807 2424 1861 qua:
2458 1792 2702 1844 ecclesia:
2741 1807 2846 1844 non
2895 1793 3229 1846 conveniunt
3273 1803 3327 1848 et
3377 1805 3501 1864 apta

2008 1902 2026 1934 ι
2071 1899 2177 1936 ιιοιι
2211 1893 2358 1948 sunt,
2391 1883 2661 1937 asciscere
2712 1899 2728 1936 :
2770 1884 2862 1936 sed
2910 1899 3033 1935 cum
3084 1899 3278 1954 magna
3325 1896 3503 1940 atIeu-

2007 1995 2026 2028 (
2066 1976 2216 2030 tione
2267 1983 2320 2029 et
2378 1974 2796 2044 compunctione
2827 1975 3158 2044 psalmodias
3209 1976 3318 2030 Deo
3351 2017 3366 2041 ,
3411 1981 3501 2046 qui

2007 2088 2025 2120 ε
2063 2076 2146 2121 est
2174 2066 2514 2120 occultorum
2540 2065 2839 2135 inspector,
2881 2066 3097 2121 oll'erre.
3165 2066 3290 2122 Pios
3351 2085 3496 2122 ctum

2006 2179 2028 2211 ε
2069 2158 2185 2214 fore
2238 2157 2379 2212 ﬁlios
2428 2156 2600 2213 Israel
2631 2173 2850 2212 sacrum
2899 2159 3086 2212 docuit
3126 2161 3430 2214 oraculum.
3476 2181 3494 2212 ι

2004 2340 2198 2395 BALS.
2247 2339 2340 2393 Dei
2367 2337 2612 2393 ecclesiae
2661 2336 2918 2390 dicuntur
2962 2336 3156 2391 dooms
3197 2338 3500 2402 orationis;

1933 2436 2076 2490 unde
2101 2437 2263 2489 etiam
2303 2433 2394 2501 qui
2427 2439 2626 2494 orant,
2656 2446 2778 2485 cum
2822 2429 3078 2500 lacrytuis
3127 2431 3291 2483 Deum
3345 2446 3502 2490 orare

1931 2527 2127 2582 debent
2153 2533 2207 2579 et
2241 2540 2362 2578 cum
2399 2523 2709 2576 humilitate
2733 2561 2746 2584 ,
2778 2537 2885 2574 non
2920 2531 3098 2574 autem
3132 2536 3254 2574 cum
3289 2515 3500 2577 inordi-

1930 2626 2059 2672 nato
2092 2625 2145 2671 et
2173 2615 2489 2686 impudente
2516 2614 2729 2667 habitu.
2765 2610 3087 2665 Statuerunt
3129 2627 3260 2679 ergo
3316 2612 3506 2667 Patres

1931 2727 2040 2765 non
2074 2725 2194 2764 esse
2223 2724 2376 2762 sacra
2412 2707 2654 2760 canenda
2687 2706 2898 2757 cantica
2931 2715 2984 2758 et
3031 2705 3360 2773 psalmodias
3417 2705 3504 2757 in-

1931 2801 2201 2857 ordinatis
2229 2809 2283 2854 et
2312 2798 2538 2852 intentis
2559 2797 3064 2857 vociferationibus,
3088 2807 3142 2851 ct
3169 2809 3372 2853 natura:
3392 2800 3501 2852 vim

1931 2895 2321 2959 aﬂerentihus;
2357 2907 2456 2947 nec
2487 2891 2647 2944 etiam
2680 2891 3007 2959 quibusdam
3063 2889 3216 2945 ﬂexis
3264 2892 3509 2944 modula.

1935 2988 2116 3056 lisque
2146 2985 2392 3048 vocibus,
2425 2982 2812 3038 ecclesiastica!
2846 2983 3227 3036 constitutioni
3277 2992 3331 3035 ct
3365 2999 3502 3037 cou-

1853 3108 1895 3166 C
1934 3077 2228 3147 sequentia;
2273 3092 2378 3127 non
2437 3073 2893 3129 convenientibus
2924 3115 2938 3139 ,
3003 3074 3309 3142 cuiusmodi
3378 3085 3506 3130 sunt
3560 3098 3563 3100 ·

1931 3170 2073 3224 modi
2132 3169 2335 3224 scenici
2387 3178 2440 3221 et
2488 3183 2907 3237 supervacanea:
2961 3169 3114 3222 vocis
3161 3171 3500 3223 varietates:

1930 3264 2021 3317 scd
2051 3277 2174 3315 cum
2215 3262 2380 3315 multa
2426 3261 2846 3327 compunctione
2892 3269 2946 3312 et
3001 3260 3246 3313 moribus
3302 3261 3405 3329 piis
3452 3268 3506 3314 et

1930 3355 2131 3410 sanctis
2167 3353 2272 3406 Deo
2305 3367 2492 3418 μείξει-ς
2521 3351 2715 3404 οίΐυττθ
2745 3391 2759 3413 ,
2787 3351 2884 3420 qui
2917 3352 3068 3403 novit
3127 3353 3369 3406 cortlium
3403 3368 3506 3406 n0-

1931 3457 2166 3496 strot‘um
2197 3443 2430 3496 occulta.
2458 3440 2580 3494 H.130
2605 3450 2785 3492 autem
2820 3439 3106 3505 jusserunt
3145 3456 3490 3509 consequen-

1931 3545 2013 3590 ter
2041 3536 2188 3589 dicto
2209 3534 2552 3602 evangelico,
2590 3530 2731 3600 quod
2778 3529 2968 3583 statuit
3006 3548 3019 3583 :
3067 3529 3183 3584 Non
3245 3541 3496 3600 Oportet-ta

1933 3644 2051 3692 nos,
2087 3629 2230 3683 sicut
2259 3634 2313 3679 et
2349 3623 2577 3686 ethnici,
2645 3637 2768 3674 cum
2806 3623 3135 3689 loquacitate
3165 3633 3216 3675 et
3257 3626 3498 3675 clamore

1932 3721 2139 3791 precari
2171 3761 2184 3779 ,
2244 3727 2501 3784 tauquam
2537 3729 2630 3782 per
2667 3713 3068 3780 multiloquium
3114 3717 3362 3767 nostrum
3405 3729 3505 3767 nos

1930 3807 2294 3865 exaudiendus
2325 3805 2672 3864 arbitremur,
2707 3803 2799 3855 sed
2835 3800 2888 3853 in
2923 3801 3140 3854 occulto
3167 3841 3182 3864 ,
3241 3802 3348 3854 Deo
3406 3803 3502 3873 hy-

1931 3920 2114 3956 mnum
2149 3900 2342 3954 oﬂ'erre
2371 3914 2384 3949 :
2420 3898 2601 3950 facere
2631 3903 2810 3947 autem
2872 3893 3157 3962 petitiones
3211 3895 3505 3960 similiter,

1933 4002 1992 4046 ut
2029 3993 2189 4044 Pater
2219 3997 2408 4042 uoster
2435 3985 2710 4046 ctelestis,
2753 3984 2845 4053 qui
2877 3983 3025 4037 videt
3049 3983 3108 4036 in
3162 3982 3506 4050 abscondito,

1933 4084 2091 4137 nobis
2125 4081 2318 4154 reddat
2355 4080 2406 4131 in
2442 4085 2630 4145 aperto
2662 4076 2727 4129 ¹³.
2759 4074 3026 4138 Quoniam
3061 4082 3241 4127 autem
3269 4111 3282 4136 ,
3323 4073 3510 4141 inqui-

1933 4184 2072 4238 unt,
2113 4175 2192 4225 lex
2227 4183 2442 4238 quoque
2472 4165 2706 4218 Mosaica
2739 4165 2878 4217 dixit
2937 4164 2991 4216 in
3056 4161 3298 4216 Levitico
3324 4204 3338 4229 ,
3387 4164 3505 4232 pios

1933 4263 2077 4316 lilios
2112 4259 2278 4313 Israel
2335 4256 2550 4310 futuros
2576 4294 2591 4317 ,
2621 4268 2722 4307 nos
2750 4265 2965 4321 quoque
2990 4287 3007 4315 ,
3054 4249 3147 4318 qui
3179 4248 3340 4315 hujus
3375 4249 3510 4318 legis

1931 4352 2386 4423 complementum
2414 4347 2744 4410 accepimus,
2779 4343 2950 4412 magis
2977 4340 3048 4410 pii
3079 4355 3198 4394 esse
3224 4341 3505 4404 debemus,

266 4443 428 4504 εἶναι,
464 4450 558 4496 καὶ
589 4445 731 4497 κατά
767 4450 834 4496 τα
865 4446 1228 4516 νενομισμένα
1261 4447 1659 4502 πολιτεύεσθαι.
1679 4451 1829 4505 Ἐπεὶ

1934 4456 1983 4500 et
2015 4455 2170 4514 prout
2198 4443 2551 4497 constitutum
2582 4446 2698 4503 est,
2739 4453 2835 4490 nos
2887 4448 3074 4504 gerere
3129 4435 3194 4486 ¹⁵.
3238 4432 3507 4498 QttOuiaut

266 4537 320 4587 ἑὲ
356 4539 505 4604 παρὰ
530 4535 801 4604 διαφόροις
839 4538 1158 4605 ἁγιωτάτοις
1193 4540 1568 4610 πατριάρχαις’
1594 4543 1828 4612 ἐλαλήθη

270 4627 344 4695 μὴ
374 4629 534 4694 μόνον
560 4629 616 4678 ὲν
643 4631 760 4690 ταῖς
786 4628 1002 4696 ἑορταῖς
1032 4628 1277 4695 γίνεσθαι
1301 4631 1525 4684 τοιαῦτα
1548 4634 1698 4701 παρά
1725 4633 1831 4685 τῶν

266 4717 505 4786 ψαλτών,
542 4719 677 4770 ἀλλά
713 4721 804 4770 καὶ
868 4721 924 4770 ὲν
964 4721 1252 4789 παννυχίσι
1313 4723 1408 4775 καὶ
1465 4723 1835 4792 μνημοσύνοις

265 4809 421 4862 τεθνε
441 4811 578 4862 ὺτων
599 4827 612 4838 ·
643 4809 903 4876 γεγόνασι
932 4809 1163 4878 διάφορα
1195 4811 1560 4882 σημειώματα
1583 4815 1835 4869 συνοδικᾱ

269 4902 560 4970 ἀφορισμῷ
588 4901 1079 4954 καθυποϐἀλλοντα
1112 4903 1238 4964 τοὺς
1275 4904 1498 4959 τοιαῦτα
1526 4907 1833 4971 ποιοῦντας,

268 4993 363 5043 καὶ
389 4992 463 5060 μὴ
490 4992 577 5044 διὰ
610 4992 1071 5062 ψαλμῳδημάτων
1097 4996 1188 5044 καὶ
1217 4993 1650 5065 ἀλληλουῖαρίων
1671 4995 1864 5082 λιτῶν.

343 5179 386 5210 η
409 5176 599 5231 Matth.
636 5191 708 5241 vt,
748 5178 834 5231 18.
919 5177 964 5208 “
989 5177 1163 5231 Lavit.
1197 5191 1347 5238 XVIII.
1381 5174 1433 5227 5-

1937 4551 2112 4593 autem
2149 4535 2289 4606 apud
2317 4535 2559 4588 diversos
2613 4529 2990 4582 sanctissimos
3046 4524 3389 4595 pati-iatcltas
3424 4523 3510 4576 di-

1939 4646 2082 4685 ctum
2119 4639 2223 4688 est.
2253 4643 2360 4680 nou
2399 4625 2574 4679 solum
2609 4623 2660 4676 in
2698 4619 2850 4675 festis
2900 4617 3015 4670 haec
3054 4615 3166 4669 lieri
3212 4630 3239 4666 a
3273 4614 3513 4668 cantori-

1942 4726 2060 4786 bus,
2104 4721 2199 4774 sed
2239 4721 2402 4773 etiam
2453 4717 2505 4770 in
2563 4714 2762 4784 vigiiiis
2815 4719 2868 4764 et
2925 4717 3262 4762 mortuorum
3318 4721 3512 4758 monu-

1943 4817 2135 4867 mmttis
2159 4827 2172 4863 :
2197 4812 2415 4864 fuerunt
2446 4807 2610 4859 multa
2637 4803 2914 4874 syno-lalia
2941 4801 3118 4854 edicta
3143 4795 3508 4867 segregationi

1943 4903 2287 4969 subjicientia
2321 4915 2438 4961 eos,
2468 4898 2560 4967 qui
2597 4897 2724 4949 talia
2759 4893 2982 4953 iaciunt,
3014 4898 3067 4943 et
3102 4905 3206 4950 non
3239 4905 3332 4957 per
3381 4881 3515 4941 cau-

1949 4999 2075 5059 tica,
2111 5004 2166 5048 et
2201 4975 2396 5046 triodia
2427 4989 2693 5058 simplicia
2729 4985 3059 5053 minimeque
3101 4980 3379 5034 elaborata
3411 5021 3425 5046 ,
3459 4987 3516 5034 et

1528 5289 1694 5349 Guill
1718 5333 1731 5349 .
1770 5285 2102 5364 Beveregii
2137 5293 2326 5344 noue.

345 5419 453 5489 (84)
505 5419 774 5480 Ἑδίδαεε
801 5418 1026 5487 λόγιον.
1069 5416 1204 5489 Post
1241 5414 1352 5466 luet:
1396 5411 1583 5489 verba,
1625 5419 1678 5464 et
1711 5418 1837 5489 ante

275 5481 616 5544 B.:isaiat0tti5
645 5481 952 5551 sclmliaiin
980 5488 1166 5542 codice
1190 5493 1377 5538 nostro
1407 5481 1694 5546 Bodleiano
1725 5483 1838 5532 haec

278 5565 693 5624 intct'sct'utttttr,
736 5559 1051 5628 Σημείωσαι
1089 5554 1455 5628 τὸιμπαρόντα
1489 5552 1692 5628 κανόνα
1725 5567 1838 5601 κω-

278 5633 470 5683 λύοντα
509 5633 604 5691 τὰς
639 5620 934 5697 θυμελικὰς
966 5620 1325 5697 ψαλμῳδίας,
1355 5620 1456 5697 καὶ*
1477 5624 1542 5697 τὰ
1575 5620 1836 5697 λεγόμενα

276 5702 645 5770 δι,.λάσματα,
687 5692 780 5752 καὶ
823 5692 1097 5764 θαύμασον
1138 5692 1259 5757 ⁷’πῶς
1307 5693 1534 5753 ἀναιδῶς
1566 5692 1770 5758 γίνεται
1804 5693 1838 5756 ἡ

1943 5407 2134 5458 τούτου
2192 5404 2629 5471 καταφρόνησις,
2685 5401 2828 5454 Nota
2879 5410 3185 5467 prwaentem
3237 5412 3510 5471 curionem,

1943 5477 2176 5529 sreuicas
2222 5468 2568 5535 psalutodius,
2616 5487 2662 5526 et
2707 5489 2822 5538 quia
2868 5474 3191 5538 diplasmata
3242 5468 3514 5526 dicuntur,

1947 5557 2236 5605 remntem;
2262 5555 2310 5596 et
2337 5547 2530 5595 mirare
2557 5553 2609 5595 ut
2639 5544 2959 5607 impudenter
2986 5539 3240 5608 neglectui
3270 5539 3512 5613 habetur.

1948 5617 2073 5668 Haec
2119 5624 2298 5668 autem
2351 5632 2378 5669 c
2425 5618 2664 5683 margine
2714 5631 2764 5666 tu
2814 5623 3013 5666 textum
3060 5611 3381 5675 transcripta
3436 5611 3517 5656 vi-

1946 5689 2159 5741 dentur.
