  <div class='ocr_page' id='page_1' title='image "/cluster/home/n/w/nwhite01/storage/ocr_20150623/137:no.1/coo.31924054870427/395.png"; bbox 0 0 4062 6448; ppageno 0'>
   <div class='ocr_carea' id='block_1_1' title="bbox 491 299 601 362">
    <p class='ocr_par' dir='ltr' id='par_1_1' title="bbox 491 299 601 362">
     <span class='ocr_line' id='line_1_1' title="bbox 491 299 601 362; baseline 0 0"><span class='ocrx_word' id='word_1_1' title='bbox 491 299 601 362; x_wconf 82' lang='lat'><strong>775</strong></span> 
     </span>
    </p>
   </div>
   <div class='ocr_carea' id='block_1_2' title="bbox 1747 287 3698 359">
    <p class='ocr_par' dir='ltr' id='par_1_2' title="bbox 1747 287 3698 359">
     <span class='ocr_line' id='line_1_2' title="bbox 1747 287 3698 359; baseline -0.002 -4"><span class='ocrx_word' id='word_1_2' title='bbox 1747 297 2024 359; x_wconf 80' lang='lat' dir='ltr'><strong>THEOD.</strong></span> <span class='ocrx_word' id='word_1_3' title='bbox 2079 295 2168 353; x_wconf 66' lang='grc' dir='ltr'><strong>ΒΛ</strong></span> <span class='ocrx_word' id='word_1_4' title='bbox 2182 293 2482 354; x_wconf 68' lang='grc' dir='ltr'><strong>[ΞΛΜοΝ</strong></span> <span class='ocrx_word' id='word_1_5' title='bbox 3631 287 3698 351; x_wconf 74' lang='grc' dir='ltr'>Ἶῖ</span> 
     </span>
    </p>
   </div>
   <div class='ocr_carea' id='block_1_3' title="bbox 491 396 2055 487">
    <p class='ocr_par' dir='ltr' id='par_1_3' title="bbox 491 409 2055 487">
     <span class='ocr_line' id='line_1_3' title="bbox 491 409 2055 487; baseline -0.006 -16"><span class='ocrx_word' id='word_1_6' title='bbox 491 416 674 487; x_wconf 64' lang='lat' dir='ltr'><strong>templi</strong></span> <span class='ocrx_word' id='word_1_7' title='bbox 711 412 1027 474; x_wconf 80' lang='lat' dir='ltr'><strong>ambitilius,</strong></span> <span class='ocrx_word' id='word_1_8' title='bbox 1070 410 1138 465; x_wconf 89' lang='lat' dir='ltr'><strong>de</strong></span> <span class='ocrx_word' id='word_1_9' title='bbox 1173 411 1256 467; x_wconf 83' lang='lat' dir='ltr'><strong>bis</strong></span> <span class='ocrx_word' id='word_1_10' title='bbox 1286 409 1548 464; x_wconf 79' lang='lat' dir='ltr'><strong>debemus</strong></span> <span class='ocrx_word' id='word_1_11' title='bbox 1579 426 1790 463; x_wconf 88' lang='lat' dir='ltr'><strong>omnem</strong></span> <span class='ocrx_word' id='word_1_12' title='bbox 1839 412 2055 462; x_wconf 85' lang='lat' dir='ltr'><strong>dubita-</strong></span> 
     </span>
    </p>
   </div>
   <div class='ocr_carea' id='block_1_4' title="bbox 2163 396 3740 487">
    <p class='ocr_par' dir='ltr' id='par_1_4' title="bbox 2164 396 3740 476">
     <span class='ocr_line' id='line_1_4' title="bbox 2164 396 3740 476; baseline -0.003 -16"><span class='ocrx_word' id='word_1_13' title='bbox 2164 409 2407 475; x_wconf 77' lang='grc' dir='ltr'><strong>εἰσάγειν</strong></span> <span class='ocrx_word' id='word_1_14' title='bbox 2434 404 2786 476; x_wconf 83' lang='grc' dir='ltr'>ἀμφιϐολίαν.</span> <span class='ocrx_word' id='word_1_15' title='bbox 2818 404 3026 465; x_wconf 80' lang='grc' dir='ltr'>Πάντες</span> <span class='ocrx_word' id='word_1_16' title='bbox 3055 401 3110 454; x_wconf 73' lang='grc' dir='ltr'>δὲ</span> <span class='ocrx_word' id='word_1_17' title='bbox 3140 401 3384 463; x_wconf 74' lang='grc' dir='ltr'><strong>ἐκείνους</strong></span> <span class='ocrx_word' id='word_1_18' title='bbox 3413 396 3568 455; x_wconf 76' lang='grc' dir='ltr'>εἷπον</span> <span class='ocrx_word' id='word_1_19' title='bbox 3592 401 3740 455; x_wconf 77' lang='grc' dir='ltr'>εἶναι</span> 
     </span>
    </p>
   </div>
   <div class='ocr_carea' id='block_1_5' title="bbox 497 501 2054 562">
    <p class='ocr_par' dir='ltr' id='par_1_5' title="bbox 497 501 2054 562">
     <span class='ocr_line' id='line_1_5' title="bbox 497 501 2054 562; baseline -0.005 -2"><span class='ocrx_word' id='word_1_20' title='bbox 497 511 697 562; x_wconf 90' lang='lat' dir='ltr'><strong>tionem</strong></span> <span class='ocrx_word' id='word_1_21' title='bbox 728 504 1017 557; x_wconf 76' lang='lat' dir='ltr'><strong>adducere.</strong></span> <span class='ocrx_word' id='word_1_22' title='bbox 1045 501 1248 556; x_wconf 83' lang='lat' dir='ltr'><strong>Omnes</strong></span> <span class='ocrx_word' id='word_1_23' title='bbox 1279 512 1458 554; x_wconf 87' lang='lat' dir='ltr'><strong>autem</strong></span> <span class='ocrx_word' id='word_1_24' title='bbox 1521 502 1644 554; x_wconf 89' lang='lat' dir='ltr'><strong>illos</strong></span> <span class='ocrx_word' id='word_1_25' title='bbox 1692 516 1813 555; x_wconf 88' lang='lat' dir='ltr'><strong>esse</strong></span> <span class='ocrx_word' id='word_1_26' title='bbox 1867 516 2054 554; x_wconf 76' lang='lat' dir='ltr'><strong>sai-ros</strong></span> 
     </span>
    </p>
   </div>
   <div class='ocr_carea' id='block_1_6' title="bbox 498 593 2054 661">
    <p class='ocr_par' dir='ltr' id='par_1_6' title="bbox 498 593 2054 661">
     <span class='ocr_line' id='line_1_6' title="bbox 498 593 2054 661; baseline -0.004 -12"><span class='ocrx_word' id='word_1_27' title='bbox 498 598 730 650; x_wconf 88' lang='lat' dir='ltr'><strong>ambitus</strong></span> <span class='ocrx_word' id='word_1_28' title='bbox 751 596 1022 656; x_wconf 75' lang='lat' dir='ltr'><strong>dixerunt,</strong></span> <span class='ocrx_word' id='word_1_29' title='bbox 1065 593 1154 661; x_wconf 89' lang='lat' dir='ltr'><strong>qui</strong></span> <span class='ocrx_word' id='word_1_30' title='bbox 1191 593 1420 646; x_wconf 92' lang='lat' dir='ltr'><strong>rationis</strong></span> <span class='ocrx_word' id='word_1_31' title='bbox 1461 593 1768 660; x_wconf 73' lang='lat' dir='ltr'><strong>expertium</strong></span> <span class='ocrx_word' id='word_1_32' title='bbox 1806 593 2054 643; x_wconf 74' lang='lat' dir='ltr'><strong>animan-</strong></span> 
     </span>
    </p>
   </div>
   <div class='ocr_carea' id='block_1_7' title="bbox 497 685 2055 756">
    <p class='ocr_par' dir='ltr' id='par_1_7' title="bbox 497 685 2055 756">
     <span class='ocr_line' id='line_1_7' title="bbox 497 685 2055 756; baseline -0.003 -12"><span class='ocrx_word' id='word_1_33' title='bbox 497 694 628 744; x_wconf 83' lang='lat' dir='ltr'><strong>tiuin</strong></span> <span class='ocrx_word' id='word_1_34' title='bbox 668 687 1068 742; x_wconf 76' lang='lat' dir='ltr'><strong>muculeationi</strong></span> <span class='ocrx_word' id='word_1_35' title='bbox 1107 686 1358 756; x_wconf 84' lang='lat' dir='ltr'><strong>permissi</strong></span> <span class='ocrx_word' id='word_1_36' title='bbox 1397 701 1502 739; x_wconf 90' lang='lat' dir='ltr'><strong>non</strong></span> <span class='ocrx_word' id='word_1_37' title='bbox 1536 697 1683 745; x_wconf 85' lang='lat' dir='ltr'><strong>sunt,</strong></span> <span class='ocrx_word' id='word_1_38' title='bbox 1708 686 1919 738; x_wconf 89' lang='lat' dir='ltr'><strong>etiamsi</strong></span> <span class='ocrx_word' id='word_1_39' title='bbox 1950 685 2055 739; x_wconf 87' lang='lat' dir='ltr'><strong>alio</strong></span> 
     </span>
    </p>
   </div>
   <div class='ocr_carea' id='block_1_8' title="bbox 491 776 2053 850">
    <p class='ocr_par' dir='ltr' id='par_1_8' title="bbox 491 776 2053 850">
     <span class='ocr_line' id='line_1_8' title="bbox 491 776 2053 850; baseline -0.004 -16"><span class='ocrx_word' id='word_1_40' title='bbox 491 784 724 850; x_wconf 85' lang='lat' dir='ltr'><strong>quodam</strong></span> <span class='ocrx_word' id='word_1_41' title='bbox 758 781 918 834; x_wconf 84' lang='lat' dir='ltr'><strong>modo</strong></span> <span class='ocrx_word' id='word_1_42' title='bbox 961 779 1070 833; x_wconf 80' lang='lat' dir='ltr'><strong>sint</strong></span> <span class='ocrx_word' id='word_1_43' title='bbox 1103 793 1419 831; x_wconf 81' lang='lat' dir='ltr'><strong>communes</strong></span> <span class='ocrx_word' id='word_1_44' title='bbox 1453 794 1468 830; x_wconf 89' lang='lat'><strong>:</strong></span> <span class='ocrx_word' id='word_1_45' title='bbox 1516 793 1583 830; x_wconf 79' lang='lat' dir='ltr'><strong>ex</strong></span> <span class='ocrx_word' id='word_1_46' title='bbox 1620 776 1687 830; x_wconf 69' lang='lat'><strong>1‘2</strong></span> <span class='ocrx_word' id='word_1_47' title='bbox 1723 791 1866 844; x_wconf 63' lang='grc' dir='ltr'>(ξιιμ,</span> <span class='ocrx_word' id='word_1_48' title='bbox 1897 777 2053 842; x_wconf 84' lang='lat' dir='ltr'><strong>primi</strong></span> 
     </span>
    </p>
   </div>
   <div class='ocr_carea' id='block_1_9' title="bbox 488 867 2056 940">
    <p class='ocr_par' dir='ltr' id='par_1_9' title="bbox 488 867 2056 940">
     <span class='ocr_line' id='line_1_9' title="bbox 488 867 2056 940; baseline -0.006 -12"><span class='ocrx_word' id='word_1_49' title='bbox 488 878 598 936; x_wconf 73' lang='grc' dir='ltr'>ιιι..</span> <span class='ocrx_word' id='word_1_50' title='bbox 639 890 666 921; x_wconf 90' lang='lat' dir='ltr'><strong>v</strong></span> <span class='ocrx_word' id='word_1_51' title='bbox 695 874 790 925; x_wconf 86' lang='lat' dir='ltr'><strong>lib.</strong></span> <span class='ocrx_word' id='word_1_52' title='bbox 821 873 966 940; x_wconf 77' lang='lat' dir='ltr'><strong>quod</strong></span> <span class='ocrx_word' id='word_1_53' title='bbox 1008 871 1142 924; x_wconf 86' lang='lat' dir='ltr'><strong>dicit</strong></span> <span class='ocrx_word' id='word_1_54' title='bbox 1173 869 1396 937; x_wconf 85' lang='lat' dir='ltr'><strong>:Usque</strong></span> <span class='ocrx_word' id='word_1_55' title='bbox 1427 869 1492 920; x_wconf 90' lang='lat' dir='ltr'><strong>ad</strong></span> <span class='ocrx_word' id='word_1_56' title='bbox 1523 867 1785 921; x_wconf 78' lang='lat' dir='ltr'><strong>terminos</strong></span> <span class='ocrx_word' id='word_1_57' title='bbox 1815 868 2056 919; x_wconf 65' lang='lat' dir='ltr'><strong>ecclesia:</strong></span> 
     </span>
    </p>
   </div>
   <div class='ocr_carea' id='block_1_10' title="bbox 489 961 2057 1035">
    <p class='ocr_par' dir='ltr' id='par_1_10' title="bbox 489 961 2057 1035">
     <span class='ocr_line' id='line_1_10' title="bbox 489 961 2057 1035; baseline -0.004 -16"><span class='ocrx_word' id='word_1_58' title='bbox 489 970 540 1020; x_wconf 92' lang='lat' dir='ltr'><strong>in</strong></span> <span class='ocrx_word' id='word_1_59' title='bbox 575 969 689 1020; x_wconf 80' lang='lat' dir='ltr'><strong>foro</strong></span> <span class='ocrx_word' id='word_1_60' title='bbox 715 968 930 1035; x_wconf 85' lang='lat' dir='ltr'><strong>publico</strong></span> <span class='ocrx_word' id='word_1_61' title='bbox 963 965 1310 1018; x_wconf 79' lang='lat' dir='ltr'><strong>secoritatem</strong></span> <span class='ocrx_word' id='word_1_62' title='bbox 1350 963 1614 1023; x_wconf 77' lang='lat' dir='ltr'><strong>habeant,</strong></span> <span class='ocrx_word' id='word_1_63' title='bbox 1649 961 1741 1028; x_wconf 91' lang='lat' dir='ltr'><strong>qui</strong></span> <span class='ocrx_word' id='word_1_64' title='bbox 1796 961 2057 1028; x_wconf 76' lang='lat' dir='ltr'><strong>coniuge-</strong></span> 
     </span>
    </p>
   </div>
   <div class='ocr_carea' id='block_1_11' title="bbox 485 1053 2050 1116">
    <p class='ocr_par' dir='ltr' id='par_1_11' title="bbox 485 1053 2050 1116">
     <span class='ocr_line' id='line_1_11' title="bbox 485 1053 2050 1116; baseline -0.003 -5"><span class='ocrx_word' id='word_1_65' title='bbox 485 1069 614 1112; x_wconf 88' lang='lat' dir='ltr'><strong>runt</strong></span> <span class='ocrx_word' id='word_1_66' title='bbox 648 1059 1002 1112; x_wconf 89' lang='lat' dir='ltr'><strong>interioribus</strong></span> <span class='ocrx_word' id='word_1_67' title='bbox 1035 1057 1290 1116; x_wconf 69' lang='lat' dir='ltr'><strong>lavacris,</strong></span> <span class='ocrx_word' id='word_1_68' title='bbox 1311 1057 1392 1109; x_wconf 87' lang='lat' dir='ltr'><strong>vel</strong></span> <span class='ocrx_word' id='word_1_69' title='bbox 1417 1055 1611 1110; x_wconf 85' lang='lat' dir='ltr'><strong>hortis.</strong></span> <span class='ocrx_word' id='word_1_70' title='bbox 1640 1054 1721 1106; x_wconf 86' lang='lat' dir='ltr'><strong>vel</strong></span> <span class='ocrx_word' id='word_1_71' title='bbox 1741 1053 2050 1114; x_wconf 77' lang='lat' dir='ltr'><strong>domiciliis.</strong></span> 
     </span>
    </p>
   </div>
   <div class='ocr_carea' id='block_1_12' title="bbox 484 1143 2053 1218">
    <p class='ocr_par' dir='ltr' id='par_1_12' title="bbox 484 1143 2053 1218">
     <span class='ocr_line' id='line_1_12' title="bbox 484 1143 2053 1218; baseline -0.007 -16"><span class='ocrx_word' id='word_1_72' title='bbox 484 1154 568 1203; x_wconf 74' lang='lat' dir='ltr'><strong>vel</strong></span> <span class='ocrx_word' id='word_1_73' title='bbox 594 1150 916 1218; x_wconf 85' lang='lat' dir='ltr'><strong>porticibus,</strong></span> <span class='ocrx_word' id='word_1_74' title='bbox 945 1150 1028 1200; x_wconf 91' lang='lat' dir='ltr'><strong>vel</strong></span> <span class='ocrx_word' id='word_1_75' title='bbox 1052 1146 1206 1199; x_wconf 84' lang='lat' dir='ltr'><strong>atriis</strong></span> <span class='ocrx_word' id='word_1_76' title='bbox 1229 1155 1442 1198; x_wconf 85' lang='lat' dir='ltr'><strong>utentes</strong></span> <span class='ocrx_word' id='word_1_77' title='bbox 1461 1143 1620 1213; x_wconf 65' lang='lat'><strong>24.7</strong></span> <span class='ocrx_word' id='word_1_78' title='bbox 1647 1154 1698 1194; x_wconf 82' lang='lat' dir='ltr'><strong>et</strong></span> <span class='ocrx_word' id='word_1_79' title='bbox 1725 1144 2053 1212; x_wconf 82' lang='lat' dir='ltr'><strong>prohibean-</strong></span> 
     </span>
    </p>
   </div>
   <div class='ocr_carea' id='block_1_13' title="bbox 483 1236 2050 1307">
    <p class='ocr_par' dir='ltr' id='par_1_13' title="bbox 483 1236 2050 1307">
     <span class='ocr_line' id='line_1_13' title="bbox 483 1236 2050 1307; baseline -0.004 -13"><span class='ocrx_word' id='word_1_80' title='bbox 483 1253 576 1294; x_wconf 89' lang='lat' dir='ltr'><strong>tur</strong></span> <span class='ocrx_word' id='word_1_81' title='bbox 613 1242 752 1292; x_wconf 85' lang='lat' dir='ltr'><strong>intra</strong></span> <span class='ocrx_word' id='word_1_82' title='bbox 787 1240 1045 1307; x_wconf 89' lang='lat' dir='ltr'><strong>templum</strong></span> <span class='ocrx_word' id='word_1_83' title='bbox 1077 1239 1317 1290; x_wconf 80' lang='lat' dir='ltr'><strong>dormire</strong></span> <span class='ocrx_word' id='word_1_84' title='bbox 1345 1239 1426 1288; x_wconf 85' lang='lat' dir='ltr'><strong>vel</strong></span> <span class='ocrx_word' id='word_1_85' title='bbox 1467 1237 1773 1298; x_wconf 82' lang='lat' dir='ltr'><strong>comedere,</strong></span> <span class='ocrx_word' id='word_1_86' title='bbox 1841 1236 2050 1288; x_wconf 81' lang='lat' dir='ltr'><strong>lavacra</strong></span> 
     </span>
    </p>
   </div>
   <div class='ocr_carea' id='block_1_14' title="bbox 485 1325 2053 1396">
    <p class='ocr_par' dir='ltr' id='par_1_14' title="bbox 485 1325 2053 1396">
     <span class='ocr_line' id='line_1_14' title="bbox 485 1325 2053 1396; baseline -0.008 -13"><span class='ocrx_word' id='word_1_87' title='bbox 485 1344 538 1386; x_wconf 87' lang='lat' dir='ltr'><strong>et</strong></span> <span class='ocrx_word' id='word_1_88' title='bbox 602 1333 808 1392; x_wconf 81' lang='lat' dir='ltr'><strong>hortos,</strong></span> <span class='ocrx_word' id='word_1_89' title='bbox 860 1339 914 1381; x_wconf 89' lang='lat' dir='ltr'><strong>et</strong></span> <span class='ocrx_word' id='word_1_90' title='bbox 969 1327 1210 1396; x_wconf 74' lang='lat' dir='ltr'><strong>porticus</strong></span> <span class='ocrx_word' id='word_1_91' title='bbox 1243 1327 1491 1379; x_wconf 77' lang='lat' dir='ltr'><strong>ecclesiae</strong></span> <span class='ocrx_word' id='word_1_92' title='bbox 1543 1325 1836 1393; x_wconf 78' lang='lat' dir='ltr'><strong>conjuncta</strong></span> <span class='ocrx_word' id='word_1_93' title='bbox 1867 1339 2053 1378; x_wconf 83' lang='lat' dir='ltr'><strong>sacros</strong></span> 
     </span>
    </p>
   </div>
   <div class='ocr_carea' id='block_1_15' title="bbox 486 1403 2054 1484">
    <p class='ocr_par' dir='ltr' id='par_1_15' title="bbox 486 1403 2054 1484">
     <span class='ocr_line' id='line_1_15' title="bbox 486 1403 2054 1484; baseline -0.002 -12"><span class='ocrx_word' id='word_1_94' title='bbox 486 1423 725 1476; x_wconf 77' lang='lat' dir='ltr'><strong>ambitus</strong></span> <span class='ocrx_word' id='word_1_95' title='bbox 753 1403 873 1474; x_wconf 80' lang='lat' dir='ltr'><strong>esse</strong></span> <span class='ocrx_word' id='word_1_96' title='bbox 904 1436 970 1472; x_wconf 87' lang='lat' dir='ltr'><strong>ne</strong></span> <span class='ocrx_word' id='word_1_97' title='bbox 1001 1421 1229 1481; x_wconf 81' lang='lat' dir='ltr'><strong>dixeris,</strong></span> <span class='ocrx_word' id='word_1_98' title='bbox 1253 1427 1309 1471; x_wconf 91' lang='lat' dir='ltr'><strong>ut</strong></span> <span class='ocrx_word' id='word_1_99' title='bbox 1333 1418 1442 1470; x_wconf 92' lang='lat' dir='ltr'><strong>illic</strong></span> <span class='ocrx_word' id='word_1_100' title='bbox 1470 1418 1631 1471; x_wconf 88' lang='lat' dir='ltr'><strong>etiam</strong></span> <span class='ocrx_word' id='word_1_101' title='bbox 1666 1417 2054 1484; x_wconf 85' lang='lat' dir='ltr'><strong>prohibeantur</strong></span> 
     </span>
    </p>
   </div>
   <div class='ocr_carea' id='block_1_16' title="bbox 483 1507 2053 1580">
    <p class='ocr_par' dir='ltr' id='par_1_16' title="bbox 483 1507 2053 1580">
     <span class='ocr_line' id='line_1_16' title="bbox 483 1507 2053 1580; baseline -0.004 -18"><span class='ocrx_word' id='word_1_102' title='bbox 483 1512 712 1580; x_wconf 83' lang='lat' dir='ltr'><strong>proponi</strong></span> <span class='ocrx_word' id='word_1_103' title='bbox 739 1509 971 1563; x_wconf 83' lang='lat' dir='ltr'><strong>venalia.</strong></span> <span class='ocrx_word' id='word_1_104' title='bbox 1004 1508 1127 1562; x_wconf 74' lang='lat' dir='ltr'><strong>Hzec</strong></span> <span class='ocrx_word' id='word_1_105' title='bbox 1161 1509 1304 1562; x_wconf 88' lang='lat' dir='ltr'><strong>enim</strong></span> <span class='ocrx_word' id='word_1_106' title='bbox 1335 1507 1577 1561; x_wconf 74' lang='lat' dir='ltr'><strong>ecclesiae</strong></span> <span class='ocrx_word' id='word_1_107' title='bbox 1619 1509 1835 1575; x_wconf 83' lang='lat' dir='ltr'><strong>quidem</strong></span> <span class='ocrx_word' id='word_1_108' title='bbox 1874 1519 2053 1575; x_wconf 59' lang='lat' dir='ltr'><strong>partes</strong></span> 
     </span>
    </p>
   </div>
   <div class='ocr_carea' id='block_1_17' title="bbox 482 1597 2050 1668">
    <p class='ocr_par' dir='ltr' id='par_1_17' title="bbox 482 1597 2050 1668">
     <span class='ocr_line' id='line_1_17' title="bbox 482 1597 2050 1668; baseline -0.001 -16"><span class='ocrx_word' id='word_1_109' title='bbox 482 1601 886 1668; x_wconf 81' lang='lat' dir='ltr'><strong>reputabuntur</strong></span> <span class='ocrx_word' id='word_1_110' title='bbox 921 1617 934 1652; x_wconf 88' lang='lat'><strong>:</strong></span> <span class='ocrx_word' id='word_1_111' title='bbox 976 1599 1115 1650; x_wconf 86' lang='lat' dir='ltr'><strong>sacri</strong></span> <span class='ocrx_word' id='word_1_112' title='bbox 1147 1609 1324 1650; x_wconf 89' lang='lat' dir='ltr'><strong>autem</strong></span> <span class='ocrx_word' id='word_1_113' title='bbox 1365 1597 1606 1650; x_wconf 84' lang='lat' dir='ltr'><strong>am‘bitus</strong></span> <span class='ocrx_word' id='word_1_114' title='bbox 1637 1613 1746 1650; x_wconf 89' lang='lat' dir='ltr'><strong>non</strong></span> <span class='ocrx_word' id='word_1_115' title='bbox 1778 1599 2050 1650; x_wconf 69' lang='lat' dir='ltr'><strong>dicentur.</strong></span> 
     </span>
    </p>
   </div>
   <div class='ocr_carea' id='block_1_18' title="bbox 485 1690 2050 1759">
    <p class='ocr_par' dir='ltr' id='par_1_18' title="bbox 485 1690 2050 1759">
     <span class='ocr_line' id='line_1_18' title="bbox 485 1690 2050 1759; baseline 0.001 -17"><span class='ocrx_word' id='word_1_116' title='bbox 485 1693 547 1742; x_wconf 76' lang='lat' dir='ltr'><strong>Et</strong></span> <span class='ocrx_word' id='word_1_117' title='bbox 575 1731 589 1755; x_wconf 92' lang='lat'><strong>,</strong></span> <span class='ocrx_word' id='word_1_118' title='bbox 659 1703 716 1744; x_wconf 90' lang='lat' dir='ltr'><strong>ut</strong></span> <span class='ocrx_word' id='word_1_119' title='bbox 765 1691 1076 1752; x_wconf 80' lang='lat' dir='ltr'><strong>communia</strong></span> <span class='ocrx_word' id='word_1_120' title='bbox 1108 1690 1350 1759; x_wconf 82' lang='lat' dir='ltr'><strong>quidem,</strong></span> <span class='ocrx_word' id='word_1_121' title='bbox 1387 1701 1698 1742; x_wconf 87' lang='lat' dir='ltr'><strong>sanctorum</strong></span> <span class='ocrx_word' id='word_1_122' title='bbox 1750 1691 2050 1743; x_wconf 86' lang='lat' dir='ltr'><strong>ambitunm</strong></span> 
     </span>
    </p>
   </div>
   <div class='ocr_carea' id='block_1_19' title="bbox 484 1782 2050 1857">
    <p class='ocr_par' dir='ltr' id='par_1_19' title="bbox 484 1782 2050 1857">
     <span class='ocr_line' id='line_1_19' title="bbox 484 1782 2050 1857; baseline 0 -22"><span class='ocrx_word' id='word_1_123' title='bbox 484 1783 690 1838; x_wconf 88' lang='lat' dir='ltr'><strong>honore</strong></span> <span class='ocrx_word' id='word_1_124' title='bbox 718 1784 876 1851; x_wconf 81' lang='lat' dir='ltr'><strong>digna</strong></span> <span class='ocrx_word' id='word_1_125' title='bbox 910 1799 1016 1835; x_wconf 90' lang='lat' dir='ltr'><strong>non</strong></span> <span class='ocrx_word' id='word_1_126' title='bbox 1052 1782 1401 1834; x_wconf 81' lang='lat' dir='ltr'><strong>habebuntur</strong></span> <span class='ocrx_word' id='word_1_127' title='bbox 1436 1799 1450 1834; x_wconf 91' lang='lat'><strong>:</strong></span> <span class='ocrx_word' id='word_1_128' title='bbox 1491 1782 1585 1857; x_wconf 72' lang='lat' dir='ltr'><strong>sed</strong></span> <span class='ocrx_word' id='word_1_129' title='bbox 1621 1790 1843 1850; x_wconf 86' lang='lat' dir='ltr'><strong>pr0pter</strong></span> <span class='ocrx_word' id='word_1_130' title='bbox 1873 1784 2050 1836; x_wconf 86' lang='lat' dir='ltr'><strong>eccle-</strong></span> 
     </span>
    </p>
   </div>
   <div class='ocr_carea' id='block_1_20' title="bbox 481 1872 2052 1943">
    <p class='ocr_par' dir='ltr' id='par_1_20' title="bbox 481 1872 2052 1943">
     <span class='ocr_line' id='line_1_20' title="bbox 481 1872 2052 1943; baseline -0.001 -15"><span class='ocrx_word' id='word_1_131' title='bbox 481 1875 576 1928; x_wconf 81' lang='lat' dir='ltr'><strong>si:e</strong></span> <span class='ocrx_word' id='word_1_132' title='bbox 609 1876 968 1943; x_wconf 75' lang='lat' dir='ltr'><strong>privilegium,</strong></span> <span class='ocrx_word' id='word_1_133' title='bbox 997 1874 1089 1942; x_wconf 85' lang='lat' dir='ltr'><strong>qui</strong></span> <span class='ocrx_word' id='word_1_134' title='bbox 1114 1889 1262 1939; x_wconf 88' lang='lat' dir='ltr'><strong>eum,</strong></span> <span class='ocrx_word' id='word_1_135' title='bbox 1292 1873 1386 1942; x_wconf 89' lang='lat' dir='ltr'><strong>qui</strong></span> <span class='ocrx_word' id='word_1_136' title='bbox 1434 1887 1500 1926; x_wconf 88' lang='lat' dir='ltr'><strong>eo</strong></span> <span class='ocrx_word' id='word_1_137' title='bbox 1531 1872 1801 1942; x_wconf 76' lang='lat' dir='ltr'><strong>confugit.</strong></span> <span class='ocrx_word' id='word_1_138' title='bbox 1829 1889 1892 1925; x_wconf 79' lang='lat' dir='ltr'><strong>ex</strong></span> <span class='ocrx_word' id='word_1_139' title='bbox 1922 1875 2052 1939; x_wconf 68' lang='lat' dir='ltr'><strong>ipsis</strong></span> 
     </span>
    </p>
   </div>
   <div class='ocr_carea' id='block_1_21' title="bbox 481 1962 2054 2032">
    <p class='ocr_par' dir='ltr' id='par_1_21' title="bbox 481 1962 2054 2032">
     <span class='ocr_line' id='line_1_21' title="bbox 481 1962 2054 2032; baseline 0 -16"><span class='ocrx_word' id='word_1_140' title='bbox 481 1965 802 2032; x_wconf 75' lang='lat' dir='ltr'><strong>ahripucrit,</strong></span> <span class='ocrx_word' id='word_1_141' title='bbox 829 1964 1105 2032; x_wconf 85' lang='lat' dir='ltr'><strong>punietur.</strong></span> <span class='ocrx_word' id='word_1_142' title='bbox 1141 1962 1278 2017; x_wconf 89' lang='lat' dir='ltr'><strong>Nota</strong></span> <span class='ocrx_word' id='word_1_143' title='bbox 1312 1979 1463 2029; x_wconf 88' lang='lat' dir='ltr'><strong>vero,</strong></span> <span class='ocrx_word' id='word_1_144' title='bbox 1494 1964 1636 2017; x_wconf 90' lang='lat' dir='ltr'><strong>intra</strong></span> <span class='ocrx_word' id='word_1_145' title='bbox 1695 1964 1872 2018; x_wconf 91' lang='lat' dir='ltr'><strong>solum</strong></span> <span class='ocrx_word' id='word_1_146' title='bbox 1919 1973 2054 2017; x_wconf 60' lang='lat' dir='ltr'><strong>tem.</strong></span> 
     </span>
    </p>
   </div>
   <div class='ocr_carea' id='block_1_22' title="bbox 482 2057 2050 2128">
    <p class='ocr_par' dir='ltr' id='par_1_22' title="bbox 482 2057 2050 2128">
     <span class='ocr_line' id='line_1_22' title="bbox 482 2057 2050 2128; baseline 0.001 -20"><span class='ocrx_word' id='word_1_147' title='bbox 482 2057 627 2125; x_wconf 91' lang='lat' dir='ltr'><strong>plum</strong></span> <span class='ocrx_word' id='word_1_148' title='bbox 653 2059 813 2112; x_wconf 66' lang='lat' dir='ltr'><strong>eriere</strong></span> <span class='ocrx_word' id='word_1_149' title='bbox 847 2075 909 2112; x_wconf 88' lang='lat' dir='ltr'><strong>ac</strong></span> <span class='ocrx_word' id='word_1_150' title='bbox 942 2059 1127 2114; x_wconf 80' lang='lat' dir='ltr'><strong>bibere</strong></span> <span class='ocrx_word' id='word_1_151' title='bbox 1160 2058 1439 2128; x_wconf 85' lang='lat' dir='ltr'><strong>prohiberi</strong></span> <span class='ocrx_word' id='word_1_152' title='bbox 1481 2074 1599 2125; x_wconf 86' lang='lat' dir='ltr'><strong>eos,</strong></span> <span class='ocrx_word' id='word_1_153' title='bbox 1637 2059 1724 2128; x_wconf 88' lang='lat' dir='ltr'><strong>qui</strong></span> <span class='ocrx_word' id='word_1_154' title='bbox 1764 2059 1831 2112; x_wconf 90' lang='lat' dir='ltr'><strong>ad</strong></span> <span class='ocrx_word' id='word_1_155' title='bbox 1870 2059 2050 2127; x_wconf 69' lang='lat' dir='ltr'><strong>ipsum</strong></span> 
     </span>
    </p>
   </div>
   <div class='ocr_carea' id='block_1_23' title="bbox 482 2151 917 2217">
    <p class='ocr_par' dir='ltr' id='par_1_23' title="bbox 482 2151 917 2217">
     <span class='ocr_line' id='line_1_23' title="bbox 482 2151 917 2217; baseline 0 -15"><span class='ocrx_word' id='word_1_156' title='bbox 482 2151 851 2217; x_wconf 76' lang='lat' dir='ltr'><strong>couiugerint.</strong></span> <span class='ocrx_word' id='word_1_157' title='bbox 913 2163 917 2166; x_wconf 83' lang='grc'><strong>·</strong></span> 
     </span>
    </p>
   </div>
   <div class='ocr_carea' id='block_1_24' title="bbox 553 2241 2050 2308">
    <p class='ocr_par' dir='ltr' id='par_1_24' title="bbox 553 2241 2050 2308">
     <span class='ocr_line' id='line_1_24' title="bbox 553 2241 2050 2308; baseline 0.001 -14"><span class='ocrx_word' id='word_1_158' title='bbox 553 2241 800 2296; x_wconf 64' lang='lat' dir='ltr'><strong>ZDNAIK.</strong></span> <span class='ocrx_word' id='word_1_159' title='bbox 842 2242 1038 2296; x_wconf 79' lang='lat' dir='ltr'><strong>Domus</strong></span> <span class='ocrx_word' id='word_1_160' title='bbox 1071 2260 1208 2306; x_wconf 84' lang='lat' dir='ltr'><strong>mea,</strong></span> <span class='ocrx_word' id='word_1_161' title='bbox 1234 2243 1371 2296; x_wconf 76' lang='lat' dir='ltr'><strong>dixit.</strong></span> <span class='ocrx_word' id='word_1_162' title='bbox 1403 2243 1669 2296; x_wconf 89' lang='lat' dir='ltr'><strong>Dominus</strong></span> <span class='ocrx_word' id='word_1_163' title='bbox 1695 2243 1758 2296; x_wconf 83' lang='lat' dir='ltr'><strong>ad</strong></span> <span class='ocrx_word' id='word_1_164' title='bbox 1785 2243 2003 2297; x_wconf 68' lang='lat' dir='ltr'><strong>Judaros</strong></span> <span class='ocrx_word' id='word_1_165' title='bbox 2034 2285 2050 2308; x_wconf 91' lang='lat'><strong>,</strong></span> 
     </span>
    </p>
   </div>
   <div class='ocr_carea' id='block_1_25' title="bbox 483 2332 2053 2404">
    <p class='ocr_par' dir='ltr' id='par_1_25' title="bbox 483 2332 2053 2404">
     <span class='ocr_line' id='line_1_25' title="bbox 483 2332 2053 2404; baseline 0.002 -20"><span class='ocrx_word' id='word_1_166' title='bbox 483 2332 669 2386; x_wconf 81' lang='lat' dir='ltr'><strong>domus</strong></span> <span class='ocrx_word' id='word_1_167' title='bbox 700 2335 958 2386; x_wconf 82' lang='lat' dir='ltr'><strong>orationis</strong></span> <span class='ocrx_word' id='word_1_168' title='bbox 996 2335 1262 2387; x_wconf 71' lang='lat' dir='ltr'><strong>vocabitur</strong></span> <span class='ocrx_word' id='word_1_169' title='bbox 1298 2350 1316 2389; x_wconf 91' lang='lat'><strong><em>:</em></strong></span> <span class='ocrx_word' id='word_1_170' title='bbox 1349 2351 1434 2388; x_wconf 83' lang='lat' dir='ltr'><strong>vos</strong></span> <span class='ocrx_word' id='word_1_171' title='bbox 1467 2346 1640 2388; x_wconf 82' lang='lat' dir='ltr'><strong>autem</strong></span> <span class='ocrx_word' id='word_1_172' title='bbox 1674 2336 1872 2404; x_wconf 78' lang='lat' dir='ltr'><strong>fecistis</strong></span> <span class='ocrx_word' id='word_1_173' title='bbox 1903 2336 2053 2388; x_wconf 83' lang='lat' dir='ltr'><strong>illam</strong></span> 
     </span>
    </p>
   </div>
   <div class='ocr_carea' id='block_1_26' title="bbox 483 2426 2054 2494">
    <p class='ocr_par' dir='ltr' id='par_1_26' title="bbox 483 2426 2054 2494">
     <span class='ocr_line' id='line_1_26' title="bbox 483 2426 2054 2494; baseline 0.004 -18"><span class='ocrx_word' id='word_1_174' title='bbox 483 2427 776 2490; x_wconf 79' lang='lat' dir='ltr'><strong>spelumam</strong></span> <span class='ocrx_word' id='word_1_175' title='bbox 813 2426 1078 2477; x_wconf 82' lang='lat' dir='ltr'><strong>latronum</strong></span> <span class='ocrx_word' id='word_1_176' title='bbox 1122 2428 1188 2482; x_wconf 86' lang='lat'><strong>&quot;&#39;.</strong></span> <span class='ocrx_word' id='word_1_177' title='bbox 1240 2426 1314 2480; x_wconf 83' lang='lat' dir='ltr'><strong>Ne</strong></span> <span class='ocrx_word' id='word_1_178' title='bbox 1365 2429 1528 2494; x_wconf 80' lang='lat' dir='ltr'><strong>igitur</strong></span> <span class='ocrx_word' id='word_1_179' title='bbox 1571 2429 1755 2480; x_wconf 87' lang='lat' dir='ltr'><strong>eadem</strong></span> <span class='ocrx_word' id='word_1_180' title='bbox 1804 2427 2054 2482; x_wconf 82' lang='lat' dir='ltr'><strong>ﬁdelibus</strong></span> 
     </span>
    </p>
   </div>
   <div class='ocr_carea' id='block_1_27' title="bbox 484 2517 2054 2586">
    <p class='ocr_par' dir='ltr' id='par_1_27' title="bbox 484 2517 2054 2586">
     <span class='ocr_line' id='line_1_27' title="bbox 484 2517 2054 2586; baseline 0.003 -18"><span class='ocrx_word' id='word_1_181' title='bbox 484 2517 643 2583; x_wconf 77' lang='lat' dir='ltr'><strong>ohjiri</strong></span> <span class='ocrx_word' id='word_1_182' title='bbox 674 2528 896 2583; x_wconf 82' lang='lat' dir='ltr'><strong>queant,</strong></span> <span class='ocrx_word' id='word_1_183' title='bbox 933 2534 998 2571; x_wconf 91' lang='lat' dir='ltr'><strong>ne</strong></span> <span class='ocrx_word' id='word_1_184' title='bbox 1029 2522 1169 2570; x_wconf 88' lang='lat' dir='ltr'><strong>intra</strong></span> <span class='ocrx_word' id='word_1_185' title='bbox 1195 2518 1339 2572; x_wconf 77' lang='lat' dir='ltr'><strong>sacri</strong></span> <span class='ocrx_word' id='word_1_186' title='bbox 1364 2518 1464 2571; x_wconf 91' lang='lat' dir='ltr'><strong>loci</strong></span> <span class='ocrx_word' id='word_1_187' title='bbox 1491 2519 1754 2571; x_wconf 87' lang='lat' dir='ltr'><strong>ambitum</strong></span> <span class='ocrx_word' id='word_1_188' title='bbox 1779 2533 2054 2586; x_wconf 88' lang='lat' dir='ltr'><strong>cauponas</strong></span> 
     </span>
    </p>
   </div>
   <div class='ocr_carea' id='block_1_28' title="bbox 483 2610 2055 2680">
    <p class='ocr_par' dir='ltr' id='par_1_28' title="bbox 483 2610 2055 2680">
     <span class='ocr_line' id='line_1_28' title="bbox 483 2610 2055 2680; baseline 0.003 -19"><span class='ocrx_word' id='word_1_189' title='bbox 483 2618 792 2673; x_wconf 80' lang='lat' dir='ltr'><strong>exstruere,</strong></span> <span class='ocrx_word' id='word_1_190' title='bbox 828 2625 962 2663; x_wconf 89' lang='lat' dir='ltr'><strong>neve</strong></span> <span class='ocrx_word' id='word_1_191' title='bbox 988 2610 1268 2663; x_wconf 88' lang='lat' dir='ltr'><strong>esculenta</strong></span> <span class='ocrx_word' id='word_1_192' title='bbox 1301 2619 1392 2662; x_wconf 89' lang='lat' dir='ltr'><strong>aut</strong></span> <span class='ocrx_word' id='word_1_193' title='bbox 1419 2610 1524 2662; x_wconf 86' lang='lat' dir='ltr'><strong>alia</strong></span> <span class='ocrx_word' id='word_1_194' title='bbox 1572 2625 1908 2680; x_wconf 65' lang='lat' dir='ltr'><strong>quotcunque</strong></span> <span class='ocrx_word' id='word_1_195' title='bbox 1964 2627 2055 2665; x_wconf 82' lang='lat' dir='ltr'><strong>ve—</strong></span> 
     </span>
    </p>
   </div>
   <div class='ocr_carea' id='block_1_29' title="bbox 487 2685 2056 2771">
    <p class='ocr_par' dir='ltr' id='par_1_29' title="bbox 487 2685 2056 2771">
     <span class='ocr_line' id='line_1_29' title="bbox 487 2685 2056 2771; baseline 0.003 -19"><span class='ocrx_word' id='word_1_196' title='bbox 487 2703 630 2753; x_wconf 86' lang='lat' dir='ltr'><strong>nalia</strong></span> <span class='ocrx_word' id='word_1_197' title='bbox 667 2703 863 2755; x_wconf 86' lang='lat' dir='ltr'><strong>habere</strong></span> <span class='ocrx_word' id='word_1_198' title='bbox 900 2705 1076 2767; x_wconf 75' lang='lat' dir='ltr'><strong>llCt&#39;al,</strong></span> <span class='ocrx_word' id='word_1_199' title='bbox 1115 2703 1304 2758; x_wconf 84' lang='lat' dir='ltr'><strong>Patres</strong></span> <span class='ocrx_word' id='word_1_200' title='bbox 1361 2702 1669 2756; x_wconf 61' lang='lat' dir='ltr'><strong>decrevere.</strong></span> <span class='ocrx_word' id='word_1_201' title='bbox 1713 2702 1898 2771; x_wconf 86' lang='lat' dir='ltr'><strong>Neque</strong></span> <span class='ocrx_word' id='word_1_202' title='bbox 1927 2685 2056 2756; x_wconf 83' lang='lat' dir='ltr'><strong>vero</strong></span> 
     </span>
    </p>
   </div>
   <div class='ocr_carea' id='block_1_30' title="bbox 487 2795 2054 2857">
    <p class='ocr_par' dir='ltr' id='par_1_30' title="bbox 487 2795 2054 2857">
     <span class='ocr_line' id='line_1_30' title="bbox 487 2795 2054 2857; baseline 0.005 -15"><span class='ocrx_word' id='word_1_203' title='bbox 487 2795 630 2846; x_wconf 85' lang='lat' dir='ltr'><strong>intra</strong></span> <span class='ocrx_word' id='word_1_204' title='bbox 679 2796 991 2857; x_wconf 76' lang='lat' dir='ltr'><strong>ecclesiam,</strong></span> <span class='ocrx_word' id='word_1_205' title='bbox 1031 2797 1122 2848; x_wconf 84' lang='lat' dir='ltr'><strong>sed</strong></span> <span class='ocrx_word' id='word_1_206' title='bbox 1159 2795 1297 2848; x_wconf 86' lang='lat' dir='ltr'><strong>intra</strong></span> <span class='ocrx_word' id='word_1_207' title='bbox 1332 2796 1472 2848; x_wconf 88' lang='lat' dir='ltr'><strong>sacri</strong></span> <span class='ocrx_word' id='word_1_208' title='bbox 1526 2796 1628 2848; x_wconf 86' lang='lat' dir='ltr'><strong>loei</strong></span> <span class='ocrx_word' id='word_1_209' title='bbox 1685 2796 1946 2848; x_wconf 89' lang='lat' dir='ltr'><strong>ambitum</strong></span> <span class='ocrx_word' id='word_1_210' title='bbox 1993 2812 2054 2850; x_wconf 86' lang='lat' dir='ltr'><strong>ea</strong></span> 
     </span>
    </p>
   </div>
   <div class='ocr_carea' id='block_1_31' title="bbox 487 2886 2058 2944">
    <p class='ocr_par' dir='ltr' id='par_1_31' title="bbox 487 2886 2058 2944">
     <span class='ocr_line' id='line_1_31' title="bbox 487 2886 2058 2944; baseline 0.001 -5"><span class='ocrx_word' id='word_1_211' title='bbox 487 2887 604 2941; x_wconf 75' lang='lat' dir='ltr'><strong>ﬁeri</strong></span> <span class='ocrx_word' id='word_1_212' title='bbox 637 2897 838 2940; x_wconf 88' lang='lat' dir='ltr'><strong>vetant.</strong></span> <span class='ocrx_word' id='word_1_213' title='bbox 882 2886 1174 2942; x_wconf 82' lang='lat' dir='ltr'><strong>Suotvero</strong></span> <span class='ocrx_word' id='word_1_214' title='bbox 1225 2889 1365 2943; x_wconf 84' lang='lat' dir='ltr'><strong>sacri</strong></span> <span class='ocrx_word' id='word_1_215' title='bbox 1411 2889 1650 2941; x_wconf 88' lang='lat' dir='ltr'><strong>ambitus</strong></span> <span class='ocrx_word' id='word_1_216' title='bbox 1707 2889 1886 2941; x_wconf 90' lang='lat' dir='ltr'><strong>omnia</strong></span> <span class='ocrx_word' id='word_1_217' title='bbox 1929 2904 2058 2944; x_wconf 88' lang='lat' dir='ltr'><strong>san-</strong></span> 
     </span>
    </p>
   </div>
   <div class='ocr_carea' id='block_1_32' title="bbox 488 2981 2054 3051">
    <p class='ocr_par' dir='ltr' id='par_1_32' title="bbox 488 2981 2054 3051">
     <span class='ocr_line' id='line_1_32' title="bbox 488 2981 2054 3051; baseline -0.001 -20"><span class='ocrx_word' id='word_1_218' title='bbox 488 2988 698 3031; x_wconf 80' lang='lat' dir='ltr'><strong>ctorum</strong></span> <span class='ocrx_word' id='word_1_219' title='bbox 739 2983 1060 3041; x_wconf 84' lang='lat' dir='ltr'><strong>templorum</strong></span> <span class='ocrx_word' id='word_1_220' title='bbox 1095 2988 1269 3048; x_wconf 86' lang='lat' dir='ltr'><strong>septa,</strong></span> <span class='ocrx_word' id='word_1_221' title='bbox 1301 2982 1369 3032; x_wconf 86' lang='lat' dir='ltr'><strong>ita</strong></span> <span class='ocrx_word' id='word_1_222' title='bbox 1400 2991 1457 3030; x_wconf 84' lang='lat' dir='ltr'><strong>ut</strong></span> <span class='ocrx_word' id='word_1_223' title='bbox 1495 2997 1669 3048; x_wconf 84' lang='lat' dir='ltr'><strong>neque</strong></span> <span class='ocrx_word' id='word_1_224' title='bbox 1717 2981 1769 3032; x_wconf 92' lang='lat' dir='ltr'><strong>in</strong></span> <span class='ocrx_word' id='word_1_225' title='bbox 1806 2982 2054 3051; x_wconf 19' lang='lat' dir='ltr'><strong>[templo-</strong></span> 
     </span>
    </p>
   </div>
   <div class='ocr_carea' id='block_1_33' title="bbox 488 3070 2049 3142">
    <p class='ocr_par' dir='ltr' id='par_1_33' title="bbox 488 3070 2049 3142">
     <span class='ocr_line' id='line_1_33' title="bbox 488 3070 2049 3142; baseline 0.002 -21"><span class='ocrx_word' id='word_1_226' title='bbox 488 3085 605 3122; x_wconf 76' lang='lat' dir='ltr'><strong>rum</strong></span> <span class='ocrx_word' id='word_1_227' title='bbox 645 3070 785 3123; x_wconf 75' lang='lat' dir='ltr'><strong>areis</strong></span> <span class='ocrx_word' id='word_1_228' title='bbox 816 3111 830 3131; x_wconf 88' lang='lat'><strong>,</strong></span> <span class='ocrx_word' id='word_1_229' title='bbox 863 3087 1046 3139; x_wconf 78' lang='lat' dir='ltr'><strong>neque</strong></span> <span class='ocrx_word' id='word_1_230' title='bbox 1082 3073 1136 3124; x_wconf 88' lang='lat' dir='ltr'><strong>in</strong></span> <span class='ocrx_word' id='word_1_231' title='bbox 1200 3073 1482 3126; x_wconf 68' lang='lat' dir='ltr'><strong>vesdbulis</strong></span> <span class='ocrx_word' id='word_1_232' title='bbox 1530 3073 1734 3141; x_wconf 86' lang='lat' dir='ltr'><strong>aliquid</strong></span> <span class='ocrx_word' id='word_1_233' title='bbox 1783 3073 2049 3142; x_wconf 84' lang='lat' dir='ltr'><strong>ejusmodi</strong></span> 
     </span>
    </p>
   </div>
   <div class='ocr_carea' id='block_1_34' title="bbox 491 3161 2052 3236">
    <p class='ocr_par' dir='ltr' id='par_1_34' title="bbox 491 3161 2052 3236">
     <span class='ocr_line' id='line_1_34' title="bbox 491 3161 2052 3236; baseline 0.004 -24"><span class='ocrx_word' id='word_1_234' title='bbox 491 3164 599 3214; x_wconf 76' lang='lat' dir='ltr'><strong>lteri</strong></span> <span class='ocrx_word' id='word_1_235' title='bbox 629 3161 802 3214; x_wconf 63' lang='lat' dir='ltr'><strong>muniti</strong></span> <span class='ocrx_word' id='word_1_236' title='bbox 840 3165 983 3215; x_wconf 85' lang='lat' dir='ltr'><strong>sinat</strong></span> <span class='ocrx_word' id='word_1_237' title='bbox 1027 3183 1040 3218; x_wconf 89' lang='lat'>:</span> <span class='ocrx_word' id='word_1_238' title='bbox 1101 3168 1350 3232; x_wconf 66' lang='lat' dir='ltr'><strong>quai&#39;nvis</strong></span> <span class='ocrx_word' id='word_1_239' title='bbox 1390 3183 1449 3217; x_wconf 84' lang='lat' dir='ltr'><strong>ea</strong></span> <span class='ocrx_word' id='word_1_240' title='bbox 1505 3181 1646 3219; x_wconf 89' lang='lat' dir='ltr'><strong>nunc</strong></span> <span class='ocrx_word' id='word_1_241' title='bbox 1691 3166 1854 3236; x_wconf 84' lang='lat' dir='ltr'><strong>impie</strong></span> <span class='ocrx_word' id='word_1_242' title='bbox 1905 3168 2052 3220; x_wconf 73' lang='lat' dir='ltr'><strong>fiant.</strong></span> 
     </span>
    </p>
   </div>
   <div class='ocr_carea' id='block_1_35' title="bbox 488 3255 2057 3326">
    <p class='ocr_par' dir='ltr' id='par_1_35' title="bbox 488 3255 2057 3326">
     <span class='ocr_line' id='line_1_35' title="bbox 488 3255 2057 3326; baseline 0.002 -20"><span class='ocrx_word' id='word_1_243' title='bbox 488 3255 647 3306; x_wconf 79' lang='lat' dir='ltr'><strong>Suam</strong></span> <span class='ocrx_word' id='word_1_244' title='bbox 691 3271 817 3307; x_wconf 70' lang='lat' dir='ltr'><strong>vero</strong></span> <span class='ocrx_word' id='word_1_245' title='bbox 855 3256 1180 3308; x_wconf 57' lang='lat' dir='ltr'><strong>si-ntentiam</strong></span> <span class='ocrx_word' id='word_1_246' title='bbox 1211 3255 1398 3310; x_wconf 83' lang='lat' dir='ltr'><strong>Patres</strong></span> <span class='ocrx_word' id='word_1_247' title='bbox 1431 3272 1493 3309; x_wconf 79' lang='lat' dir='ltr'><strong>ex</strong></span> <span class='ocrx_word' id='word_1_248' title='bbox 1527 3257 1819 3326; x_wconf 81' lang='lat' dir='ltr'><strong>Evangelia</strong></span> <span class='ocrx_word' id='word_1_249' title='bbox 1858 3260 2057 3310; x_wconf 86' lang='lat' dir='ltr'><strong>c0nlir-</strong></span> 
     </span>
    </p>
   </div>
   <div class='ocr_carea' id='block_1_36' title="bbox 490 3347 2053 3418">
    <p class='ocr_par' dir='ltr' id='par_1_36' title="bbox 490 3347 2053 3418">
     <span class='ocr_line' id='line_1_36' title="bbox 490 3347 2053 3418; baseline 0.005 -24"><span class='ocrx_word' id='word_1_250' title='bbox 490 3356 657 3404; x_wconf 79' lang='lat' dir='ltr'><strong>mani,</strong></span> <span class='ocrx_word' id='word_1_251' title='bbox 691 3361 785 3399; x_wconf 80' lang='lat' dir='ltr'><strong>nos</strong></span> <span class='ocrx_word' id='word_1_252' title='bbox 819 3347 886 3397; x_wconf 88' lang='lat' dir='ltr'><strong>ita</strong></span> <span class='ocrx_word' id='word_1_253' title='bbox 922 3363 948 3397; x_wconf 87' lang='lat' dir='ltr'><strong>a</strong></span> <span class='ocrx_word' id='word_1_254' title='bbox 979 3348 1198 3399; x_wconf 76' lang='lat' dir='ltr'><strong>Christo</strong></span> <span class='ocrx_word' id='word_1_255' title='bbox 1235 3349 1456 3401; x_wconf 88' lang='lat' dir='ltr'><strong>edoctos</strong></span> <span class='ocrx_word' id='word_1_256' title='bbox 1491 3363 1613 3401; x_wconf 84' lang='lat' dir='ltr'><strong>esse</strong></span> <span class='ocrx_word' id='word_1_257' title='bbox 1651 3350 1928 3414; x_wconf 81' lang='lat' dir='ltr'><strong>dicentes;</strong></span> <span class='ocrx_word' id='word_1_258' title='bbox 1964 3351 2053 3418; x_wconf 88' lang='lat' dir='ltr'><strong>qui</strong></span> 
     </span>
    </p>
   </div>
   <div class='ocr_carea' id='block_1_37' title="bbox 489 3436 2060 3509">
    <p class='ocr_par' dir='ltr' id='par_1_37' title="bbox 489 3436 2060 3509">
     <span class='ocr_line' id='line_1_37' title="bbox 489 3436 2060 3509; baseline 0.001 -20"><span class='ocrx_word' id='word_1_259' title='bbox 489 3436 776 3509; x_wconf 46' lang='lat' dir='ltr'><strong>opimi-aiis</strong></span> <span class='ocrx_word' id='word_1_260' title='bbox 803 3477 818 3500; x_wconf 88' lang='lat'><strong>,</strong></span> <span class='ocrx_word' id='word_1_261' title='bbox 856 3455 922 3491; x_wconf 92' lang='lat' dir='ltr'><strong>ue</strong></span> <span class='ocrx_word' id='word_1_262' title='bbox 959 3440 1179 3491; x_wconf 88' lang='lat' dir='ltr'><strong>domum</strong></span> <span class='ocrx_word' id='word_1_263' title='bbox 1212 3439 1387 3494; x_wconf 83' lang='lat' dir='ltr'><strong>Patris</strong></span> <span class='ocrx_word' id='word_1_264' title='bbox 1422 3441 1504 3493; x_wconf 91' lang='lat' dir='ltr'><strong>sui</strong></span> <span class='ocrx_word' id='word_1_265' title='bbox 1550 3440 1769 3492; x_wconf 90' lang='lat' dir='ltr'><strong>domum</strong></span> <span class='ocrx_word' id='word_1_266' title='bbox 1821 3443 2060 3509; x_wconf 77' lang='lat' dir='ltr'><strong>negotia-</strong></span> 
     </span>
    </p>
   </div>
   <div class='ocr_carea' id='block_1_38' title="bbox 494 3524 2056 3599">
    <p class='ocr_par' dir='ltr' id='par_1_38' title="bbox 494 3524 2056 3599">
     <span class='ocr_line' id='line_1_38' title="bbox 494 3524 2056 3599; baseline 0.006 -26"><span class='ocrx_word' id='word_1_267' title='bbox 494 3524 666 3578; x_wconf 86' lang='lat' dir='ltr'><strong>tionis</strong></span> <span class='ocrx_word' id='word_1_268' title='bbox 701 3527 962 3590; x_wconf 68' lang='lat' dir='ltr'><strong>l&#39;arereut,</strong></span> <span class='ocrx_word' id='word_1_269' title='bbox 995 3527 1300 3593; x_wconf 76' lang='lat' dir='ltr'><strong>imperavit,</strong></span> <span class='ocrx_word' id='word_1_270' title='bbox 1333 3538 1388 3583; x_wconf 90' lang='lat' dir='ltr'><strong>et</strong></span> <span class='ocrx_word' id='word_1_271' title='bbox 1445 3530 1739 3599; x_wconf 83' lang='lat' dir='ltr'><strong>sacrilegos</strong></span> <span class='ocrx_word' id='word_1_272' title='bbox 1786 3531 2056 3584; x_wconf 88' lang='lat' dir='ltr'><strong>nundina-</strong></span> 
     </span>
    </p>
   </div>
   <div class='ocr_carea' id='block_1_39' title="bbox 492 3619 2059 3689">
    <p class='ocr_par' dir='ltr' id='par_1_39' title="bbox 492 3619 2059 3689">
     <span class='ocr_line' id='line_1_39' title="bbox 492 3619 2059 3689; baseline 0.006 -24"><span class='ocrx_word' id='word_1_273' title='bbox 492 3624 638 3668; x_wconf 75' lang='lat' dir='ltr'><strong>ton-s</strong></span> <span class='ocrx_word' id='word_1_274' title='bbox 673 3634 698 3667; x_wconf 87' lang='lat' dir='ltr'><strong>a</strong></span> <span class='ocrx_word' id='word_1_275' title='bbox 730 3619 931 3689; x_wconf 85' lang='lat' dir='ltr'><strong>templo</strong></span> <span class='ocrx_word' id='word_1_276' title='bbox 963 3621 1192 3688; x_wconf 70' lang='lat' dir='ltr'><strong>expulit,</strong></span> <span class='ocrx_word' id='word_1_277' title='bbox 1217 3631 1270 3673; x_wconf 83' lang='lat' dir='ltr'><strong>ct</strong></span> <span class='ocrx_word' id='word_1_278' title='bbox 1299 3621 1788 3676; x_wconf 87' lang='lat' dir='ltr'><strong>nummulariorum</strong></span> <span class='ocrx_word' id='word_1_279' title='bbox 1823 3638 1897 3678; x_wconf 59' lang='lat' dir='ltr'><strong>aes</strong></span> <span class='ocrx_word' id='word_1_280' title='bbox 1926 3623 2059 3676; x_wconf 75' lang='lat' dir='ltr'><strong>ell&#39;u-</strong></span> 
     </span>
    </p>
   </div>
   <div class='ocr_carea' id='block_1_40' title="bbox 491 3707 2054 3782">
    <p class='ocr_par' dir='ltr' id='par_1_40' title="bbox 491 3707 2054 3782">
     <span class='ocr_line' id='line_1_40' title="bbox 491 3707 2054 3782; baseline 0.004 -22"><span class='ocrx_word' id='word_1_281' title='bbox 491 3707 590 3760; x_wconf 80' lang='lat' dir='ltr'><strong>dtt.</strong></span> <span class='ocrx_word' id='word_1_282' title='bbox 622 3708 759 3760; x_wconf 84' lang='lat' dir='ltr'><strong>Sunt</strong></span> <span class='ocrx_word' id='word_1_283' title='bbox 788 3727 916 3763; x_wconf 78' lang='lat' dir='ltr'><strong>vero</strong></span> <span class='ocrx_word' id='word_1_284' title='bbox 951 3712 1334 3770; x_wconf 69' lang='grc' dir='ltr'>κολλυϐισταὶ,</span> <span class='ocrx_word' id='word_1_285' title='bbox 1368 3727 1462 3766; x_wconf 82' lang='lat' dir='ltr'><strong>seu</strong></span> <span class='ocrx_word' id='word_1_286' title='bbox 1523 3714 1868 3767; x_wconf 84' lang='lat' dir='ltr'><strong>nummularii</strong></span> <span class='ocrx_word' id='word_1_287' title='bbox 1897 3753 1913 3777; x_wconf 91' lang='lat'><strong>,</strong></span> <span class='ocrx_word' id='word_1_288' title='bbox 1965 3714 2054 3782; x_wconf 86' lang='lat' dir='ltr'><strong>qui</strong></span> 
     </span>
    </p>
   </div>
   <div class='ocr_carea' id='block_1_41' title="bbox 491 3799 2057 3865">
    <p class='ocr_par' dir='ltr' id='par_1_41' title="bbox 491 3799 2057 3865">
     <span class='ocr_line' id='line_1_41' title="bbox 491 3799 2057 3865; baseline 0.004 -15"><span class='ocrx_word' id='word_1_289' title='bbox 491 3799 686 3864; x_wconf 72' lang='lat' dir='ltr'><strong>exigua</strong></span> <span class='ocrx_word' id='word_1_290' title='bbox 712 3804 1063 3865; x_wconf 83' lang='lat' dir='ltr'><strong>numismata,</strong></span> <span class='ocrx_word' id='word_1_291' title='bbox 1085 3805 1186 3856; x_wconf 81' lang='lat' dir='ltr'><strong>hoc</strong></span> <span class='ocrx_word' id='word_1_292' title='bbox 1207 3813 1309 3865; x_wconf 87' lang='lat' dir='ltr'><strong>est,</strong></span> <span class='ocrx_word' id='word_1_293' title='bbox 1335 3819 1609 3863; x_wconf 89' lang='lat' dir='ltr'><strong>nummos.</strong></span> <span class='ocrx_word' id='word_1_294' title='bbox 1637 3806 1890 3860; x_wconf 87' lang='lat' dir='ltr'><strong>vendunt.</strong></span> <span class='ocrx_word' id='word_1_295' title='bbox 1922 3806 2057 3859; x_wconf 86' lang='grc' dir='ltr'>Κόλ-</span> 
     </span>
    </p>
   </div>
   <div class='ocr_carea' id='block_1_42' title="bbox 491 3889 2055 3965">
    <p class='ocr_par' dir='ltr' id='par_1_42' title="bbox 491 3889 2055 3965">
     <span class='ocr_line' id='line_1_42' title="bbox 491 3889 2055 3965; baseline 0.008 -25"><span class='ocrx_word' id='word_1_296' title='bbox 491 3889 648 3951; x_wconf 71' lang='grc' dir='ltr'>λυῢος</span> <span class='ocrx_word' id='word_1_297' title='bbox 676 3892 818 3943; x_wconf 81' lang='lat' dir='ltr'><strong>enim</strong></span> <span class='ocrx_word' id='word_1_298' title='bbox 849 3893 987 3959; x_wconf 89' lang='lat' dir='ltr'><strong>apud</strong></span> <span class='ocrx_word' id='word_1_299' title='bbox 1031 3893 1247 3948; x_wconf 62' lang='lat' dir='ltr'><strong>Graecos</strong></span> <span class='ocrx_word' id='word_1_300' title='bbox 1300 3896 1556 3964; x_wconf 79' lang='lat' dir='ltr'><strong>exiguum</strong></span> <span class='ocrx_word' id='word_1_301' title='bbox 1605 3901 1875 3952; x_wconf 58' lang='lat' dir='ltr'><strong>numisn&#39;ia</strong></span> <span class='ocrx_word' id='word_1_302' title='bbox 1926 3907 2010 3952; x_wconf 90' lang='lat' dir='ltr'><strong>est</strong></span> <span class='ocrx_word' id='word_1_303' title='bbox 2039 3940 2055 3965; x_wconf 89' lang='lat'><strong>,</strong></span> 
     </span>
    </p>
   </div>
   <div class='ocr_carea' id='block_1_43' title="bbox 493 3983 2053 4062">
    <p class='ocr_par' dir='ltr' id='par_1_43' title="bbox 493 3983 2053 4062">
     <span class='ocr_line' id='line_1_43' title="bbox 493 3983 2053 4062; baseline 0.005 -27"><span class='ocrx_word' id='word_1_304' title='bbox 493 3985 640 4050; x_wconf 83' lang='lat' dir='ltr'><strong>quod</strong></span> <span class='ocrx_word' id='word_1_305' title='bbox 675 4002 699 4034; x_wconf 91' lang='lat' dir='ltr'><strong>a</strong></span> <span class='ocrx_word' id='word_1_306' title='bbox 731 3983 992 4040; x_wconf 82' lang='lat' dir='ltr'><strong>Romanis</strong></span> <span class='ocrx_word' id='word_1_307' title='bbox 1027 4002 1282 4040; x_wconf 90' lang='lat' dir='ltr'><strong>nunnnus</strong></span> <span class='ocrx_word' id='word_1_308' title='bbox 1318 3997 1561 4044; x_wconf 82' lang='lat' dir='ltr'><strong>vocatur.</strong></span> <span class='ocrx_word' id='word_1_309' title='bbox 1590 3989 1681 4044; x_wconf 82' lang='lat' dir='ltr'><strong>Est</strong></span> <span class='ocrx_word' id='word_1_310' title='bbox 1706 4007 1830 4044; x_wconf 86' lang='lat' dir='ltr'><strong>vero</strong></span> <span class='ocrx_word' id='word_1_311' title='bbox 1853 3994 2053 4062; x_wconf 80' lang='grc' dir='ltr'>κέρμα,</span> 
     </span>
    </p>
   </div>
   <div class='ocr_carea' id='block_1_44' title="bbox 491 4075 1192 4155">
    <p class='ocr_par' dir='ltr' id='par_1_44' title="bbox 491 4075 1192 4155">
     <span class='ocr_line' id='line_1_44' title="bbox 491 4075 1192 4155; baseline 0.01 -30"><span class='ocrx_word' id='word_1_312' title='bbox 491 4075 634 4126; x_wconf 87' lang='lat' dir='ltr'><strong>idem</strong></span> <span class='ocrx_word' id='word_1_313' title='bbox 667 4078 808 4142; x_wconf 85' lang='lat' dir='ltr'><strong>quod</strong></span> <span class='ocrx_word' id='word_1_314' title='bbox 849 4079 1144 4131; x_wconf 86' lang='lat' dir='ltr'><strong>numisma.</strong></span> <span class='ocrx_word' id='word_1_315' title='bbox 1168 4131 1192 4155; x_wconf 52' lang='grc' dir='ltr'><strong><em>ο</em></strong></span> 
     </span>
    </p>
   </div>
   <div class='ocr_carea' id='block_1_45' title="bbox 559 4165 2054 4241">
    <p class='ocr_par' dir='ltr' id='par_1_45' title="bbox 559 4165 2054 4241">
     <span class='ocr_line' id='line_1_45' title="bbox 559 4165 2054 4241; baseline 0.007 -24"><span class='ocrx_word' id='word_1_316' title='bbox 559 4165 784 4220; x_wconf 72' lang='lat' dir='ltr'><strong>AlllST.</strong></span> <span class='ocrx_word' id='word_1_317' title='bbox 826 4187 842 4218; x_wconf 81' lang='grc' dir='ltr'><strong>ι</strong></span> <span class='ocrx_word' id='word_1_318' title='bbox 879 4169 1026 4222; x_wconf 80' lang='lat' dir='ltr'><strong>[atra</strong></span> <span class='ocrx_word' id='word_1_319' title='bbox 1061 4187 1276 4225; x_wconf 88' lang='lat' dir='ltr'><strong>sacrum</strong></span> <span class='ocrx_word' id='word_1_320' title='bbox 1321 4173 1581 4227; x_wconf 84' lang='lat' dir='ltr'><strong>ambitum</strong></span> <span class='ocrx_word' id='word_1_321' title='bbox 1638 4189 1884 4241; x_wconf 67' lang='lat' dir='ltr'><strong>caninum</strong></span> <span class='ocrx_word' id='word_1_322' title='bbox 1923 4191 2054 4228; x_wconf 73' lang='lat' dir='ltr'><strong>cori-</strong></span> 
     </span>
    </p>
   </div>
   <div class='ocr_carea' id='block_1_46' title="bbox 496 4261 2055 4334">
    <p class='ocr_par' dir='ltr' id='par_1_46' title="bbox 496 4261 2055 4334">
     <span class='ocr_line' id='line_1_46' title="bbox 496 4261 2055 4334; baseline 0.008 -26"><span class='ocrx_word' id='word_1_323' title='bbox 496 4277 514 4308; x_wconf 74' lang='grc' dir='ltr'>σ</span> <span class='ocrx_word' id='word_1_324' title='bbox 549 4261 696 4312; x_wconf 84' lang='lat' dir='ltr'><strong>stitui</strong></span> <span class='ocrx_word' id='word_1_325' title='bbox 733 4276 836 4313; x_wconf 90' lang='lat' dir='ltr'><strong>non</strong></span> <span class='ocrx_word' id='word_1_326' title='bbox 865 4263 1057 4329; x_wconf 76' lang='lat' dir='ltr'><strong>debet;</strong></span> <span class='ocrx_word' id='word_1_327' title='bbox 1084 4281 1145 4317; x_wconf 84' lang='lat' dir='ltr'><strong>ac</strong></span> <span class='ocrx_word' id='word_1_328' title='bbox 1177 4268 1374 4319; x_wconf 84' lang='lat' dir='ltr'><strong>ibidem</strong></span> <span class='ocrx_word' id='word_1_329' title='bbox 1399 4268 1550 4320; x_wconf 82' lang='lat' dir='ltr'><strong>cibos</strong></span> <span class='ocrx_word' id='word_1_330' title='bbox 1580 4266 1735 4320; x_wconf 84' lang='lat' dir='ltr'><strong>vendi</strong></span> <span class='ocrx_word' id='word_1_331' title='bbox 1765 4269 2055 4334; x_wconf 80' lang='lat' dir='ltr'><strong>ineptum:</strong></span> 
     </span>
    </p>
   </div>
   <div class='ocr_carea' id='block_1_47' title="bbox 494 4352 1643 4425">
    <p class='ocr_par' dir='ltr' id='par_1_47' title="bbox 494 4352 1643 4425">
     <span class='ocr_line' id='line_1_47' title="bbox 494 4352 1643 4425; baseline 0.006 -25"><span class='ocrx_word' id='word_1_332' title='bbox 494 4367 514 4400; x_wconf 78' lang='grc' dir='ltr'><strong>ι</strong></span> <span class='ocrx_word' id='word_1_333' title='bbox 548 4359 597 4401; x_wconf 90' lang='lat' dir='ltr'><strong>et</strong></span> <span class='ocrx_word' id='word_1_334' title='bbox 630 4352 720 4416; x_wconf 88' lang='lat' dir='ltr'><strong>qui</strong></span> <span class='ocrx_word' id='word_1_335' title='bbox 750 4355 1016 4405; x_wconf 88' lang='lat' dir='ltr'><strong>utrumvis</strong></span> <span class='ocrx_word' id='word_1_336' title='bbox 1048 4355 1197 4418; x_wconf 78' lang='lat' dir='ltr'><strong>facit,</strong></span> <span class='ocrx_word' id='word_1_337' title='bbox 1232 4365 1570 4425; x_wconf 81' lang='lat' dir='ltr'><strong>segregatur.</strong></span> <span class='ocrx_word' id='word_1_338' title='bbox 1617 4364 1643 4407; x_wconf 73' lang='grc' dir='ltr'>ι’</span> 
     </span>
    </p>
   </div>
   <div class='ocr_carea' id='block_1_48' title="bbox 562 4437 2132 4515">
    <p class='ocr_par' dir='ltr' id='par_1_48' title="bbox 562 4437 2132 4515">
     <span class='ocr_line' id='line_1_48' title="bbox 562 4437 2132 4515; baseline 0.008 -26"><span class='ocrx_word' id='word_1_339' title='bbox 562 4437 655 4492; x_wconf 89' lang='lat' dir='ltr'><strong>Dei</strong></span> <span class='ocrx_word' id='word_1_340' title='bbox 694 4443 912 4493; x_wconf 87' lang='lat' dir='ltr'><strong>domum</strong></span> <span class='ocrx_word' id='word_1_341' title='bbox 947 4443 1166 4495; x_wconf 88' lang='lat' dir='ltr'><strong>domum</strong></span> <span class='ocrx_word' id='word_1_342' title='bbox 1195 4445 1579 4512; x_wconf 81' lang='lat' dir='ltr'><strong>negotiationis</strong></span> <span class='ocrx_word' id='word_1_343' title='bbox 1607 4461 1711 4500; x_wconf 90' lang='lat' dir='ltr'><strong>non</strong></span> <span class='ocrx_word' id='word_1_344' title='bbox 1738 4446 2052 4515; x_wconf 58' lang='lat' dir='ltr'><strong>facerejus-</strong></span> <span class='ocrx_word' id='word_1_345' title='bbox 2088 4455 2132 4510; x_wconf 85' lang='lat' dir='ltr'><strong>l)</strong></span> 
     </span>
    </p>
   </div>
   <div class='ocr_carea' id='block_1_49' title="bbox 491 4528 2055 4604">
    <p class='ocr_par' dir='ltr' id='par_1_49' title="bbox 491 4528 2055 4604">
     <span class='ocr_line' id='line_1_49' title="bbox 491 4528 2055 4604; baseline 0.006 -23"><span class='ocrx_word' id='word_1_346' title='bbox 491 4528 563 4581; x_wconf 76' lang='lat' dir='ltr'><strong>sit</strong></span> <span class='ocrx_word' id='word_1_347' title='bbox 595 4528 904 4597; x_wconf 80' lang='lat' dir='ltr'><strong>Sospitalor</strong></span> <span class='ocrx_word' id='word_1_348' title='bbox 953 4542 1008 4583; x_wconf 85' lang='lat' dir='ltr'><strong>et</strong></span> <span class='ocrx_word' id='word_1_349' title='bbox 1067 4533 1207 4588; x_wconf 90' lang='lat' dir='ltr'><strong>Deus</strong></span> <span class='ocrx_word' id='word_1_350' title='bbox 1265 4547 1451 4587; x_wconf 88' lang='lat' dir='ltr'><strong>uoster</strong></span> <span class='ocrx_word' id='word_1_351' title='bbox 1484 4549 1500 4588; x_wconf 89' lang='lat'><strong>:</strong></span> <span class='ocrx_word' id='word_1_352' title='bbox 1536 4547 1864 4604; x_wconf 86' lang='lat' dir='ltr'><strong>quapropter</strong></span> <span class='ocrx_word' id='word_1_353' title='bbox 1916 4539 2055 4591; x_wconf 86' lang='lat' dir='ltr'><strong>intra</strong></span> 
     </span>
    </p>
   </div>
   <div class='ocr_carea' id='block_1_50' title="bbox 491 4622 2057 4697">
    <p class='ocr_par' dir='ltr' id='par_1_50' title="bbox 491 4622 2057 4697">
     <span class='ocr_line' id='line_1_50' title="bbox 491 4622 2057 4697; baseline 0.004 -23"><span class='ocrx_word' id='word_1_354' title='bbox 491 4633 680 4697; x_wconf 80' lang='lat' dir='ltr'><strong>saeros</strong></span> <span class='ocrx_word' id='word_1_355' title='bbox 727 4622 961 4674; x_wconf 88' lang='lat' dir='ltr'><strong>ambitus</strong></span> <span class='ocrx_word' id='word_1_356' title='bbox 1003 4638 1108 4675; x_wconf 89' lang='lat' dir='ltr'><strong>non</strong></span> <span class='ocrx_word' id='word_1_357' title='bbox 1157 4634 1371 4697; x_wconf 82' lang='lat' dir='ltr'><strong>oportet</strong></span> <span class='ocrx_word' id='word_1_358' title='bbox 1406 4625 1674 4679; x_wconf 84' lang='lat' dir='ltr'><strong>ollicinam</strong></span> <span class='ocrx_word' id='word_1_359' title='bbox 1723 4639 2057 4697; x_wconf 73' lang='lat' dir='ltr'><strong>cauponam-</strong></span> 
     </span>
    </p>
   </div>
   <div class='ocr_carea' id='block_1_51' title="bbox 491 4695 2056 4789">
    <p class='ocr_par' dir='ltr' id='par_1_51' title="bbox 491 4695 2056 4789">
     <span class='ocr_line' id='line_1_51' title="bbox 491 4695 2056 4789; baseline 0.008 -25"><span class='ocrx_word' id='word_1_360' title='bbox 491 4695 628 4764; x_wconf 72' lang='lat' dir='ltr'><strong>riaiu</strong></span> <span class='ocrx_word' id='word_1_361' title='bbox 659 4713 977 4776; x_wconf 87' lang='lat' dir='ltr'><strong>instituere,</strong></span> <span class='ocrx_word' id='word_1_362' title='bbox 1011 4726 1065 4768; x_wconf 90' lang='lat' dir='ltr'><strong>et</strong></span> <span class='ocrx_word' id='word_1_363' title='bbox 1107 4732 1227 4785; x_wconf 68' lang='lat' dir='ltr'><strong>(litae</strong></span> <span class='ocrx_word' id='word_1_364' title='bbox 1287 4734 1380 4784; x_wconf 90' lang='lat' dir='ltr'><strong>per</strong></span> <span class='ocrx_word' id='word_1_365' title='bbox 1437 4719 1616 4772; x_wconf 87' lang='lat' dir='ltr'><strong>edulia</strong></span> <span class='ocrx_word' id='word_1_366' title='bbox 1658 4703 1804 4774; x_wconf 33' lang='lat' dir='ltr'><strong>&#39;iiunt</strong></span> <span class='ocrx_word' id='word_1_367' title='bbox 1844 4723 2056 4789; x_wconf 81' lang='lat' dir='ltr'><strong>species</strong></span> 
     </span>
    </p>
   </div>
   <div class='ocr_carea' id='block_1_52' title="bbox 491 4806 2056 4882">
    <p class='ocr_par' dir='ltr' id='par_1_52' title="bbox 491 4806 2056 4882">
     <span class='ocr_line' id='line_1_52' title="bbox 491 4806 2056 4882; baseline 0.008 -28"><span class='ocrx_word' id='word_1_368' title='bbox 491 4816 820 4870; x_wconf 82' lang='lat' dir='ltr'><strong>proponere.</strong></span> <span class='ocrx_word' id='word_1_369' title='bbox 875 4818 967 4857; x_wconf 86' lang='lat' dir='ltr'><strong>aut</strong></span> <span class='ocrx_word' id='word_1_370' title='bbox 999 4807 1134 4860; x_wconf 88' lang='lat' dir='ltr'><strong>alias</strong></span> <span class='ocrx_word' id='word_1_371' title='bbox 1186 4806 1364 4862; x_wconf 80' lang='lat' dir='ltr'><strong>facere</strong></span> <span class='ocrx_word' id='word_1_372' title='bbox 1421 4808 1777 4865; x_wconf 85' lang='lat' dir='ltr'><strong>venditiones.</strong></span> <span class='ocrx_word' id='word_1_373' title='bbox 1830 4811 1885 4866; x_wconf 92' lang='lat' dir='ltr'><strong>Si</strong></span> <span class='ocrx_word' id='word_1_374' title='bbox 1931 4814 2056 4882; x_wconf 89' lang='lat' dir='ltr'><strong>quis</strong></span> 
     </span>
    </p>
   </div>
   <div class='ocr_carea' id='block_1_53' title="bbox 492 4895 2058 4974">
    <p class='ocr_par' dir='ltr' id='par_1_53' title="bbox 492 4895 2058 4974">
     <span class='ocr_line' id='line_1_53' title="bbox 492 4895 2058 4974; baseline 0.008 -28"><span class='ocrx_word' id='word_1_375' title='bbox 492 4895 675 4962; x_wconf 83' lang='lat' dir='ltr'><strong>itaque</strong></span> <span class='ocrx_word' id='word_1_376' title='bbox 702 4895 753 4948; x_wconf 90' lang='lat' dir='ltr'><strong>in</strong></span> <span class='ocrx_word' id='word_1_377' title='bbox 791 4896 1104 4966; x_wconf 89' lang='lat' dir='ltr'><strong>hujusmodi</strong></span> <span class='ocrx_word' id='word_1_378' title='bbox 1141 4910 1366 4968; x_wconf 85' lang='lat' dir='ltr'><strong>peccato</strong></span> <span class='ocrx_word' id='word_1_379' title='bbox 1425 4903 1798 4974; x_wconf 88' lang='lat' dir='ltr'><strong>deprehensus</strong></span> <span class='ocrx_word' id='word_1_380' title='bbox 1851 4904 2058 4970; x_wconf 79' lang='lat' dir='ltr'><strong>fuerit,</strong></span> 
     </span>
    </p>
   </div>
   <div class='ocr_carea' id='block_1_54' title="bbox 447 4986 890 5057">
    <p class='ocr_par' dir='ltr' id='par_1_54' title="bbox 447 4986 890 5057">
     <span class='ocr_line' id='line_1_54' title="bbox 447 4986 890 5057; baseline 0.005 -17"><span class='ocrx_word' id='word_1_381' title='bbox 447 5009 450 5013; x_wconf 55' lang='grc' dir='ltr'><strong>λ</strong></span> <span class='ocrx_word' id='word_1_382' title='bbox 493 4986 890 5057; x_wconf 76' lang='lat' dir='ltr'><strong>segregabitur.</strong></span> 
     </span>
    </p>
   </div>
   <div class='ocr_carea' id='block_1_55' title="bbox 1010 5150 1525 5208">
    <p class='ocr_par' dir='ltr' id='par_1_55' title="bbox 1010 5150 1525 5208">
     <span class='ocr_line' id='line_1_55' title="bbox 1010 5150 1525 5208; baseline 0.019 -10"><span class='ocrx_word' id='word_1_383' title='bbox 1010 5150 1237 5204; x_wconf 67' lang='lat' dir='ltr'><strong>(IANON</strong></span> <span class='ocrx_word' id='word_1_384' title='bbox 1274 5151 1525 5208; x_wconf 69' lang='lat' dir='ltr'><strong>LXXVII.</strong></span> 
     </span>
    </p>
   </div>
   <div class='ocr_carea' id='block_1_56' title="bbox 498 5285 2057 5356">
    <p class='ocr_par' dir='ltr' id='par_1_56' title="bbox 498 5285 2057 5356">
     <span class='ocr_line' id='line_1_56' title="bbox 498 5285 2057 5356; baseline 0.004 -19"><span class='ocrx_word' id='word_1_385' title='bbox 498 5304 518 5337; x_wconf 73' lang='grc' dir='ltr'><strong>ι</strong></span> <span class='ocrx_word' id='word_1_386' title='bbox 559 5285 708 5350; x_wconf 87' lang='lat' dir='ltr'><strong>Quod</strong></span> <span class='ocrx_word' id='word_1_387' title='bbox 733 5302 836 5338; x_wconf 82' lang='lat' dir='ltr'><strong>non</strong></span> <span class='ocrx_word' id='word_1_388' title='bbox 858 5298 1066 5354; x_wconf 83' lang='lat' dir='ltr'><strong>oportet</strong></span> <span class='ocrx_word' id='word_1_389' title='bbox 1097 5290 1269 5340; x_wconf 74' lang='lat' dir='ltr'><strong>Sacris</strong></span> <span class='ocrx_word' id='word_1_390' title='bbox 1301 5291 1558 5352; x_wconf 81' lang='lat' dir='ltr'><strong>initiatos,</strong></span> <span class='ocrx_word' id='word_1_391' title='bbox 1584 5292 1665 5343; x_wconf 87' lang='lat' dir='ltr'><strong>vel</strong></span> <span class='ocrx_word' id='word_1_392' title='bbox 1695 5291 1945 5356; x_wconf 82' lang='lat' dir='ltr'><strong>clericos,</strong></span> <span class='ocrx_word' id='word_1_393' title='bbox 1975 5291 2057 5344; x_wconf 83' lang='lat' dir='ltr'><strong>vel</strong></span> 
     </span>
    </p>
   </div>
   <div class='ocr_carea' id='block_1_57' title="bbox 571 5379 2058 5440">
    <p class='ocr_par' dir='ltr' id='par_1_57' title="bbox 571 5379 2058 5440">
     <span class='ocr_line' id='line_1_57' title="bbox 571 5379 2058 5440; baseline 0.005 -12"><span class='ocrx_word' id='word_1_394' title='bbox 571 5399 588 5428; x_wconf 80' lang='grc' dir='ltr'><strong>ι</strong></span> <span class='ocrx_word' id='word_1_395' title='bbox 631 5389 866 5439; x_wconf 88' lang='lat' dir='ltr'><strong>ascetas,</strong></span> <span class='ocrx_word' id='word_1_396' title='bbox 902 5379 1066 5431; x_wconf 79' lang='lat' dir='ltr'><strong>lavari</strong></span> <span class='ocrx_word' id='word_1_397' title='bbox 1117 5394 1240 5431; x_wconf 89' lang='lat' dir='ltr'><strong>cum</strong></span> <span class='ocrx_word' id='word_1_398' title='bbox 1300 5381 1619 5436; x_wconf 77' lang='lat' dir='ltr'><strong>mulieribus</strong></span> <span class='ocrx_word' id='word_1_399' title='bbox 1656 5401 1669 5440; x_wconf 90' lang='lat'><strong>:</strong></span> <span class='ocrx_word' id='word_1_400' title='bbox 1701 5398 1798 5436; x_wconf 89' lang='lat' dir='ltr'><strong>nec</strong></span> <span class='ocrx_word' id='word_1_401' title='bbox 1844 5400 2058 5438; x_wconf 84' lang='lat' dir='ltr'><strong>omnem</strong></span> 
     </span>
    </p>
   </div>
   <div class='ocr_carea' id='block_1_58' title="bbox 571 5467 2058 5544">
    <p class='ocr_par' dir='ltr' id='par_1_58' title="bbox 571 5467 2058 5544">
     <span class='ocr_line' id='line_1_58' title="bbox 571 5467 2058 5544; baseline 0.005 -24"><span class='ocrx_word' id='word_1_402' title='bbox 571 5487 590 5520; x_wconf 80' lang='grc' dir='ltr'><strong>ι</strong></span> <span class='ocrx_word' id='word_1_403' title='bbox 629 5467 1004 5522; x_wconf 88' lang='lat' dir='ltr'><strong>Christianum</strong></span> <span class='ocrx_word' id='word_1_404' title='bbox 1045 5470 1123 5523; x_wconf 85' lang='lat' dir='ltr'><strong>vel</strong></span> <span class='ocrx_word' id='word_1_405' title='bbox 1155 5471 1375 5523; x_wconf 90' lang='lat' dir='ltr'><strong>laicum.</strong></span> <span class='ocrx_word' id='word_1_406' title='bbox 1409 5472 1533 5526; x_wconf 62' lang='lat' dir='ltr'><strong>Ha&#39;c</strong></span> <span class='ocrx_word' id='word_1_407' title='bbox 1572 5481 1654 5527; x_wconf 86' lang='lat' dir='ltr'><strong>est</strong></span> <span class='ocrx_word' id='word_1_408' title='bbox 1699 5475 1839 5527; x_wconf 88' lang='lat' dir='ltr'><strong>enim</strong></span> <span class='ocrx_word' id='word_1_409' title='bbox 1884 5475 2058 5544; x_wconf 90' lang='lat' dir='ltr'><strong>prima</strong></span> 
     </span>
    </p>
   </div>
   <div class='ocr_carea' id='block_1_59' title="bbox 569 5558 2056 5634">
    <p class='ocr_par' dir='ltr' id='par_1_59' title="bbox 569 5558 2056 5634">
     <span class='ocr_line' id='line_1_59' title="bbox 569 5558 2056 5634; baseline 0.008 -24"><span class='ocrx_word' id='word_1_410' title='bbox 569 5578 588 5610; x_wconf 79' lang='grc' dir='ltr'><strong>ι</strong></span> <span class='ocrx_word' id='word_1_411' title='bbox 626 5558 1008 5614; x_wconf 83' lang='lat' dir='ltr'><strong>condemnatio</strong></span> <span class='ocrx_word' id='word_1_412' title='bbox 1038 5561 1179 5629; x_wconf 86' lang='lat' dir='ltr'><strong>apud</strong></span> <span class='ocrx_word' id='word_1_413' title='bbox 1214 5570 1423 5630; x_wconf 75' lang='lat' dir='ltr'><strong>gentes.</strong></span> <span class='ocrx_word' id='word_1_414' title='bbox 1456 5562 1511 5617; x_wconf 91' lang='lat' dir='ltr'><strong>Si</strong></span> <span class='ocrx_word' id='word_1_415' title='bbox 1557 5566 1679 5634; x_wconf 86' lang='lat' dir='ltr'><strong>quis</strong></span> <span class='ocrx_word' id='word_1_416' title='bbox 1718 5574 1899 5620; x_wconf 84' lang='lat' dir='ltr'><strong>autem</strong></span> <span class='ocrx_word' id='word_1_417' title='bbox 1958 5567 2056 5622; x_wconf 89' lang='lat' dir='ltr'><strong>hac</strong></span> 
     </span>
    </p>
   </div>
   <div class='ocr_carea' id='block_1_60' title="bbox 571 5735 1110 5804">
    <p class='ocr_par' dir='ltr' id='par_1_60' title="bbox 571 5735 1110 5804">
     <span class='ocr_line' id='line_1_60' title="bbox 571 5735 1110 5804; baseline 0.009 -16"><span class='ocrx_word' id='word_1_418' title='bbox 571 5737 614 5769; x_wconf 84' lang='lat'><strong><em>“</em></strong></span> <span class='ocrx_word' id='word_1_419' title='bbox 652 5735 842 5792; x_wconf 81' lang='lat' dir='ltr'><strong>Matth.</strong></span> <span class='ocrx_word' id='word_1_420' title='bbox 873 5753 980 5804; x_wconf 75' lang='lat' dir='ltr'><strong>tm,</strong></span> <span class='ocrx_word' id='word_1_421' title='bbox 1018 5739 1110 5793; x_wconf 71' lang='grc'><strong>15.</strong></span> 
     </span>
    </p>
   </div>
   <div class='ocr_carea' id='block_1_61' title="bbox 2168 492 3737 566">
    <p class='ocr_par' dir='ltr' id='par_1_61' title="bbox 2168 492 3737 566">
     <span class='ocr_line' id='line_1_61' title="bbox 2168 492 3737 566; baseline -0.003 -15"><span class='ocrx_word' id='word_1_422' title='bbox 2168 501 2345 566; x_wconf 79' lang='grc' dir='ltr'>ἱεροὺς</span> <span class='ocrx_word' id='word_1_423' title='bbox 2378 497 2716 565; x_wconf 84' lang='grc' dir='ltr'>περιϐόλους,</span> <span class='ocrx_word' id='word_1_424' title='bbox 2745 497 2868 556; x_wconf 72' lang='grc' dir='ltr'>τοὺς</span> <span class='ocrx_word' id='word_1_425' title='bbox 2896 497 2970 563; x_wconf 81' lang='grc' dir='ltr'>μὴ</span> <span class='ocrx_word' id='word_1_426' title='bbox 3010 492 3376 553; x_wconf 69' lang='grc' dir='ltr'><strong>ἀπολυθέντας</strong></span> <span class='ocrx_word' id='word_1_427' title='bbox 3407 496 3486 553; x_wconf 83' lang='grc' dir='ltr'>εἰς</span> <span class='ocrx_word' id='word_1_428' title='bbox 3514 493 3737 560; x_wconf 83' lang='grc' dir='ltr'>ἀλόγων</span> 
     </span>
    </p>
   </div>
   <div class='ocr_carea' id='block_1_62' title="bbox 2165 587 3732 659">
    <p class='ocr_par' dir='ltr' id='par_1_62' title="bbox 2165 587 3732 659">
     <span class='ocr_line' id='line_1_62' title="bbox 2165 587 3732 659; baseline -0.002 -16"><span class='ocrx_word' id='word_1_429' title='bbox 2165 591 2318 654; x_wconf 79' lang='grc' dir='ltr'>ζώων</span> <span class='ocrx_word' id='word_1_430' title='bbox 2351 594 2761 659; x_wconf 78' lang='grc' dir='ltr'>καταπάτησιν,</span> <span class='ocrx_word' id='word_1_431' title='bbox 2818 589 2911 641; x_wconf 76' lang='grc' dir='ltr'>καὶ</span> <span class='ocrx_word' id='word_1_432' title='bbox 2945 587 3290 656; x_wconf 78' lang='grc' dir='ltr'>ἀλλοτρόπως</span> <span class='ocrx_word' id='word_1_433' title='bbox 3340 587 3732 650; x_wconf 80' lang='grc' dir='ltr'>κοινωθέντας.</span> 
     </span>
    </p>
   </div>
   <div class='ocr_carea' id='block_1_63' title="bbox 2173 677 3736 753">
    <p class='ocr_par' dir='ltr' id='par_1_63' title="bbox 2173 677 3736 753">
     <span class='ocr_line' id='line_1_63' title="bbox 2173 677 3736 753; baseline -0.003 -17"><span class='ocrx_word' id='word_1_434' title='bbox 2173 684 2308 736; x_wconf 76' lang='grc' dir='ltr'>Ἀπὸ</span> <span class='ocrx_word' id='word_1_435' title='bbox 2333 685 2518 753; x_wconf 77' lang='grc' dir='ltr'>μέντοι</span> <span class='ocrx_word' id='word_1_436' title='bbox 2537 683 2630 734; x_wconf 72' lang='grc' dir='ltr'><strong>τοῦ</strong></span> <span class='ocrx_word' id='word_1_437' title='bbox 2666 681 2732 751; x_wconf 80' lang='grc' dir='ltr'><strong>ιβ’</strong></span> <span class='ocrx_word' id='word_1_438' title='bbox 2756 699 2883 750; x_wconf 81' lang='grc' dir='ltr'>κεφ.</span> <span class='ocrx_word' id='word_1_439' title='bbox 2911 680 3004 734; x_wconf 83' lang='grc' dir='ltr'><strong>τοῦ</strong></span> <span class='ocrx_word' id='word_1_440' title='bbox 3035 678 3080 734; x_wconf 88' lang='grc' dir='ltr'>α’</span> <span class='ocrx_word' id='word_1_441' title='bbox 3106 679 3286 731; x_wconf 85' lang='grc' dir='ltr'>τίτλου</span> <span class='ocrx_word' id='word_1_442' title='bbox 3314 682 3407 732; x_wconf 84' lang='grc' dir='ltr'><strong>τού</strong></span> <span class='ocrx_word' id='word_1_443' title='bbox 3428 677 3468 731; x_wconf 88' lang='grc' dir='ltr'>ε’</span> <span class='ocrx_word' id='word_1_444' title='bbox 3497 678 3736 748; x_wconf 80' lang='grc' dir='ltr'>βιϐλίου,</span> 
     </span>
    </p>
   </div>
   <div class='ocr_carea' id='block_1_64' title="bbox 2161 771 3739 843">
    <p class='ocr_par' dir='ltr' id='par_1_64' title="bbox 2161 771 3739 843">
     <span class='ocr_line' id='line_1_64' title="bbox 2161 771 3739 843; baseline -0.003 -15"><span class='ocrx_word' id='word_1_445' title='bbox 2161 776 2257 828; x_wconf 81' lang='grc' dir='ltr'><strong>τοῦ</strong></span> <span class='ocrx_word' id='word_1_446' title='bbox 2289 778 2538 842; x_wconf 77' lang='grc' dir='ltr'>λέγοντος</span> <span class='ocrx_word' id='word_1_447' title='bbox 2559 792 2573 804; x_wconf 88' lang='grc'><strong>·</strong></span> <span class='ocrx_word' id='word_1_448' title='bbox 2607 775 2786 843; x_wconf 78' lang='grc' dir='ltr'>Μέχρι</span> <span class='ocrx_word' id='word_1_449' title='bbox 2818 773 2925 825; x_wconf 83' lang='grc' dir='ltr'><strong>τῶν</strong></span> <span class='ocrx_word' id='word_1_450' title='bbox 2955 773 3049 824; x_wconf 74' lang='grc' dir='ltr'>ἐπὶ</span> <span class='ocrx_word' id='word_1_451' title='bbox 3082 771 3184 838; x_wconf 77' lang='grc' dir='ltr'>τῆς</span> <span class='ocrx_word' id='word_1_452' title='bbox 3221 771 3488 838; x_wconf 83' lang='grc' dir='ltr'>δημοσίας</span> <span class='ocrx_word' id='word_1_453' title='bbox 3520 773 3739 843; x_wconf 76' lang='grc' dir='ltr'>ἀγορᾶς</span> 
     </span>
    </p>
   </div>
   <div class='ocr_carea' id='block_1_65' title="bbox 2163 862 3740 935">
    <p class='ocr_par' dir='ltr' id='par_1_65' title="bbox 2163 862 3740 935">
     <span class='ocr_line' id='line_1_65' title="bbox 2163 862 3740 935; baseline -0.003 -17"><span class='ocrx_word' id='word_1_454' title='bbox 2163 870 2262 935; x_wconf 84' lang='grc' dir='ltr'>τῆς</span> <span class='ocrx_word' id='word_1_455' title='bbox 2290 866 2584 935; x_wconf 78' lang='grc' dir='ltr'><strong>ἐκκλησίας</strong></span> <span class='ocrx_word' id='word_1_456' title='bbox 2616 865 2756 934; x_wconf 83' lang='grc' dir='ltr'>ὅρων</span> <span class='ocrx_word' id='word_1_457' title='bbox 2790 864 2850 915; x_wconf 84' lang='grc' dir='ltr'><strong>τδ</strong></span> <span class='ocrx_word' id='word_1_458' title='bbox 2882 862 3120 931; x_wconf 83' lang='grc' dir='ltr'>ἀσφαλὲς</span> <span class='ocrx_word' id='word_1_459' title='bbox 3153 863 3427 930; x_wconf 80' lang='grc' dir='ltr'>ἐχέτωσαν</span> <span class='ocrx_word' id='word_1_460' title='bbox 3472 864 3518 912; x_wconf 90' lang='grc' dir='ltr'><strong>οί</strong></span> <span class='ocrx_word' id='word_1_461' title='bbox 3560 879 3740 929; x_wconf 81' lang='grc' dir='ltr'>προσ-</span> 
     </span>
    </p>
   </div>
   <div class='ocr_carea' id='block_1_66' title="bbox 2163 953 3772 1029">
    <p class='ocr_par' dir='ltr' id='par_1_66' title="bbox 2163 953 3772 1029">
     <span class='ocr_line' id='line_1_66' title="bbox 2163 953 3772 1029; baseline -0.004 -17"><span class='ocrx_word' id='word_1_462' title='bbox 2163 961 2424 1029; x_wconf 83' lang='grc' dir='ltr'><strong>φυγόντες</strong></span> <span class='ocrx_word' id='word_1_463' title='bbox 2454 960 2564 1020; x_wconf 88' lang='grc' dir='ltr'>τοῖς</span> <span class='ocrx_word' id='word_1_464' title='bbox 2596 957 2894 1022; x_wconf 79' lang='grc' dir='ltr'>ἐνδοτέροις</span> <span class='ocrx_word' id='word_1_465' title='bbox 2918 956 3186 1024; x_wconf 80' lang='grc' dir='ltr'>λουτροῖς,</span> <span class='ocrx_word' id='word_1_466' title='bbox 3214 953 3245 1022; x_wconf 83' lang='grc' dir='ltr'><strong>ῆ</strong></span> <span class='ocrx_word' id='word_1_467' title='bbox 3279 956 3498 1023; x_wconf 79' lang='grc' dir='ltr'><strong>κήποις,</strong></span> <span class='ocrx_word' id='word_1_468' title='bbox 3524 954 3732 1024; x_wconf 82' lang='grc' dir='ltr'>ἦοῖκή-</span> <span class='ocrx_word' id='word_1_469' title='bbox 3765 1025 3772 1029; x_wconf 27' lang='grc'>.</span> 
     </span>
    </p>
   </div>
   <div class='ocr_carea' id='block_1_67' title="bbox 2167 1045 3798 1121">
    <p class='ocr_par' dir='ltr' id='par_1_67' title="bbox 2167 1045 3798 1121">
     <span class='ocr_line' id='line_1_67' title="bbox 2167 1045 3798 1121; baseline -0.002 -18"><span class='ocrx_word' id='word_1_470' title='bbox 2167 1068 2322 1121; x_wconf 83' lang='grc' dir='ltr'>μασι,</span> <span class='ocrx_word' id='word_1_471' title='bbox 2362 1051 2394 1120; x_wconf 83' lang='grc' dir='ltr'>ἢ</span> <span class='ocrx_word' id='word_1_472' title='bbox 2431 1049 2693 1119; x_wconf 82' lang='grc' dir='ltr'>στοαῖς,ἢ</span> <span class='ocrx_word' id='word_1_473' title='bbox 2730 1048 2916 1109; x_wconf 80' lang='grc' dir='ltr'><strong>αὐλαῖς</strong></span> <span class='ocrx_word' id='word_1_474' title='bbox 2947 1047 3240 1116; x_wconf 83' lang='grc' dir='ltr'>χρώμενοι,</span> <span class='ocrx_word' id='word_1_475' title='bbox 3274 1048 3368 1098; x_wconf 73' lang='grc' dir='ltr'><strong>καὶ</strong></span> <span class='ocrx_word' id='word_1_476' title='bbox 3412 1045 3747 1099; x_wconf 84' lang='grc' dir='ltr'>κωλυέσθω-</span> <span class='ocrx_word' id='word_1_477' title='bbox 3792 1080 3798 1081; x_wconf 39' lang='grc' dir='ltr'><em>γ</em></span> 
     </span>
    </p>
   </div>
   <div class='ocr_carea' id='block_1_68' title="bbox 2165 1139 3747 1210">
    <p class='ocr_par' dir='ltr' id='par_1_68' title="bbox 2165 1139 3747 1210">
     <span class='ocr_line' id='line_1_68' title="bbox 2165 1139 3747 1210; baseline -0.001 -16"><span class='ocrx_word' id='word_1_478' title='bbox 2165 1161 2268 1196; x_wconf 90' lang='grc' dir='ltr'><strong>σαν</strong></span> <span class='ocrx_word' id='word_1_479' title='bbox 2291 1143 2442 1205; x_wconf 73' lang='grc' dir='ltr'>ἐντὸς</span> <span class='ocrx_word' id='word_1_480' title='bbox 2470 1141 2564 1194; x_wconf 81' lang='grc' dir='ltr'><strong>τοῦ</strong></span> <span class='ocrx_word' id='word_1_481' title='bbox 2593 1141 2723 1194; x_wconf 91' lang='grc' dir='ltr'>ναοῦ</span> <span class='ocrx_word' id='word_1_482' title='bbox 2753 1140 2953 1193; x_wconf 77' lang='grc' dir='ltr'>ύπνοῦν</span> <span class='ocrx_word' id='word_1_483' title='bbox 2994 1139 3026 1210; x_wconf 87' lang='grc' dir='ltr'>ἢ</span> <span class='ocrx_word' id='word_1_484' title='bbox 3063 1140 3260 1192; x_wconf 84' lang='grc' dir='ltr'>ἐσθίειν</span> <span class='ocrx_word' id='word_1_485' title='bbox 3287 1157 3302 1172; x_wconf 76' lang='grc' dir='ltr'><strong><em>ο</em></strong></span> <span class='ocrx_word' id='word_1_486' title='bbox 3335 1140 3408 1208; x_wconf 80' lang='grc' dir='ltr'>μὴ</span> <span class='ocrx_word' id='word_1_487' title='bbox 3442 1140 3601 1210; x_wconf 79' lang='grc' dir='ltr'>εἴπῃς</span> <span class='ocrx_word' id='word_1_488' title='bbox 3636 1142 3747 1192; x_wconf 80' lang='grc' dir='ltr'><strong>καὶ</strong></span> 
     </span>
    </p>
   </div>
   <div class='ocr_carea' id='block_1_69' title="bbox 2161 1230 3738 1304">
    <p class='ocr_par' dir='ltr' id='par_1_69' title="bbox 2161 1230 3738 1304">
     <span class='ocr_line' id='line_1_69' title="bbox 2161 1230 3738 1304; baseline -0.003 -17"><span class='ocrx_word' id='word_1_489' title='bbox 2161 1237 2229 1288; x_wconf 77' lang='grc' dir='ltr'>τὰ</span> <span class='ocrx_word' id='word_1_490' title='bbox 2254 1233 2426 1304; x_wconf 79' lang='grc' dir='ltr'>λυτρὰ</span> <span class='ocrx_word' id='word_1_491' title='bbox 2457 1235 2551 1286; x_wconf 75' lang='grc' dir='ltr'>καὶ</span> <span class='ocrx_word' id='word_1_492' title='bbox 2587 1237 2712 1295; x_wconf 62' lang='grc' dir='ltr'>τοὺς</span> <span class='ocrx_word' id='word_1_493' title='bbox 2743 1235 2956 1302; x_wconf 83' lang='grc' dir='ltr'>κήπους</span> <span class='ocrx_word' id='word_1_494' title='bbox 2985 1230 3199 1296; x_wconf 78' lang='grc' dir='ltr'>καὶτὰς</span> <span class='ocrx_word' id='word_1_495' title='bbox 3233 1233 3394 1294; x_wconf 79' lang='grc' dir='ltr'>στοὰς</span> <span class='ocrx_word' id='word_1_496' title='bbox 3425 1233 3524 1293; x_wconf 79' lang='grc' dir='ltr'>τὰς</span> <span class='ocrx_word' id='word_1_497' title='bbox 3560 1250 3738 1302; x_wconf 70' lang='grc' dir='ltr'>συνη-</span> 
     </span>
    </p>
   </div>
   <div class='ocr_carea' id='block_1_70' title="bbox 2161 1320 3738 1398">
    <p class='ocr_par' dir='ltr' id='par_1_70' title="bbox 2161 1320 3738 1398">
     <span class='ocr_line' id='line_1_70' title="bbox 2161 1320 3738 1398; baseline -0.005 -16"><span class='ocrx_word' id='word_1_498' title='bbox 2161 1330 2408 1398; x_wconf 80' lang='grc' dir='ltr'>νωμένας</span> <span class='ocrx_word' id='word_1_499' title='bbox 2437 1330 2560 1390; x_wconf 87' lang='grc' dir='ltr'>ταῖς</span> <span class='ocrx_word' id='word_1_500' title='bbox 2611 1325 2933 1396; x_wconf 77' lang='grc' dir='ltr'><strong>ἐκκλησίαις</strong></span> <span class='ocrx_word' id='word_1_501' title='bbox 2967 1327 3145 1392; x_wconf 72' lang='grc' dir='ltr'>ἱεροὺς</span> <span class='ocrx_word' id='word_1_502' title='bbox 3189 1323 3512 1392; x_wconf 81' lang='grc' dir='ltr'>περιϐόλους</span> <span class='ocrx_word' id='word_1_503' title='bbox 3569 1320 3738 1384; x_wconf 76' lang='grc' dir='ltr'>εἶναι,</span> 
     </span>
    </p>
   </div>
   <div class='ocr_carea' id='block_1_71' title="bbox 2160 1414 3721 1486">
    <p class='ocr_par' dir='ltr' id='par_1_71' title="bbox 2160 1414 3721 1486">
     <span class='ocr_line' id='line_1_71' title="bbox 2160 1414 3721 1486; baseline -0.003 -12"><span class='ocrx_word' id='word_1_504' title='bbox 2160 1421 2233 1485; x_wconf 86' lang='grc' dir='ltr'>ὡς</span> <span class='ocrx_word' id='word_1_505' title='bbox 2258 1420 2512 1473; x_wconf 75' lang='grc' dir='ltr'>ἐντεῦθεν</span> <span class='ocrx_word' id='word_1_506' title='bbox 2537 1420 2846 1472; x_wconf 79' lang='grc' dir='ltr'>κωλύεσθαι</span> <span class='ocrx_word' id='word_1_507' title='bbox 2873 1418 2968 1471; x_wconf 72' lang='grc' dir='ltr'>καὶ</span> <span class='ocrx_word' id='word_1_508' title='bbox 3001 1418 3063 1470; x_wconf 79' lang='grc' dir='ltr'><strong>τὸ</strong></span> <span class='ocrx_word' id='word_1_509' title='bbox 3096 1416 3457 1486; x_wconf 82' lang='grc' dir='ltr'>προτίθεσθαι</span> <span class='ocrx_word' id='word_1_510' title='bbox 3487 1414 3619 1468; x_wconf 79' lang='grc' dir='ltr'>ὤνια</span> <span class='ocrx_word' id='word_1_511' title='bbox 3645 1419 3721 1469; x_wconf 87' lang='grc' dir='ltr'>ὲπ</span> 
     </span>
    </p>
   </div>
   <div class='ocr_carea' id='block_1_72' title="bbox 2161 1508 3737 1581">
    <p class='ocr_par' dir='ltr' id='par_1_72' title="bbox 2161 1508 3737 1581">
     <span class='ocr_line' id='line_1_72' title="bbox 2161 1508 3737 1581; baseline -0.006 -14"><span class='ocrx_word' id='word_1_512' title='bbox 2161 1516 2362 1577; x_wconf 75' lang='grc' dir='ltr'>αὐτοῖς.</span> <span class='ocrx_word' id='word_1_513' title='bbox 2398 1511 2581 1565; x_wconf 85' lang='grc' dir='ltr'>Ταῦτα</span> <span class='ocrx_word' id='word_1_514' title='bbox 2614 1513 2719 1581; x_wconf 76' lang='grc' dir='ltr'>γὰρ</span> <span class='ocrx_word' id='word_1_515' title='bbox 2755 1511 2898 1580; x_wconf 80' lang='grc' dir='ltr'>μέρη</span> <span class='ocrx_word' id='word_1_516' title='bbox 2948 1510 3045 1580; x_wconf 83' lang='grc' dir='ltr'><strong>μὲν</strong></span> <span class='ocrx_word' id='word_1_517' title='bbox 3089 1510 3189 1578; x_wconf 81' lang='grc' dir='ltr'>τῆς</span> <span class='ocrx_word' id='word_1_518' title='bbox 3241 1508 3539 1576; x_wconf 72' lang='grc' dir='ltr'>ἐκκλησίας</span> <span class='ocrx_word' id='word_1_519' title='bbox 3581 1508 3737 1576; x_wconf 81' lang='grc' dir='ltr'>λογί-</span> 
     </span>
    </p>
   </div>
   <div class='ocr_carea' id='block_1_73' title="bbox 2161 1588 3733 1675">
    <p class='ocr_par' dir='ltr' id='par_1_73' title="bbox 2161 1588 3733 1675">
     <span class='ocr_line' id='line_1_73' title="bbox 2161 1588 3733 1675; baseline -0.004 -17"><span class='ocrx_word' id='word_1_520' title='bbox 2161 1605 2376 1669; x_wconf 79' lang='grc' dir='ltr'>ζονται·</span> <span class='ocrx_word' id='word_1_521' title='bbox 2424 1606 2556 1675; x_wconf 80' lang='grc' dir='ltr'>ἱεροὶ</span> <span class='ocrx_word' id='word_1_522' title='bbox 2581 1604 2638 1656; x_wconf 81' lang='grc' dir='ltr'>δὲ</span> <span class='ocrx_word' id='word_1_523' title='bbox 2669 1603 2946 1673; x_wconf 83' lang='grc' dir='ltr'>περίϐολοι</span> <span class='ocrx_word' id='word_1_524' title='bbox 2993 1603 3054 1655; x_wconf 86' lang='grc' dir='ltr'><strong>ού</strong></span> <span class='ocrx_word' id='word_1_525' title='bbox 3085 1588 3466 1670; x_wconf 76' lang='grc' dir='ltr'>λεχθῆσονται.</span> <span class='ocrx_word' id='word_1_526' title='bbox 3513 1603 3621 1655; x_wconf 68' lang='grc' dir='ltr'><strong>Καὶ</strong></span> <span class='ocrx_word' id='word_1_527' title='bbox 3650 1603 3733 1663; x_wconf 81' lang='grc' dir='ltr'>ὡς</span> 
     </span>
    </p>
   </div>
   <div class='ocr_carea' id='block_1_74' title="bbox 2161 1693 3736 1766">
    <p class='ocr_par' dir='ltr' id='par_1_74' title="bbox 2161 1693 3736 1766">
     <span class='ocr_line' id='line_1_74' title="bbox 2161 1693 3736 1766; baseline -0.005 -14"><span class='ocrx_word' id='word_1_528' title='bbox 2161 1698 2317 1752; x_wconf 84' lang='grc' dir='ltr'>κοινά</span> <span class='ocrx_word' id='word_1_529' title='bbox 2351 1697 2471 1766; x_wconf 84' lang='grc' dir='ltr'>μὲν,</span> <span class='ocrx_word' id='word_1_530' title='bbox 2534 1696 2635 1766; x_wconf 79' lang='grc' dir='ltr'>τῆς</span> <span class='ocrx_word' id='word_1_531' title='bbox 2690 1696 2856 1764; x_wconf 79' lang='grc' dir='ltr'>τιμῆς</span> <span class='ocrx_word' id='word_1_532' title='bbox 2913 1694 3023 1746; x_wconf 82' lang='grc' dir='ltr'>τῶν</span> <span class='ocrx_word' id='word_1_533' title='bbox 3075 1694 3236 1766; x_wconf 80' lang='grc' dir='ltr'>ἱερῶν</span> <span class='ocrx_word' id='word_1_534' title='bbox 3287 1693 3590 1762; x_wconf 80' lang='grc' dir='ltr'>περιϐόλων</span> <span class='ocrx_word' id='word_1_535' title='bbox 3630 1695 3736 1744; x_wconf 88' lang='grc' dir='ltr'><strong>ούκ</strong></span> 
     </span>
    </p>
   </div>
   <div class='ocr_carea' id='block_1_75' title="bbox 2162 1786 3736 1861">
    <p class='ocr_par' dir='ltr' id='par_1_75' title="bbox 2162 1786 3736 1861">
     <span class='ocr_line' id='line_1_75' title="bbox 2162 1786 3736 1861; baseline -0.006 -16"><span class='ocrx_word' id='word_1_536' title='bbox 2162 1792 2557 1861; x_wconf 79' lang='grc' dir='ltr'>ἀξιωθήσονται</span> <span class='ocrx_word' id='word_1_537' title='bbox 2583 1807 2595 1819; x_wconf 75' lang='grc'><strong><em>⁸</em></strong></span> <span class='ocrx_word' id='word_1_538' title='bbox 2629 1789 2720 1842; x_wconf 79' lang='grc' dir='ltr'>διὰ</span> <span class='ocrx_word' id='word_1_539' title='bbox 2750 1791 2804 1842; x_wconf 79' lang='grc' dir='ltr'>δὲ</span> <span class='ocrx_word' id='word_1_540' title='bbox 2839 1789 2898 1840; x_wconf 81' lang='grc' dir='ltr'><strong>τὸ</strong></span> <span class='ocrx_word' id='word_1_541' title='bbox 2931 1790 3030 1856; x_wconf 80' lang='grc' dir='ltr'><strong>τῆς</strong></span> <span class='ocrx_word' id='word_1_542' title='bbox 3068 1786 3368 1854; x_wconf 72' lang='grc' dir='ltr'>ἐκκλησίας</span> <span class='ocrx_word' id='word_1_543' title='bbox 3410 1787 3736 1855; x_wconf 68' lang='grc' dir='ltr'>προνόμιον,</span> 
     </span>
    </p>
   </div>
   <div class='ocr_carea' id='block_1_76' title="bbox 2162 1877 3742 1950">
    <p class='ocr_par' dir='ltr' id='par_1_76' title="bbox 2162 1877 3742 1950">
     <span class='ocr_line' id='line_1_76' title="bbox 2162 1877 3742 1950; baseline -0.007 -15"><span class='ocrx_word' id='word_1_544' title='bbox 2162 1887 2189 1936; x_wconf 84' lang='grc' dir='ltr'><strong>ὁ</strong></span> <span class='ocrx_word' id='word_1_545' title='bbox 2216 1883 2274 1948; x_wconf 81' lang='grc' dir='ltr'>ἐξ</span> <span class='ocrx_word' id='word_1_546' title='bbox 2299 1883 2476 1934; x_wconf 83' lang='grc' dir='ltr'>αὐτῶν</span> <span class='ocrx_word' id='word_1_547' title='bbox 2503 1881 2834 1950; x_wconf 75' lang='grc' dir='ltr'>ἀφαρπάσας</span> <span class='ocrx_word' id='word_1_548' title='bbox 2863 1879 3154 1948; x_wconf 81' lang='grc' dir='ltr'>πρόσφυγα</span> <span class='ocrx_word' id='word_1_549' title='bbox 3179 1877 3595 1947; x_wconf 81' lang='grc' dir='ltr'>κολασθήσεται.</span> <span class='ocrx_word' id='word_1_550' title='bbox 3624 1877 3742 1942; x_wconf 79' lang='grc' dir='ltr'>Ση-</span> 
     </span>
    </p>
   </div>
   <div class='ocr_carea' id='block_1_77' title="bbox 2167 1967 3737 2048">
    <p class='ocr_par' dir='ltr' id='par_1_77' title="bbox 2167 1967 3737 2048">
     <span class='ocr_line' id='line_1_77' title="bbox 2167 1967 3737 2048; baseline -0.006 -20"><span class='ocrx_word' id='word_1_551' title='bbox 2167 1977 2396 2048; x_wconf 82' lang='grc' dir='ltr'>μείωσαι</span> <span class='ocrx_word' id='word_1_552' title='bbox 2455 1975 2509 2027; x_wconf 80' lang='grc' dir='ltr'>δὲ</span> <span class='ocrx_word' id='word_1_553' title='bbox 2577 1977 2658 2027; x_wconf 83' lang='grc' dir='ltr'>ὅτι</span> <span class='ocrx_word' id='word_1_554' title='bbox 2717 1972 2865 2034; x_wconf 75' lang='grc' dir='ltr'>ἐντὸς</span> <span class='ocrx_word' id='word_1_555' title='bbox 2900 1972 3062 2038; x_wconf 82' lang='grc' dir='ltr'>μόνου</span> <span class='ocrx_word' id='word_1_556' title='bbox 3113 1969 3205 2024; x_wconf 85' lang='grc' dir='ltr'><strong>τοῦ</strong></span> <span class='ocrx_word' id='word_1_557' title='bbox 3241 1969 3368 2022; x_wconf 89' lang='grc' dir='ltr'>ναοῦ</span> <span class='ocrx_word' id='word_1_558' title='bbox 3405 1967 3608 2021; x_wconf 77' lang='grc' dir='ltr'>ἐσθίειν</span> <span class='ocrx_word' id='word_1_559' title='bbox 3636 1968 3737 2019; x_wconf 74' lang='grc' dir='ltr'><strong>καὶ</strong></span> 
     </span>
    </p>
   </div>
   <div class='ocr_carea' id='block_1_78' title="bbox 2164 2063 3204 2136">
    <p class='ocr_par' dir='ltr' id='par_1_78' title="bbox 2164 2063 3204 2136">
     <span class='ocr_line' id='line_1_78' title="bbox 2164 2063 3204 2136; baseline -0.006 -14"><span class='ocrx_word' id='word_1_560' title='bbox 2164 2070 2338 2122; x_wconf 87' lang='grc' dir='ltr'>πίνειν</span> <span class='ocrx_word' id='word_1_561' title='bbox 2369 2067 2495 2129; x_wconf 78' lang='grc' dir='ltr'>τοὺς</span> <span class='ocrx_word' id='word_1_562' title='bbox 2527 2067 2847 2136; x_wconf 72' lang='grc' dir='ltr'>πρόσφυγας</span> <span class='ocrx_word' id='word_1_563' title='bbox 2877 2063 3204 2117; x_wconf 79' lang='grc' dir='ltr'>κεκώλυται.</span> 
     </span>
    </p>
   </div>
   <div class='ocr_carea' id='block_1_79' title="bbox 2233 2239 3738 2311">
    <p class='ocr_par' dir='ltr' id='par_1_79' title="bbox 2233 2239 3738 2311">
     <span class='ocr_line' id='line_1_79' title="bbox 2233 2239 3738 2311; baseline -0.006 -10"><span class='ocrx_word' id='word_1_564' title='bbox 2233 2248 2478 2302; x_wconf 70' lang='grc' dir='ltr'><strong>ΖΩΝΛΡ.</strong></span> <span class='ocrx_word' id='word_1_565' title='bbox 2521 2243 2585 2296; x_wconf 78' lang='grc' dir='ltr'>Ὀ</span> <span class='ocrx_word' id='word_1_566' title='bbox 2620 2239 2786 2308; x_wconf 74' lang='grc' dir='ltr'>οἶκός</span> <span class='ocrx_word' id='word_1_567' title='bbox 2808 2261 2948 2311; x_wconf 80' lang='grc' dir='ltr'>μου,</span> <span class='ocrx_word' id='word_1_568' title='bbox 2983 2243 3095 2302; x_wconf 78' lang='grc' dir='ltr'>τοῖς</span> <span class='ocrx_word' id='word_1_569' title='bbox 3119 2241 3399 2308; x_wconf 70' lang='grc' dir='ltr'>Ἰουδαίοις</span> <span class='ocrx_word' id='word_1_570' title='bbox 3437 2241 3538 2309; x_wconf 62' lang='grc' dir='ltr'><strong>ἔφη</strong></span> <span class='ocrx_word' id='word_1_571' title='bbox 3565 2243 3590 2292; x_wconf 78' lang='grc' dir='ltr'>ὁ</span> <span class='ocrx_word' id='word_1_572' title='bbox 3622 2240 3738 2293; x_wconf 69' lang='grc' dir='ltr'><strong>Κύι-</strong></span> 
     </span>
    </p>
   </div>
   <div class='ocr_carea' id='block_1_80' title="bbox 2165 2333 3742 2413">
    <p class='ocr_par' dir='ltr' id='par_1_80' title="bbox 2165 2333 3742 2413">
     <span class='ocr_line' id='line_1_80' title="bbox 2165 2333 3742 2413; baseline -0.004 -19"><span class='ocrx_word' id='word_1_573' title='bbox 2165 2359 2296 2413; x_wconf 82' lang='grc' dir='ltr'>ριος,</span> <span class='ocrx_word' id='word_1_574' title='bbox 2324 2337 2486 2403; x_wconf 74' lang='grc' dir='ltr'>οἶκος</span> <span class='ocrx_word' id='word_1_575' title='bbox 2514 2335 2858 2403; x_wconf 71' lang='grc' dir='ltr'>προσευχῆς</span> <span class='ocrx_word' id='word_1_576' title='bbox 2883 2333 3254 2399; x_wconf 73' lang='grc' dir='ltr'>κληθήσεται</span> <span class='ocrx_word' id='word_1_577' title='bbox 3282 2351 3292 2362; x_wconf 94' lang='grc'>·</span> <span class='ocrx_word' id='word_1_578' title='bbox 3331 2333 3501 2401; x_wconf 83' lang='grc' dir='ltr'><strong>ὑμεῖς</strong></span> <span class='ocrx_word' id='word_1_579' title='bbox 3533 2333 3600 2386; x_wconf 81' lang='grc' dir='ltr'>δὲ</span> <span class='ocrx_word' id='word_1_580' title='bbox 3627 2337 3742 2388; x_wconf 76' lang='grc' dir='ltr'><strong>αὺ-</strong></span> 
     </span>
    </p>
   </div>
   <div class='ocr_carea' id='block_1_81' title="bbox 2162 2425 3738 2497">
    <p class='ocr_par' dir='ltr' id='par_1_81' title="bbox 2162 2425 3738 2497">
     <span class='ocr_line' id='line_1_81' title="bbox 2162 2425 3738 2497; baseline -0.006 -9"><span class='ocrx_word' id='word_1_581' title='bbox 2162 2438 2268 2488; x_wconf 64' lang='grc' dir='ltr'><strong>τὸν·</strong></span> <span class='ocrx_word' id='word_1_582' title='bbox 2293 2433 2616 2497; x_wconf 80' lang='grc' dir='ltr'>ἐποιήσατε</span> <span class='ocrx_word' id='word_1_583' title='bbox 2643 2430 2950 2496; x_wconf 81' lang='grc' dir='ltr'>σπήλαιον</span> <span class='ocrx_word' id='word_1_584' title='bbox 2977 2425 3242 2495; x_wconf 73' lang='grc' dir='ltr'>λῃστῶν.</span> <span class='ocrx_word' id='word_1_585' title='bbox 3274 2426 3370 2478; x_wconf 84' lang='grc' dir='ltr'><strong>”Ιν’</strong></span> <span class='ocrx_word' id='word_1_586' title='bbox 3406 2425 3500 2477; x_wconf 78' lang='grc' dir='ltr'><strong>οὖν</strong></span> <span class='ocrx_word' id='word_1_587' title='bbox 3535 2428 3607 2495; x_wconf 83' lang='grc' dir='ltr'>μὴ</span> <span class='ocrx_word' id='word_1_588' title='bbox 3637 2429 3738 2479; x_wconf 76' lang='grc' dir='ltr'>καὶ</span> 
     </span>
    </p>
   </div>
   <div class='ocr_carea' id='block_1_82' title="bbox 2162 2517 3739 2590">
    <p class='ocr_par' dir='ltr' id='par_1_82' title="bbox 2162 2517 3739 2590">
     <span class='ocr_line' id='line_1_82' title="bbox 2162 2517 3739 2590; baseline -0.008 -9"><span class='ocrx_word' id='word_1_589' title='bbox 2162 2530 2273 2590; x_wconf 80' lang='grc' dir='ltr'>τοῖς</span> <span class='ocrx_word' id='word_1_590' title='bbox 2320 2527 2530 2585; x_wconf 80' lang='grc' dir='ltr'>πιστοῖς</span> <span class='ocrx_word' id='word_1_591' title='bbox 2564 2521 2721 2574; x_wconf 87' lang='grc' dir='ltr'>τοῦτο</span> <span class='ocrx_word' id='word_1_592' title='bbox 2770 2519 2931 2589; x_wconf 74' lang='grc' dir='ltr'>ῥηθῇ,</span> <span class='ocrx_word' id='word_1_593' title='bbox 2964 2518 3353 2588; x_wconf 72' lang='grc' dir='ltr'>ἀπηγόρευσαν</span> <span class='ocrx_word' id='word_1_594' title='bbox 3397 2519 3444 2568; x_wconf 84' lang='grc' dir='ltr'>οἱ</span> <span class='ocrx_word' id='word_1_595' title='bbox 3491 2517 3739 2586; x_wconf 81' lang='grc' dir='ltr'>Πατέρες</span> 
     </span>
    </p>
   </div>
   <div class='ocr_carea' id='block_1_83' title="bbox 2164 2611 3722 2683">
    <p class='ocr_par' dir='ltr' id='par_1_83' title="bbox 2164 2611 3722 2683">
     <span class='ocr_line' id='line_1_83' title="bbox 2164 2611 3722 2683; baseline -0.008 -11"><span class='ocrx_word' id='word_1_596' title='bbox 2164 2621 2310 2672; x_wconf 79' lang='grc' dir='ltr'>ἔνδον</span> <span class='ocrx_word' id='word_1_597' title='bbox 2357 2617 2463 2670; x_wconf 86' lang='grc' dir='ltr'>τῶν</span> <span class='ocrx_word' id='word_1_598' title='bbox 2503 2615 2666 2683; x_wconf 84' lang='grc' dir='ltr'>ίερῶν</span> <span class='ocrx_word' id='word_1_599' title='bbox 2715 2612 3016 2681; x_wconf 72' lang='grc' dir='ltr'>περιϐόλων</span> <span class='ocrx_word' id='word_1_600' title='bbox 3059 2611 3331 2678; x_wconf 83' lang='grc' dir='ltr'>καπηλεῖα</span> <span class='ocrx_word' id='word_1_601' title='bbox 3383 2612 3661 2679; x_wconf 75' lang='grc' dir='ltr'>συνιστᾷν,</span> <span class='ocrx_word' id='word_1_602' title='bbox 3687 2611 3722 2680; x_wconf 80' lang='grc' dir='ltr'>ἢ</span> 
     </span>
    </p>
   </div>
   <div class='ocr_carea' id='block_1_84' title="bbox 2164 2684 3726 2778">
    <p class='ocr_par' dir='ltr' id='par_1_84' title="bbox 2164 2702 3726 2778">
     <span class='ocr_line' id='line_1_84' title="bbox 2164 2702 3726 2778; baseline -0.008 -15"><span class='ocrx_word' id='word_1_603' title='bbox 2164 2711 2398 2778; x_wconf 73' lang='grc' dir='ltr'>ἐδώδιμα</span> <span class='ocrx_word' id='word_1_604' title='bbox 2440 2707 2754 2777; x_wconf 80' lang='grc' dir='ltr'>προτιθέναι</span> <span class='ocrx_word' id='word_1_605' title='bbox 2791 2707 2868 2766; x_wconf 81' lang='grc' dir='ltr'><strong>είς</strong></span> <span class='ocrx_word' id='word_1_606' title='bbox 2911 2706 3135 2772; x_wconf 77' lang='grc' dir='ltr'>πρᾶσιν,</span> <span class='ocrx_word' id='word_1_607' title='bbox 3165 2704 3196 2772; x_wconf 84' lang='grc' dir='ltr'>ἦ</span> <span class='ocrx_word' id='word_1_608' title='bbox 3238 2702 3401 2769; x_wconf 76' lang='grc' dir='ltr'>ἕτερά</span> <span class='ocrx_word' id='word_1_609' title='bbox 3435 2720 3577 2756; x_wconf 80' lang='grc' dir='ltr'>τινα.</span> <span class='ocrx_word' id='word_1_610' title='bbox 3611 2703 3726 2753; x_wconf 67' lang='grc' dir='ltr'><strong>Οὔκ</strong></span> 
     </span>
    </p>
   </div>
   <div class='ocr_carea' id='block_1_85' title="bbox 2163 2795 3726 2867">
    <p class='ocr_par' dir='ltr' id='par_1_85' title="bbox 2163 2795 3726 2867">
     <span class='ocr_line' id='line_1_85' title="bbox 2163 2795 3726 2867; baseline 0.004 -12"><span class='ocrx_word' id='word_1_611' title='bbox 2163 2800 2315 2856; x_wconf 79' lang='grc' dir='ltr'>εἶπον</span> <span class='ocrx_word' id='word_1_612' title='bbox 2345 2803 2401 2854; x_wconf 80' lang='grc' dir='ltr'>δὲ</span> <span class='ocrx_word' id='word_1_613' title='bbox 2427 2802 2572 2854; x_wconf 80' lang='grc' dir='ltr'>ἔνδον</span> <span class='ocrx_word' id='word_1_614' title='bbox 2600 2800 2698 2867; x_wconf 77' lang='grc' dir='ltr'>τῆς</span> <span class='ocrx_word' id='word_1_615' title='bbox 2726 2797 3040 2864; x_wconf 69' lang='grc' dir='ltr'>ἐκκλησίας.</span> <span class='ocrx_word' id='word_1_616' title='bbox 3075 2796 3212 2847; x_wconf 72' lang='grc' dir='ltr'><strong>ἀλλὰ</strong></span> <span class='ocrx_word' id='word_1_617' title='bbox 3236 2795 3342 2846; x_wconf 73' lang='grc' dir='ltr'><strong>τῶν</strong></span> <span class='ocrx_word' id='word_1_618' title='bbox 3375 2795 3540 2861; x_wconf 63' lang='grc' dir='ltr'>ἱερῶν</span> <span class='ocrx_word' id='word_1_619' title='bbox 3570 2811 3726 2862; x_wconf 66' lang='grc' dir='ltr'>περί·</span> 
     </span>
    </p>
   </div>
   <div class='ocr_carea' id='block_1_86' title="bbox 2165 2884 3730 2962">
    <p class='ocr_par' dir='ltr' id='par_1_86' title="bbox 2165 2884 3730 2962">
     <span class='ocr_line' id='line_1_86' title="bbox 2165 2884 3730 2962; baseline -0.01 -14"><span class='ocrx_word' id='word_1_620' title='bbox 2165 2899 2356 2950; x_wconf 70' lang='grc' dir='ltr'>δόλων,</span> <span class='ocrx_word' id='word_1_621' title='bbox 2392 2892 2675 2962; x_wconf 79' lang='grc' dir='ltr'>Περίϐολοι</span> <span class='ocrx_word' id='word_1_622' title='bbox 2713 2891 2756 2941; x_wconf 82' lang='grc' dir='ltr'>δ’</span> <span class='ocrx_word' id='word_1_623' title='bbox 2801 2891 2938 2941; x_wconf 69' lang='grc' dir='ltr'>εἰσὶν</span> <span class='ocrx_word' id='word_1_624' title='bbox 2984 2890 3122 2955; x_wconf 68' lang='grc' dir='ltr'>ἱεροὶ</span> <span class='ocrx_word' id='word_1_625' title='bbox 3152 2888 3204 2938; x_wconf 83' lang='grc' dir='ltr'>αἱ</span> <span class='ocrx_word' id='word_1_626' title='bbox 3243 2886 3352 2938; x_wconf 82' lang='grc' dir='ltr'><strong>τῶν</strong></span> <span class='ocrx_word' id='word_1_627' title='bbox 3389 2887 3550 2937; x_wconf 77' lang='grc' dir='ltr'>θείων</span> <span class='ocrx_word' id='word_1_628' title='bbox 3582 2884 3730 2936; x_wconf 83' lang='grc' dir='ltr'>ναῶν</span> 
     </span>
    </p>
   </div>
   <div class='ocr_carea' id='block_1_87' title="bbox 2165 2978 3729 3055">
    <p class='ocr_par' dir='ltr' id='par_1_87' title="bbox 2165 2978 3729 3055">
     <span class='ocr_line' id='line_1_87' title="bbox 2165 2978 3729 3055; baseline -0.011 -12"><span class='ocrx_word' id='word_1_629' title='bbox 2165 2989 2372 3043; x_wconf 79' lang='grc' dir='ltr'>ἅπασαι</span> <span class='ocrx_word' id='word_1_630' title='bbox 2427 2986 2716 3055; x_wconf 75' lang='grc' dir='ltr'><strong>περιοχαί⁸</strong></span> <span class='ocrx_word' id='word_1_631' title='bbox 2759 2981 2898 3034; x_wconf 81' lang='grc' dir='ltr'>ὥστε</span> <span class='ocrx_word' id='word_1_632' title='bbox 2942 2980 3053 3032; x_wconf 80' lang='grc' dir='ltr'>οὐδ’</span> <span class='ocrx_word' id='word_1_633' title='bbox 3086 2983 3141 3031; x_wconf 82' lang='grc' dir='ltr'>ἐν</span> <span class='ocrx_word' id='word_1_634' title='bbox 3196 2978 3729 3046; x_wconf 77' lang='grc' dir='ltr'>προτεμενίσμασιν,</span> 
     </span>
    </p>
   </div>
   <div class='ocr_carea' id='block_1_88' title="bbox 2164 3070 3734 3148">
    <p class='ocr_par' dir='ltr' id='par_1_88' title="bbox 2164 3070 3734 3148">
     <span class='ocr_line' id='line_1_88' title="bbox 2164 3070 3734 3148; baseline -0.006 -16"><span class='ocrx_word' id='word_1_635' title='bbox 2164 3081 2270 3132; x_wconf 69' lang='grc' dir='ltr'>οὐδ’</span> <span class='ocrx_word' id='word_1_636' title='bbox 2310 3084 2365 3132; x_wconf 77' lang='grc' dir='ltr'>ὲν</span> <span class='ocrx_word' id='word_1_637' title='bbox 2395 3079 2711 3148; x_wconf 84' lang='grc' dir='ltr'>προαυλίοις</span> <span class='ocrx_word' id='word_1_638' title='bbox 2743 3073 2984 3126; x_wconf 87' lang='grc' dir='ltr'>τοιοῦτόν</span> <span class='ocrx_word' id='word_1_639' title='bbox 3018 3088 3071 3123; x_wconf 87' lang='grc' dir='ltr'><strong>τι</strong></span> <span class='ocrx_word' id='word_1_640' title='bbox 3115 3070 3367 3138; x_wconf 85' lang='grc' dir='ltr'>γίνεσθαι</span> <span class='ocrx_word' id='word_1_641' title='bbox 3405 3072 3734 3139; x_wconf 76' lang='grc' dir='ltr'>παραχωρεῖ</span> 
     </span>
    </p>
   </div>
   <div class='ocr_carea' id='block_1_89' title="bbox 2161 3164 3730 3228">
    <p class='ocr_par' dir='ltr' id='par_1_89' title="bbox 2161 3164 3730 3228">
     <span class='ocr_line' id='line_1_89' title="bbox 2161 3164 3730 3228; baseline -0.006 -2"><span class='ocrx_word' id='word_1_642' title='bbox 2161 3177 2188 3226; x_wconf 86' lang='grc' dir='ltr'>ὁ</span> <span class='ocrx_word' id='word_1_643' title='bbox 2221 3173 2433 3225; x_wconf 80' lang='grc' dir='ltr'>κανών·</span> <span class='ocrx_word' id='word_1_644' title='bbox 2491 3172 2538 3221; x_wconf 84' lang='grc' dir='ltr'><strong>εί</strong></span> <span class='ocrx_word' id='word_1_645' title='bbox 2591 3172 2681 3220; x_wconf 58' lang='grc' dir='ltr'><strong>καὶ</strong></span> <span class='ocrx_word' id='word_1_646' title='bbox 2729 3168 2821 3220; x_wconf 79' lang='grc' dir='ltr'>νῦν</span> <span class='ocrx_word' id='word_1_647' title='bbox 2870 3165 3182 3226; x_wconf 75' lang='grc' dir='ltr'>ἀνευλαϐὠς</span> <span class='ocrx_word' id='word_1_648' title='bbox 3239 3164 3413 3215; x_wconf 81' lang='grc' dir='ltr'>ταῦτα</span> <span class='ocrx_word' id='word_1_649' title='bbox 3461 3164 3730 3228; x_wconf 79' lang='grc' dir='ltr'>γίνονται.</span> 
     </span>
    </p>
   </div>
   <div class='ocr_carea' id='block_1_90' title="bbox 2162 3255 3728 3322">
    <p class='ocr_par' dir='ltr' id='par_1_90' title="bbox 2162 3255 3728 3322">
     <span class='ocr_line' id='line_1_90' title="bbox 2162 3255 3728 3322; baseline -0.006 -7"><span class='ocrx_word' id='word_1_650' title='bbox 2162 3261 2647 3322; x_wconf 70' lang='grc' dir='ltr'>Κατασκευάζουσι</span> <span class='ocrx_word' id='word_1_651' title='bbox 2677 3259 2731 3310; x_wconf 70' lang='grc' dir='ltr'>δὲ</span> <span class='ocrx_word' id='word_1_652' title='bbox 2767 3258 2856 3308; x_wconf 74' lang='grc' dir='ltr'><strong>τὸν</strong></span> <span class='ocrx_word' id='word_1_653' title='bbox 2885 3258 3081 3308; x_wconf 78' lang='grc' dir='ltr'>οἰκεῖον</span> <span class='ocrx_word' id='word_1_654' title='bbox 3117 3255 3276 3320; x_wconf 81' lang='grc' dir='ltr'>λόγον</span> <span class='ocrx_word' id='word_1_655' title='bbox 3301 3255 3351 3306; x_wconf 82' lang='grc' dir='ltr'>οἱ</span> <span class='ocrx_word' id='word_1_656' title='bbox 3385 3255 3631 3322; x_wconf 83' lang='grc' dir='ltr'>Πατὲρες</span> <span class='ocrx_word' id='word_1_657' title='bbox 3661 3258 3728 3307; x_wconf 80' lang='grc' dir='ltr'><strong>ἐκ</strong></span> 
     </span>
    </p>
   </div>
   <div class='ocr_carea' id='block_1_91' title="bbox 2160 3333 3726 3419">
    <p class='ocr_par' dir='ltr' id='par_1_91' title="bbox 2160 3345 3726 3419">
     <span class='ocr_line' id='line_1_91' title="bbox 2160 3345 3726 3419; baseline -0.006 -13"><span class='ocrx_word' id='word_1_658' title='bbox 2160 3355 2252 3406; x_wconf 88' lang='grc' dir='ltr'><strong>τοῦ</strong></span> <span class='ocrx_word' id='word_1_659' title='bbox 2294 3352 2652 3419; x_wconf 79' lang='grc' dir='ltr'>Εὐαγγελίου,</span> <span class='ocrx_word' id='word_1_660' title='bbox 2683 3349 2932 3415; x_wconf 82' lang='grc' dir='ltr'>λέγοντες</span> <span class='ocrx_word' id='word_1_661' title='bbox 2966 3350 3056 3399; x_wconf 87' lang='grc' dir='ltr'><strong>τὸν</strong></span> <span class='ocrx_word' id='word_1_662' title='bbox 3092 3347 3333 3416; x_wconf 85' lang='grc' dir='ltr'>Χριστὸν</span> <span class='ocrx_word' id='word_1_663' title='bbox 3356 3345 3517 3397; x_wconf 82' lang='grc' dir='ltr'>τοῦτο</span> <span class='ocrx_word' id='word_1_664' title='bbox 3541 3363 3726 3415; x_wconf 84' lang='grc' dir='ltr'>παρα-</span> 
     </span>
    </p>
   </div>
   <div class='ocr_carea' id='block_1_92' title="bbox 2161 3438 3732 3514">
    <p class='ocr_par' dir='ltr' id='par_1_92' title="bbox 2161 3438 3732 3514">
     <span class='ocr_line' id='line_1_92' title="bbox 2161 3438 3732 3514; baseline -0.008 -14"><span class='ocrx_word' id='word_1_665' title='bbox 2161 3447 2342 3500; x_wconf 80' lang='grc' dir='ltr'>δοῦναι</span> <span class='ocrx_word' id='word_1_666' title='bbox 2391 3447 2540 3514; x_wconf 84' lang='grc' dir='ltr'>ἡμῖν,</span> <span class='ocrx_word' id='word_1_667' title='bbox 2574 3443 2799 3509; x_wconf 73' lang='grc' dir='ltr'>λέγοντα</span> <span class='ocrx_word' id='word_1_668' title='bbox 2845 3443 2956 3500; x_wconf 83' lang='grc' dir='ltr'>τοῖς</span> <span class='ocrx_word' id='word_1_669' title='bbox 2998 3439 3313 3500; x_wconf 77' lang='grc' dir='ltr'>Ἰουδαίοις’</span> <span class='ocrx_word' id='word_1_670' title='bbox 3364 3438 3455 3505; x_wconf 84' lang='grc' dir='ltr'><strong>Μὴ</strong></span> <span class='ocrx_word' id='word_1_671' title='bbox 3520 3439 3732 3489; x_wconf 78' lang='grc' dir='ltr'>ποιεῖτε</span> 
     </span>
    </p>
   </div>
   <div class='ocr_carea' id='block_1_93' title="bbox 2161 3527 3735 3602">
    <p class='ocr_par' dir='ltr' id='par_1_93' title="bbox 2161 3527 3735 3602">
     <span class='ocr_line' id='line_1_93' title="bbox 2161 3527 3735 3602; baseline -0.008 -9"><span class='ocrx_word' id='word_1_672' title='bbox 2161 3541 2252 3593; x_wconf 72' lang='grc' dir='ltr'>τὸν</span> <span class='ocrx_word' id='word_1_673' title='bbox 2281 3536 2428 3591; x_wconf 82' lang='grc' dir='ltr'>οἷκον</span> <span class='ocrx_word' id='word_1_674' title='bbox 2482 3535 2576 3590; x_wconf 90' lang='grc' dir='ltr'><strong>τοῦ</strong></span> <span class='ocrx_word' id='word_1_675' title='bbox 2635 3533 2847 3602; x_wconf 84' lang='grc' dir='ltr'>Πατρός</span> <span class='ocrx_word' id='word_1_676' title='bbox 2899 3548 3001 3600; x_wconf 91' lang='grc' dir='ltr'><strong>μου</strong></span> <span class='ocrx_word' id='word_1_677' title='bbox 3055 3527 3202 3584; x_wconf 77' lang='grc' dir='ltr'>οἷκον</span> <span class='ocrx_word' id='word_1_678' title='bbox 3235 3529 3533 3599; x_wconf 83' lang='grc' dir='ltr'>ὲμπορείου</span> <span class='ocrx_word' id='word_1_679' title='bbox 3565 3543 3581 3559; x_wconf 77' lang='grc' dir='ltr'><strong>ο</strong></span> <span class='ocrx_word' id='word_1_680' title='bbox 3636 3531 3735 3581; x_wconf 78' lang='grc' dir='ltr'><strong>καὶ</strong></span> 
     </span>
    </p>
   </div>
   <div class='ocr_carea' id='block_1_94' title="bbox 2161 3622 3736 3694">
    <p class='ocr_par' dir='ltr' id='par_1_94' title="bbox 2161 3622 3736 3694">
     <span class='ocr_line' id='line_1_94' title="bbox 2161 3622 3736 3694; baseline -0.009 -7"><span class='ocrx_word' id='word_1_681' title='bbox 2161 3633 2511 3687; x_wconf 74' lang='grc' dir='ltr'>ἀπελάσαντα</span> <span class='ocrx_word' id='word_1_682' title='bbox 2557 3631 2621 3681; x_wconf 81' lang='grc' dir='ltr'>ἐκ</span> <span class='ocrx_word' id='word_1_683' title='bbox 2673 3624 2767 3679; x_wconf 81' lang='grc' dir='ltr'><strong>τοῦ</strong></span> <span class='ocrx_word' id='word_1_684' title='bbox 2821 3625 2969 3694; x_wconf 82' lang='grc' dir='ltr'>ἱεροῦ</span> <span class='ocrx_word' id='word_1_685' title='bbox 3020 3625 3144 3686; x_wconf 78' lang='grc' dir='ltr'>τοὺς</span> <span class='ocrx_word' id='word_1_686' title='bbox 3199 3622 3602 3690; x_wconf 80' lang='grc' dir='ltr'>θεοκαπήλους,</span> <span class='ocrx_word' id='word_1_687' title='bbox 3635 3623 3736 3674; x_wconf 75' lang='grc' dir='ltr'><strong>καὶ</strong></span> 
     </span>
    </p>
   </div>
   <div class='ocr_carea' id='block_1_95' title="bbox 2161 3711 3736 3786">
    <p class='ocr_par' dir='ltr' id='par_1_95' title="bbox 2161 3711 3736 3786">
     <span class='ocr_line' id='line_1_95' title="bbox 2161 3711 3736 3786; baseline -0.008 -8"><span class='ocrx_word' id='word_1_688' title='bbox 2161 3726 2270 3778; x_wconf 78' lang='grc' dir='ltr'>τῶν</span> <span class='ocrx_word' id='word_1_689' title='bbox 2302 3719 2672 3776; x_wconf 82' lang='grc' dir='ltr'>κολλυϐιστῶν</span> <span class='ocrx_word' id='word_1_690' title='bbox 2713 3718 2773 3770; x_wconf 83' lang='grc' dir='ltr'><strong>τὸ</strong></span> <span class='ocrx_word' id='word_1_691' title='bbox 2821 3717 3000 3786; x_wconf 80' lang='grc' dir='ltr'>κέρμα</span> <span class='ocrx_word' id='word_1_692' title='bbox 3042 3714 3330 3784; x_wconf 79' lang='grc' dir='ltr'>ἐκχέαντα.</span> <span class='ocrx_word' id='word_1_693' title='bbox 3368 3711 3736 3766; x_wconf 77' lang='grc' dir='ltr'>Κολλυϐισταὶ</span> 
     </span>
    </p>
   </div>
   <div class='ocr_carea' id='block_1_96' title="bbox 2160 3802 3736 3877">
    <p class='ocr_par' dir='ltr' id='par_1_96' title="bbox 2160 3802 3736 3877">
     <span class='ocr_line' id='line_1_96' title="bbox 2160 3802 3736 3877; baseline -0.011 -7"><span class='ocrx_word' id='word_1_694' title='bbox 2160 3818 2205 3870; x_wconf 81' lang='grc' dir='ltr'>δ’</span> <span class='ocrx_word' id='word_1_695' title='bbox 2253 3818 2400 3869; x_wconf 62' lang='grc' dir='ltr'>εἰσιν</span> <span class='ocrx_word' id='word_1_696' title='bbox 2439 3815 2489 3866; x_wconf 75' lang='lat' dir='ltr'><strong>oi</strong></span> <span class='ocrx_word' id='word_1_697' title='bbox 2524 3812 2590 3865; x_wconf 80' lang='grc' dir='ltr'><strong>τὰ</strong></span> <span class='ocrx_word' id='word_1_698' title='bbox 2635 3809 2809 3863; x_wconf 81' lang='grc' dir='ltr'>λεπτὰ</span> <span class='ocrx_word' id='word_1_699' title='bbox 2857 3807 3171 3877; x_wconf 80' lang='grc' dir='ltr'>νομίσματα</span> <span class='ocrx_word' id='word_1_700' title='bbox 3219 3802 3556 3865; x_wconf 82' lang='grc' dir='ltr'>πωλοῦντες.</span> <span class='ocrx_word' id='word_1_701' title='bbox 3613 3804 3736 3872; x_wconf 72' lang='grc' dir='ltr'>ἤτοι</span> 
     </span>
    </p>
   </div>
   <div class='ocr_carea' id='block_1_97' title="bbox 2161 3896 3736 3976">
    <p class='ocr_par' dir='ltr' id='par_1_97' title="bbox 2161 3896 3736 3976">
     <span class='ocr_line' id='line_1_97' title="bbox 2161 3896 3736 3976; baseline -0.013 -11"><span class='ocrx_word' id='word_1_702' title='bbox 2161 3914 2283 3974; x_wconf 72' lang='grc' dir='ltr'>τοὺς</span> <span class='ocrx_word' id='word_1_703' title='bbox 2339 3908 2645 3976; x_wconf 78' lang='grc' dir='ltr'>νούμμους·</span> <span class='ocrx_word' id='word_1_704' title='bbox 2717 3901 2974 3962; x_wconf 84' lang='grc' dir='ltr'>κόλλυϐος</span> <span class='ocrx_word' id='word_1_705' title='bbox 3026 3899 3135 3966; x_wconf 81' lang='grc' dir='ltr'>γὰρ</span> <span class='ocrx_word' id='word_1_706' title='bbox 3192 3897 3324 3965; x_wconf 83' lang='grc' dir='ltr'>παρ’</span> <span class='ocrx_word' id='word_1_707' title='bbox 3385 3896 3616 3963; x_wconf 83' lang='grc' dir='ltr'>Ἕλλησι</span> <span class='ocrx_word' id='word_1_708' title='bbox 3672 3896 3736 3946; x_wconf 77' lang='grc' dir='ltr'>τὸ</span> 
     </span>
    </p>
   </div>
   <div class='ocr_carea' id='block_1_98' title="bbox 2161 3988 3729 4069">
    <p class='ocr_par' dir='ltr' id='par_1_98' title="bbox 2161 3988 3729 4069">
     <span class='ocr_line' id='line_1_98' title="bbox 2161 3988 3729 4069; baseline -0.017 -13"><span class='ocrx_word' id='word_1_709' title='bbox 2161 4004 2357 4056; x_wconf 81' lang='grc' dir='ltr'>λεπτὸν</span> <span class='ocrx_word' id='word_1_710' title='bbox 2386 4002 2646 4069; x_wconf 79' lang='grc' dir='ltr'>νόμισμα,</span> <span class='ocrx_word' id='word_1_711' title='bbox 2682 3996 2710 4048; x_wconf 85' lang='grc' dir='ltr'><strong>ὃ</strong></span> <span class='ocrx_word' id='word_1_712' title='bbox 2738 3995 2886 4064; x_wconf 85' lang='grc' dir='ltr'><strong>παρά</strong></span> <span class='ocrx_word' id='word_1_713' title='bbox 2938 3990 3234 4059; x_wconf 78' lang='grc' dir='ltr'>Ῥωμαίοις</span> <span class='ocrx_word' id='word_1_714' title='bbox 3265 3988 3509 4055; x_wconf 85' lang='grc' dir='ltr'>νοῦμμος</span> <span class='ocrx_word' id='word_1_715' title='bbox 3539 3988 3729 4036; x_wconf 76' lang='grc' dir='ltr'>καλεῖ.</span> 
     </span>
    </p>
   </div>
   <div class='ocr_carea' id='block_1_99' title="bbox 2162 4079 3342 4158">
    <p class='ocr_par' dir='ltr' id='par_1_99' title="bbox 2162 4079 3342 4158">
     <span class='ocr_line' id='line_1_99' title="bbox 2162 4079 3342 4158; baseline -0.012 -14"><span class='ocrx_word' id='word_1_716' title='bbox 2162 4111 2270 4144; x_wconf 85' lang='grc' dir='ltr'>ται.</span> <span class='ocrx_word' id='word_1_717' title='bbox 2301 4091 2411 4142; x_wconf 76' lang='grc' dir='ltr'><strong>Καὶ</strong></span> <span class='ocrx_word' id='word_1_718' title='bbox 2442 4089 2620 4158; x_wconf 80' lang='grc' dir='ltr'>κέρμα</span> <span class='ocrx_word' id='word_1_719' title='bbox 2651 4086 2708 4138; x_wconf 81' lang='grc' dir='ltr'>δὲ</span> <span class='ocrx_word' id='word_1_720' title='bbox 2734 4084 2796 4136; x_wconf 80' lang='grc' dir='ltr'><strong>τὸ</strong></span> <span class='ocrx_word' id='word_1_721' title='bbox 2827 4084 3069 4152; x_wconf 85' lang='grc' dir='ltr'>νόμισμα</span> <span class='ocrx_word' id='word_1_722' title='bbox 3099 4079 3342 4145; x_wconf 81' lang='grc' dir='ltr'>λέγεται.</span> 
     </span>
    </p>
   </div>
   <div class='ocr_carea' id='block_1_100' title="bbox 2161 4166 3735 4245">
    <p class='ocr_par' dir='ltr' id='par_1_100' title="bbox 2161 4166 3735 4245">
     <span class='ocr_line' id='line_1_100' title="bbox 2161 4166 3735 4245; baseline -0.011 -9"><span class='ocrx_word' id='word_1_723' title='bbox 2161 4166 2380 4236; x_wconf 72' lang='grc' dir='ltr'><strong>ΔΡΙΣΤ.</strong></span> <span class='ocrx_word' id='word_1_724' title='bbox 2442 4201 2461 4232; x_wconf 76' lang='grc' dir='ltr'><strong>ι</strong></span> <span class='ocrx_word' id='word_1_725' title='bbox 2509 4179 2598 4230; x_wconf 86' lang='grc' dir='ltr'>Ἐν</span> <span class='ocrx_word' id='word_1_726' title='bbox 2629 4176 2758 4245; x_wconf 81' lang='grc' dir='ltr'>ἱερῷ</span> <span class='ocrx_word' id='word_1_727' title='bbox 2784 4172 3055 4244; x_wconf 82' lang='grc' dir='ltr'>περιϐόλῳ</span> <span class='ocrx_word' id='word_1_728' title='bbox 3086 4169 3380 4238; x_wconf 86' lang='grc' dir='ltr'>καπηλεῖον</span> <span class='ocrx_word' id='word_1_729' title='bbox 3410 4167 3735 4230; x_wconf 84' lang='grc' dir='ltr'>ἀσύστατον,</span> 
     </span>
    </p>
   </div>
   <div class='ocr_carea' id='block_1_101' title="bbox 2239 4258 3728 4334">
    <p class='ocr_par' dir='ltr' id='par_1_101' title="bbox 2239 4258 3728 4334">
     <span class='ocr_line' id='line_1_101' title="bbox 2239 4258 3728 4334; baseline -0.011 -10"><span class='ocrx_word' id='word_1_730' title='bbox 2239 4292 2258 4324; x_wconf 78' lang='grc' dir='ltr'><strong>ι</strong></span> <span class='ocrx_word' id='word_1_731' title='bbox 2307 4275 2400 4326; x_wconf 69' lang='grc' dir='ltr'>καὶ</span> <span class='ocrx_word' id='word_1_732' title='bbox 2428 4268 2756 4334; x_wconf 74' lang='grc' dir='ltr'>πωλούμενα</span> <span class='ocrx_word' id='word_1_733' title='bbox 2799 4264 3068 4334; x_wconf 81' lang='grc' dir='ltr'>βρώματα</span> <span class='ocrx_word' id='word_1_734' title='bbox 3123 4261 3331 4328; x_wconf 86' lang='grc' dir='ltr'>μάταια</span> <span class='ocrx_word' id='word_1_735' title='bbox 3356 4273 3369 4288; x_wconf 84' lang='lat'><strong><em>°</em></strong></span> <span class='ocrx_word' id='word_1_736' title='bbox 3403 4259 3498 4310; x_wconf 74' lang='grc' dir='ltr'>καὶ</span> <span class='ocrx_word' id='word_1_737' title='bbox 3528 4258 3586 4308; x_wconf 80' lang='grc' dir='ltr'>ἐν</span> <span class='ocrx_word' id='word_1_738' title='bbox 3619 4259 3728 4326; x_wconf 85' lang='grc' dir='ltr'>ἀμ-</span> 
     </span>
    </p>
   </div>
   <div class='ocr_carea' id='block_1_102' title="bbox 2239 4351 3246 4432">
    <p class='ocr_par' dir='ltr' id='par_1_102' title="bbox 2239 4351 3246 4432">
     <span class='ocr_line' id='line_1_102' title="bbox 2239 4351 3246 4432; baseline -0.015 -15"><span class='ocrx_word' id='word_1_739' title='bbox 2239 4384 2257 4415; x_wconf 80' lang='grc'><strong>(</strong></span> <span class='ocrx_word' id='word_1_740' title='bbox 2305 4365 2550 4432; x_wconf 81' lang='grc' dir='ltr'>φοτέροις</span> <span class='ocrx_word' id='word_1_741' title='bbox 2575 4363 2603 4412; x_wconf 84' lang='grc' dir='ltr'>ὁ</span> <span class='ocrx_word' id='word_1_742' title='bbox 2637 4357 2808 4410; x_wconf 83' lang='grc' dir='ltr'>ποιῶν</span> <span class='ocrx_word' id='word_1_743' title='bbox 2837 4351 3183 4424; x_wconf 74' lang='grc' dir='ltr'>ἀφορίζεται.</span> <span class='ocrx_word' id='word_1_744' title='bbox 3228 4370 3246 4401; x_wconf 72' lang='grc' dir='ltr'><strong>ι</strong></span> 
     </span>
    </p>
   </div>
   <div class='ocr_carea' id='block_1_103' title="bbox 2245 4437 3736 4514">
    <p class='ocr_par' dir='ltr' id='par_1_103' title="bbox 2245 4437 3736 4514">
     <span class='ocr_line' id='line_1_103' title="bbox 2245 4437 3736 4514; baseline -0.01 -5"><span class='ocrx_word' id='word_1_745' title='bbox 2245 4456 2350 4509; x_wconf 82' lang='grc' dir='ltr'>Τὸν</span> <span class='ocrx_word' id='word_1_746' title='bbox 2396 4452 2491 4507; x_wconf 87' lang='grc' dir='ltr'><strong>τοῦ</strong></span> <span class='ocrx_word' id='word_1_747' title='bbox 2539 4449 2675 4503; x_wconf 87' lang='grc' dir='ltr'>Θεοῦ</span> <span class='ocrx_word' id='word_1_748' title='bbox 2710 4445 2857 4501; x_wconf 75' lang='grc' dir='ltr'>οἷκον</span> <span class='ocrx_word' id='word_1_749' title='bbox 2904 4446 2978 4514; x_wconf 83' lang='grc' dir='ltr'>μὴ</span> <span class='ocrx_word' id='word_1_750' title='bbox 3031 4447 3207 4496; x_wconf 82' lang='grc' dir='ltr'>ποιεῖν</span> <span class='ocrx_word' id='word_1_751' title='bbox 3249 4442 3547 4512; x_wconf 74' lang='grc' dir='ltr'>ὲμπορείου</span> <span class='ocrx_word' id='word_1_752' title='bbox 3585 4437 3736 4494; x_wconf 82' lang='grc' dir='ltr'>οἷκον</span> 
     </span>
    </p>
   </div>
   <div class='ocr_carea' id='block_1_104' title="bbox 2164 4533 3735 4618">
    <p class='ocr_par' dir='ltr' id='par_1_104' title="bbox 2164 4533 3735 4618">
     <span class='ocr_line' id='line_1_104' title="bbox 2164 4533 3735 4618; baseline -0.012 -15"><span class='ocrx_word' id='word_1_753' title='bbox 2164 4546 2605 4618; x_wconf 83' lang='grc' dir='ltr'>παρεκελεύσατο</span> <span class='ocrx_word' id='word_1_754' title='bbox 2639 4545 2667 4596; x_wconf 86' lang='grc' dir='ltr'>ὁ</span> <span class='ocrx_word' id='word_1_755' title='bbox 2698 4541 2889 4609; x_wconf 81' lang='grc' dir='ltr'>Σωτὴρ</span> <span class='ocrx_word' id='word_1_756' title='bbox 2925 4537 3082 4608; x_wconf 82' lang='grc' dir='ltr'>ἡμῶν</span> <span class='ocrx_word' id='word_1_757' title='bbox 3119 4538 3218 4588; x_wconf 74' lang='grc' dir='ltr'><strong>καὶ</strong></span> <span class='ocrx_word' id='word_1_758' title='bbox 3245 4536 3378 4597; x_wconf 86' lang='grc' dir='ltr'>Θεός</span> <span class='ocrx_word' id='word_1_759' title='bbox 3398 4551 3413 4564; x_wconf 79' lang='grc'><strong>’</strong></span> <span class='ocrx_word' id='word_1_760' title='bbox 3449 4533 3541 4587; x_wconf 81' lang='grc' dir='ltr'>διὰ</span> <span class='ocrx_word' id='word_1_761' title='bbox 3571 4533 3735 4586; x_wconf 87' lang='grc' dir='ltr'>τοῦτο</span> 
     </span>
    </p>
   </div>
   <div class='ocr_carea' id='block_1_105' title="bbox 2163 4626 3739 4710">
    <p class='ocr_par' dir='ltr' id='par_1_105' title="bbox 2163 4626 3739 4710">
     <span class='ocr_line' id='line_1_105' title="bbox 2163 4626 3739 4710; baseline -0.017 -15"><span class='ocrx_word' id='word_1_762' title='bbox 2163 4642 2222 4695; x_wconf 85' lang='grc' dir='ltr'><strong>ού</strong></span> <span class='ocrx_word' id='word_1_763' title='bbox 2255 4639 2361 4710; x_wconf 82' lang='grc' dir='ltr'><strong>χρὴ</strong></span> <span class='ocrx_word' id='word_1_764' title='bbox 2392 4638 2540 4691; x_wconf 73' lang='grc' dir='ltr'>ἔνδον</span> <span class='ocrx_word' id='word_1_765' title='bbox 2593 4634 2701 4687; x_wconf 83' lang='grc' dir='ltr'><strong>τῶν</strong></span> <span class='ocrx_word' id='word_1_766' title='bbox 2747 4631 2906 4703; x_wconf 79' lang='grc' dir='ltr'>ἱερῶν</span> <span class='ocrx_word' id='word_1_767' title='bbox 2939 4628 3238 4699; x_wconf 84' lang='grc' dir='ltr'>περιϐόλων</span> <span class='ocrx_word' id='word_1_768' title='bbox 3281 4626 3575 4696; x_wconf 68' lang='grc' dir='ltr'>καπηλεῖον</span> <span class='ocrx_word' id='word_1_769' title='bbox 3611 4642 3739 4678; x_wconf 84' lang='grc' dir='ltr'>συν.</span> 
     </span>
    </p>
   </div>
   <div class='ocr_carea' id='block_1_106' title="bbox 2167 4716 3732 4800">
    <p class='ocr_par' dir='ltr' id='par_1_106' title="bbox 2167 4716 3732 4800">
     <span class='ocr_line' id='line_1_106' title="bbox 2167 4716 3732 4800; baseline -0.011 -17"><span class='ocrx_word' id='word_1_770' title='bbox 2167 4732 2339 4800; x_wconf 84' lang='grc' dir='ltr'>ιστᾷν,</span> <span class='ocrx_word' id='word_1_771' title='bbox 2389 4731 2481 4780; x_wconf 75' lang='grc' dir='ltr'><strong>καὶ</strong></span> <span class='ocrx_word' id='word_1_772' title='bbox 2529 4729 2596 4779; x_wconf 81' lang='grc' dir='ltr'>τὰ</span> <span class='ocrx_word' id='word_1_773' title='bbox 2651 4724 2741 4776; x_wconf 77' lang='grc' dir='ltr'><strong>διὰ</strong></span> <span class='ocrx_word' id='word_1_774' title='bbox 2793 4723 3099 4793; x_wconf 81' lang='grc' dir='ltr'>βρωμάτων</span> <span class='ocrx_word' id='word_1_775' title='bbox 3142 4719 3257 4787; x_wconf 78' lang='grc' dir='ltr'>εἴδη</span> <span class='ocrx_word' id='word_1_776' title='bbox 3320 4716 3666 4785; x_wconf 76' lang='grc' dir='ltr'>προτιθέναι,</span> <span class='ocrx_word' id='word_1_777' title='bbox 3697 4716 3732 4787; x_wconf 77' lang='grc' dir='ltr'>ἢ</span> 
     </span>
    </p>
   </div>
   <div class='ocr_carea' id='block_1_107' title="bbox 2166 4809 3741 4891">
    <p class='ocr_par' dir='ltr' id='par_1_107' title="bbox 2166 4809 3741 4891">
     <span class='ocr_line' id='line_1_107' title="bbox 2166 4809 3741 4891; baseline -0.01 -16"><span class='ocrx_word' id='word_1_778' title='bbox 2166 4822 2358 4891; x_wconf 82' lang='grc' dir='ltr'>ἐτέρας</span> <span class='ocrx_word' id='word_1_779' title='bbox 2405 4820 2638 4890; x_wconf 70' lang='grc' dir='ltr'>πράσεις</span> <span class='ocrx_word' id='word_1_780' title='bbox 2673 4815 2968 4868; x_wconf 78' lang='grc' dir='ltr'>ποιεῖσθαι.</span> <span class='ocrx_word' id='word_1_781' title='bbox 3006 4815 3069 4866; x_wconf 76' lang='lat' dir='ltr'><strong>Et</strong></span> <span class='ocrx_word' id='word_1_782' title='bbox 3116 4829 3199 4874; x_wconf 85' lang='grc' dir='ltr'><strong>τις</strong></span> <span class='ocrx_word' id='word_1_783' title='bbox 3248 4809 3341 4864; x_wconf 79' lang='grc' dir='ltr'>οὖν</span> <span class='ocrx_word' id='word_1_784' title='bbox 3378 4809 3623 4863; x_wconf 85' lang='grc' dir='ltr'>τοιοῦτόν</span> <span class='ocrx_word' id='word_1_785' title='bbox 3679 4826 3741 4860; x_wconf 63' lang='grc' dir='ltr'><strong>τι</strong></span> 
     </span>
    </p>
   </div>
   <div class='ocr_carea' id='block_1_108' title="bbox 2165 4907 3182 4984">
    <p class='ocr_par' dir='ltr' id='par_1_108' title="bbox 2165 4907 3182 4984">
     <span class='ocr_line' id='line_1_108' title="bbox 2165 4907 3182 4984; baseline -0.006 -18"><span class='ocrx_word' id='word_1_786' title='bbox 2165 4915 2310 4984; x_wconf 81' lang='grc' dir='ltr'>φανῇ</span> <span class='ocrx_word' id='word_1_787' title='bbox 2344 4910 2700 4982; x_wconf 81' lang='grc' dir='ltr'>πλημμελῶν,</span> <span class='ocrx_word' id='word_1_788' title='bbox 2729 4907 3182 4979; x_wconf 72' lang='grc' dir='ltr'>ἀφορισθήσεται.</span> 
     </span>
    </p>
   </div>
   <div class='ocr_carea' id='block_1_109' title="bbox 2759 5123 3147 5181">
    <p class='ocr_par' dir='ltr' id='par_1_109' title="bbox 2759 5123 3147 5181">
     <span class='ocr_line' id='line_1_109' title="bbox 2759 5123 3147 5181; baseline 0 0"><span class='ocrx_word' id='word_1_789' title='bbox 2759 5126 2995 5181; x_wconf 73' lang='grc' dir='ltr'><strong>ΚΑΝΩΝ</strong></span> <span class='ocrx_word' id='word_1_790' title='bbox 3030 5123 3147 5181; x_wconf 82' lang='grc' dir='ltr'><strong>ΟΖ’.</strong></span> 
     </span>
    </p>
   </div>
   <div class='ocr_carea' id='block_1_110' title="bbox 2175 5280 3740 5356">
    <p class='ocr_par' dir='ltr' id='par_1_110' title="bbox 2175 5280 3740 5356">
     <span class='ocr_line' id='line_1_110' title="bbox 2175 5280 3740 5356; baseline -0.008 -11"><span class='ocrx_word' id='word_1_791' title='bbox 2175 5313 2193 5345; x_wconf 77' lang='grc' dir='ltr'><strong>ι</strong></span> <span class='ocrx_word' id='word_1_792' title='bbox 2235 5289 2442 5345; x_wconf 83' lang='grc' dir='ltr'>’Ὀτιοὺ</span> <span class='ocrx_word' id='word_1_793' title='bbox 2474 5289 2550 5340; x_wconf 85' lang='grc' dir='ltr'><strong>δεῖ</strong></span> <span class='ocrx_word' id='word_1_794' title='bbox 2587 5287 2915 5356; x_wconf 74' lang='grc' dir='ltr'>ἱερατικοὺς,</span> <span class='ocrx_word' id='word_1_795' title='bbox 2944 5282 2977 5352; x_wconf 88' lang='grc' dir='ltr'>ἣ</span> <span class='ocrx_word' id='word_1_796' title='bbox 3010 5281 3270 5350; x_wconf 82' lang='grc' dir='ltr'>κληρικοὺ</span> <span class='ocrx_word' id='word_1_797' title='bbox 3284 5299 3326 5344; x_wconf 69' lang='grc' dir='ltr'><strong>ς,</strong></span> <span class='ocrx_word' id='word_1_798' title='bbox 3357 5280 3387 5350; x_wconf 85' lang='grc' dir='ltr'>ἢ</span> <span class='ocrx_word' id='word_1_799' title='bbox 3415 5281 3657 5347; x_wconf 74' lang='grc' dir='ltr'>ἀτκητὰς</span> <span class='ocrx_word' id='word_1_800' title='bbox 3677 5282 3740 5332; x_wconf 83' lang='grc' dir='ltr'><strong>ὲν</strong></span> 
     </span>
    </p>
   </div>
   <div class='ocr_carea' id='block_1_111' title="bbox 2246 5368 3740 5451">
    <p class='ocr_par' dir='ltr' id='par_1_111' title="bbox 2246 5368 3740 5451">
     <span class='ocr_line' id='line_1_111' title="bbox 2246 5368 3740 5451; baseline -0.008 -18"><span class='ocrx_word' id='word_1_801' title='bbox 2246 5400 2264 5432; x_wconf 81' lang='grc' dir='ltr'><strong>ι</strong></span> <span class='ocrx_word' id='word_1_802' title='bbox 2313 5377 2580 5451; x_wconf 81' lang='grc' dir='ltr'>βαλανείῳ</span> <span class='ocrx_word' id='word_1_803' title='bbox 2638 5375 2774 5445; x_wconf 81' lang='grc' dir='ltr'><strong>μετά</strong></span> <span class='ocrx_word' id='word_1_804' title='bbox 2817 5369 3094 5440; x_wconf 83' lang='grc' dir='ltr'>γυναικῶν</span> <span class='ocrx_word' id='word_1_805' title='bbox 3139 5368 3542 5422; x_wconf 71' lang='grc' dir='ltr'>ἀπολούεσθαι*</span> <span class='ocrx_word' id='word_1_806' title='bbox 3599 5369 3740 5436; x_wconf 72' lang='grc' dir='ltr'>μηδὲ</span> 
     </span>
    </p>
   </div>
   <div class='ocr_carea' id='block_1_112' title="bbox 2249 5459 3735 5539">
    <p class='ocr_par' dir='ltr' id='par_1_112' title="bbox 2249 5459 3735 5539">
     <span class='ocr_line' id='line_1_112' title="bbox 2249 5459 3735 5539; baseline -0.011 -13"><span class='ocrx_word' id='word_1_807' title='bbox 2249 5495 2267 5526; x_wconf 79' lang='grc' dir='ltr'><strong>ι</strong></span> <span class='ocrx_word' id='word_1_808' title='bbox 2313 5475 2488 5527; x_wconf 82' lang='grc' dir='ltr'>πάντα</span> <span class='ocrx_word' id='word_1_809' title='bbox 2517 5466 2841 5539; x_wconf 74' lang='grc' dir='ltr'>Χριστιανὸν</span> <span class='ocrx_word' id='word_1_810' title='bbox 2873 5466 2906 5534; x_wconf 85' lang='grc' dir='ltr'>ἦ</span> <span class='ocrx_word' id='word_1_811' title='bbox 2936 5463 3146 5516; x_wconf 83' lang='grc' dir='ltr'>λαῖκόν.</span> <span class='ocrx_word' id='word_1_812' title='bbox 3183 5459 3334 5530; x_wconf 78' lang='grc' dir='ltr'>Αὕτη</span> <span class='ocrx_word' id='word_1_813' title='bbox 3382 5461 3492 5528; x_wconf 77' lang='grc' dir='ltr'><strong>γὰρ</strong></span> <span class='ocrx_word' id='word_1_814' title='bbox 3539 5459 3735 5529; x_wconf 85' lang='grc' dir='ltr'>πρώτη</span> 
     </span>
    </p>
   </div>
   <div class='ocr_carea' id='block_1_113' title="bbox 2246 5552 3735 5633">
    <p class='ocr_par' dir='ltr' id='par_1_113' title="bbox 2246 5552 3735 5633">
     <span class='ocr_line' id='line_1_113' title="bbox 2246 5552 3735 5633; baseline -0.012 -11"><span class='ocrx_word' id='word_1_815' title='bbox 2246 5588 2263 5620; x_wconf 78' lang='grc' dir='ltr'><strong>ι</strong></span> <span class='ocrx_word' id='word_1_816' title='bbox 2311 5565 2656 5633; x_wconf 63' lang='grc' dir='ltr'>κατάγνωσις</span> <span class='ocrx_word' id='word_1_817' title='bbox 2710 5557 2863 5628; x_wconf 80' lang='grc' dir='ltr'><strong>παρά</strong></span> <span class='ocrx_word' id='word_1_818' title='bbox 2908 5558 3019 5618; x_wconf 86' lang='grc' dir='ltr'>τοῖς</span> <span class='ocrx_word' id='word_1_819' title='bbox 3053 5555 3287 5610; x_wconf 77' lang='grc' dir='ltr'>ἔθνεσιν.</span> <span class='ocrx_word' id='word_1_820' title='bbox 3319 5553 3464 5607; x_wconf 77' lang='grc' dir='ltr'>Είδέ</span> <span class='ocrx_word' id='word_1_821' title='bbox 3504 5571 3585 5615; x_wconf 83' lang='grc' dir='ltr'><strong>τις</strong></span> <span class='ocrx_word' id='word_1_822' title='bbox 3637 5552 3735 5605; x_wconf 72' lang='grc' dir='ltr'><strong>ἐπὶ</strong></span> 
     </span>
    </p>
   </div>
  </div>
