4062 6384
362 386 466 449 777

1316 375 1399 436 IN
1434 371 1599 434 CAN.
1642 370 1911 430 LXXVII
1949 371 2159 432 CONC.
2197 370 2276 431 ΙΝ
2302 368 2626 430 TRULLO.

3514 370 3619 431 778

448 518 469 552 ι
515 494 677 550 τοῦτο
724 490 1026 563 φωραθείη.
1055 491 1103 542 εἰ
1154 491 1256 559 μὲν
1300 485 1561 559 κληρικδς
1603 484 1714 553 εἴη,
1754 481 1935 536 καθαι-

2127 500 2146 532 ι
2188 482 2241 536 in
2282 497 2341 536 re
2370 482 2746 552 deprehensus
2781 480 2945 536 fuerit
2977 518 2994 545 ,
3022 480 3067 535 si
3092 480 3165 536 sit
3190 480 3408 550 quidem
3454 484 3618 537 cleri-

442 608 461 640 ι
511 587 708 659 ρείσθω
744 586 858 655 (88)
888 600 903 615 ⁸
932 585 978 636 εἰ
1009 581 1065 632 δὲ
1093 582 1303 646 λαῖκὸς,
1344 578 1712 650 ἁφοριζέσθω.
1753 595 1772 627 ι

440 677 642 732 ΒΑΛΣΙ
659 676 749 738 Ὠς
768 676 912 727 ἔοικε
939 672 1048 743 πρὸ
1075 672 1176 741 τῆς
1204 670 1426 723 συνόδου
1456 670 1658 737 ταύτης
1688 665 1939 719 ἐλούοντο

369 767 666 837 ίερωμένοι
718 764 885 829 τινὲς,
922 764 1016 815 καὶ
1046 763 1290 832 μοναχοὶ,
1324 761 1419 814 καὶ
1474 760 1651 811 λαῖκοὶ
1686 760 1826 827 μετά
1853 774 1947 823 γυ-

276 870 279 873 ‘
362 857 589 918 ναικῶν,
628 857 702 925 μὴ
751 854 1212 925 ἐπιστρεφόμενοι
1244 854 1345 922 τῆς
1390 850 1762 918 ἀποστολικῆς
1793 849 1943 912 Θείας

363 948 765 1018 παραγγελίας,
811 946 914 1015 τῆς
964 944 1271 1013 λεγούσης·
1314 944 1681 1013 Ἀπρόσκοποι
1727 941 1944 1010 γίνεσθε

364 1039 459 1090 καὶ
514 1037 815 1101 Ἰουδαίοις,
846 1037 940 1089 καὶ
981 1034 1233 1105 Ἕλλησι,
1265 1035 1361 1087 καί
1393 1037 1459 1103 τῇ
1499 1033 1801 1102 Ἐκκλησία
1849 1031 1942 1084 τοῦ

365 1126 522 1181 Θεοῦ.
551 1125 943 1197 Διορθούμενοι
970 1124 1063 1178 οὖν
1092 1124 1252 1177 τοῦτο
1279 1124 1329 1175 οἱ
1363 1123 1510 1191 ἅγιοι
1558 1123 1826 1191 Πατέρες,
1857 1124 1933 1184 ὡς

363 1220 783 1291 ἀπρεπέστατον
810 1219 905 1272 καὶ
934 1218 1386 1281 σκανδαλοποιὸν,
1424 1220 1518 1268 καὶ
1546 1216 1813 1286 διεγεῖρον
1862 1218 1943 1278 εἰς

364 1310 743 1382 δαιμονιώδεις
795 1309 1113 1379 ἐπιθυμίας,
1149 1311 1315 1379 φέρον
1354 1325 1413 1360 τε
1456 1308 1584 1371 τοὺς
1626 1302 1944 1379 χρωμένους

364 1408 432 1475 τῇ
468 1404 693 1473 ἁσέμνῳ
731 1402 906 1472 ταύτῃ
947 1402 1193 1471 διαγωγῇ
1246 1402 1326 1463 εἰς
1376 1399 1622 1470 μεγάλην
1657 1400 1942 1466 κατάγνω-

373 1516 479 1561 σιν,
504 1495 826 1565 διωρίσαντο
861 1495 950 1547 τὸν
977 1493 1148 1556 οὕτως
1196 1493 1509 1561 ἀδιαφόρως
1539 1494 1634 1546 κα)⁸
1669 1495 1938 1565 ἀπρεπῶς

374 1590 452 1650 εἰς
478 1588 539 1641 τὸ
576 1587 704 1656 ἑξῆς
740 1588 877 1657 μετά
914 1586 1172 1654 γυναικὸς
1197 1586 1508 1655 λουόμενον,
1540 1586 1805 1656 κληρικὸν
1836 1587 1934 1656 μὲν

363 1680 512 1744 ὄντα,
568 1678 971 1748 καθαιρεῖσθαι,
1030 1676 1219 1730 λαῖκὸν
1275 1677 1354 1743 δὲ,
1394 1678 1775 1747 ἀφορίζεσθαι.
1832 1680 1935 1747 Ση-

366 1772 599 1840 μείωσαι
644 1772 702 1825 δὲ
752 1772 887 1825 ὅτιό
917 1770 1099 1824 κανὼν
1149 1772 1417 1842 διαφορὰν
1464 1776 1702 1826 ποιεῖται
1746 1774 1934 1845 κληρι-

363 1865 495 1927 κῶν,
537 1864 875 1935 ἱερωμένων,
906 1862 1131 1931 λαῖκῶν,
1164 1866 1259 1918 καὶ
1292 1866 1571 1935 ἀσκητῶν.
1617 1866 1931 1937 Ἰερωμένοι

362 1956 469 2025 γάρ
507 1957 646 2007 εἰσιν
688 1956 739 2007 οἰ
768 1954 863 2007 τοῦ
897 1955 1159 2025 βήματος,
1186 1958 1235 2009 οἱ
1288 1958 1381 2009 καὶ
1423 1958 1893 2027 χειροτονούμενοι
1917 1975 1930 1989 ο

363 2048 655 2101 ἐπίσκοποι
686 2048 950 2116 δηλονότι,
992 2049 1177 2115 ἱερεῖς,
1221 2049 1458 2102 διάκονοι
1504 2052 1598 2103 καί
1644 2050 1936 2104 ὑποδιακο-

362 2156 465 2193 νοι.
493 2140 758 2209 Κληρικοὶ
790 2140 991 2202 πάντες
1023 2141 1072 2192 οἱ
1110 2140 1267 2204 ἐκτὸς
1291 2139 1387 2194 τοῦ
1417 2124 1661 2211 βήματος
1697 2146 1755 2195 ὲν
1786 2148 1934 2207 ναοῖς

358 2231 880 2304 ἐξυπηρετούμενοι,
933 2234 1103 2303 ἤγουν
1148 2235 1514 2301 ἁναγνῶσται.
1564 2234 1781 2305 θεωροὶ,
1837 2230 1937 2323 καὶ

358 2322 536 2393 ἕτεροι
576 2324 846 2377 τοιοῦτοι⁸
888 2325 1129 2392 ἀσκηταὶ
1175 2324 1231 2377 δὲ
1286 2326 1336 2378 oi
1389 2330 1613 2397 μοναχοὶ
1661 2329 1776 2381 ὅσοι
1825 2331 1929 2382 οὐκ

358 2414 602 2481 ἔφθασαν
629 2415 997 2487 ὲπισκοπικὴν
1029 2418 1306 2486 σφραγῖδα
1352 2418 1625 2485 δέξασθαι,
1656 2421 1790 2473 ἀλλά
1827 2423 1923 2489 μό-

357 2524 459 2577 νην
497 2507 819 2579 ἰπικουρίδα
862 2510 1183 2580 μοναχικήν.
1221 2510 1288 2563 Οί
1321 2511 1430 2579 γὰρ
1460 2513 1731 2581 σφραγῖδα
1775 2513 1935 2578 δεξά-

363 2618 515 2669 μενοι
586 2602 952 2673 ὲπισκοπικὴν
1025 2605 1252 2674 μοναχοί
1333 2606 1587 2672 κληρικοὶ
1654 2608 1930 2674 λέγονται.

371 2694 655 2765 ’Δσκητῶν
680 2695 737 2749 δὲ
770 2696 865 2748 καὶ
906 2696 1156 2766 μοναχῶν
1193 2696 1421 2767 οὐδεμία
1454 2700 1709 2772 διαφορά.
1748 2703 1924 2755 Συνα-

358 2784 550 2852 γαγὼν
588 2781 682 2841 οὖν
716 2788 837 2841 εἰπε
868 2787 943 2852 ὡς
969 2790 1016 2841 οἰ
1058 2789 1157 2858 μὲν
1186 2789 1282 2842 τοῦ
1316 2790 1560 2862 βήματος
1605 2793 1673 2847 δι’
1725 2796 1935 2868 ἐγγρα-

359 2879 473 2947 φῆς
513 2877 739 2947 ὀμνύειν
784 2879 1130 2947 όφείλουσινο
1165 2884 1214 2935 οἰ
1258 2883 1313 2936 δὲ
1355 2885 1513 2948 ἐκτὸς
1543 2885 1641 2939 τοῦ
1687 2889 1931 2958 βήματος

358 2972 503 3023 κατά
533 2970 755 3035 λαῖκοὺς
778 2973 1167 3043 ὲπομόσονται,
1200 2977 1306 3028 κᾶν
1340 2978 1568 3046 μοναχοὶ
1610 2973 1734 3034 ὦσι.
1772 2979 1932 3046 Τινὲς

360 3062 546 3131 μέντοι
584 3063 767 3117 λαῖκοὶ
799 3066 938 3134 μετά
966 3065 1074 3117 τῶν
1100 3066 1321 3119 οἰκείων
1349 3069 1635 3137 όμοζύγων
1671 3074 1728 3124 ὲν
1761 3072 1928 3141 βαλα-

2126 594 2143 625 ι
2181 589 2298 635 cus.
2327 574 2633 643 deponatur
2662 590 2674 625 :
2708 573 2789 626 sin
2824 588 2956 627 vero
2996 571 3194 637 laicus,
3220 583 3556 645 segrcgctur.
3593 594 3612 627 ι

2121 665 2318 718 BALS.
2356 664 2422 719 Ut
2450 672 2533 719 est
2589 666 2919 726 verisimile,
2966 678 3091 719 ante
3160 668 3301 720 hanc
3343 667 3615 736 synodum

2050 760 2371 814 lavabantur
2400 758 2714 814 sacerdotes
2754 759 2973 827 quidam
3016 768 3071 812 et
3128 749 3380 815 monachi
3409 771 3465 815 et
3495 760 3617 814 laici

2048 867 2170 904 cum
2208 852 2530 905 mulieribus
2558 889 2574 914 ,
2608 852 2969 919 apostolicqu
2994 852 3241 906 divinum
3286 863 3613 922 praeceptum

2048 958 2157 996 nou
2194 953 2473 1008 curantes,
2502 944 2648 1012 quod
2686 943 2854 997 dicit:
2891 942 3021 995 Sine
3052 941 3385 999 oﬂendiculo
3413 944 3535 998 sitis
3564 952 3618 997 et

2044 1036 2247 1091 Judaeis
2277 1047 2331 1090 et
2356 1036 2557 1092 Graecis
2586 1048 2640 1091 et
2688 1037 2947 1092 Ecclesiae
3004 1022 3096 1090 Dei
3152 1038 3218 1091 ⁸⁸.
3270 1036 3617 1107 Corrigentes

1994 1164 2007 1175 .
2046 1130 2149 1182 hoc
2183 1145 2312 1199 ergo
2343 1130 2517 1185 sancti
2553 1130 2763 1194 Patres,
2797 1138 2857 1182 ut
2896 1130 3133 1184 maxime
3177 1129 3498 1185 indecorum
3564 1141 3618 1184 et

2045 1220 2404 1275 oﬂ‘ensionem
2437 1219 2868 1289 scandalumque
2910 1220 3141 1275 aliereus
3165 1260 3180 1285 ,
3224 1229 3279 1276 et
3301 1220 3369 1274 ad
3420 1219 3620 1274 damo-

2048 1311 2234 1365 niacas
2265 1310 2590 1378 cupiditates
2614 1312 2885 1373 excitans,
2923 1321 2976 1365 et
3004 1327 3100 1366 eos
3143 1312 3240 1381 qui
3305 1313 3404 1366 hoc
3468 1313 3615 1381 turpi

2044 1404 2295 1460 instituto
2327 1415 2558 1458 utuntur
2586 1405 2654 1458 ad
2687 1420 2939 1471 magnam
2967 1405 3482 1459 condemnationem
3528 1405 3619 1456 de-

2044 1494 2267 1558 ducens,
2313 1502 2632 1549 statuerunt
2690 1504 2748 1550 ut
2780 1495 2872 1564 qui
2904 1495 3159 1565 deinceps
3208 1496 3345 1550 adeo
3380 1496 3619 1551 inconsi-

2046 1587 2230 1641 derate
2267 1598 2318 1642 et
2352 1588 2608 1643 indecore
2642 1604 2767 1642 cum
2799 1588 3030 1643 muliere
3063 1589 3340 1643 lavabitur
3368 1628 3384 1651 ,
3437 1589 3483 1642 si
3547 1590 3618 1642 sit

2042 1674 2262 1744 quidem
2300 1676 2536 1731 clericus
2568 1717 2583 1741 ,
2638 1677 2942 1747 deponatur
2979 1695 2994 1743 ;
3030 1679 3075 1734 si
3107 1693 3237 1733 vero
3279 1679 3453 1734 laicus
3475 1716 3491 1742 ,
3526 1693 3617 1732 se-

2042 1776 2315 1836 gregetur.
2344 1766 2479 1822 Nota
2501 1779 2707 1832 autem,
2730 1771 2878 1838 quod
2898 1784 3072 1825 canon
3101 1770 3232 1825 facit
3251 1770 3616 1826 dill‘erentiam

2041 1857 2183 1912 inter
2213 1860 2387 1914 sacris
2417 1860 2661 1916 initiatos
2681 1902 2697 1927 ,
2728 1863 2962 1917 clericos
2987 1902 3002 1928 ,
3060 1865 3229 1919 laicos
3254 1873 3325 1917 et
3374 1871 3614 1920 ascetas.

2040 1950 2226 2005 Sacris
2258 1952 2455 2006 initiati
2488 1962 2649 2017 sunt,
2686 1955 2779 2024 qui
2833 1963 2964 2010 sunt
3017 1971 3082 2010 ex
3132 1971 3294 2012 sacro
3323 1956 3613 2025 tribunali,

2037 2041 2129 2107 qui
2161 2041 2325 2095 etiam
2353 2042 2680 2097 ordinantur
2706 2058 2721 2107 ;
2752 2044 2996 2114 episcopi
3018 2045 3250 2110 scilicet,
3276 2047 3613 2111 sacerdotes,

2035 2132 2251 2187 diaconi
2280 2143 2334 2188 et
2362 2135 2746 2205 hypodiaconi.
2778 2136 2976 2192 Clerici
3010 2177 3026 2200 ,
3070 2153 3262 2194 munes
3318 2143 3407 2209 qui
3452 2150 3613 2194 extra

2036 2240 2252 2279 sacrum
2284 2227 2521 2282 tribunal
2568 2229 2623 2282 in
2655 2231 2871 2298 templis
2911 2234 3179 2297 serviunt,
3221 2243 3279 2286 ut
3327 2234 3561 2288 lectores
3592 2276 3606 2295 ,

2034 2317 2244 2371 ostiarii
2280 2328 2334 2372 et
2367 2320 2459 2374 alii
2519 2320 2809 2389 ejusmodi.
2873 2324 3083 2377 Ascetze
3126 2337 3304 2380 autem
3360 2328 3613 2382 monachi
3686 2352 3691 2355 ι

2034 2410 2127 2479 qui
2158 2410 2523 2481 episcopalem
2555 2416 2928 2469 characterem
2960 2433 3066 2470 non
3090 2432 3367 2486 accepere,
3396 2424 3487 2474 sed
3514 2437 3611 2474 so-

2035 2501 2141 2554 lam
2210 2512 2491 2585 tonsuram
2548 2508 2948 2562 monaclnalem.
3022 2510 3270 2566 Meuachi
3328 2506 3472 2567 enim
3520 2514 3612 2585 qui

2034 2578 2399 2662 episcopalem
2466 2604 2748 2652 tonsuram
2799 2616 3055 2669 accepere
3096 2602 3354 2659 dicuntur
3403 2606 3613 2661 clerici.

2034 2687 2355 2761 A’scetarum
2385 2697 2565 2743 autem
2595 2699 2648 2744 et
2689 2695 3083 2747 monachorum
3118 2696 3267 2749 nulla
3321 2709 3405 2751 est
3451 2698 3607 2753 dilic-

2038 2782 2236 2837 rentia.
2267 2781 2434 2854 258
2467 2782 2560 2839 Dic
2590 2798 2721 2855 ergo
2748 2786 2801 2841 in
2838 2802 3107 2842 summam
3150 2790 3424 2862 redigcns.
3467 2794 3612 2863 quod

2033 2880 2126 2948 qui
2159 2892 2283 2935 sunt
2337 2882 2554 2950 quidem
2594 2897 2656 2935 ex
2690 2896 2849 2936 sacro
2883 2884 3141 2938 tribunali
3171 2885 3226 2940 in
3264 2886 3494 2956 scriptis
3519 2889 3612 2955 ju-

2036 2988 2158 3027 rare
2201 2974 2402 3025 debent
2440 2979 2576 3042 :qut
2612 2981 2795 3027 autem
2846 2986 2974 3030 sunt
3018 2988 3173 3031 extra
3221 2980 3499 3045 tribunal,
3558 2991 3611 3039 ut

2037 3065 2160 3119 laici
2189 3066 2478 3133 jurabuut,
2511 3066 2725 3122 etiamsi
2753 3066 2862 3120 sint
2916 3070 3188 3126 monachi.
3230 3072 3461 3139 Quidam
3510 3092 3610 3130 au-
3642 3120 3649 3131 ,

356 3155 525 3218 νείοις
567 3154 872 3225 λουόμενοι,
934 3159 1028 3211 καὶ
1078 3159 1240 3229 χάριν
1299 3162 1490 3214 τούτου
1556 3163 1928 3234 ἐλεγχόμενοι,

2038 3166 2144 3212 tem
2187 3156 2358 3223 laici,
2416 3172 2539 3212 cum
2589 3161 2639 3213 in
2694 3160 2903 3216 balneis
2961 3179 3069 3217 una
3126 3179 3249 3218 cum
3283 3166 3610 3239 conjugi'htqs

355 3244 576 3312 λέγουσι
598 3245 682 3315 μὴ
716 3245 1022 3302 κωλύεσθαι
1047 3244 1206 3301 τοῦτο
1252 3249 1357 3304 ὑπὸ
1386 3251 1483 3303 τοῦ
1515 3255 1758 3317 aravit/0;.
1788 3257 1932 3328 Σάρξ

361 3338 471 3408 γὰρ
508 3336 604 3407 μία
633 3338 759 3404 εἰσί,
790 3341 884 3391 καὶ
915 3340 1069 3394 οὐδέν
1126 3359 1179 3393 τι
1215 3341 1457 3412 ἄσεμνον
1512 3345 1661 3399 δοκεῖ
1687 3348 1935 3415 γίνεσθαι

365 3429 530 3497 μέσον
561 3429 763 3497 αὐτῶν,
806 3430 883 3502 μὴ
916 3432 1278 3502 διεστηκότων
1311 3434 1560 3505 ἀλλήλων
1585 3439 1698 3502 τοῖς
1736 3439 1928 3510 σώμα-

361 3537 484 3574 σιν’
510 3521 753 3584 ἐκείνους
788 3523 855 3575 -δὲ
896 3523 1243 3589 κολάζεσθαι,
1277 3528 1405 3588 τοὺς
1456 3531 1554 3578 σὺν
1603 3532 1669 3598 τῇ
1708 3531 1937 3603 πορνείᾳ

358 3616 454 3668 καὶ
503 3616 829 3686 ἀσχημόνως
890 3618 1205 3685 διάγοντας,
1261 3620 1356 3672 καὶ
1415 3620 1517 3689 τῆς
1576 3622 1794 3688 φύσεως
1854 3627 1931 3695 μὴ

358 3705 776 3774 αἰσχυνομένους
804 3706 903 3778 τὴν
929 3707 1260 3777 ἀπρέπειαν.
1283 3709 1399 3762 Οὐκ
1441 3712 1648 3780 ἤρεσαν
1676 3712 1732 3766 δὲ
1764 3714 1938 3770 ταῦτα

357 3798 473 3859 τοῖς
528 3795 982 3866 εὐλαῦεστέροις,
1032 3798 1247 3851 εἰποῦσι
1312 3801 1663 3867 κατάγνωσιν
1711 3803 1937 3875 πρώτην

358 3881 505 3940 εἶναι
551 3889 711 3942 τοῦτο
763 3892 913 3961 παρὰ
965 3893 1076 3953 τοῖς
1110 3878 1352 3957 ἔθνεσιν,
1383 3892 1459 3958 ὡς
1491 3897 1519 3947 ὁ
1559 3894 1742 3949 κανών
1778 3913 1933 3967 φησι,

361 3979 660 4032 κάντεῦθεν
703 3983 798 4035 καὶ
844 3979 1136 4047 κολάζεται
1176 3984 1531 4055 ὁπωσδήποτε
1595 3989 1886 4057 γινόμενον
1913 4006 1965 4053 ο,

364 4072 457 4123 καὶ
504 4072 585 4124 ὃτι
629 4071 729 4125 κᾶν
784 4074 1017 4128 δοκῶσιν
1050 4076 1100 4127 oi
1147 4076 1410 4146 ὀμόζυγοι
1456 4080 1515 4133 ἓν
1564 4081 1725 4152 σῶμα
1762 4078 1929 4148 εἶναι,

358 4161 477 4214 ἀλλ’
523 4165 623 4216 οὐκ
662 4166 874 4232 ἐφεῖται
933 4168 1120 4231 αὐτοῖς
1168 4169 1356 4233 κακῶς
1392 4174 1505 4235 τοῖς
1546 4174 1771 4237 οἰκείοις
1794 4177 1928 4246 χρή·

364 4253 566 4306 σασθαι
621 4255 860 4325 μέλεσιν.
894 4258 1052 4312 Ἐπεὶ
1079 4261 1163 4312 τοί
1211 4278 1297 4329 γε,
1330 4264 1378 4315 εί
1422 4264 1580 4317 τοῦτο
1606 4262 1696 4333 ἦν,
1728 4268 1850 4320 οὐδὲ
1881 4268 1932 4321 οἱ

362 4346 810 4417 ἐπιχειρήσαντες
836 4349 1063 4414 ἑαυτοὺς
1094 4352 1304 4405 ἀνελεῖν
1337 4353 1424 4408 ἶνα
1450 4354 1771 4420 ἐκολάζοντο
1794 4357 1928 4428 (89).

430 4524 674 4579 ΖΩΝΑΡ.
715 4527 774 4581 Ὀ
817 4528 960 4593 θεῖος
1003 4478 1299 4595 ἀπόστολος
1331 4498 1571 4597 Παῦλος,
1617 4533 1732 4598 Δεῖ,
1769 4536 1926 4605 φησὶ,
1962 4504 2031 4577 θῇ

358 4618 515 4670 καλὰ
538 4620 875 4684 προνοεῐθαι
890 4621 1147 4678 ἐνώπιον
1163 4624 1312 4679 Θεοῦ
1328 4624 1425 4679 καί
1447 4626 1771 4693 ἀνθρώπων
1792 4644 1807 4659 ’
1834 4632 1929 4681 καὶ

359 4707 554 4761 πάλιν
597 4709 994 4778 Ἀπρόσκοποι
1022 4718 1265 4783 γίνεσθε
1315 4717 1412 4770 καί
1463 4716 1794 4784 ⁹Ιουὸιιιοις,
1827 4720 1925 4772 καί

473 4896 515 4929 ⁸⁸
539 4894 562 4951 Ι
582 4894 709 4951 Cor.
734 4909 790 4962 ι,
822 4893 912 4952 52.
989 4896 1034 4929 ¹⁹
1056 4896 1106 4952 ll
1135 4896 1260 4952 Cor.
1289 4914 1405 4962 vni.
1440 4900 1533 4955 Si.

2044 3250 2312 3312 lavantur,
2340 3256 2395 3302 et
2417 3257 2702 3319 prapterea
2730 3253 3220 3322 reprehenduntur,
3245 3255 3435 3314 dicunt
3464 3260 3610 3315 istud

2038 3341 2108 3394 ab
2138 3340 2242 3394 hoc
2272 3354 2483 3395 canone
2510 3357 2617 3397 non
2638 3343 2933 3412 prohiberi.
2964 3344 3103 3400 Sunt
3136 3347 3282 3401 enim
3323 3365 3449 3404 caro
3483 3367 3610 3419 una,

2028 3432 2097 3485 ‘et
2137 3430 2272 3485 nihil
2304 3438 2462 3500 turpe
2494 3445 2557 3486 ac
2607 3433 2924 3488 indecorum
2953 3434 3094 3491 inter
3125 3451 3221 3491 eos
3274 3438 3389 3494 ﬁeri
3433 3444 3610 3498 videa-

2040 3532 2152 3586 tur,
2188 3540 2311 3578 cum
2339 3539 2369 3578 a
2401 3538 2463 3579 se
2484 3526 2726 3581 invicem
2768 3542 2875 3580 non
2910 3528 3021 3583 sint
3056 3531 3317 3600 disjuncti
3358 3539 3609 3604 ροτριηί-

2039 3612 2185 3683 bus:
2225 3616 2347 3668 illos
2384 3624 2566 3669 autem
2603 3617 2783 3686 puniri
2808 3659 2824 3684 ,
2855 3612 2969 3687 qui
3001 3635 3123 3674 cum
3167 3627 3499 3682 scortatioue
3550 3645 3609 3684 se

2040 3704 2274 3772 turpiter
2305 3713 2358 3759 et
2392 3706 2646 3762 indecore
2674 3721 2894 3778 gerunt,
2933 3721 3257 3784 naturasque
3325 3718 3609 3787 pudendo-

2038 3812 2159 3850 rum
2197 3797 2348 3852 nullo
2387 3800 2605 3868 penitus
2634 3803 2838 3869 pudOre
2870 3803 3200 3861 aﬂiciuntur.
3255 3808 3377 3864 llaec
3422 3825 3605 3869 autem

2040 3887 2476 3957 religiosioribus
2505 3907 2612 3944 non
2646 3891 2903 3960 placuere
2930 3938 2943 3959 ,
2978 3897 3292 3956 dicentibus
3334 3902 3435 3958 hoc
3482 3920 3608 3962 esse

2036 3979 2271 4049 primam
2304 3981 2444 4052 apud
2498 3994 2686 4051 gentes
2746 3988 3305 4059 condemnationem,
3370 4005 3427 4048 ut
3472 3997 3607 4052 dicit

2033 4089 2212 4127 canon
2245 4090 2258 4127 :
2292 4085 2349 4128 et
2388 4074 2581 4130 ideoid
2611 4092 2732 4133 esse
2754 4080 3084 4149 puniendum
3111 4086 3604 4154 quomodocunque

2037 4163 2130 4217 ﬁat
2166 4182 2180 4218 :
2212 4175 2267 4218 et
2312 4168 2451 4234 quod
2499 4169 2714 4221 etiamsi
2782 4171 3066 4226 videantur
3109 4176 3371 4246 conjuch
3416 4168 3601 4237 unum

2033 4272 2156 4312 esse
2183 4274 2407 4327 corpus,
2438 4260 2519 4313 eis
2554 4270 2741 4315 tamen
2772 4280 2877 4316 non
2914 4269 3247 4334 permittitur
3276 4272 3391 4325 suis
3420 4288 3601 4327 mem-

2033 4348 2146 4404 bris
2176 4350 2313 4403 male
2346 4353 2444 4403 uti.
2481 4350 2534 4404 Si
2569 4354 2712 4405 enim
2774 4354 2844 4406 ita
2886 4367 3031 4410 esset
3063 4397 3076 4418 .
3113 4374 3213 4413 nec
3262 4362 3297 4414 ii
3354 4364 3446 4430 qui
3500 4366 3601 4420 sibi

2040 4447 2271 4493 mortem
2298 4442 2645 4496 consciscere
2674 4446 2852 4498 conati
2887 4455 3035 4518 sunt,
3064 4448 3411 4521 punirentur.

2105 4530 2354 4586 ZONAR.
2388 4530 2625 4601 Oportet,
2662 4535 2837 4603 inquit
2867 4537 3080 4594 divinus
3122 4545 3400 4612 apostolus
3450 4544 3592 4600 Pau-

2037 4627 2120 4679 lus
2144 4667 2159 4691 ,
2199 4625 2334 4678 bona
2392 4626 2667 4707 providere
2716 4624 2908 4684 'coram
2950 4631 3059 4687 Deo
3101 4643 3149 4687 et
3178 4638 3478 4694 hominibus
3513 4641 3601 4705 ";

2033 4729 2083 4773 et
2120 4720 2270 4785 alibi,
2304 4717 2432 4775 Sine
2460 4721 2744 4789 offensione
2772 4735 2933 4779 estote
2957 4739 3006 4779 et
3040 4725 3267 4795 Judrzis,
3297 4740 3346 4784 et
3372 4730 3596 4799 ercis,

1539 5041 1736 5103 Guill.
1780 5044 2110 5125 Beveregii
2146 5052 2335 5109 notas.

435 5163 545 5231 (88)
578 5166 645 5217 El
670 5161 738 5217 δὲ
770 5164 982 5225 λαικὸς
1013 5162 1392 5232 ἀφοριῖἑσθω.
1426 5164 1482 5220 In
1520 5168 1709 5222 codice
1743 5181 1930 5223 nostro

363 5234 655 5288 Bodleiano
707 5245 826 5301 post
877 5240 988 5288 haec
1041 5244 1228 5288 ultnna
1260 5237 1488 5292 canonis
1533 5255 1689 5292 verna
1739 5241 1924 5300 habes.

2101 5174 2393 5254 (89L’Ira
2441 5176 2819 5254 ἐκολάζοντο..
2865 5179 2919 5232 lu
2966 5156 3247 5237 codicibus
3295 5183 3597 5254 impressis,

2029 5243 2158 5296 item
2194 5243 2506 5299 .Etontensi
2543 5258 2595 5299 c-t
2633 5252 3062 5305 Amerhachiano
3093 5268 3223 5304 mss.
3256 5243 3383 5307 haec.
3408 5243 3598 5313 ultima

362 5302 781 5384 Enpeiwgat‘rbv
810 5306 1051 5384 παρόντα
1072 5303 1269 5384 κανόνα
1286 5306 1760 5384 ἀφορίζοντατοὺς
1789 5313 1927 5384 μετά

2036 5326 2154 5368 sunt
2184 5317 2346 5382 hujus
2379 5323 2843 5384 tnterpretatlonis
2869 5302 3067 5383 uerba;
3097 5321 3192 5375 sed

360 5373 637 5448 γυναικῶν
683 5374 1028 5448 λουομένους,
1078 5374 1168 5426 καὶ
1201 5373 1762 5448 *εὖξαιᾲδιορθῳθῆναι
1790 5373 1927 5442 ’τοὺς

359 5444 521 5500 τοῦτο
576 5443 1075 5516 καταφρονοῦντας,
1110 5445 1223 5516 ,καὶ
1272 5443 1469 5515 μᾶλλον
1495 5443 1639 5509 ’τοὺς
1660 5443 1925 5516 ἐὐγενεῖς

2023 5396 2212 5464 nostro
2236 5386 2375 5464 _h:e_c
2396 5396 2718 5464 _s_equuntur
2751 5403 2766 5464 _:
2800 5390 3110 5464 Σημείωσαι
3160 5393 3258 5464 τὴν
3315 5396 3597 5464 παροῦσαν

2020 5454 2317 5546 έρ-μηχείαίν
2337 5455 2692 5546 διδάσκουσαν
2709 5454 2981 5519 τίνεςντῶν
3009 5454 3283 5546 κληρικῶν
3309 5460 3376 5546 δι’
3395 5454 3596 5546 ἒγγρα-
3651 5502 3656 5507 ~

362 5516 461 5599 τῇς
476 5512 713 5601 ηήμίρας
756 5514 1062 5601 ἀδιαφόρως
1108 5512 1921 5601 λουομένουςμετάηγυναικῶν
2020 5512 2137 5589 cpth
2153 5512 2569 5601 duvﬁougttxat
2604 5527 2748 5601 τινες
2775 5512 3270 5601 σιιξματικδνΊόρκον
3298 5512 3593 5587 stetisti;-

365 5599 561 5637 αυτων.
597 5599 700 5634 aeu
728 5599 939 5636 euamst
972 5599 1084 5639 meo
1111 5601 1164 5637 ιιι
1207 5600 1324 5653 lpSO
1351 5599 1501 5640 textu
1525 5599 1854 5653 scribantur,
1902 5606 1922 5645 ε

370 5653 621 5727 margine
636 5660 813 5727 tamen
839 5653 972 5727 illuc
998 5654 1285 5727 irrepsisse
1308 5656 1706 5726 primointuitu
1731 5668 1876 5727 patet
1908 5676 1922 5713 :

330 5723 510 5784 ,nnde
551 5723 716 5776 etiam
774 5724 828 5775 in
878 5722 1428 5792 reliquis’codicibus
1486 5722 1618 5781 mss.
1684 5722 1792 5783 non
1846 5729 1923 5784 le-

373 5800 596 5861 guntur.

710 5885 979 5946 PATROL.
1023 5883 1139 5947 GR.
1188 5886 1531 5948 CXXXVII.

669 5583 700 5634 d
728 5583 939 5665 etiarnsi
972 5586 1084 5665 haec
1111 5585 1188 5665 in.
1207 5583 1324 5653 ipso
1351 5583 1854 5665 textusmibautur,
1902 5606 1932 5645 ε

2036 5583 2158 5643 ταιο
2190 5583 2627 5665 ’ἀμφιϐάλλεταιέ
2652 5583 2779 5665 γάρ.
2832 5583 2978 5652 lianc
3022 5583 3199 5654 autem
3252 5583 3596 5661 notam—esse

2038 5665 2409 5739 marginaietn,
2431 5673 2485 5739 et
2506 5666 2570 5739 ad
2601 5664 2936 5739 Balsamonis
2962 5668 3457 5739 interpretationem
3484 5689 3592 5729 non

2035 5736 2326 5813 pertinere,
2355 5736 2789 5813 ex._ipsis_yerbis
2811 5737 2996 5813 palam
3026 5736 3144 5805 est;
3178 5752 3363 5812 utpote
3386 5742 3589 5813 quibus

2040 5803 2415 5873 interpretatio
2449 5807 2547 5860 ista
2578 5806 2779 5860 diserte
2810 5803 3203 5878 indigitatur'et
3238 5803 3479 5869 notatur.

3145 5898 3222 5959 25
