4062 6402
377 346 485 411 783

1630 344 1906 407 ΤΗΕΟΙ).
1947 346 2350 408 BALSAMON

3503 353 3613 417 784

386 462 883 537 Virginis‘partum
923 459 1128 527 absque
1186 454 1295 510 ullo
1342 457 1631 525 puerperio
1686 454 1920 510 fuissedi

2017 506 2023 529 ι
2054 455 2347 525 Παρθένου,
2386 458 2583 526 Λοχεία
2629 458 2676 510 δ’
2720 459 2868 512 ἐστὶν
2896 462 2927 529 ἡ
2959 459 3079 530 μέτ’
3115 459 3322 515 ὠδίνων
3356 461 3450 515 τοῦ
3485 465 3614 543 βρέ-

380 574 533 614 cens.
564 557 657 610 Est
693 571 817 608 vero
867 552 1214 621 puerperium
1264 549 1486 613 emissio
1550 547 1711 601 fretus
1736 586 1750 612 ,
1787 560 1947 617 quam

381 652 584 706 doloris
613 664 809 702 sensus
833 662 897 700 ac
915 644 1239 716 proﬂuvium
1266 640 1550 709 sanguinis
1572 639 1904 693 comitantur
1932 640 1981 688 :"

379 745 579 814 quibus
609 741 831 811 quidem
862 739 1022 792 malis
1067 736 1376 789 nullatenus
1431 732 1726 786 obnoxiam
1775 730 1948 784 luisse

380 838 662 904 Deiparam
702 831 1003 909 credimus.
1038 828 1235 881 Partus
1267 824 1469 879 etenim
1509 822 1788 876 naturales
1839 822 1949 875 ista

376 933 795 997 consequuntur
824 941 837 985 ;
872 923 993 991 ejus
1030 935 1158 974 vero
1187 917 1476 986 conceptio
1507 914 1608 968 fuit
1638 926 1806 981 supra
1845 926 1940 964 na-

375 1034 575 1083 turam,
608 1034 731 1073 nam
768 1032 799 1071 a
833 1016 1035 1085 Spiritu
1073 1023 1265 1067 sancto
1293 1008 1480 1065 ell‘ecta
1510 1018 1586 1061 est
1618 1023 1633 1068 ;
1669 1004 1941 1073 ejusdem-

374 1129 479 1183 que
518 1123 707 1182 partus
741 1121 1082 1177 nequaquam
1115 1105 1203 1166 iis,
1244 1116 1364 1172 qua:
1393 1108 1606 1169 partum
1636 1093 1935 1149 naturalem

374 1206 594 1276 proprie
624 1206 1061 1267 consequuntur,
1118 1195 1386 1249 obnoxius
1425 1192 1547 1246 fuit.
1594 1188 1725 1256 Quae
1777 1186 1940 1256 igitur

366 1299 719 1366 puerperium
757 1308 861 1347 non
897 1290 1139 1361 agnovit,
1182 1286 1311 1357 quid
1339 1300 1439 1339 nos
1463 1284 1509 1337 ei
1548 1297 1666 1353 quae
1711 1292 1940 1349 puerpeo

370 1403 556 1443 rarum
590 1394 719 1441 sunt
747 1381 1161 1439 exhibebimus?
1190 1379 1282 1433 Est
1314 1378 1363 1431 id
1396 1377 1613 1447 quidem
1645 1386 1938 1429 sacrosan-

372 1489 473 1534 οιαὶ
508 1476 712 1545 Virgini
745 1473 1203 1529 contumeliosum
1236 1468 1397 1539 250
1427 1469 1607 1537 potius
1650 1479 1811 1535 quam
1840 1462 1936 1516 ho-

369 1572 679 1633 noriﬁcum,
716 1583 906 1621 eorum
955 1563 1160 1632 aliquid
1229 1562 1280 1614 in
1329 1561 1448 1629 ejus
1495 1558 1695 1611 eximio
1735 1565 1891 1624 partu
1920 1593 1934 1615 ,

2051 564 2186 619 φους
2209 546 2482 612 ἀπότεξις.
2515 552 2608 600 καὶ
2638 551 2671 619 ἡ
2699 551 2807 602 τῶν
2837 553 3082 620 αἱμάτων
3107 554 3399 616 ἀκόλουθος
3432 556 3607 625 ῥύσις*

2047 627 2121 687 ὧν
2163 635 2238 705 μὴ
2267 633 2593 706 πειραθῆναι
2632 638 2730 709 τὴν
2760 642 3021 693 Θεοτόκον
3041 642 3395 712 πιστεύομεν.
3421 646 3611 700 Ταῦτα

2047 725 2157 797 γὰρ
2213 728 2332 789 ταῖς
2385 726 3061 795 φυσικῶςσυλλαὸούσαις
3109 740 3492 803 παφμαρτείς
3545 741 3613 808 τῇ

2044 818 2104 871 δὲ
2158 818 2298 888 ὑπὲρ
2352 819 2514 887 φύσιν
2574 822 2606 890 ἡ
2667 821 2963 892 σύλληψις·
3014 826 3075 877 ὲκ
3135 828 3242 896 γὰρ
3294 829 3613 898 Πνεύματος

2014 958 2017 965 ,
2047 910 2205 973 ἁγίου
2238 910 2477 978 ἐγένετο,
2508 916 2608 964 καὶ
2642 915 2669 966 ὁ
2696 914 2850 978 τόκος
2893 918 3002 969 τῶν
3030 908 3275 985 φυσικῶν
3304 920 3613 989 ἰδιωμάτων

2046 1000 2370 1071 ὑπέρτερος.
2394 1001 2470 1072 Τῇ
2509 1004 2638 1070 γοῦν
2677 1005 2751 1077 μὴ
2784 1007 2991 1080 γνούσῃ
3035 1008 3251 1077 λοχείαν
3296 1012 3414 1075 πῶς
3449 1014 3611 1082 ἡμεῖς

2043 1092 2111 1145 τὰ
2162 1092 2271 1144 τῶν
2321 1092 2693 1162 λοχευομένων
2755 1097 3205 1167 διαπραξόμεθας
3239 1101 3435 1171 ’Ὕϐρις
3502 1105 3611 1173 γὰρ

2041 1181 2137 1234 καὶ
2166 1182 2226 1234 ού
2267 1183 2400 1254 τιμὴ
2426 1183 2527 1252 τῆς
2559 1186 2869 1258 ὑπεραγίας
2898 1190 3178 1259 Παρθένου
3223 1193 3339 1243 ἐστὶ
3380 1194 3440 1244 τὸ
3468 1196 3612 1259 γίνε-

2044 1274 2168 1327 σθαί
2203 1292 2256 1327 τι
2288 1277 2383 1329 ἐπὶ
2411 1276 2491 1345 τῷ
2533 1278 2901 1350 άνεκφράστῳ
2928 1283 3070 1352 τόκῳ
3115 1286 3305 1354 αὐτῆς,
3356 1282 3466 1338 οἷον
3517 1286 3612 1340 ἐπὶ

2039 1365 2151 1419 τῶν
2190 1366 2367 1420 ἄλλων
2406 1368 2617 1435 γίνεται
2660 1372 2936 1438 γυναικῶν
2986 1375 3310 1441 τικτουσῶν.
3363 1378 3504 1439 Τοὺς
3548 1377 3609 1430 δὲ

2036 1459 2284 1513 τοιοῦτόν
2313 1478 2365 1512 τι
2401 1461 2760 1531 πράττοντας,
2807 1465 3101 1534 κληρικοὺς
3154 1468 3250 1536 μὲν
3276 1467 3452 1533 ὄντας,
3478 1468 3612 1521 καθ-

2041 1553 2205 1617 αιρεῖ,
2239 1551 2461 1615 λαῖκοὺς
2490 1552 2567 1618 δὲ,
2593 1554 2862 1623 ἀφορίζει.

368 1667 531 1735 quale
593 1666 645 1717 in
702 1664 930 1716 aliarum
995 1659 1282 1713 mulierum
1348 1654 1544 1709 fmtura
1617 1650 1929 1719 contingit,
1967 1647 2241 1716 usurpari.
2298 1646 2402 1713 Qui
2448 1664 2577 1719 ergo
2647 1650 2752 1703 tale
2797 1651 3076 1721 quidpiam
3137 1653 3461 1719 admiserit,
3511 1656 3607 1710 de-

366 1756 636 1827 positione
656 1752 899 1806 clericus
940 1769 953 1803 :
990 1749 1159 1803 laicos
1182 1762 1310 1800 vero
1342 1742 1712 1814 segregatione
1741 1739 1914 1794 teneri
1951 1739 2129 1827 jubet.

438 1846 667 1903 ABIST.
707 1864 724 1895 ι
771 1844 873 1908 Qui
896 1848 1027 1911 post
1056 1837 1302 1906 Deiparze
1331 1834 1529 1889 festum
1585 1829 1817 1886 similam
1848 1842 1914 1880 ve

2034 1823 2255 1879 ΔΡΙΣΤ.
2310 1843 2328 1877 ι
2398 1826 2746 1896 Ἀφορίζεται
2799 1831 2827 1883 ό
2890 1831 3031 1900 μετὰ
3087 1831 3187 1901 τὴν
3253 1832 3451 1903 ἑορτὴν
3504 1836 3606 1906 τῆς

366 1964 389 1999 ι
435 1945 582 1999 aliud
616 1938 909 2010 quidlibet,
944 1940 1163 2002 promer
1184 1946 1249 1998 ea
1277 1944 1397 2000 qua:
1426 1929 1680 1982 dicuntur
1706 1934 1934 1991 puerpe-

369 2060 387 2091 ι
432 2040 533 2100 ria,
574 2034 1228 2105 pr:eparat,'segregatur.
1268 2043 1287 2075 ι

434 2130 551 2181 Hoc
585 2122 814 2193 Virgini,
853 2134 972 2189 quae
1019 2130 1185 2187 supra
1241 2127 1469 2168 mentem
1515 2120 1569 2167 et
1623 2128 1930 2170 sermonem

362 2212 925 2287 incomprehensibile
959 2210 1164 2279 peperit
1198 2220 1363 2261 carne
1398 2203 1632 2259 Verbum
1654 2245 1670 2268 ,
1702 2221 1809 2260 non
1848 2213 1933 2259 est

363 2317 565 2373 honor,
600 2326 663 2363 cx
696 2303 1088 2362 communibus
1113 2310 1167 2354 et
1201 2301 1270 2355 iis
1295 2314 1415 2367 qua:
1448 2298 1501 2352 in
1556 2298 1715 2353 nobis
1757 2307 1927 2362 sunt,

359 2401 781 2460 inenarrabilem
805 2380 927 2466 ejus
955 2404 1169 2465 partum
1202 2393 1435 2447 delinire
1487 2399 1541 2447 et
1590 2391 1926 2447 describere.

358 2496 414 2551 Si
444 2493 567 2564 quis
602 2493 784 2558 itaque
814 2495 937 2557 post
981 2494 1183 2541 sancta:
1209 2482 1409 2539 Christi
1443 2481 1555 2537 veri
1613 2480 1705 2535 Dei
1750 2480 1925 2559 nostri

358 2585 663 2644 nativitatis
695 2583 837 2635 diem
892 2579 1123 2632 similam
1169 2590 1408 2644 coquere
1451 2573 1875 2641 deprehenditur
1908 2612 1922 2637 ,

356 2694 585 2748 eamque
621 2674 743 2729 aliis
771 2671 1052 2734 exhibere,
1094 2666 1367 2737 puerperii
1402 2663 1615 2719 scilicet
1659 2664 1925 2717 immacu-

354 2775 480 2828 lata:
514 2768 746 2837 Virginis
785 2758 971 2817 Matris
999 2760 1223 2815 honoris
1260 2756 1553 2828 praetextu;
1608 2754 1652 2809 si
1706 2755 1921 2823 quidem

353 2864 584 2919 clericus
609 2868 714 2925 est,
750 2859 1053 2926 deponetur
1090 2870 1102 2905 :
1145 2852 1229 2906 sin
1262 2864 1391 2903 vero
1420 2848 1629 2910 laicus,
1671 2860 1923 2914 segrega-

353 2956 522 3010 bitur.
562 2951 810 3004 Divinum
840 2948 982 3001 enim
1018 2960 1048 2997 e
1078 2941 1303 3012 Virgine
1329 2949 1565 3009 partum,
1604 2946 1661 2989 ut
1688 2936 1807 2989 sine
1834 2950 1923 2989 se-

352 3046 499 3102 mine
533 3043 937 3101 constitutum,
979 3037 1096 3092 sine
1148 3028 1439 3105 puerperio
1494 3031 1697 3086 editum
1750 3026 1923 3083 conli-

353 3150 553 3197 temur.

873 3222 1101 3279 CANON
1138 3220 1349 3276 LXXX.

351 3343 374 3377 ι
413 3323 470 3377 Si
502 3321 624 3391 quis
657 3316 1056 3387 cpiscopus,vel
1088 3315 1389 3383 presbyter,
1414 3312 1498 3366 vel
1518 3311 1802 3377 diaconus,
1838 3313 1920 3370 vel

427 3435 445 3467 ι
488 3426 676 3468 eorum
708 3410 797 3477 qui
837 3411 888 3460 in
921 3409 1068 3461 clero
1100 3413 1492 3460 enumerantur
1517 3444 1531 3468 ,
1574 3405 1659 3458 vel
1712 3404 1919 3471 laicus,

426 3527 445 3559 ι
488 3506 690 3559 nullam
726 3501 1026 3568 graviorem
1062 3499 1261 3552 habeat
1292 3497 1672 3551 necessitatem
1710 3497 1792 3551 vel
1822 3513 1920 3552 ne-

418 3619 436 3651 c
485 3598 689 3668 gotium
727 3593 965 3657 dilIicile,
1007 3600 1061 3643 ut
1102 3608 1129 3643 a
1166 3606 1265 3646 sua
1292 3590 1525 3645 ecclesia
1556 3589 1698 3644 absit
1726 3590 1920 3651 diutis-

404 3711 443 3743 ν(
484 3693 642 3753 sitne,
676 3689 771 3742 sed
809 3688 861 3738 in
892 3685 1108 3738 civitate
1142 3700 1309 3753 agens
1331 3721 1347 3746 ,
1396 3683 1571 3737 tribus
1598 3682 1788 3736 diebus
1815 3681 1918 3735 Do-

420 3805 439 3838 ι
478 3783 691 3838 miuicis
726 3783 780 3834 in
819 3780 996 3833 tribus
1025 3776 1344 3845 septimanis
1394 3790 1503 3830 una
1556 3790 1665 3829 non
1717 3788 1916 3829 conve-

417 3898 436 3932 ι
474 3877 625 3939 niat,
662 3876 706 3927 si
755 3873 827 3927 sit
858 3869 1082 3940 quidem
1114 3869 1356 3923 clericus
1380 3907 1396 3931 ,
1428 3867 1734 3935 deponatur
1772 3882 1788 3919 :
1829 3867 1911 3921 sin

406 3989 434 4027 ,ι
475 3982 606 4022 vero
642 3965 833 4027 laicus,
870 3960 1259 4015 communione
1289 3942 1590 4012 moveatur.
1627 3976 1646 4007 ›

399 4058 607 4115 BALS.
642 4056 746 4109 Alii
786 4053 1007 4122 quidem
1057 4051 1260 4105 diversi
1302 4063 1541 4104 canones
1595 4048 1701 4102 alio
1752 4046 1912 4103 modo

337 4154 573 4227 puniunt
604 4150 892 4217 episcopos
923 4155 978 4201 et
1011 4143 1240 4199 clericos
1272 4180 1288 4207 ,
1344 4142 1439 4210 qui
1504 4142 1822 4210 aliquandiu
1878 4156 1907 4194 a

336 4246 456 4303 suis
481 4241 729 4298 ecclesiis
757 4252 994 4310 peregre
1047 4235 1269 4289 absunt.
1302 4231 1552 4288 Praesens
1600 4240 1779 4286 autem
1820 4246 1913 4285 ca-

2111 1937 2132 1973 ι
2177 1921 2468 1986 Θεοτόκου,
2499 1923 2783 1993 σεμίδαλιν
2824 1924 2856 1994 ἢ
2894 1925 3020 1980 ἄλλο
3063 1944 3115 1978 τι
3150 1928 3603 1995 κατασκευάζων,

2110 2030 2130 2063 ‹
2176 2012 2265 2066 διὰ
2296 2012 2365 2065 τὰ
2390 2012 2661 2083 λεγόμενα
2701 2015 3001 2085 ὲπιλὸχεια.
3049 2036 3067 2069 ι

2117 2105 2229 2158 Οὐκ
2253 2103 2367 2157 ἐστι
2398 2106 2556 2158 τοῦτο
2605 2107 2739 2177 τιμὴ
2769 2112 2833 2179 τῇ
2879 2110 3160 2180 Παρθένῳ,
3191 2113 3256 2181 τῇ
3295 2111 3434 2182 ὑπὲρ
3472 2112 3597 2166 νοῦν

2030 2200 2127 2253 καὶ
2160 2197 2319 2267 λόγον
2367 2200 2458 2251 τὸν
2504 2200 2789 2270 άχώρητον
2832 2201 3069 2272 τεκούσῃ
3102 2203 3276 2271 Λόγον
3319 2204 3503 2275 σαρκὶ,
3533 2203 3599 2258 ὲκ

2029 2292 2135 2345 τῶν
2164 2291 2361 2344 κοινῶν
2388 2308 2449 2344 τε
2482 2292 2575 2344 καὶ
2610 2292 2733 2345 καθ’
2758 2294 2907 2363 ἡμᾶς
2933 2295 2999 2347 τὰ
3030 2297 3171 2348 κατὰ
3196 2296 3287 2348 τὸν
3317 2295 3600 2366 ἄφραστον

2028 2384 2198 2453 αὐτῆς
2221 2384 2381 2438 τόκον
2422 2384 2624 2453 ὁρίζειν
2666 2388 2760 2439 καὶ⁴
2806 2388 3173 2457 ὑπογράφειν.
3204 2389 3304 2442 Διὰ
3331 2390 3509 2448 τοῦτο.
3548 2390 3604 2444 ετ

2027 2493 2108 2537 τις
2140 2477 2281 2543 μετὰ
2331 2477 2427 2547 τὴν
2477 2478 2692 2549 ἡμέραν
2737 2481 2836 2549 τῆς
2867 2481 3027 2547 ἁγίας
3055 2480 3291 2551 Χριστοῦ
3339 2482 3435 2533 τοῦ
3465 2481 3598 2553 άλη-

2027 2567 2176 2621 θινοῦ
2208 2570 2343 2622 Θεοῦ
2379 2572 2889 2641 ἡμῶνχεννήσεως
2944 2574 3224 2642 σεμίδαλιν
3277 2575 3598 2644 εὑρίσκεται

2024 2657 2189 2725 ἕψων,
2239 2661 2331 2712 καὶ
2392 2661 2599 2730 ταύτην
2643 2663 2900 2732 παρέχων
2947 2664 3058 2718 τισὶ
3109 2667 3383 2735 προφάσει
3431 2668 3598 2737 τιμῆς

2024 2747 2182 2818 δῆθεν
2236 2750 2462 2821 λοχειῶν
2510 2754 2606 2822 τῆς
2662 2756 2932 2823 ἀχράντου
2969 2757 3496 2828 Παρθενομήτορος·
3546 2764 3596 2813 εί

2025 2839 2124 2907 μὲν
2166 2840 2426 2911 κληρικός
2479 2846 2621 2907 ἐστι,
2680 2844 3161 2917 καθαιρεθήσεται,
3193 2850 3243 2902 εί
3285 2851 3341 2902 δὲ
3384 2850 3613 2916 λαῖκὸς,

2021 2930 2475 3002 ἀφορισθήσεται.
2542 2933 2860 3003 Ἀλόχευτον
2906 2938 3014 3006 γὰρ
3069 2938 3445 3009 ὁμολογοῦμεν
3495 2943 3587 2993 τὸν

2019 3023 2085 3074 ἐκ
2114 3022 2214 3091 τῆς
2246 3024 2523 3096 Παρθένου
2569 3027 2711 3079 θεῖον
2739 3028 2916 3093 τόκον,
2958 3030 3033 3094 ὡς
3079 3035 3172 3085 καὶ
3207 3033 3464 3105 ἀσπόρως
3495 3051 3589 3087 συ·

2022 3133 2241 3171 σταντα.

2619 3217 2860 3269 ΚΛΝΩΝ
2908 3216 2989 3271 Π’.

2027 3339 2045 3373 t
2090 3323 2157 3377 Εἴ
2168 3341 2251 3386 τις
2271 3326 2589 3398 ἐπίσκοπος,
2608 3330 2640 3397 ἢ
2662 3330 3048 3401 πρεσϐύτερος,
3078 3333 3110 3402 ἢ
3139 3333 3406 3401 διάκονος,
3434 3336 3594 3406 ἡτῶν

2096 3433 2114 3465 ι
2157 3416 2216 3469 ὲν
2245 3418 2322 3487 τῷ
2365 3418 2550 3489 κλήρῳ
2596 3420 3131 3495 καταλεγομένων,ἣ
3181 3426 3386 3488 λαῖκὸς,
3421 3429 3590 3498 μηδε-

2094 3524 2111 3557 ι
2161 3506 2291 3574 μίαν
2324 3508 2569 3580 ἀνάγκην
2601 3510 2905 3583 βαρυτέραν
2937 3513 3048 3582 ἔχοι
3075 3515 3108 3585 ἢ
3137 3519 3371 3587 πρᾶγμα
3395 3519 3590 3590 δυσχε-

2092 3616 2109 3647 ι
2160 3598 2271 3667 ρὲς,
2303 3598 2444 3652 ὥστε
2468 3602 2559 3654 ἐπὶ
2590 3603 2842 3657 πλεῖστον
2868 3605 3265 3663 ἀπολείπεσθαι
3295 3611 3394 3680 τῆς
3416 3613 3585 3668 αὐτοῦ

2091 3711 2109 3743 ι
2157 3692 2472 3762 ἐκκλησίας,
2523 3694 2638 3747 ἀλλ’
2687 3698 2743 3747 ἐν
2803 3698 2961 3751 πόλει
3012 3701 3236 3770 διάγων,
3270 3704 3422 3772 τρεῖς
3471 3706 3588 3759 Κυι-

2093 3800 2111 3831 ‹
2159 3785 2355 3851 ριακὰς
2392 3786 2450 3837 ὲν
2500 3787 2678 3854 τρισὶν
2723 3787 2989 3858 ἑϐδομάσι
3031 3793 3107 3861 μὴ
3151 3792 3488 3866 συνέρχοιτο,
3532 3797 3584 3850 εί

2091 3891 2109 3922 ι
2159 3874 2258 3942 μὲν
2300 3875 2561 3946 κληρικὸς
2591 3879 2701 3945 εἴη,
2748 3883 3151 3954 καθαιρείσθω’
3191 3889 3241 3941 εί
3271 3888 3329 3942 δὲ
3366 3890 3579 3958 λαῖκὸς,

2088 3985 2105 4017 ι
2153 3968 2523 4023 ἀποκινείσθω
2551 3971 2652 4041 τῆς
2682 3977 2992 4047 κοινωνίας.
3034 3997 3052 4028 ι

2080 4060 2274 4112 ΒΑΛΣ.
2310 4060 2497 4119 Ἄλλοι
2536 4063 2635 4131 μὲν
2684 4065 2907 4129 κανόνες
2938 4067 3187 4135 διάφοροι
3231 4068 3583 4137 ἁλλοτρόπως

2009 4148 2299 4214 κολάζουσι
2332 4152 2460 4213 τοὺς
2485 4153 2823 4217 ἐπισκόπους
2861 4158 2957 4208 καὶ
3002 4158 3131 4221 τοὺς
3159 4156 3459 4229 ,κληρικοὶις
3492 4158 3581 4227 ἐφ’

2011 4239 2192 4292 ἱκανὸν
2230 4239 2646 4315 ἀποδημούντας
2675 4243 2783 4295 ἀπὸ
2811 4244 2917 4297 τῶν
2937 4246 3244 4315 ἐκκλησιῶν
3273 4250 3472 4302 αὐτῶν.
3519 4248 3579 4304 Ὀ

334 4350 444 4391 non
484 4347 593 4387 non
636 4330 812 4385 solum
853 4326 1145 4397 episcOpos
1172 4334 1226 4377 et
1274 4321 1504 4377 clericos
1529 4361 1545 4387 ,
1598 4320 1694 4375 sed
1740 4319 1904 4374 ctiam

2017 4330 2061 4382 δὲ
2092 4330 2284 4399 παρὼν
2328 4330 2509 4385 κανὼν
2557 4334 2617 4385 οὐ
2674 4335 2834 4404 μόνον
2880 4338 3213 4404 ἐπισκόπους
3258 4341 3356 4395 καὶ
3387 4341 3578 4413 κληρι-

334 4427 525 4488 laicos,
562 4422 654 4491 qui
679 4436 712 4474 α
737 4420 853 4475 suis
892 4417 1209 4482 regionibus
1249 4414 1303 4467 in
1334 4415 1515 4466 alieno
1538 4413 1659 4466 solo
1698 4411 1907 4484 .degeno

2017 4424 2157 4484 κους,
2184 4421 2322 4474 ἀλλὰ
2356 4424 2447 4476 καὶ
2478 4423 2607 4485 τοὺς
2633 4423 2859 4488 λαῖκοὺς
2890 4427 3019 4491 τοὺς
3052 4430 3161 4482 ἀπὸ
3213 4431 3323 4485 τῶν
3373 4411 3572 4502 χωρῶν

238 4549 247 4559 -
334 4527 420 4571 tes
447 4514 665 4578 absunt,
699 4511 849 4578 cogit
887 4525 994 4563 una
1034 4521 1159 4562 cum
1201 4503 1449 4558 ﬁdelibus
1501 4504 1905 4567 communicare

2017 4512 2187 4565 αὐτῶν
2236 4515 2295 4566 ὲν
2328 4512 2601 4586 ἀλλοδαπῇ
2640 4516 2951 4583 διάγοντας,
2988 4524 3399 4589 καταναγκάζει
3434 4524 3575 4593 μετά

334 4618 389 4664 et
412 4621 604 4667 orare;
642 4614 696 4657 et
719 4602 931 4662 statuit,
962 4599 1104 4668 quod
1132 4597 1176 4652 si
1214 4596 1342 4666 quis
1373 4610 1587 4655 eorum,
1620 4594 1765 4647 nulla
1806 4611 1897 4647 ne—

331 4699 586 4754 cessitate
622 4694 927 4765 pr0posita,
959 4688 1132 4744 morbi
1161 4687 1413 4753 scilicet,
1444 4686 1526 4740 vel
1568 4685 1903 4754 gravissima:

328 4788 635 4853 servitutis,
668 4800 790 4854 qua:
822 4784 871 4837 ei
903 4798 1010 4835 non
1043 4778 1300 4833 concedit
1334 4789 1391 4831 ut
1424 4778 1477 4830 in
1511 4778 1742 4830 ecclesia
1780 4793 1902 4829 vcr-

326 4892 501 4944 setur,
535 4879 712 4932 tribus
743 4875 936 4930 diebus
983 4871 1297 4926 Dominicis
1318 4884 1441 4923 cum
1486 4869 1735 4924 ﬁdelibus
1788 4884 1896 4923 non

325 4969 666 5026 convenerit,
700 4974 755 5018 et
785 4979 890 5017 una
926 4978 1033 5015 non
1066 4963 1325 5023 oraverit,
1366 4961 1458 5015 sed
1492 4964 1545 5013 in
1582 4961 1722 5014 hanc
1747 4960 1897 5013 salu-

324 5061 540 5114 tiferam
569 5054 1010 5111 communionem
1040 5050 1379 5121 negligenter
1423 5050 1652 5105 allectus
1690 5042 1893 5121 fuerit,

322 5156 367 5208 si
395 5153 466 5207 sit
495 5149 715 5220 quidem
750 5146 1009 5219 clericus,
1042 5143 1343 5214 deponatur
1374 5161 1386 5197 :
1426 5144 1473 5197 si
1528 5160 1654 5196 vero
1685 5143 1891 5206 laicus,

323 5262 352 5299 a
389 5241 773 5299 communione
804 5248 1111 5299 moveatur,
1146 5239 1248 5315 hoc
1288 5245 1372 5291 est
1402 5276 1417 5300 ,
1445 5244 1781 5304 segregetui'.
1817 5234 1891 5285 Ex

319 5352 385 5392 eo
412 5338 556 5390 enim
587 5334 821 5388 duorum
852 5332 1082 5386 alterum
1107 5339 1335 5399 apparet
1365 5368 1379 5393 ,
1413 5345 1536 5383 eum
1583 5328 1660 5380 ιρι
1705 5327 1889 5380 divina

319 5435 586 5494 praecepta
618 5424 945 5492 divinasque
995 5420 1327 5491 psalmodias
1367 5428 1422 5472 ct
1464 5417 1741 5471 orationes
1780 5432 1888 5470 non

319 5532 536 5577 curare,
567 5515 647 5568 vel
678 5530 782 5567 non
820 5529 944 5569 esse
985 5513 1219 5566 iiilelein.
1256 5512 1367 5564 Cur
1395 5511 1540 5563 enim
1589 5508 1658 5563 20
1694 5508 1886 5565 diebus

314 5622 437 5661 cum
465 5605 797 5661 Christianis
823 5606 876 5659 in
904 5605 1130 5660 ecclesia
1165 5602 1367 5656 versari
1405 5601 1576 5655 noluit
1611 5642 1625 5668 ,
1669 5618 1884 5673 unaque

313 5707 435 5749 cum
476 5692 565 5748 Dei
610 5693 751 5749 lideli
795 5695 996 5763 populo
1031 5693 1492 5749 communicare?

2005 4604 2114 4656 τῶν
2170 4605 2375 4659 πιστῶν
2426 4613 2815 4675 συγκοινωνεῖν
2858 4612 2970 4673 ,καὶ
3023 4614 3421 4685 συνεύχεσθαιο
3478 4617 3575 4670 καὶ

2002 4696 2295 4766 διορίζεται
2323 4698 2397 4761 ὡς
2428 4700 2585 4775 είπερ
2614 4715 2700 4764 τις
2749 4703 2814 4754 ἐκ
2864 4703 3074 4757 τούτων
3110 4704 3385 4776 μηδεμιᾶς
3437 4724 3573 4778 προ-

2002 4790 2260 4857 κειμένης
2299 4791 2567 4860 άνάγκης,
2604 4791 2757 4845 νόσου
2791 4795 2954 4864 τυχὸν
2981 4795 3012 4865 ἢ
3040 4796 3285 4858 δουλείας
3322 4798 3569 4867 βαρυτά-

1998 4892 2096 4947 της
2131 4879 2205 4949 μὴ
2233 4881 2667 4951 παραχωρούσης
2697 4884 2844 4953 αὑτῷ
2876 4887 3279 4955 ἐκκλησιάζειν,
3302 4891 3394 4942 ἐπὶ
3420 4893 3571 4961 τρεῖς

1999 4969 2285 5036 Κυρεακὰς
2309 4971 2369 5021 οὐ
2406 4971 2635 5042 συνέλθῃ
2686 4976 2824 5041 μετὰ
2852 4976 2961 5029 τῶν
2992 4978 3201 5031 πιστῶν
3252 4981 3344 5033 καὶ
3381 4983 3570 5035 συνεύ-

1998 5059 2156 5129 ξηται
2210 5062 2327 5114 ἀλλ’
2362 5062 2578 5132 ἀμελῶς
2605 5064 2826 5136 διατεθῇ
2861 5068 2953 5119 ἐπὶ
2997 5074 3061 5139 τῇ
3115 5071 3343 5144 τοιαύτῃ
3387 5091 3565 5144 σωτη-

2000 5153 2179 5222 ριὼδει
2229 5155 2504 5225 κοινωνίᾳ,
2546 5148 2817 5227 ’κληρικὸς
2858 5162 2956 5228 μὲν
3010 5161 3104 5228 ὢν,
3156 5164 3561 5236 καθαιρείσθω’

1994 5246 2175 5309 λαῖκὸς
2235 5248 2310 5315 δὲ,
2364 5251 2732 5306 ἁποκινείσθω
2785 5254 2883 5321 τῆς
2943 5257 3249 5320 κοινωνίας,
3284 5261 3563 5314 τουτέστιν

1993 5340 2354 5409 ἀφοριζέσθω.
2393 5344 2548 5394 Δυοῖν
2590 5346 2714 5415 γὰρ
2776 5344 3005 5415 θάτερον
3063 5350 3125 5400 ἐκ
3177 5348 3369 5402 τούτου
3429 5353 3561 5404 ἁνα-

1990 5432 2257 5499 φαίνεται,
2288 5431 2320 5503 ἢ
2360 5434 2629 5503 μηδεμίαν
2666 5437 2925 5506 φροντίδα
2976 5438 3218 5495 τίθεσθαι
3249 5443 3339 5494 τὸν
3377 5442 3554 5495 τοιοῦ-

1987 5540 2080 5576 τον
2142 5522 2251 5574 τῶν
2314 5523 2474 5576 θείων
2533 5529 2921 5597 παραγγελιῶν
2979 5531 3073 5583 καὶ
3127 5532 3226 5600 τῆς
3283 5534 3363 5596 είς
3417 5534 3551 5586 Θεὸν

1987 5615 2154 5685 εὐχῆς
2189 5617 2281 5667 καί
2312 5615 2608 5685 ὑμνῳδίαις,
2653 5618 2684 5689 ἦ
2712 5620 2769 5671 τὸ
2800 5620 2894 5689 μὴ
2945 5618 3085 5674 εἶναι
3144 5624 3364 5676 πιστόν*
3391 5625 3476 5678 ἵνα
3502 5623 3554 5677 τί
3610 5608 3616 5617 ’

1986 5706 2094 5776 γὰρ
2125 5704 2217 5757 ἐπὶ
2245 5707 2449 5758 εἴκοσιν
2482 5708 2715 5777 ἡμέραις
2762 5710 2898 5777 μετὰ
2940 5710 3047 5763 τῶν
3092 5713 3434 5782 Χριστιανῶν
3464 5716 3552 5767 ἐκ·

1985 5798 2278 5866 κλησιάσαι
2325 5797 2421 5867 οὐχ
2467 5799 2781 5868 ᾑρετίσατο,
2827 5802 2920 5857 καὶ
2983 5808 3422 5876 συγκοινωνῆσαι
3472 5806 3551 5877 τῷ

1990 5887 2163 5941 πιστῶ
2201 5886 2315 5945 λαῷ
2345 5888 2437 5939 τοῦ
2471 5889 2640 5955 Θεοῦ;
