4062 6388
453 307 560 373 ’185

1379 314 1461 373 ΙΝ
1490 312 1657 373 CAN.
1697 310 1935 372 LXXXI
1967 310 2178 372 CONC.
2223 310 2304 370 IN
2337 309 2666 372 TRULLO.

3592 296 3696 360 786

526 421 770 478 ΖΩΝΑΡ.
791 421 930 486 Τοὺς
961 422 1052 475 ἐπὶ
1081 425 1227 493 τρεῖς
1251 423 1555 494 έ6οομάδας
1578 422 2016 492 ἀπολειφθέντας

2187 419 2441 476 ZONAR.
2481 421 2584 487 Qui
2613 418 2788 474 tribus
2823 409 3182 469 hebdomadis
3227 410 3296 466 ab
3336 410 3566 465 ecclesia
3595 425 3694 466 sua

451 516 550 584 τῆς
586 515 882 586 ἐκκλησίας
917 515 1095 570 αὐτῶν
1152 516 1280 570 ἀνευ
1319 517 1537 587 βαρείας
1588 517 1831 586 ἀνάγκης
1869 514 2016 576 τινὸς

454 609 488 678 ἢ
517 606 835 680 δυσχερείας
859 609 1070 676 ἑτέρας.
1101 608 1216 662 ἀλλ’
1251 611 1308 662 ἐν
1360 610 1514 663 πόλει
1567 610 1874 675 διάγοντας,
1935 606 2011 676 μὴ

460 700 886 769 συνερχομένους
921 699 978 752 δὲ
1017 700 1098 763 είς
1145 701 1441 772 ἐκκλησίαν
1485 703 1597 762 τοῖς
1643 701 1854 761 πιστοῖς
1889 700 2016 750 ἐπι-

456 793 696 854 σκόπους
743 793 840 861 μὲν
893 792 986 845 καὶ
1018 792 1311 862 κληρικοὺς
1355 780 1532 854 ὄντας
1558 795 1586 846 ό
1615 791 1796 845 κανὼν
1825 790 2020 844 καθαι-

455 884 666 953 ρεῖσθαι
690 883 1016 952 προστάττει
1038 900 1054 915 θ
1093 884 1278 948 λαῖκδς
1311 885 1388 951 δὲ,
1426 882 1807 953 ἀφορίζεσθαι.
1844 883 2016 936 Τοῦτο

457 973 570 1042 γάρ
594 974 710 1026 ἐστι
733 973 794 1026 τὸ
829 974 1203 1027 ἀποκινείσθαι
1232 975 1330 1044 τῆς
1359 974 1664 1038 κοινωνίας.

455 1064 679 1118 ΑΡΙΣΤ.
749 1083 768 1116 ι
824 1063 890 1117 Et
944 1064 1018 1135 μὴ
1057 1064 1124 1117 δι’
1169 1065 1416 1135 ἀνάγκην
1460 1062 1896 1134 ἀπολιμπάνεταί
1933 1079 2018 1121 τις

525 1180 543 1208 ι
591 1157 688 1225 τῆς
740 1155 1036 1222 ἐκκλησίας
1082 1157 1174 1209 ἐπὶ
1223 1157 1367 1227 τρισὶ
1417 1158 1750 1228 Κυριακαῖς,
1791 1151 2020 1207 ἀκοινώ-

527 1266 546 1298 ι
593 1265 774 1318 νητος.
825 1265 843 1298 ι

532 1339 594 1391 Ὀ
628 1341 727 1409 τῆς
755 1340 1053 1409 ἐκκλησίας
1106 1342 1165 1392 ὲν
1221 1339 1370 1410 τρισὶ
1431 1339 1743 1409 Κυριακαῖς
1790 1335 2014 1416 ἀπολει-

419 1453 424 1462 -
455 1426 610 1494 φθεὶς
637 1427 768 1482 ἄνευ
805 1427 1117 1498 βαρυτάτης
1155 1428 1401 1500 ἀνάγκης
1431 1428 1465 1500 ἢ
1494 1427 1815 1498 δυσχερείας
1839 1426 2013 1491 τινος,

453 1518 506 1570 εί
540 1517 640 1588 μὲν
672 1519 932 1589 κληρικός
982 1520 1130 1583 ἐστι,
1166 1519 1511 1591 καθαιρεῖται
1537 1532 1556 1548 ⁶
1603 1519 1652 1572 εί
1697 1517 1754 1570 δὲ
1807 1518 2018 1581 λαῖκδς,

456 1607 802 1680 ἀφορίζεται.

476 1733 481 1738 -
1041 1701 1282 1754 ΚᾹΝΩΝ
1309 1701 1438 1756 HA'.

2115 516 2262 569 n'nlla
2298 516 2448 585 gravi
2479 513 2804 568 necessitate
2833 508 3107 563 dillieilive
3153 505 3260 560 alia
3301 519 3468 560 causa
3502 503 3690 573 impe-

2115 608 2238 673 diti,
2275 607 2574 666 abfuerint,
2615 618 2806 659 verum
2839 602 2892 655 in
2936 600 3069 654 urbe
3099 597 3356 668 degentes
3385 613 3510 651 cum
3559 596 3690 652 [ide-

2113 699 2256 754 lihus
2285 699 2339 753 in
2373 697 2660 754 ecclesiam
2692 710 2798 749 non
2823 691 3214 756 convenerint,
3247 691 3293 745 si
3327 690 3548 761 quidem
3576 690 3695 759 epi-
3732 764 3740 772 Χ

2115 793 2264 860 scopi
2301 799 2393 845 aut
2425 789 2609 844 clerici
2652 788 2784 846 sint.
2818 800 2916 839 eos
2966 799 3153 837 canon.
3197 782 3393 852 deponi
3456 799 3468 835 :
3526 780 3696 835 laicos

2115 889 2296 936 autem
2328 880 2598 949 segregari
2639 878 2656 948 (
2685 879 2787 931 hoc
2818 890 3055 944 namque
3085 873 3217 927 illm!
3271 884 3396 936 est,
3439 887 3693 927 commu-

2117 972 2281 1027 nione
2310 972 2514 1024 moveri
2543 974 2556 1033 )
2591 970 2773 1039 jubet.

2187 1061 2414 1116 ARIST.
2457 1081 2474 1114 ι
2514 1061 2571 1116 Si
2619 1061 2744 1132 quis
2777 1060 2919 1114 nulla
2957 1065 3187 1127 cogente
3244 1056 3572 1112 necessitate
3605 1070 3697 1111 ee-

2124 1172 2142 1203 ‹
2189 1153 2412 1206 clesiam
2452 1155 2626 1205 tribus
2657 1151 2960 1208 Dominicis
3008 1150 3352 1222 derelinquat
3379 1191 3396 1215 ,
3447 1166 3694 1205 commn-

2123 1260 2143 1292 ‹
2194 1241 2355 1296 nione
2397 1242 2665 1311 privatur.
2708 1261 2725 1292 ι

2189 1334 2290 1399 Qui
2326 1334 2394 1388 ab
2423 1334 2658 1390 ecclesia
2693 1333 2869 1389 tribus
2901 1332 3098 1388 diebus
3149 1329 3454 1385 Dominicis
3502 1331 3646 1385 abest
3679 1371 3694 1394 ,

2080 1445 2082 1449 '
2118 1427 2238 1483 sine
2260 1428 2591 1484 necessitate
2643 1427 2828 1496 aliqua
2875 1435 2929 1481 et
2979 1425 3298 1481 dilIicu'ltate
3330 1423 3652 1494 gravissima
3679 1463 3694 1485 ,

2119 1516 2164 1570 si
2200 1517 2421 1586 quidem
2450 1518 2684 1593 clericus
2711 1524 2817 1583 est,
2859 1516 3152 1585 deponitur
3185 1532 3200 1569 :
3230 1517 3318 1571 sin
3351 1529 3482 1570 vero
3504 1513 3692 1577 laicus.

2122 1619 2472 1681 segregatur.

2521 1696 2706 1765 ἐει
2741 1694 2970 1751 cauos
3009 1693 3247 1749 LXXXI.

459 1808 480 1841 ‹
537 1791 872 1865 Ἐπειδήπερ
903 1791 964 1846 ἐν
1014 1810 1127 1847 τισι
1155 1793 1365 1866 χώραις
1417 1787 1820 1866 μεμαθήκαμεν
1854 1796 1912 1849 ὲν
1943 1794 2021 1864 τῷ

2131 1807 2148 1840 ι
2185 1789 2453 1854 Quoniam
2484 1789 2538 1842 in
2593 1789 2874 1844 nonnullis
2916 1789 3052 1843 locis
3090 1789 3388 1846 didicimus
3415 1829 3430 1852 .
3478 1789 3532 1844 in
3572 1803 3702 1845 san-

529 1902 548 1934 ι
591 1883 873 1952 Τρισαγίῳ
903 1883 1058 1956 ὕμνῳ
1118 1887 1175 1940 ὲν
1206 1886 1524 1958 προσθήκης
1571 1887 1733 1956 μέρει
1760 1888 2027 1955 ἐκφωνεῖ-

529 1993 548 2026 ι
596 1977 720 2029 σθαι
740 1975 1172 2046 μετάτδ,”Αγιος
1187 1978 1475 2043 ἀθάνατος,
1493 1979 1578 2042 τὸ,
1621 1981 1677 2033 '0
1693 1979 2028 2050 σταυρωθεὶς
2091 2039 2095 2043 ,

529 2082 550 2116 ε
590 2063 659 2117 δι’
690 2065 860 2134 ἡμᾶς,
888 2065 1107 2135 ἐλέησον
1133 2067 1277 2136 ἡμᾶς
1303 2083 1318 2099 ο
1347 2065 1503 2126 τοῦτό
1520 2085 1579 2120 τε
1608 2067 1714 2121 ὑπὸ
1729 2069 1836 2120 τῶν
1861 2068 2027 2123 πάλαι

531 2172 550 2206 ι
599 2153 768 2222 ἁγίων
793 2154 1074 2225 Πατέρων,
1094 2153 1169 2217 ὡς
1202 2155 1301 2222 τῆς
1329 2154 1612 2219 εὐσεϐείας
1642 2154 1939 2226 ἀλλότριον.
1962 2156 2028 2208 ἐκ

527 2265 545 2297 ι
592 2245 685 2300 τοῦ
703 2246 946 2299 τοιούτου
965 2246 1218 2316 ἀπηλάθη
1237 2246 1428 2317 ὕμνου,
1449 2247 1546 2301 σὺν
1561 2247 1636 2316 τῷ
1652 2249 1752 2317 τὴν
1771 2249 2028 2318 τοιαύτην

534 2357 550 2386 ι
601 2339 787 2408 φωνὴν
810 2340 1275 2412 καινουργῆσαντι
1296 2341 1601 2410 παρανόμῳ
1618 2340 1884 2411 αἱρετικῷ
1901 2342 2028 2394 ’καὶ

532 2451 550 2479 ‹
595 2432 785 2499 ἡμεῖς,
809 2430 1108 2499 κυροῦντες
1141 2432 1212 2484 τὰ
1243 2434 1391 2501 παρᾶ
1419 2433 1528 2485 τῶν
1554 2434 1725 2500 ἁγίων
1755 2435 2025 2503 Πατέρων

533 2540 550 2568 ‹
597 2521 754 2588 ἡμῶν
789 2520 1026 2584 εὐσεϐῶς
1080 2520 1575 2592 θεσμοθετηθέντα,
1625 2525 2026 2596 ἀναθεματίζο-

522 2634 540 2661 ι
592 2629 693 2682 μεν
722 2612 803 2666 ἔτι
835 2613 976 2682 μετὰ
1001 2613 1095 2666 τδν
1125 2613 1371 2681 παρόντα
1399 2613 1525 2682 ὅρον
1559 2609 2028 2686 με’ταδεχομένους

534 2724 552 2753 ι
600 2703 700 2774 τὴν
741 2704 999 2773 τοιαύτην
1028 2705 1212 2773 φωνὴν
1260 2705 1348 2758 ἐπ’
1401 2707 1808 2779 ὲκκλησίαις,ῆ
1850 2711 2026 2774 άλλως

532 2817 549 2846 ι
599 2815 714 2867 πως
769 2797 846 2868 τῷ
893 2797 1176 2868 Τρισαγίῳ
1210 2797 1367 2870 ὕμνῳ
1409 2801 1802 2867 συνάπτοντας,
1839 2806 1947 2870 Καὶ
1978 2810 2026 2859 εἰ

529 2910 547 2940 ι
588 2891 686 2959 μὲν
740 2893 1016 2960 ίερατικός
1048 2892 1243 2956 ὲστινό
1281 2893 1609 2965 παραϐάτης
1636 2895 1747 2949 τῶν
1782 2898 2027 2967 ὁρισθέν-

532 3001 551 3027 σ
598 2998 746 3043 των,
837 2981 1291 3051 ἀπογυμνοῦσθαι
1347 2982 1509 3036 τοῦτο
1562 2984 1664 3052 τῆς
1728 2986 2026 3058 ἱερωσύνης

529 3093 549 3124 ε
597 3074 1017 3146 προστάσσομεν
1041 3090 1056 3105 ο
1089 3076 1139 3128 εί
1166 3075 1224 3128 δὲ
1253 3074 1441 3140 λαῖκδς
1467 3077 1502 3147 ἢ
1548 3078 1803 3147 μοναχὺς,
1833 3080 2026 3150 ἀφορί-
2055 3117 2096 3172 C

531 3185 548 3214 ι
597 3163 806 3227 ζεσθαι.

535 3255 595 3308 '0
633 3257 990 3327 ματαιόφρων
1039 3259 1246 3323 ἐκεῖνος
1276 3260 1371 3314 καὶ
1406 3260 1732 3332 βλάσφημος
1765 3265 1970 3336 Πέτρος
1997 3267 2026 3318 ὁ

454 3350 1059 3442 Κναφεὺςπροσθήκην
1076 3354 1135 3405 ὲν
1169 3350 1246 3424 τῷ
1277 3353 1558 3425 Τρισαγίῳ
1593 3353 1750 3426 ὕμνῳ
1778 3357 2025 3427 ἐποίησε,

379 3501 394 3512 ‘
458 3441 598 3508 μετὰ
629 3443 686 3494 τὸ
722 3437 1088 3512 ἐκφωνείσθαι
1113 3445 1175 3498 τό
1204 3461 1220 3477 ⁶
1261 3446 1454 3514 ’Ἄγιος
1495 3449 1813 3514 ἀθάνατος,
1858 3449 2027 3503 εἰπὼν

453 3532 695 3601 ὀφείλειν
747 3535 1005 3602 λέγεσθαι
1055 3538 1149 3590 τόο
1199 3538 1262 3591 '0
1308 3540 1669 3608 σταυρωθεὶς
1727 3542 1800 3594 δι’
1847 3541 2023 3609 ἡμᾶς.

453 3629 719 3698 ἐλέησον
747 3633 923 3700 ἡμᾶς.
966 3627 1072 3684 Ἢν
1101 3634 1167 3701 δὴ
1200 3634 1520 3703 προσθήκην
1559 3637 1590 3702 ἡ
1635 3635 1933 3703 Ἐκκλησία
1965 3637 2025 3687 οὐ

383 3726 390 3733 ’
457 3723 815 3792 παρεδέξατο,
837 3725 911 3788 ὡς
941 3726 1385 3794 παρεισάγουσαν
1422 3727 1684 3796 τέταρτον
1716 3729 2023 3797 πρόσωπον,

460 3816 556 3868 καὶ
596 3817 699 3870 ἀνὰ
735 3819 900 3887 μέρος
941 3818 1183 3872 τιθεῖσαν
1215 3821 1305 3871 τὸν
1345 3820 1436 3873 τοῦ
1472 3821 1607 3873 Θεοῦ
1644 3821 1772 3874 Υίον
1808 3821 1906 3890 τὴν
1933 3821 2026 3872 τοῦ

380 3947 382 3950 μ
462 3906 672 3977 Πατρδς
699 3896 1066 3962 ὲνυπόστατον
1129 3911 1382 3978 δύναμιν,
1431 3913 1688 3964 καὶ.ίάνὰ
1739 3914 1904 3981 μέρος
1938 3913 2029 3965 τὸν

461 3999 878 4071 ἐσταυρωμένον
932 4003 1188 4073 Χριστὸν,
1241 4003 1316 4066 ὡς
1373 4003 1530 4056 ἄλλον
1570 4004 1695 4057 ὄντα
1754 4005 1905 4074 παρὰ
1937 4005 2029 4057 τὸν

462 4093 702 4163 ίσχυρδν,
737 4095 770 4165 ἢ
801 4095 876 4156 ὠς
901 4095 1154 4166 παθητὴν
1183 4096 1281 4165 τὴν
1322 4095 1530 4166 Τριάόα
1553 4095 1902 4160 δοξάζουσαν.
1937 4099 2029 4150 καὶ

463 4186 876 4255 συσταυροῦσαν
904 4187 985 4256 τῷ
1015 4188 1130 4256 Υἱῴ
1155 4188 1247 4240 τὸν
1273 4189 1492 4256 Πατέρα
1516 4191 1608 4241 καὶ
1630 4189 1688 4240 τὸ
1709 4189 1939 4260 Πνεῦμα
1970 4193 2029 4240 το

460 4275 634 4342 ἅγιον.
698 4278 809 4330 Καὶ
873 4279 1230 4346 ἐδογμάτισεν
1283 4279 1524 4354 εὐσεϐῶς
1579 4282 1670 4332 τὸν
1733 4282 2028 4350 Τρισάγιον

461 4363 634 4431 ὕμνον
663 4366 822 4437 χάριν
857 4369 956 4433 τῆς
986 4369 1213 4438 Τριάδος
1241 4369 1496 4437 λέγεσθαι
1520 4383 1535 4398 ⁸
1571 4371 1710 4437 ὅπερ
1733 4388 1784 4422 τι
1814 4370 1904 4422 διὰ
1932 4371 2029 4438 μὲν

2111 1886 2118 1889 “
2204 1897 2224 1930 ι
2263 1880 2512 1935 ctissimo
2567 1881 2772 1952 hymno
2821 1879 3181 1935 additamenti
3240 1881 3362 1935 loco
3413 1881 3520 1936 dici
3579 1891 3704 1952 post

2203 1988 2222 2021 ι
2259 1972 2412 2037 illud,
2446 1972 2682 2029 Sanctus
2711 1973 3057 2036 immortalis,
3092 1973 3193 2028 hoc
3224 1991 3239 2028 :
3271 1973 3377 2040 Qui
3405 1973 3700 2031 crucifixus

2203 2083 2222 2113 ε
2266 2079 2324 2118 es
2383 2080 2480 2133 pro
2515 2065 2695 2128 nobis,
2739 2067 3001 2121 miserere
3027 2066 3240 2131 nostri;
3297 2066 3348 2120 id
3402 2075 3584 2121 autem
3634 2063 3719 2120 ab‘

2206 2174 2225 2206 ι
2265 2157 2505 2224 antiquis
2544 2159 2750 2213 sanctis
2774 2159 3048 2222 Patrihus,
3075 2167 3180 2214 uta
3213 2160 3414 2229 pietate
3436 2159 3700 2227 alienum,

2202 2268 2221 2300 ι
2258 2267 2321 2302 ex
2359 2251 2460 2305 hoc
2490 2251 2691 2322 hymno
2713 2253 2944 2321 ejectum
2973 2268 3097 2307 cum
3126 2253 3393 2308 scelerato
3417 2253 3698 2321 heretico,

2204 2362 2224 2395 ι
2258 2345 2347 2411 qui
2385 2345 2524 2398 hanc
2553 2360 2741 2400 vocem
2776 2345 3058 2400 innovavit
3091 2363 3105 2400 :
3150 2359 3250 2400 nos
3296 2360 3517 2415 quoque
3565 2360 3702 2401 con-

2205 2456 2224 2488 ι
2264 2439 2546 2493 ﬁrmantes
2573 2454 2635 2492 ea
2663 2455 2783 2508 qua:
2835 2455 2865 2493 a
2923 2438 3129 2494 sanctis
3182 2439 3386 2492 nostris
3442 2437 3703 2494 Patribus

2219 2550 2237 2582 ι
2277 2533 2362 2600 pie
2389 2514 2695 2585 constituta
2734 2541 2882 2596 sunt,
2914 2530 3444 2585 anathematizamus
3467 2533 3701 2601 eos,'qui

2208 2643 2226 2674 ‹
2273 2631 2392 2692 post
2420 2638 2660 2690 praesens
2686 2623 2960 2677 decretum
2999 2621 3270 2692 ejusmodi
3295 2637 3481 2677 vocem
3523 2623 3580 2676 in
3611 2637 3702 2678 ec-

2203 2733 2221 2766 ι
2263 2715 2446 2769 clesiis
2480 2715 2821 2780 admittunt,
2862 2722 2947 2770 vel
3000 2715 3186 2784 aliquo
3221 2714 3328 2768 alio
3383 2713 3548 2768 modo
3574 2729 3707 2769 san-

2204 2829 2222 2860 ι
2260 2808 2512 2862 ctissimo
2554 2808 2759 2878 hymno
2799 2807 3120 2879 adjungunt.
3168 2807 3235 2860 Et
3262 2806 3308 2860 si
3361 2815 3442 2860 est
3485 2805 3705 2876 quidem

2203 2918 2221 2950 ‹
2264 2901 2624 2955 sacerdotalis
2651 2901 2862 2956 ordinis
2886 2902 2978 2970 qui
3013 2904 3395 2970 transgressus
3424 2906 3532 2965 est,
3577 2913 3702 2954 eum

2206 3011 2224 3043 ι
2269 2992 2581 3045 sacerdotio
2627 2991 2829 3060 privari
2869 2992 3126 3061 jnbemns
3164 2989 3291 3045 :sin
3315 2997 3494 3042 autem
3528 2987 3702 3046 laicus

2206 3102 2225 3135 ι
2263 3084 2344 3137 vel
2378 3083 2702 3146 monachus,
2732 3085 3032 3154 segregari.
3080 3102 3098 3134 ι

2199 3262 2392 3318 BALS.
2428 3259 2672 3316 Stolidus
2699 3261 2790 3315 ille
2824 3268 2880 3315 et
2911 3259 3267 3330 blasphemus
3301 3258 3496 3314 Petrus
3538 3257 3696 3313 Fullo

2129 3356 2183 3410 in
2217 3357 2570 3410 sanctissimo
2598 3355 2802 3425 hymno
2832 3353 2962 3408 fecit
2990 3352 3448 3417 additamentum,
3471 3351 3664 3406 dicens
3689 3388 3706 3413 ,

2127 3457 2418 3517 postquam
2450 3446 2658 3501 dictum
2687 3453 2854 3508 esset.
2885 3442 3118 3499 Sanctus
3140 3443 3484 3504 immortalis,
3508 3441 3709 3496 debere

2127 3539 2256 3599 dici,
2295 3539 2396 3603 Qui
2453 3537 2732 3605 cruciﬁxus
2776 3553 2828 3590 es
2854 3553 2948 3606 pro
3000 3537 3168 3598 nobis,
3223 3536 3472 3589 miserere
3519 3533 3704 3596 nostri.

2129 3632 2284 3697 Quod
2320 3633 2540 3700 quidem
2577 3631 3009 3683 additamentum
3041 3627 3280 3682 Ecclesia
3317 3644 3420 3680 non
3458 3625 3705 3689 admisit,

2133 3738 2189 3776 ιιι
2221 3724 2362 3792 qu'od
2395 3733 2645 3792 quartam
2672 3737 2960 3791 personam
2987 3705 3230 3784 inducat,
3265 3729 3320 3775 ct
3349 3719 3441 3772 Dei
3485 3719 3705 3784 Filium,

2134 3813 2437 3868 Sal-vatoris
2471 3811 2678 3865 scilicet
2709 3811 3103 3863 consistentem
3166 3809 3480 3861 facultatem
3503 3847 3518 3870 ,
3554 3820 3708 3861 seor-

2131 3920 2250 3956 sum
2297 3914 2480 3970 ponat,
2511 3900 2560 3955 et
2590 3901 2869 3956 Christum
2906 3902 3226 3954 cruciﬁxum
3265 3912 3520 3970 tanquam
3543 3901 3708 3954 alium

2130 4011 2158 4050 a
2185 3993 2354 4056 -forti,
2386 4006 2439 4046 et
2471 4004 2727 4070 tanquam
2757 3994 3136 4048 allectionihus
3190 3993 3487 4059 subjectam
3528 3991 3712 4044 Trini~

2133 4096 2298 4140 tatem
2327 4085 2612 4154 gloriﬁcct,
2645 4099 2700 4138 et
2725 4086 2942 4138 Patrem
2973 4101 3078 4138 una
3121 4100 3244 4138 eum
3272 4084 3409 4138 Filio
3430 4083 3712 4153 crucifigat

2131 4191 2185 4234 et
2213 4181 2478 4248 Spiritum
2509 4185 2780 4232 salictinn.
2821 4177 2882 4229 lit
2907 4178 3147 4231 decrevit
3173 4175 3391 4245 quidem
3421 4178 3706 4230 sanctissi-

2114 4285 2284 4332 mum
2319 4273 2583 4340 hymnum
2619 4272 2705 4338 pie
2735 4268 2839 4324 tlici
2889 4264 2956 4322 de
2991 4279 3178 4322 sancta
3229 4267 3530 4328 Trinitate,
3563 4269 3708 4336 quod

2135 4380 2230 4433 per
2267 4366 2466 4417 trinam
2497 4364 2838 4417 sanctitatem
2885 4372 2998 4416 tres
3019 4359 3555 4429 supersubstautialis
3590 4361 3711 4413 Dci-

460 4459 561 4524 τῆς
610 4459 841 4526 τρισσῆς
872 4461 1157 4528 ἁγιότητος
1192 4460 1291 4523 τὰς
1349 4462 1498 4528 τρεῖς
1546 4460 1646 4530 τῆς
1703 4462 2028 4530 ὑπερουσίου

2139 4458 2267 4510 tatis
2294 4468 2556 4523 personas
2588 4461 2774 4507 sancta
2820 4453 2978 4506 nObis
3034 4451 3321 4520 Seraphim
3371 4451 3707 4505 ostendant:

463 4549 718 4618 θεότητος
753 4552 1082 4617 ὑποστάσεις
1130 4553 1201 4606 τὰ
1224 4553 1354 4621 am
1393 4554 1648 4623 Σεραφὶμ
1681 4555 1815 4622 ἡμῖν
1851 4555 2034 4621 ὑπεμ-

465 4640 757 4726 φαίνουσι·
786 4643 873 4694 διὰ
897 4644 952 4696 δὲ
983 4646 1083 4714 τῆς
1113 4647 1241 4714 μιᾶς
1274 4645 1597 4714 κυριότητος
1630 4644 1729 4727 τῂν
1767 4647 1896 4715 μίαν
1936 4649 2035 4716 τῆς

465 4732 764 4801 θεαρχικῆς
799 4735 1026 4804 Τριάδος
1067 4737 1260 4789 οὐσίαν
1290 4755 1350 4789 τε
1381 4739 1477 4790 καὶ
1514 4737 1794 4806 βασιλείαν
1829 4740 2034 4808 γνωρί-

467 4823 667 4886 ζουσι).
706 4825 947 4895 Εὕρηται
981 4829 1037 4880 δὲ
1077 4829 1170 4880 καὶ
1223 4831 1282 4881 ὲν
1319 4831 1384 4899 τῇ
1416 4830 1844 4898 ὲκκλησιαστικῇ
1893 4831 2038 4884 ἱστο-

470 4914 562 4983 ρίᾳ
591 4913 704 4984 (90)
727 4915 810 4967 ὅτι
839 4917 1216 4980 λιτανεύοντος
1248 4917 1343 4971 τοῦ
1365 4919 1424 4972 ὲν
1455 4921 2036 4972 Κωνσταντινουπὸλει

2141 4565 2237 4620 per
2266 4543 2428 4601 unam
2457 4559 2586 4600 vero
2612 4545 3036 4599 dominationem
3069 4559 3229 4602 unam
3276 4543 3470 4595 divinzc
3522 4540 3714 4598 Trini-

2145 4643 2274 4696 tatis
2307 4641 2674 4694 substantiam
2717 4654 3054 4706 regnuniqm-
3084 4637 3414 4696 signiﬁcant.
3443 4637 3502 4688 ιη
3539 4636 3713 4689 eccle-

2142 4733 2366 4787 siastica
2400 4741 2582 4784 autem
2619 4730 2844 4787 historia
2876 4729 3153 4786 inventum
3188 4739 3294 4793 est,
3329 4743 3450 4782 cum
3482 4726 3712 4795 populus

2140 4825 2617 4892 Constantinopoli
2653 4824 3010 4891 supplicaret,
3047 4833 3262 4890 propter
3309 4820 3574 4889 quasdam
3626 4818 3712 4872 (li-

2141 4919 2350 4972 vinitus
2414 4919 2709 4970 intentalas
2784 4919 3002 4977 minas.
3072 4933 3192 4985 quae
3256 4927 3503 4984 tempore
3531 4915 3711 4992 Procli,

1698 5029 1888 5089 Guill.
1927 5031 2253 5108 Beveregii
2289 5036 2476 5089 notua.

541 5125 653 5196 (90)
687 5127 941 5192 Εὕρηται
962 5127 1036 5180 δὲ-
1055 5127 1153 5181 καὶ
1182 5128 1250 5180 ἐν
1278 5127 1350 5195 τῇ
1374 5127 1854 5195 ἐκκλησιαστικῇ
1878 5130 2037 5181 ἱστο-

455 5199 582 5267 ρίᾳ.
607 5197 750 5252 sane
772 5199 882 5251 haec
908 5197 1133 5252 historia
1164 5199 1228 5251 de
1253 5197 1498 5267 Trisagio
1522 5215 1551 5253 a
1581 5199 1909 5265 Theophane
1937 5213 1993 5250 re
2018 5231 2023 5236 -

463 5266 488 5320 ί
503 5275 654 5328 “rtnr,
690 5270 772 5320 his
797 5270 975 5323 verbis
997 5288 1010 5324 :
1031 5268 1158 5321 Ἐπὶ
1182 5268 1371 5321 τούτου
1393 5266 1488 5321 τοῦ
1511 5271 1567 5320 ὲν
1595 5267 1769 5336 ἀγίοις
1794 5268 2035 5334 Πρόκλου

467 5337 684 5408 σεισμοὶ
718 5341 972 5403 γεγόνασι
1016 5339 1242 5407 μεγάλοι
1275 5341 1333 5393 ἐν
1369 5341 1435 5408 τῇ
1479 5338 2044 5408 Κωνσταντινουπόλει

462 5408 557 5457 ἐπὶ
588 5406 858 5476 τέσσαρας
895 5406 1104 5476 μῆνάςέ
1133 5410 1273 5464 ὥστε
1315 5406 1639 5477 φοϐηθέντες
1671 5407 1719 5457 οἱ
1766 5407 2042 5470 Βυζάντιοι

461 5478 664 5550 ἔφυγον
693 5477 797 5541 ἔξω
823 5480 916 5545 τῆς
951 5480 1153 5542 πόλεως
1180 5482 1238 5533 ὲν
1267 5479 1341 5550 τῷ
1372 5480 1643 5550 λεγομένῳ
1669 5477 1795 5550 Κάν
1807 5493 1922 5550 ator
1952 5480 2044 5530 καὶ

461 5542 606 5618 ἦσαν
641 5542 1171 5618 προσκαρτεροῦντες
1217 5542 1350 5618 μετά
1371 5542 1461 5601 τοῦ
1487 5542 1794 5618 ἐπισκόποῖ
1835 5542 1892 5598 ὲν
1925 5552 2043 5603 ταῖς

357 5663 363 5668 .
463 5612 660 5678 λίταῖς.
686 5612 971 5688 ⁷κλαίοντες
999 5621 1136 5688 πρὸς
1168 5612 1258 5676 τδν
1289 5619 1440 5672 Θεόν.
1484 5616 1576 5670 Ἐν
1611 5617 1710 5687 μιᾷ
1737 5612 1833 5688 οὖν
1853 5618 2042 5688 ᾑμέρᾳ

465 5686 872 5762 κυμαινομένης
891 5689 986 5758 τῆς
1007 5686 1128 5758 γῆς,
1145 5693 1240 5745 καὶ
1263 5690 1460 5752 παντὸς
1479 5688 1574 5742 τοῦ
1589 5686 1720 5741 λαοῦ
1737 5704 1768 5738 κ
1776 5686 2026 5758 ράζοντος

2141 5126 2440 5196 τόο-Κύριε,
2463 5127 2702 5198 ἐλέησον,
2729 5127 2981 5189 ἐκτενῶς,
3010 5131 3132 5198 περὶ
3162 5129 3311 5197 ὥραν
3338 5130 3529 5196 τρίτην
3557 5129 3708 5197 ἄφνω

2145 5198 2364 5268 πάντων
2400 5196 2670 5266 ὁρώντων,
2707 5199 2902 5268 συνέϐη
2934 5200 3038 5250 ὑπὸ
3069 5196 3220 5260 θείας
3241 5200 3523 5261 δυνάμεως
3542 5196 3715 5265 (190*,-

2143 5263 2235 5319 ναί
2255 5283 2375 5338 τινα
2404 5263 2683 5319 νεάνισκον
2723 5269 2801 5326 είς
2828 5263 2917 5319 τὸν
2953 5269 3113 5338 ἀέρα,
3153 5272 3246 5321 καὶ
3285 5269 3510 5323 ἀκοῦσαι
3565 5263 3709 5330 θεία-ς

2143 5337 2326 5407 φωνῆς
2361 5338 2732 5407 παραινούσης
2766 5338 2930 5390 αὑτὸν
2963 5337 3280 5406 ἀναγγεῖλαι
3313 5340 3390 5407 τῷ
3425 5339 3710 5407 ὲπισκόπῳ

2142 5407 2235 5459 καὶ
2262 5406 2339 5473 τῷ
2390 5406 2502 5473 λαῷ
2524 5408 2658 5458 λιταη
2679 5407 2824 5460 εύειν
2848 5409 3018 5471 οὕτως
3047 5425 3058 5436 ·
3091 5413 3279 5474 Ἄγιος
3315 5411 3343 5460 ό
3366 5406 3530 5472 Θεὸς,
3560 5406 3712 5473 ἅγιος

2145 5477 2401 5544 ἰσχυρὸςγ
2455 5478 2606 5544 ἅγιος
2679 5479 2966 5542 ἀθάνατος,
3007 5479 3226 5545 ἐλέησον
3288 5479 3476 5545 ἡμᾶς,

2141 5547 2327 5630 ἕτερον
2355 5547 2772 5630 προστεθένςα;.
2795 5548 2887 5630 ,⁸0,
2911 5550 2965 5600 δὲ
2997 5553 3053 5600 ἐν
3084 5550 3257 5630 ἁγίοις
3289 5547 3548 5630 Πρόκλος,
3579 5547 3708 5628 τίαῇ

2141 5610 2245 5684 την
2291 5610 2578 5679 δεξάμενος
2630 5619 2726 5684 τὴν
2784 5619 3077 5683 ἀπόφασιν,
3133 5610 3400 5686 ἐπέτρεψε
3456 5616 3535 5685 τῷ
3599 5610 3708 5686 λσξᾶ»

2134 5682 2355 5755 (θάλλεν
2375 5687 2564 5752 οὕτως,
2589 5682 2950 5751 καὶεὺοέωςά
2961 5688 3124 5760 πέστη
3141 5691 3168 5740 ό
3188 5682 3430 5758 σεισμός,
3456 5682 3706 5753 Τίιενοιιιι·
