4062 6402
373 297 475 359 787

1627 311 1901 374 THEOD.
1947 315 2341 378 BALSAMON

3525 317 3545 331 κ

3525 320 3545 331 π

3482 320 3587 381 τδδ

373 415 771 482 archiepiscopi
809 418 981 480 fuere,
1011 435 1072 471 ex
1107 423 1306 491 populo
1341 435 1551 493 raptum
1599 427 1762 482 fuisse
1796 444 1925 496 pue-

2032 429 2158 482 λαοῦ
2188 432 2275 484 διά
2298 450 2419 484 τινα
2450 433 2707 504 θεήλατον
2730 433 2958 504 ἀπειλήν
3003 437 3094 487 ἐπὶ
3130 435 3371 504 Πρόκλου
3404 437 3582 506 ἀρχιε-

367 515 511 568 rn‘m,
540 519 594 561 et
635 513 711 561 sic
749 522 827 561 ter
861 522 1107 564 sanctum
1142 515 1399 583 hymnum
1435 520 1502 571 ab
1551 522 1788 584 angelica
1832 522 1931 574 ali-

371 613 476 666 qua
514 600 785 656 ,doctrina
845 603 1011 657 fuisse
1065 605 1418 668 institutum.
1481 609 1704 664 Sanctus
1759 613 1930 675 Deus,

366 703 580 744 sanctus
613 693 790 761 fortis,
816 707 1030 751 sanctus
1060 701 1373 754 immortalis
1401 745 1413 765 ,
1452 703 1693 757 miserere
1715 707 1880 758 nostri
1910 722 1929 760 :
1960 702 1969 709 ’

366 795 419 837 et
451 800 721 840 converso
751 804 942 843 rursus
979 807 1147 860 puero
1174 835 1188 856 ,
1249 811 1372 846 cum
1424 796 1566 862 quod
1620 797 1927 851 institutum

367 900 483 943 erat
548 885 932 955 renun'timsct,
995 897 1304 951 universam
1369 901 1766 955 multitudinem
1835 903 1928 973 hy-

366 996 549 1034 mnum
587 984 895 1046 cecinisse,
963 996 1015 1039 et
1065 991 1146 1041 sic
1203 991 1379 1043 minas
1429 1006 1697 1045 cessasse.
1759 993 1928 1047 Porro

364 1081 545 1124 autem
569 1080 621 1124 et
655 1073 706 1126 in
738 1085 924 1128 sancta
950 1085 1002 1128 et
1032 1079 1328 1133 universali
1353 1079 1685 1136 Chalcedon.
1720 1083 1927 1158 synodo

368 1163 446 1214 sic
477 1162 882 1217 sanctissimum
904 1164 1164 1234 hymnum
1201 1172 1503 1246 canendum
1527 1177 1924 1228 essetraditum

364 1262 468 1307 est.
503 1253 605 1309 Sed
647 1271 768 1310 cum
811 1273 879 1312 ne
919 1261 998 1313 sic
1027 1261 1246 1328 quidem
1283 1265 1575 1318 multorum
1630 1282 1928 1337 eorumque

366 1344 808 1413 hlasphemorum
837 1349 1153 1416 improbitas
1173 1353 1238 1405 ad
1259 1355 1619 1412 orthodoxum
1643 1357 1919 1413 decretum

365 1438 612 1492 traducta
642 1450 808 1506 esset,
837 1451 893 1496 ut
920 1453 1004 1496 est
1029 1445 1343 1513 verisimile,
1372 1449 1484 1516 qui'
1507 1450 1558 1501 in
1588 1451 1686 1502 hac
1718 1452 1926 1520 synodo

363 1542 729 1584 conveneram
763 1534 935 1585 sancti
978 1533 1186 1600 Patres,
1220 1535 1286 1590 iis
1343 1553 1465 1606 quae
1519 1556 1547 1593 a
1581 1542 1784 1597 sanctis
1831 1542 1924 1596 Pa-

364 1620 538 1674 trihus
597 1623 686 1691 qui
722 1621 1061 1678 Chalcedone
1117 1639 1486 1682 convenerant
1551 1631 1632 1704 de
1658 1633 1758 1687 hoc
1801 1649 1924 1688 san-

360 1714 608 1768 ctissimo
661 1716 861 1785 hymno
900 1717 1195 1771 constituta
1257 1731 1413 1774 erant
1453 1762 1466 1785 ,
1536 1724 1876 1778 conlirmatis
1907 1764 1923 1788 ,

2036 523 2305 574 πισκόπου
2337 527 2713 594 γεγενημένην
2745 524 3140 596 ἀφαρπαγῆναι
3163 525 3371 578 παιδίον
3401 527 3464 578 ὲκ
3493 527 3588 579 τού

2033 611 2183 674 λαοῦ,
2215 615 2308 666 καὶ
2339 614 2481 668 οὕτω
2529 617 2799 686 μυηθῆναι
2844 618 2934 670 ὑπ’
2965 617 3266 686 ἀγγελικῆς
3322 634 3467 680 τινος
3511 617 3589 669 ὄι-

2031 708 2328 770 δασκαλίας
2383 710 2473 762 τὸν
2531 711 2824 780 Τρισάγιον
2876 711 3076 782 ὕμνον·
3112 714 3302 780 Ἄγιος
3339 714 3372 766 ὁ
3420 713 3586 778 Θεὸς,

2030 797 2197 866 ἅγιος
2236 802 2508 868 ἰσχυρὸς,
2539 802 2694 868 ἅγιος
2743 803 3058 869 ἀθάνατος,
3111 804 3371 870 ἐλέησον
3409 802 3587 873 ἡμᾶς.

2034 893 2139 944 Ka‘t
2169 889 2322 954 αὖθις
2357 895 2787 962 ἐπιστραφέντος
2807 897 2901 949 τοῦ
2935 892 3165 961 παιδίου,
3195 899 3362 950 καὶτὸ
3386 898 3588 967 μυηθὲν

2030 983 2487 1049 ἀπαγγείλαντος,
2515 981 2650 1058 ᾄσαι.
2671 985 2763 1037 τὸν
2800 985 2968 1053 ὕμνον
2998 987 3141 1040 ’ἅπαν
3155 985 3216 1039 τὸ
3247 986 3470 1056 πλῆθος,
3495 986 3588 1037 καὶ

2029 1072 2173 1126 οὕτω
2206 1076 2445 1128 κοπάσαι
2495 1077 2593 1144 τὴν
2627 1077 2874 1144 ἀπειλήν.
2905 1079 3010 1130 Καὶ
3041 1079 3100 1130 ὲν
3136 1080 3201 1146 τῇ
3241 1077 3375 1148 ἁγίᾳ
3408 1075 3464 1128 δὲ
3495 1077 3590 1129 καὶ

2029 1169 2379 1237 οἱκουμενικῇ
2409 1169 2642 1240 τετάρτῃ
2677 1170 2879 1239 συνόδῳ
2903 1173 2968 1240 τῇ
2991 1173 3048 1224 ὲν
3079 1169 3388 1240 Χαλκηδόνι
3415 1167 3588 1232 οὕτως

2013 1257 2310 1324 ,ὑμνεῖσθαι
2363 1261 2389 1311 ό
2437 1257 2729 1328 Τρισάγιος
2783 1257 2950 1327 ὕμνος
3007 1260 3388 1329 παραδέδοται.
3427 1259 3590 1311 Ἀλλά

2027 1350 2130 1418 τῆς
2159 1351 2267 1403 τῶν
2295 1350 2506 1403 πολλῶν
2541 1353 2635 1404 καὶ
2662 1351 3065 1422 βλασφημάτων
3093 1354 3293 1414 κακίας
3329 1352 3462 1422 μηδὲ
3500 1353 3590 1405 διὰ

2027 1445 2233 1496 τούτων
2277 1444 2411 1512 πρός
2438 1445 2498 1498 τὸ
2529 1443 2810 1515 όρθόδοξον
2835 1445 3013 1516 δόγμα
3060 1445 3586 1516 μεταριθμηλθείσηςν

2027 1539 2100 1598 ὼς
2132 1536 2328 1600 ἔοικεν,
2369 1540 2418 1591 οἱ
2451 1539 2591 1591 κατὰ
2613 1539 2818 1608 ταύτην
2852 1539 3202 1600 συνελθόντες
3234 1541 3330 1609 τὴν
3371 1538 3590 1591 σύνοδον

2029 1629 2175 1696 ἅγιοι
2216 1630 2479 1698 Πατέρες.
2511 1631 2956 1700 ἐπικυρώσαντες
2986 1631 3057 1684 τὰ
3093 1632 3242 1700 παρὰ
3275 1631 3382 1683 τῶν
3419 1632 3590 1698 ἁγίων

2037 1721 2300 1789 Πατέρων
2349 1721 2458 1772 τῶν
2495 1721 2552 1772 ὲν
2587 1721 2888 1789 Χαλκηδόνι
2923 1722 3283 1774 συνελθόντων
3338 1725 3464 1792 περὶ
3496 1721 3589 1774 τού

288 1800 290 1802 ’
360 1805 691 1860 anathemati
726 1822 820 1862 eos
848 1808 1200 1876 sulvjecerunt
1227 1853 1242 1878 ,
1297 1810 1391 1880 qui
1424 1821 1545 1880 post
1601 1785 1922 1883 praesentem

2032 1785 2317 1879 Τρισαγίου
2347 1811 2516 1880 ὕμνου
2539 1785 3023 1883 θεσμοθετηθέντα,
3045 1812 3348 1883 άναθέματι
3377 1785 3590 1866 καθυπ-

358 1913 622 1953 canonetn
666 1899 909 1955 Fullonis
948 1902 1380 1959 additamentum
1437 1905 1684 1977 Trisagio
1729 1911 1923 1979 adjun-

341 2003 509 2061 ‘gant.
536 1989 601 2044 Et
625 1991 671 2046 si
703 2001 785 2046 est
816 1991 1036 2061 quidem
1062 1995 1442 2061 sacerdotalis,
1467 1998 1664 2067 inquit,
1695 2001 1925 2067 ordinis,

358 2085 452 2153 qui
485 2083 884 2152 transgreditur
909 2125 925 2150 ,
984 2087 1293 2158 deponatur
1329 2109 1342 2144 :
1379 2091 1463 2144 sin
1516 2101 1694 2146 autem
1754 2091 1927 2147 laicus

358 2173 442 2228 vel
475 2175 798 2239 monachus,
840 2189 1178 2248 segregetur.
1211 2181 1344 2234 Cum
1386 2192 1567 2237 autem
1619 2199 1795 2236 canon
1831 2198 1926 2238 cos

359 2265 816 2334 anathematizet,
858 2271 949 2339 qui
982 2272 1181 2326 malum
1213 2273 1314 2330 hoc
1344 2274 1772 2330 additamentum
1807 2293 1929 2333 sua

359 2356 590 2429 cipiunt.
626 2370 681 2413 et
721 2375 787 2416 ex
820 2363 1374 2422 anathematizatione
1402 2384 1514 2423 non
1568 2369 1740 2423 solum
1774 2368 1926 2436 liam,

360 2449 455 2518 qui
487 2450 1040 2518 anathematizantur,
1076 2456 1308 2518 infames
1341 2495 1356 2521 ,
1405 2457 1502 2512 sed
1530 2459 1711 2514 omnis
1762 2459 1926 2513 etiam

361 2543 580 2609 generis
609 2546 836 2598 exitium
873 2546 1150 2610 subeant,
1179 2557 1232 2602 et
1285 2550 1354 2603 ab
1401 2551 1548 2604 omni
1608 2551 1662 2605 in
1725 2550 1928 2606 mundo

361 2637 783 2693 conversatione
814 2638 1159 2707 alienentur,
1215 2642 1382 2697 miror
1430 2643 1706 2712 quomodo
1753 2658 1925 2697 canon

363 2728 726 2798 depositionis
765 2731 1239 2802 etsegregationis
1275 2749 1383 2788 una
1431 2750 1554 2789 cum
1610 2731 1930 2790 anathema-

363 2820 530 2876 tismo
561 2822 829 2877 meminit.
855 2824 985 2888 Sed,
1025 2836 1084 2878 ut
1109 2832 1194 2881 est
1221 2827 1543 2892 verisimile,
1575 2829 1676 2882 hoc
1710 2845 1930 2898 quoque

363 2915 657 2985 episcopali
690 2916 1009 2970 discretioni
1068 2932 1131 2970 ac
1171 2917 1471 2987 prudentiae
1517 2919 1769 2974 relictum
1801 2932 1880 2975 est
1910 2960 1926 2984 ,

362 3015 425 3061 ut
454 3011 545 3077 qui
578 3008 958 3078 hlasphemum
985 3011 1203 3078 quidem
1241 3013 1341 3064 hoc
1374 3011 1802 3066 additamentum
1832 3012 1929 3068 ad-

2027 1904 2252 1958 έὸαλλον
2308 1903 2434 1966 τοὺς
2475 1904 2610 1972 μετὰ
2643 1906 2734 1956 τὸν
2776 1907 3019 1972 παρόντα
3056 1905 3258 1957 κανόνα
3284 1906 3383 1967 τὴν
3418 1921 3590 1976 προσ-

2027 1997 2201 2067 θήκην
2249 1995 2342 2050 τοῦ
2395 1996 2664 2063 Κναφέως
2718 1995 2795 2062 τῷ
2846 1997 3124 2066 Τρισαγίῳ
3183 1991 3589 2058 συνάπτοντας⁹

2030 2089 2122 2142 καὶ
2169 2089 2217 2141 εί
2283 2089 2379 2157 μὲν
2413 2088 2686 2157 ἱερατικός
2718 2087 2858 2149 ἐστι,
2894 2090 3078 2156 φασὶν,
3133 2089 3161 2140 ὁ
3211 2087 3590 2157 παραϐαίνων,

2029 2181 2401 2251 καθαιρείσθω
2425 2196 2441 2213 ο
2474 2183 2522 2234 εί
2559 2180 2614 2232 δὲ
2648 2179 2904 2250 λαῖκὸςή
2943 2180 3197 2249 μοναχὸς,
3223 2179 3591 2248 ἀφοριξέσθω.

2031 2271 2138 2327 Τοῦ
2176 2275 2231 2328 δὲ
2264 2275 2489 2337 κανόνος
2507 2273 3001 2341 ἀναθεματίζοντος
3021 2273 3145 2335 τοὺς
3175 2271 3272 2342 τὴν
3303 2273 3594 2338 κακόδοξον

2027 2365 2237 2437 ταύτην
2277 2366 2603 2435 προσθήκην
2648 2363 3152 2433 παραδεχομένους,
3212 2364 3306 2416 καὶ
3357 2365 3462 2417 ἀπὸ
3497 2363 3592 2416 τοῦ

2031 2455 2479 2526 ἁναθεματισμοῦ
2541 2457 2622 2530 μὴ.
2669 2456 2829 2530 μὸνρν
2883 2455 3094 2524 ἀτίμων
3128 2456 3429 2522 γινομένων
3487 2455 3594 2507 τῶν

2033 2553 2623 2624 ἀναθεματιζομένων,
2676 2551 2814 2605 ἀλλὰ
2875 2553 2968 2604 καὶ
3025 2551 3266 2621 παντελῆ
3317 2552 3596 2605 ἀπώλειαν

2042 2648 2448 2716 ὑφισταμένων,
2479 2645 2575 2699 καὶ
2600 2645 2780 2715 πάσης
2825 2644 2926 2714 τῆς
2967 2644 3026 2696 ὲν
3077 2644 3268 2714 κόσμῳ
3318 2643 3596 2713 διαγωγῆς

2031 2737 2602 2807 ἀπαλλοτριουμένων,
2641 2733 2906 2805 θαυμάζω
2943 2733 3064 2797 πῶς
3101 2735 3128 2786 ό
3164 2732 3346 2787 κανὼν
3387 2735 3483 2788 σὺν
3516 2733 3594 2803 τῷ

2029 2825 2461 2897 ἀναθεματισμῷ
2484 2823 2853 2894 καθαιρέσεως
2879 2822 3121 2893 ἐμνήσθη
3152 2823 3242 2876 καὶ
3260 2822 3592 2894 ἀφορισμοῦ.

2043 2920 2202 2985 Ἀλλ’,
2236 2921 2311 2984 ὡς
2343 2919 2512 2984 ἔοικε,
2534 2918 2601 2972 τὰ
2627 2921 2755 2988 περὶ
2777 2918 2967 2972 τούτου
2999 2919 3080 2981 είς
3106 2917 3203 2988 τὴν
3229 2917 3593 2988 ὲπισκοπικὴν

1999 3029 2002 3031 ‘
2029 3013 2303 3084 διάκρισιν
2339 3013 2665 3082 ἀνήρτησεν,
2697 3012 2781 3080 ἐφ’
2812 3007 2854 3080 ᾧ
2902 3011 2992 3063 τὸν
3023 3011 3120 3081 μὲν
3155 3011 3596 3081 παραδεξάμενον

361 3100 514 3155 misit
545 3109 596 3154 et
627 3100 786 3180 facile
823 3101 1183 3168 convertitur,
1217 3102 1526 3172 deponatur
1551 3101 1641 3156 vel
1672 3116 1926 3172 segrege-

2032 3105 2481 3176 τὴνβλάσφημον
2511 3104 2717 3171 ταύτην
2749 3103 3068 3174 προσθήκην
3101 3105 3193 3157 καὶ
3249 3101 3446 3174 ῥᾳδίως
3502 3120 3597 3172 με·

363 3200 456 3245 tur
491 3210 506 3246 :
535 3194 625 3262 qui
657 3199 838 3265 autem
867 3209 972 3247 nou
1031 3195 1369 3249 convertitur
1393 3233 1410 3258 ,
1461 3195 1553 3250 sed
1600 3195 1930 3263 blasphemis

364 3285 524 3353 nugis
552 3283 795 3337 adiuuaret
825 3322 840 3346 ,
869 3284 1384 3350 anathematizetur,
1421 3298 1473 3340 et
1504 3286 1583 3340 sic
1618 3301 1725 3339 non
1755 3284 1929 3339 solum

365 3373 675 3429 sacerdotio
707 3373 792 3429 vel
825 3375 1196 3430 ecclesiastica
1242 3378 1626 3433 communione
1661 3377 1929 3448 privetur,

367 3467 462 3524 sed
491 3467 654 3522 etiam
685 3467 1118 3534 exterminetur,
1153 3479 1213 3524 ut
1253 3484 1360 3524 non
1403 3469 1527 3524 aliis
1565 3485 1783 3540 quoque
1826 3472 1933 3526 ha:-

365 3560 530 3616 resim
561 3575 681 3616 com
691 3562 956 3617 municet.

436 3737 596 3809 252
636 3737 888 3793 ZONAR.
943 3735 1170 3802 Quidaru
1217 3737 1590 3792 affectionibus
1637 3735 1930 3791 obnoxiam

368 3831 705 3887 divinitatem
740 3831 1116 3886 existimantes
1139 3871 1152 3892 ,
1187 3829 1436 3900 Trisagio
1499 3833 1700 3900 hymno
1756 3830 1917 3883 vet-ha

372 3926 488 3993 illa,
520 3924 622 3991 Qui
651 3940 746 3992 pro
783 3926 942 3980 nobis
983 3924 1281 3979 cruciﬁxus
1310 3931 1393 3978 est
1442 3922 1722 3978 addidere.
1777 3922 1932 3988 Quod

369 4017 586 4087 quidem
612 4029 740 4074 ante
768 4017 907 4073 hanc
938 4016 1204 4088 synodum
1241 4016 1341 4068 alii
1366 4031 1586 4084 quoque
1619 4017 1790 4070 sancti
1832 4015 1936 4070 Pa-

291 4101 294 4106 ’
367 4115 525 4172 tres,
569 4118 627 4161 ut
683 4108 1046 4161 adulterinum
1105 4117 1377 4176 rectthue
1417 4108 1704 4161 sententia:
1755 4109 1936 4160 minus

366 4213 821 4267 consentaneum,
850 4199 1251 4272 repudiavere;
1303 4207 1356 4253 et
1387 4215 1414 4252 a
1465 4200 1795 4268 quibusdam
1843 4203 1938 4252 ad-

366 4293 499 4359 huc,
533 4295 592 4350 ut
623 4295 885 4349 credibile
911 4303 997 4349 est
1021 4335 1034 4356 ,
1095 4303 1419 4362 usurpatum
1458 4333 1474 4358 ,
1529 4293 1688 4361 hujus
1743 4293 1935 4363 synodi

369 4400 620 4444 auctores
652 4405 715 4443 ex
751 4387 997 4456 Trisagio
1023 4387 1241 4451 tollunt,
1276 4387 1478 4454 quique
1506 4387 1556 4439 id
1587 4387 1937 4440 nihilominus

2032 3198 2384 3266 τατιθέμενον
2431 3195 2837 3272 καθαιρεῖσθαι,
2886 3195 2918 3263 ἢ
2963 3193 3355 3264 ἀφορίζεσθαι·
3402 3195 3497 3248 τὸν
3539 3193 3597 3248 δὲ

1987 3285 1995 3296 “
2036 3294 2112 3362 μὴ
2143 3289 2588 3361 μετατιθέμενον,
2613 3287 2725 3339 ἀλλ’
2755 3287 2832 3339 ἔτι
2856 3287 2951 3356 τῆς
2979 3285 3300 3356 βλασφήμου
3332 3284 3600 3354 φλυαρίας

2033 3380 2354 3452 ὲξεχόμενον
2403 3377 2921 3446 ἀναθεματίζεσθαι,
2977 3379 3069 3430 καὶ
3124 3377 3268 3430 οὕτω
3320 3375 3395 3444 μὴ
3438 3375 3597 3444 μόνον

2033 3477 2133 3544 τῆς
2191 3471 2493 3544 ἱερωσύνης
2551 3470 2583 3540 ἢ
2643 3470 2741 3540 τῆς
2794 3470 3262 3542 ὲκκλησιαστικῆς
3307 3467 3598 3529 κοινωνίας

2034 3562 2508 3633 ἀπογυμνοῦσθαι,
2541 3562 2680 3615 ἀλλὰ
2710 3561 2805 3614 καὶ
2849 3561 3281 3633 περιορίζεσθαι,
3313 3561 3400 3630 ἐφ’
3435 3552 3479 3627 ᾧ
3521 3557 3599 3629 μὴ

2037 3653 2362 3727 μεταδοῦναι
2392 3655 2489 3722 τῆς
2518 3653 2782 3724 αἱρέσεως
2814 3653 2908 3707 καὶ
2941 3653 3137 3716 ἄλλοις.

2108 3747 2355 3803 ΖΩΝΑΡ.
2393 3747 2456 3799 Οἱ
2513 3748 2581 3816 τῇ
2623 3745 2837 3815 θεότητι
2890 3743 3064 3807 πάθος
3121 3743 3600 3814 προσαρμόζοντες

2036 3838 2360 3910 προσέθεντο
2412 3837 2489 3908 τῷ
2532 3836 2815 3908 Τρισαγίῳ
2853 3835 2950 3907 τὴν
3014 3835 3333 3906 προσθήκην
3371 3835 3599 3905 ταύτην,

2035 3933 2116 3995 τὸ,
2151 3931 2210 3984 '0
2236 3929 2568 4000 σταυρωθεὶς
2595 3928 2639 3980 δ’
2673 3928 2842 3998 ἡμᾶς.
2871 3927 3047 3996 Ὅπερ
3080 3927 3169 3979 καὶ
3202 3926 3308 3997 πρὸ
3336 3926 3438 3995 τῆς
3472 3943 3602 3980 συν-

2036 4026 2155 4076 όδου
2188 4023 2393 4092 ταύτης
2439 4021 2529 4091 ὑφ’
2577 4020 2780 4086 ἐτέρων
2822 4018 2994 4087 ἁγίων
3022 4019 3301 4088 Πατέρων,
3333 4018 3408 4080 ὡς
3447 4018 3602 4072 νόθον

2039 4119 2131 4170 καὶ
2158 4116 2258 4185 τῆς
2282 4116 2446 4184 ὀρθῆς
2475 4113 2633 4183 δόξης
2688 4111 2988 4179 ἀλλότριον,
3018 4109 3321 4179 ἀπεϐλήθη,
3347 4109 3442 4162 καὶ
3487 4109 3602 4163 ἔστι

2038 4207 2095 4261 δὲ
2134 4207 2285 4278 παρά
2323 4223 2504 4267 τινων,
2535 4203 2610 4266 ὡς
2658 4201 2827 4267 ἔοικε,
2855 4201 3145 4270 λεγόμενον
3179 4201 3226 4254 oi
3255 4201 3354 4268 τῆς
3385 4201 3600 4254 συνόδου

2038 4299 2243 4368 ταύτης
2272 4297 2365 4350 τοῦ
2397 4294 2692 4364 Τρισαγίου
2737 4293 2867 4345 αύτὸ
2901 4292 3254 4361 ἐξορίζουσιν,
3301 4294 3602 4361 ἀναθέματι

2043 4390 2502 4452 καταδικάζοντες
2533 4386 2657 4448 τοὺς
2693 4384 2774 4436 ἔτι
2811 4384 2942 4437 αὐτὸ
2986 4385 3478 4456 παραδεχομένους,
3509 4388 3603 4438 καὶ

371 4480 742 4544 adhibuerim,
780 4493 844 4533 ac
875 4477 1126 4546 Trisagio
1154 4475 1646 4546 quomodocunque
1666 4475 1928 4547 adjunxe-

2036 4485 2109 4556 τῷ
2139 4482 2418 4555 Τρισαγίῳ
2451 4479 2798 4547 ὁπωσδήποτε
2841 4477 3226 4538 συνάπτοντας.
3271 4478 3380 4530 Καὶ
3411 4476 3603 4531 καθαι-

370 4573 516 4638 rint,
549 4571 896 4626 anathemate
953 4569 1238 4623 damnant.
1293 4569 1471 4632 Atque
1519 4568 1682 4637 hujus
1730 4569 1932 4625 decreti

370 4664 691 4726 violatores,
725 4669 972 4715 sacratos
1023 4659 1240 4726 quidem
1301 4658 1680 4726 depositione;
1739 4678 1931 4716 mona-

368 4757 504 4811 chos
554 4770 685 4810 vero
735 4763 826 4806 aut
880 4753 1048 4808 laicus
1102 4751 1497 4821 segregationis
1544 4767 1703 4821 poena
1763 4755 1935 4810 teneri

365 4847 558 4918 j'ubent
648 4860 653 4874 '

2038 4583 2193 4654 ρυῦσι
2242 4579 2342 4650 μὲν
2377 4577 2500 4637 τοὺς
2554 4573 2866 4645 ίερατικοὺς
2898 4569 3338 4641 παραϐαίνοντας
3367 4571 3436 4623 τὰ
3485 4573 3598 4638 6p:-

2038 4677 2253 4737 σθέντα,
2293 4671 2419 4731 τοὺς
2476 4667 2532 4722 δὲ
2571 4665 2839 4737 μοναχοὺς
2869 4664 2904 4734 ἢ
2957 4663 3180 4724 λαῖκοϋς
3228 4663 3599 4734 ἀφορίζουσιν.

1609 4983 1801 5045 Guill.
1837 4985 2169 5059 Beveregii
2198 4991 2384 5040 natm.

371 5113 426 5162 in
465 5105 757 5162 Chronico.
800 5105 942 5159 ldem
972 5106 1134 5160 etiam
1164 5107 1233 5160 ab
1259 5108 1648 5162 ecclesiasticis
1685 5106 1932 5160 historiis

369 5179 626 5246 traditum
653 5177 906 5246 observat
929 5174 1318 5232 Damascenus:
1348 5178 1484 5231 (Paci.
1519 5177 1616 5246 μὲν
1645 5173 1736 5228 οὖν
1766 5178 1858 5246 καὶ
1885 5178 1934 5228 οἱ

367 5248 471 5316 τὴν
499 5244 956 5316 ἐκκλησιαστικὴν
998 5247 1234 5316 ἱστορίαν
1268 5244 1648 5310 συντάξαντες,
1673 5245 1934 5316 ὃτμλιτα-

372 5315 619 5378 νεύοντος
663 5315 754 5368 τοῦ
792 5317 850 5367 ὲν
886 5315 1452 5372 Κωνσταντινουπόλει
1483 5317 1638 5377 λαοῦ,
1689 5315 1792 5369 διά,
1813 5334 1932 5368 τινα

372 5388 632 5456 θεήλατον
679 5385 906 5456 ἀπειλὴν
944 5387 1034 5438 ἐπὶ
1077 5388 1316 5455 Πρόκλου
1363 5385 1456 5438 τοῦ
1500 5386 1932 5454 ἁρχιεπισκόπου

371 5456 768 5526 γεγενημένην,
800 5456 996 5524 συνέὸη
1016 5458 1328 5526 ἁρπαγῆναι
1351 5456 1557 5508 παιδίον
1577 5459 1642 5510 ἐκ
1660 5456 1752 5508 τοῦ
1779 5457 1928 5521 λαοῦ,

371 5524 469 5581 καὶ
497 5524 639 5596 οὕτω
665 5526 934 5596 μυηθῆναι
970 5528 1063 5578 ὑπ’
1092 5524 1389 5593 ἁγγελικῆς
1419 5544 1562 5596 τινος
1593 5527 1938 5589 διδασκαλίας

369 5599 460 5650 τὸν
489 5591 778 5667 Τρισάγιόν
805 5591 996 5667 ὕμνον,
1033 5591 1218 5659 ιΑγιος
1255 5597 1283 5647 ό
1321 5591 1475 5658 Θεὸς,
1507 5595 1658 5667 arto;
1699 5597 1938 5665 ἰσχυρὸς,

371 5665 546 5734 ἅγιος
569 5668 832 5730 ἀθάνατος
876 5665 1098 5736 ἐλέησον
1142 5669 1288 5734 ἡμᾶς
1315 5684 1325 5698 ·
1369 5667 1461 5718 καὶ
1490 5665 1643 5725 αὖθις
1677 5670 1936 5736 ἐπιστρα-

371 5740 560 5807 φέντος
599 5756 690 5790 του
721 5738 936 5790 παιδίου
956 5775 972 5800 ,
1011 5738 1102 5790 καὶ
1133 5739 1192 5788 τὸ
1233 5736 1436 5806 μυηθὲν
1466 5738 1896 5804 ἀπαγγείλαντος
1918 5779 1932 5801 ,

2039 5104 2168 5171 ᾆσαι
2206 5107 2294 5158 τὸν
2323 5103 2492 5171 ὕμνον
2521 5102 2665 5160 ἅπαν
2699 5100 2763 5152 τὸ
2796 5100 3031 5168 πλῆθος,
3065 5099 3159 5152 καὶ
3195 5098 3337 5150 οὕτω
3369 5095 3601 5171 κοπάσσι

2039 5163 2136 5246 τὴν
2163 5163 2406 5246 ἀπειλήν,
2439 5171 2803 5246 Ιὶιιιηειεςκυε-
2825 5163 3165 5246 primm/tae
3193 5171 3228 5222 l.
3255 5184 3484 5246 nt,hcap_.
3518 5169 3598 5223 to.

2040 5238 3316 5312 Quinetiam'Gom-idusViterhiensis,Cedrenus,
3341 5238 3600 5299 Codinus,

2041 5309 2316 5371 Marianus
2353 5315 2569 5370 Scotus,
2607 5309 2956 5377 Landulphus
2994 5312 3190 5378 Sagax,
3225 5310 3426 5378 aliique
3466 5312 3604 5362 hanc

2041 5387 2325 5442 historiam
2387 5381 2746 5436 tradiderunt.
2793 5381 3002 5444 Quibus
3054 5382 3219 5434 etiam
3279 5381 3605 5448 adjungatur

2039 5459 2324 5511 Aristenus
2361 5457 2413 5508 in
2443 5460 2758 5521 prtcscntem
2789 5465 3050 5508 canonetn
3089 5469 3101 5503 :
3138 5452 3228 5520 qui
3263 5461 3442 5504 tamen
3474 5449 3608 5502 dicit.

2040 5542 2267 5595 puerum
2334 5525 2581 5579 audaisse.
2619 5521 2972 5595 ista_verba,
3043 5521 3102 5574 Ὀ
3158 5521 3489 5595 στ-αυρωθεὶς
3539 5521 3604 5595 δις

2039 5588 2206 5666 ἧμᾶς,
2241 5595 2486 5663 Trisagio
2517 5607 2619 5643 non
2649 5589 3150 5666 atldcndaessc,_co
3177 5593 3429 5666 nimirum
3459 5588 3600 5666 quod

2041 5658 2094 5721 ίὶὶ
2139 5670 2370 5735 hymno.
2404 5658 2564 5731 unum
2603 5677 2732 5728 puer
2769 5661 3009 5718 audiissc
3039 5661 3260 5728 dicitur,
3303 5661 3404 5714 ista
3438 5658 3602 5714 verba

2045 5755 2146 5791 non
2188 5743 2384 5790 inserta
2419 5745 2589 5788 crant.
