4062 6424
435 293 541 359 ’ἴὸῧ

1369 294 1449 354 ΙΝ
1490 294 1657 355 CAN.
1682 289 1959 352 LXXXII
1997 289 2206 350 CONC.
2249 293 2331 353 ΙΝ
2363 297 2692 361 TRULLO.

3586 296 3690 359 790
3730 312 3735 317 ’

438 414 660 468 ΑΡΙΣΪ.
698 432 716 464 ι
764 411 854 480 Τῷ
910 384 1183 483 τρισαγίῳ
1232 407 1387 477 ὕμνῳ
1434 409 1462 458 6
1496 406 1785 458 συνάπτων
1818 403 1897 463 τὸ,
1946 400 2001 451 'U

2177 405 2406 461 ARIST.
2456 431 2473 462 ι
2520 413 2620 475 Οιιὶ
2657 413 2857 481 hymno
2886 411 3154 481 Trisagio,
3191 408 3346 474 illud,
3382 408 3485 474 Qui
3511 410 3692 464 cruci-

828 502 1185 574 σταυρωθεὶς,
1217 499 1549 570 ὲτερόὸοξος.

446 646 451 649 .
515 602 768 669 Λέγεται,
798 599 873 662 ὡς
900 600 995 652 ἐπὶ
1020 597 1119 668 τῆς
1154 595 1432 665 βασιλείας
1469 591 1750 647 Θεοδοσίου
1779 591 1871 644 τοῦ
1912 590 2018 643 Μι-

448 696 583 761 κροῦ
614 693 756 763 ῆρθη
782 692 996 745 παιδίον
1032 694 1089 743 ὲν
1115 694 1183 761 τῇ
1215 690 1309 742 τοῦ
1349 688 1573 758 κάμπου
1608 686 1754 756 λιτῇ,
1799 686 1892 737 καὶ
1919 684 2015 736 ἐπὶ

444 786 645 843 πολλὰς
675 785 821 855 ὧρας
879 785 1154 851 μετέωρον
1192 782 1408 849 γέγονε,
1459 781 1556 833 καὶ
1597 779 1809 849 ἤκουσε
1862 775 2016 838 θείας

446 878 650 945 φωνῆς,
704 877 778 944 μὴ
828 874 1178 943 προστιθέναι
1230 875 1287 925 ὲν
1344 873 1423 943 τῷ
1471 870 1753 942 Τρισαγίῳ
1806 869 1898 920 τόο
1952 866 2018 919 Ὃ

445 967 810 1036 σταυρωθεὶς
855 967 930 1020 δι’
984 965 1163 1035 ἡμᾶς,
1213 967 1287 1029 ὡς
1318 969 1345 1017 ό
1388 967 1699 1035 παράφρων
1736 961 1948 1022 Παῦλος
1989 962 2017 1011 6

452 1061 802 1129 Σαμοσατεὺς
840 1058 1101 1129 ὲληρώδει
1141 1058 1278 1129 (9|).
1304 1058 1373 1112 Εῑ
1397 1075 1481 1120 τις
1505 1053 1598 1110 οὖν
1637 1054 1734 1125 τὴν
1762 1054 2017 1121 τοιαύτην

332 1218 335 1221 λ
445 1155 630 1221 φωνὴν
659 1151 739 1220 τῷ
777 1152 1059 1227 Τρισαγίῳ
1119 1151 1273 1220 ὕμνῳ
1303 1152 1554 1220 συνάψει,
1605 1150 1679 1213 ὡς
1711 1146 2017 1217 ἐτερόδοξος

448 1244 1049 1312 ἀναθεματισθήσεταιν.
1076 1243 1343 1313 Εύρήσεις
1366 1242 1423 1295 δὲ
1456 1246 1548 1295 καὶ
1587 1245 1645 1293 ὲν
1686 1241 1762 1310 τῷ
1794 1245 2017 1309 Δαμασ-

449 1335 599 1406 κηνῷ
643 1341 722 1401 νγ¹
753 1334 1052 1399 κεφάλαιον
1096 1334 1464 1404 διαλαμϐάνον
1484 1333 1836 1409 ἱπλατύτερον
1887 1331 2018 1400 περὶ

444 1429 541 1482 τοῦ
575 1428 909 1498 Τρισαγίου,
943 1428 1035 1480 καὶ
1075 1428 1164 1481 διὰ
1208 1428 1372 1481 ποίαν
1408 1428 1590 1481 αἰτίαν
1623 1426 1765 1497 ἤρθη
1797 1427 1857 1478 τὸ
1889 1443 2018 1477 παι-

445 1522 577 1575 δίον.

1024 1613 1259 1667 κΑΝοΝ
1296 1611 1420 1685 nn'.

2127 528 2145 560 ι
2190 508 2350 571 fixus,
2378 505 2647 574 adiungit,
2685 504 3052 558 beterodoxus
3076 512 3355 558 censetur.

2194 599 2594 669 Dicitur,quod
2639 600 2741 652 sub
2795 597 3094 652 Theodosii
3142 595 3393 650 Junioris
3456 593 3687 663 imperio

2122 714 2256 765 puer
2296 699 2348 750 iu
2390 696 2565 759 campi
2599 692 2857 761 precibus
2885 691 3133 745 sublatus
3168 699 3251 743 cs1
3282 728 3296 749 .
3343 695 3397 743 et
3427 703 3522 756 per
3554 686 3693 739 mul-

2120 800 2207 844 tas
2242 790 2406 842 horas
2437 788 2488 842 in
2523 786 3111 851 sublimisuspensus;
3158 794 3212 835 et
3248 781 3463 834 audivit
3503 794 3692 833 vocem

2122 883 2385 941 divinam,
2421 897 2485 935 ne
2520 881 2643 941 hoe,
2684 878 2786 943 Qui
2817 895 2911 945 pro
2939 875 3084 928 nobis
3117 875 3403 941 cruciﬁxus
3426 915 3439 934 ,
3471 872 3527 925 in
3570 870 3693 923 Tri-

2120 975 2277 1042 sagio
2313 972 2624 1031 adderetur,
2659 981 2716 1023 ut
2748 984 2986 1023 vesanus
3039 968 3240 1019 Paulus
3293 967 3694 1018 Samosalunus

2121 1066 2294 1122 delire
2326 1064 2627 1119 effuticbat.
2662 1061 2716 1114 Si
2742 1061 2866 1131 quis
2894 1061 3076 1125 itaque
3096 1060 3258 1111 talem
3284 1073 3469 1111 vocem
3496 1056 3699 1125 hymno

2122 1157 2373 1225 Trisagio
2407 1155 2762 1221 adjunxerit,
2814 1161 2872 1206 ut
2924 1150 3291 1204 heterodoxus
3348 1148 3695 1202 anathemate

2123 1248 2480 1320 percntietur.
2511 1246 2761 1301 Invenies
2792 1256 2973 1298 autem
3009 1244 3062 1296 in
3098 1244 3436 1296 Damasceno
3466 1256 3589 1308 cap.
3620 1238 3693 1293 54

2120 1346 2189 1398 de
2234 1341 2487 1410 Tiisagio
2549 1338 2764 1406 plenius
2828 1348 3110 1399 tractans;
3179 1348 3233 1389 ct
3264 1344 3485 1404 propter
3526 1349 3691 1401 quam

2123 1451 2344 1490 causam
2381 1449 2515 1503 puer
2546 1433 2598 1485 in
2631 1428 2853 1485 sublimi
2890 1429 3266 1482 attollebatur.

2648 1614 2875 1671 CANON
2919 1611 3180 1667 LXXXII.

344 1698 347 1701 ⁵
456 1727 473 1757 ι
526 1709 624 1761 Ἕν
651 1726 763 1761 τισι
798 1708 907 1761 τῶν
942 1708 1158 1761 σεπτῶν
1181 1708 1417 1761 εἰκόνων
1448 1708 1690 1776 γραφαῖς
1724 1707 1896 1771 ἀμνὸς
1923 1706 2017 1759 δα-

2129 1733 2147 1767 ι
2187 1713 2331 1767 Ιιιιετ
2366 1710 2657 1765 nommllas
2682 1707 3081 1762 venerabiliqu
3112 1704 3410 1773 imaginum
3434 1700 3696 1770 moturas,

526 1819 544 1851 ι
594 1800 774 1871 κτύλῳ
790 1799 882 1853 τοῦ
897 1800 1210 1869 Προδρόμου
1231 1797 1581 1867 δεικνύμενος
1599 1799 2015 1868 ἐγχαράττεται,

527 1913 544 1943 ι
586 1892 645 1952 ὃς
674 1894 755 1955 είς
777 1890 946 1944 τύπον
972 1890 1298 1959 παρελῄφθη
1324 1890 1424 1958 τῆς
1454 1890 1678 1959 χάριτος
1708 1889 1799 1941 τὸν
1829 1889 2017 1956 ἀληθι-

528 2004 546 2036 ι
587 1986 677 2037 νὸν
708 1987 841 2053 ἡμῖν
876 1982 967 2036 διὰ
1002 1984 1170 2050 νόμου
1210 1982 1636 2049 προῦποφαίνων
1676 1981 1849 2049 ἀμνὸν
1878 1983 2014 2049 Χρι-

528 2096 547 2128 ι
589 2076 713 2129 στὸν
736 2075 825 2129 τὸν
857 2075 990 2128 Θεὸν
1014 2074 1190 2145 ἡμῶν.
1232 2075 1371 2137 Τοὺς
1395 2071 1488 2129 οὖν
1515 2075 1776 2138 παλαιοὺς
1814 2074 2017 2139 τύπους
2097 2102 2101 2107 ~

528 2188 546 2219 ι
597 2169 694 2221 καὶ
722 2168 821 2230 τὰς
846 2166 1026 2231 σκιὰς,
1051 2168 1126 2228 ὡς
1150 2168 1243 2236 τῆς
1274 2166 1533 2236 ἀληθείας
1557 2166 1802 2237 σύμϐολά
1826 2185 1885 2221 τε
1922 2171 2018 2221 καὶ

523 2282 541 2313 ι
594 2262 1056 2332 προχαράγμανα,
1100 2263 1165 2330 τῇ
1212 2260 1509 2331 Ἐκκλησία
1550 2259 2018 2331 παραδεδομένους

524 2374 543 2406 ι
590 2353 1094 2423 κατασπαζόμενοι,
1149 2353 1250 2422 τὴν
1284 2355 1447 2424 χάριν
1499 2352 1859 2423 προτιμῶμεν
1921 2353 2017 2406 καὶ

528 2470 544 2499 ι
590 2448 691 2518 τὴν
720 2449 1002 2518 ἀλήθειαν,
1031 2448 1107 2509 ὡς
1135 2448 1409 2518 πλήρωμα
1432 2446 1601 2516 νόμου
1643 2446 1852 2517 ταύτην
1882 2446 2018 2500 ὐπο-

525 2560 544 2588 σ
588 2543 893 2608 δεξάμενοι.
938 2542 1025 2603 Ὡς
1057 2540 1125 2593 ἂν
1156 2537 1253 2615 οῦν⁵
1278 2540 1338 2593 τὸ
1369 2540 1573 2593 τέλειον
1602 2541 1703 2593 κὰν
1731 2542 1853 2603 ταῖς
1874 2558 2018 2610 χρω-

527 2654 544 2683 ‹
596 2632 954 2702 ματουργίαις
989 2634 1049 2685 ὲν
1091 2634 1212 2695 ταῖς
1235 2632 1490 2685 ἁπάντων
1526 2632 1716 2702 ὄψεσιν
1767 2634 2015 2704 ὑπογρά-

529 2744 547 2777 ι
594 2742 779 2794 φηται,
816 2726 903 2777 τὸν
940 2724 1032 2795 τοῦ
1062 2726 1311 2793 αἴροντος
1347 2727 1446 2795 τὴν
1477 2726 1756 2795 ἁμαρτίαν
1783 2728 2013 2796 κόσμου,

526 2840 543 2868 ι
590 2817 764 2887 ἀμνοῦ
798 2818 1039 2887 Χριστοῦ
1096 2817 1192 2871 τοῦ
1228 2819 1365 2871 Θεοῦ
1399 2819 1581 2888 ἡμῶν,
1627 2821 1769 2873 κατὰ
1801 2821 1892 2874 τὸν
1918 2823 2017 2874 άν-

526 2929 546 2961 ‹
594 2908 867 2979 θρώπινον
898 2911 1226 2981 χαρακτῆρα
1286 2911 1382 2964 καὶ
1415 2914 1474 2964 ὲν
1504 2914 1628 2974 ταῖς
1675 2914 1882 2967 εἰκόσιν
1910 2913 2019 2966 ἀπὸ

530 3024 547 3053 ι
595 3002 686 3055 τοῦ
724 3002 840 3066 νῦν,
889 3006 1011 3056 ἀντὶ
1045 3002 1143 3055 τοῦ
1173 3003 1407 3057 παλαιοῦ
1440 3005 1637 3074 ἀμνοῦ,
1684 3007 2015 3076 ἀναστηλοῦ-

532 3114 550 3144 ι
594 3097 719 3148 σθαι
749 3096 1031 3165 ὁρίζομεν,
1066 3096 1132 3149 δι’
1157 3095 1324 3149 αὐτοῦ
1372 3098 1433 3149 τὸ
1488 3097 1590 3166 τῆς
1637 3098 2022 3161 ταπεινώσεως
2051 3084 2092 3140 C

528 3206 547 3239 ι
592 3186 687 3240 τοῦ
714 3188 848 3242 Θεοῦ
880 3188 1056 3257 Λόγου
1084 3191 1493 3254 κατανοοῦντες,
1523 3193 1617 3245 καὶ
1642 3193 1777 3260 πρὸς
1804 3195 2025 3264 μνήμην

536 3300 556 3331 ι
603 3282 702 3350 τῆς
727 3284 786 3335 ὲν
824 3282 988 3352 σαρκὶ
1041 3283 1339 3346 πολιτείας,
1376 3284 1469 3337 τοῦ
1511 3302 1570 3337 τε
1623 3286 1827 3349 πάθους
1856 3286 2024 3340 αὐτοῦ

536 3393 555 3424 ι
603 3375 701 3426 καὶ
730 3374 825 3426 τοῦ
883 3378 1153 3448 σωτηρίου
1212 3378 1442 3432 Θανάτου
1503 3379 2022 3451 χειραγωγούμενοι,

530 3488 547 3518 ι
596 3469 691 3520 καὶ
720 3468 820 3537 τῆς
845 3469 1094 3525 ἐντεῦθεν
1126 3474 1448 3553 γενομένης⁸
1479 3475 1557 3544 τῷ
1600 3476 1791 3545 κόσμῳ
1827 3461 2018 3529 ἀπολυ-

536 3577 555 3606 ι
597 3557 873 3627 τρώσεως.

526 3652 724 3706 ΒΑΛΣ.
765 3655 892 3707 Ὅτε
949 3654 1048 3724 τὴν
1105 3656 1249 3708 κατὰ
1302 3656 1414 3709 τῶν
1452 3660 1816 3727 πρωτοτόκων
1854 3663 2027 3729 Δίγυ-

455 3745 624 3797 mium
661 3744 889 3814 ἀπειλὴν
933 3744 1215 3815 διελάλησε
1264 3748 1404 3802 κατὰ
1447 3749 1695 3803 κέλευσιν
1742 3754 1834 3805 τοῦ
1872 3754 2025 3808 ’Θεοῦ

455 3838 484 3889 ὸ
536 3836 814 3907 Μωῦσῆς,
854 3838 1154 3892 ἐνετείλατο
1199 3840 1314 3899 τοῖς
1394 3839 1665 3911 Ἑϐραίοις
1725 3848 2035 3913 σφαγιάσαι’

456 3930 625 3998 ἀμνὸν
647 3970 662 3991 ,
698 3930 793 3982 xii.
822 3930 900 4002 τῷ
933 3931 1125 3999 αἵματι
1152 3932 1341 3985 τούτου
1370 3933 1656 4004 γρισθῆναι
1677 3936 1774 3999 τὰς
1808 3937 2023 3991 ’ἰουδαῖσ

459 4024 561 4082 stic
607 4014 788 4090 φλιὰς,
814 4022 888 4085 ὼς
922 4022 989 4076 ἂν
1035 4022 1227 4078 ἄϐατοι
1253 4018 1355 4077 ὦσι
1396 4024 1474 4093 τῷ
1521 4024 1633 4079 τῶν
1662 4031 2026 4099 πρωτοτόκων

457 4111 749 4181 ὐλοθρευτῇ
774 4129 788 4143 ·
842 4113 1157 4181 Προετύπου
1212 4110 1308 4167 οὖν
1359 4117 1388 4168 6
1420 4116 1663 4180 τοιοῦτος
1714 4121 1886 4188 ἀμνὸς
1935 4124 2026 4175 τὸν

458 4203 690 4270 Κύριον.
722 4203 887 4257 Ὅθεν
916 4205 1013 4257 καὶ
1043 4206 1071 4257 6
1109 4206 1282 4274 μέγας
1313 4208 1371 4259 ὲν
1395 4210 1707 4278 προφήταις
1737 4213 1833 4264 καὶ
1868 4214 2023 4282 ἰσάγ-

462 4296 631 4363 γελος
666 4297 976 4367 πρόδρομος
1015 4297 1141 4352 ἰδὼν
1187 4301 1277 4353 τὸν
1323 4301 1528 4372 Κύριον
1554 4303 1763 4374 Ἰησοῦν
1792 4306 2027 4375 Χριστὸν

2200 1824 2218 1855 ι
2258 1819 2433 1873 agnus
2458 1843 2474 1865 ,
2527 1801 2620 1871 qui
2678 1800 2853 1868 digito
2909 1799 3276 1853 Prazcursoris
3313 1804 3653 1851 uiouslratur
3680 1834 3694 1855 ,

2200 1916 2218 1947 ι
2258 1894 2596 1964 depingitur,
2627 1894 2720 1962 qui
2758 1892 2825 1946 ad
2865 1893 3054 1960 gratiae
3096 1892 3324 1957 ligurum
3375 1893 3698 1951 assuuiptus

2198 2009 2218 2042 ι
2255 1998 2362 2052 est,
2390 2005 2581 2044 verum
2610 1988 2771 2041 nobis
2803 1992 3013 2056 Agnum
3066 2000 3163 2053 per
3213 1985 3384 2050 legem
3412 1979 3695 2036 Christum

2197 2101 2217 2134 ι
2262 2082 2430 2137 Deum
2464 2089 2714 2136 nostrum
2761 2088 3213 2147 prmmonstrans.
3264 2076 3535 2144 Antiqnas
3566 2090 3698 2143 ergo

2199 2190 2220 2224 ι
2262 2171 2463 2242 ﬁguras
2496 2180 2551 2226 et
2581 2170 2827 2234 umbras,
2855 2179 2915 2223 ut
2952 2169 3203 2223 veritatis
3233 2170 3391 2235 signa
3418 2176 3473 2220 et
3498 2165 3695 2219 chara-

2198 2288 2214 2318 ι
2257 2276 2459 2330 cteres,
2479 2264 2740 2319 Ecclesiae
2765 2263 3000 2318 traditas
3022 2263 3433 2331 amplectentcs.
3462 2258 3694 2328 gratiam

2198 2380 2215 2411 ι
2253 2369 2308 2415 et
2329 2361 2616 2416 veritatem
2653 2372 3063 2429 prmpouamus,
3090 2371 3212 2411 eam
3255 2364 3315 2406 ut
3338 2353 3472 2420 legis
3503 2352 3697 2420 impleo

2200 2472 2217 2503 ι
2259 2452 2468 2507 tionem
2496 2450 2888 2518 suscipientes.
2931 2449 2997 2505 Ut
3023 2463 3155 2518 ergo
3194 2446 3340 2516 quod
3394 2444 3696 2514 perlectum

2197 2564 2214 2596 ι
2256 2555 2360 2607 est,
2405 2543 2597 2599 saltem
2637 2542 2917 2596 coloribus
2941 2538 3532 2611 eiligiatum,o:miium
3575 2548 3698 2588 ocu-

2196 2660 2215 2689 ι
2258 2639 2327 2693 iis
2358 2637 2704 2705 subjiciatur,
2756 2635 2895 2705 Agni
2928 2634 3083 2699 eius,
3116 2634 3209 2702 qui
3236 2632 3377 2685 tollit
3414 2637 3697 2700 peccatum

2197 2753 2214 2783 ι
2255 2731 2469 2798 mundi,
2494 2730 2696 2786 Christi
2721 2728 2814 2783 Dei
2843 2730 3042 2791 nostri,
3075 2728 3251 2781 instar
3296 2724 3534 2778 hominis
3565 2720 3697 2776 cha—

2198 2846 2216 2877 ‹
2258 2823 2738 2888 racterem,etiam
2796 2823 2851 2876 in
2908 2822 3236 2891 imaginibus
3290 2819 3549 2886 deinceps
3600 2829 3701 2885 pro

2200 2941 2218 2971 ι
2262 2920 2429 2974 veteri
2466 2934 2609 2989 agno
2654 2916 2821 2971 statui
2876 2915 3139 2984 juhemus
3172 2952 3188 2975 ,
3247 2922 3307 2965 ut
3366 2924 3462 2979 per
3522 2910 3717 2978 ipsum-

2202 3034 2222 3066 ‹
2256 3011 2420 3067 Verbi
2458 3013 2549 3066 Dei
2597 3009 3033 3063 lmmiliationem
3089 3016 3279 3059 mente
3332 3003 3699 3071 comprehen-

2202 3128 2222 3159 ι
2264 3107 2482 3170 dentes,
2520 3106 2584 3159 ad
2616 3104 2935 3159 memoriam
2990 3115 3210 3170 quoque
3258 3098 3384 3165 ejus
3433 3098 3488 3149 in
3536 3111 3701 3149 carne

2206 3221 2225 3253 ι
2265 3198 2730 3259 conversationis.
2753 3197 2983 3266 ejusque
3013 3193 3289 3264 passionis
3334 3202 3389 3245 et
3441 3188 3703 3246 salutaris

2206 3315 2224 3346 ι
2267 3295 2463 3348 mortis
2493 3306 2656 3345 manu
2689 3291 2980 3351 ducamur,
3024 3287 3259 3356 ejusque
3289 3298 3410 3354 qua:
3432 3298 3498 3339 ex
3527 3297 3594 3337 eo
3612 3280 3700 3334 ia-

2206 3407 2223 3439 ι
2259 3394 2345 3442 cta
2375 3395 2459 3441 est
2488 3382 2695 3438 mundo
2720 3381 3136 3450 redemptionis.
3178 3398 3196 3429 ι
3370 3390 3373 3393 λ
3490 3402 3491 3407 η
3642 3380 3665 3407 ε

2206 3654 2399 3710 BALS.
2433 3651 2722 3721 Quomodo
2749 3648 3014 3707 adversus
3062 3647 3441 3718 Egyptiorum
3497 3645 3699 3712 primo-

2131 3755 2311 3827 genita
2342 3751 2519 3805 Moses
2547 3749 2703 3817 jussu
2734 3744 2827 3800 Dei
2859 3743 3110 3799 elocutus
3150 3753 3227 3797 est
3258 3782 3273 3806 ,
3299 3740 3463 3808 jussit
3493 3738 3560 3791 ab
3596 3735 3703 3789 lle—

2129 3848 2292 3904 hraais
2316 3859 2517 3916 agnum
2540 3840 2799 3901 interﬁci,
2824 3845 2881 3894 et
2910 3837 3030 3906 ejus
3080 3836 3344 3905 sanguine
3392 3830 3697 3885 Iudaeorum

2130 3939 2320 3994 limina
2351 3936 2548 4002 inungi
2576 3950 2590 3986 :
2626 3940 2687 3986 ut
2717 3946 2745 3984 a
2802 3928 3287 4000 priiuogenitorum
3350 3926 3698 3979 destruetore

2130 4034 2196 4086 ad
2228 4043 2323 4085 eos
2356 4027 2492 4081 adiri
2536 4038 2642 4078 non
2677 4030 2883 4093 posset.
2918 4021 3027 4075 Hic“
3045 4036 3175 4089 ergo
3224 4034 3399 4090 agnus
3446 4018 3704 4085 praetigu»

2130 4125 2287 4179 rabat
2316 4120 2631 4174 Dominum.
2670 4115 2820 4170 Unde
2848 4115 3013 4168 etiam
3050 4125 3279 4183 magnus
3310 4112 3569 4181 propheta
3605 4128 3702 4166 an.

2129 4218 2370 4287 gelisque
2388 4210 2611 4279 aequalis
2639 4209 2970 4268 Ριτροιινεοτ,
2997 4220 3119 4259 cum
3147 4204 3429 4257 Dominum
3451 4211 3505 4257 et
3533 4203 3698 4257 Doum

2131 4320 2375 4364 nostrum
2395 4304 2580 4359 Jesum
2607 4302 2883 4354 Christqu
2914 4299 3159 4362 vidisset,
3180 4298 3337 4351 dixit:
3359 4296 3496 4352 Ecce
3515 4300 3701 4364 Agnus

463 4391 557 4442 καὶ
589 4390 721 4443 Θεὸν
773 4389 953 4475 ἡμῶν,
997 4386 1174 4447 εἶπεν.
1218 4394 1350 4446 Ἰδοὺ
1393 4397 1421 4446 6
1458 4395 1631 4464 ἀμνὸς
1662 4396 1757 4449 τοῦ
1800 4398 1939 4452 Θεοῦ
1998 4404 2024 4454 ὁ

2136 4397 2227 4452 Dei
2254 4436 2267 4457 ,
2305 4393 2476 4448 Filius
2508 4390 2687 4444 Patris
2713 4429 2728 4454 ,
2760 4389 2851 4456 qui
2898 4387 3036 4441 tollit
3083 4397 3361 4455 peccatum
3419 4388 3604 4442 mundi
3630 4389 3695 4441 ¹¹.

462 4481 590 4545 Υἱὸς
616 4481 712 4535 τοῦ
741 4482 974 4552 Πατρὸς,
1001 4483 1030 4535 ὁ
1049 4482 1219 4553 αἴρων
1241 4485 1341 4554 τὴν
1369 4485 1644 4555 ἁμαρτίαν
1674 4490 1766 4542 τοῦ
1798 4492 2026 4560 κόσμου.

462 4573 618 4635 Τινὲς
673 4572 793 4638 οὖν,
855 4575 914 4628 ὲν
944 4576 1128 4642 ἁγίαις
1188 4577 1363 4630 εἰκόσι
1397 4578 1488 4630 τὸν
1525 4577 1683 4645 ἆγιον
1719 4582 2028 4653 Πρόδρομον

378 4694 383 4697 η
462 4664 919 4733 ἀναστηλοῦντες,
953 4667 1123 4736 ἀμνὸν
1155 4667 1384 4736 ἀντικρὺ
1435 4670 1602 4722 αὐτοῦ
1657 4673 2027 4744 ἀνεχάραττον

463 4756 567 4808 ὑπὸ
603 4755 697 4808 τοῦ
724 4756 1037 4828 Προδρόμου
1061 4757 1681 4829 δακτυλοδεικτούμενον
1716 4765 1830 4835 (92)
1858 4768 2028 4823 Τοῦτο

461 4847 640 4899 τοίνυν
677 4849 711 4918 ἡ
766 4849 910 4915 ἁγία·
958 4847 1173 4906 σύνοδος
1226 4851 1632 4921 ἀποτρέπουσα,
1680 4855 1900 4925 ὥρισεν,
1951 4860 2027 4923 ὠς

461 4935 584 4987 ἐπεὶ
613 4937 641 4988 6
672 4937 843 5005 ἀμνὸς
874 4936 954 4999 εἰς
987 4936 1162 4989 τύπον
1187 4939 1286 5007 τῆς
1315 4940 1570 5009 ἀληθείας
1598 4930 1946 5016 παρελήῖρθη,
1971 4951 2027 5001 at

464 5029 616 5081 σκιαὶ
646 5028 701 5080 δὲ
736 5030 828 5081 καὶ
855 5030 904 5081 oi
935 5028 1097 5082 τύποι
1126 5032 1218 5082 καὶ
1245 5030 1315 5083 τὰ
1341 5032 1586 5101 σύμϐολα
1611 5035 1916 5105 παρῆλθον,
1948 5038 2027 5103 ὡς

463 5119 563 5185 τῆς
633 5119 893 5188 ἀληθείας
956 5122 1505 5195 παρῤησιασθείσης’
1555 5128 2027 5199 κατασπαζόμεθα

540 5282 583 5313 ³⁸
606 5281 765 5336 Joan.
811 5300 851 5345 ι.
878 5284 965 5340 99.

2138 4489 2368 4554 Quidam
2405 4499 2535 4551 ergo
2564 4484 2617 4536 in
2652 4479 2826 4536 sacris
2875 4479 3200 4549 imaginibus
3251 4488 3498 4534 sanctum
3552 4478 3703 4535 Prae-

2135 4593 2417 4635 cnrsorem
2450 4564 2841 4637 describentes,
2873 4587 2905 4626 e
2935 4573 3155 4641 regione
3187 4571 3308 4637 ejus
3350 4586 3547 4641 agnum
3605 4574 3702 4624 im-

2138 4670 2467 4741 primebant,
2491 4667 2581 4734 qui
2606 4680 2637 4717 a
2670 4663 3039 4719 Prazcursoris
3071 4662 3241 4730 digito
3268 4663 3697 4719 monstrabatur.

2137 4740 2251 4819 Hoc
2278 4776 2406 4830 ergo
2439 4767 2629 4813 sancta
2657 4757 2900 4827 synodus
2936 4746 3253 4825 prohibens,
3284 4740 3483 4809 statuit
3532 4756 3701 4825 quod,

2136 4856 2397 4927 quoniam
2429 4866 2605 4921 agnus
2635 4851 2688 4903 in
2741 4835 2924 4920 typum
2981 4848 3224 4902 veritatis
3272 4858 3527 4916 acceptus
3579 4861 3700 4915 est,

2135 4946 2346 5001 umbrae
2374 4951 2553 4997 autem
2593 4952 2647 4994 et
2676 4940 2833 5009 signa
2866 4947 2922 4994 et
2954 4940 3064 5009 typi
3090 4941 3491 5006 materie-runt,
3517 4948 3703 5009 utpote

2136 5055 2260 5094 cum
2288 5036 2493 5091 veritas
2512 5033 2857 5097 exhibeatur,
2894 5042 3052 5101 typos
3081 5046 3300 5101 quoque
3348 5041 3401 5086 et
3456 5034 3699 5099 umbras,

2141 5141 2202 5184 ut
2231 5130 2386 5200 signa
2436 5123 2706 5189 veritatis,
2765 5124 3191 5193 amplectimur;
3255 5124 3351 5180 sed
3417 5125 3699 5183 veritatem

1698 5380 1893 5441 Guill.
1922 5384 2247 5465 Beveregii
2279 5394 2468 5448 notas.

537 5519 668 5598 (9i).
689 5519 927 5598 1101i"!ch
964 5523 995 5573 ὀ
1019 5522 1449 5598 ’Σαμοσχιντεὺς
1481 5521 1782 5598 ἐξιψῴὃει.
1821 5532 2026 5598 arista-

465 5604 571 5644 nus
619 5589 706 5642 hic
761 5589 985 5641 Paulum
1041 5606 1161 5643 cum
1208 5591 1365 5645 Petro
1408 5589 1745 5648 confundere
1787 5594 2024 5650 videtur.

466 5659 818 5733 Nequeenim
853 5659 1049 5733 Paulus
1072 5662 1476 5722 Samosatcnus.
1510 5663 1605 5717 sed
1628 5662 1818 5719 Petrus
1848 5665 2023 5733 Fullo,

470 5731 548 5786 sic
584 5729 845 5785 delirasse
878 5730 1217 5800 perhibetur.

2206 5531 2319 5600 (93)
2349 5532 3064 5601 Δακτυλοδεικνούμσνον.
3098 5532 3278 5588 Codex
3313 5535 3703 5594 Amerhachia-

2132 5616 2235 5654 nus
2294 5610 2348 5656 et
2392 5600 2731 5658 Aitouieusis
2779 5600 2980 5658 rectius
3034 5604 3213 5674 legunt
3254 5604 3704 5663 δακτυλοδεκτού-

2135 5688 2314 5737 μενον.
