4062 6430
394 284 492 349 791

1654 300 1939 359 THEOD.
1971 302 2062 359 BA
2074 301 2269 361 LSAM
2280 300 2383 360 ON

3530 301 3637 365 792

392 395 777 463 praeponimus.
816 400 882 453 Et
914 401 1032 456 ideo
1062 412 1242 473 typum
1295 406 1512 475 quidem
1573 424 1794 467 ctssare
1850 420 1958 465 sta-

2069 410 2163 481 μὲν
2198 411 2293 463 καὶ
2325 411 2455 474 τοὺς
2486 408 2690 473 τύπους
2721 410 2816 462 καὶ
2841 408 2939 468 τὰς
2970 407 3127 468 σκιὰς
3160 408 3235 471 ὡς
3258 411 3359 480 τῆς
3380 409 3639 478 ἀληθείας

393 494 776 557 tuerunt;pro
827 504 969 560 agno
1019 502 1200 550 autem
1259 497 1312 550 in
1366 500 1573 554 sanctis
1628 501 1962 572 imaginibus

391 578 568 646 ipsum
604 578 885 636 Dominum
909 592 963 638 et
995 586 1161 642 Deum
1198 598 1444 644 nostrum
1472 591 1655 648 Jesum
1684 595 1960 650 Christum

396 667 632 721 humana
664 669 836 727 forma
869 671 1125 730 describi.
1159 677 1215 731 Si
1252 679 1367 733 haec
1397 693 1576 734 autem
1625 684 1696 737 ita
1749 698 1808 736 se
1867 685 1963 738 ha-

392 759 575 824 beant,
604 776 697 817 eos
722 765 860 819 male
889 765 1067 829 facere
1129 770 1402 835 arbitror,
1460 776 1553 842 qui
1615 776 1667 829 in
1728 778 1959 831 ecclesia

390 851 676 906 columbas
705 857 961 911 emittunt
992 874 1088 927 pro
1146 864 1318 915 sancti
1375 864 1612 933 Spiritus
1674 870 1908 923 adventu
1945 887 1958 922 :

389 955 441 994 et
472 944 562 1011 qui
599 960 696 1012 pro
724 946 811 1001 illa
848 951 1028 1016 Stella,
1066 968 1186 1022 qua:
1236 971 1378 1010 novo
1426 959 1586 1013 modo
1641 969 1966 1029 apparuerat

390 1042 446 1086 et
487 1043 606 1088 erat
647 1037 1005 1107 admirabilis,
1058 1060 1248 1111 cereos
1275 1047 1581 1101 accendunt
1619 1058 1715 1103 :et
1749 1051 1842 1118 qui
1882 1050 1967 1102 in-

389 1123 658 1183 effabilem
690 1141 745 1185 et
779 1133 1074 1189 salutarem
1107 1137 1323 1192 Domini
1356 1150 1409 1193 et
1442 1139 1534 1195 Dei
1565 1151 1619 1197 et
1658 1142 1965 1198 Servatoris

389 1220 561 1275 nostri
592 1221 719 1276 Jesu
753 1225 953 1280 Christi
1007 1232 1411 1297 generationem
1474 1248 1644 1302 puero
1702 1243 1759 1289 et
1808 1235 1964 1291 thoro

390 1320 563 1364 strato
585 1318 919 1385 exprimunt,
948 1326 1001 1372 et
1030 1335 1154 1389 quae
1185 1331 1308 1377 sunt
1359 1337 1523 1393 supra
1589 1325 1854 1380 rationem
1905 1334 1962 1379 et

393 1403 592 1457 mentis
626 1404 1012 1474 cogitationem
1042 1410 1299 1465 humanis
1329 1412 1526 1467 studiis
1568 1411 1907 1467 describunt.

2069 503 2340 573 σύμϐολα,
2397 500 2804 572 προτιμώμεθα
2836 502 2892 556 δὲ
2950 503 3048 573 τὴν
3085 504 3363 573 ἀλήθειαν.
3407 504 3497 555 Διὸ
3544 507 3641 557 κοιλ⁸

2068 592 2275 664 ὥρισαν
2315 595 2379 646 τὰ
2418 594 2516 661 μὲν
2545 591 2640 646 τοῦ
2670 591 2844 646 τύπου
2901 593 3161 664 σχολάσαι
3181 608 3196 622 ⁸
3224 595 3347 646 ἀντὶ
3372 591 3428 646 δὲ
3457 594 3635 663 ἀμνοῦ

2068 686 2124 736 ὲν
2148 688 2271 746 ταῖς
2304 686 2487 752 ἁγίαις
2521 685 2729 737 εἰκόσιν
2755 683 3186 753 ἀναστηλοῦσθαι
3210 685 3373 737 αὐτὸν
3401 684 3492 737 τὸν
3524 685 3640 737 Κύ-

2069 792 2188 845 ριον
2233 775 2393 845 ήμῶν
2443 775 2660 845 Ἰησοῦν
2691 776 2927 845 Χριστὸν
2962 781 3054 831 καὶ
3089 778 3223 830 Θεὸν
3278 777 3461 845 ἡμῶν.
3497 779 3639 831 κατά

2068 867 2160 919 τὸν
2216 866 2556 936 ἀνθρώπινον
2612 868 2962 939 χαρακτῆρα.
3024 870 3083 922 ΕΞ
3134 868 3189 921 δὲ
3242 867 3417 922 ταῦτα
3465 867 3640 931 οὕτως

2069 956 2279 1026 ἔχουσι,
2313 958 2523 1028 νομίζω
2555 960 2635 1012 ὅτι
2664 959 2851 1022 κακῶς
2886 961 3134 1013 ποιοῦσιν
3158 961 3204 1013 oi
3235 959 3321 1012 ἐπ’
3347 960 3639 1027 ἐκκλησίας

2073 1055 2407 1124 περιστερὰς
2460 1052 2784 1115 ἀπολύοντες
2819 1054 2939 1105 ἀντὶ
2991 1054 3304 1122 Πνεύματος
3333 1054 3487 1119 ἁγίου
3518 1054 3640 1103 ἐπε-

2068 1144 2131 1212 δη
2143 1143 2292 1211 μίας,
2329 1146 2423 1195 καὶ
2446 1144 2568 1197 ἀντὶ
2592 1145 2688 1198 τοῦ
2718 1146 2943 1215 ἀστέρος
2970 1144 3179 1198 ἐκείνου
3204 1143 3299 1197 τοῦ
3332 1142 3643 1213 ὑπερφυοῦς

2072 1235 2168 1286 καὶ
2198 1234 2561 1304 καινοφανοῦς
2593 1237 2764 1307 κηρὸν
2798 1238 3135 1299 ἀνάπτοντες
3157 1252 3172 1266 θ
3206 1237 3297 1290 καὶ
3327 1236 3427 1305 τὴν
3471 1236 3646 1305 ἀπόρο

2072 1327 2234 1395 ρητον
2265 1327 2359 1377 καὶ
2380 1327 2648 1397 σωτήριον
2675 1331 2732 1380 ὲν
2765 1327 3017 1399 σπηλαίῳ
3039 1327 3294 1396 γέννησιν
3323 1326 3417 1379 τοῦ
3442 1325 3643 1394 Κυρίου

2068 1417 2163 1469 καὶ
2180 1416 2313 1469 Θεοῦ
2345 1418 2438 1471 καὶ
2461 1419 2716 1489 Σωτῆρος
2747 1420 2907 1489 ἡμῶν
2928 1419 3107 1490 Ἰησοῦ
3144 1418 3381 1490 Χριστοῦ
3404 1418 3494 1471 διὰ
3516 1434 3646 1470 παι-

389 1492 481 1557 δὸς
534 1497 627 1549 καὶ
682 1503 973 1572 στρωμνῆς
1007 1505 1430 1572 ύποτυποῦντες,
1466 1510 1560 1562 καὶ
1601 1511 1669 1561 τὰ
1702 1508 1844 1580 ὑπὲρ
1875 1508 2034 1577 λόγον
2066 1513 2160 1565 καὶ
2231 1513 2443 1569 ἔννοιαν
2499 1514 2863 1586 ἀνθρωπίνοις
2937 1515 3332 1585 ἐπιτηδεύμασι
3417 1512 3646 1583 διαγρά-

389 1605 603 1659 φοντες.

463 1689 625 1762 253
645 1691 897 1750 ZONAR.
920 1698 1022 1764 Qui
1052 1701 1120 1754 ab
1145 1702 1385 1755 Hebraeis
1410 1717 1581 1771 agnus
1609 1704 1754 1758 Mose
1776 1704 1962 1773 praeci-

2139 1699 2385 1753 ΖΩΝΑΡ.
2428 1697 2489 1750 '0
2526 1698 2642 1759 τοῖς
2684 1695 3147 1768 Ἐσραίοις·παρά
3177 1693 3422 1757 Μωσέως
3456 1693 3647 1747 ὲνταλο

391 1782 576 1851 piente
602 1787 915 1843 immolatus
938 1799 1041 1857 est,
1062 1791 1219 1859 cujus
1240 1795 1503 1863 sanguine
1525 1794 1840 1865 consignata
1871 1795 1962 1848 do-

2071 1793 2188 1856 θεὶς
2217 1790 2623 1860 σφαγιασθῆναι
2644 1789 2837 1858 ἀμνὸς,
2863 1784 2925 1843 οῦ
2952 1789 3030 1859 τῷ
3058 1788 3252 1856 αἵματι
3283 1788 3338 1839 αἱ
3364 1785 3516 1854 φλιαὶ
3538 1786 3649 1838 τῶν

392 1887 601 1927 morum
622 1875 806 1931 limina
828 1882 1308 1952 primogenitorum
1331 1885 1665 1941 interfectori
1692 1889 1966 1941 inaccessa

391 1964 566 2032 fuere,
592 1968 643 2021 in
675 1967 873 2023 Christi
907 1971 1038 2027 Jesu
1075 1975 1285 2029 Domini
1317 1979 1489 2031 nostri
1524 1988 1708 2049 typum
1740 1994 1802 2031 ac
1832 1979 1966 2030 ima-

392 2057 571 2124 ginem
597 2060 885 2118 referebat.
913 2063 1260 2135 Quapropter
1282 2079 1333 2123 ct
1358 2067 1621 2139 Baptista,
1654 2087 1778 2124 cum
1806 2070 1967 2125 Chri-

393 2161 539 2205 stum
590 2156 790 2223 populo
842 2158 1130 2224 indicaret,
1177 2160 1333 2228 Ecce,
1372 2164 1571 2233 inquit,
1620 2165 1805 2235 Agnus
1845 2164 1958 2227 Dei,

391 2244 487 2314 qui
530 2246 672 2300 tollit
707 2260 990 2318 peccatum
1026 2253 1234 2309 mundi.
1266 2253 1505 2311 Proinde
1545 2257 1598 2310 in
1638 2256 1965 2324 imaginibus

390 2352 610 2409 quoque
636 2356 832 2411 agnus,
853 2357 975 2399 cum
1002 2344 1353 2403 Praecursore
1381 2348 1532 2403 illum
1562 2351 1773 2403 intento
1795 2348 1962 2417 digito

392 2440 761 2498 monstrante,
792 2436 1173 2504 'ellingebatur.
1210 2438 1363 2505 Quod
1397 2440 1615 2509 quidem
1657 2439 1770 2494 haec
1799 2454 1965 2509 syno-

391 2519 494 2575 dus
524 2522 639 2576 iieri
678 2533 846 2589 vetat,
875 2527 1078 2596 ﬁguras
1104 2528 1319 2593 dicens,
1354 2537 1408 2582 et
1441 2530 1687 2591 umbras,
1722 2536 1781 2582 ut
1807 2531 1962 2598 signa

391 2612 640 2666 veritatis
689 2614 1023 2686 iudiciaque,
1074 2633 1440 2686 veneramur;
1487 2621 1581 2675 sed
1631 2621 1863 2689 gratiam
1909 2629 1964 2673 et

388 2701 683 2759 veritatem
722 2706 901 2778 -longe
932 2709 1109 2778 pluris
1142 2709 1387 2764 facienda
1422 2726 1545 2767 esse
1588 2711 1903 2780 judii-amus
1945 2728 1961 2765 :

392 2809 459 2847 ac
496 2810 565 2849 ne
601 2794 652 2849 in
681 2808 959 2866 posterum
1003 2801 1071 2865 is,
1107 2801 1199 2872 qui
1249 2809 1531 2871 peccatum
1568 2802 1755 2858 mundi
1799 2803 1961 2867 tollit,

393 2886 518 2953 agni
562 2889 743 2956 specie
779 2890 832 2943 in
880 2892 1209 2961 imaginibus
1260 2895 1535 2966 pingatur,
1578 2895 1674 2950 sed
1723 2900 1963 2949 humano

393 2975 582 3031 habitu
614 2994 678 3033 ac
711 2980 881 3051 ﬁgura
906 2986 1269 3054 exprimatur,
1299 2986 1643 3041 decernimus
1669 3003 1685 3052 ;
1711 2995 1769 3041 ut
1802 2987 1951 3051 hinc,

2067 1886 2232 1939 οἴκων
2266 1882 2445 1936 αὐτῶν
2474 1880 2784 1952 χρισθεῖσαι
2810 1880 2999 1934 ἀὸατοι
3035 1881 3110 1948 τῷ
3141 1878 3252 1931 τῶν
3280 1877 3646 1947 πρωτοτόκων

2066 1972 2207 2047 ἦσαν
2243 1975 2560 2044 ὀλοθρευτῇ,
2596 1975 2685 2026 τὸν
2724 1975 2932 2044 Κύριον
2977 1973 3136 2043 ἡμῶν
3169 1969 3377 2039 Ἰησοῦν
3412 1970 3647 2039 Χριστὸν

2070 2069 2385 2139 προετύπου
2415 2068 2510 2119 καὶ
2541 2065 2937 2136 προεικόνιζεν.
2972 2064 3137 2116 Ὅθεν
3166 2064 3262 2116 καὶ
3286 2065 3312 2116 6
3335 2062 3650 2123 Βαπτιστὴς

2065 2153 2327 2207 δεικνύων
2386 2157 2499 2216 τοῖς
2533 2154 2681 2216 λαοῖς
2710 2152 2799 2207 τὸν
2848 2151 3102 2221 Χριστὸν,
3141 2150 3247 2203 Ἴδε
3283 2152 3309 2202 6
3354 2148 3525 2218 ἀμνὸς
3552 2147 3647 2201 τοῦ

2064 2244 2225 2310 Θεοῦ,
2283 2244 2414 2316 ἔφη,
2466 2248 2493 2297 6
2544 2244 2715 2315 αἴρων
2776 2244 2878 2313 τὴν
2932 2242 3211 2313 ἁμαρτίαν
3267 2239 3361 2293 τοῦ
3417 2240 3645 2307 κόσμου.

2076 2336 2380 2408 Ἐγράφετο
2434 2336 2530 2390 οῦν
2573 2339 2631 2389 έν
2670 2337 2878 2391 εἰκόσιν
2910 2336 3102 2405 ἀμνὸς,
3150 2335 3244 2387 καὶ
3272 2336 3300 2386 6
3335 2332 3649 2401 Πρόδρομος

2062 2427 2141 2495 τῷ
2163 2426 2414 2496 δακτύλῳ
2437 2427 2706 2481 δεικνύων
2736 2426 2922 2481 αὐτόν.
2952 2426 3121 2478 Τοῦτο
3143 2424 3199 2476 δὲ
3239 2423 3313 2493 μὴ
3340 2423 3586 2490 γίνεσθαι
3609 2422 3641 2489 ἡ

2065 2519 2282 2582 σύνοδος
2308 2510 2449 2587 αὕτη
2482 2520 2826 2588 θεσμοθετεῖ,
2863 2518 3100 2584 λέγουσα
3136 2518 3216 2568 ὅτι
3268 2515 3391 2578 τοὺς
3426 2515 3522 2583 μὲν
3548 2516 3647 2565 τύ-

2064 2630 2197 2676 πους
2231 2614 2326 2666 καὶ
2365 2613 2469 2673 τὰς
2497 2612 2657 2673 σκιὰς
2685 2610 2935 2681 τιμῶμεν
2985 2611 3061 2672 ὼς
3093 2607 3339 2678 σύμϐολα
3391 2608 3490 2675 τῆς
3520 2605 3651 2674 ἀλη-

2064 2700 2214 2765 θείας
2245 2704 2343 2755 καὶ
2370 2702 2836 2772 προχαράγματα,
2871 2700 3233 2771 προτιμῶμεν
3258 2700 3315 2753 δὲ
3343 2698 3443 2770 τὴν
3484 2698 3645 2769 χάριν

2063 2793 2160 2847 καὶ
2185 2793 2283 2863 τὴν
2312 2793 2573 2862 ἀλήθειαν
2606 2794 2718 2861 (95)
2743 2809 2757 2823 ·
2788 2794 2879 2845 καὶ
2912 2791 3173 2862 ὁρίζομεν
3200 2793 3399 2863 μηκέτι
3430 2792 3488 2842 ὲν
3515 2789 3646 2841 εῖδει

2063 2888 2242 2955 ἀμνοῦ
2272 2888 2581 2957 γράφεσθαι
2610 2888 2701 2942 τὸν
2731 2886 2956 2958 αἴροντα
2991 2887 3091 2958 τὴν
3125 2884 3527 2958 ἀμαρτίαν,τοῦ
3551 2883 3646 2935 κό-

2069 2994 2233 3047 σμου,
2254 2979 2391 3033 ἀλλά
2421 2980 2564 3033 κατά
2587 2981 2677 3032 τὸν
2696 2979 3034 3049 ἀνθρώπινον
3058 2978 3384 3050 χαρακτῆρα
3408 2978 3651 3053 ἀναστηέ

392 3084 517 3139 quae
546 3080 731 3125 nostra
756 3088 920 3130 causa
952 3074 1110 3130 Verbi
1138 3076 1229 3132 Dei
1253 3078 1487 3148 ahjectio
1510 3078 1962 3149 demissionisque

2069 3070 2293 3125 λοῦσθαι
2322 3071 2486 3126 αὐτὸν
2509 3074 2567 3125 ὲν
2591 3071 2800 3126 εἰκόσιν
2820 3088 2833 3103 ·
2883 3073 2953 3125 ἶν’
2975 3070 3117 3125 οὕτω
3144 3072 3500 3137 κατανοῶμεν
3536 3066 3636 3136 τὴν

394 3161 740 3219 immensitas
782 3166 964 3231 fuerit,
1002 3168 1413 3239 intelligamus,
1451 3171 1681 3240 ejusque
1710 3171 1762 3225 in
1797 3186 1964 3223 carne

396 3257 855 3320 conversationis.
887 3270 941 3314 et
978 3263 1253 3329 passionis
1293 3277 1357 3316 ac
1403 3264 1594 3318 mortis
1620 3278 1838 3333 quoque
1872 3276 1964 3315 sa-

393 3345 613 3409 lutaris,
664 3356 716 3401 et
782 3366 1125 3421 quaecunque
1173 3354 1391 3409 demum
1446 3355 1499 3408 in
1558 3371 1656 3410 nos
1714 3354 1961 3420 contulit,

396 3438 810 3504 beneﬁciorum,
837 3448 1152 3497 memoriam
1185 3454 1445 3516 perpetuo
1476 3460 1887 3502 conservemus.

396 3616 622 3672 ARIST.
664 3639 681 3671 ι
718 3618 835 3675 Non
871 3620 1132 3692 depinges
1164 3637 1363 3692 agnum
1396 3624 1450 3677 in
1484 3632 1664 3692 typum
1699 3621 1904 3677 Christi
1946 3639 1959 3673 :

864 3731 883 3765 ι
924 3716 1016 3767 sed
1050 3715 1202 3767 illum
1240 3716 1438 3784 ipsum.
1486 3735 1506 3766 ι

467 3806 655 3875 Agnus
697 3805 750 3859 in
791 3808 900 3860 veri
932 3807 1138 3861 Christi
1183 3808 1274 3861 Dei
1308 3808 1481 3885 npstri
1517 3816 1699 3878 typum
1747 3820 1962 3862 assum-

396 3907 525 3963 ptus
553 3896 675 3950 fuit.
705 3896 769 3951 Et
794 3913 903 3953 non
931 3908 1145 3966 oportet
1172 3907 1358 3969 typum
1382 3901 1598 3955 veritati
1622 3914 1961 3969 praeponere,

398 3996 454 4042 ct
481 4003 682 4059 agnum
721 3992 772 4045 in
796 3992 1203 4048 venerabilibus
1239 3993 1568 4064 imaginibus
1596 3993 1963 4049 Praecursoris

399 4079 571 4148 digito
596 4089 960 4137 monstratum
988 4084 1287 4154 depingere
1312 4101 1325 4139 :
1356 4084 1452 4139 sed
1478 4087 1653 4154 ipsum
1683 4085 1959 4143 Christum

400 4180 456 4224 et
479 4170 646 4227 Deum
671 4180 918 4229 nostrum
943 4177 1106 4230 etiam
1133 4177 1409 4233 coloribus
1435 4174 1767 4235 delineatum
1791 4177 1961 4232 forma

399 4267 639 4330 humana
674 4269 998 4336 exprimere.

907 4450 1135 4506 CANON
1179 4449 1456 4506 LXXXIII.

408 4558 428 4595 ι
465 4538 638 4594 Nemo
664 4550 1001 4599 mortuorum
1034 4544 1361 4613 corporibus
1392 4542 1784 4597 Eucharistiam
1816 4556 1966 4597 COII-

476 4650 497 4682 ‹
536 4630 791 4686 municet.
820 4634 1120 4704 -Scriptum
1171 4646 1256 4689 est
1299 4633 1465 4696 enim,
1512 4632 1765 4702 Accipite,
1801 4647 1968 4686 come-

478 4739 497 4773 ι
537 4722 741 4805 dite
786 4723 1123 4781 Morinorum
1160 4732 1342 4778 autem
1391 4737 1621 4792 corpora
1676 4738 1776 4779 nec
1822 4724 1965 4779 acci-

480 4832 500 4865 4
542 4830 667 4884 pere
692 4826 943 4887 possunt,
978 4833 1080 4873 nec
1114 4815 1422 4871 comedere.
1465 4834 1486 4867 ι

474 4898 669 4963 BALS.
710 4907 972 4966 Dominus
1004 4918 1058 4965 et
1090 4908 1235 4962 Deus
1270 4919 1454 4964 noster
1491 4907 1651 4963 .Iesus
1684 4908 1958 4973 Christus,

405 5013 531 5056 cum
572 5016 677 5054 una
723 5017 847 5057 cum
894 5003 1012 5057 suis
1059 5000 1346 5070 discipulis
1377 5016 1607 5057 caeneus
1635 5002 1717 5058 eis
1766 5017 1959 5070 panem

407 5092 761 5161 impertiisset
794 5134 809 5158 ,
858 5093 997 5149 dixit
1043 5110 1057 5147 :
1096 5093 1316 5163 Accipe,
1382 5094 1683 5157 comedim;
1738 5093 1833 5147 hoc
1886 5105 1962 5147 est

477 5274 520 5303 “
544 5271 737 5331 Matth.
764 5283 908 5330 xxvi,
936 5266 1025 5320 26.

2072 3163 2479 3231 συγκατάὁασιν
2503 3162 2595 3215 τοῦ
2622 3162 2759 3215 Θεοῦ
2782 3162 2978 3230 Λόγου,
3010 3164 3105 3215 καὶ
3133 3161 3193 3213 τὸ
3215 3161 3317 3230 τῆς
3340 3156 3502 3213 αὐτοῦ
3549 3173 3647 3207 τα-

2071 3254 2384 3318 πεινώσεως
2408 3256 2667 3326 ἄμετρον,
2689 3255 2782 3307 καὶ
2816 3254 3250 3324 μνημονεύωμεν
3277 3252 3373 3321 τῆς
3398 3252 3455 3302 έν
3478 3248 3647 3319 σαρκὶ

2070 3348 2417 3417 ἀναστροφῆς
2449 3346 2637 3404 αὑτοῦ.
2672 3347 2769 3399 καὶ
2805 3345 2899 3399 τοῦ
2934 3347 3141 3408 πάθους
3191 3344 3289 3396 καὶ
3326 3341 3419 3394 τοῦ
3473 3357 3648 3410 σωτη-

2073 3439 2189 3510 ρίου
2211 3440 2460 3504 θανάτου,
2497 3439 2590 3492 καὶ
2615 3440 2755 3492 ὅσων
2791 3437 3118 3505 εὐεργεσιῶν
3152 3436 3415 3505 ἐτύχομεν
3443 3432 3510 3486 δι’
3543 3433 3646 3486 αῦ-

2068 3550 2185 3587 του.

2070 3625 2290 3679 ΑΡΙΣΤ.
2331 3643 2347 3672 ‹
2380 3624 2468 3674 ⁸υύ
2520 3619 2778 3692 χαράξεις
2825 3623 3001 3690 ἀμνὸν
3052 3622 3133 3682 είς
3181 3616 3349 3670 τύπον
3379 3616 3639 3687 Χριστοῦ,

2522 3732 2540 3765 ι
2582 3712 2696 3766 ἀλλ’
2724 3714 2932 3765 ἐκεῖνον
2962 3713 3143 3764 αὐτόν.
3187 3732 3205 3764 ι
3332 3756 3339 3761 .

2152 3807 2211 3861 Ὀ
2239 3806 2411 3875 ἀμνὸς
2438 3807 2517 3867 εἰς
2540 3804 2713 3856 τύπον
2740 3803 3066 3873 παρελήφθη
3098 3804 3191 3857 τοῦ
3222 3800 3480 3874 ἀληθινοῦ
3505 3802 3642 3872 Χρι-

2072 3895 2200 3949 στοῦ
2229 3896 2325 3949 τοῦ
2353 3895 2488 3950 Θεοῦ
2515 3895 2693 3964 ἡμῶν.
2745 3895 2857 3947 Καὶ
2887 3894 2946 3947 οὐ
2971 3894 3077 3964 χρὴ
3109 3894 3201 3946 τὸν
3249 3894 3421 3948 τύπον
3450 3910 3641 3963 προτι-

2075 3990 2281 4058 μᾶσθαι
2313 3990 2413 4056 τῆς
2447 3984 2863 4054 ἀληθείας,-καὶ
2922 3983 3094 4053 ἀμνὸν
3152 3985 3209 4036 έν
3241 3985 3364 4046 ταῖς
3415 3984 3640 4044 σεπταῖς

2072 4082 2275 4134 εἰκόσιν
2304 4078 2630 4149 ἐγγράφειν,
2655 4074 2731 4145 τῷ
2764 4074 3041 4142 δακτύλῳ·
3068 4074 3162 4128 τοῦ
3190 4074 3506 4144 Προδρόμου
3527 4074 3640 4125 δειο

2071 4174 2336 4243 κνύμενον
2360 4191 2378 4207 ·
2408 4171 2525 4226 ἀλλ’
2555 4169 2719 4224 αὑτὸν
2742 4168 2835 4221 τὸν
2859 4170 3096 4237 Χριστὸν
3151 4168 3246 4221 καὶ
3298 4166 3430 4220 Θεὸν
3456 4165 3637 4235 ἡμῶν,

2073 4269 2166 4320 καλ¹
2207 4250 2265 4319 ἓν
2319 4267 2441 4327 ταῖς
2478 4262 2963 4333 χρωματουργίαις
3020 4260 3161 4315 κατὰ
3200 4258 3261 4313 τὸ
3297 4258 3639 4330 ἀνθρώπινον

2072 4360 2448 4429 ἐγχαράττειν.

2658 4446 2891 4499 ΚΑΝΩΝ
2922 4445 3044 4499 IlI".

2075 4563 2094 4596 ι
2134 4544 2337 4614 Μηδεὶς
2361 4544 2476 4605 τοῖς
2501 4542 2715 4611 σώμασι
2749 4538 2857 4592 τῶν
2872 4538 3322 4610 ’τελευτησάντων
3346 4537 3444 4605 τῆς
3470 4536 3634 4605 εὐχα-

2146 4655 2166 4687 ι
2209 4636 2421 4706 ριστίας
2476 4632 2818 4703 μεταδιδότω.
2856 4632 3166 4701 Γέγραπται
3212 4630 3318 4698 γάρ
3355 4628 3635 4692 ’Διὶὸετε,

2149 4749 2167 4780 ι
2201 4728 2419 4797 φάγετε
2440 4744 2454 4757 ο
2479 4728 2547 4779 τὰ
2573 4726 2631 4778 δὲ
2659 4726 2766 4776 τῶν
2796 4724 3005 4792 νεκρῶν
3055 4721 3281 4790 σώματα
3305 4720 3427 4772 οὐδὲ
3455 4718 3639 4771 λαϐεῖν

2147 4840 2165 4872 ι
2201 4819 2444 4882 δύναται,
2474 4817 2597 4870 οὐδὲ
2623 4817 2841 4883 φαγεῖν.
2874 4834 2891 4864 ι
3578 4860 3592 4868 _

2138 4908 2426 4977 ΒΑΛΣ.ΓΟ
2456 4908 2656 4975 Κύριος
2684 4906 2780 4958 καὶ
2802 4906 3106 4976 Θεὸςήμῶν
3143 4902 3346 4974 Ἰησοῦς
3379 4900 3636 4969 Χριστὸς,

2070 5003 2366 5072 δειπνήσας
2398 4998 2659 5069 μετὰτῶν
2688 4997 2905 5051 οἰκείων
2930 4996 3209 5067 μαθητῶν,
3230 4995 3323 5048 καὶ
3352 4992 3446 5045 τοῦ
3471 4993 3637 5061 ἀρτου

2076 5094 2285 5155 τούτοις
2305 5090 2643 5162 μεταδιδοὺς,
2679 5088 2919 5154 Λάϐετε,
2951 5088 3189 5157 φάγετε,
3220 5086 3422 5155 ἔφησε·
3480 5080 3635 5135 τοῦτό

1583 5382 1771 5443 Guill.
1808 5381 2136 5458 Bevcregii
2184 5388 2371 5440 nota}.

480 5512 591 5577 (93)
620 5510 741 5575 Τὴν·
765 5509 940 5577 χάριν
964 5510 1062 5562 καὶ
1086 5510 1203 5576 τὴν
1227 5509 1534 5576 ἀλήθειαν.
1567 5511 1621 5563 1η
1650 5510 1864 5562 Henrici
1899 5508 1964 5561 II.

407 5598 454 5634 et
489 5580 733 5637 Gallamli
772 5583 818 5632 J.
869 5579 931 5634 C.
977 5580 1258 5635 codicibus
1296 5579 1448 5634 locus
1490 5579 1575 5633 hic
1615 5580 1695 5634 sic
1729 5580 1961 5646 legitur-

2071 5510 2166 5560 καὶ
2212 5506 2541 5574 δηλούμενα,
2571 5505 2677 5561 Sed
2716 5505 2943 5575 gratiam
2974 5511 3023 5555 et
3066 5501 3493 5575 ueritatem,_hoc
3536 5509 3634 5563 est,

2074 5593 2154 5629 res
2194 5577 2358 5643 ipsas.
2383 5571 2531 5646 iqure’
2559 5571 2734 5645 signis
2768 5575 3134 5646 expijinttmtur
3177 5582 3254 5646 et‘
3270 5571 3634 5646 declarantur,

408 5651 772 5740 Προτιμρμεν
794 5649 848 5701 δὲ
882 5651 978 5719 τὴν
1005 5649 1182 5740 χύξριινὶ
1200 5650 1291 5729 καὶ.
1337 5651 1434 5717 τὴν
1468 5648 1728 5740 ἀλήθειαν
1750 5688 1764 5711 ,
1782 5639 1962 5731 ’ῇγουν

2076 5639 2226 5740 ίρηᾳὲ
2248 5639 2429 5740 ιμίιιῖξέί
2455 5639 2696 5740 facienda
2728 5639 2842 5740 esse
2873 5644 3187 5740 iudicatura.
3369 5642 3417 5691 in
3449 5639 3636 5696 cudit‘e

410 5719 547 5785 αύτά
576 5723 641 5773 τὰ
670 5722 988 5797 πράγματα,
1017 5719 1084 5773 τὰ
1108 5720 1196 5773 διά
1220 5720 1324 5771 τῶν
1355 5719 1635 5787 συμϐόλων
1656 5719 1970 5796 τυπούμενα

2078 5712 2508 5781 Αιηότὺοώίιιήο
2541 5720 2838 5778 Ιοειυενοει,
2879 5723 2937 5767 ut
2967 5732 3002 5767 ιι
3034 5714 3190 5768 nobis
3215 5712 3421 5775 editus".
