4062 6442
507 320 609 381 793

1474 339 1553 397 IN
1591 339 1754 400 CAN.
1794 342 2084 405 LXXXIV
2112 345 2317 408 CONC.
2355 349 2436 408 IN
2473 333 2792 413 TRULLO.

3631 350 3732 412 794

503 430 636 485 ἐστι
653 436 719 537 τὸ
733 436 904 505 σῶμά
919 458 1037 508 μου
1058 443 1126 495 τὸ
1144 443 1297 509 ὑπὲρ
1324 444 1490 513 ὑμῶν
1508 448 1813 513 γελώμενον
1834 465 1919 514 εις
1938 449 2051 517 agas

2186 466 2376 522 corpus
2404 473 2571 509 meum
2597 495 2612 518 ,
2643 458 2781 523 quod
2815 473 2909 527 pro
2944 456 3083 511 vobis
3119 459 3385 537 frangitur
3413 472 3507 525 pro
3546 459 3701 510 remis
3721 483 3732 492 -

505 536 611 575 σιν
654 526 979 595 ἀμαρτιῶν’
1017 533 1199 598 καθὼς
1233 536 1391 590 τοῦτο
1420 539 1478 588 ὲν
1494 537 1847 606 Εὑαγγελίοις
1864 541 2069 611 γέγρα-

506 633 658 672 πται.
687 620 905 675 Είθιστο
940 626 1072 693 γοῦν
1097 627 1203 696 πρὸ
1232 630 1331 694 τῆς
1380 630 1597 684 συνόδου
1652 631 1857 702 ταύτης
1915 633 2067 703 παρά

504 725 617 761 τισι
656 713 993 777 μεταδιδόναι
1022 718 1130 785 τῶν
1167 720 1325 774 θείων
1358 720 1713 791 ἀγιασμάτων
1732 725 1929 793 (ταῦτα
1956 725 2066 798 γάρ

506 801 869 872 Εὐχαριστίαν
896 811 944 862 οἱ
976 810 1214 880 Πατέρες
1248 812 1559 883 ὠνόμασαν)
1593 814 1809 883 σώμασι
1830 820 2065 887 νεκροῖς.

508 894 679 947 Τοῦτο
704 892 795 949 οὖν
825 901 1124 961 κωλύοντες
1154 906 1201 956 οἱ
1229 905 1489 975 Πατέρες,
1526 906 1846 977 διωρίσαντο
1872 910 2066 979 μηκέτι

504 986 743 1040 τοιοῦτόν
786 1007 835 1043 τι
889 993 1156 1059 γίνεσθαι.
1202 996 1346 1059 Ὅτι,
1382 1001 1536 1064 φασὶ,
1569 997 1874 1067 γέγραπται
1898 1017 1913 1032 ·
1950 1001 2066 1056 Λάι

505 1077 659 1141 ϐετε,
687 1078 937 1149 φάγετεο
967 1084 1036 1136 τὰ
1059 1084 1114 1136 δὲ
1150 1084 1374 1154 σώματα
1424 1088 1532 1140 τῶν
1572 1090 1781 1159 νεκρῶν
1817 1092 1940 1144 οὕτε
1974 1092 2067 1146 λα-

505 1168 617 1221 ϐεῖν
646 1169 771 1223 οὔτε
805 1179 998 1243 φαγεῖν
1024 1176 1297 1232 δύνανται.
1372 1178 1709 1247 Ἀνάγνωσον
1763 1182 1856 1235 καὶ
1882 1182 1973 1237 τὸν
1995 1183 2065 1251 ιη’

501 1262 705 1318 κανόνα
729 1265 832 1334 τῆς
851 1269 909 1319 ὲν
938 1269 1262 1343 Καρθαγένῃ
1294 1272 1535 1326 συνόδου.
1570 1275 1644 1327 Τὸ
1675 1274 1857 1344 μέντοι
1888 1278 2062 1346 χειρί-

501 1357 689 1419 ζεσθαι
717 1362 829 1422 τοῖς
854 1363 1171 1434 ἀρχιερεῦσι
1200 1365 1336 1434 μετά
1381 1366 1640 1438 τελευτὴν
1684 1368 1841 1435 ἅγιον
1876 1370 2062 1441 ἄρτον,

500 1450 598 1502 καὶ
622 1449 794 1513 οὕτως
819 1455 1258 1522 ὲνταφιάζεσθαι,
1308 1458 1511 1526 νομίζω
1540 1459 1780 1526 γίνεσθαι
1820 1461 1901 1524 είς
1930 1464 2064 1517 ἀπο-

498 1544 708 1612 τροπὴν
733 1543 842 1597 τῶν
871 1546 1187 1613 δαιμονίων,
1235 1550 1330 1603 καὶ
1358 1551 1444 1603 ἵνα
1476 1551 1545 1605 δι’
1582 1552 1744 1606 αὐτοῦ
1771 1553 2061 1624 ὲφοδιάζη-

497 1651 587 1688 ται
612 1637 750 1706 πρὸς
795 1639 1023 1708 οὐρανὸν
1093 1644 1121 1695 ό
1164 1642 1259 1695 τοῦ
1302 1644 1538 1714 μεγάλου
1566 1648 1661 1700 καὶ
1701 1646 2059 1702 ἀποστολικοῦ

506 1728 866 1793 καταξιωθεὶς
896 1732 1342 1803 ἐπαγγέλματος.

2170 545 2368 601 sionem
2425 554 2793 615 peccatorum,
2839 551 2981 604 sicut
3058 550 3160 604 hoc
3212 550 3470 619 scriptum
3530 557 3613 602 est
3678 548 3730 600 iu

2170 636 2495 706 Evangeliis.
2542 626 2681 694 Ante
2737 640 2879 694 hanc
2934 654 3061 708 ergo
3114 639 3378 710 synodum
3442 652 3563 691 mos
3615 646 3734 691 erat

2169 726 2445 782 nonnullis
2490 725 2671 781 divina
2706 736 3045 782 sacramenta
3090 729 3176 795 (ea
3209 729 3355 782 enim
3397 726 3586 781 Patres
3622 726 3731 780 Eu—

2169 815 2482 870 charistiam
2519 818 2893 887 nominavere)
2918 819 3243 888 corporibus
3270 820 3498 874 mortuis
3530 819 3732 888 imper—

2169 908 2295 962 tire.
2343 908 2532 964 Patres
2578 924 2709 973 ergo
2755 910 2859 963 hoc
2907 911 3020 964 ﬂeri
3056 910 3429 979 prohibentes,
3464 909 3568 965 tale
3598 909 3726 977 quid

2168 1013 2275 1051 non
2339 990 2573 1068 amplius
2634 1000 2943 1054 faciendum
3003 1000 3381 1054 decreverunt.
3436 999 3728 1065 Quoniam,

2166 1087 2443 1158 inquiunt,
2472 1089 2735 1158 scriptum
2752 1098 2856 1154 est,
2881 1090 3135 1159 Accipite,
3163 1091 3410 1145 comedite
3440 1106 3458 1143 :
3487 1100 3730 1144 mortuo-

2165 1196 2284 1235 rum
2331 1190 2509 1235 autem
2562 1196 2786 1251 corpora
2832 1198 2939 1255 non
3001 1192 3232 1252 possunt
3299 1184 3547 1251 accipere
3627 1197 3728 1235 nec

2165 1273 2469 1329 comedere.
2496 1273 2636 1342 Lege
2661 1282 2715 1328 et
2740 1274 2806 1328 18
2829 1289 2952 1329 can.
2985 1274 3172 1330 Carth.
3198 1290 3320 1345 syn.
3354 1274 3510 1340 Quod
3543 1284 3724 1328 autem

2165 1377 2388 1422 sanctus
2443 1366 2597 1433 panis
2642 1367 2980 1421 antistitibus
3014 1377 3138 1435 post
3182 1376 3409 1420 mortem
3452 1366 3723 1428 tradatur.

2163 1466 2219 1513 et
2248 1458 2331 1512 sic
2355 1457 2714 1525 sepeliantur,
2746 1457 3001 1513 existimo
3027 1458 3133 1513 hoc
3165 1458 3279 1511 fieri
3306 1459 3372 1513 ad
3404 1460 3724 1529 avertendos

2161 1551 2460 1617 daemonas,
2495 1562 2549 1605 et
2580 1560 2637 1605 ut
2669 1567 2764 1620 per
2798 1552 2998 1618 ipsum,
3032 1560 3287 1619 tanquam
3319 1550 3597 1615 viaticum,
3629 1549 3725 1603 de-

2162 1642 2392 1697 ducatur
2442 1642 2508 1695 ad
2545 1643 2764 1707 omium,
2796 1642 2888 1710 qui
2925 1655 3118 1710 magna
3158 1649 3211 1694 et
3259 1640 3563 1710 apostolica
3593 1655 3721 1712 pro-

2162 1730 2398 1786 fessione
2428 1731 2624 1801 dignus
2656 1742 2738 1787 est
2769 1730 3012 1786 habitus.

568 1820 811 1874 ΖΩΝΑΡ.
851 1798 1103 1893 Ἔθοςῆν
1128 1798 1353 1880 παλαιὸν
1396 1829 1767 1896 μεταδίδοσθαι
1815 1833 1929 1893 τοῖς
1975 1847 2057 1882 νε-

2232 1798 2772 1890 ΖΟΝΑῐὶίΑηιίίμιεε
2819 1820 3231 1875 consuetudinis
3275 1822 3369 1874 fuit
3419 1835 3621 1891 corpus
3668 1834 3721 1876 et

494 1915 646 1978 κροῖς
672 1913 887 1981 σώμασι
915 1916 1025 1969 τῶν
1051 1919 1491 1991 τελευτησάντων
1539 1923 1634 1976 τοῦ
1671 1924 1923 1993 σώματος
1965 1925 2059 1979 καὶ

493 2005 586 2056 τοῦ
648 2006 880 2075 αἵματος
931 2010 1023 2062 τοῦ
1060 2011 1289 2079 Κυρίου.
1352 2014 1523 2068 Τοῦτο
1578 2018 1685 2085 γὰρ
1742 2017 2058 2087 ὠνόμασται

493 2095 843 2166 Εὐχαριστία,
866 2098 947 2150 ὅτι
971 2098 1309 2169 εὐχαριστεῖν
1331 2105 1362 2174 ἡ
1372 2107 1476 2173 μᾶς
1499 2105 1603 2175 χρὴ
1628 2106 2061 2178 μεταλαμϐάνον-

493 2204 590 2249 τας
618 2189 841 2252 τούτων,
877 2191 952 2253 ὡς
972 2191 1302 2258 ἀξιωθέντας
1332 2197 1589 2252 τοιούτων
1616 2199 1857 2266 δωρεῶν.
1884 2199 2057 2254 Τοῦτο

492 2280 669 2332 τοίνυν
699 2281 944 2346 γίνεσθαι
969 2284 996 2335 ό
1018 2285 1195 2351 κανὼν
1220 2287 1594 2358 ἀπηγόρευσε,
1619 2289 1715 2343 καὶ
1746 2290 1844 2360 τὴν
1875 2291 2056 2345 αἰτίαν

492 2370 685 2437 ἐπάγει
712 2371 886 2439 λέγων
915 2374 997 2427 ὅτι
1026 2376 1054 2426 ό
1094 2375 1294 2447 Κύριος
1320 2379 1592 2448 διανέμων
1628 2381 1719 2435 τὸν
1748 2381 1912 2449 ἄρτον
1942 2388 2058 2446 τοῖς

494 2456 783 2530 μαθηταῖς,
807 2463 1048 2527 Λάϐετε,
1077 2466 1318 2534 φάγετε,
1349 2464 1474 2521 εἷπε
1493 2487 1507 2500 ·
1533 2471 1599 2523 τά
1631 2471 1689 2525 δὲ
1718 2474 2056 2540 νεκρωθέντα

492 2546 720 2618 σώματα
777 2550 901 2605 οὔτε
951 2553 1139 2607 λαϐεῖν
1187 2554 1309 2608 οὔτε
1346 2558 1543 2627 φαγεῖν
1589 2558 1829 2615 δύναται,
1892 2562 1997 2614 Καὶ
2028 2565 2056 2616 ό

489 2641 956 2708 ὀκτωκαιδέκατος
1008 2648 1186 2701 κανὼν
1243 2651 1339 2717 τῆς
1372 2651 1429 2702 ὲν
1458 2630 1806 2724 Καρθαγένη
1833 2655 2053 2708 συνόδου

488 2736 595 2804 πρὸ
631 2735 730 2806 τῆς
766 2737 986 2792 συνόδου
1008 2738 1206 2806 ταύτης
1230 2742 1574 2812 ἀπηγόρευσε
1612 2745 1672 2797 τὸ
1697 2745 1796 2814 τῆς
1820 2746 2054 2819 Εὑχαρι-

488 2828 640 2891 στίας
675 2830 1046 2897 μεταδίδοσθαι
1068 2834 1181 2895 τοῖς
1220 2836 1457 2898 νεκροῖς.

488 3010 712 3063 ΑΡΙΣΤ.
743 3028 761 3061 ι
796 3009 1017 3081 Σώματι
1061 3013 1239 3083 νεκρῷ
1282 3013 1344 3066 οὐ
1382 3013 1704 3082 μεταδοτέον
1745 3016 1854 3069 τῶν
1889 3018 2050 3087 ἁγια-

1050 3122 1077 3170 ικ
1120 3106 1364 3175 σμάτων.
1413 3124 1434 3160 ι
1686 3126 1700 3135 ⁵
1912 3164 1915 3169 ,

565 3194 787 3265 Ἐπειδὴ
813 3195 1122 3267 γέγραπται
1158 3212 1172 3227 ο
1211 3197 1452 3261 Λάϐετε,
1483 3198 1732 3269 φάγετεο
1763 3199 1832 3255 τά
1858 3200 1914 3254 δὲ
1942 3203 2049 3257 τῶν

483 3290 693 3357 νεκρῶν
734 3280 971 3358 σώματα
992 3289 1117 3343 οὔτε
1137 3290 1329 3345 λαϐεῖν
1353 3290 1477 3345 οὔτε
1512 3295 1707 3362 φαγεῖν
1752 3294 2005 3348 δύνανται
2028 3313 2043 3326 ο

483 3380 659 3442 οὐδεὶς
685 3379 983 3448 μεταδώσει
1035 3385 1149 3446 τοῖς
1186 3382 1545 3454 τελευτήσασι
1582 3385 1694 3440 τῶν
1751 3386 1913 3443 θείων
1954 3389 2049 3443 καὶ

483 3472 771 3544 ἀχράντων
796 3473 1175 3544 ἀγιασμάτων.

524 3558 536 3569 ’
1068 3570 1309 3624 ΚΑΝΩΝ
1344 3573 1466 3627 ΠΔ’.

490 3677 509 3708 ι
546 3659 674 3722 Τοῖς
703 3663 1007 3725 κανονικοῖς
1039 3661 1147 3715 τῶν
1178 3661 1439 3731 Πατέρων
1501 3663 1726 3734 θεσμοῖς
1775 3666 1887 3736 (94)
1919 3683 2048 3720 κατ-

557 3768 577 3801 ι
618 3750 1060 3826 ακολουθοῢντες,
1090 3752 1347 3823 ὁρίζομεν
1391 3754 1484 3807 καί.
1516 3755 1642 3825 περὶ
1678 3757 1786 3810 τῶν
1815 3758 2043 3828 νηπίων,

556 3860 576 3894 t
612 3843 800 3906 ὁσάκις
844 3842 918 3915 μὴ
944 3844 1305 3914 εὑρίσκωνται
1371 3844 1581 3915 βέϐαιοι
1631 3849 1933 3919 μάρτυρες,
1994 3852 2043 3903 oi

555 3951 575 3985 ‹
610 3934 787 3988 ταῦτα
803 3934 1191 4004 ἀναμφιϐόλως
1213 3935 1581 4005 βαπτισθέντα
1604 3934 1742 3992 εἶναι
1769 3941 2039 4008 λέγοντες,

556 4043 575 4076 σ
614 4025 710 4079 καὶ
770 4026 893 4080 οὐδὲ
922 4026 1094 4081 ταῦτα
1122 4027 1233 4098 (95)
1290 4027 1379 4082 διὰ
1414 4029 1514 4100 τὴν
1544 4032 1735 4099 κεῖραν
1768 4032 1893 4100 περὶ
1944 4035 2043 4102 τῆς

554 4134 575 4168 ι
612 4116 1015 4188 παραδοθείσης
1071 4118 1255 4181 αὐτοῖς
1294 4112 1682 4187 μυστάγωγίας
1738 4122 2040 4191 ἀποκρίνα-

553 4224 574 4259 t
615 4209 740 4262 σθαι
765 4209 1087 4279 ἐπιτηδείως
1114 4209 1318 4279 ἔχουσι,
1368 4212 1540 4283 χωρίς
1590 4229 1734 4277 τινος
1762 4217 2039 4285 προσκόμο

552 4317 574 4353 ι
617 4317 787 4372 ματος
833 4301 1072 4371 ὀφείλειν
1104 4302 1281 4357 ταῦτα
1314 4303 1701 4374 βαπτίζεσθαι·
1772 4307 1982 4382 μήποτε
2012 4311 2040 4363 ό

550 4409 571 4444 t
607 4389 847 4455 τοιοῦτος
868 4392 1166 4464 δισταγμὺς
1186 4396 1540 4471 ἀποστερήσῃ
1570 4399 1708 4453 αὐτὰ
1729 4400 1827 4469 τῆς
1858 4403 2038 4457 τοιαύ-

550 4500 573 4536 ‹
606 4500 705 4554 της
738 4485 829 4537 τοῦ
863 4485 1136 4557 ἀγιασμοῢ
1171 4487 1513 4558 καθάρσεως.
1556 4509 1576 4543 ι

541 4574 737 4630 ΒΑΛΣ.
778 4576 840 4628 Oi
871 4577 930 4629 ἐν
980 4577 1309 4654 Καρθαγένῃ
1375 4581 1719 4647 συνελθόντες
1767 4585 2033 4658 Πατέρες,

472 4658 548 4721 ὧν
577 4668 605 4719 ό
630 4666 822 4738 παρὼν
848 4666 1029 4721 κανὼν
1082 4668 1376 4739 μέμνηται,
1420 4670 1480 4725 ἒν
1529 4672 1811 4746 βάπτισμα
1849 4678 2038 4747 ὁμολο-

470 4758 696 4827 γοῦντες
722 4759 867 4813 κατὰ
899 4760 998 4829 τὴν
1034 4758 1129 4811 τοῦ
1161 4760 1318 4829 ἀγίου
1387 4764 1658 4832 συμϐόλου
1718 4768 2032 4838 περίληψιν,

2063 4472 2116 4529 D

2161 1914 2479 1983 sanguinem
2501 1913 2713 1968 Domini
2735 1924 3074 1967 mortuorum
3093 1913 3411 1982 corporibus
3431 1914 3721 1983 impertiri.

2158 2004 2255 2060 Illa
2313 2004 2575 2072 siquidem
2636 2003 2993 2059 Eucharistiw
3054 2004 3275 2060 nomine
3322 2005 3718 2075 intelliguntur,

2157 2096 2303 2167 quod
2334 2111 2394 2151 ea
2430 2096 2556 2165 dum
2588 2096 3032 2166 percipimus,.sit
3063 2110 3093 2149 a
3123 2096 3301 2161 nobis,
3331 2095 3422 2164 qui
3449 2096 3716 2165 ejusmodi

2158 2187 2473 2243 muneribus
2531 2186 2677 2257 digni
2732 2187 2898 2242 habiti
2957 2186 3171 2252 simus,
3224 2187 3522 2256 gratiarum
3574 2188 3720 2240 actio

2158 2277 2484 2332 adhibenda.
2518 2277 2573 2332 id
2604 2278 2771 2347 igitur
2798 2278 2889 2331 hic
2918 2292 3093 2333 canon
3124 2277 3236 2331 ﬁeri
3268 2277 3460 2341 vetuit,
3487 2276 3717 2346 ejusque

2154 2373 2232 2426 rei
2265 2371 2534 2428 rationem
2566 2371 2707 2425 hanc
2737 2370 2939 2433 subdit,
2972 2371 3116 2439 quod
3152 2385 3344 2439 panem
3374 2369 3634 2425 Dominus
3661 2372 3713 2422 in

2158 2461 2464 2530 discipulos
2513 2462 2785 2527 dividens,
2838 2465 3096 2531 Accipite,
3148 2463 3260 2527 ait,
3316 2473 3363 2517 et
3413 2464 3664 2517 comedite
3697 2480 3716 2516 :

2156 2553 2386 2607 mortuis
2416 2561 2595 2609 autem
2627 2552 2983 2610 cadaveribus
3027 2570 3203 2623 neque
3238 2555 3489 2625 accipere
3535 2570 3716 2623 neque

2154 2644 2441 2701 comedere
2464 2645 2651 2700 datum
2678 2653 2783 2700 est.
2810 2646 3261 2716 Carthaginensis
3282 2661 3498 2721 quoque
3524 2647 3712 2715 synodi

2152 2736 2363 2791 decimo
2394 2747 2589 2793 octavo
2624 2752 2854 2799 canone,
2894 2738 3004 2806 jam
3039 2739 3167 2792 olim
3204 2745 3332 2792 ante
3373 2737 3512 2792 hanc
3548 2752 3712 2807 syno-

2153 2827 2304 2890 dum,
2341 2828 2747 2884 Eucharistiam
2784 2830 2896 2885 vita
2943 2829 3149 2889 functis
3184 2829 3426 2900 praebere
3455 2845 3522 2884 ne
3551 2831 3713 2884 liceat

2128 2920 2499 2976 .interdictum
2529 2930 2632 2977 est.

2150 3011 2379 3069 ARIST.
2422 3034 2440 3067 ι
2477 3013 2707 3085 Corpori
2757 3021 2976 3071 mortuo
3026 3022 3369 3069 sacramenta
3420 3022 3530 3070 non
3581 3023 3710 3069 sunt

2632 3124 2651 3159 ι
2688 3106 3163 3162 communicanda.
3205 3125 3224 3159 ι

2221 3199 2487 3265 Quoniam
2521 3198 2779 3268 scriptum
2814 3209 2933 3254 est:
2965 3199 3215 3269 Accipite,
3252 3199 3424 3263 edite;
3456 3213 3521 3253 ac
3559 3213 3707 3253 mor-

2148 3300 2365 3348 tuorum
2397 3289 2559 3363 254
2588 3304 2879 3361 corporum
2912 3306 3012 3345 nec
3048 3292 3293 3358 accipere
3328 3298 3576 3360 possunt,
3606 3306 3706 3345 nec

2148 3384 2434 3439 comedere
2460 3400 2475 3439 :
2507 3396 2668 3438 nemo
2695 3382 2925 3438 mortuis
2961 3381 3148 3437 divina
3178 3392 3521 3438 sacramenta
3555 3397 3704 3437 com-

2150 3472 2466 3529 municabit.

2156 3636 2161 3639 τ
2649 3563 2877 3621 CANON
2913 3564 3195 3621 LXXXIV.

2154 3675 2173 3710 ι
2210 3656 2512 3713 Canonicas
2542 3656 2766 3711 Patrum
2792 3658 2933 3727 leges
2965 3666 3278 3724 sequentes,
3310 3654 3376 3711 de
3404 3655 3702 3715 infantibus

2224 3767 2243 3797 ι
2281 3763 2499 3818 quoque
2543 3749 2914 3813 decernimus,
2946 3751 3163 3818 quoties
3205 3764 3313 3803 non
3348 3748 3703 3803 inveniuntur

2223 3855 2242 3889 ι
2286 3838 2424 3893 ﬁrmi
2472 3848 2659 3903 testes,
2699 3839 2791 3906 qui
2828 3853 2925 3893 eos
2970 3837 3196 3892 indubie
3242 3832 3545 3907 baptizatus
3580 3854 3702 3893 esse

2222 3949 2242 3982 ι
2282 3931 2493 3995 dicant,
2522 3947 2623 3986 nec
2650 3930 2754 4002 ipsi
2780 3937 3003 3999 propter
3028 3939 3240 3984 atatem
3270 3929 3337 3985 de
3367 3929 3471 3984 sibi
3503 3928 3702 3983 tradito

2223 4040 2244 4073 ‹
2281 4023 2544 4093 mysterio
2572 4030 2698 4091 apte
2722 4020 3053 4091 respondere
3086 4023 3317 4091 possint,
3350 4022 3548 4087 debere
3585 4022 3701 4078 sine

2214 4130 2236 4166 σ
2274 4114 2381 4168 ulla
2427 4111 2726 4167 offensione
2772 4111 3041 4181 baptizari
3085 4130 3097 4166 :
3135 4127 3215 4167 ne
3249 4113 3389 4168 forte
3432 4112 3697 4181 ejusmodi

2219 4222 2238 4257 ι
2279 4203 2549 4259 dubitatio
2576 4218 2670 4260 eos
2708 4203 2802 4259 tali
2834 4204 3142 4261 sanctitatis
3169 4204 3406 4275 puritate
3440 4204 3632 4274 privet.
3671 4222 3691 4255 ι

2186 4593 2401 4651 BALS.
2461 4593 2648 4655 Patres
2723 4594 2815 4663 (μή
2902 4592 3231 4663 Carthagine
3292 4604 3690 4651 convenerant.

2134 4703 2363 4758 quorum
2393 4700 2633 4756 prtesens
2660 4700 2835 4740 canon
2863 4683 3133 4749 meminit,
3165 4698 3331 4737 unum
3360 4683 3688 4757 baptismum

2132 4776 2456 4832 conﬁtentes
2485 4791 2551 4829 ex
2576 4777 2748 4830 sancti
2774 4772 3004 4845 symboli
3031 4774 3538 4843 comprehensione,
3566 4788 3691 4827 can.

472 4849 677 4922 ὥρισαν
720 4853 779 4903 ὲν
832 4851 1015 4904 κανόνι
1039 4848 1115 4920 οβ’
1145 4852 1270 4914 τοὺς
1295 4854 1352 4906 ὲν
1374 4855 1679 4937 Ῐνηπιότητι
1705 4858 2034 4931 λεγομένους

2158 4868 2201 4921 ’2
2241 4874 2574 4933 statuerunt,
2632 4874 2691 4920 ut
2744 4865 2836 4935 qui
2894 4865 2950 4919 in
2994 4864 3220 4920 infantia
3270 4865 3529 4919 dicuntur
3573 4880 3695 4919 esse

474 4940 863 5013 βαπτισθῆναι,
903 4944 1013 4997 εἴτε
1052 4942 1145 4996 καὶ⁸
1167 4945 1242 5025 μὴ
1274 4945 1654 5015 βαπτίζεσθαι,
1689 4950 1783 5005 ἐὰν
1817 4953 1894 5020 μὴ
1926 4950 2028 5007 ὦσι

2158 4955 2388 5024 laptizati
2418 4954 2533 5008 sive
2560 4969 2688 5018 non,
2718 4954 2764 5008 si
2793 4967 2903 5007 non
2927 4952 3039 5007 sint
3073 4953 3212 5008 [inui
3243 4960 3436 5017 testes,
3472 4952 3563 5022 qui
3594 4969 3689 5008 eos

1708 5087 1899 5149 Guill.
1930 5088 2260 5169 Beveregii
2306 5096 2492 5151 noun.

516 5301 530 5314 .
545 5229 656 5312 (9.4)
681 5229 814 5299 Τοῖς
830 5230 1173 5315 aurenima-
1189 5231 1307 5315 τῷν
1326 5235 1872 5315 ΠαξέραΝ-θεᾳμοῖς.
1896 5237 2031 5304 Hoc,

2158 5256 2200 5315 tu
2235 5240 2489 5315 baptismi
2502 5241 2733 5315 fuerint,
2769 5240 3103 5315 baptizentur
3134 5245 3214 5297 his
3249 5244 3415 5299 verbis
3447 5247 3689 5314 praemis-

476 5303 732 5384 pimirum
765 5303 1171 5384 _ut,.infan_te_s,
1211 5304 1300 5384 ,ἀει
1337 5303 1895 5384 quibusudubiiatur,
1960 5324 2029 5364 an
2127 5311 2224 5384 sis,
2259 5303 2327 5384 _Si
2374 5303 2667 5377 baptizatus
2716 5303 2769 5365 es
2822 5303 2924 5366 non
2971 5323 3021 5366 te
3074 5313 3317 5380 baptizo;
3357 5303 3458 5369 sed.
3496 5319 3541 5369 si
3588 5334 3688 5369 non

475 5370 729 5453 Βία-ριξηιί
763 5370 2028 5453 fuerint,a_b‘EcclesiaCatholicabaptizentur,
2128 5370 2543 5453 baptizatus-es,
2596 5398 2718 5453 ergo
2772 5390 2821 5435 te
2854 5384 3085 5452 baptizo,
3131 5370 3232 5439 etc.
3266 5370 3477 5440 liceret.
3528 5385 3687 5453 Greg.

473 5454 509 5522 a_
531 5438 781 5522 Patribus
808 5440 1240 5522 Africanis_alute
1271 5443 1546 5522 decretum
1583 5444 1702 5522 fuit,
1736 5438 1858 5522 syri.
1893 5438 2031 5522 ϐαι-λ
2131 5450 2168 5503 l.
2194 5438 2604 5522 'nt_.__tit.‘42,'c.
2629 5438 2687 5505 εἰ

472 5509 809 5592 thaginensis
841 5513 1171 5592 canope_7_5.,
1200 5512 1357 5592 cujus
1387 5515 1502 5581 ipsa
1530 5509 1703 5592 etiam
1738 5509 1900 5572 verba
1941 5519 2030 5592 hic

2203 5517 2313 5592 (95)
2347 5509 2635 5592 AéfO’ifth‘
2660 5520 2758 5592 καὶ
2783 5522 2924 5576 οὐδὲ
2950 5525 3155 5577 ταῦτα.
3188 5522 3243 5576 1η
3281 5523 3468 5577 codice
3500 5525 3687 5578 Amer-

475 5586 791 5663 repetuntur
828 5598 842 5633 :
887 5589 948 5634 ut
977 5581 1256 5663 indubium
1291 5585 1361 5637 sit
1389 5599 1483 5639 eos
1519 5600 1639 5663 esse
1668 5585 1916 5663 Patres_,_
1934 5588 2027 5663 qui

2158 5581 2402 5663 laclti'gno
2427 5581 2647 5663 legitur,
2666 5591 2914 5660 λέγοντες
2942 5594 3063 5646 οὐδὲ
3087 5593 3240 5663 αὑτά.
3267 5593 3324 5647 ln
3349 5608 3467 5663 syn.
3499 5593 3681 5650 Canlt.

474 5648 561 5729 hic
587 5660 1098 5729 commemorantur.
1130 5652 1270 5706 Idem
1294 5664 1487 5729 postea
1511 5652 1827 5729 apt-egorio
1850 5648 2025 5720 IX,'in
2134 5673 2261 5729 can.
2292 5658 2382 5729 75,
2418 5648 2571 5729 utfde‘
2599 5648 2686 5714 hic
2719 5648 3120 5727 t'rausc'ribitur,
3160 5648 3400 5729 λέγοντεξ
3432 5663 3525 5715 καὶ
3562 5648 3680 5726 οὐδὲ

476 5714 850 5783 Decretatibus
872 5721 1227 5776 constitutum
1251 5714 1354 5789 est,
1380 5723 1454 5779 De
1475 5724 1661 5798 quibus
1677 5714 1900 5782 dubium
1927 5714 2026 5789 est.
2133 5727 2289 5786 αὐτά.
2329 5714 2387 5786 lu
2426 5726 2662 5792 editione
2690 5714 2986 5789 Parisrien‘swi
3023 5714 3268 5803 λέγονται
3297 5714 3573 5797 scribitur.
