4062 6420
355 286 365 295 ’
389 301 493 366 797

1358 304 1438 363 1N
1475 302 1643 366 CAN.
1685 260 1939 366 Lxxxv
1981 301 2189 366 couc.
2230 305 2309 367 IN
2347 306 2671 371 TRULLO.
2722 293 2727 297 ’

280 464 285 473 ,
388 408 486 464 οὖν
520 413 615 465 καὶ
639 411 1122 478 κατεγνώσθησαν,
1176 412 1249 474 ὡς
1284 417 1359 484 μὴ
1408 415 1619 487 ἀγαθὴν
1677 416 1947 488 πρόληψιν

2055 434 2109 473 se
2149 419 2606 474 existimationem
2655 418 2880 483 dabant,
2926 416 3069 486 quod
3121 422 3273 472 recte
3321 415 3389 470 ad
3443 416 3601 471 fidem

3505 302 3607 363 798

394 504 622 609 διδόντες
656 504 780 557 καθ’
829 505 1057 571 ἑαυτῶν,
1110 504 1189 567 είς
1220 505 1280 558 τὸ
1335 506 1412 577 μὴ
1439 509 1841 578 προσέρχεσθαι
1876 513 1944 581 τῇ

2055 528 2156 567 non
2193 513 2534 568 accederent.
2569 512 2860 583 Propterea
2894 520 2947 566 et
2978 512 3078 565 bos
3109 525 3300 565 omnes
3334 509 3604 579 baptizari

396 595 576 649 πίστει
607 597 801 667 ὀρθῶς.
829 595 919 650 Διὸ
959 596 1055 650 καὶ⁹
1097 596 1413 670 ὲξεχωρήθη
1467 602 1674 665 πάντας
1727 602 1948 668 τούτους

2055 606 2377 676 permissum
2405 614 2510 662 est.

402 688 785 759 βαπτισθῆναι.

461 780 702 835 ΖΩΝΑΡ.
743 782 837 835 Ἓν
902 780 1203 855 βάπτισμα
1230 788 1509 856 ὁμολογεῖν
1547 788 1649 842 ὑπὸ
1675 789 1766 842 τοῦ
1798 787 1945 857 θείου

372 872 664 955 ,συμϐόλου
695 874 785 941 τῆς
844 874 1080 937 πίστεως
1127 877 1507 947 δεδιδάγμεθα.
1565 881 1688 933 Ὅτι
1722 880 1777 933 δὲ
1800 881 1950 934 6K0-

400 962 512 1030 ριος
541 965 644 1033 ἔφη
666 982 678 997 ⁸
714 969 783 1020 El
809 968 894 1036 μή
924 985 1015 1035 τις
1036 973 1299 1041 γεννηθῇ
1323 973 1395 1026 δι’
1416 974 1632 1039 ὕδατος
1653 975 1750 1029 καί
1773 980 1951 1031 πνεύ-

2115 794 2274 865 255
2308 792 2558 848 ZONAR.
2602 791 2779 847 Unum
2832 788 3099 859 baptisma
3143 785 3387 843 confiteri
3418 783 3606 839 divino

2048 889 2169 943 fidei
2202 890 2444 960 symbolo
2474 886 2652 941 edocti
2687 898 2895 939 sumus.
2930 881 3198 948 Quoniam
3230 894 3358 934 vero
3394 877 3605 933 Domini

2048 984 2138 1038 illa
2168 983 2329 1037 verba
2366 989 2515 1057 sunt,
2550 979 2670 1033 Nisi
2700 978 2814 1047 quis
2855 986 3066 1029 renatus
3106 973 3266 1042 fuerit
3293 987 3356 1025 ex
3392 987 3531 1040 aqua
3556 976 3607 1023 et

392 1073 595 1125 ματος,
624 1059 791 1128 οὺμὴ
831 1061 1071 1130 εἰσέλθῃ
1092 1066 1179 1131 είς
1224 1066 1339 1132 τὴν
1356 1068 1680 1130 ,βασιλειαν
1711 1069 1829 1123 τῶν
1852 1072 1952 1127 οὺ-

2055 1076 2252 1144 Spiritu
2286 1090 2387 1128 non
2416 1060 2636 1127 intrabit
2668 1072 2724 1124 in
2760 1084 2975 1138 regnum
3006 1065 3278 1128 caelorum,
3318 1073 3608 1134 propterea

391 1146 614 1215 ρανῶν,
641 1148 727 1203 διὰ
782 1151 939 1206 τοῦτο
990 1153 1134 1219 ἔδοξε
1193 1158 1304 1218 τοῖς
1354 1157 1517 1226 ἱεροῖς
1573 1158 1818 1231 Πατράσι
1847 1177 1949 1211 πα-

398 1243 690 1314 λαιοτέρων
714 1247 965 1316 Πατέρων
990 1248 1399 1314 ἐξακολουθοῦσι
1430 1252 1671 1322 θεσμοῖς,
1700 1255 1746 1307 εί
1782 1254 1952 1324 ἀμφί-

2052 1169 2227 1225 sancti
2260 1167 2467 1229 Patres,
2508 1164 2871 1234 antiquiorum
2900 1162 3123 1216 Patrum
3157 1157 3329 1214 secuti
3363 1158 3607 1221 decreta,

2052 1269 2326 1323 statuere,
2366 1266 2424 1313 ut
2454 1258 2498 1311 si
2531 1257 2605 1325 de.
2627 1255 2923 1325 aliquibus,
2958 1253 3065 1308 sint
3093 1248 3354 1320 baptizati
3385 1261 3487 1302 nec
3517 1260 3607 1307 ne,

398 1333 551 1386 ϐολόν
576 1335 687 1387 ὲστι
734 1336 794 1387 τὸ
827 1337 1185 1409 βαπτισθῆναι
1243 1358 1409 1405 τινας,
1470 1343 1690 1397 ἐκείνων
1734 1344 1831 1412 μὲν
1878 1344 1951 1415 μὴ

2055 1354 2315 1409 incertum
2347 1352 2437 1412 sit,
2462 1365 2584 1405 cum
2612 1363 2713 1404 nec
2739 1347 2841 1416 ipsi
2873 1346 2943 1400 ob
2968 1343 3252 1399 infantiam
3286 1347 3611 1406 aetatemque

399 1425 614 1485 είδότων
647 1427 695 1479 εί
734 1428 1137 1498 ἐϐαπτίσθησαν
1184 1433 1271 1487 διά
1298 1434 1597 1504 νηπιότητα
1627 1435 1719 1488 καὶ
1744 1436 1803 1488 τὸ
1831 1436 1953 1490 λίαν

2053 1454 2293 1498 teneram
2330 1443 2437 1509 (est
2484 1439 2629 1495 idem
2672 1453 2908 1507 namque
2952 1437 3133 1505 κείρα,
3168 1432 3314 1502 quod
3366 1428 3518 1497 setas)
3551 1442 3611 1480 se

395 1515 581 1579 ἀτελὲς
606 1516 703 1599 τῆς
725 1517 942 1588 ἡλικίας
990 1519 1169 1574 αὐτῶν
1212 1522 1421 1593 (ἡλικία
1448 1524 1555 1595 γὰρ
1587 1526 1620 1596 ἡ
1646 1525 1804 1594 κείρα
1854 1528 1950 1597 ἐρ-

2055 1537 2323 1605 baptismo
2372 1534 2617 1587 initiatos
2661 1532 2862 1593 norint,
2914 1542 3014 1583 ncc
3060 1527 3327 1586 aliorum,
3374 1520 3503 1591 quid
3553 1517 3609 1573 id

399 1596 708 1676 μηνεύεται)
764 1610 857 1662 καὶ
907 1612 1027 1665 οὐδέ
1058 1630 1201 1677 τινες
1248 1616 1586 1687 εὑρίσκονται
1617 1616 1816 1682 εἰδότες
1859 1618 1953 1672 καὶ

2054 1629 2251 1687 sciant.
2281 1624 2596 1681 teetimonio
2638 1623 2943 1693 baptizatos
2982 1632 3102 1673 esse
3133 1613 3349 1685 probari
3396 1610 3596 1681 possit,

394 1700 794 1771 μαρτυροῦντες
824 1703 903 1756 ὅτι
927 1705 1357 1777 ἐϐαπτίσθησαν,
1385 1706 1739 1775 βαπτίζεσθαι
1757 1710 1951 1773 αὐτοὺς

2055 1723 2172 1778 sine
2219 1718 2540 1781 offensione,
2589 1717 2693 1772 hoc
2724 1723 2829 1774 est.
2876 1713 2996 1767 sine
3042 1709 3152 1764 ulla
3197 1720 3348 1761 mora
3380 1694 3608 1757 cuncta-

393 1792 559 1861 χωρίς
588 1809 731 1855 τινος
766 1796 1214 1866 προσκόμματος,
1262 1800 1384 1852 ἀντὶ
1433 1800 1526 1853 τοῦ
1560 1802 1634 1873 μή
1671 1818 1813 1865 τινος
1846 1804 1948 1871 ἐμ-

390 1882 574 1935 ποδίου
632 1884 779 1948 ὄντος
826 1887 914 1940 διὰ
952 1888 1014 1943 τὸ
1077 1891 1387 1961 ἀγνοεῖσθαι
1418 1893 1466 1945 εί
1516 1892 1943 1963 ἐϐαπτίσθησαν.

2050 1813 2327 1879 tioneque,
2382 1823 2509 1864 cum
2571 1805 2710 1861 nihil
2756 1807 2823 1858 de
2872 1801 3089 1854 illorum
3149 1794 3424 1863 baptismo
3474 1788 3609 1845 certi

2048 1904 2327 1975 cognitum
2367 1902 2462 1969 sit,
2489 1898 2857 1968 baptizentur.
2888 1892 3005 1947 I-loc
3037 1904 3186 1952 vero,
3215 1886 3495 1955 inquiunt,
3534 1883 3609 1936 ita

388 1974 557 2028 Τοῦτο
601 1977 677 2042 δὲ,
711 1980 894 2046 φασὶν,
952 1980 1228 2052 ὁρίζομεν,
1265 1984 1353 2037 ἵνα
1412 1985 1487 2055 μὴ
1538 1986 1626 2040 διὰ
1656 1986 1950 2057 δισταγμὸν

2055 1974 2416 2061 decernimus,
2457 2008 2527 2048 ne
2562 1991 2633 2047 ob
2661 1989 2926 2044 incertam
2956 1982 3377 2051 ambiguamun
3409 1975 3479 2030 de
3510 1974 3611 2029 ba-

391 2064 485 2118 καὶ
509 2067 836 2162 ἀμφιϐολίαν
891 2071 1154 2162 τοῦᾲείτε
1238 2075 1642 2148 ἐϐαπτίσθησαν
1701 2076 1810 2129 εἴτε
1876 2076 1950 2148 μὴ

2055 2093 2250 2162 ptismo
2279 2096 2533 2156 suscepto
2566 2083 2633 2137 ab
2673 2081 2760 2135 his
2793 2076 3107 2134 hominibus
3153 2066 3608 2126 controversiam,

395 2156 699 2226 στερηθῶσι
727 2160 825 2229 τῆς
872 2160 1129 2234 τοιαύτης
1177 2164 1270 2217 τοῦ
1301 2166 1577 2236 ἀγιασμοῦ
1608 2165 1947 2237 καθάρσεως,

2049 2155 2142 2240 tali
2178 2155 2483 2236 sanctitatis
2507 2173 2743 2247 puritate
2765 2170 3066 2240 priventur,
3091 2172 3257 2231 atque
3284 2175 3314 2215 a
3342 2157 3438 2215 Dei
3459 2155 3609 2225 regni

392 2248 487 2298 καὶ
518 2247 621 2313 ἔξω
672 2251 893 2320 μείνωσι
932 2253 1036 2323 τῆς
1090 2254 1182 2307 τοῦ
1220 2256 1353 2310 Θεοῦ
1382 2256 1660 2327 βασιλείας
1685 2260 1827 2315 κατὰ
1851 2259 1951 2331 τὴν

2055 2278 2198 2333 aditu
2221 2289 2287 2330 ex
2312 2268 2593 2326 Dominica
2621 2264 2920 2321 assertione
2949 2255 3365 2329 prohibeantur.

389 2336 484 2389 τοῦ
520 2340 724 2408 Κυρίου
762 2344 1058 2413 ἀπόφασιν.

391 2430 610 2485 ΔΡΙΣΤ.
660 2450 679 2483 ι
725 2433 788 2486 Oi
820 2435 894 2506 μὴ
923 2438 1306 2507 γινώσκοντες,
1339 2442 1473 2512 μηδὲ
1521 2446 1952 2517 μαρτυρούμενοι

2055 2457 2280 2518 ARIST.
2324 2475 2342 2509 ι
2380 2454 2480 2521 Qui
2516 2467 2618 2507 nec
2649 2452 3013 2518 cognoscunt,
3040 2457 3140 2500 nec
3168 2454 3267 2511 per
3290 2443 3459 2493 testes
3483 2447 3621 2503 pro-

669 2523 1053 2599 βαπτισθῆναι,
1110 2532 1573 2600 βαπτιζέσθωσαν.
1623 2556 1643 2589 ι

466 2696 621 2752 Ὅσοι
651 2700 939 2770 ἀγνοοῦσιν
963 2707 1012 2760 εί
1042 2709 1101 2760 ἐν
1132 2712 1195 2780 τῇ
1228 2710 1489 2783 νηπιὼδει
1538 2715 1718 2770 αὐτῶν
1769 2719 1956 2793 ἡλικίᾳ

390 2789 815 2863 ἐϐαπτίσθησαν,
852 2798 943 2849 καὶ
972 2799 1092 2853 οὐδὲ
1116 2802 1461 2872 εὑρίσκονταί
1489 2823 1632 2870 τινες
1653 2789 1955 2874 ἀξιόπιστοι

397 2881 672 2953 μάρτυρες
748 2886 1134 2957 ἀναμφιϐόλως
1229 2894 1425 2957 αὐτοὺς
1487 2895 1955 2969 διαϐεϐαιούμενοι

292 2992 295 2999 λ
389 2973 775 3115 Ξὲῑξέῖθῆναι,
805 2982 973 3050 χωρίς
1000 2999 1143 3047 τινος
1214 2988 1638 3072 προσκόμματος
1692 2989 1955 3058 βαπτιξέ-

459 3080 625 3121 ωσαν.
1511 3063 1519 3072 ’

978 3164 1218 3221 ΚΑΝΩΝ
1242 3168 1365 3224 ΠΕ’.

396 3265 418 3300 r
477 3249 598 3305 Ἐπὶ
617 3251 709 3305 δύο
739 3252 771 3324 ἢ
792 3255 957 3323 τριῶν
991 3259 1284 3329 μαρτύρων
1301 3261 1650 3331 βεϐαιοῦσθαι
1674 3267 1782 3322 πᾶν
1802 3269 1953 3338 ῥῆμα

414 3402 419 3409 ν
472 3363 492 3396 ι
534 3347 823 3416 γραφικῶς
850 3350 1250 3421 παρελάϐομεν.
1284 3354 1421 3420 Τοὺς
1460 3354 1551 3411 οὖν
1577 3357 1680 3411 ὑπὸ
1714 3359 1820 3414 τῶν
1871 3364 1951 3414 oi-

467 3453 486 3486 r
533 3453 698 3490 κειων
754 3438 1029 3493 δεσποτῶν
1074 3442 1561 3517 ὲλευθερουμένους
1618 3449 1837 3515 δούλους
1860 3453 1952 3506 ἐπὶ

467 3548 486 3581 ι
527 3532 673 3600 τρισὶ
730 3531 985 3602 μάρτυσι,
1043 3534 1142 3605 τῆς
1171 3538 1429 3611 τοιαύτης
1463 3542 1628 3611 τιμῆς
1659 3542 1951 3596 ἀπολαύειν

471 3638 491 3672 r
530 3621 896 3699 διοριζόμεθα,
926 3625 977 3679 οἶ
1002 3627 1061 3679 τὸ
1086 3630 1252 3699 κῦρος
1280 3633 1547 3703 παρόντες
1575 3636 1641 3705 τῇ
1673 3635 1954 3707 ἐλευθερίᾳ

468 3733 489 3765 r
533 3715 932 3785 προσοίσουσιν,
961 3718 1127 3772 καὶτὸ
1160 3721 1348 3775 πιστὸν
1376 3723 1435 3789 ἐξ
1452 3725 1658 3779 ἑαυτῶν
1681 3728 1791 3790 τοῖς
1807 3744 1953 3792 γινο-

470 3824 490 3857 r
537 3807 719 3877 μένοις
742 3809 1084 3877 παρέξουσιν.

468 3918 487 3949 r
538 3899 733 3953 ΒΑΛΣ.
782 3897 948 3953 Εἶπεν
978 3905 1035 3955 ὲν
1082 3904 1434 3974 Εύαγγελίοις
1472 3908 1501 3961 ὁ
1542 3911 1778 3980 Κύριος·
1822 3914 1954 3967 Ἐπὶ

390 3988 500 4043 δύο
518 3990 555 4057 ἢ
574 3989 751 4057 τριῶν
761 3995 1075 4061 μαρτύρων
1115 3994 1240 4051 πᾶν
1258 3997 1423 4067 ῥῆμα
1446 4002 1830 4067 σταθήσεται.
1862 4005 1953 4058 Διὸ

394 4082 490 4132 καὶ
515 4081 543 4133 ὁ
568 4081 757 4150 παρὼν
812 4083 993 4138 κανὼν
1026 4085 1318 4157 διορίζεται
1367 4090 1491 4154 τοὺς
1518 4092 1773 4161 λέγοντας
1804 4095 1953 4149 ἐλευ-

362 4175 582 4246 κθερίας
632 4176 928 4248 ἀξιωθῆναι
958 4180 1109 4248 παρά
1161 4183 1269 4234 τῶν
1315 4184 1530 4238 οἰκείων
1568 4186 1842 4241 δεσποτῶν
1877 4189 1953 4261 μὴ

392 4267 795 4335 ἀναγκάζεσθαι
842 4270 1073 4335 πολλοὺς
1122 4274 1406 4346 μάρτυρας
1439 4276 1599 4347 χάριν
1629 4280 1954 4348 ἀποδείξεως

393 4358 583 4412 τούτου
616 4360 778 4413 αὑτοῦ
806 4364 1076 4435 παράγειν
1103 4382 1120 4400 ο
1158 4366 1290 4419 ἀλλὰ
1342 4369 1428 4425 διά
1458 4370 1952 4444 τριῶν’μαρτύρων

2128 2573 2147 2606 ι
2187 2553 2317 2607 bare
2362 2553 2627 2618 possunt,
2686 2555 2744 2595 se
2786 2539 3095 2608 baptizatos
3142 2547 3283 2594 esse,
3325 2527 3620 2598 baptizen--

2128 2663 2147 2697 ι
2193 2653 2301 2699 tur.
2343 2658 2362 2692 ι

2126 2737 2405 2804 Quotquot
2431 2731 2703 2800 ignorant,
2738 2737 2806 2777 an
2838 2721 2895 2776 in
2926 2715 3161 2773 infantili
3197 2726 3296 2770 sua
3326 2717 3483 2764 aetate
3515 2706 3610 2760 ba-

2054 2828 2241 2901 ptizati
2283 2825 2525 2884 fuerint;
2569 2830 2624 2875 et
2671 2831 2777 2872 non
2823 2803 3392 2873 inveniuntur'aliqui
3442 2807 3623 2856 testes

2057 2893 2165 2975 fide
2211 2915 2380 2986 digni,
2430 2912 2521 2983 qui
2569 2920 2724 2965 extra
2754 2898 3196 2961 controversiam
3235 2893 3615 2949 confirmatum

2057 3017 2211 3075 dent,
2256 2983 2351 3065 eos
2402 3006 2571 3061 fuisse
2616 3001 2921 3071 baptizatos
2974 3011 2990 3051 :
3036 2994 3156 3049 sine
3201 2988 3312 3043 ullo
3355 2983 3613 3041 seandalo

1978 3108 2023 3171 ο
2056 3101 2423 3171 baptizeutur.

2569 3177 2798 3238 CANON
2838 3169 3102 3231 LXXXV.

2064 3308 2084 3341 ι
2124 3286 2181 3340 In
2219 3284 2435 3339 duobus
2479 3278 2565 3334 vel
2613 3274 2790 3329 tribus
2827 3268 3056 3325 testibus
3098 3254 3409 3318 confirmari
3452 3266 3611 3308 omne

2135 3397 2154 3429 ι
2192 3377 2415 3432 verbum
2447 3386 2511 3426 ex
2542 3366 2823 3436 Scriptura
2851 3357 3188 3426 accepimus.
3221 3350 3421 3405 Servos
3456 3355 3610 3413 ergo,

2132 3487 2152 3522 ι
2190 3466 2282 3536 qui
2317 3482 2346 3520 a
2389 3462 2507 3518 suis
2538 3456 2775 3515 dominis
2807 3451 2912 3507 sub
2946 3447 3123 3503 tribus
3156 3441 3386 3498 testibus
3418 3448 3611 3489 manu-

2132 3558 2504 3615 «mittuntur,
2542 3565 2609 3605 eo
2661 3546 2769 3600 frui
2814 3544 3024 3597 honore
3075 3532 3467 3591 decernimus;
3518 3524 3610 3594 qui

2136 3667 2154 3700 ι
2200 3652 2500 3720 praesentes
2526 3637 2764 3695 libertati
2791 3635 2935 3688 vires
2956 3638 3009 3685 et
3034 3626 3339 3681 firmitatem
3362 3618 3610 3677 afferent,

2131 3761 2151 3795 ‹
2188 3708 2278 3805 et,
2315 3748 2372 3794 ut
2414 3737 2490 3791 iis
2528 3746 2647 3804 quae
2683 3730 2751 3785 ab
2788 3726 2923 3799 ipsis
2965 3722 3110 3778 facta
3153 3723 3282 3773 sunt
3336 3711 3471 3766 ﬁdes
3517 3708 3611 3762 ba.

2139 3851 2160 3886 ι
2196 3833 2410 3896 beatur,
2438 3827 2691 3883 efﬁcient.
2727 3840 2747 3873 ι

2132 3924 2326 3981 BALS.
2351 3893 2628 3974 Dominus
2655 3913 2794 3969 dixit
2833 3910 2887 3964 in
2927 3902 3230 3973 Evangeliis
3261 3918 3275 3952 :
3310 3896 3371 3950 In
3410 3893 3611 3949 duabus

2057 4018 2133 4075 vel
2188 4017 2354 4069 tribus
2399 4010 2613 4064 testibus
2666 4004 2825 4059 stabit
2879 4015 3026 4053 omne
3054 3995 3264 4051 verbum
3292 3990 3362 4042 “.
3398 3987 3460 4039 Et
3492 3984 3613 4037 ideo

2058 4122 2298 4179 praesens
2336 4116 2555 4174 quoque
2594 4112 2770 4153 canon
2816 4092 3031 4155 Statuit,
3080 4095 3140 4141 ut
3178 4083 3271 4153 qui
3319 4095 3380 4136 se
3422 4077 3612 4133 dicunt

2057 4177 2230 4255 fuisse
2276 4191 2642 4249 manumissos
2686 4202 2715 4239 a
2762 4184 2878 4239 suis
2925 4177 3189 4240 dominis,
3235 4185 3355 4227 non-
3388 4178 3613 4222 necesse

2059 4293 2295 4348 habeant
2323 4287 2392 4342 ad
2433 4285 2538 4339 hoc
2572 4276 2973 4336 ostendendum
3020 4270 3218 4325 multos
3249 4273 3419 4320 testes
3442 4258 3616 4314 addu-

2059 4400 2184 4438 cere
2220 4399 2235 4437 :
2268 4379 2363 4435 sed
2394 4390 2489 4447 per
2530 4384 2639 4426 tres
2675 4379 2842 4424 testes
2870 4364 3103 4436 probare
3147 4359 3452 4414 libertatem
3493 4363 3616 4417 quae

393 4451 764 4558 grta-rgiv'thv
788 4453 1088 4558 λεγομενην
1108 4461 1389 4525 προσεῖναι
1411 4462 1595 4526 αὐτοῖς
1612 4442 1948 4535 ἐλευθερίαν.

2055 4476 2162 4530 illis
2215 4442 2409 4526 adesse
2436 4466 2657 4521 dicitur.
2698 4460 2865 4514 Erant
2905 4458 3049 4510 enim
3092 4446 3359 4511 nonnulli,
3403 4442 3523 4513 qui,
3556 4449 3615 4493 ut

2574 4557 2579 4558 ⁷
2657 4555 2666 4558 ‘
2990 4555 2998 4558 -
3238 4556 3262 4558 ψ
3329 4551 3439 4558 μμ--
3480 4532 3586 4558 121.Α

425 4539 575 4593 Ησαν
610 4543 714 4609 γάρ
743 4560 907 4607 τινες,
947 4546 1023 4609 ὡς
1063 4547 1229 4616 ἔοικε,
1288 4550 1541 4620 λέγοντες
1597 4532 1831 4623 ὀφείλειν
1854 4558 1953 4629 τὴν

2055 4577 2135 4622 est
2171 4560 2490 4624 verisimile,
2532 4555 2807 4617 dicebant,
2849 4555 3101 4616 oportere
3147 4556 3270 4596 eum
3322 4551 3444 4592 esse
3480 4532 3619 4587 libe-

395 4632 711 4703 ἐλευθερίαν
739 4636 1159 4694 ἀποδείκνυσθαι
1186 4643 1273 4697 διά
1333 4644 1596 4699 πλειόνων
1639 4648 1952 4720 μαρτύρων,

395 4727 556 4781 πέντε
594 4722 753 4796 τυῇίδν
784 4728 815 4799 ἧ
849 4731 943 4783 καὶ
975 4731 1072 4795 ἒξ·
1123 4734 1262 4805 ὅπερ
1305 4739 1372 4808 τῇ
1421 4738 1552 4810 ἁγίᾳ
1614 4742 1809 4808 συνόδῳ
1854 4743 1956 4797 οὐκ

394 4819 611 4888 ἤρεσεν.
652 4821 758 4874 Καὶ
788 4823 814 4874 ό
847 4823 947 4894 μὲν
990 4824 1165 4878 κανὼν
1202 4829 1259 4881 ἑν
1286 4830 1515 4895 τούτοις.
1552 4833 1952 4908 Ἔτρακταῖσθη

396 4910 451 4961 δὲ
503 4911 803 4978 πολλάκις,
858 4915 907 4966 εί
950 4915 1060 4969 ’τοῦ
1104 4917 1268 4985 νόμου
1324 4922 1573 4991 λέγοντος
1644 4926 1700 4977 ὲν
1766 4926 1957 4997 βιϐλίῳ

395 5006 504 5065 κα’,
524 5002 691 5072 ’τίτλῳ
718 5002 794 5070 α’,
828 5007 919 5058 καὶ
943 5007 1083 5077 βιϐλ.
1116 5008 1222 5077 κγῖ,
1254 5011 1357 5065 τίτ.
1386 5006 1457 5080 α’,
1491 5018 1581 5069 ἐπὶ
1609 5016 1708 5087 μὲν
1723 5020 1833 5081 τοῖς
1861 5020 1960 5071 ἑπ-

395 5092 581 5147 ἐκεινα
604 5094 705 5163 τῆς
735 5102 860 5166 μιᾶς
895 5101 1222 5169 ὑπερπύρων
1242 5103 1429 5175 λίτρας
1458 5110 1779 5179 πράγμασιν
1805 5111 1958 5179 ὀφεί-

396 5185 512 5238 λειν
539 5188 885 5254 παράγεσθαι
924 5194 1207 5264 μάρτυρας
1251 5200 1432 5265 τρεῖς·
1485 5201 1577 5255 ἐπὶ
1610 5201 1668 5253 δὲ
1704 5202 1956 5256 ὑποθέσει

396 5278 586 5345 λίτρας
618 5282 945 5353 ὑπερπύρων
973 5288 1100 5356 μιᾶς
1132 5290 1227 5342 καὶ
1257 5291 1555 5362 κατωτέρω
1590 5295 1780 5362 ἀρκεῖν
1813 5296 1953 5365 μάρ-

392 5388 561 5441 τυρας
597 5374 726 5459 δύο,
792 5378 1159 5444 ἀναγκάζεται
1189 5384 1215 5435 ὁ
1246 5382 1637 5454 ἐλευθεροϐοῶν
1668 5390 1806 5443 κατὰ
1862 5390 1975 5441 τὸνε

395 5464 638 5534 παρόντα
670 5467 865 5520 κανόνα
897 5474 1165 5541 παράγειν
1189 5475 1475 5547 μάρτυρας
1495 5480 1663 5549 τρεῖς.
1692 5481 1798 5533 Καὶ
1815 5479 1952 5543 τέως

394 5556 519 5627 ἐμοὶ
563 5556 731 5622 ἔδοξε,
777 5560 871 5613 δύο
919 5566 1011 5616 καὶ
1061 5568 1252 5634 μόνους
1307 5570 1496 5640 ἀρκεῖν
1565 5573 1846 5645 μάρτυρας
1871 5575 1949 5637 είς

401 5738 447 5773 ⁸³
481 5737 663 5791 Matth.
708 5752 861 5797 IVlll.
888 5742 971 5793 εἶθ.

2052 4673 2170 4713 rum
2202 4652 2415 4711 ostendi
2446 4665 2541 4722 per
2567 4648 2750 4718 plures
2773 4652 2962 4705 testes,
2986 4637 3227 4707 quinque
3261 4630 3499 4685 fortasse
3523 4627 3608 4681 vel

2053 4764 2150 4806 sex
2186 4768 2200 4803 :
2234 4743 2379 4817 quod
2409 4720 2629 4811 quidem
2664 4743 2864 4792 sanctae
2891 4731 3099 4804 synodo
3136 4741 3245 4782 non
3284 4724 3514 4796 placuit.
3546 4720 3614 4773 Et

2055 4840 2170 4895 btec
2202 4837 2418 4909 quidem
2456 4836 2511 4888 in
2540 4834 2644 4888 hoc
2683 4841 2893 4885 canone
2921 4825 3293 4879 continentur.
3333 4817 3486 4885 Siepe
3519 4830 3616 4867 au-

2058 4943 2163 4987 tem
2206 4934 2491 4982 tractatum
2520 4934 2622 4985 est,
2641 4937 2731 4985 an,
2766 4934 2890 4975 cum
2930 4918 3011 4970 lex
3045 4913 3193 4967 dicat
3223 4911 3280 4965 in
3313 4909 3452 4963 libro
3498 4920 3612 4966 xxi,

2056 5022 2139 5076 tit.
2183 5020 2234 5084 1,
2268 5028 2320 5073 et
2352 5018 2446 5071 lib.
2479 5030 2670 5076 χχχιιι.
2705 5012 2791 5065 tit.
2824 5010 2877 5074 l,
2908 5009 2961 5061 in
3002 5004 3261 5074 negOtiis,
3292 5012 3411 5069 quae
3448 5010 3612 5050 unam

2055 5114 2484 5183 hyperpyrorum
2516 5109 2709 5163 libram
2740 5086 3031 5165 excedunt,
3065 5097 3267 5153 debere
3297 5104 3408 5148 tres
3440 5099 3609 5146 testes

2054 5205 2269 5265 adduci,
2298 5203 2352 5256 in
2378 5201 2559 5256 causis
2591 5206 2773 5252 autem
2807 5195 2968 5250 unius
2997 5193 3426 5263 hyperpyrorum
3460 5186 3612 5239 librae

2063 5304 2117 5351 et
2149 5293 2501 5349 inferioribus
2545 5289 2791 5346 sufficere
2836 5286 2972 5341 duos
3006 5292 3213 5347 testes;
3245 5286 3490 5347 cogatur,
3520 5273 3612 5343 qui

2062 5388 2127 5441 ad
2161 5386 2461 5440 libertatem
2498 5382 2818 5453 proclamat,
2865 5393 2929 5431 ex
2972 5373 3226 5453 praesenti
3262 5382 3470 5423 canone
3505 5377 3614 5417 tres

2058 5486 2222 5533 testes
2278 5470 2562 5529 adducere.
2611 5472 2677 5524 E‘-
2731 5469 2863 5523 mibi
2903 5467 3121 5536 quidem
3175 5465 3344 5518 visum
3400 5468 3508 5522 cst,
3547 5457 3611 5508 ad

2057 5569 2447 5627 ostendendam
2497 5566 2803 5635 libertatem
2855 5560 2993 5617 duos
3042 5557 3189 5614 solos
3242 5563 3411 5623 testes
3460 5548 3614 5608 sufii-
