4062 6404
465 284 570 370 an

1707 290 2426 375 THEOD.BALSAMON

3587 276 3741 392 800.

461 415 612 463 cere,
661 416 727 457 eo
770 404 915 473 quod
962 404 1108 476 leges
1153 416 1208 464 ct
1240 423 1480 471 canones
1510 415 1750 474 libertati
1794 422 2008 475 maximi

462 491 706 514 f.-.--...-
771 503 813 514 ,ι
871 511 981 514 _,_-,
1026 498 1039 514 I
1160 500 1211 514 σε
1435 507 1446 514 .
1523 508 1578 514 ---

2130 426 2406 491 ἀπόδειξιν
2438 429 2769 502 ἐλευθερίας,
2820 434 2907 489 διὰ
2939 437 2997 491 τὸ
3034 437 3429 497 ἐπιθάλπεσθαι
3453 445 3605 514 παρά
3634 464 3695 497 τε

462 491 708 560 faveant;
762 503 818 550 et
862 498 1302 569 quandoquidem
1362 507 1653 576 cujuslibet
1706 514 1847 567 servi
1904 531 2024 585 pre-

461 584 597 638 tium
646 600 809 639 unam
845 587 1274 661 byperpyrorum
1324 596 1517 653 libram
1556 618 1663 657 non
1700 584 1935 672 excedit,
1969 610 2022 663 in

472 692 579 729 una
635 688 812 733 autem
875 681 1305 757 byperpyrorum
1354 692 1491 748 libra
1541 700 1897 753 constitutqu
1940 714 2025 757 est

459 768 598 825 duos
629 778 797 828 testes
839 774 1103 844 suﬂicere,
1146 786 1371 839 omnino
1430 794 1485 841 et
1532 790 1598 844 ad
1635 795 2021 849 ostendendam

458 859 775 918 libertatem.
813 865 922 921 duo
963 878 1132 927 testes
1177 874 1468 942 sumcient,
1503 874 1771 950 'praasenti
1825 888 2022 941 canoni

454 965 873 1025 consequenter,
905 964 996 1032 qui
1030 974 1114 1019 est
1148 982 1246 1037 pro
1280 969 1532 1028 libertate
1559 976 1762 1040 editus,
1806 988 1859 1033 et
1890 981 2023 1035 dicit

455 1047 524 1101 ab
555 1050 710 1105 initio
743 1069 756 1106 :
795 1053 856 1108 In
888 1070 981 1111 ore
1025 1058 1257 1115 duorum
1290 1063 1372 1117 vel
1408 1066 1570 1120 trium
1605 1071 1823 1126 testium
1859 1074 2024 1129 stabit

456 1154 622 1195 omne
654 1143 881 1199 verbum
907 1163 921 1211 ;
948 1154 1001 1201 et
1031 1152 1171 1218 quod
1204 1168 1267 1206 ex
1302 1154 1616 1215 inﬁrmitate
1638 1165 2020 1231 probationum

456 1230 856 1291 inaestimabilis
902 1238 1129 1297 libertas
1170 1261 1274 1300 non
1325 1247 1487 1304 datur
1540 1230 1877 1323 adversario,
1926 1265 2022 1317 sed

455 1322 695 1378 servitus
742 1343 864 1396 qum
894 1333 1216 1401 aestimatur,
1266 1347 1326 1393 ut
1374 1346 1628 1411 superius
1664 1322 1870 1404 dictum
1914 1362 2018 1419 est,

453 1430 558 1482 qua
589 1419 751 1471 etiam
782 1421 929 1490 data,
958 1429 1202 1493 pecuniis
1228 1430 1549 1489 liberabitur
1570 1441 1660 1509 qui
1693 1442 1759 1497 ad
1791 1443 2014 1500 liberta-

457 1515 567 1561 tem
597 1512 918 1578 proclamat.

522 1682 663 1755 Lege
694 1687 855 1743 etiam
895 1691 1173 1750 Novellam
1209 1698 1554 1770 imperatoris
1588 1708 1794 1767 domini
1836 1704 2013 1772 Alexii

451 1775 737 1843 Comneni,
769 1796 888 1850 quae.
917 1784 1061 1837 edita
1113 1796 1196 1843 est
1230 1790 1297 1846 de
1324 1808 1433 1849 non
1467 1798 1821 1860 admittendis
1857 1810 2011 1863 testi-

448 1864 551 1921 bus
587 1868 679 1935 qui
718 1883 1313 1948 contra'opponuutur,
1361 1888 1584 1953 quando
1623 1900 1790 1950 testes
1846 1899 2018 1956 addu-

449 1967 652 2013 cuntur
674 1961 742 2015 ab
772 1978 836 2018 eo
864 1966 950 2034 qui
979 1968 1044 2021 ad
1072 1970 1376 2029 libertatem
1399 1982 1717 2051 proclamat,
1746 1998 1800 2043 et
1827 1990 1894 2044 de
1948 2010 2015 2048 eo

448 2048 593 2116 quod
640 2050 796 2107 liberi
836 2056 987 2110 servi
1029 2075 1136 2114 non
1189 2063 1342 2130 ﬁant,
1397 2070 1489 2138 qui
1532 2048 1746 2131 sacram
1794 2081 2015 2138 benedi-

448 2335 835 2391 pervenerunt,
882 2333 1228 2391 sanctissime
1279 2338 1497 2399 domine
1532 2387 1546 2411 ,
1590 2352 1733 2417 quod
1789 2356 2008 2423 quidam

448 2428 673 2483 eorum,
721 2421 813 2488 qui
857 2423 922 2477 ad
958 2434 1207 2482 sanctum
1256 2439 1311 2485 et
1344 2449 1595 2506 maguum
1640 2421 2009 2517 2567divini

454 2502 613 2561 Verbi
651 2510 929 2578 sapientiae
977 2518 1232 2585 templum
1277 2502 1571 2593 accedunt,
1601 2502 2006 2597 adﬂigrtatem-

448 2600 874 2668 proclamantes,
908 2616 959 2660 et
1006 2624 1177 2677 genus
1213 2630 1372 2669 suum
1406 2618 1472 2673 ad
1520 2622 1786 2683 libertatis
1825 2642 2010 2689 osten-

448 2686 656 2742 sionem
705 2692 999 2764 allegantes
1045 2700 1255 2768 (dicunt
1293 2707 1437 2761 enim
1480 2726 1539 2766 se
1586 2729 1650 2768 ex
1699 2717 1882 2775 liberis
1918 2740 2008 2793 pa-

452 2782 699 2836 rentibus
748 2800 873 2842 esse
907 2800 1085 2856 natos,

448 2870 738 2941 aliis,quos
772 2875 824 2929 in
859 2882 1175 2937 servitutem
1209 2897 1394 2942 nostra
1426 2907 1532 2947 non
1567 2901 1773 2968 accepit
1808 2870 2004 2977 r'espu-

452 2962 642 3035 blica),
669 2980 729 3021 ea
760 2970 974 3037 quidem
1003 2989 1123 3042 quae
1158 2976 1345 3032 dicunt
1378 2962 1748 3045 demonstrare
1783 2962 2002 3060 permit—

450 3063 665 3110 tuntur.
708 3057 771 3113 Et
814 3070 1099 3134 postquam
1148 3076 1315 3126 testes
1356 3069 1504 3130 omni
1538 3057 1855 3150 exceptione
1880 3074 2005 3142 ‘ma-
2030 3097 2075 3158 c

442 3141 613 3211 jores,
642 3155 697 3201 et
717 3148 771 3202 in
800 3166 936 3219 quos
961 3154 1104 3208 nulla
1127 3158 1271 3211 cadit
1295 3161 1627 3231 criminatio,
1654 3172 1997 3247 adduxerint,

452 3235 516 3287 ad
552 3236 688 3290 alios
721 3238 801 3293 eis
834 3249 1001 3297 testes
1031 3251 1387 3315 opponendos
1425 3270 1613 3310 eorum
1645 3258 1850 3316 domini
1880 3235 2002 3333 pro:

444 3325 691 3391 cedunt;
722 3337 775 3384 et
817 3332 898 3386 sic
931 3349 1053 3389 cum
1090 3338 1147 3402 ii,
1177 3341 1269 3407 qui
1305 3357 1620 3417 provocant,
1651 3368 1757 3407 non
1792 3362 2003 3425 possint

446 3418 684 3486 amplius
722 3422 772 3474 in
806 3422 1029 3491 judiciis
1068 3433 1383 3500 persistere,
1412 3441 1627 3496 servilis
1666 3449 2001 3510 conditionis

449 3527 620 3566 onere
659 3529 852 3571 rursus
896 3523 1334 3589 opprimuntur:
1368 3540 1417 3583 et
1462 3535 1677 3601 quando
1720 3528 1999 3601 matrimo-

446 3602 618 3657 niales
670 3605 804 3660 ﬁunt
851 3624 1130 3668 servorum
1192 3625 1618 3679 consuetudines
1668 3638 1723 3684 et
1773 3638 2001 3692 convin-

446 3693 656 3750 ctiones
692 3698 744 3751 in
788 3709 974 3755 nostra
1009 3706 1308 3783 republica,
1346 3728 1439 3767 eas
1466 3722 1646 3771 tamen
1689 3736 1845 3778 sacra
1892 3744 1997 3783 non

449 3788 807 3855 consequitur
856 3782 1204 3861 benedictio,
1266 3804 1590 3861 caventibus
1647 3809 1882 3870 dominis
1934 3838 2001 3877 ne

449 3880 593 3933 servi
644 3882 784 3937 inter
835 3900 893 3941 se
946 3888 1175 3946 invicem
1234 3908 1356 3948 eum
1407 3912 1559 3953 sacra
1616 3903 1991 3971 benedictione

447 3972 867 4044 conjungantur,
903 3994 972 4034 ne
1000 3997 1061 4035 ex
1104 3998 1168 4038 eo
1198 3987 1263 4039 ad
1298 3986 1607 4049 libertatem
1652 4005 2001 4065 conveniant.

448 4062 648 4119 Eorum
701 4079 880 4124 autem
930 4080 1223 4142 utrumque
1268 4085 1613 4141 convenienti
1664 4099 2003 4155 correctione

448 4168 588 4220 opus
619 4156 817 4213 habere
857 4163 1104 4229 censuit;
1145 4174 1200 4220 et
1240 4179 1522 4239 propterea
1565 4177 1704 4235 hanc
1744 4191 2005 4242 constitu-

446 4247 644 4302 tionem
673 4266 863 4320 magna
888 4269 1009 4307 cum
1038 4260 1290 4315 cautione
1320 4273 1372 4317 et
1396 4267 1785 4330 observatione
1810 4281 2001 4345 edidit,

446 4356 541 4408 per
586 4359 745 4411 (ιιι-ειη
797 4349 1051 4403 statuitur
1086 4351 1154 4405 de
1186 4354 1273 4409 his
1298 4359 1402 4425 :qui
1433 4360 1499 4413 ad
1538 4361 1839 4420 libertatem
1875 4387 2001 4439 pro-

441 4430 679 4486 clamant
709 4438 877 4488 servis

1132 2792 1380 2865 Bulgaris
1432 2802 1569 2858 forte
1604 2807 1687 2863 vel
1735 2792 2006 2883 aliquibus

2109 2792 2358 2869 τοιούτων
2383 2792 2478 2881 οὓς
2512 2792 2591 2883 είς
2613 2792 2857 2877 δουλείαν
2877 2792 2920 2895 ’ἡ
2946 2792 3237 2897 καθ’.ήμᾶς

2125 516 2236 570 τῶν
2281 519 2463 587 νόμων
2509 524 2604 573 καὶ
2661 523 2770 577 τῶν
2830 526 3070 581 κανόνων
3108 530 3271 583 πλέον
3328 531 3547 586 πάντων
3592 534 3694 605 τήν

2123 607 2435 677 ἐλευθερίαν
2455 627 2469 642 ·
2502 610 2675 679 ἄλλως
2708 618 2916 670 τεοέπεὶ
2946 619 3047 672 οὐκ
3079 620 3430 691 ὑπερϐαίνειν
3468 615 3690 697 τίμημᾶ

2123 698 2308 752 δούλου
2355 701 2680 773 οίουδήτινος
2736 706 2865 775 μίαν
2922 708 3256 781 ὑπερπύρων
3300 713 3511 782 λίτραν,
3540 733 3691 768 νενο-

2127 790 2418 860 μοθέτηται
2441 794 2496 846 δὲ
2551 796 2643 848 ἐπὶ
2704 799 2833 865 μιᾶς
2882 799 3215 871 ὑπερπύρων
3276 804 3463 873 λίτρας
3499 805 3692 874 ἀρκεῖν

2127 883 2406 954 μάρτυρας
2424 885 2535 948 δύο,
2571 889 2789 951 πάντως
2829 893 2923 944 καὶ
2964 894 3043 954 είς
3077 895 3350 961 ἀπόδειξιν
3382 897 3693 967 ἐλευθερίας

2124 974 2217 1027 δύο
2262 977 2558 1045 ἀρκέσουσι
2616 980 2890 1049 μ’άρτυρες
2951 984 3258 1048 ἀκολούθως
3325 986 3403 1055 τῷ
3461 988 3691 1058 παρόντι

2124 1070 2308 1122 κανόνι
2370 1071 2445 1139 τῷ
2500 1074 2636 1140 ὑπὲρ
2670 1075 2767 1142 τῆς
2822 1074 3132 1144 ἐλευθερίας
3162 1078 3550 1148 ἐκφωνηθέντι,
3584 1082 3678 1133 καὶ

2122 1161 2329 1228 λέγοντι
2361 1164 2415 1228 ἐξ
2439 1165 2614 1234 ἀρχῆς
2634 1183 2647 1196 ο
2685 1166 2806 1218 Ἐπὶ
2839 1166 2930 1220 δύο
2958 1168 2988 1237 ἦ
3019 1170 3185 1240 τριῶν
3225 1173 3518 1242 μαρτύρων
3551 1190 3677 1224 στας

2072 1314 2081 1325 ι
2125 1252 2346 1322 θήσεται
2384 1257 2489 1307 πᾶν
2517 1257 2688 1324 ῥῆμα.
2732 1259 2840 1311 Καὶ
2875 1260 2956 1311 ὅτι
2989 1260 3045 1324 ἐξ
3079 1261 3293 1325 ἀτονίας
3323 1263 3431 1316 τῶν
3454 1263 3675 1317 ἀποδεί-

2123 1343 2257 1409 ξεων
2281 1346 2400 1415 οὐχὶ
2430 1347 2462 1414 ή
2487 1348 2837 1418 ἀδιατίμητος
2871 1351 3152 1421 ἐλευθερία
3196 1355 3393 1407 δίδοται
3437 1356 3515 1425 τῷ
3535 1356 3686 1408 ἀντι-

2119 1436 2274 1505 δίκῳ,
2300 1438 2433 1491 ἀλλὰ
2482 1440 2513 1509 ὴ
2546 1442 2776 1506 δουλεία,
2827 1445 2950 1513 ἥτις
3008 1446 3344 1515 ἀποτιμᾶται
3374 1450 3447 1511 ὡς
3476 1449 3687 1501 ἄνωθεν

2120 1530 2352 1599 εῐρηται,
2388 1526 2455 1602 ἦς
2486 1535 2575 1585 καὶ
2622 1534 2869 1604 δοθείσης
2895 1537 2981 1591 διὰ
3014 1541 3363 1610 νομισμάτων
3388 1541 3688 1612 ἐλευθερω-

2125 1620 2348 1690 θήσεται
2385 1624 2413 1675 ὀ
2448 1623 2863 1694 ἐλευθεροὸοῶν.

2204 1714 2495 1783 Ἀνάγνωθι
2545 1719 2636 1770 καὶ
2691 1720 2788 1786 τὴν
2832 1722 3053 1791 Νεαρὰν
3080 1722 3172 1775 τοῦ
3232 1722 3495 1792 βασιλέως
3516 1730 3684 1797 κυροῦ

2126 1805 2364 1873 Ἀλεξίου
2387 1810 2480 1863 τοῦ
2516 1811 2825 1883 Κομνηνοῦ,
2856 1814 2951 1884 τὴν
2998 1816 3365 1886 ἐξενεχθεῖσαν
3404 1819 3563 1891 χάριν
3587 1821 3682 1873 τοῦ

2117 1898 2191 1968 μὴ
2262 1899 2510 1989 δέχεσθαι
2587 1904 3090 1977 ἀντιπαραστᾱωεις
3172 1909 3503 1979 μαρτύρων,
3554 1913 3683 1965 ὅταν

2117 1990 2471 2060 παράγωνται
2520 1994 2795 2065 μάρτυρες
2850 1998 2999 2073 παρὰ
3043 1997 3137 2051 τοῦ
3171 1999 3678 2071 ἐλευθεροόοῶντος,

2114 2082 2208 2135 καὶ
2236 2083 2396 2154 χάριν
2424 2083 2517 2137 τοῦ
2555 2086 2629 2155 μὴ
2663 2087 2906 2154 γίνεσθαι
2936 2089 3253 2157 ἐλευθέρους
3283 2094 3409 2155 τοὺς
3472 2095 3677 2164 ἱερολε-

2112 2174 2371 2241 γομένους
2412 2175 2525 2244 (98)
2559 2177 2799 2245 δούλους,
2833 2179 2931 2248 τὴν
2959 2181 3051 2235 καὶ
3084 2184 3208 2236 τάδε
3260 2186 3436 2254 ῥητῶς
3459 2187 3681 2251 διεξιού-

2112 2283 2231 2321 σαν.
2258 2267 2360 2320 Δύο
2385 2268 2557 2322 ταῦτα
2585 2271 2678 2324 ἐπὶ
2698 2272 2794 2334 τὰς
2813 2273 2980 2336 ἀκοὰς
3004 2278 3070 2344 τῇ
3098 2276 3345 2349 βασιλείᾳ
3370 2296 3470 2347 μου
3490 2275 3675 2351 ἦλθεν,

2111 2359 2378 2424 άγιώτατε
2410 2361 2664 2425 δέσποτα,
2695 2364 2770 2428 ὥς
2800 2383 2945 2430 τινες
2978 2368 3085 2420 τῶν
3115 2370 3569 2441 προσερχομένων
3599 2374 3678 2443 τῷ

2112 2451 2254 2522 ἁγίῳ
2283 2452 2503 2524 μεγάλῳ
2527 2472 2585 2508 τε
2609 2456 2704 2508 καὶ
2746 2457 2872 2529 θείῳ
2930 2459 3041 2530 ναῷ
3071 2462 3170 2529 τῆς
3222 2462 3316 2515 τοῦ
3343 2463 3475 2517 Θεοῦ
3500 2465 3676 2530 Λόγου

2109 2540 2319 2609 σοφίας,
2344 2545 2421 2605 είς
2461 2544 2774 2615 ἐλευθερίαν
2814 2550 3242 2617 ἀναφωνοῦντες.
3292 2554 3381 2606 καὶ
3404 2556 3676 2625 πρόφασιν

2108 2633 2208 2702 τῆς
2238 2632 2550 2704 ἐλευθερίας
2583 2638 2643 2690 τὸ
2672 2639 2830 2705 γένος
2856 2641 3172 2711 ποιούμενοι
3205 2644 3361 2714 (φασὶ
3390 2647 3498 2716 γὰρ
3524 2649 3673 2703 ἐλευ-

2107 2723 2279 2795 θέρων
2303 2727 2889 2798 γεγεννῆσθαίγουέων,
2923 2733 3250 2805 Βουλγάρων
3273 2739 3436 2809 τυχὸν
3465 2740 3673 2810 ἧτινων

3281 2831 3341 2884 οὐ
3399 2834 3673 2903 παρέλασε

2104 2907 2502 2975 πολιτεία),είς
2549 2913 2821 2982 ἀπόδειξιν
2873 2918 2981 2973 τῶν
3033 2920 3339 2991 λεγομένων
3395 2926 3669 2995 ἀφίενται.

2104 3001 2347 3075 Κάπειδὴ
2385 3006 2819 3077 παραστήσονται
2845 3011 3127 3082 μάρτυρας
3171 3014 3552 3087 ἀδιαόλήτους,
3583 3021 3666 3082 είς

2104 3092 2636 3168 ἁντιπαραστατικὴν
2701 3102 3007 3172 μαρτυρίαν
3038 3105 3099 3157 ιοί
3126 3105 3305 3175 κύριοι
3333 3110 3537 3164 τούτων
3562 3128 3669 3180 χωο

2108 3180 2261 3254 ροῦσι
2297 3224 2312 3246 ,
2366 3185 2459 3237 καὶ⁹
2519 3186 2691 3253 οὕτως
2740 3190 2848 3242 τῶν
2917 3193 3293 3261 ἐγκαλούντων
3341 3199 3428 3251 διὰ
3484 3201 3670 3263 τέλους

2110 3276 2457 3346 παραμένειν
2532 3283 2645 3343 τοῖς
2709 3281 3080 3355 δικαστηρίοις
3132 3288 3582 3355 άδυνατούντων,
3638 3298 3671 3359 ἡ

2105 3367 2326 3437 δουλικὴ
2372 3368 2507 3439 τύχη
2539 3371 2700 3425 πάλιν
2727 3375 2937 3438 τούτοις
2966 3379 3376 3451 ἐπιφορτίζεται
3401 3400 3416 3415 °
3446 3386 3539 3439 καὶ
3583 3388 3670 3441 ὅτι

2106 3461 2337 3530 γαμικαὶ
2366 3461 2565 3516 δούλων
2583 3465 2787 3535 ὁμιλίαι
2812 3485 2870 3521 τε
2893 3471 2986 3522 καὶ⁵
3036 3476 3378 3543 συναρμογαὶ
3407 3480 3555 3548 παρὰ
3587 3482 3665 3550 τῷ

2106 3551 2229 3606 καθ’
2256 3555 2401 3621 ἡμᾶς
2449 3555 2688 3622 γίνονται
2748 3560 3126 3632 πολιτεύματι,
3176 3566 3235 3618 οὐ
3276 3569 3523 3640 μέντοιγε
3574 3575 3670 3629 καὶ

2109 3642 2379 3714 ίερολογία
2441 3648 2668 3712 ταύταις
2715 3651 3020 3717 ἀκολουθεῖ,
3080 3656 3188 3709 τῶν
3229 3661 3433 3731 κυρίων
3488 3667 3669 3722 αὐτῶν

2106 3735 2516 3805 εὐλαϐουμένων
2575 3740 2694 3806 μεθ’
2727 3742 3025 3814 ίερολογίας
3087 3748 3348 3819 ἀλλήλους
3378 3757 3669 3812 συνάπτειν

2105 3827 2233 3889 τοὺς
2283 3827 2543 3893 δούλους,
2601 3831 2685 3883 ἵνα
2743 3833 2815 3903 μὴ
2864 3834 3002 3904 πρὸς
3054 3837 3367 3911 ἐλευθερίαν
3419 3846 3669 3903 ἐντεῦθεν

2109 3922 2430 3975 συνέλθωσι.
2464 3923 2574 3974 Καὶ
2603 3923 2703 3992 τῆς
2735 3928 3118 3999 προσηκούσης
3141 3931 3303 4001 ἄμφω
3331 3935 3669 4006 διορθώσεως

2014 4034 2034 4056 ο
2105 4012 2308 4081 ἔγνωκε
2343 4014 2473 4067 δεῖν’
2510 4015 2605 4067 καὶ
2634 4016 2721 4070 διὰ
2746 4018 2903 4072 τοῦτο
2930 4020 2991 4071 τὸ
3008 4023 3181 4090 παρὸν
3208 4024 3484 4097 διάταγμα
3534 4048 3662 4084 συν-

2105 4106 2486 4173 τετηρημένως
2519 4106 2751 4170 ἐξέθετο.
2777 4108 2844 4160 δι’
2871 4103 2932 4163 οὗ
2963 4111 3258 4181 διορίζεται
3294 4120 3433 4179 κατὰ
3453 4122 3558 4174 τῶν
3588 4127 3668 4189 είς

2107 4191 2417 4261 ἐλευθερίαν
2430 4196 2852 4263 άναφωνούντων
2877 4198 3096 4264 δούλων,
3131 4202 3667 4281 ἀντιπαραστατικὴν

2110 4286 2423 4367 μαρτυρίαν
2440 4286 2513 4355 μὴ
2545 4291 2783 4356 κρατεῖν,
2846 4291 2979 4359 μηδὲ
3012 4291 3197 4360 χώραν
3228 4296 3363 4360 ὅλως
3398 4297 3541 4367 ἔχειν
3570 4303 3667 4354 αύ-

2107 4374 2205 4446 τὴν
2231 4378 2359 4443 παρ’
2388 4366 2655 4446 οίῳδήτινι
2688 4380 2946 4452 πολιτικῷ
2971 4382 3001 4453 ἢ
3033 4366 3473 4461 ἐκκλησιαστικῷ
3512 4393 3666 4446 δικα-

885 4477 900 4501 ,
928 4454 996 4493 ne
1022 4438 1079 4505 ii,
1105 4444 1196 4511 qui
1222 4456 1409 4500 contra
1441 4449 1804 4517 adducuntur,
1830 4438 1995 4517 testes

2109 4438 2348 4538 στηρίῳλ
2396 4438 2545 4520 ἀλλὰ.
2562 4473 2673 4533 τοίς
2700 4438 3001 4537 ὲγκαλούσιι
3034 4438 3215 4543 μόνοις
3240 4438 3336 4542 τάς
3360 4438 3665 4548 ἁπζδείξεις

439 4521 547 4574 vim
599 4524 760 4578 ullam
818 4526 1061 4585 locumve
1113 4533 1383 4600 habeant,
1424 4539 1479 4590 in
1528 4544 1851 4614 quocunque
1900 4567 1996 4606 seu

440 4610 587 4645 nivi"
625 4628 716 4645 ιω..
753 4618 1129 4645 ηιιηι,.-ε,.-.ε--
1166 4625 1216 4645 2--
1241 4626 1359 4645 »μμ
1494 4644 1499 4645 ,
1532 4630 1544 4645 ι
1586 4632 1619 4644 ο.
1721 4635 1753 4645 ..
1897 4641 1907 4645 _
1948 4644 1951 4645 ,

2189 4521 2217 4538 ,,
2278 4521 2289 4537 ,
2604 4521 2611 4522 κ
2653 4521 2668 4533 υ
2707 4521 2751 4537 κ.
2789 4521 2991 4525 «vr-nn
3034 4521 3213 4543 r"""a
3249 4521 3333 4542 --σν
3360 4521 3662 4548 ν-ηννωνιδ»

2109 4560 2237 4613 κατά
2290 4560 2486 4629 νόμους
2539 4563 2876 4633 ἐπάγεσθαι,
2934 4567 3034 4621 κᾶν
3093 4568 3147 4620 εἴ
3199 4587 3302 4623 που
3346 4578 3665 4645 μαρτυριῶν

439 4904 616 4958 neque
649 4894 917 4949 calumnia
942 4896 1172 4960 inducti,
1213 4902 1432 4955 testium
1457 4905 1819 4979 jurejurando
1846 4916 1994 4984 judi-

439 5163 873 5221 adversariorum
910 5168 1251 5239 inaequalitas
1296 5178 1368 5231 sit
1410 5179 1763 5238 inferioribus
1807 5187 1994 5248 damni

440 5269 498 5309 ευ
510 5273 625 5311 “Sil.

3356 4852 3405 4911 ἴς
3437 4854 3651 4922 κυρίοις

2095 4926 2275 4979 αὐτῶν
2303 4928 2660 4997 ἐγχωρείσθαι
2681 4948 2695 4961 '
2735 4933 2819 4984 ἵνα
2846 4933 2923 5004 μὴ
2952 4937 3012 4987 τὸ
3043 4938 3177 4991 πολὺ
3215 4940 3323 4993 τῶν
3359 4943 3661 4998 ἀντιθέτων

439 4982 583 5035 cium
617 4986 902 5054 solvatur;
940 4989 1033 5042 sed
1062 5004 1169 5045 non
1200 4997 1486 5050 contraria:
1518 5002 1681 5056 etiam
1712 5020 1807 5073 per
1834 5018 1999 5068 testes

2109 5021 2280 5073 ῑνισον
2334 5020 2538 5089 βλάϐης

441 5076 786 5141 probationes
814 5093 1001 5132 eorum
1027 5079 1261 5140 dominis
1288 5090 1687 5159 permittantur,
1719 5113 1783 5150 ne
1808 5116 1995 5170 magna
2096 5126 2277 5181 σηται.

2602 5022 2776 5078 αἴτιον
2835 5029 2949 5090 τοῖς
3004 5029 3439 5104 ὲλαχιστοτέροις
3497 5037 3663 5109 γενή-

1652 5439 1844 5504 Guill.
1876 5445 2215 5524 ABeveregii
2252 5455 2442 5510 notas:

514 5547 624 5617 (98)
679 5549 823 5615 Τοὺς
860 5554 1358 5680 ἱερολεγοςιένους.
1400 5562 1455 5617 In
1505 5568 1689 5623 codice
1731 5571 1986 5629 Amerba-

518 5618 639 5673 iano
660 5621 851 5680 legitur
869 5626 992 5680 τοὺς
1011 5629 1121 5680 leno
1155 5632 1493 5680 ογουιιένουε,
1518 5637 1799 5680 nnnmmln
1821 5645 1982 5680 aliam

441 5619 639 5697 chiano
660 5621 855 5703 legitur
869 5619 992 5688 τοὺς
1011 5619 1493 5703 ἱερολογουμῖένους.
1518 5619 1982 5703 ρυὸίιὶοἷῐόὶῖίεῖῗη

445 5687 499 5750 in
526 5691 763 5760 margice
792 5694 856 5747 ad
891 5687 1137 5757 eumdem
1162 5687 1395 5758 codicem
1427 5687 1617 5777 legi-tu}
1649 5712 1731 5766 his
1767 5714 1975 5781 verbis,

2105 5578 2270 5661 νεαρὰ
2302 5580 2374 5661 μή
2404 5579 2816 5661 ἐλευθεροῦσθαι
2838 5583 3179 5659 διοριζομένη
3207 5590 3329 5654 τοὺς
3359 5588 3659 5661 ἱερολογουο

2094 5649 2287 5717 μένους
2332 5650 2570 5715 δούλους.
