4062 6454
407 391 507 453 801

1384 390 1467 453 IN
1496 393 1660 455 CAN.
1697 393 1955 457 Lxxxv
1988 391 2193 454 CONC.
2232 391 2315 459 IN
2354 372 2679 458 TRULLO.

3539 402 3643 467 8οΞ

486 515 625 569 Ἀλλ’
658 515 848 587 ὥσπερ
915 516 1007 569 ἐπὶ
1040 515 1151 569 τῶν
1206 514 1477 584 ὁμοτελῶν
1503 516 1537 585 ή
1573 515 1667 567 τοῦ
1736 532 1950 584 μακαρι

2145 513 2249 568 Sed
2293 516 2753 584 quemadmodum
2804 517 2857 572 in
2902 518 2992 585 iis,
3039 518 3130 586 qui
3176 517 3321 573 idem
3372 519 3635 575 tributum

407 610 533 664 στοῦ
586 609 754 680 κυροῦ
779 608 1065 661 Βασιλείου
1091 606 1383 678 νομοθεσία
1418 609 1532 670 τοῖς
1559 607 1803 670 δυνατοῖς
1828 608 1970 661 κατά

404 702 514 754 τῶν
556 702 806 769 πενήτων
886 686 1381 769 ἀντιπαραστάσεις
1434 700 1536 754 οὑκ
1591 698 1970 769 ἐξεχώρησεν⁸

332 790 335 793 ’
406 792 549 844 οὕτω
609 791 888 844 κάνταῦθα
934 793 1049 855 τοῖς
1108 792 1323 863 κυρίοις
1376 793 1519 846 κατὰ
1592 794 1700 846 τῶν
1765 791 1968 845 δούλων

408 885 812 955 άπεσϐεσμὲνον
837 884 988 939 ἔσται
1014 886 1075 938 τὸ
1099 885 1199 956 τῆς
1252 882 1779 953 άντιπαραστάσεως
1813 888 1964 955 ἰσχυ-

412 977 523 1046 ρὸν,
550 978 639 1028 καὶ
679 978 812 1045 μόνη
874 978 1138 1048 κρατήσει
1182 979 1331 1048 παρὰ
1360 978 1566 1039 τούτοις
1606 979 1641 1048 ὴ
1667 977 1807 1031 κατὰ
1853 979 1963 1030 τῶν

411 1068 702 1136 μαρτύρων
730 1068 946 1136 διαϐολή
974 1084 989 1099 ⁸
1040 1069 1141 1137 τῆς
1189 1071 1712 1138 άντιπαραστάσεως
1751 1070 1967 1132 πάντως

412 1158 486 1227 μὴ
522 1148 955 1229 ἀποκλειομένης
1007 1161 1117 1222 τοῖς
1143 1160 1561 1231 ἐγκαλουμένοις
1584 1160 1810 1223 δούλοις,
1838 1161 1968 1214 ὅταν

406 1251 528 1312 τοὺς
549 1250 827 1319 μάρτυρας
864 1252 1006 1305 κατὰ
1030 1252 1138 1304 τῶν
1167 1253 1223 1303 ἐν
1254 1254 1390 1323 νομῇ
1443 1250 1755 1321 ἐλευθερίας
1790 1253 1962 1306 ὄντων

402 1340 451 1391 οἱ
481 1341 615 1409 πρὸς
633 1341 879 1395 δουλείαν
909 1342 1155 1405 ἕλκοντες
1184 1341 1409 1407 τούτους
1437 1345 1818 1414 παραγάγωσι.
1843 1344 1966 1406 Τοῖς

402 1432 509 1501 γάρ
538 1432 968 1503 ὲλαχιστοτέροις
1033 1435 1127 1488 καὶ
1181 1433 1523 1503 ἁσθενέσινὴ
1574 1433 1828 1504 παροῦσα
1854 1434 1968 1487 διά-

402 1521 559 1587 ταξις
618 1523 898 1593 χαρίζεται
945 1525 1043 1595 τὴν
1097 1523 1287 1594 ῥοπὴν,
1345 1525 1459 1578 ἀλλ’
1511 1523 1607 1594 οὐχ
1659 1523 1797 1594 ὑπὲρ
1857 1524 1966 1577 τῶν

403 1612 641 1666 δυνατῶν
679 1617 773 1667 καὶ
799 1616 998 1684 μᾶλλον
1032 1616 1403 1687 ίσχυροτέρων
1430 1616 1760 1671 ἐκτέθειται.
1784 1618 1962 1686 Προσ-

403 1704 586 1775 τίθησι
605 1706 661 1761 δὲ
688 1708 783 1761 καὶ
815 1709 912 1772 τὰς
970 1709 1272 1778 ἱερολογίας
1338 1709 1414 1780 μὴ
1450 1711 1608 1779 μόνον
1653 1710 1804 1778 παρὰ
1853 1711 1965 1772 τοῖς

401 1795 725 1867 ἐλευθέροις,
787 1799 922 1852 ἀλλά
978 1801 1072 1853 καὶ
1124 1800 1275 1871 παρὰ
1326 1804 1439 1863 τοῖς
1478 1800 1685 1862 δούλοις
1716 1803 1960 1870 κρατεῖν.

398 1889 507 1940 Καὶ
557 1888 732 1958 γάμον
771 1891 844 1960 μὴ
871 1890 1046 1954 ἄλλως
1071 1892 1293 1961 ἔννομόν
1318 1909 1377 1944 τε
1405 1894 1499 1945 καὶ
1536 1893 1634 1962 τῆς
1676 1894 1961 1964 Χρισιτια-

398 1970 554 2049 νικῆς
581 1980 962 2044 καταστάσεως
1005 1984 1153 2049 ἄξιον
1187 1980 1323 2036 εἷναί
1372 2002 1431 2037 τε
1485 1987 1575 2038 καὶ
1624 1985 1957 2055 νομίζεσθαι,

396 2072 444 2122 εί
487 2071 558 2141 μὴ
592 2075 685 2124 καὶ
739 2074 1005 2143 ἱερολογία
1064 2074 1192 2136 τοὺς
1267 2074 1705 2144 συναπτομένους
1761 2075 1958 2133 συνδεῖ.

401 2161 633 2215 ΙΙἈτοιτον
662 2163 770 2234 γὰρ
793 2163 858 2216 ἂν
892 2163 1001 2233 εἴη,
1033 2165 1163 2233 μιᾶς
1196 2166 1253 2217 ἐν
1279 2167 1414 2219 πᾶσι
1439 2166 1538 2234 τῆς
1570 2167 1960 2236 Χριστιανικῆς

396 2248 708 2323 κρατούσης
738 2250 971 2315 πίστεως
1003 2254 1096 2305 καὶ
1130 2252 1503 2324 βαπτίσματος
1527 2254 1957 2325 ὁμολογουμένου

397 2340 537 2404 ἐνδς,
593 2342 660 2394 δι’
710 2336 770 2397 οὗ
806 2347 1164 2416 προσήγμεθα
1189 2347 1266 2418 τῷ
1292 2348 1500 2417 Κυρίῳ,
1537 2349 1629 2402 καὶ
1657 2350 1756 2416 τῆς
1786 2349 1957 2418 αὐτῆς

398 2432 669 2502 σωτηρίας
701 2433 1063 2507 ἐλπιζομένης
1100 2440 1266 2492 πᾶσιν
1290 2440 1421 2508 ἡμῖν
1445 2442 1558 2503 τοῖς
1588 2424 1957 2504 πιστεύουσιν,

394 2525 716 2593 ὑποτρέχειν
754 2526 928 2590 ἐνίους
971 2527 1354 2593 ὑπόνοιανμῖις
1382 2531 1496 2593 τοῖς
1554 2530 1760 2594 δούλοις
1787 2525 1952 2603 ἦττον

397 2615 619 2682 μέτεστι
646 2616 740 2670 τοῦ
770 2618 935 2672 καλοῦ
960 2637 974 2652 ·
1008 2621 1105 2675 καὶ
1143 2621 1271 2685 τοὺς
1303 2620 1401 2690 μὲν
1453 2622 1768 2693 ἐλευθέρους
1815 2621 1957 2676 κατὰ

393 2707 573 2777 γάμον
622 2700 874 2780 ἀλλήλοις
926 2712 1295 2767 συνάπτεσθαι
1376 2714 1498 2784 θείᾳ
1562 2713 1955 2783 συνδουμένους

393 2800 526 2870 εὐχῇ
558 2803 822 2873 πρότερον
848 2819 864 2835 ο
891 2805 1018 2867 τοὺς
1046 2804 1266 2868 δούλους
1296 2805 1353 2857 δὲ
1370 2804 1613 2859 τοιούτου
1643 2806 1955 2861 διαπίπτειν

394 2891 562 2944 καλοῦ
594 2896 688 2947 καὶ
728 2894 805 2966 μὴ
829 2896 1281 2967 παραλαμϐάνειν
1301 2897 1432 2949 Θεὸν
1453 2895 1541 2949 ἐπ’
1588 2897 1812 2969 εὐλογίᾳ
1850 2900 1952 2968 τῆς

396 2983 780 3067 συνελεύσεως,
810 2986 1117 3057 ἢδεδιέναιη,
1149 2989 1301 3051 ὡς,εί
1337 2988 1805 3060 παρελαμϐάνετο,
1841 2991 1955 3044 ἀδι-

396 3075 593 3147 κηθείη
629 3078 695 3132 ἂν
724 3080 960 3151 περὶτὴν
985 3080 1302 3133 δεσποτείαν
1328 3081 1357 3133 ὁ
1383 3082 1584 3134 τούτων
1611 3068 1822 3152 κύριος,
1855 3081 1953 3152 τῆς

2072 608 2310 668 solvunt,
2360 608 2442 661 lex
2490 608 2790 662 beatissimi
2839 610 3043 663 domini
3085 611 3270 665 Basilii
3325 611 3641 679 potentibus

2070 697 2333 751 adversus
2359 714 2622 768 pauperes
2643 703 2949 754 contrarias
2974 701 3321 769 probationes
3350 718 3446 771 per
3466 711 3637 757 testes

2072 806 2180 843 non
2217 793 2461 861 permisit
2497 809 2510 845 :
2546 793 2625 847 sic
2669 802 2722 847 et
2760 793 2846 847 hic
2877 794 3114 848 dominis
3150 795 3413 849 adversus
3450 809 3639 849 servos

2071 883 2155 935 vis
2188 885 2474 937 contrariae
2506 900 2599 952 per
2637 896 2802 938 testes
2833 886 3182 952 probationis
3210 888 3479 941 exstincta
3509 891 3638 951 erit,

2016 1018 2017 1023 η
2067 984 2120 1027 et
2146 975 2260 1025 sola
2293 973 2431 1042 apud
2459 990 2552 1027 eos
2584 974 2785 1028 valebit
2818 975 3083 1028 adversus
3109 975 3256 1040 ipsos
3288 986 3453 1030 testes
3486 977 3636 1032 illata

2068 1066 2379 1143 criminatio
2408 1082 2421 1129 ;
2456 1068 2730 1119 contraria
2769 1083 2874 1118 non
2921 1067 3146 1118 omnino
3186 1082 3281 1134 per
3312 1077 3478 1121 testes
3513 1084 3638 1138 pro-

2072 1156 2289 1210 batione
2338 1158 2578 1217 exclusa,
2612 1156 2831 1225 quando
2875 1158 2929 1217 ii.
2968 1160 3057 1226 qui
3096 1162 3328 1211 trahunt
3370 1160 3427 1214 in
3462 1162 3638 1214 servi-

2052 1258 2271 1315 tutem,
2307 1251 2565 1304 adversus
2598 1252 2742 1315 illos,
2786 1252 2875 1320 qui
2917 1252 3040 1321 jure
3082 1262 3210 1304 sunt
3248 1252 3427 1316 liberi,
3462 1256 3637 1308 servis

2068 1338 2122 1391 in
2173 1339 2266 1408 jus
2318 1334 2777 1401 vocatisJestes,
2832 1340 3214 1408 produxerim.
3275 1340 3636 1397 lnl‘erioribus

2067 1433 2211 1487 enim
2242 1444 2293 1485 et
2327 1431 2614 1485 imbecillis
2645 1448 2886 1501 przesens
2920 1434 3244 1486 constitutio
3274 1435 3631 1504 gratiﬁcatur,

2065 1528 2117 1576 et
2152 1521 2295 1589 quod
2340 1536 2434 1575 eos
2470 1521 2625 1590 juvet
2661 1521 3049 1575 subministrat
3100 1540 3114 1575 :
3157 1538 3264 1576 non
3307 1534 3490 1578 autem
3536 1542 3635 1595 pro

2080 1612 2382 1681 majoribus
2434 1622 2487 1666 et
2528 1612 2927 1681 potentioribus
2973 1614 3175 1667 editur.
3208 1613 3415 1680 Adjicit
3450 1626 3632 1670 autem

2065 1713 2118 1758 et
2149 1719 2335 1759 sacras
2365 1706 2798 1768 benedictiones,
2842 1720 2951 1759 non
2995 1706 3171 1759 solum
3217 1708 3361 1775 apud
3409 1708 3629 1775 liberos,

2066 1795 2161 1852 sed
2192 1797 2353 1851 etiam
2384 1798 2523 1864 apud
2552 1812 2741 1851 servos
2766 1797 2965 1851 valere.
2999 1796 3064 1851 Et
3094 1800 3311 1868 nuptias
3344 1816 3451 1854 non
3489 1803 3627 1856 alias

2065 1891 2337 1959 legitimas
2366 1901 2420 1945 et
2465 1890 2778 1945 Christiana
2817 1891 3167 1951 inStitutione
3201 1892 3396 1962 dignas
3423 1908 3544 1948 esse
3574 1902 3630 1949 et

2059 1983 2391 2044 exrstimari,
2430 1982 2533 2035 nisi
2574 1982 2739 2035 etiam
2780 1982 3085 2038 benedictio
3114 1990 3232 2047 eds,
3266 1984 3357 2051 qui
3394 1985 3629 2055 conjun-

2058 2084 2279 2145 guntur,
2313 2074 2553 2143 colliget.
2594 2073 2904 2128 Absurdum
2941 2076 3085 2131 enim
3134 2085 3303 2143 esset,
3346 2094 3469 2132 cum
3504 2054 3623 2133 una
3680 2054 3687 2067 ‘

2059 2167 2113 2221 in
2155 2167 2410 2221 omnibus
2436 2166 2745 2221 Christiana
2781 2167 2917 2221 tides
2958 2168 3158 2233 valeat,
3189 2181 3245 2222 et
3278 2185 3421 2225 unus
3457 2172 3531 2225 sit
3569 2172 3625 2225 in

2056 2259 2309 2315 confesso
2360 2259 2685 2328 baptismus,
2740 2275 2836 2328 per
2880 2274 3041 2327 quem
3080 2262 3145 2313 ad
3202 2261 3491 2316 Dominum
3527 2262 3625 2317 de-

2056 2352 2206 2406 ducti
2240 2368 2453 2418 sumus,
2484 2361 2539 2406 et
2571 2354 2759 2407 eadem
2793 2353 2944 2408 salus
2979 2368 3007 2407 a
3043 2353 3203 2407 nobis
3236 2354 3489 2409 omnibus
3528 2355 3623 2424 qui

2057 2447 2338 2502 credimus
2374 2456 2649 2515 speretur,
2689 2447 2966 2499 nonnullis
3013 2447 3153 2500 hanc
3202 2447 3448 2500 obortam
3501 2462 3621 2501 esse

2055 2537 2445 2606 suspicionem,
2470 2537 2615 2606 quod
2637 2538 2778 2592 servi
2803 2538 2916 2592 sint
2936 2537 3061 2591 boni
3086 2538 3265 2592 minus
3288 2538 3614 2607 participes;

2054 2638 2108 2684 et
2131 2629 2287 2683 liberi
2313 2629 2534 2697 quidem
2560 2627 2912 2682 matrimonio
2939 2629 3167 2683 invicem
3193 2630 3620 2700 conjungantur,

2054 2721 2204 2791 prius
2235 2720 2484 2775 oratione
2524 2719 2762 2790 colligati
2801 2738 2815 2773 :
2848 2723 2990 2776 servi
3028 2731 3208 2778 autem
3254 2740 3284 2778 a
3336 2725 3429 2779 tali
3478 2727 3623 2780 bono

2051 2813 2323 2872 excidant,
2371 2817 2425 2865 et
2479 2810 2645 2864 Deum
2701 2826 2806 2865 non
2857 2821 3139 2867 assumant
3186 2814 3240 2868 in
3294 2829 3624 2884 congressus

2051 2903 2449 2966 benedictione,
2496 2902 2579 2956 vel
2613 2910 2882 2964 metuant,
2913 2903 3057 2974 quod
3110 2904 3154 2959 si
3191 2906 3619 2975 assumpserint,

2051 3012 2238 3053 eorum
2270 2996 2525 3050 dominus
2555 2996 2608 3048 in
2644 2995 2888 3050 dominio
2918 2996 3118 3065 injuria
3153 2996 3479 3061 alliceretur,
3505 2998 3622 3051 illo-

2054 3103 2174 3141 rum
2216 3086 2455 3145 dominio
2490 3088 2755 3156 privatus.
2805 3086 2861 3139 Si
2918 3087 3019 3140 hoc
3068 3096 3246 3141 autem
3298 3088 3474 3142 locum
3522 3088 3619 3141 ha-

392 3168 485 3222 ἐπ’
508 3172 685 3235 αὐτοῖς
715 3172 1128 3242 στερισκόμενος
1167 3172 1501 3236 δεσποτείας.
1560 3171 1718 3227 Οὕτω
1762 3174 1867 3243 γὰρ
1901 3175 1949 3226 εί

2052 3178 2251 3240 buerit,
2277 3187 2529 3234 sanctum
2557 3193 2774 3247 quoque
2800 3180 3128 3247 baptismum
3153 3180 3345 3232 timere
3373 3188 3612 3247 oportet,

388 3260 550 3315 τοῦτο
579 3266 807 3333 κρατοίη
836 3263 1188 3335 δεδιέναιχρὴ
1231 3264 1329 3317 καὶ
1351 3264 1411 3317 τὸ
1433 3265 1587 3332 ἆγιον
1642 3264 1945 3335 βάπτισμα,

391 3353 469 3423 μὴ
497 3354 681 3408 δοῦλον
729 3349 1011 3422 ξενωθεῖεν
1060 3356 1173 3410 τῶν
1226 3356 1621 3412 δεσποτειῶνν
1654 3356 1791 3411 ἀλλὰ
1852 3357 1947 3411 καὶ

389 3444 558 3515 αὐτὴν
584 3445 681 3517 τὴν
707 3447 814 3500 τῶν
840 3447 1125 3518 ἀχράντων
1152 3448 1470 3518 μυστηρίων
1512 3448 1834 3519 μετάληψιν,
1871 3447 1947 3520 μὴ

387 3539 480 3591 καὶ
515 3539 604 3592 διὰ
656 3539 859 3609 ταύτης
910 3539 1137 3593 ἐκείνων
1164 3540 1596 3610 άλλοτριωθεῖεν.
1639 3540 1945 3594 Κάντεῦθεν

383 3633 451 3683 ἐκ
482 3630 591 3683 τῶν
622 3631 823 3685 δούλων
873 3633 1157 3703 οἰκήσεται
1202 3632 1263 3686 τὸ
1296 3633 1439 3701 μέγα
1496 3633 1591 3686 καὶ
1642 3633 1944 3703 σεϐάσμιον

383 3722 480 3791 τῆς
525 3721 676 3785 θείας
729 3722 967 3786 πίστεως
1023 3722 1193 3791 ὄνομα
1234 3738 1249 3753 ο
1298 3723 1392 3775 καὶ
1447 3722 1506 3774 οὐ
1548 3721 1726 3775 δοῦλοι
1779 3723 1942 3793 μόνον

383 3811 483 3866 ἀνθ
493 3811 712 3881 ρώπων,
741 3813 877 3866 άλλὰ
903 3813 999 3866 καὶ
1022 3813 1113 3867 τοῦ
1137 3813 1585 3885 άνθρωποκτόνου
1615 3817 1932 3883 γενήσονται

383 3903 682 3975 ἄνθρωποι.
716 3904 1234 3973 Συγκινδυνεύσουσι
1266 3905 1319 3957 δὲ
1349 3906 1441 3957 καὶ
1468 3906 1518 3957 οἱ
1590 3907 1767 3976 κύριοι
1820 3905 1943 3960 τού-

381 4012 491 4050 των
517 3996 667 4067 φόδῳ
702 3996 798 4050 τοῦ
864 3996 939 4067 μὴ
987 3997 1263 4051 διαπεσεῖν
1291 3996 1591 4067 ὑπηρεσίας
1613 3997 1940 4067 ἀνθρώπων,

380 4089 482 4157 τῆς
536 4088 632 4141 τοῦ
658 4088 795 4141 Θεοῦ
821 4089 979 4157 δόξης
1038 4087 1334 4155 ἀποξενοῦν
1397 4089 1627 4152 ἑαυτοὺς
1680 4090 1942 4159 ἀνεχόμε-

286 4214 301 4229 .
377 4196 462 4233 νοι
497 4178 629 4246 (99).
673 4180 812 4234 Ἀλλ’
843 4179 968 4233 οὔτε
1000 4179 1158 4232 τοῦτο
1218 4179 1376 4246 λόγον
1427 4178 1539 4249 ἔχει
1571 4179 1805 4244 δίκαιον,
1846 4180 1941 4234 καὶ

377 4272 478 4342 τὴν
503 4272 807 4342 ἱερολογίαν
840 4271 901 4338 ἐξ
927 4272 1172 4341 ἀνάγκης
1199 4272 1293 4324 καὶ
1315 4270 1408 4324 ἐπὶ
1438 4271 1547 4323 τῶν
1575 4269 1778 4323 δούλων
1807 4288 1941 4336 κρα-

379 4366 497 4416 τεῖν
553 4361 770 4431 εὔλογον
818 4365 911 4417 καὶ
967 4363 1358 4435 Χριστιανικῆς
1397 4360 1618 4426 ἐπάξιον
1677 4363 1941 4417 καταστά-

382 4471 540 4518 σεως.

2053 3285 2120 3325 ne
2152 3269 2295 3325 servi
2328 3270 2629 3324 dominium
2658 3270 2762 3324 sibi
2799 3270 3089 3345 vendicent
3126 3286 3139 3323 :
3176 3270 3271 3325 scd
3302 3272 3467 3325 etiam
3513 3270 3609 3324 im‘

2051 3360 2445 3416 maculatorum
2491 3361 2874 3432 mysteriorum
2920 3360 3368 3429 assumptionem,
3414 3379 3478 3416 ne
3520 3378 3617 3432 per

2038 3448 2168 3509 eam
2202 3453 2268 3507 ab
2294 3453 2403 3507 illis
2426 3466 2645 3522 quoque
2670 3451 3000 3506 alieneutur.
3025 3449 3145 3517 Quo
3168 3451 3259 3506 ﬁet
3282 3460 3339 3504 ut
3365 3453 3416 3505 in
3444 3455 3614 3507 servis

2047 3543 2279 3597 intereat
2303 3555 2556 3609 magnum
2579 3549 2635 3594 et
2658 3538 2973 3594 venerabile
3000 3540 3198 3594 divinae
3222 3539 3343 3594 ﬁdei
3370 3554 3564 3594 nomen
3596 3555 3612 3593 :

2044 3639 2098 3685 et
2146 3644 2254 3683 non
2303 3630 2480 3683 solum
2532 3627 2671 3683 servi
2710 3627 3010 3691 hominum,
3065 3627 3159 3682 sed
3211 3629 3372 3683 etiam
3408 3627 3611 3682 diaboli

2042 3715 2354 3778 homicidae,
2388 3714 2518 3768 ﬁent
2551 3714 2820 3769 homines.
2861 3712 3060 3768 Eorum
3097 3721 3277 3767 autem
3315 3714 3517 3766 domini
3556 3718 3607 3768 in

2042 3806 2342 3876 periculum
2375 3819 2593 3874 quoque
2630 3805 2873 3865 venient,
2917 3819 3005 3868 ne,
3036 3806 3159 3857 dum
3194 3805 3473 3858 hominum
3504 3806 3609 3859 mi-

2045 3897 2274 3953 nisterio
2329 3896 2529 3966 privari
2585 3896 2901 3958 formidant,
2956 3910 2985 3949 a
3036 3896 3127 3951 Dei
3179 3896 3346 3967 gloria
3396 3897 3608 3966 seipsos

2041 3989 2351 4044 abalienare
2391 3988 2719 4052 sustineant,
2771 3988 2865 4042 sed
2904 4002 3086 4057 neque
3135 3988 3237 4041 hoc
3268 3996 3356 4043 est
3399 3988 3602 4043 rationi

2040 4087 2490 4145 consentaneum,
2518 4086 2572 4132 et
2614 4094 2826 4133 sacram
2863 4080 3299 4134 benedictionem
3343 4080 3396 4133 in
3427 4082 3606 4134 servis

2042 4187 2258 4245 quoque
2285 4172 2464 4227 valere
2507 4186 2746 4241 aequum,
2792 4179 2848 4226 et
2894 4170 3209 4227 Christiana
3257 4170 3606 4227 institutione

2040 4267 2260 4338 dignum
2295 4272 2401 4321 est.

455 4546 614 4601 Ἀλλὰ
655 4548 762 4616 γὰρ
783 4548 840 4599 ἐν
869 4546 1179 4619 ἀνθρώποις
1199 4542 1338 4602 οἶδεν
1360 4547 1393 4618 ἡ
1415 4547 1551 4617 τύχη
1613 4545 1931 4601 δεσποτείαν

2102 4546 2587 4604 Verumenimvero
2633 4546 2848 4601 fortuna
2901 4548 3050 4601 novit
3081 4548 3133 4601 in
3166 4547 3482 4603 hominibus
3512 4547 3598 4601 di-

378 4637 474 4690 καὶ
501 4638 743 4692 δουλείαν
787 4638 1042 4709 διάφορα,
1070 4641 1167 4693 καὶ
1210 4640 1358 4708 άπερ
1391 4641 1422 4709 ἡ
1448 4638 1571 4691 καθ’
1614 4637 1762 4708 ἡμᾶς
1785 4638 1936 4691 πολι-

376 4730 497 4782 τεία
518 4729 796 4802 παρέλαϐε
818 4730 991 4782 ταῦτα
1018 4730 1109 4783 καὶ
1138 4733 1229 4783 ἐπὶ
1260 4731 1463 4784 τούτων
1487 4729 1661 4799 χρεὼν
1680 4732 1923 4800 κρατεῖν.

380 4819 471 4885 El;
503 4824 558 4877 δὲ
590 4823 794 4893 Κύριος
847 4824 1086 4889 πάντων,
1139 4824 1236 4893 μία
1281 4826 1488 4890 πίστις,
1519 4825 1579 4876 ἒν
1627 4825 1934 4895 βάπτισμα,

380 4915 474 4966 καὶ
497 4915 709 4969 δουλεία
730 4914 821 4968 καὶ
839 4913 1125 4967 δεσποτεία
1145 4915 1241 4967 ὅσα
1268 4933 1327 4984 γε
1349 4917 1495 4970 κατὰ
1513 4916 1695 4969 πίστιν
1708 4916 1938 4986 διάφορα

379 5003 437 5055 οὐ
469 5003 830 5073 γινώσκομεν,
862 5004 944 5057 ὅτι
974 5004 1065 5056 καὶ
1091 5003 1290 5065 πάντες
1308 5005 1504 5073 ἐπίσης
1554 5004 1732 5057 δοῦλοί
1762 5007 1930 5074 ἐσμεν

377 5093 454 5161 τῷ
483 5097 545 5146 ἐκ
570 5093 810 5158 δουλείας
863 5093 1203 5166 λυτρώσαντι
1272 5095 1417 5165 ἡμᾶς
1439 5095 1596 5167 τῷκὲξ
1613 5095 1778 5149 αὐτοῦ
1804 5095 1934 5165 θείῳ

377 5188 471 5240 καὶ
505 5187 756 5258 ζωοποιῷ
816 5188 1032 5256 αἵματι.
1075 5186 1186 5240 Καὶ
1241 5187 1363 5240 ἐπεὶ
1392 5188 1563 5242 ταῦτα
1602 5187 1783 5251 καλῶς
1812 5187 1934 5241 τού-

374 5293 489 5339 τοις
520 5279 617 5329 καὶ
671 5278 965 5343 λυσιτελῶς
1012 5276 1387 5341 διατέτακται,
1437 5276 1519 5330 δεῖ
1552 5277 1653 5345 τὴν
1680 5277 1929 5347 μεγάλην

378 5369 687 5440 ἁγιωσύνην
724 5387 816 5424 σου
846 5370 981 5442 δῆλα
1031 5369 1200 5429 ταῦτα
1240 5367 1425 5422 θέσθαι
1451 5367 1770 5439 ἁπανταχοῦ
1820 5368 1930 5423 τῶν

447 5528 492 5559 ’⁸
532 5527 733 5595 Eplies.
759 5540 831 5590 Iv,
849 5525 902 5580 5.

2034 4655 2194 4698 versa
2218 4656 2340 4696 esse
2369 4639 2673 4694 dominium
2716 4647 2769 4693 et
2798 4639 3139 4705 servitutem,
3166 4647 3220 4693 et
3256 4655 3374 4709 qua:
3414 4650 3600 4694 nostra

2039 4740 2249 4800 accepit
2277 4730 2606 4800 respublica,
2644 4745 2705 4784 ea
2734 4731 2786 4783 in
2821 4731 2887 4784 iis
2916 4745 3131 4800 quoque
3157 4730 3335 4785 valere
3360 4739 3596 4801 oportet.

2035 4820 2410 4876 Unus-autem
2465 4820 2725 4893 Dominus
2772 4821 3042 4884 omnium,
3088 4836 3196 4873 una
3238 4822 3390 4885 ﬁdes,
3427 4836 3597 4875 unum

2036 4912 2308 4982 baptisma
2340 4911 2389 4944 "
2426 4928 2441 4966 :
2473 4909 2633 4981 257
2662 4923 2716 4965 et
2744 4912 2888 4980 quod
2917 4911 2983 4964 ad
3024 4914 3181 4966 [idem
3211 4911 3429 4980 quidem
3465 4911 3598 4966 atti-

2038 5013 2152 5068 net,
2188 5002 2414 5058 dominii
2448 5013 2501 5057 et
2534 5003 2813 5058 servitutis
2853 5004 3215 5059 differentiam
3254 5019 3363 5058 non
3396 5018 3599 5074 cogno-

2035 5095 2273 5160 scimus;
2300 5093 2559 5163 quoniam
2587 5107 2775 5147 omnes
2802 5108 2993 5147 sumus
3017 5109 3079 5147 ex
3106 5109 3262 5163 aequo
3287 5093 3428 5149 servi
3451 5094 3592 5162 ejus,

2031 5184 2124 5255 qui
2153 5198 2254 5237 nos
2279 5198 2344 5236 ex
2376 5168 2641 5236 servitute
2664 5181 2846 5234 divino
2871 5196 2972 5235 suo
2997 5190 3051 5235 et
3083 5180 3299 5248 viviﬁco
3326 5179 3591 5251 sanguine

2031 5275 2278 5339 redemit.
2315 5273 2381 5327 Et
2402 5273 2665 5344 quoniam
2698 5273 2813 5327 haec
2846 5285 2993 5328 recte
3022 5274 3109 5327 his
3137 5283 3191 5328 et
3224 5273 3425 5327 utiliter
3458 5288 3592 5327 con-

2029 5370 2221 5426 stituta
2252 5348 2428 5434 sunt,
2473 5374 2694 5436 oportet
2744 5379 2993 5437 magnam
3045 5374 3193 5421 tuam
3243 5366 3588 5423 sanctitatem

1584 5609 1777 5673 Guill.
1818 5611 2146 5688 Beveregii
2180 5621 2364 5676 notas.

446 5723 555 5794 (99)
589 5721 869 5787 Ἑαυτοὺς
890 5720 1255 5794 ἀνεχόμενοι.
1283 5717 1342 5772 In
1368 5715 1602 5772 editione
1624 5714 1920 5794 Parisieysi

376 5787 562 5850 lacuna
598 5794 698 5849 hoc
733 5796 853 5849 loco
886 5787 1228 5863 relinquitur,
1261 5802 1423 5860 quam
1455 5802 1553 5844 nos
1582 5802 1655 5861 ex,
1682 5802 1783 5844 ms.
1822 5787 1925 5870 Bo:

2027 5715 2241 5845 gleiamli
2271 5720 2351 5775 sic
2379 5724 2783 5794 supplevtmus;
2812 5723 2900 5780 cui
2924 5721 3086 5779 etiam
3117 5723 3586 5787 Amerbacbianus

2064 5806 2086 5844 s
2117 5805 2202 5845 mu
2236 5803 2375 5845 atur.

2064 5805 2375 5860 suputatur.
