4062 6432
475 392 581 453 803

1680 399 1684 407 η
1724 370 2000 445 ΤΠΕοι).
2046 380 2443 441 BALSAMON

3579 378 3683 441 804

476 510 587 558 inec
614 500 866 554 omniain
889 499 1144 553 omnibus
1165 497 1417 553 ecclesiis
1440 494 1727 552 manifesta
1754 495 1979 551 reddere
2010 510 2023 547 :

2139 492 2301 560 Ξιγίων
2321 490 2648 561 ἐκκλησιῶν,
2706 492 2780 553 ὡς
2813 492 2880 544 ἂν
2908 492 2957 545 οἱ
3003 490 3060 544 ἐν
3094 492 3284 555 αὑταῖς
3341 491 3681 561 προεστῶτες
3712 494 3717 495 ⁷

477 604 534 647 ιιι
565 592 655 657 qui
692 591 767 642 eis
797 598 1056 657 pursuut,
1091 602 1153 640 ea
1183 601 1305 655 qua:
1332 585 1397 637 ad
1426 584 1727 639 libertatem
1761 586 2028 645 pertinent

475 691 556 741 sic
608 684 982 740 cxaminautes
1038 681 1343 733 contrarias
1402 683 1621 731 testium
1675 677 2024 745 probationes

477 782 737 832 adversus
762 791 952 831 servus
983 772 1219 826 dominis
1258 787 1365 824 non
1391 770 1728 838 permittant,
1769 778 1823 821 et
1854 767 2029 819 omni-

478 871 581 923 bus
631 871 681 921 in
724 870 840 921 suis
885 862 1182 934 provinciis
1219 862 1563 914 manifestum
1595 859 1845 923 eiliciant,
1880 858 2027 927 quod

474 961 566 1030 qui
618 976 723 1013 non
760 974 883 1011 cum
937 936 1091 1009 sacra
1141 954 1518 1008 benedictione
1561 968 1747 1007 servos
1797 952 2026 1004 invicem

474 1052 831 1118 coniungunt,
884 1064 989 1102 non
1037 1046 1145 1100 Deo
1194 1054 1407 1116 gratum
1438 1046 1580 1097 inter
1619 1058 1714 1098 eos
1743 1042 2029 1096 matrimo-

476 1146 627 1199 nium
661 1143 1002 1197 conSIituunt
1033 1155 1047 1192 :
1081 1138 1173 1191 sed
1216 1137 1631 1190 fornicatorium
1662 1135 1862 1189 coitum
1896 1149 2028 1188 con-

480 1238 716 1289 ﬁrmant.
751 1232 900 1299 Quos
945 1232 1088 1287 enim
1129 1246 1233 1284 non
1268 1228 1553 1298 coniungit
1590 1228 1732 1282 Deus
1777 1242 1873 1297 per
1903 1242 2028 1282 san-

477 1337 619 1385 ctam
679 1324 1110 1380 benedictionem
1171 1330 1522 1389 assumptus,
1586 1319 1639 1372 hi
1707 1334 1896 1374 omnes
1960 1318 2026 1372 ad

476 1428 697 1488 peccata
729 1419 1077 1470 conveniunt.
1120 1413 1183 1465 Et
1222 1413 1395 1466 sicubi
1433 1412 1534 1466 hoc
1563 1411 1632 1464 ab
1667 1411 1868 1479 aliquo,
1904 1410 2031 1479 qui-

477 1529 689 1581 cunque
744 1515 787 1566 is
838 1512 927 1574 sit,
978 1510 1175 1563 abhinc
1207 1508 1403 1575 factum
1442 1507 1808 1560 renuntiatum
1843 1503 2027 1569 fuerit,

478 1607 651 1657 sciant
682 1602 907 1663 domini,
943 1599 1085 1669 quod
1136 1614 1241 1651 non
1289 1598 1469 1651 solum
1516 1598 1610 1648 ira:
1640 1595 1837 1647 divinae
1864 1602 2028 1647 erunt

479 1695 739 1755 obnoxii,.
768 1692 859 1747 sed
903 1707 931 1745 a
970 1692 1143 1745 servis
1176 1704 1392 1759 quoque
1432 1686 1906 1746 abalienabuntur,
1948 1684 2027 1738 eis

480 1787 729 1840 abductis
763 1785 814 1837 in
845 1785 1172 1837 libertatem.
1205 1784 1341 1835 Cum
1370 1781 1447 1835 eis
1472 1781 1615 1834 enim
1650 1780 1814 1833 liceat
1842 1791 2028 1833 servos

480 1894 610 1933 suos
632 1878 752 1946 jure
794 1879 848 1930 in
892 1878 1000 1931 Deo
1037 1878 1273 1931 invicem
1308 1875 1657 1943 conjungere,
1682 1881 1736 1925 et
1764 1875 2029 1942 integrum

477 1974 533 2027 in
574 1974 656 2026 eis
700 1971 903 2025 habere
949 1966 1274 2033 dominium,
1311 1970 1415 2022 nisi
1448 1958 1567 2021 ~hoc
1614 1965 1862 2025 fecerint;
1910 1964 2034 2032 jure

475 2062 701 2117 omnino
725 2061 793 2114 ab
813 2076 1001 2116 eorum
1030 2059 1269 2114 dominio
1290 2058 1561 2113 excident.
1585 2056 1832 2111 Praesens
1854 2067 2031 2109 autem

476 2155 798 2209 constitutio
828 2168 937 2207 non
967 2153 1146 2206 solum
1179 2152 1341 2207 debet
1372 2153 1428 2205 in
1471 2150 1719 2206 ecclesiis
1758 2164 1878 2219 qua:
1906 2148 2033 2202 ubi-

476 2264 582 2318 que
610 2259 736 2301 sunt
770 2245 1125 2315 promulgari,
1162 2245 1253 2301 sed
1287 2245 1341 2298 in
1375 2228 1632 2297 omnibus
1659 2242 1822 2295 etiam
1856 2240 2033 2294 civili-

475 2341 582 2393 bus
608 2339 832 2405 judiciis
872 2338 1061 2405 deponi
1099 2353 1116 2389 :
1147 2336 1286 2389 tradi
1320 2346 1499 2390 autem
1537 2333 1700 2389 etiam
1737 2332 1825 2395 iis,
1858 2333 1947 2401 qui
1979 2333 2032 2385 in

480 2430 780 2499 provinciis
814 2430 1163 2497 magistratus
1206 2437 1424 2498 gerunt,
1456 2435 1515 2481 ut
1546 2441 1667 2494 quae
1695 2426 1763 2479 ab
1794 2425 2033 2492 impera-

477 2522 618 2576 toria
651 2529 835 2574 nostra
880 2521 1208 2573 auctoritate
1242 2519 1383 2573 bene
1423 2519 1815 2579 decernuntur,
1858 2517 2036 2570 omni-

482 2616 583 2667 bus
607 2614 971 2665 innotescant.
998 2609 1269 2677 Quoniam
1301 2618 1479 2663 autem
1508 2610 1561 2661 in
1587 2610 1837 2677 personis
1862 2609 2034 2662 servi-

480 2706 580 2758 lem
615 2702 887 2755 fortuuam
922 2701 1255 2756 habentibus
1278 2702 1483 2770 nuptiae
1510 2703 1663 2770 prius
1698 2700 1851 2754 factae
1885 2709 2033 2765 sunt,

477 2801 531 2845 et
563 2793 763 2861 nuptiae
793 2780 1183 2846 convenienter
1225 2791 1445 2860 iniquae,
1485 2805 1605 2859 quae
1642 2790 1925 2859 hucusque
1956 2790 2038 2843 in-

480 2884 669 2947 valuit,
720 2884 1098 2939 consuetudini
1146 2892 1574 2954 processerunt,
1611 2889 1827 2952 oportet
1869 2882 1921 2936 in
1967 2880 2038 2937 iis

476 2992 697 3046 quoque
738 2992 948 3033 sacram
995 2977 1433 3033 benedictionem
1483 2975 1622 3039 ﬁeri,
1670 2987 1731 3030 ut
1769 2991 1864 3044 per
1891 2989 2036 3040 eam,

476 3071 638 3124 etiam
672 3070 716 3124 si
751 3071 906 3125 tarde
932 3070 1043 3134 ﬂat,
1079 3071 1130 3124 id
1158 3071 1309 3139 quod
1348 3078 1430 3125 est
1454 3068 1743 3124 colendum
1772 3083 1835 3122 ac
1865 3082 2034 3122 vene—

478 3162 711 3215 randum
747 3162 1001 3224 habeant,
1035 3162 1415 3231 superioribus
1446 3174 1667 3231 quoque
1697 3159 2035 3214 observatio.
2062 3188 2109 3251 ο

479 3256 641 3309 nibus
666 3254 831 3308 etiam
862 3253 917 3307 in
946 3254 1096 3309 hisce
1126 3254 1333 3323 nuptiis
1366 3254 1548 3308 valere
1580 3251 1928 3307 debentibus.

551 3344 804 3399 ZONAB.
862 3344 995 3398 Rem
1057 3345 1489 3400 inaestimabilem
1542 3359 1663 3399 esse
1710 3343 2034 3408 libertatem,

478 3440 583 3492 hoc
614 3448 716 3503 est,
766 3437 1104 3507 impossibile
1148 3451 1287 3504 esse,
1319 3446 1382 3492 ut
1425 3439 1745 3501 aestimetur,
1794 3435 1879 3489 vel
1917 3430 2040 3503 pre-

476 3531 610 3585 tium
646 3531 767 3599 ejus
799 3532 1183 3594 constituatur,
1211 3531 1357 3601 leges
1395 3530 1580 3585 civiles
1602 3529 1817 3584 docent.
1846 3529 2033 3599 Igitur,

492 3621 704 3690 quoties
734 3621 801 3676 de
847 3621 1114 3685 libertate,
1140 3624 1337 3692 quippe
1377 3623 1443 3675 de
1474 3637 1581 3675 non
1616 3622 1749 3677 levis
1780 3622 2038 3677 momenti

479 3731 538 3768 re
577 3714 948 3767 testimonium
983 3713 1115 3767 ferri
1151 3722 1453 3783 Oporteret,
1506 3728 1740 3783 quorum
1776 3714 2039 3769 intererat

479 3802 829 3873 probationes
885 3800 1121 3867 afferre,
1169 3801 1409 3870 quinque
1452 3801 1664 3855 scilicet
1712 3811 1806 3854 aut
1855 3801 2039 3871 plures

477 3895 640 3948 etiam
679 3894 842 3963 (quod
875 3893 1099 3947 totidem
1132 3893 1187 3945 in
1221 3891 1345 3945 aliis
1374 3906 1591 3961 quoque
1624 3891 2036 3961 disceptationi-

480 3985 585 4039 bus
624 3982 742 4037 dari
778 3981 1222 4046 consuevissent)
1270 3988 1439 4035 testes
1470 3980 1725 4036 exhibere
1777 3982 2043 4051 cogeban-

478 4084 587 4128 tur.
633 4074 749 4139 Qua
773 4074 991 4141 quidem
1022 4071 1417 4127 consuetudine
1455 4072 1543 4126 hic
1574 4072 1824 4126 damnata
1863 4087 2041 4127 cauon

480 4167 595 4237 (qui
631 4167 890 4220 nimirum
923 4166 1161 4222 libertati
1207 4164 1403 4235 faveat)
1454 4165 1618 4219 trium
1648 4180 1863 4234 quoque
1889 4166 2042 4221 testi-

481 4258 726 4311 monium
756 4256 889 4311 satis
923 4270 1043 4311 esse
1069 4255 1357 4323 decernit;
1390 4266 1442 4325 et
1467 4257 1806 4313 stabiliendae
1839 4256 2046 4313 consti-

481 4348 677 4402 tutioni
703 4364 773 4404 ex
799 4348 970 4403 sacris
1005 4340 1227 4404 Litteris
1254 4351 1342 4404 illa
1373 4352 1598 4419 profert,
1620 4350 1678 4404 In
1711 4364 1804 4404 ore
1838 4334 2045 4405 scilicet

482 4442 715 4494 duorum
745 4448 838 4493 aut
863 4441 1026 4494 trium
1051 4442 1265 4507 testium
1290 4442 1456 4496 stabit
1479 4458 1639 4494 omne
1661 4442 1909 4504 verbum,
1937 4442 2044 4497 hoc

480 4544 587 4597 est,
621 4533 834 4587 ﬁrmum
872 4550 935 4588 ac
966 4543 1142 4590 ratum
1174 4528 1300 4592 esse
1327 4536 1679 4604 judicabitur.

481 4608 709 4680 ARiST.
763 4645 781 4677 ι
837 4624 1036 4682 Servus
1071 4645 1097 4681 a
1150 4629 1374 4682 domino
1404 4627 1508 4681 sub
1543 4626 1760 4681 duobus
1811 4626 2038 4683 testibus

526 4737 542 4766 ο
589 4720 978 4785 manumissus,
1017 4720 1268 4772 libertate
1303 4721 1550 4771 donetur.
1596 4735 1616 4768 ι
1653 4716 2002 4788 Perspicuus.

670 4874 677 4881 _
990 4809 1214 4867 CANON
1251 4807 1534 4862 LXXXVI.

489 4922 507 4953 ι
544 4886 791 4973 Εοεξιιυί
827 4902 894 4957 ad
930 4904 1233 4955 animarum
1266 4899 1474 4968 lapsum
1503 4899 1816 4956 meretrices
1839 4911 2042 4971 cogunt

556 5013 575 5047 ι
614 5005 668 5049 et
701 4997 874 5059 alunt,
906 4995 953 5048 si
987 4994 1098 5047 sint
1127 4991 1343 5060 quidem
1378 4991 1585 5056 clerici,
1618 4992 1813 5061 deponi
1847 4994 2041 5049 deﬁni-

560 5104 579 5137 ι
617 5103 778 5141 mus:
810 5086 896 5139 sin
934 5099 1057 5136 vero
1084 5082 1230 5145 laici,
1266 5084 1561 5154 segregari.
1602 5101 1620 5134 ι

553 5177 751 5231 BALS.
813 5175 1284 5241 Quemadmodum
1318 5176 1403 5230 lex
1442 5176 1619 5231 civilis
1664 5176 1909 5241 lenones,
1954 5176 2045 5245 qui

489 5271 805 5323 meretrices
836 5269 1010 5332 alunt,
1041 5258 1324 5335 punit,‘ita
1360 5275 1415 5322 et
1454 5283 1628 5322 canon
1655 5267 1911 5323 decernit.
1927 5284 2042 5332 eos,

483 5363 576 5432 qui
626 5360 940 5414 meretrices
983 5368 1202 5430 cogunt,
1257 5368 1311 5415 et
1351 5360 1552 5415 multos
1601 5376 1661 5414 ea
1721 5361 1928 5414 ratione
1978 5360 2042 5413 ad

2070 4520 2124 4581 Ι)

2135 585 2278 640 οὕτω
2306 603 2367 639 τε
2419 587 2487 638 τὰ
2551 585 2678 653 περὶ
2746 586 2856 638 τῶν
2916 584 3237 656 ἐλευθεριῶν
3296 585 3681 654 δοκιμάζωσιν,

2128 680 2664 748 ἀντιπαραστατικὴν
2695 679 3001 748 μαρτυρίαν
3025 678 3167 732 κατὰ
3204 678 3312 730 τῶν
3347 677 3547 732 δούλων
3570 682 3683 742 τοῖς

2128 774 2413 835 δεσπόταις
2459 774 2534 842 μὴ
2569 771 3002 842 συγχωροῦντες,
3062 771 3153 824 καὶ
3182 773 3315 824 πᾶσι
3358 771 3559 824 θῶνται
3586 788 3686 823 κα-

2127 864 2363 932 ταφανὲς
2393 866 2449 916 ἐν
2482 866 2602 925 ταῖς
2627 863 2715 915 ὑπ’
2749 863 2928 915 αὐτῶν
2968 863 3221 933 ἐνορίαις,
3259 863 3332 925 ὼς
3367 864 3415 915 οί
3449 862 3522 932 μὴ
3556 862 3688 931 μεθ’

2143 956 2454 1028 ἱερουργίας
2483 956 2732 1025 ἀλλήλοις
2764 948 3122 1017 συνάπτοντες
3156 958 3281 1016 τοῦς
3310 954 3531 1017 δούλους
3562 954 3687 1024 οὐχὶ

2129 1049 2353 1119 θεοφιλῆ
2397 1049 2578 1118 γάμον
2610 1047 2931 1101 συνιστῶσιν
2966 1050 3023 1100 ἐν
3058 1048 3241 1109 αὐτοῖς
3267 1063 3284 1079 ο
3345 1046 3460 1100 ἀλλ’
3492 1049 3686 1117 ἐκπορ-

2126 1141 2388 1196 νεύουσαν
2427 1139 2574 1210 μίξιν
2602 1137 2981 1209 κρατύνουσιν.
3012 1138 3119 1199 Οὓς
3155 1140 3264 1209 γὰρ
3318 1139 3391 1208 μὴ
3425 1139 3688 1192 συνάπτει

2128 1232 2261 1295 Θεὸς
2291 1233 2358 1285 δι’
2385 1232 2684 1303 ίερολογίας
2713 1231 3295 1302 παραλαμϐανόμενος,
3316 1226 3460 1285 οὗτοι
3486 1231 3689 1291 πάντες

2127 1328 2205 1386 εἰς
2236 1326 2506 1395 ἁμαρτίας
2536 1324 2908 1394 συνέρχονται.
2973 1324 3081 1377 Καὶ
3106 1325 3159 1377 εί
3195 1341 3297 1377 που
3348 1304 3689 1393 προσαγγελ-

2127 1419 2243 1488 θείη
2267 1418 2423 1471 τοῦτο
2452 1418 2581 1487 παρ’
2599 1417 2926 1487 οίουδήτινος
2955 1415 3127 1478 οὕτως
3168 1416 3276 1470 ἀπὸ
3297 1415 3449 1469 τοῦδε
3472 1419 3691 1485 γινόμε-

2127 1526 2234 1571 νον,
2266 1511 2500 1562 ἴστωσαν
2518 1508 2591 1571 ὡς
2619 1510 2676 1561 ού
2699 1509 2855 1577 μόνον
2879 1508 3005 1577 θείῳ
3069 1508 3351 1577 μηνύματι
3407 1510 3688 1578 καταστή-

2130 1621 2309 1657 σονται
2333 1602 2528 1671 ἔνοχοι,
2546 1602 2680 1654 ἀλλὰ
2708 1603 2801 1654 καὶ
2852 1602 2961 1653 τῶν
2987 1600 3188 1654 δούλων
3233 1600 3691 1671 ἀλλοτριωθησον-

2130 1712 2241 1756 ται,
2270 1695 2350 1755 εἰς
2374 1692 2688 1762 ἐλευθερίαν
2722 1692 3139 1761 ἁρπαζομένων.
3184 1691 3333 1757 Ἐξὸν
3366 1691 3476 1761 γάρ
3508 1694 3689 1755 αὐτοῖς

2131 1785 2271 1839 κατὰ
2296 1785 2491 1853 νόμους
2534 1783 2652 1853 Θεῷ
2686 1783 2981 1835 συνάπτειν
3012 1782 3259 1851 ἀλλήλοις
3287 1784 3409 1844 τοὺς
3446 1782 3687 1847 δούλους,

2134 1881 2228 1932 καὶ
2251 1877 2347 1946 τὴν
2376 1878 2467 1929 ἐπὶ⁸
2516 1872 2697 1939 αὐτοῖς
2750 1877 3068 1928 δεσποτείαν
3126 1876 3274 1946 ἔχειν
3316 1874 3611 1945 ἀλώϐητον,
3640 1879 3689 1928 εί

2138 1971 2212 2042 μὴ
2240 1970 2401 2024 τοῦτο
2427 1972 2653 2034 ποιοῖεν,
2688 1970 2899 2031 ἑαυτοῖς
2927 1967 3150 2031 δικαίως
3205 1967 3419 2043 πάντως
3448 1967 3545 2034 τὴν
3589 1966 3687 2033 τῆς

2133 2061 2452 2124 δεσποτείας
2480 2061 2775 2128 ἐπάγουσιν
2838 2058 3134 2114 ἔκπτωσιν.
3182 2058 3254 2110 Τὸ
3288 2057 3346 2109 δὲ
3379 2056 3551 2126 παρὸν
3580 2055 3695 2107 διά-

2132 2169 2318 2221 ταγμα
2343 2152 2404 2204 ού
2461 2151 2624 2219 μόνον
2680 2149 2885 2216 ὀφείλει
2939 2151 2998 2200 ἐν
3050 2148 3171 2209 ταῖς
3210 2144 3527 2214 ἁπανταχοῦ
3584 2143 3691 2196 τῶν

2133 2245 2432 2312 ἐκκλησιῶν
2457 2239 2869 2309 διαγγελθῆναι,
2899 2238 3033 2291 ἀλλὰ
3059 2237 3163 2289 κάν
3220 2238 3332 2297 τοῖς
3396 2234 3693 2295 πολιτικοῖς

2135 2336 2505 2411 δικαστηρίοις
2538 2331 2988 2401 καταστρωθῆναι
3026 2329 3130 2399 (ι)-
3160 2328 3409 2397 γενέσθαι
3436 2327 3493 2381 δὲ
3525 2326 3697 2379 διαδὸν

2138 2448 2315 2501 σιμον,
2374 2429 2467 2482 καὶ
2520 2429 2599 2491 είς
2626 2429 2750 2487 τοὺς
2796 2425 2904 2478 τῶν
2944 2422 3311 2495 ἐπαρχιωτῶν
3347 2422 3691 2493 προεστῶτας

2136 2520 2337 2592 ἀρχῶν,
2389 2521 2464 2581 ὡς
2501 2520 2566 2571 ἂν
2619 2516 2823 2587 εἴδησιν
2872 2517 3035 2585 ἔχωσι
3086 2516 3324 2578 ἅπαντες
3371 2515 3479 2566 τῶν
3508 2512 3691 2574 καλῶς

2136 2614 2288 2681 παρὰ
2309 2613 2408 2681 τῆς
2455 2610 2730 2680 βασιλείας
2783 2608 2939 2679 ἡμῶν
2979 2607 3326 2678 ὁρισθέντων.
3399 2604 3616 2674 Ἐπειδὴ
3639 2605 3694 2656 δὲ

2137 2709 2230 2760 καὶ
2260 2706 2427 2773 γάμοι
2487 2701 2725 2769 ἔφθασαν
2777 2703 2876 2771 ἤδη
2914 2701 3186 2766 ογενέσθαι
3246 2701 3336 2751 ἐπὶ
3387 2700 3695 2769 προσώποις

2136 2796 2385 2865 δουλικὴν
2413 2792 2593 2863 ἔχουσι
2639 2790 2831 2861 τύχην,
2886 2791 2979 2844 καὶ
3006 2792 3053 2843 οί
3078 2791 3245 2861 γάμοι
3305 2792 3446 2844 κατὰ
3465 2791 3564 2858 τὴν
3592 2790 3696 2848 ἕως

2136 2888 2227 2942 τοῦ
2259 2885 2349 2939 νῦν
2376 2888 2685 2955 κρατοῦσαν
2715 2883 3023 2953 παράλογον
3093 2884 3382 2954 συνήθειαν
3423 2880 3697 2953 προϐεϐή-

2136 2994 2290 3040 κασι,
2312 2977 2392 3029 δεῖ
2421 2976 2516 3029 καὶ
2563 2976 2656 3028 ἐπὶ
2683 2975 2889 3029 τούτων
2933 2974 3030 3045 τὴν
3062 2973 3364 3045 ίερολογίαν
3417 2973 3693 3040 γενέσθαι,

2140 3072 2225 3125 ἵνα
2254 3071 2342 3124 διὰ
2404 3071 2631 3139 ταύτης,
2669 3070 2774 3123 κᾶν
2830 3068 2927 3138 at:
2987 3070 3233 3139 γένηται,
3292 3069 3351 3119 τὸ
3407 3068 3697 3135 σεϐάσμιον

2138 3166 2322 3236 ἔχωσι,
2364 3164 2473 3217 τῶν
2496 3164 2782 3232 ἁνωτέρων
2802 3165 3106 3232 εἰρημένων
3136 3164 3574 3231 παρατηρήσεων
3597 3160 3692 3213 καὶ

2138 3259 2232 3313 ἐπὶ
2261 3258 2342 3327 τῷ
2371 3257 2597 3326 τοιούτῳ
2624 3256 2786 3324 γάμῳ
2820 3257 3042 3325 κρατεῖν
3062 3254 3413 3322 ὁφειλουσῶν.

2174 3350 2455 3403 ὶΖΩΝΑΡ.
2492 3347 2875 3417 Ἀδιατίμητον
2929 3347 3163 3416 πρᾶγμα
3205 3346 3306 3416 τὴν
3355 3344 3692 3409 ἐλευθερίαν,

2138 3443 2306 3513 ἡγουν
2352 3440 2737 3510 διατιμηθῆναι
2777 3440 2876 3492 καὶ
2932 3437 3095 3508 τιμὴν
3136 3438 3417 3508 ὁρισθῆναι
3441 3437 3529 3488 ἐπ’
3563 3437 3699 3505 αὐτῇ

2143 3534 2218 3601 μὴ
2250 3533 2566 3600 δυνάμενον,
2620 3531 2668 3583 οἱ
2703 3533 2803 3601 τῆς
2829 3531 3106 3594 πολιτείας
3139 3525 3279 3583 εἶναι
3319 3530 3473 3598 νόμοι
3511 3528 3700 3596 φασίν.

2156 3626 2244 3688 Ὠς
2267 3623 2358 3678 οὖν
2376 3623 2503 3694 περὶ
2530 3622 2764 3693 μεγάλου
2798 3623 3124 3692 πράγματος
3154 3620 3414 3689 ἐσομένης
3440 3620 3538 3688 τῆς
3567 3635 3709 3687 μαρ-

2143 3716 2338 3788 τυρίας
2365 3717 2453 3769 ὅτε
2500 3714 2680 3785 δεήσει
2706 3714 3008 3785 μαρτυρίας
3040 3712 3170 3783 περὶ
3224 3712 3552 3782 ἐλευθερίας,
3593 3712 3701 3765 ἀπ-

2142 3808 2370 3881 ῃτοῦντο
2392 3808 2441 3860 οἱ
2464 3807 2562 3871 τὰς
2590 3805 2889 3871 ἀποδείξεις
2916 3803 3231 3875 ποιούμενοι
3260 3792 3425 3857 πέντε
3457 3802 3619 3872 τυχὸν
3666 3803 3700 3872 ἢ

2141 3902 2237 3955 καὶ⁸
2277 3899 2527 3960 πλείονας
2582 3896 2928 3967 παράγεσθαι
2962 3897 3267 3967 μάρτυρας,
3304 3895 3379 3958 ὡς
3433 3894 3701 3947 τοσούτων

2140 3994 2235 4048 καὶ
2259 3991 2343 4059 ἐφ’
2383 3990 2599 4061 ἑτέραις
2636 3989 2928 4043 ὑποθέσεσι
2953 3988 3374 4058 παραγομένων.
3410 3987 3581 4040 Τοῦτο
3609 3983 3701 4039 οὖν

2139 4082 2378 4151 ἀναιρῶν
2415 4082 2442 4134 ὁ
2497 4079 2673 4135 κανὼν
2702 4080 2792 4133 ἐπὶ
2848 4079 3041 4149 θάλψει
3085 4082 3185 4148 τῆς
3234 4079 3567 4149 ἐλευθερίας,
3612 4082 3705 4131 καὶ

2139 4176 2287 4245 τρεῖς
2335 4171 2507 4242 ὁρίζει
2561 4172 2768 4240 ἀρκεῖν,
2799 4171 2892 4223 καὶ
2948 4170 3045 4240 τὴν
3076 4171 3298 4240 Γραφὴν
3341 4170 3577 4239 παράγει
3626 4171 3703 4234 είς

2143 4266 2402 4318 σύστασιν
2434 4262 2529 4331 τῆς
2590 4262 2973 4331 θεσμοθεσίας,
3023 4262 3287 4328 λέγουσαν
3315 4279 3326 4294 ·
3370 4264 3495 4314 Ἐπὶ
3549 4260 3702 4334 δύοῆ

2141 4356 2312 4427 τριῶν
2349 4355 2640 4425 μαρτύρων
2702 4353 3032 4423 σταθήσεται
3066 4356 3173 4407 πᾶν
3204 4355 3380 4424 ῥῆμα,
3439 4354 3559 4409 ἀντὶ
3610 4354 3702 4407 τοῦ

2147 4444 2590 4514 βεϐαιωθήσεται,
2622 4443 3021 4513 κυρωθήσεται.

2142 4613 2365 4667 ΑΡΙΣΤ.
2410 4630 2429 4663 ι
2489 4613 2963 4682 Ἢλευθερωμένος
3021 4612 3125 4665 ὑπὸ
3188 4615 3451 4669 δεσπότου
3512 4615 3701 4681 δοῦλος

2230 4702 2493 4758 ιἐπὶοδυσ).
2542 4706 2809 4775 μάρτυσιν
2836 4705 2925 4773 είη
2967 4706 3283 4769 άδούλωτος.
3336 4726 3354 4758 ι
3392 4710 3593 4780 Σαφής.

2696 4797 2934 4849 ΚΑΝΩΝ
2993 4797 3137 4865 nq'.

2147 4909 2168 4943 ι
2212 4888 2355 4951 Τοὺς
2377 4890 2470 4943 ἐπὶ
2504 4886 2686 4958 ψυχῶν
2712 4888 2909 4959 ὁλίσθῳ
2934 4892 3137 4959 πόρνας
3162 4893 3591 4957 ἐπισυναγοντας
3610 4896 3707 4946 καὶ

2222 4999 2242 5034 ε
2289 4981 2680 5051 ἐκτρέφοντας,
2703 4980 2752 5032 εί
2779 4981 2876 5049 μὲν
2900 4980 3150 5051 κληρικοὶ
3174 4976 3303 5044 εἶεν,
3332 4980 3710 5053 καθαιρεῖσθαι
3755 5045 3763 5053 ,

2213 5093 2231 5126 ι
2277 5074 2563 5144 ὁρίζομεν·
2593 5072 2640 5125 εἰ
2670 5072 2727 5125 δὲ
2756 5072 2955 5137 λαῖκοὶ,
2994 5074 3369 5144 ἀφορίζεσθαι.
3402 5095 3421 5127 ι

2158 5230 2181 5244 ί
2217 5166 2415 5219 ΒΑΛΣ.
2458 5165 2670 5234 Ὥσπερ
2703 5167 2730 5219 ὁ
2759 5165 3038 5227 πολιτικὸς
3090 5166 3255 5235 νόμος
3307 5169 3529 5232 κολάζει
3584 5168 3711 5232 τοὺς

2146 5256 2570 5330 πορνοϐοσκοὺς,
2611 5257 2753 5311 οὕτω
2801 5258 2958 5312 καὶὸ
3006 5258 3188 5312 κανὼν
3248 5260 3542 5330 διορῖζεται
3586 5263 3715 5325 τοὺς

2142 5351 2571 5419 ἐπισυνάγοντας
2618 5350 2846 5419 πόρνας,
2894 5350 2988 5402 καὶ
3037 5344 3147 5402 οἷον
3195 5352 3285 5405 διὰ
3347 5354 3538 5406 τούτου
3586 5370 3715 5404 συν-

1684 5522 1878 5585 Guill.
1911 5521 2231 5597 Beveregii
2268 5530 2448 5581 nuta}.

560 5654 635 5724 (i)
675 5655 857 5709 Ἀλλὰ
878 5654 990 5709 κάν
1016 5654 1136 5721 τοῖς
1164 5654 1490 5720 πολιτικοῖς
1514 5652 1919 5724 δικαστηρίοις
1940 5669 2040 5705 κα-

484 5723 921 5793 ταστρωθῆναι.
976 5725 1099 5779 Haec
1147 5727 1309 5779 verba
1355 5727 1410 5778 in
1458 5724 1692 5778 editione
1744 5723 2037 5793 Parisiensi

490 5794 809 5861 omittuntur
860 5812 873 5848 ε
926 5804 980 5848 at
1028 5809 1128 5847 non
1178 5796 1332 5849 modo
1375 5796 1427 5848 in
1476 5795 1660 5848 codice
1707 5802 1891 5848 nostro
1936 5792 2038 5845 Bo-

2145 5650 2381 5713 dleiano,
2422 5651 2514 5705 sed
2547 5649 2707 5703 etiam
2741 5647 2793 5701 in
2827 5634 3258 5700 Amerbacliiano
3290 5656 3344 5701 et
3380 5646 3591 5700 Tiliauo
3630 5645 3715 5697 le—

2181 5730 2377 5787 untur;
2413 5731 2466 5775 et
2490 5736 2551 5774 ex
2586 5718 3018 5789 praecedentibus
3049 5717 3249 5779 verbis,
3279 5718 3340 5769 οὐ
3378 5719 3537 5787 μόνον
3562 5716 3713 5785 ὀφεί-

2181 5739 2377 5787 untur;
2413 5739 2466 5775 et
2490 5739 2551 5774 ex
2586 5739 3018 5789 prwcetlenttuus
3050 5739 3249 5779 venus,
3279 5739 3340 5769 ou

2146 5739 2256 5856 gen,
2286 5791 2597 5847 necessario
2625 5804 2686 5845 ea
2717 5786 2940 5857 legenda
2974 5801 3098 5843 esse
3127 5798 3363 5843 constat.
