4062 6394
402 378 507 436 805

1378 365 1460 424 ΙΝ
1496 364 1663 425 CAN.
1703 357 1989 421 LXXXVI
2028 353 2241 414 CONC.
2284 345 2726 412 IN‘TRULLO.

3539 341 3647 401 806

406 490 615 545 ωθοῦντ
626 505 688 551 ας
709 490 785 550 εἰς
809 484 1050 554 ψυχικὴν
1078 480 1355 535 ἀπώλειαν
1374 480 1501 537 τοὺς
1528 476 1776 537 πολλοὺς,
1796 474 1891 525 xui
1921 471 1980 522 οὐ

2104 468 2277 521 mima:
2310 465 2536 519 exilium
2585 462 2747 515 veluti
2798 457 3170 531 protrudunt;
3219 462 3274 513 et
3324 469 3430 509 non
3468 456 3644 509 solum

408 587 569 654 μόνον
598 581 1045 646 ἑπισυνάγοντας,
1076 574 1210 626 ἀλλὰ
1259 573 1353 625 xui
1388 569 1777 640 ἐκτρέφοντας,
1807 566 1975 635 ἤγουν

406 677 476 729 τά
511 673 785 741 ἀναγκαῖα
813 671 1005 729 αὐταῖς
1067 662 1537 735 ὲπιχορηγοῦντας
1722 659 1831 726 γὰρ
1862 656 1976 709 ὀνό-

413 784 543 835 ματι
569 766 663 833 τῆς
700 762 907 832 τροφῆς
958 759 1049 812 xui
1083 757 1416 825 ὲνδυμενίαι,
1451 754 1545 806 xui
1581 752 1649 805 τά
1692 750 1875 811 λοιπὰ,
1912 750 1978 801 τὰ

412 860 549 929 πρὸς
579 856 877 909 ἀκολασίαν
908 854 1035 915 τοὺς
1066 850 1453 918 ἁπαλωτέρους
1508 840 1978 919 ἓλκονταηπεριέ-

408 948 641 1020 χονται).
675 945 970 1015 κληρικοὺς
995 945 1092 1012 μὲν
1116 943 1296 1005 ὄντας,
1331 934 1732 1006 καθαιρεῖσθαι,
1760 932 1981 992 λαῖκοὺς

410 1040 486 1100 δὲ,
518 1036 893 1106 ἀφορίζεσθαι.
933 1034 1008 1086 Οὐ
1043 1033 1195 1101 παρὰ
1224 1031 1379 1085 τοῦτο
1405 1028 1461 1080 δὲ
1488 1029 1537 1079 οἱ
1574 1027 1733 1095 μόνον
1763 1026 1984 1074 ὲπισυν·

417 1129 645 1194 άγοντες
702 1126 795 1178 καὶ
834 1125 908 1194 μὴ
944 1123 1301 1192 ἐκτρέφοντες
1334 1118 1504 1181 αὐτάς
1541 1114 1979 1184 οὑλτιμωρηθή-

416 1236 629 1272 σονταιο
664 1216 804 1270 ἀλλά
836 1218 1074 1269 κάκεῖνοι
1118 1213 1319 1282 ὁμοίως
1366 1210 1816 1277 κολασθήσονται.
1850 1201 1982 1256 Εἷπε

414 1310 469 1361 δὲ
501 1312 526 1361 ὁ
561 1308 735 1361 κανὼν
768 1309 827 1359 τὸ
854 1303 1265 1373 ἐκτρέφον-τες,
1301 1302 1381 1355 ὅτι
1404 1300 1461 1364 ἐξ
1485 1300 1725 1366 ἀνάγκης
1781 1300 1846 1367 τῇ
1875 1314 1989 1347 συν-

417 1401 605 1467 αγωγῇ
638 1388 996 1451 ἐπακολουθεῖ
1026 1393 1119 1446 καὶ
1147 1395 1179 1463 ἡ
1204 1392 1364 1461 λοιπὴ
1395 1389 1613 1460 φροντὶς
1637 1389 1741 1440 τῶν
1772 1389 1991 1439 ἐπισυν-

419 1490 729 1559 αγομένων.
771 1491 845 1541 Οὐ
881 1490 988 1555 γάρ
1018 1487 1078 1543 τὸ
1142 1485 1467 1550 συναγαγεῖν
1501 1488 1664 1546 μόνον
1696 1478 1844 1542 ἄξιόν
1875 1480 1991 1529 ἐστι

420 1581 697 1653 κολάσεως
719 1596 733 1610 ⁸
770 1579 901 1631 διότι
930 1578 1150 1644 συνάγει
1182 1593 1263 1637 τις
1305 1572 1565 1633 πολλάκις
1594 1571 1800 1639 πόρνας
1829 1569 1986 1637 χάριν

420 1669 515 1721 τοῦ
555 1669 849 1721 ὑποθέσθαι
880 1667 1069 1730 αὐταῖς
1100 1666 1168 1716 τά
1198 1661 1537 1732 σωτηριώδη,
1562 1658 1593 1729 ἢ
1624 1661 1993 1729 χειραγωγίας

424 1760 654 1823 ἀξιῶσαι
681 1757 1023 1826 σωματικῆς,
1075 1756 1108 1826 ἢ
1145 1751 1483 1824 παραδοῦναι
1515 1750 1593 1819 τῷ
1639 1750 1863 1819 ἄρχοντι
1896 1750 1993 1818 χάτ

2078 579 2174 617 eos
2207 564 2298 632 qui
2323 568 2546 630 cogunt,
2580 560 2673 614 sed
2699 568 2754 611 et
2780 556 2877 624 qui
2907 556 3062 610 alunt
3088 555 3203 609 sive
3232 553 3313 608 eis
3336 557 3645 609 necessaria

2082 653 2435 731 suppeditant
2471 653 2734 719 (alimenti
2788 650 2931 701 enim
2977 647 3201 701 nomine
3235 657 3287 701 et
3335 650 3648 707 indumenta

2078 757 2134 802 et
2173 749 2400 816 reliqua,
2432 762 2551 815 qua'
2578 745 2853 821 molliores
2875 745 2941 797 ad
2976 742 3449 810 intemperantiam
3478 753 3647 805 attrae

2085 843 2239 901 hunt,
2271 838 2851 908 comprehenduntur},
2878 838 2921 891 si
2954 836 3289 903 sintquidem
3320 836 3523 897 clerici,
3550 839 3647 891 de-

2084 934 2359 1004 ponendos
2395 948 2406 982 :
2446 932 2529 985 sin
2568 915 2701 984 vero.
2727 930 2871 992 laici,
2901 929 3287 999 segregandos.
3314 928 3430 982 Non
3464 944 3646 983 autem

2083 1025 2291 1078 idcirco
2333 1024 2423 1094 qui
2463 1023 2637 1078 solum
2672 1022 2888 1089 quidem
2934 1030 3154 1091 Cogunt,
3185 1033 3237 1076 et
3267 1038 3356 1075 eas
3405 1039 3507 1075 non
3548 1041 3650 1075 nu-

2084 1117 2276 1179 triunt,
2307 1130 2411 1166 non
2450 1114 2746 1184 punientur
2773 1127 2786 1163 :
2824 1109 2918 1165 sed
2948 1112 2999 1163 in
3030 1127 3124 1165 eos
3155 1126 3369 1180 quoque
3398 1112 3652 1165 similiter

2070 1207 2572 1259 ‘aniniadvertetnr.
2606 1202 2749 1255 Dixit
2772 1188 2949 1255 autem
2979 1217 3151 1255 canon
3184 1202 3310 1255 illud
3343 1220 3356 1257 :
3399 1204 3649 1267 Etjalnnt,

2086 1299 2340 1368 quoniam
2369 1297 2459 1351 ubi
2483 1298 2780 1365 coegerint,
2808 1310 3117 1349 necessario
3142 1310 3356 1363 quoque
3381 1295 3648 1361 sequitur,

2088 1398 2149 1444 ut
2179 1398 2486 1443 conclarum
2521 1405 2649 1443 cura
2694 1389 2948 1454 deinceps
2988 1386 3053 1439 ab
3085 1366 3153 1438 iis
3189 1396 3429 1455 geratur.
3469 1384 3650 1453 Neque

2091 1483 2231 1535 enim
2288 1484 2464 1536 solum
2511 1496 2706 1550 cogere
2761 1479 3087 1548 supplicium
3145 1480 3405 1529 meretnr’
3437 1496 3449 1531 :
3485 1490 3655 1527 mere-

2092 1577 2266 1630 trices
2298 1576 2438 1628 enim
2472 1590 2612 1642 sa‘pe.
2643 1572 2784 1642 cogit
2813 1572 3107 1641 quispiam,
3139 1580 3196 1622 ut
3236 1569 3316 1621 eis
3347 1568 3459 1629 illa,
3492 1566 3657 1635 258

2093 1684 2211 1738 qum
2245 1677 2374 1722 sunt
2406 1656 2686 1727 salutaria,
2735 1670 3012 1732 suggerat,
3051 1661 3136 1715 vel
3186 1669 3241 1712 ut
3276 1675 3461 1713 earum
3495 1673 3657 1722 opera

2097 1759 2162 1812 ad
2207 1758 2551 1811 tractandum
2605 1757 2819 1825 aliquod
2856 1753 3217 1807 ministerium
3257 1760 3460 1812 utatur,
3487 1749 3568 1802 Vel
3600 1757 3659 1801 ut

423 1869 507 1919 ριν
551 1842 951 1920 σωφρονισμοῦ.
988 1848 1155 1916 Ζήτει
1208 1845 1414 1916 βιϐλίον
1451 1844 1491 1907 ξ’
1524 1841 1633 1895 τῶν
1662 1841 1988 1906 Βασιλικῶν,

2104 1848 2182 1903 ἀεὶ
2214 1862 2306 1899 eas
2344 1844 2683 1912 magistratui
2715 1841 3081 1909 eastigandas.
3117 1840 3309 1905 Qnazre
3344 1839 3541 1891 librum
3591 1851 3660 1888 ιι

422 1942 586 2014 τίτλιρ
610 1940 712 2012 λη’,
743 1958 867 2009 κεφ.
892 1946 959 1995 α’.
1003 1940 1128 1991 Ἐάν
1159 1936 1341 2006 πατὴρ
1366 1935 1638 2004 θυγατέρα
1666 1934 1697 2004 ἢ
1725 1934 1990 2002 δεσπότης

425 2034 617 2103 δούλην
665 2033 1027 2102 πορνοϐοσκῇ,
1077 2026 1467 2082 άπολλύτωσαν
1521 2026 1618 2095 τὴν
1654 2024 1740 2077 ἐπ’
1792 2026 1986 2087 αὑταῖς

427 2125 698 2187 ἐξουσίαν.
726 2122 1057 2194 Προστίθησι
1083 2121 1139 2172 δὲ
1168 2122 1228 2172 τὸ
1267 2117 1563 2186 κεφάλαιον
1598 2116 1685 2168 διὰ
1708 2110 1831 2168 τοῦ⁸
1867 2118 1991 2167 ἐπι-

426 2216 631 2268 σκόπου
671 2214 764 2267 καὶ
797 2211 889 2265 τοῦ
907 2212 1161 2281 ἄρχοντος
1196 2209 1360 2269 αὑτὰς
1391 2206 1735 2279 βοηθεῖσθαι’
1767 2207 1862 2258 xui
1888 2207 1991 2271 ὅτι,

429 2306 523 2358 ἐὰν
560 2306 877 2358 ἀνθίσταται
928 2306 1061 2373 πρὸς
1097 2302 1256 2354 τοῦτο
1284 2304 1311 2354 ὁ
1344 2308 1525 2373 πατὴρ
1555 2302 1588 2372 ἢ
1636 2303 1664 2353 ὁ
1692 2300 1986 2368 δεσπότης,

428 2398 757 2465 δημεύονται
793 2398 886 2450 xui
917 2397 1274 2467 ἐξορίξονται.
1306 2396 1417 2448 Kui
1446 2398 1506 2447 τὸ
1546 2394 1801 2464 δεύτερον
1829 2392 1995 2458 κεφά-

431 2489 580 2541 λαιον
606 2488 732 2550 τοὺς
770 2488 868 2557 μὲν
898 2489 1132 2549 εὐτελεῖς
1167 2487 1562 2558 πορνοϐοσκοὺς
1588 2488 1793 2557 ὁμοίως
1822 2502 1993 2553 τιμω-

436 2582 539 2649 ρεῖ,
569 2580 691 2642 τοὺς
727 2579 784 2631 δὲ
809 2579 1095 2649 στρατείαν
1127 2577 1347 2647 ἔχοντας
1370 2576 1705 2647 δημεύεσθαί
1731 2592 1885 2645 φησι.
1919 2573 1994 2625 Τὸ

436 2672 619 2739 μέντοι
656 2668 703 2739 γ’
748 2689 873 2739 κεφ.
910 2670 1004 2723 τοῦ
1050 2670 1215 2723 αὑτοῦ
1250 2669 1454 2739 βιϐλίου
1488 2672 1584 2723 xui
1617 2669 1818 2731 τίτλου,
1855 2668 1994 2736 ὅπερ

434 2763 549 2815 ἐστὶ
595 2763 783 2834 Νεαρά
823 2762 1263 2825 ἰουστινιάνειος,
1311 2763 1557 2830 μεγάλως
1608 2760 1824 2822 κολάζει
1869 2761 1995 2823 τοὺς

438 2857 534 2907 σὺν
570 2858 751 2929 τέχνῃ,
783 2859 877 2911 καὶ
901 2858 1058 2927 δόλῳ,
1100 2848 1195 2909 καὶ
1224 2855 1434 2925 ἀνάγκῃ
1485 2859 1565 2915 εἰς
1593 2856 1692 2925 τὴν
1740 2854 1997 2925 τοιαὺτην

434 2945 723 3015 ἀσέλγειαν
773 2948 1047 3015 ἄγοντας,
1097 2947 1191 2999 xui
1259 2946 1740 3015 ἑμπορευομένους
1800 2946 1993 3001 ταῦτα.

450 3034 752 3105 Ἀνάγνωθι
776 3038 949 3109 οὖντὸ
973 3038 1213 3091 τοιοῦτον
1241 3039 1539 3107 κεφάλαιον
1568 3038 1996 3092 ἐπιστατικὼτεο

441 3147 554 3200 ρον.
597 3132 829 3199 Λέγουσι
878 3132 987 3204 γάρ
1035 3149 1180 3195 τινες
1204 3133 1279 3195 ὡς
1311 3131 1551 3194 ἐκείνους
1586 3130 1742 3184 τοῦτο
1776 3130 1998 3194 κολάζει

436 3223 565 3305 τοὺς
586 3222 926 3288 πλανῶντας,
954 3224 1048 3277 xui
1086 3225 1222 3295 μετά
1253 3241 1398 3286 τινος
1443 3224 1725 3294 μεθόδουῆ
1757 3224 1998 3292 ἀνάγκης

444 3314 805 3381 μετιέλκοντας
843 3315 923 3375 εἰς
956 3314 1207 3385 πορνείαν
1251 3314 1518 3384 γυναῖκάς
1551 3330 1703 3375 τινας
1727 3327 1741 3343 ·
1778 3314 1838 3365 οὑ
1898 3314 2003 3382 μὴν

440 3408 565 3466 τοῦς
621 3405 1089 3481 προσδεχομένους
1143 3405 1243 3469 τὰς
1308 3406 1541 3474 ἑκουσίῳ
1604 3404 1858 3475 βουλήσει
1907 3404 2004 3474 τὴν

447 3496 703 3564 πορνείαν
756 3497 1019 3566 έλομένας
1065 3496 1155 3549 διὰ
1187 3498 1401 3565 φύσεως
1426 3497 1674 3567 ἀνάγκην
1704 3498 1736 3570 ἢ
1779 3495 1875 3549 xui
1902 3511 2006 3549 πεο

444 3590 584 3643 νίαν.
639 3587 893 3656 Χρῶνται
931 3588 988 3641 δὲ
1030 3588 1127 3640 xui
1151 3591 1285 3658 πρὸς
1322 3589 1677 3641 ἐπισύστασιν
1715 3588 1810 3641 τοῦ
1843 3588 2004 3657 λόγου

454 3679 631 3732 αὐτῶν
686 3682 778 3732 xui
814 3680 1025 3750 ῥήμασί
1068 3696 1181 3733 τισι
1203 3680 1303 3750 τῆς
1336 3682 1504 3750 αὐτῆς
1530 3681 1769 3752 Νεαρᾶς,
1802 3681 1896 3735 xui
1929 3680 2007 3754 τῷ

457 3772 689 3842 παρόντι
714 3773 896 3824 κανόνι
938 3772 1014 3841 μὴ
1058 3771 1221 3839 μόνον
1258 3772 1384 3835 τοὺς
1413 3773 1841 3842 ὲπισυνάγοντας
1872 3774 2008 3843 πόρ-

452 3882 546 3927 νας
578 3864 879 3927 κολάζοντι,
916 3863 1051 3916 ἁλλά
1076 3863 1317 3926 καὶτοὺς
1342 3862 1729 3935 ἐκτρέφοντας,
1758 3866 2010 3919 τουτέστι

452 3955 541 4007 διὰ
573 3956 780 4025 πλάνης
810 3956 904 4008 xui
934 3954 1221 4015 κολακείας
1242 3954 1617 4022 συνωθοῦντας
1646 3958 1814 4023 αὐτάς
1844 3960 1920 4022 είς
1949 3958 2010 4011 τὸ

461 4047 648 4100 κακόν.
668 4049 780 4101 Καὶ
802 4048 860 4099 τὸ
887 4049 1122 4117 σήμερον
1144 4045 1199 4101 δὲ
1211 4047 1487 4114 γινόμενον
1508 4051 1902 4119 πραγματικῶς
1927 4050 2008 4114 είς

456 4146 523 4192 τὰ
556 4140 950 4209 προνοϐοσκεῖα
976 4139 1335 4192 διενίστανται
1366 4141 1675 4209 συντρέχειν
1696 4145 1806 4205 τοῖς
1829 4142 2011 4211 λόγοις

457 4232 655 4285 αὐτῶν.
701 4231 855 4301 Ἐμοὶ
892 4232 947 4284 δὲ
981 4231 1129 4284 δοκεῖ
1183 4232 1265 4285 ὅτι
1321 4232 1499 4286 πάντα
1546 4233 1910 4302 πορνοῦοσκὸν
1962 4239 2011 4290 οἱ

461 4323 615 4392 νόμοι
661 4326 761 4376 ’καὶ
821 4326 869 4376 οἱ
900 4325 1123 4385 κανόνες
1170 4324 1527 4388 ἀδιαστίκτως
1573 4324 1878 4389 κολάζουσι,
1919 4330 2015 4383 xui

460 4416 639 4468 πᾶσαν
672 4418 876 4487 πόρνην
904 4420 984 4480 εἰς
1027 4415 1385 4487 σωφροσύνην
1416 4416 1790 4487 μεθέλκουσιν.
1862 4422 2018 4475 ’Λνά-

2097 1938 2309 1991 Basilio.
2341 1938 2422 1989 tit.
2456 1936 2543 1996 58,
2570 1951 2688 2002 cap.
2716 1934 2738 1985 l
2777 1948 2791 1985 :
2825 1932 2878 1986 Si
2905 1944 3054 1999 pater
3082 1931 3265 1993 ﬁliam,
3297 1931 3375 1982 vel
3407 1929 3660 1983 dominus

2098 2045 2308 2084 servam
2343 2028 2542 2081 nutriat
2587 2028 2650 2079 ad
2699 2034 2964 2095 quaestum
3006 2024 3392 2085 meretricium,
3435 2022 3663 2091 perdant

2098 2138 2258 2193 quam
2284 2121 2485 2175 habent
2517 2122 2568 2172 in
2603 2134 2694 2173 eas
2727 2127 3075 2187 potestatem.
3107 2117 3304 2185 Adjicit
3330 2128 3503 2169 autem
3537 2128 3663 2167 cou-

2097 2217 2330 2272 Stitutio.
2357 2214 2459 2267 Per
2489 2214 2804 2282 episcopum
2842 2221 2893 2265 et
2920 2213 3297 2281 magistratum
3334 2210 3413 2263 eis
3444 2198 3667 2277 quoque

2101 2308 2228 2362 ferri
2271 2307 2468 2360 debere
2501 2306 2763 2358 auxilium
2800 2322 2813 2357 :
2859 2303 3081 2372 etquod
3119 2304 3161 2355 si
3190 2302 3254 2354 ad
3300 2302 3401 2354 hoc
3443 2300 3663 2352 resistat

2101 2411 2253 2471 pater
2281 2400 2361 2452 vel
2396 2397 2671 2460 dominus,
2719 2395 3067 2465 publicantnr
3108 2404 3163 2447 et
3208 2395 3662 2447 exterminantnr.

2103 2494 2176 2544 Ac
2212 2490 2511 2545 secundum
2547 2488 2762 2555 quidem
2795 2494 2953 2553 caput
2985 2486 3119 2537 viles
3151 2485 3377 2537 lenones
3409 2482 3664 2535 similiter

2103 2580 2257 2652 punit
2295 2596 2309 2632 :
2340 2596 2433 2634 eos
2470 2588 2672 2638 autem,
2719 2577 2809 2646 qui
2847 2586 2975 2630 sunt
3009 2576 3261 2628 militaris
3305 2573 3531 2633 ordinis,
3561 2588 3667 2641 pu-

2102 2674 2385 2729 blicandos
2415 2672 2567 2726 dicit.
2608 2670 2860 2747 Ejusdem
2901 2678 3078 2723 autem
3131 2667 3253 2721 libri
3288 2676 3339 2720 et
3373 2665 3511 2719 tituli
3543 2680 3665 2732 cap.

2103 2768 2157 2831 5,
2194 2766 2335 2836 quod
2370 2775 2452 2819 est
2475 2748 2765 2818 Iustiniani
2802 2762 3042 2825 Novella,
3078 2759 3231 2813 valde
3262 2758 3414 2829 punit
3438 2774 3552 2820 eos,
3576 2760 3670 2826 qui

2104 2871 2220 2916 arte
2249 2869 2301 2914 et
2330 2859 2455 2913 dolo
2499 2865 2553 2912 et
2590 2858 2913 2911 necessitate
2947 2857 3158 2923 aliquas
3204 2854 3256 2907 in
3296 2854 3437 2906 hanc
3472 2852 3671 2907 intem-

2106 2950 2405 3019 perantiam
2437 2948 2739 3009 attrahunt,
2772 2956 2825 3000 et
2873 2947 2938 2998 iis
2980 2952 3342 2996 mercaturam
3388 2926 3668 2995 exercent.

2104 3042 2245 3112 Lege
2282 3057 2408 3112 ergo
2433 3042 2531 3095 hoc
2554 3048 2719 3108 caput
2749 3036 3084 3107 diligentius.
3125 3034 3325 3087 Dicunt
3356 3034 3499 3087 enini
3532 3047 3670 3087 non-

2109 3133 2265 3197 nulli,
2299 3132 2443 3201 quod
2486 3131 2536 3185 id
2585 3133 2707 3185 illos
2750 3130 2905 3199 punit
2938 3129 3029 3197 qni
3062 3127 3357 3187 seducunt,
3391 3136 3444 3179 et
3484 3127 3667 3194 aliquo

2103 3226 2333 3281 artilicio
2370 3225 2451 3279 vel
2503 3224 2827 3278 necessitate
2856 3222 3111 3274 mulieres
3148 3218 3356 3288 aliquas
3394 3218 3464 3270 ad
3503 3216 3674 3271 forni-

2103 3321 2372 3373 cationem
2406 3318 2689 3375 attrahunt
2725 3333 2737 3369 :
2777 3332 2883 3368 non
2927 3323 3108 3367 autem
3150 3327 3247 3367 eos
3281 3311 3373 3379 qui
3421 3311 3540 3364 illas
3575 3326 3672 3365 sn-

2106 3412 2370 3480 scipinnt,
2419 3425 2539 3480 qua:
2588 3416 2886 3475 spontanee
2938 3404 3217 3457 voluntate
3251 3400 3665 3455 fornicationem

2102 3503 2312 3573 eligunt
2343 3510 2561 3570 propter
2592 3505 2802 3553 natura:
2830 3495 3207 3555 ueces>itatem
3241 3492 3320 3545 vc]
3355 3496 3513 3545 etiam
3538 3505 3673 3562 pau-

2106 3604 2394 3668 pertatem.
2436 3591 2519 3647 Ad
2560 3592 2660 3645 hoc
2712 3600 2892 3643 autem
2945 3586 3283 3656 probandum
3336 3592 3565 3637 utuntur
3618 3574 3714 3636 ρι’

2109 3688 2396 3744 nonnullis
2421 3687 2595 3757 ipsius
2624 3682 2861 3739 Novella:
2888 3681 3088 3745 verbis,
3112 3686 3166 3734 et
3193 3676 3442 3747 praesenti
3467 3689 3677 3730 canone

2108 3786 2388 3856 puniente,
2427 3798 2533 3835 non
2583 3794 2676 3834 eos
2726 3778 2901 3833 solum
2950 3776 3041 3845 qni
3089 3773 3403 3826 meretrices
3449 3780 3674 3837 cogunt,

2107 3877 2202 3933 sed
2230 3877 2395 3931 etiam
2433 3872 2525 3943 qui
2558 3886 2652 3924 eas
2688 3868 2961 3927 nutriunt,
2999 3878 3094 3933 per
3124 3860 3365 3914 fraudem
3395 3866 3447 3912 et
3481 3856 3675 3911 adula~

2109 3971 2310 4025 tionem
2345 3980 2437 4021 eas
2472 3964 2526 4019 in
2568 3962 2769 4015 malum
2803 3959 3169 4028 impellentes.
3210 3951 3380 4006 Porro
3408 3957 3587 4003 autem
3622 3958 3676 4000 ct

2109 4062 2255 4134 quod
2300 4060 2463 4115 hodie
2508 4064 2633 4113 actu
2674 4056 2745 4110 sit
2797 4056 2852 4108 in
2886 4055 3145 4107 lenonum
3186 4047 3419 4102 olﬁcinis
3461 4043 3678 4099 videtur

2114 4170 2239 4211 cum
2270 4168 2461 4210 eorum
2498 4152 2645 4206 dicto
2679 4161 3026 4203 concurrere.
3066 4141 3194 4196 Mihi
3225 4150 3401 4193 autem
3440 4138 3673 4201 videtur,

2112 4247 2259 4318 quod
2293 4247 2438 4317 leges
2467 4252 2523 4298 et
2552 4254 2792 4297 canones
2826 4250 3210 4307 quemcunque
3244 4232 3496 4286 lenonem
3534 4226 3679 4281 indi-

2114 4340 2313 4394 stincte
2346 4337 2601 4407 puniunt,
2633 4342 2687 4387 et
2728 4347 2941 4383 omnem
2990 4326 3323 4381 meretricem
3380 4322 3444 4375 ad
3478 4332 3679 4389 tempe-

2115 4432 2350 4487 rantiam
2397 4429 2708 4483 retrahunt.
2757 4423 2895 4493 Lege
2937 4430 2989 4475 et
3020 4419 3076 4474 91
3123 4416 3397 4471 Novellam
3443 4414 3679 4482 impera-

454 4509 624 4574 γνωθι
657 4511 747 4561 xui
780 4511 875 4580 τὴν
897 4510 990 4575 μα’
1015 4508 1236 4595 Νεαράν
1268 4507 1362 4560 τοῦ
1384 4507 1644 4578 βασιλέως
1674 4510 1842 4582 κυροῦ
1863 4512 2001 4566 Λέον

2125 4523 2260 4577 toris
2291 4521 2494 4576 domini
2536 4518 2736 4573 Leonis
2768 4512 3099 4589 Philosophi,
3133 4524 3251 4578 quae
3282 4522 3387 4560 non
3417 4504 3679 4575 permittit

414 4611 428 4628 '
456 4618 547 4660 τος
595 4601 689 4653 τοῦ
745 4601 1060 4667 Φιλοσόφου,
1120 4600 1195 4670 μὴ
1243 4600 1682 4671 παραχωροῦσαν
1752 4604 1898 4656 κατὰ
1928 4602 2020 4659 τὸν

464 4693 693 4747 παλαιὸν
724 4693 888 4762 νόμον
919 4692 1127 4759 διάγειν
1156 4692 1277 4744 τινὰ
1312 4693 1451 4762 μετὰ
1485 4690 1792 4749 παλλακῶν.

540 4874 784 4928 ΖΩΝΑΡ.
840 4872 913 4923 Τὸ
964 4845 1345 4941 πορνοϐοσκεῖν
1406 4871 1499 4923 xui
1557 4872 1669 4947 τοῖς
1723 4871 2020 4936 πολιτικοῖς

468 4967 845 5037 ἀπηγόρευται
881 4965 1087 5033 νόμοις.
1125 4962 1512 5030 Πορνοϐοσκεῖν
1540 4963 1582 5014 δ’
1622 4963 1737 5014 ἐστὶ
1788 4964 1846 5015 τὸ
1898 4964 2022 5034 τρέ-

400 5126 401 5129 η
471 5078 591 5129 φειν
622 5060 822 5127 πόρνας
857 5057 945 5109 διὰ
979 5056 1170 5123 κέρδος
1207 5053 1302 5106 τοῦ
1344 5053 1695 5124 μισθώματος
1729 5054 1822 5107 ἐπὶ
1852 5053 2022 5127 βλάϐῃ

419 5145 425 5159 ’
468 5152 675 5221 ψυχῶν.
706 5150 767 5202 Εί
796 5149 851 5203 δὲ
881 5150 993 5210 τοῖς
1014 5148 1113 5217 τῆς
1140 5144 1413 5206 πολιτείας
1446 5145 1605 5200 τοῦτο
1664 5144 1886 5213 θεσμοῖς
1921 5146 2028 5198 ἀπ·-

470 5243 788 5314 ηγόρευται,
820 5238 1000 5309 πολλῷ
1031 5239 1107 5306 τῷ
1147 5239 1297 5307 μέσῳ
1327 5238 1413 5307 εῐη
1442 5237 1508 5290 ἂν
1547 5236 2028 5307 ἀποτετραμμένον

471 5335 583 5394 τοῖς
608 5332 1077 5399 ὲκκλησιαστικοῖς
1104 5330 1200 5382 καὶ
1243 5331 1652 5398 πνευματικοῖς.
1686 5328 1775 5379 Διὸ
1814 5328 1909 5381 xui
1937 5328 2031 5397 βα-

479 5423 683 5494 ρύτατα
712 5422 869 5475 τοῦτο
892 5421 1108 5484 κολάζει
1135 5421 1163 5473 ὃ
1208 5418 1387 5473 κανὼν
1434 5419 1527 5470 ἐπὶ
1553 5417 1849 5489 κληρικῶν.
1883 5415 2032 5469 Καθ-

476 5515 750 5587 αιρεῖσθαι
783 5513 891 5584 γὰρ
940 5514 1137 5576 αὐτοὺς
1169 5514 1228 5566 ἐν
1291 5510 1473 5580 ταύτῷ
1526 5513 1620 5563 καὶ
1669 5509 2027 5579 ἀφορίζεσθαι

475 5606 838 5669 διατάττεται,
867 5605 1001 5674 ὅπερ
1032 5606 1323 5667 σπανιάκις
1368 5604 1704 5675 εὑρίσκεται.
1748 5601 1893 5655 Ἀντὶ
1921 5602 2028 5671 γὰρ

481 5702 663 5770 πάσης
687 5698 884 5768 ἑτέρας
909 5697 1175 5766 τιμωρίας
1214 5698 1289 5760 ὡς
1321 5698 1413 5751 ἐπὶ
1442 5697 1504 5750 τὸ
1534 5686 1675 5750 πολῦ
1702 5698 1814 5759 τοῖς
1835 5695 2029 5763 κεκλη-

484 5792 750 5862 ρωμένοις
774 5790 964 5861 ἀρκεῖν
992 5788 1407 5860 νενομοθέτηται
1456 5790 1490 5860 ἡ
1524 5788 1861 5859 καθαίρεσις.
1888 5788 2029 5851 Τοὺς

2122 4623 2182 4668 ut
2205 4612 2373 4669 veteri
2408 4614 2523 4683 lege
2550 4608 2752 4679 aliquis
2785 4606 2942 4677 degat
2966 4617 3099 4671 cum
3130 4597 3479 4655 concubinis.

2192 4867 2448 4934 ZONAR:
2487 4875 2802 4930 Meretrices
2827 4872 2973 4934 alere
2998 4869 3236 4925 civilium
3267 4878 3480 4934 quoque
3504 4872 3677 4930 legum

2127 4971 2433 5026 sanctiones
2476 4975 2680 5023 vetant.
2718 4965 2874 5020 Alere
2916 4977 3044 5018 vero
3095 4959 3414 5014 meretrices
3461 4963 3566 5017 est,
3600 4952 3683 5005 eis

2126 5064 2195 5119 ob
2244 5062 2454 5114 lucrum
2509 5074 2574 5112 ex
2624 5055 2936 5111 meretricio
2984 5062 3193 5124 quaestu
3245 5046 3681 5119 percipiendum,

2124 5168 2248 5208 cum
2310 5152 2618 5204 animarum
2685 5147 2926 5218 pernicie
2987 5146 3248 5198 alimenta
3313 5136 3681 5209 suppeditare.

2125 5245 2296 5312 Quam
2346 5259 2481 5308 rem,
2537 5244 2581 5297 si
2643 5242 2833 5295 civiles
2877 5253 3095 5307 quoque
3144 5237 3290 5304 leges
3343 5230 3684 5301 prohibeant,

2128 5337 2297 5390 multo
2326 5336 2471 5389 illam
2502 5341 2649 5387 certe
2675 5331 2843 5401 magis
2869 5328 3253 5383 ecclesiastica;
3282 5339 3343 5377 ac
3368 5320 3684 5390 spirituales

2130 5425 2328 5480 debent
2375 5424 2639 5478 aversari.
2694 5421 2925 5475 Proinde
2978 5417 3256 5489 graviores
3300 5415 3461 5467 etiam
3513 5423 3688 5478 paena:

2130 5518 2342 5571 clericis
2367 5517 2420 5569 in
2448 5515 2550 5568 hoc
2578 5528 2774 5583 genere
2802 5507 3243 5578 delinquentibus
3266 5506 3533 5569 irrogatae.
3557 5502 3689 5554 Illos

2129 5608 2397 5676 siquidem
2446 5606 2610 5675 (quod
2657 5620 2761 5658 non
2811 5604 2886 5658 ita
2934 5602 3125 5656 crebro
3178 5597 3441 5666 reperias)
3488 5592 3685 5662 deponi

2128 5700 2289 5755 simul
2323 5707 2376 5753 et
2397 5696 2666 5768 segregari
2692 5694 2869 5763 jubet.
2898 5692 3002 5747 Pro
3026 5689 3223 5760 quovis
3251 5688 3394 5742 enim
3425 5685 3534 5738 alio
3554 5697 3689 5752 sup-

2131 5790 2292 5860 plicio
2317 5791 2369 5861 in
2396 5804 2512 5852 eos,
2535 5788 2626 5857 qni
2660 5788 2804 5841 clero
2833 5785 3055 5854 ascripti
3090 5782 3326 5845 fuerant,
3368 5777 3684 5849 plerumque
