2031 3200
213 161 266 192 807

839 166 978 196 THEOD.
999 165 1201 196 BALSAMON

1776 170 1831 202 808

211 219 347 253 depositio
365 220 422 247 sola
439 221 561 249 sufﬁcere
579 223 635 250 visa
652 222 713 251 fuit.
730 223 824 253 Laicns
847 233 923 257 vero,
941 228 981 260 qu‘

1039 225 1066 250 δὲ
1082 224 1192 255 λαῖκοῦς
1226 224 1405 260 ἀφορίζεσθαι
1432 225 1597 260 προστάσσει
1619 225 1698 254 τοῦτο
1726 229 1834 256 ποιοῦν-

212 264 239 290 id
256 264 386 299 fecerint,
404 268 592 302 segregatione
610 269 762 303 puniendos
779 278 841 298 esse
857 271 990 299 decernit.

1043 278 1102 302 τας.

210 310 323 339 ARIST.
346 321 355 337 t
381 312 433 344 Qui
458 316 616 342 meretrices
642 315 668 342 in
698 317 849 344 animarum
870 318 981 345 rexitiun

1042 316 1154 344 ΔΡΙΣΤ.
1174 326 1184 343 ‹
1214 317 1244 344 '0
1269 319 1395 352 συνάγων
1412 321 1516 353 πόρνας
1542 319 1587 346 tn‘
1609 320 1709 356 ὀλίσθῳ
1732 322 1828 357 ψυχῶν

348 367 358 384 t
376 359 461 394 cogit,
479 364 648 396 segregatur.
670 372 679 388 ι
698 362 865 397 Perspicua.

458 416 572 448 CANON
592 417 744 447 LXXXVII.

214 478 222 492 ε
241 471 305 501 Qua:
320 472 446 498 maritqu
463 473 582 508 reliquit,
597 480 639 501 est
654 475 789 507 adultera,
803 476 826 504 si
842 477 947 504 venerit
958 477 992 505 ad

248 525 257 541 l
278 517 371 550 alium,
387 523 416 545 ιιι
429 520 486 546 vult
500 528 578 548 sacer
593 526 620 548 et
632 522 742 550 divinus
757 522 884 556 Basilius,
899 526 945 559 qui
958 533 992 553 ex

251 572 259 588 ι
280 564 417 591 Hicremia
436 566 567 600 propheta
584 567 635 594 hoc
653 568 755 603 optime
768 568 877 605 collegit
894 578 902 597 :
918 570 992 605 quod

254 617 262 633 ι
283 610 305 636 si
320 610 366 636 alii
384 611 442 637 viro
460 619 530 638 uxor
544 612 633 643 fuerit.
648 614 679 640 ad
699 614 824 642 maritum
841 623 920 643 suum
937 624 990 644 non

248 663 258 679 ‹
276 661 462 689 com'ertetur,
477 658 525 685 sed
540 658 652 692 polluta,
665 660 802 694 polluetur
817 666 864 688 :.et
875 670 991 691 rursus:

247 706 256 722 ι
276 697 326 730 Qui
343 699 448 727 detinet
466 700 629 734 adulteram,
648 709 690 730 est
705 710 731 730 et
747 705 881 740 insipiens
898 712 924 734 et
941 707 992 735 im-

247 752 257 768 ‹
277 744 349 778 pius.
364 744 392 771 Si
405 746 497 781 itaque
512 752 609 781 praeter
621 750 753 776 rationem
765 758 780 778 a
791 751 889 779 marito
900 760 992 782 seces-

247 798 257 813 ι
277 790 347 817 sisse
363 798 489 826 appareat
502 813 510 825 ,
527 792 571 820 ille
588 794 696 828 quidem
714 796 792 823 venia
814 798 911 831 dignus
935 804 989 832 est,

247 844 256 860 ‹
279 836 334 863 haec
358 845 421 864 vero
447 845 535 872 pmua.
554 839 593 871 llli
616 845 705 868 autem
728 843 806 869 venia
828 843 948 878 dabitur,
962 850 993 872 ut

1269 365 1439 399 ἀφορίζεται.
1462 375 1471 391 ι
1488 366 1602 400 Σαφής.

1333 419 1454 446 ΚΔΝΩΝ
1472 420 1534 449 ΠΖ’.

1045 484 1054 500 ‹
1083 474 1116 501 Ἠ
1131 475 1319 503 καταλιποῦσα
1337 477 1382 505 τὴν
1395 478 1480 513 ἄνδρα
1496 479 1622 514 μοιχαλίς
1638 480 1724 514 ἐστιν,
1740 481 1765 508 εί
1783 482 1828 508 ἐπ’

1079 530 1088 546 ι
1111 520 1190 548 ἀλλον
1203 519 1280 557 ἦλθε,
1294 523 1366 549 κατά
1378 523 1424 550 τὸν
1438 524 1459 550 le
1465 523 1511 559 ρὸν
1526 525 1575 551 καὶ
1592 525 1663 552 θεῖον
1673 526 1827 561 Βασίλειον,

1082 575 1092 592 t
1114 566 1147 592 ἐκ
1159 567 1210 601 τῆς
1229 566 1362 602 Ἱερεμίου
1376 570 1545 604 προφητείας
1560 570 1659 605 ἄριστα
1670 572 1750 599 τοῦτο
1762 573 1829 599 ἀνα-

1080 620 1090 637 t
1112 611 1275 647 λεξάμενον·
1291 613 1333 640 δτι
1350 614 1413 641 Ἐὰν
1429 615 1497 650 γυνή
1510 616 1622 649 γένηται
1638 617 1716 652 ἀνδρὶ
1728 617 1827 653 ἑτέρῳ,

1079 667 1089 683 ‹
1111 658 1163 684 οὐκ
1190 659 1350 694 ἐπιστρέψει
1367 660 1437 695 πρὸς
1464 660 1510 687 τὸν
1528 660 1613 696 ἄνδρα
1641 663 1737 698 αὐτῆς,
1757 663 1827 691 ἀλλά

1081 714 1090 730 t
1114 705 1279 740 μιαινομένη
1298 705 1478 741 μιανθήσεται
1491 715 1498 723 ·
1514 707 1562 733 καὶ
1572 707 1654 734 πάλιν
1672 717 1679 724 ·
1701 708 1733 735 '0
1758 709 1827 744 ἔχων

1081 760 1090 775 ι
1113 749 1257 785 μοιχαλίδα
1270 750 1364 786 ἄφρων
1380 752 1429 778 καὶ
1447 752 1561 788 ἀσεϐής.
1578 753 1610 779 Εἰ
1626 753 1673 780 οὖν
1689 755 1761 789 φανῇ
1776 754 1826 781 τοῦ

1081 805 1089 820 ι
1113 796 1208 831 ἀνδρὸς
1226 796 1331 831 ἀλόγως
1341 797 1551 833 ἀναχωρήσασα,
1563 799 1577 825 ὁ
1592 799 1641 833 μὲν
1662 800 1827 836 συγγνώμης

1081 851 1090 867 t
1111 843 1188 868 ἐστὶν
1216 842 1291 876 ἄξιος
1317 844 1333 878 ἡ
1350 843 1378 870 δὲ
1396 844 1552 880 ἐπιτιμίων.
1568 845 1599 872 'H
1619 845 1647 871 δὲ
1674 847 1825 883 συγγνώμη

242 881 256 908 ‘t'
276 884 406 913 Ecclesia
422 888 616 915 communicet.
636 888 690 916 Sed
709 891 730 918 is
744 892 790 926 qui
804 892 924 928 legitime
938 894 980 922 sib

1081 896 1090 913 ι
1113 887 1199 923 τούτῳ
1212 887 1280 922 πρὸς
1297 887 1328 914 τὺ
1344 889 1484 915 κοινωνεῖν
1512 890 1545 924 τῇ
1569 889 1718 925 Ἐκκλησία
1745 881 1826 926 δοθήλ

246 930 363 957 «datam
388 939 500 959 uxorem
527 929 667 969 relinquit,
692 943 719 964 et
744 938 824 966 aliam
848 940 934 974 ducit,
956 949 990 969 ex

245 984 254 1000 ι
274 975 381 1003 Domini
402 979 537 1005 sententia
561 985 600 1007 est
625 982 751 1009 adulterii
772 984 876 1018 judicio
901 986 991 1014 obno-

246 1030 255 1046 ι
276 1022 335 1047 xius
346 1022 379 1050 ".
394 1023 415 1050 Α
427 1023 553 1052 Pati-ibus
568 1030 658 1053 autem
671 1028 771 1056 nostris
784 1034 915 1057 statutum
927 1037 988 1059 est:

246 1076 255 1092 ι
276 1072 303 1094 ιιι
324 1068 370 1103 qui
387 1074 451 1096 sunt
468 1070 601 1105 ejusmodi
619 1081 672 1100 uno
689 1081 762 1102 anno
775 1075 903 1109 deﬂeant,
915 1078 991 1106 bien-

247 1123 256 1138 ‹
275 1115 321 1140 nio
333 1115 457 1148 audiant,
472 1117 591 1145 triennio
603 1119 824 1155 substernantur,
836 1128 862 1150 et
873 1124 989 1159 septimo

245 1170 254 1186 ι
274 1169 335 1188 cum
351 1162 479 1191 ﬁdelibus
490 1166 651 1200 consistant,
666 1173 693 1194 et
706 1168 746 1196 sic
758 1170 898 1198 oblatione
912 1172 987 1208 digni

243 1217 253 1234 ι
274 1207 438 1241 habeantur.
454 1211 476 1238 si
497 1219 558 1239 cum
578 1212 707 1249 lacrymis
723 1216 912 1250 paenitentiam
924 1207 989 1249 ese-

243 1264 252 1279 ι
274 1260 340 1281 rtnt.
362 1265 372 1282 ι

241 1342 340 1372 BALS.
361 1344 491 1374 Dominus
510 1335 537 1375 et
557 1347 630 1376 Deus
648 1354 742 1378 noster
757 1350 836 1380 Jesus
859 1352 986 1383 Christus

204 1388 402 1425 interrogatus,
426 1400 459 1419 an
491 1394 571 1421 liccat
591 1396 691 1422 marito
713 1404 822 1424 uxorem
847 1400 940 1433 quavis
953 1408 986 1428 ex

204 1444 286 1463 causa
303 1437 451 1470 dimittere,
466 1439 516 1466 hoc
530 1441 625 1472 vetuit,
639 1442 734 1470 dicens
746 1452 753 1469 :
765 1443 843 1476 Quod
857 1446 905 1480 qui
920 1454 987 1473 uxo-

206 1491 259 1508 rem
276 1490 353 1510 suam
369 1484 482 1519 reliquit
497 1491 679 1521 praeterquam
692 1487 878 1518 fornicationis
890 1499 985 1526 causa,

202 1528 283 1564 259
296 1533 322 1556 et
336 1529 448 1557 alteram
472 1539 583 1559 uxorem
609 1533 693 1566 ducit,
709 1536 869 1564 mazcltatur.
892 1538 925 1565 Et
939 1539 984 1566 in-

179 1572 184 1585 ‘
201 1575 289 1609 clytus
302 1574 449 1610 imperator
460 1575 642 1611 Justinianus,
658 1580 731 1615 leges
744 1589 804 1617 qua:
815 1583 879 1610 olim
893 1583 982 1612 locum

182 1639 184 1641 μ
204 1620 349 1651 habebant.
362 1626 389 1648 et
403 1622 566 1658 coniugibus
579 1626 773 1659 permittebant
785 1628 911 1663 coniugia
924 1631 985 1659 sine

199 1666 274 1698 justa
288 1673 370 1693 causa
387 1667 503 1701 solvere,
518 1674 546 1697 et
560 1671 704 1706 unicuique
720 1673 797 1701 alteri
812 1674 913 1706 dicere,
931 1674 985 1704 Res

203 1714 263 1738 tuas
284 1719 358 1745 gere,
382 1720 429 1750 per
447 1714 497 1740 117
513 1714 650 1743 Novellam
667 1717 788 1752 sustulit,
803 1726 864 1754 quae
879 1720 930 1748 sila
944 1726 986 1749 est

202 1756 227 1782 in
247 1756 260 1781 7
277 1758 318 1783 tit.
343 1766 428 1785 χλνιιι
453 1760 501 1787 lib.
527 1765 554 1787 et
578 1769 676 1791 causas
700 1769 851 1798 enumerat,
873 1771 985 1802 propter

200 1808 268 1834 quas
279 1806 306 1828 et
321 1803 394 1830 solas
409 1804 478 1831 solvi
491 1806 591 1833 debent
602 1808 784 1836 matrimonia.
799 1809 982 1843 Quamobrem

199 1847 240 1873 lex
255 1855 363 1887 qucque
381 1849 511 1878 Hebraiea
527 1860 580 1880 una
597 1854 705 1882 sublata
719 1861 772 1888 est,
790 1864 851 1891 qua:
862 1857 981 1886 libellum

200 1894 304 1928 repudii
327 1897 436 1923 mittere
460 1898 620 1928 mulieribus
641 1904 669 1928 et
691 1901 850 1938 coniugium
877 1905 982 1934 solvere

200 1939 265 1966 viris
280 1941 464 1973 permittebat.
481 1942 687 1978 Consequenter
701 1953 766 1983 ergo
780 1955 899 1983 praesens
915 1959 983 1986 quo-

203 1992 256 2018 que
275 1993 364 2013 canon
378 1987 454 2020 dicit,
469 1991 540 2023 quod
556 1991 663 2025 mulier_
679 2000 750 2027 quae,
763 1994 858 2023 relicto
873 1998 981 2032 marito,

198 2039 260 2057 cum
277 2031 369 2059 altero‘
380 2034 482 2068 polluta
499 2034 591 2069 fuerit,
608 2041 652 2065 est
667 2038 791 2068 adulterii
806 2042 915 2070 crimini
931 2045 981 2071 ob-

198 2076 288 2109 noxia,
314 2078 543 2111 quemadmodum
568 2080 620 2108 hoc
642 2090 751 2119 quoque
777 2093 893 2122 magnus
914 2089 981 2116 dixit

200 2121 317 2151 Basilius
337 2124 364 2151 in
388 2123 405 2151 9
421 2132 472 2153 suo
490 2133 607 2160 canone,
623 2133 650 2156 et
672 2129 703 2157 21
723 2133 775 2159 hoc
796 2132 927 2168 colligens
947 2142 981 2163 ex

198 2169 338 2203 prophetia
361 2168 484 2198 Ieremia:
506 2173 632 2207 dicentis,
668 2175 696 2204 Si
726 2177 824 2205 mulier
850 2187 865 2206 a
888 2180 979 2210 mariti

1085 942 1094 959 t
1118 941 1205 960 σεται.
1235 933 1264 961 Ὀ
1284 934 1374 969 μέντοι
1389 935 1605 970 καταλιμπάνων
1623 935 1672 971 τὴν
1697 937 1824 971 νομίμως

1081 989 1091 1005 ‹
1115 979 1301 1015 συναφθεῑσαν
1322 980 1399 1016 αὐτῷ
1418 981 1549 1015 γυναῖκα,
1575 982 1623 1007 καὶ
1641 982 1745 1016 ἑτέραν·
1759 983 1825 1016 ἀγό-

1079 1034 1088 1050 ‹
1110 1033 1200 1060 μενος,
1218 1026 1289 1052 κατά
1300 1026 1349 1059 τὴν
1361 1026 1408 1052 τοῦ
1426 1027 1529 1061 Κυρίου
1552 1027 1701 1060 ἀπόφασιν,
1721 1027 1759 1062 τῷ
1773 1028 1825 1062 τῆς

1080 1080 1089 1097 ‹
1115 1071 1238 1106 μοιχείας
1260 1072 1401 1099 ὑπόκειται
1419 1073 1546 1108 κρίματι.
1571 1074 1772 1101 Κεκανόνισται
1793 1074 1823 1101 δὲ

1079 1128 1087 1143 ι
1112 1118 1187 1153 παρὰ
1202 1119 1256 1145 τῶν
1272 1119 1402 1154 ηατέρων
1415 1119 1494 1155 ἡμῶν
1507 1119 1571 1151 τοὺς
1580 1120 1718 1153 τοιούτους
1731 1121 1824 1148 ἐνιαυ-

1080 1173 1088 1189 ι
1110 1164 1156 1190 τὸν
1172 1164 1361 1199 προσκλαίειν,
1390 1165 1495 1192 διετίαν
1516 1166 1717 1200 ἐπακροᾶσθαι,
1749 1175 1823 1202 τριε-

1078 1219 1087 1235 t
1110 1210 1170 1237 τίαν
1188 1210 1366 1241 ὑποπίπτειν,
1385 1211 1433 1237 καὶ
1456 1211 1494 1246 τῷ
1514 1212 1620 1247 ὲὸδὸμῳ
1643 1213 1822 1240 συνίστασθαι

1076 1265 1084 1280 t
1106 1257 1163 1287 τοῖς
1184 1258 1300 1289 πιστοῖς,
1321 1258 1367 1283 καὶ
1395 1256 1466 1283 οὓτω
1493 1258 1542 1292 τῆς
1569 1259 1726 1294 προσφορᾶς
1756 1267 1824 1285 κατ-

1077 1311 1086 1327 (
1110 1301 1260 1335 αξιοῦσθαι,
1276 1304 1323 1329 ἐὰν
1351 1303 1420 1338 μετὰ
1445 1304 1569 1339 δακρύων
1595 1306 1792 1339 μετανοήσωσι.
1809 1314 1819 1332 ι

1073 1348 1171 1376 ΒΑΛΣ.
1196 1349 1225 1375 Ὀ
1240 1349 1340 1385 Κύριος
1357 1350 1405 1377 καὶ
1431 1350 1496 1382 Θεὸς
1522 1351 1601 1386 ἡμῶν
1622 1351 1725 1386 Ἰησοῦς
1751 1353 1821 1390 δρι-

1043 1397 1105 1426 στὺς
1123 1396 1282 1431 ἐρωτηθεὶς,
1294 1397 1317 1422 εί
1330 1396 1436 1430 ἔξεστιν
1449 1396 1526 1431 ἀνδρὶ
1547 1397 1597 1432 τὴν
1610 1398 1726 1431 γυναῖκα
1750 1398 1821 1424 ἀπο-

1036 1441 1110 1468 λύειν
1126 1442 1196 1469 κατά
1211 1443 1303 1470 πᾶσαν
1319 1441 1614 1478 αίτίαν,’ἀπηγόρευσε
1628 1444 1718 1478 τοῦτο,
1736 1444 1821 1472 εἰπὼν

1035 1488 1077 1514 ὃτι
1104 1486 1133 1515 '0
1154 1489 1294 1521 ἀπολύσας
1320 1490 1371 1524 τὴν
1389 1491 1507 1524 γυναῖκα
1534 1489 1616 1517 αὑτοῦ
1635 1491 1714 1522 ἐκτὸς
1738 1490 1819 1525 λόγου

1036 1534 1175 1570 πορνείας,
1191 1536 1239 1562 καὶ
1259 1537 1389 1572 γαμήσας
1406 1537 1512 1571 ἑτέραν,
1530 1537 1670 1572 μοιχᾶται.
1691 1538 1746 1565 Καὶ
1759 1539 1773 1564 ό
1788 1539 1818 1566 ὲν

1036 1578 1190 1615 βασιλεῦσιν
1197 1581 1318 1616 ἀοίδιμος
1332 1581 1516 1614 Ἰουστινιανδς
1523 1582 1585 1614 τοὺς
1594 1582 1677 1610 πάλαι
1688 1583 1820 1618 κρατοῦν·

1033 1633 1083 1656 τας
1096 1626 1204 1661 νόμους,
1219 1627 1265 1653 καὶ
1287 1627 1480 1662 ὲκχωροῦντας
1504 1629 1561 1660 τοῖς
1581 1628 1727 1664 ὁμοζύγοις
1741 1629 1816 1656 λύειν

1034 1672 1118 1707 χωρὶς
1134 1671 1246 1706 εὐλόγου
1273 1673 1360 1705 αίτίας
1383 1677 1418 1700 τὰ
1440 1674 1606 1707 συνοικέσια,
1632 1675 1678 1701 καὶ
1705 1675 1820 1710 λέγοντα

1034 1716 1084 1743 ἕνα
1098 1716 1212 1743 ἕκαστον
1240 1717 1308 1752 πρὸς
1321 1718 1366 1744 τὸν
1377 1718 1484 1753 ἕτερον,
1519 1719 1626 1753 Πράττε
1641 1720 1675 1746 τά
1690 1721 1816 1754 σεαυτοῦ,

1033 1762 1154 1798 ἀνῄρησε
1168 1763 1211 1790 διά
1221 1765 1270 1799 τῆς
1284 1764 1393 1800 Νεαρᾶ,
1410 1764 1472 1800 ριζ’,
1485 1765 1532 1799 τῆς
1546 1766 1676 1801 κειμένης
1704 1767 1733 1793 ὲν
1743 1766 1782 1801 τῷ
1794 1765 1817 1799 ζ’

1033 1808 1115 1843 τίτλῳ
1147 1809 1195 1836 τοῦ
1219 1808 1261 1846 κη’
1277 1810 1379 1846 βιϐλίου
1394 1831 1402 1843 ,
1427 1813 1475 1838 καὶ
1499 1812 1744 1848 ἀπαριθμουμένης
1765 1814 1817 1845 τὰς

1033 1855 1121 1884 αἰτίας
1140 1855 1172 1882 δι’
1187 1855 1220 1888 ἃς
1233 1857 1279 1883 καὶ
1291 1857 1374 1892 μόνας
1391 1857 1526 1892 ὀφείλουσι
1540 1858 1650 1886 λύεσθαι
1667 1861 1699 1887 τὰ
1725 1868 1814 1887 συνοι-

1033 1902 1125 1929 κέσια.
1147 1903 1227 1930 Ὅθεν
1245 1904 1414 1940 συνανῃρέθη
1441 1905 1488 1931 καὶ
1511 1906 1525 1931 ό
1548 1905 1691 1942 Ἓὸραίκὺς
1719 1908 1811 1942 νόμος,

1032 1948 1046 1974 ό
1062 1948 1180 1980 ἐνδιδοὺς
1191 1949 1247 1980 τοῖς
1260 1949 1372 1984 ἀνδράσι
1388 1949 1491 1985 βιὸλίον
1508 1951 1674 1978 ἀποστασίου
1693 1952 1814 1987 πέμπειν

1031 1994 1093 2025 ταῖς
1107 1994 1228 2028 γυναιξὶ,
1254 1994 1301 2022 καὶ
1313 1995 1362 2031 τὴν
1378 1995 1526 2030 ὁμοζυγίαν
1540 1996 1623 2024 λύειν.
1647 1997 1815 2030 ’Δκολούθοις

1031 2037 1078 2068 οὖν
1090 2040 1138 2067 καὶ
1150 2040 1165 2067 ὁ
1177 2040 1272 2076 παρὼν
1286 2040 1376 2081 κανών
1388 2051 1471 2078 φησιν
1482 2042 1521 2069 ὅτι
1533 2043 1550 2078 ή
1566 2044 1612 2069 τὸν
1627 2043 1712 2079 ἄνδρα
1725 2052 1812 2071 κατα-

1030 2086 1146 2113 λιποῦσα
1160 2087 1241 2123 γυνὴ,
1261 2087 1309 2121 ἐὰν
1325 2088 1395 2123 μετά
1414 2089 1508 2123 ἑτέρου
1525 2089 1683 2125 συμφθαρῇ,
1698 2090 1812 2117 ὑπόκει-

1031 2140 1077 2159 ται
1088 2131 1128 2168 τῷ
1146 2134 1196 2169 τῆς
1212 2133 1336 2168 μοιχείας
1356 2133 1523 2169 ἐγκλήματι,
1538 2135 1629 2167 καθὼς
1643 2130 1783 2163 τοῦτοκαὶ
1797 2137 1813 2164 ὁ

1032 2178 1121 2213 μέγας
1141 2178 1283 2211 Βασίλιιός
1295 2187 1378 2214 φησιν
1403 2178 1432 2207 ἐν
1447 2189 1477 2207 τε
1491 2181 1531 2215 τῷ
1550 2180 1573 2207 Θ¹
1606 2182 1689 2209 αὑτοῦ
1716 2182 1811 2210 κανόνι

196 2214 334 2241 communi
356 2215 419 2243 vitae
440 2218 571 2247 societate
586 2226 706 2255 egressa,
735 2229 797 2249 cum
816 2224 901 2253 altero
921 2226 980 2260 pol-

1031 2224 1079 2250 καὶ
1089 2225 1119 2251 ὲν
1131 2223 1170 2260 τῷ
1179 2226 1234 2257 κα’,
1265 2224 1462 2261 ἀναλεξάμενος
1472 2214 1538 2253 αὐτὸ
1549 2227 1602 2254 ἀπὸ
1610 2228 1659 2263 τῆς
1676 2227 1809 2266 Ἰερεμίου

197 2260 253 2287 luta
279 2260 371 2295 fuerit,
389 2270 443 2290 non
463 2269 551 2298 potest
568 2266 603 2294 ad
620 2268 747 2296 maritum
771 2265 975 2307 suumJe'verti,

1029 2269 1207 2307 προφητείας,
1220 2271 1269 2306 τῆς
1285 2270 1417 2307 λεγούσης
1427 2279 1434 2289 ι
1454 2272 1517 2308 Ἐἀν
1528 2274 1609 2308 γυνὴ,
1630 2275 1684 2302 ἀπὸ
1698 2276 1748 2309 τῆς
1761 2278 1809 2302 ἀν-

197 2309 225 2332 ut
240 2310 300 2340 qua"
316 2306 467 2356 adulterata
485 2309 522 2337 sit
535 2311 568 2337 ".
586 2310 640 2339 Sed
659 2313 742 2340 etiam
766 2313 892 2344 Salomon
908 2318 977 2346 dixit

1031 2306 1114 2353 ςρῲας
1125 2315 1261 2352 ὀμοζωῖας
1282 2316 1437 2350 ἐξελθοῦσα,
1455 2306 1540 2354 ἑτέρῳ
1558 2306 1669 2356 μιανθῇ,
1699 2306 1803 2349 oft-V66-

195 2351 222 2376 in
244 2348 417 2380 Proverbiis:
434 2353 486 2387 Qui
503 2355 558 2382 coit
571 2363 633 2384 cum
649 2358 780 2392 adultera,
803 2361 829 2388 id
844 2366 896 2394 est,
913 2371 974 2391 cum

194 2402 227 2422 ea
249 2403 310 2431 quae
335 2396 415 2424 habet
435 2400 575 2432 maritum,
593 2402 695 2431 stultus
716 2409 759 2432 est
778 2410 805 2433 et
822 2407 922 2442 impius
941 2409 975 2436 ".

196 2442 262 2472 Quae
276 2449 341 2477 ergo
355 2443 396 2470 sic
411 2449 452 2471 est
469 2446 629 2481 adulterata,
645 2450 758 2478 canonis
773 2453 862 2487 poenis
878 2454 976 2481 multa-

195 2485 278 2513 bitur.
294 2487 407 2525 Marittrs
424 2495 527 2522 autem.
547 2497 575 2519 ut
589 2493 633 2528 qui
654 2502 707 2522 non
725 2485 880 2531 oﬁ‘e‘nderit,
895 2499 974 2526 venia

195 2531 295 2565 dignus
318 2535 487 2567 censobitu’r,
511 2536 537 2564 id
552 2541 606 2570 est,
626 2547 679 2567 non
701 2542 906 2576 punietur..Qui
925 2551 974 2571 au-

194 2581 248 2619 tem
263 2579 394 2616 relinquit
409 2582 546 2617 propriam
560 2586 715 2622 coniugem,
729 2593 756 2616 et
775 2589 885 2616 alteram
899 2588 974 2618 ducit

1026 2370 1106 2389 ναται
1121 2362 1286 2397 ὑποστρέψαι
1303 2362 1370 2397 πρὸς
1383 2363 1429 2390 τὸν
1438 2364 1521 2399 ἄνδρα
1536 2365 1681 2400 αὐτῆς,”ὠς
1697 2376 1808 2403 μοιχευ-

1027 2409 1122 2436 θιῖσα·
1154 2408 1234 2437 Ἀλλά
1258 2410 1306 2436 καὶ
1324 2404 1341 2436 ’ὁ
1359 2409 1487 2445 Σαλομῶν
1510 2413 1540 2438 ὲν
1560 2414 1620 2444 ταις
1642 2413 1807 2450 Παροιμίαις

1027 2452 1135 2493 εἶπεν)
1157 2455 1185 2482 ὐ
1210 2455 1373 2490 μιγνύμενος
1401 2457 1469 2491 μετὰ
1493 2459 1657 2493 μοιχαλίδος,
1683 2461 1806 2488 τουτέστι

1024 2501 1093 2535 μετὰ
1103 2491 1216 2536 ἐχούσης
1227 2502 1319 2537 ἀνδρα,
1328 2502 1422 2538 ἄφρων
1434 2491 1665 2541 ὲστὶ-ωίηάσεσής.
1676 2506 1806 2544 Τιμωρη-

1023 2545 1134 2581 ϐήσεται
1149 2545 1195 2574 οὖν
1208 2548 1225 2583 ἡ
1239 2547 1311 2575 οὕτω
1323 2549 1491 2584 μοιχεύσασα
1507 2550 1542 2578 δι’
1557 2551 1700 2586 ἐπιτιμίων
1719 2561 1802 2580 κανο-

1023 2592 1119 2635 νικῶν.
1150 2593 1180 2620 '0
1205 2594 1274 2630 ἀνὴρ
1296 2594 1336 2628 δὲ,
1360 2595 1398 2626 ὡς
1425 2596 1461 2631 μὴ
1488 2596 1613 2629 πταίσας,
1637 2598 1802 2634 συγγνώμης

194 2633 319 2659 uxorem,
333 2621 362 2654 u't
378 2628 485 2657 adulter
498 2628 637 2665 punietur,
649 2621 686 2661 rex
703 2634 812 2662 Domini
827 2636 973 2670 sententia.

1031 2625 1214 2672 ίξιωθήσεται,
1230 2621 1369 2665 τουτέστιν
1381 2621 1432 2667 Qui
1448 2621 1736 2676 Entttuqotfémffo

226 2712 250 2728 "
266 2714 362 2743 Matth.
377 2723 404 2748 ν,
419 2715 466 2744 56.
504 2718 524 2734 "
545 2717 660 2752 Jerem.,
677 2726 718 2753 tu,
737 2721 764 2748 1.
802 2721 823 2737 ¹⁸
837 2722 932 2754 Ρι-ον..
950 2730 1029 2758 xvtn,
1050 2725 1096 2752 22.

796 2781 889 2813 Guiil.
907 2783 1069 2824 Beveregii
1086 2790 1177 2827 notae.
1259 2806 1264 2809 ~
1673 2834 1678 2836 _

228 2833 784 2885 ‘32.?“ﬁ‘ff‘3’fﬁ’f.i‘:€‘£9”ﬂ‘f??a‘-
807 2841 868 2885 {hac
886 2830 973 2885 verbi

1031 2846 1116 2885 utilia
1131 2854 1186 2885 ms._
1199 2847 1354 2882 Bodleiano,
1369 2848 1416 2877 sed
1434 2850 1501 2879 etin
1517 2851 1625 2881 Titiano
1638 2834 1798 2885 et‘editiono

193 2866 222 2895 in
235 2866 330 2898 codice
342 2871 559 2901 Amerbachiano
571 2866 783 2904 desiderantur:
797 2866 896 2905 etnon
902 2866 971 2906 12.}?-

1022 2881 1164 2910 Parisiensi
1181 2883 1317 2919 leguntur.
