4062 6388
329 333 435 397 8οθ
1251 339 1331 399 ίΝ
1355 339 1524 400 ΒΑΝ.
1566 338 1886 398 LXXXVII

1989 339 2135 404 )NC.
2173 341 2252 402 IN
2286 343 2613 408 TRULLO.
3476 346 3605 415 810’

326 447 685 519 ταλιμπάνων
720 451 906 519 μέντοι
935 448 1033 520 τὴν
1067 449 1275 503 οἰκείαν
1313 450 1547 518 σύζυγον
1580 450 1673 503 καὶ
1699 450 1886 520 ἑτέραν

2004 451 2390 510 Adulterornm
2424 466 2605 511 autem
2660 440 2817 524 pana
2863 465 2945 513 est
2978 458 3030 513 iu
3070 459 3134 512 T7
3184 476 3394 517 canone
3433 466 3583 531 ejus-

326 540 597 609 ἁτόμενος
632 541 772 611 μετὰ
806 541 983 611 γάμου
1017 542 1329 607 κοινωνίαν,
1374 541 1451 605 ὡς
1499 541 1689 612 μοιχὸς
1726 554 1886 609 τιμω-

2007 544 2129 599 dem
2160 550 2336 616 magni
2368 549 2567 613 Patris,
2601 565 2747 604 anno
2776 565 2886 605 uno
2916 565 3070 606 extra
3103 556 3289 624 tmnpli
3333 558 3580 611 vestibu-

316 633 631 702 .ρηοήσεται
684 633 832 687 κατά
880 631 980 703 τὴν
1029 634 1123 686 τοῦ
1172 633 1378 704 Κυρίου
1426 634 1724 702 ἀπόφασιν.
1774 632 1897 686 Τῶν

324 725 535 797 μοιχῶν
560 726 897 799 catmum
935 730 1073 783 εἰσιν
1108 730 1217 782 ἀπὸ
1250 727 1351 781 τοῦ
1379 729 1454 792 οξ
1518 727 1745 788 κανόνος
1782 725 1883 779 τοῦ

2007 640 2115 687 lunt
2142 634 2361 699 deﬂere,
2387 647 2441 690 et
2469 638 2701 706 reliqua,
2726 653 2843 706 qua:
2878 639 2929 692 in
2957 656 3020 693 eo
3051 654 3261 697 canone
3289 645 3581 697 continen-

2005 737 2113 778 tur.
2143 724 2212 780 Et
2245 728 2358 782 lucc
2390 729 2610 798 quidem
2642 743 2843 783 canon.

318 818 491 873 αὑτοῦ
528 820 763 888 μεγάλου
821 820 1037 891 Πατρδς
1066 820 1126 875 τὸ
1161 820 1517 892 προσκλαίειν
1546 819 1792 874 ἐνιαυτὸν
1818 816 1921 881 ἔξω
1953 815 2049 869 τοῦ
2082 820 2340 888 προνάου,
2382 822 2475 874 καὶ
2516 823 2583 873 τὰ
2624 822 2784 875 λοιπὰ
2837 824 2902 876 τὰ
2935 826 2991 874 ἐν
3056 826 3135 893 τῷ
3177 825 3325 897 αὐτῷ
3396 829 3577 883 καιόνι

323 912 714 983 περιεχόμενα.
748 913 859 967 Καὶ
896 913 925 965 ὁ
958 913 1056 983 μὲν
1090 913 1267 966 κανὼν
1305 912 1502 966 ταῦτα.

403 1006 464 1060 '0
490 1008 546 1061 δὲ
579 1007 857 1070 πολιτικὸς
879 1006 1042 1076 νόμος
1070 1008 1194 1070 τοὺς
1258 1008 1479 1077 μοιχοὺς
1540 1006 1889 1077 rumpam;

320 1098 565 1162 κολάζει.
592 1097 699 1149 Καὶ
746 1095 1019 1165 ἀνάγνωθι
1074 1096 1278 1168 βιϐλίον
1325 1098 1366 1162 ξ’
1416 1099 1595 1151 τίτλου
1642 1098 1720 1163 λζ’
1768 1115 1895 1168 κεφ.

328 1195 436 1259 ογ’,
488 1188 877 1258 καταστρωθὲν
908 1189 989 1251 εἱς
1019 1189 1118 1252 τὰς
1164 1188 1461 1259 ἑρμηνείας
1500 1188 1594 1241 τοῦ
1636 1190 1678 1242 δ’
1721 1189 1815 1241 καὶ
1857 1193 1900 1240 s'

319 1299 452 1351 κεφ.
507 1279 602 1334 τοῦ
644 1277 713 1346 ιγ’
752 1269 933 1331 τίτλου
990 1279 1087 1331 τοῦ
1147 1281 1413 1348 παρόντος
1474 1281 1894 1348 συντάγματος·

320 1375 416 1426 καὶ
463 1372 562 1440 τὴν
587 1371 689 1441 ριζ¹
738 1372 833 1424 καὶ
864 1368 972 1441 ρλδ¹
1026 1371 1224 1440 νεαρὰν
1246 1370 1341 1424 τοῦ
1377 1371 1641 1441 βασιλέως
1678 1373 1900 1425 Ἲουστι-

320 1459 530 1524 νιανοῢ,
564 1460 662 1521 τὰς
717 1459 979 1527 κειμένας
1027 1460 1085 1513 ὲν
1130 1458 1208 1528 τῷ
1249 1459 1292 1524 ζ’
1334 1460 1503 1531 τίτλῳ
1544 1460 1637 1513 τοῦ
1695 1458 1781 1531 κη’
1819 1460 1901 1529 βι-

314 1552 471 1606 ϐλίου
502 1550 611 1604 τῶν
637 1549 962 1615 Βασιλικῶν,
991 1550 1092 1604 καὶ
1120 1549 1537 1618 συνοψισοείσας
1568 1550 1647 1612 είς
1687 1552 1749 1603 τὸ
1781 1550 1899 1603 δια-

318 1644 524 1714 ληφοὲν
566 1643 612 1696 δ’
663 1644 761 1696 καὶ
822 1639 863 1695 ε’
927 1641 1173 1712 κεφ.καὶ
1237 1641 1336 1712 τὴν
1406 1640 1489 1712 ap’
1554 1643 1753 1712 vectin
1802 1643 1897 1697 τοῦ

315 1735 581 1806 βασιλέως
600 1732 767 1803 κυροῢ
787 1733 1014 1796 Λέοντος
1040 1732 1130 1786 τοῦ
1152 1730 1471 1801 Φιλοσόφου,
1496 1734 1659 1802 ῥινῶν
1687 1734 1893 1805 ἐκτομῇ

313 1827 407 1880 τὸν
440 1825 630 1896 μοιχὸν
659 1824 755 1878 καὶ
784 1828 884 1894 τὴν
915 1823 1199 1895 μοιχαλίδα
1235 1822 1593 1889 κολάζουσαν,
1626 1825 1720 1876 καὶ
1780 1826 1894 1878 διο-

316 1918 610 1988 ριζομένην
639 1918 733 1970 τὸν
767 1917 866 1986 μὲν
923 1917 1091 1986 ἄνδρα
1128 1916 1228 1984 τῆς
1266 1915 1647 1990 μοιχευθείσης
1673 1918 1894 1989 κερδαί-

313 2031 426 2067 νειν
454 2011 554 2085 τὴν
579 2009 804 2084 προῖκα,
836 2011 1005 2082 αὐτὴν
1035 2011 1093 2064 δὲ
1142 2014 1203 2063 ὲν
1246 2013 1597 2083 μοναστηρίῳ
1648 2012 1895 2083 περιορί-

312 2106 527 2171 ζεσθαι,
557 2106 652 2158 καὶ
681 2105 925 2160 ἄκουσαν
973 2104 1048 2174 μὴ
1102 2102 1516 2174 ἀποκείρεσθαι.
1566 2102 1649 2158 Τὰ
1708 2103 1894 2172 μέντοι

312 2198 589 2267 προσόντα
614 2197 743 2260 ἴσως
766 2196 903 2267 αὐτῇ
933 2197 1233 2266 πράγματα
1257 2196 1515 2249 ἐπέκεινα
1536 2195 1633 2265 τῆς
1664 2193 1894 2263 προικὸς

306 2287 737 2356 οἰκονομεῖσθαι,
770 2286 955 2349 καθὼς
984 2287 1123 2356 αὑτὴ
1154 2287 1187 2357 ἡ
1216 2286 1387 2356 νεαρά
1435 2285 1754 2355 διορίζεται.
1785 2285 1892 2354 Ση-

310 2379 550 2446 μείωσαι
579 2378 637 2431 δὲ
666 2380 749 2431 ὅτι
779 2377 889 2433 ἀπὸ
921 2378 1019 2448 μὲν
1050 2378 1145 2430 τοῦ
1172 2378 1442 2449 παρόντος
1473 2380 1696 2440 κανόνος
1723 2378 1756 2447 ἡ
1790 2394 1894 2429 κα-

310 2468 621 2521 ταλιποῦσα
645 2467 739 2521 τὸν
788 2467 958 2537 ἄνδρα
990 2466 1065 2530 ὡς
1099 2467 1353 2537 μοιχαλὶς
1389 2467 1450 2519 οὐ
1480 2466 1791 2532 κολάζεται,
1841 2468 1893 2519 εί

202 2579 205 2583 ·
307 2561 390 2630 μὴ
416 2560 553 2630 μετά
584 2560 776 2631 ἐτέρου
832 2560 1129 2630 συμφθαρῇ
1162 2577 1177 2593 ·
1215 2558 1326 2613 ἀπὸ
1355 2558 1413 2611 δὲ
1434 2560 1544 2612 τῶν
1573 2558 1893 2630 διαληφθει-

318 2655 431 2710 σῶν
464 2652 696 2725 Νεαρῶν
736 2654 925 2707 λύεται
976 2656 1038 2706 τὸ
1079 2654 1419 2707 ουνοικέσιον
1457 2652 1565 2707 ἀπὸ
1607 2652 1769 2722 μόνου
1795 2652 1890 2706 τοῦ

309 2750 497 2818 μεῖναι
516 2749 614 2817 τὴν
640 2751 877 2816 γυναῖκα
909 2747 1014 2813 ἔξω
1042 2747 1139 2817 τῆς
1177 2747 1358 2810 οἰκίας
1389 2746 1482 2800 τοῦ
1514 2745 1707 2816 ἀνδρὸς
1742 2748 1893 2818 παρά

308 2836 537 2909 γνώμην
558 2838 746 2902 αὑτοῦ,
781 2841 830 2891 εἰ
868 2839 942 2907 μή
977 2837 1032 2891 τί
1061 2855 1124 2905 γε
1155 2838 1317 2908 τυχὸν
1347 2838 1499 2907 ποιρά
1528 2840 1647 2901 τοῖς
1667 2838 1888 2907 γονεῦσι

306 2933 421 2994 τοῖς
454 2931 626 2994 ἰδίοις.
657 2924 805 3000 Ἀρα
833 2931 890 2983 δὲ
913 2930 1294 3001 ἀπολελυμένη
1324 2930 1655 2998 λέγεταικαὶ
1678 2932 1712 3003 ἡ
1737 2930 1888 3001 παρά

305 3021 401 3075 τοῦ
435 3020 625 3092 ἀνδρὸς
658 3021 1022 3090 ὲκ6ληθεῖσα;
1052 3021 1265 3088 Λύσις.
1290 3021 1581 3091 Οὐδαμῶς.
1605 3020 1745 3094 Φησὶ
1777 3022 1887 3094 γὰρ

1922 1792 1969 1851 Β

2069 999 2180 1054 Lex
2219 1011 2398 1054 autem
2443 1000 2619 1056 civilis
2652 1004 2932 1058 adulteros
2962 1005 3069 1059 alio
3098 1009 3257 1062 modo
3290 1010 3469 1077 punit.
3512 1012 3578 1065 Et

2000 1093 2116 1162 lege
2145 1093 2343 1146 librum
2371 1110 2463 1153 ιε,
2493 1095 2582 1146 tit.
2622 1095 2713 1160 57,
2745 1112 2868 1165 cap.
2902 1097 2973 1152 75
3006 1099 3169 1152 situm
3217 1102 3269 1154 in
3304 1102 3579 1171 interpre-

1999 1183 2205 1237 tatione
2235 1198 2351 1252 cap.
2390 1184 2423 1236 ιι
2450 1194 2502 1237 ct
2533 1184 2566 1239 5
2598 1186 2681 1239 tit.
2716 1187 2780 1239 i5
2813 1190 3098 1256 prmsentis
3132 1191 3352 1259 operis;
3384 1203 3441 1246 et
3474 1194 3576 1248 H7

1996 1279 2051 1325 et
2094 1270 2197 1324 154
2222 1271 2473 1326 novcilas
2513 1271 2865 1341 imperatoris
2894 1272 3216 1342 Iustiniani,
3249 1281 3382 1334 sitas
3441 1280 3494 1334 in
3539 1283 3571 1335 7

1998 1362 2084 1416 tit.
2118 1379 2326 1417 xxxvm
2364 1364 2459 1417 lib.
2509 1363 2729 1420 Basilic.
2784 1376 2839 1420 et
2880 1370 3201 1437 compendio
3235 1374 3486 1428 reductas
3520 1374 3576 1427 in

1997 1452 2255 1521 praedicta
2305 1456 2485 1523 capita
2522 1455 2556 1508 4
2606 1467 2658 1510 et
2691 1456 2725 1510 5
2768 1467 2822 1512 et
2865 1456 2934 1510 52
2975 1459 3325 1528 imperatoris
3364 1463 3573 1518 domini

1996 1541 2195 1598 Leonis
2242 1544 2564 1616 Philosophi
2613 1549 2903 1613 novellam,
2938 1565 3059 1620 quae
3094 1552 3305 1606 uarium
3352 1564 3577 1610 trunca-

2001 1636 2146 1691 tione
2200 1638 2357 1706 punit
2408 1638 2718 1693 adulterum
2766 1626 2823 1695 et
2881 1643 3223 1710 adulteram,
3267 1654 3324 1700 et
3379 1648 3576 1703 statuit

1999 1727 2260 1782 adulterae
2302 1730 2522 1799 quidem
2561 1732 2815 1786 maritum
2862 1733 3067 1788 lucrari
3114 1735 3341 1802 dotem;
3397 1739 3573 1808 ipsam

1997 1828 2182 1873 autem
2224 1821 2279 1873 in
2333 1824 2664 1877 monasterio
2699 1822 2929 1890 includi,
2966 1827 3189 1881 invitam
3242 1838 3420 1883 tamen
3462 1846 3572 1885 non

1995 1906 2212 1961 tondert
2247 1924 2261 1960 :
2291 1922 2381 1963 res
2411 1918 2615 1975 autem,
2641 1925 2778 1979 quas
2810 1911 2973 1966 habet
3001 1913 3141 1967 ultra
3168 1915 3374 1981 dotem,
3399 1918 3576 1971 admi-

1996 1998 2247 2063 nistrari,
2282 1999 2741 2069 quemadmodum
2777 2002 2894 2072 ipsa
2935 2006 3144 2059 novella
3185 2012 3400 2063 statuit.
3434 2008 3572 2065 Nota

1996 2103 2148 2157 ergo,
2177 2089 2322 2158 quod
2353 2105 2418 2145 ex
2452 2093 2703 2161 praesenti
2735 2094 2952 2162 quidem
2988 2112 3198 2153 canone
3229 2114 3351 2169 qua:
3391 2102 3571 2157 virum

1996 2180 2217 2234 demisit
2265 2190 2325 2234 ut
2372 2181 2622 2238 adultera
2674 2199 2781 2239 non
2830 2188 3077 2256 punitur,
3133 2190 3237 2245 nisi
3287 2208 3409 2247 cum
3461 2195 3575 2248 alio

1998 2273 2201 2340 polluta
2233 2272 2401 2328 fuerit
2433 2291 2447 2327 :
2482 2289 2547 2330 ex
2575 2277 2851 2346 prmdictis
2874 2286 3058 2335 autem
3089 2282 3316 2338 novellis
3343 2285 3573 2339 solvitur

1997 2364 2435 2433 matrimonium,
2497 2382 2562 2422 co
2616 2369 2762 2437 quod
2825 2370 3001 2425 solum
3062 2377 3324 2430 manserit
3379 2379 3573 2432 mulier

1995 2463 2151 2511 extra
2196 2457 2419 2513 domum
2451 2460 2632 2514 mariti
2671 2472 2868 2530 praeter
2902 2463 3024 2533 ejus
3059 2464 3418 2535 voluntatem,
3463 2473 3569 2525 nisi

1997 2548 2137 2604 forte
2165 2552 2307 2622 apud
2336 2567 2468 2607 suos
2493 2562 2765 2622 parentes.
2797 2554 3072 2626 Numquid
3101 2572 3283 2615 autem
3309 2578 3370 2615 ea
3403 2564 3569 2618 etiam

1995 2642 2173 2696 soluta
2216 2643 2440 2710 dicitur,
2489 2660 2612 2715 quae
2655 2661 2683 2699 a
2735 2649 2934 2703 marito
2979 2650 3147 2719 ejecta
3179 2652 3306 2708 est?
3337 2653 3571 2712 Salutio.

1994 2727 2155 2783 Ntdle
2182 2731 2344 2786 modo
2378 2749 2391 2786 :
2430 2734 2685 2802 praedicta
2723 2736 2868 2791 enim
2909 2736 3011 2792 H7
3044 2742 3256 2796 novella
3288 2743 3402 2799 haec
3432 2746 3571 2800 dicit

1993 2820 2223 2886 prazcise
2253 2838 2267 2874 :
2295 2823 2391 2877 Sin
2424 2834 2605 2879 autem
2637 2827 2928 2898 centigerit
2959 2829 3195 2901 aliquem
3231 2834 3439 2905 absque
3465 2854 3573 2893 una

1997 2912 2379 2980 praedictarum
2428 2930 2719 2971 causarum
2764 2935 2988 2977 uxorem
3029 2939 3185 2979 suam
3231 2940 3299 2981 ex
3333 2931 3572 2999 propriis

1991 3004 2203 3060 aedibus
2251 3006 2567 3074 extrudere,
2620 3020 2679 3064 ut
2711 3009 2799 3065 illa
2847 3013 3086 3083 quidem,
3135 3030 3259 3071 cum
3312 3032 3568 3088 parentes

300 3117 339 3185 ἡ
380 3115 608 3187 meum
662 3114 765 3183 ριζ¹
817 3114 1009 3183 Νεαρά
1033 3115 1091 3166 ὲν
1128 3114 1289 3186 μέρει
1322 3114 1500 3168 ταῦτα
1541 3130 1553 3144 ⁶
1589 3115 1649 3167 Εἰ
1698 3113 1884 3184 μέντοι

1989 3112 2101 3152 non
2153 3099 2351 3155 habeat
2389 3103 2532 3172 apud
2584 3118 2720 3171 quos
2756 3106 2931 3175 possit
2977 3123 3221 3171 manere.
3254 3119 3570 3174 necessario

1997 3184 2126 3205 ρης,
2162 3196 2309 3205 μνη
2524 3202 2534 3205 _
2598 3191 2669 3205 ..
2961 3196 2993 3205 ..
3173 3199 3186 3205 _
3254 3201 3287 3205 __

304 3207 491 3277 συμϐῇ
535 3223 658 3260 τινα
696 3206 820 3275 δίχα
874 3207 1005 3277 μιᾶς
1066 3207 1175 3259 τῶν
1209 3206 1633 3277 προειρημένων
1694 3208 1885 3261 αἰτιῶν

304 3299 405 3367 τὴν
436 3298 629 3352 ἑαυτοῦ
655 3297 907 3368 γαμετὴν
929 3296 1024 3350 τοῦ
1054 3296 1189 3350 ἰδίου
1216 3298 1368 3350 οίκου
1410 3296 1710 3368 ὲξωθῆσαι,
1742 3296 1884 3351 ὥστε

303 3388 521 3456 ἐκείνην
556 3389 630 3458 μὴ
663 3387 893 3457 ἔχουσαν
923 3390 1122 3454 γονεῖς,
1150 3387 1284 3458 προς
1302 3384 1396 3449 οὒς
1417 3384 1644 3441 δύναται
1676 3388 1881 3455 μεῖναι,

306 3477 369 3544 ἐξ
397 3479 644 3547 ἀνάγκης
676 3479 780 3543 ἔξω
814 3478 913 3548 τὴν
959 3477 1130 3531 νύκτα
1164 3478 1397 3545 διάγειν,
1432 3475 1729 3547 κελεύομεν
1774 3494 1884 3547 μη-

298 3571 497 3641 ὃεμίαν
532 3567 672 3624 εἶναι
712 3571 790 3639 τῷ
819 3571 973 3640 ἀνδρὶ
1003 3570 1187 3625 ἄδειαν
1208 3570 1295 3622 διὰ
1324 3568 1531 3638 ταύτην
1572 3568 1673 3638 τὴν
1703 3568 1884 3623 αἰτίαν

299 3662 577 3731 διαζύγιον
610 3664 852 3732 πέμπειν
872 3665 938 3732 τῇ
970 3662 1208 3729 γυναικὶ,
1233 3660 1480 3729 διότιπερ
1497 3659 1661 3724 αὐτὸς
1687 3659 1883 3713 τούτου

297 3755 482 3817 αἴτιος
518 3755 753 3819 γίνεται.
811 3755 885 3807 Τὸ
920 3754 1108 3824 μέντοι
1140 3753 1413 3821 γραφικὸν
1445 3752 1507 3806 τὸ
1535 3751 1733 3819 λέγον·
1766 3752 1884 3805 Οὐκ

304 3845 629 3916 ἐπιστρέψει
672 3846 809 3915 πρὸς
844 3844 934 3898 τὸν
988 3843 1157 3912 ἄνδρα
1208 3843 1382 3912 αὐτῆς
1421 3843 1455 3912 ἡ
1505 3841 1879 3913 μοιχευθεῖσα,

303 3938 414 3990 νόει
450 3937 577 4008 περὶ
604 3936 794 4006 ἀνδρὸς
827 3935 903 4006 μὴ
949 3934 1193 3996 Θέλοντος
1224 3932 1596 3990 ἀναλαϐέσθαι
1652 3933 1878 4005 ταύτην.

302 4030 368 4085 Εἰ
396 4029 502 4098 γὰρ
535 4031 809 4097 συγχωρεῖ
836 4028 897 4081 τὸ
927 4026 1180 4095 ἔγκλημα
1211 4028 1239 4079 ὁ
1267 4026 1428 4096 ἀνὴρ,
1452 4025 1746 4089 ἀκωλύτως
1782 4027 1880 4079 αύ-

300 4121 403 4193 τὴν
428 4119 756 4175 ἀναλάϐεται
786 4119 936 4181 ἐντὸς
964 4118 1190 4183 διετίας,
1235 4120 1378 4172 κατά
1398 4118 1495 4190 τὴν
1531 4120 1702 4191 αὐτὴν
1730 4120 1877 4173 Νεα-

306 4212 424 4283 ράν.
475 4212 626 4265 Ἐπεὶ
653 4210 713 4264 δέ
750 4227 918 4281 φησιν
950 4212 977 4263 ὁ
1022 4209 1203 4263 κανὼν
1228 4210 1306 4275 ὡς
1332 4212 1516 4281 ἐκείνη
1549 4212 1581 4282 ἡ
1617 4213 1756 4281 γυνὴ
1799 4229 1881 4265 τι-

306 4305 576 4374 μωρεῖται
603 4302 678 4364 ὡς
711 4300 982 4372 μοιχαλὶς,
1010 4302 1043 4372 ἡ
1076 4300 1293 4369 ἀλόγως
1322 4303 1734 4374 ἁναχωρήσασα
1781 4301 1880 4356 τοῦ

300 4394 519 4466 ἀνδρὸς,
541 4394 806 4457 εἷποιτις
844 4394 919 4457 ὡς
956 4391 1109 4471 ἡτοῆ
1141 4393 1334 4464 ἀνδρὸς
1383 4394 1624 4461 εὐλόγως
1666 4396 1879 4465 ἀναχω-

1994 3184 2129 3242 foris
2157 3196 2375 3244 noctem
2417 3202 2559 3260 agat,
2590 3191 2847 3259 iubemus
2880 3196 3034 3251 nullo
3062 3199 3226 3253 modo
3253 3201 3418 3259 licere
3454 3222 3570 3262 ma-

1990 3276 2096 3332 rito
2137 3289 2360 3349 propter
2388 3280 2529 3336 banc
2559 3296 2781 3338 causam
2813 3286 3027 3342 mulieri
3072 3290 3288 3348 mittere
3323 3294 3565 3354 libellum

1988 3370 2220 3438 repudii,
2252 3374 2512 3441 quoniam
2540 3373 2656 3444 ipse
2693 3376 2856 3443 hujus
2882 3378 2959 3432 rei
2987 3382 3280 3439 causaest.
3304 3385 3360 3441 Id
3386 3400 3565 3446 autem

1989 3464 2137 3533 quod
2179 3466 2448 3535 scriptum
2475 3467 2733 3525 est:Non
2769 3480 3069 3528 revertetur
3095 3476 3162 3531 ad
3200 3478 3372 3534 virum
3403 3496 3567 3539 suum

1986 3554 2315 3621 adulterata,
2373 3557 2620 3630 intellige
2668 3562 2736 3615 de
2784 3563 2923 3627 viro,
2977 3568 3068 3636 qui
3122 3584 3232 3624 non
3289 3573 3404 3626 vult
3440 3590 3565 3630 eam

1986 3649 2231 3717 recipere
2263 3667 2279 3703 :
2315 3650 2363 3704 si
2408 3650 2491 3704 vir
2520 3651 2664 3706 enim
2712 3655 2920 3711 crimen
2956 3661 3397 3728 condonat,eam
3440 3667 3568 3723 abs-

1983 3754 2089 3807 que
2133 3739 2245 3795 ullo
2288 3740 2676 3811 impedimento
2722 3760 2919 3803 rursus
2967 3750 3200 3821 accipiet
3233 3764 3378 3811 intra
3408 3756 3568 3813 bien-

1984 3832 2157 3896 nium,
2192 3840 2252 3887 ut
2276 3834 2388 3887 vult
2419 3836 2650 3891 novella.
2681 3837 2954 3904 Quoniam
2990 3851 3171 3899 autem
3203 3846 3335 3902 dicit
3360 3864 3563 3915 canon,

1982 3936 2101 3976 eam
2126 3939 2249 3980 esse
2273 3926 2604 3996 puniendam
2636 3930 2921 3986 mulierem
2949 3942 3208 4004 tanquam
3234 3940 3563 4013 adulteram,

1982 4028 2104 4082 quae
2137 4029 2169 4069 a
2204 4016 2403 4072 marito
2449 4018 2651 4074 nullam
2689 4021 2766 4076 ob
2799 4037 3021 4080 causam
3064 4031 3314 4099 secessit,
3362 4033 3566 4091 dixerit

1981 4104 2281 4174 quispiam,
2341 4106 2486 4175 quod
2526 4124 2648 4179 quae
2697 4110 2769 4165 ob
2822 4113 3202 4171 rationabilem
3249 4134 3471 4177 causam
3528 4140 3561 4178 a

1983 4196 2187 4251 marito
2210 4199 2469 4265 recessit,
2506 4214 2611 4255 non
2650 4202 2931 4270 punietur.
2964 4204 3080 4258 Non
3122 4215 3208 4262 est
3245 4222 3424 4266 autem
3458 4213 3562 4271 hoe

1982 4302 2175 4343 verum
2209 4308 2224 4346 :
2263 4306 2445 4361 neque
2478 4293 2623 4347 enim
2666 4294 2999 4363 rationabili,
3035 4314 3213 4369 neque
3249 4318 3357 4357 non
3392 4309 3561 4362 ratio»

1985 4382 2153 4437 nubili
2199 4382 2267 4439 de
2299 4398 2463 4439 causa
2505 4394 2689 4454 potest
2724 4389 2926 4442 mulier
2963 4405 2991 4444 a
3037 4393 3235 4448 marito
3272 4395 3562 4453 discedere

306 4487 522 4556 ρήσασα
549 4486 609 4539 ού
635 4486 1109 4557 τιμωρηθήσεται.
1156 4484 1271 4538 Οὐκ
1303 4484 1423 4538 εστι
1460 4485 1516 4539 δὲ
1549 4485 1709 4539 τοῦτο
1744 4487 1879 4558 ἀλη-

1989 4477 2106 4530 sine
2143 4476 2507 4545 permissione
2535 4479 2762 4548 judicis,
2799 4483 3256 4550 quemadmodum
3294 4484 3396 4542 hoc
3425 4490 3560 4545 dicit

301 4577 415 4640 θές.
450 4575 588 4630 Οὔτε
613 4576 723 4645 γὰρ
755 4578 894 4646 μετά
919 4577 1141 4645 εὐλόγου
1166 4576 1345 4640 αἰτίας
1374 4575 1502 4630 οὔτε
1536 4577 1675 4646 μετά
1704 4596 1883 4649 παραυ

303 4670 466 4737 λόγου
493 4667 725 4721 δύναται
765 4670 798 4737 ἠ
847 4667 985 4738 γυνὴ
1021 4669 1330 4739 ἀναχωρεῖν
1383 4668 1492 4721 ἀπὸ
1534 4668 1628 4721 τοῦ
1687 4671 1882 4741 ἀνδρὸς

302 4760 472 4830 χωρὶς
506 4759 836 4828 δικαστικῆς
866 4758 1197 4829 ἐπιτροπῆς,
1229 4759 1413 4822 καθὼς
1458 4759 1618 4813 τοῦτό
1647 4778 1813 4830 φησιν
1850 4761 1882 4815 ό

305 4846 347 4904 0'
396 4851 582 4905 κανὼν
619 4850 714 4903 τοῦ
741 4851 908 4919 ἀγίου
969 4850 1277 4918 Βασιλείου,
1321 4853 1415 4905 καὶ
1446 4851 1697 4922 διάφοροι
1750 4853 1882 4906 ’1ου-

270 4996 273 4997 ,
304 4946 621 4998 πινιάνειοι
660 4942 875 5013 Νεαραὶ
902 4944 1150 5013 κείμεναι
1177 4945 1235 4996 ἐν
1263 4944 1344 5012 τῷ
1369 4946 1413 5008 ζ’
1458 4943 1624 5015 τίτλῳ
1646 4930 1740 4997 τοῦ
1788 4952 1876 5015 κη’

304 5035 543 5104 βιϐλίου,
578 5037 701 5090 ὅθεν
742 5038 834 5089 καὶ
858 5036 928 5089 τὰ
953 5034 1047 5088 τοῦ
1078 5025 1302 5099 κανόνος
1329 5036 1620 5108 ὀφείλομεν
1649 5037 1877 5091 ἔκλασε-

303 5132 431 5186 σθαι
461 5133 526 5184 ὲκ
554 5131 920 5201 περιουσίας·
961 5127 995 5196 ἢ
1038 5128 1215 5180 εἰπεῖν
1266 5127 1461 5196 ἄλογον
1530 5126 1878 5198 ἀναχώρησιν

299 5223 403 5293 τῆς
436 5221 693 5293 γυναικὸς
726 5218 867 5279 εἶναι
896 5220 995 5292 τὴν
1023 5220 1193 5291 χωρὶς
1215 5218 1535 5290 δικαστικῆς
1574 5220 1876 5291 ἐπιτροπῆς

298 5313 504 5384 ταύτης
556 5315 927 5385 ἀναχώρησιν.
974 5311 1275 5384 Ἑρωτήσει
1301 5311 1358 5365 δέ
1390 5329 1493 5377 τις,
1523 5311 1597 5376 ὡς
1628 5313 1735 5365 τῶν
1771 5330 1873 5367 κα-

298 5403 471 5472 νόνων
507 5402 604 5456 τοῦ
640 5404 797 5471 ἁγίου
830 5402 1133 5468 Βασιλείου,
1168 5401 1288 5473 ἦτοι
1331 5399 1427 5453 τοῦ
1454 5399 1500 5453 θ’
1520 5402 1614 5454 καὶ
1648 5401 1742 5454 τοῦ
1792 5397 1869 5453 κδ’

298 5492 567 5565 λεγόντων
600 5498 697 5568 τὴν
738 5499 835 5565 μὲν
870 5501 1105 5565 γυναῖκα
1160 5497 1333 5569 ἑτέρῳ
1392 5497 1878 5570 συμφθειρομένην

299 5588 621 5658 μοιχᾶσθαι,
652 5588 744 5643 τὸν
771 5589 827 5642 δὲ
847 5587 1016 5659 ἀνδρα
1041 5588 1162 5658 μεθ’
1187 5588 1384 5659 ἑτέρας
1425 5589 1757 5659 πορνεύοντα
1800 5591 1878 5661 μὴ

301 5680 729 5752 κατακρίνεσθαι
778 5680 863 5749 (ού
905 5681 1012 5751 γὰρ
1070 5679 1290 5751 ἔχομεν,
1351 5682 1508 5751 φησὶ,
1563 5681 1763 5735 κανόνα
1802 5682 1881 5753 τῷ

295 5774 400 5845 τῆς
456 5774 706 5845 μοιχείας
763 5772 925 5827 αὐτὸν
985 5773 1218 5842 ὑπάγειν
1271 5774 1629 5847 ἐγκλήματι),
1701 5774 1889 5848 πῶςὸ

577 5873 851 5934 Ρηιιοι..
891 5872 1005 5933 3R.
1044 5871 1401 5936 CXXXVII.

1980 4565 2014 4621 9
2041 4581 2219 4622 canon
2263 4570 2439 4624 sancti
2486 4568 2698 4635 Basilii,
2743 4579 2799 4626 et
2841 4572 3073 4629 diversa:
3118 4573 3416 4634 Iustiniani
3460 4598 3559 4637 no-

1982 4658 2132 4712 vella:
2162 4659 2282 4714 sitae
2310 4661 2363 4715 in
2397 4660 2428 4713 7
2470 4662 2554 4716 tit.
2586 4678 2749 4717 xxvm
2779 4663 2900 4731 lib.,
2930 4665 3077 4720 unde
3102 4667 3267 4723 etiam
3292 4671 3558 4730 debemus

1978 4760 2246 4802 canonem
2275 4763 2345 4801 ex
2387 4749 2689 4804 abundanti
2747 4751 3037 4822 accipere:
3067 4754 3149 4809 vel
3178 4755 3361 4813 dicere
3412 4759 3558 4829 inju-

1981 4847 2121 4891 stam
2153 4839 2400 4895 mulieris
2428 4840 2821 4897 discessionem
2861 4858 2983 4899 esse
3007 4844 3125 4914 ejus
3167 4847 3286 4903 sine
3308 4847 3557 4917 iudiciali

1978 4928 2345 4994 permissioue
2376 4945 2675 4986 recessum.
2711 4931 3005 5003 Rogaverit
3032 4944 3216 4990 autem
3256 4940 3552 5010 quispiam,

1977 5036 2103 5076 cum
2130 5036 2254 5077 can.
2286 5022 2460 5076 sancti
2479 5020 2688 5090 Basilii,
2714 5024 2747 5079 9
2767 5025 2975 5082 scilicet
3004 5038 3058 5082 et
3088 5030 3185 5095 24,
3224 5031 3409 5087 dicant
3436 5050 3557 5088 ntu-

1977 5115 2166 5169 lierem
2209 5114 2430 5184 quidem
2484 5132 2607 5186 qua:
2658 5132 2784 5173 cum
2842 5119 3017 5175 altero
3062 5122 3225 5199 260
3269 5126 3554 5193 polluitur.

1978 5207 2241 5263 mmcltari
2271 5223 2284 5267 ;
2312 5206 2487 5261 virum
2532 5220 2737 5276 autem,
2785 5211 2878 5281 qui
2931 5227 3053 5267 cum
3103 5216 3207 5269 alia
3258 5226 3552 5285 scortator,

1980 5313 2088 5353 non
2129 5297 2481 5352 condemnari
2536 5300 2666 5367 (non
2708 5302 2854 5356 enim
2898 5302 3184 5372 habemus,
3213 5306 3413 5377 inquit,
3461 5323 3555 5361 ca-

1982 5402 2206 5451 nouem,
2252 5402 2362 5457 quo
2390 5404 2515 5442 eum
2557 5390 2809 5447 adulterii
2861 5393 3081 5449 crimini
3143 5397 3553 5466 subjiciamus),

1977 5481 2253 5551 quomodo
2306 5496 2550 5551 praesens
2612 5498 2789 5539 canon
2852 5484 3170 5541 indistincte
3223 5488 3378 5551 dicit,
3423 5505 3550 5544 eum

1978 5574 2069 5641 qui
2111 5573 2275 5627 aliam
2311 5574 2488 5639 duxit,
2530 5577 2782 5632 adulterii
2813 5577 3021 5648 judicio
3056 5581 3277 5635 teneri?
3311 5579 3547 5639 Salutio.

1982 5663 2293 5718 Diﬂ'crentia
2321 5674 2405 5719 est
2435 5666 2579 5720 inter
2606 5668 2807 5732 virum,
2838 5670 2929 5739 qui
2960 5684 3083 5726 cum
3110 5670 3337 5726 muliere
3360 5673 3553 5742 libera,

1986 5752 2106 5809 viva
2142 5766 2241 5809 sua
2280 5768 2469 5813 uxore.
2506 5769 2621 5810 rem
2650 5755 2929 5827 habuerit,
2953 5769 3008 5814 et
3048 5774 3175 5815 eum
3215 5760 3311 5832 qui
3349 5762 3403 5817 in
3437 5778 3562 5829 tuae

3091 5871 3168 5936 26
