4062 6382
433 346 540 410 813

1367 346 1449 408 IN
1486 346 1653 407 CAN.
1681 343 2039 407 LXXXVIII
2075 343 2282 405 CONC.
2312 342 2395 402 IN
2434 341 2758 403 TRULLO.

3581 336 3685 405 814

434 464 530 513 οὖν
562 461 653 512 τὸν
705 461 864 528 λόγον
896 458 988 513 καὶ
1015 459 1067 512 οἰ
1115 458 1249 512 θεῖοι
1280 458 1528 529 Πατέρες
1589 459 1689 529 τὴν
1743 457 2004 519 ἀναιτίως

2113 457 2314 510 εΙιαιιιν.
2345 455 2415 509 Et
2440 458 2531 524 qui
2556 455 2827 509 dimissam
2855 454 3084 514 duxerit,
3117 453 3411 509 mwchatur
3432 454 3498 507 '9.
3533 451 3687 507 ilanc

435 552 853 608 καταλιποῦσαν
886 554 978 605 τὸν
1011 550 1180 620 ἄνδρα
1206 552 1301 604 καὶ
1340 552 1512 621 ἑτέρῳ
1540 551 1842 620 γενομένην
1886 567 2005 619 μοι·

435 644 630 715 χαλίδα
673 643 936 697 ἐκάλεσαν
964 660 979 675 ο
1020 644 1163 714 ἥτις,
1221 646 1325 697 κᾶν
1377 643 1715 713 ὑποστρέψαι
1770 642 2003 713 βουληθῇ

435 740 574 804 προς
603 736 694 788 τὸν
719 735 849 787 ἴδιον
878 736 1068 805 ἄνδρα,
1118 737 1343 799 ἄκοντος
1371 736 1534 789 αὑτοῦ
1561 736 1623 790 οὐ
1667 734 2008 805 παραδεχθή-

436 847 613 883 σεται.
654 828 967 898 Μεμίανται
1030 828 1159 899 γάρ.
1212 828 1281 880 Ἦ
1347 824 1440 881 οὖν
1471 826 1683 895 ἀλόγως
1714 829 2009 898 ἀναχωρή-

438 940 580 975 σασα
613 921 710 975 τοῦ
758 921 968 991 ἀνδρὸς,
994 922 1159 990 φησὶν
1214 924 1243 975 ό
1302 922 1504 981 κανὼν,
1542 921 1835 990 ἐπιτιμίων
1856 922 2004 987 ἀξία,

434 1016 605 1084 ἤγουν
633 1012 742 1065 τῶν
790 1000 907 1081 τῆς
933 1013 1178 1083 μοιχείας
1208 1028 1221 1041 ·
1273 1014 1299 1064 ὁ
1331 1011 1387 1065 δὲ
1424 1011 1559 1080 ἀνὴρ
1616 1028 2008 1079 συγγνωμονηι

436 1104 666 1173 θήσεται
692 1105 786 1156 καὶ
827 1104 1190 1173 ἀξιωθήσεται
1231 1106 1330 1173 τῆς
1382 1108 1439 1156 ἐν
1476 1104 1774 1173 Ἐκκλησία
1813 1119 2008 1155 κοινω-

436 1198 579 1259 νίας.
610 1197 774 1248 Ὥστε
806 1197 865 1260 ἐξ
892 1198 1300 1266 ἀντιδιαστολῆς
1330 1196 1568 1249 νοεῖσθαι
1596 1196 1801 1249 δίδοται
1823 1197 1924 1255 ὅτι,
1959 1195 2009 1246 εἰ

434 1289 536 1341 οὐκ
562 1288 770 1355 ἀλόγως
798 1286 1113 1357 ἀνεχώρησε
1146 1289 1241 1341 τοῦ
1268 1289 1430 1358 ἀνδρὸ
1449 1307 1481 1351 ·,
1506 1289 1776 1359 ἑμπικραι
1809 1287 2007 1355 ομένου

436 1380 570 1441 ἴσως
609 1380 742 1448 αὐτῇ
783 1381 932 1449 παρὰ
966 1379 1028 1431 τὸ
1080 1382 1378 1450 προσῆκον,
1431 1379 1463 1449 ἢ
1498 1379 1941 1447 κακουχουμένη,
1973 1377 2007 1447 ἦ

437 1488 591 1529 τινας
618 1470 804 1533 αἰτίας
841 1472 1046 1540 ἔχουσα
1076 1474 1227 1542 παρὰ
1276 1471 1369 1525 τοῦ
1408 1470 1601 1541 ἀνδρὸς
1633 1470 2007 1539 ἐπαγομένας,

436 1562 621 1631 ἐκείνη
651 1562 805 1615 ἔσται
835 1564 1099 1627 ἀναίτιος,
1135 1564 1231 1617 καὶ
1268 1564 1296 1616 6
1342 1562 1482 1633 ἀνὴρ
1541 1562 2009 1632 ὲπιτιμηθήσεται

433 1650 511 1714 ὡς
549 1652 710 1713 αὐτὸς
747 1651 918 1714 αἴτιος
952 1653 1050 1722 τῆς
1076 1653 1352 1724 ἁμαρτίας
1382 1658 1448 1724 τῇ
1489 1654 1713 1721 γυναικί
1744 1651 2007 1721 γεγονώς.

448 1742 508 1795 Ὀ
532 1743 713 1812 μέντοι
744 1743 1192 1813 καταλιμπάνων,
1223 1746 1388 1816 φησὶν
1411 1748 1440 1800 ό
1462 1745 1665 1813 κανὼν,
1692 1746 1791 1816 τὴν
1812 1741 2008 1799 ἑαυτοῦ

437 1837 694 1900 γυναῖκα,
752 1836 848 1889 καὶ
875 1837 1071 1907 ἑτέραν
1129 1838 1397 1907 ἀγόμενος
1454 1839 1534 1905 τῷ
1594 1837 1696 1908 τῆς
1760 1817 2082 1907 μοιχείαςΒ

438 1928 724 1981 ὑπόκειται
760 1928 991 1998 κρίματι
1030 1929 1172 1983 κατὰ
1192 1932 1293 2001 τὴν
1330 1930 1426 1983 τοῦ
1466 1928 1673 2000 Κυρίου
1706 1930 2004 1998 ἀπόφασινο

437 2020 535 2073 καὶ
564 2020 691 2089 ἑξῆς
714 2021 909 2089 ἐπάγει
941 2022 1101 2085 πῶςό
1139 2023 1383 2085 τοιοῦτος
1408 2023 1877 2093 ἑπιτιμηθήσεται
1914 2021 2012 2075 καὶ

435 2111 951 2182 οἰκονομηθήσεται.
1008 2109 1248 2168 Ἐοίκασι
1286 2114 1341 2167 δὲ
1373 2114 1421 2167 οἱ
1458 2115 1697 2184 Πατέρες
1737 2109 1885 2170 οὗτοι
1913 2116 2011 2166 καὶ

436 2201 812 2255 ἐναντιοῦσθαι
836 2202 913 2271 τῷ
947 2203 1171 2274 μεγάλῳ
1199 2202 1466 2274 Βασιλείῳ
1491 2220 1504 2233 ·
1543 2205 1748 2267 ἐκεῖνος
1766 2203 1874 2273 γὰρ
1912 2201 2010 2273 τὴν

439 2296 538 2363 μὲν
563 2300 797 2362 γυναῖκα
829 2297 999 2368 ἑτέρῳ
1028 2299 1504 2369 συμφθειρομὲνην
1531 2296 1628 2351 τοῦ
1660 2299 1840 2367 γάμου
1864 2313 2015 2350 συνι-

435 2390 706 2456 σταμένου
744 2389 1033 2458 μοιχαλίδα
1097 2389 1271 2455 καλεῖ,
1320 2390 1417 2442 καὶ
1461 2388 1802 2457 ἀποπέμψει,
1837 2386 2008 2455 λέγει,

432 2477 644 2542 ταύτην
698 2479 806 2528 τῶν
868 2478 1035 2531 οἴκων
1073 2479 1238 2532 αὐτοῦ
1274 2481 1301 2531 ὁ
1351 2480 1513 2549 ἀνήρ.
1560 2479 1722 2533 Ἡδὲ
1780 2478 1919 2548 γυνὴ
1946 2479 2012 2531 ἑκ

435 2571 696 2638 πορνείας
735 2570 1034 2627 ἐπανιόντα
1068 2570 1160 2623 τὸν
1192 2570 1364 2640 ἄνδρα
1404 2572 1575 2641 αὐτῆς
1619 2570 2009 2640 παραδέξεται.

434 2662 510 2715 Οὐ
539 2662 647 2732 γάρ
681 2660 901 2731 ἔχομεν,
944 2663 1100 2731 φησι,
1126 2662 1326 2717 κανόνα
1353 2663 1429 2732 τῷ
1450 2663 1548 2734 τῆς
1576 2662 1825 2733 μοιχείας
1849 2661 2012 2714 αὑτὸν

433 2754 669 2821 ὑπάγειν
694 2755 1023 2824 ἐγκλήματι,
1044 2755 1137 2807 ἐὰν
1156 2756 1236 2818 εἰς
1254 2755 1543 2824 ἐλευθέραν
1560 2754 1739 2823 γάμου
1764 2753 2006 2824 ἁμάρτῃ.

447 2843 587 2895 Ἀλλ’
619 2845 721 2896 οὑκ
747 2842 1119 2898 ἐναντιοῦνται
1147 2846 1198 2897 οἰ
1237 2845 1456 2907 κανόνες
1506 2845 1782 2915 ἀλλήλοις.
1823 2844 1882 2897 '0
1913 2845 2013 2913 μὲν

432 2937 542 3006 γὰρ
572 2937 746 3005 μέγας
789 2936 1068 2998 Βασίλειος
1109 2940 1240 3007 περί
1282 2938 1687 3011 πορνεύσαντος
1720 2937 1877 3006 λέγει
1916 2936 2010 2990 τοῦ

432 3031 613 3099 γάμου
665 3032 1085 3101 συνισταμένου,
1128 3031 1224 3086 καὶ
1274 3032 1691 3102 συμφθαρέντος
1745 3029 1912 3102 ἑτέρᾳ
1950 3030 2009 3097 ἐξ

429 3122 623 3191 ἀνδρὸς
670 3122 973 3199 ἐλευθέρᾳ·
1047 3126 1075 3177 ό
1139 3122 1197 3176 δὲ
1238 3121 1431 3193 παρὼν
1476 3122 1659 3176 κανὼν
1720 3124 1851 3193 περὶ
1914 3122 2008 3176 τοῦ

431 3214 695 3273 ἀναιτίως
736 3213 1218 3284 ἀποπεμψάμενον
1258 3212 1358 3283 τὴν
1394 3217 1632 3282 γυναῖκα
1667 3214 1854 3278 αὑτοῦ,
1911 3214 2033 3267 καὶ’

431 3306 629 3375 ἑτέραν
670 3305 746 3371 ὡς
800 3307 941 3379 τάχα
989 3306 1220 3377 νόμιμον
1255 3306 1506 3377 γᾳμετὴν
1545 3305 2006 3376 εἰσοικισαμένου,

428 3396 490 3451 ὃν
514 3398 606 3451 καὶ
631 3401 659 3451 ό
693 3396 894 3469 Κύριος
922 3398 979 3451 ἐν
1003 3397 1366 3467 Εὑαγγελίοις
1400 3397 1591 3468 μοιχὸν
1612 3397 1861 3453 ἐκάλεσε.

429 3660 651 3715 ΔΡΙΣΤ.
687 3677 705 3710 1
758 3660 825 3712 ἸΙ
860 3659 917 3726 ἐξ
950 3659 1139 3730 ἀνδρὸς
1179 3659 1267 3713 ἐπ’
1297 3659 1456 3714 ἄλλον
1495 3659 1649 3714 ἰοῦσα
1710 3661 1962 3732 μοιχαλίς
1988 3677 2003 3691 ·

509 3769 527 3801 1
564 3751 659 3803 καὶ
689 3753 716 3802 ό
748 3751 856 3802 ἀπὸ
879 3752 1138 3819 γυναικὸς
1167 3752 1255 3803 ἐπ’
1283 3752 1475 3821 ἄλλην,
1493 3753 1634 3806 κατά
1652 3753 1741 3806 τὸν
1773 3752 2002 3823 Κύριον,

508 3862 526 3894 1
565 3842 768 3913 ὁμοίως
803 3844 1012 3913 μοιχός.
1051 3844 1281 3913 Σαρής.

1028 4024 1265 4076 ΚΛΝΩΝ
1298 4024 1433 4078 Hll'.

431 4136 455 4168 1
494 4112 695 4188 Μηδεὶς
730 4117 876 4170 ἔνδον
916 4116 1063 4189 ἰεροῦ
1097 4119 1228 4170 ναοῦ
1279 4117 1478 4186 κτῆνος
1506 4117 1565 4170 τὸ
1613 4119 1819 4172 οίονοῦν
1853 4120 2004 4172 εἰσα-

508 4227 525 4260 1
570 4210 711 4277 γέτω
741 4224 754 4237 ·
786 4210 944 4283 ἐκτὸς
980 4212 1029 4262 εἰ
1065 4211 1139 4280 μή
1209 4227 1292 4272 τις
1366 4210 1665 4281 ὁδοιπορῶν
1737 4211 2004 4281 μεγίστης

509 4320 528 4352 1
567 4301 980 4370 καταλαϐούσης
1054 4300 1301 4369 ἀνάγκης
1368 4300 1612 4353 οξ.ι.ίσκου
1682 4303 1777 4353 καὶ
1838 4306 2006 4353 κατα-

474 4390 481 4393 “
509 4411 527 4441 1
569 4389 756 4459 γωγῆς
789 4390 1014 4460 ἀπορῶν
1046 4391 1104 4442 ἐν
1131 4389 1209 4459 τῷ
1242 4390 1469 4460 τοιούτῳ
1525 4390 1821 4444 καταλύσει
1866 4389 2000 4460 ναῷ.

509 4502 530 4535 1
567 4482 664 4534 Διὰ
691 4483 797 4552 γὰρ
825 4482 916 4535 τοῦ
962 4484 1036 4553 μὴ
1070 4483 1131 4535 τὸ
1166 4487 1361 4556 κτῆνος
1395 4486 1540 4539 ἔνδον
1602 4486 2001 4556 εἰσενεχθῆναι,
2048 4510 2089 4564 ι)

505 4594 526 4626 1
570 4575 701 4628 αὐτὸ
735 4575 835 4642 μὲν
867 4575 1014 4628 ἑστιν
1068 4577 1155 4631 ὅτε
1221 4578 1650 4649 διαφθαρήσεται
1681 4595 1696 4609 ⁸
1730 4584 1758 4634 ό
1828 4580 1885 4633 δὲ
1939 4582 2006 4651 τῇ

512 4686 535 4717 1
582 4670 678 4721 τοῦ
709 4668 1004 4737 ὑποζυγίου
1035 4672 1298 4742 ἀποϐολῇ,
1337 4675 1426 4725 καὶ
1449 4672 1526 4742 τῷ
1582 4672 1833 4727 ἐντεῦθεν
1878 4675 2013 4727 ἀπό-

505 4781 529 4812 1
572 4780 679 4831 ρως
704 4764 845 4833 ἔχειν
878 4766 977 4833 τῆς
1012 4764 1104 4816 ἐπὶ
1128 4763 1225 4834 τὴν
1274 4766 1584 4835 ὁδοιπορίαν
1622 4766 1821 4836 ὁρμῆς,
1885 4784 2008 4819 κιν-

512 4874 532 4906 1
570 4857 709 4927 δύνῳ
741 4856 970 4909 θανάτου
1023 4858 1482 4927 παραδοθήσεται.
1524 4858 1628 4910 Τὸν
1656 4865 1762 4929 γὰρ
1792 4860 2006 4913 251661-

516 4967 533 4999 1
571 4965 661 5001 τον
694 4948 781 5001 διὰ
806 4950 897 5001 τὸν
915 4947 1205 5020 ἄνθρωπον
1236 4950 1489 5015 γενέσθαι
1527 4951 1961 5022 ἐκδιδασκόμεθα
1993 4969 2006 4983 ο

404 5105 411 5109 ε
510 5060 528 5093 ι
568 5041 711 5093 ὥστε
734 5042 819 5093 διὰ
852 5042 1066 5095 πάντων
1097 5044 1474 5111 προτιμητέαν
1515 5044 1766 5112 ἡγεῖσθαι
1795 5044 1891 5113 τὴν
1918 5046 2012 5098 τοῦ

513 5157 533 5188 1
573 5137 863 5208 ἀνθρώπου
898 5141 1176 5208 σωτηρίαν
1224 5155 1284 5190 τε
1339 5142 1432 5191 καὶ
1490 5141 1784 5195 ἀπάθειαν.
1836 5142 1898 5194 Εἰ
1957 5142 2014 5195 δέ

516 5252 534 5284 1
570 5250 646 5295 τις
678 5233 960 5303 φωραθείη
996 5237 1164 5302 χωρς
1201 5232 1470 5302 ἀνάγκης,
1498 5234 1572 5296 ὡς
1617 5234 1856 5304 εἴρηται,
1882 5236 2013 5304 κτῆο

514 5343 535 5379 1
575 5343 663 5389 νος
698 5327 933 5395 εἰσάγων
958 5329 1039 5390 εἰς
1095 5327 1258 5397 ἰερὸν,
1324 5327 1373 5378 εἰ
1429 5326 1528 5395 μὲν
1590 5326 1849 5396 κληρικδς
1900 5328 2006 5398 εἴη,

520 5438 539 5469 1
574 5417 962 5488 καθαιρείσθω,
998 5420 1121 5473 εἰδὲ
1158 5420 1369 5484 λαῖκὸς,
1427 5420 1795 5489 ἀφοριζὲσθω.

510 5512 706 5565 ΒΛΛΣ.
755 5510 840 5571 Ὠς
861 5511 1025 5575 ἔοικε,
1053 5511 1254 5582 συνέϐη
1284 5512 1416 5565 ποτὲ
1447 5515 1503 5565 ἐν
1545 5514 1861 5585 δριμυτάτῳ
1899 5534 2014 5586 χει·

439 5604 585 5676 μῶνι
624 5603 927 5657 καταλῦπαί
963 5622 1114 5667 τινας
1177 5607 1257 5669 εἰς
1310 5607 1439 5661 ναὸν
1498 5609 1907 5680 παρακείμενον
1956 5615 2013 5665 ἐν

524 5792 569 5825 ³⁸
612 5792 793 5845 Matth.
824 5806 933 5854 XIX,
971 5792 1024 5855 θ,
1063 5793 1146 5846 ιο.

2110 550 2276 617 igitur
2307 550 2574 602 rationem
2604 547 2772 601 divini
2805 562 3026 617 quoque
3056 546 3249 603 Patres
3278 548 3453 603 secuti
3488 548 3686 601 mulicv

2109 655 2245 705 rem,
2276 655 2401 709 qua:
2446 640 2567 693 sine
2605 652 2771 693 causa
2825 639 3015 694 relicto
3042 642 3165 693 viro
3208 638 3363 693 alteri
3412 640 3684 707 nupserit,

2107 734 2412 787 adulteram
2440 745 2708 786 vocavere
2732 748 2746 785 :
2775 746 2896 801 quae
2922 733 3140 802 quidem
3171 732 3385 788 etiamsi
3413 732 3485 787 ad
3509 733 3687 786 virum

2108 839 2267 878 suum
2318 824 2518 879 reverti
2568 830 2758 892 postea
2790 823 2936 885 velit,
2992 840 3336 894 nequaquam
3388 824 3560 878 invito
3593 824 3688 879 illo

2110 917 2435 986 excipietur.
2470 914 2688 969 Polluta
2725 925 2810 972 est
2860 917 3031 971 enim.
3076 916 3211 984 Qua:
3259 917 3428 986 igitur
3469 916 3686 980 mulier,

2112 1008 2293 1079 inquit
2322 1022 2521 1073 canon,
2557 1023 2585 1060 a
2617 1010 2734 1062 viro
2768 1008 2975 1078 absque
3007 1024 3173 1063 causa
3199 1010 3454 1073 secessit,
3486 1011 3685 1079 poenis,

2110 1100 2182 1155 iis
2232 1099 2491 1153 nimirum
2548 1115 2669 1169 quae
2717 1101 2771 1154 in
2826 1102 3107 1157 adulteros
3167 1104 3479 1157 constitutaa
3533 1113 3686 1162 sunt,

2112 1191 2435 1245 multabitur
2467 1208 2480 1245 :
2519 1192 2637 1246 viro
2668 1201 2848 1247 autem
2901 1193 3140 1263 ignosci,
3188 1202 3243 1247 ct
3281 1208 3426 1258 eam,
3464 1210 3585 1261 qua:
3631 1194 3685 1246 in

2110 1279 2352 1336 Ecclesia
2387 1290 2497 1348 est,
2525 1283 2965 1338 communionem
2999 1285 3227 1339 concedi
3261 1284 3556 1351 placet.Ex
3579 1301 3689 1355 quo

2110 1384 2302 1429 contra
2357 1376 2584 1445 intelligi
2641 1376 2785 1441 licet,
2833 1391 2956 1446 qua:
3006 1391 3118 1430 non
3163 1385 3367 1430 temere
3411 1391 3529 1430 sea
3571 1378 3690 1429 viro

2113 1466 2445 1535 abjunxcrit,
2500 1467 2594 1521 sed
2646 1474 2742 1521 aut
2798 1469 2945 1522 illius
2986 1468 3156 1523 nimia
3204 1469 3547 1530 morositate.
3596 1482 3693 1522 aut

2112 1555 2333 1625 injuriis
2384 1559 2549 1621 victa,
2598 1566 2693 1612 aut
2730 1560 2852 1614 aliis
2909 1562 3086 1615 modis
3135 1561 3204 1615 ab
3234 1561 3426 1616 eodem
3476 1562 3690 1615 irritata

2113 1650 2453 1716 discesserit,
2503 1651 2651 1705 illam
2702 1661 2857 1705 extra
2898 1654 3114 1723 culpam
3164 1653 3302 1715 fore,
3357 1654 3452 1709 sed
3487 1668 3519 1709 a
3572 1656 3690 1709 viro

2115 1757 2327 1812 poenas.
2360 1744 2565 1815 quippe
2595 1744 2687 1815 qui
2718 1746 2890 1815 culpae
2920 1760 3142 1801 causam
3185 1746 3342 1801 uxori
3375 1749 3690 1816 praebuerit,

2110 1838 2433 1908 exigendas.
2468 1838 2570 1904 Qui
2604 1854 2758 1903 vero,
2810 1840 2984 1908 inquit
3014 1843 3217 1905 canon,
3246 1856 3419 1895 uxore
3457 1841 3688 1897 dimissa

2113 1933 2276 1987 aliam
2327 1934 2565 1999 duxerit,
2626 1933 2887 1988 adulterii
2944 1948 3073 1988 reus
3132 1949 3199 1990 ex
3247 1935 3421 2002 ipsius
3475 1934 3689 1990 Domini

2112 2025 2292 2080 verbis
2318 2024 2722 2080 eaistimabitur
2749 2041 2766 2080 :
2792 2025 3027 2093 indeque
3048 2040 3156 2094 qua
3185 2039 3344 2096 paena
3373 2025 3498 2081 talis
3527 2025 3694 2079 homo

2112 2116 2429 2172 multandus
2462 2117 2554 2183 sit,
2605 2115 2847 2186 quidque
2893 2130 3017 2171 cum
3068 2132 3133 2171 eo
3182 2116 3478 2187 agendum,
3513 2132 3690 2173 canon

2113 2212 2356 2265 disserit.
2412 2210 2669 2277 Quinimo
2717 2212 3018 2281 pugnantia
3075 2226 3198 2265 cum
3241 2226 3442 2283 magno
3487 2213 3694 2268 Basilio

2112 2302 2389 2361 aﬂirmare
2433 2304 2539 2359 hoc
2583 2304 2702 2359 loco
2731 2304 2924 2360 Patres
2947 2304 3224 2362 videntur.
3258 2303 3396 2357 Nam
3425 2304 3471 2359 is
3500 2306 3694 2361 mulie-

2112 2406 2231 2444 rem
2289 2393 2532 2461 quidem,
2593 2409 2718 2462 quae
2774 2403 3061 2450 contracto
3111 2395 3430 2463 nuptiarum
3484 2394 3695 2451 ftedere

2113 2498 2236 2537 cum
2263 2484 2373 2537 alio
2400 2483 2516 2539 viro
2542 2500 2655 2539 rem
2692 2485 2967 2547 habuerit,
2996 2485 3156 2557 261
3186 2486 3491 2540 adulteram
3512 2496 3691 2551 vocat,

2115 2589 2346 2645 eamque
2379 2578 2632 2642 maritus,
2661 2578 2864 2647 inquit,
2896 2592 2925 2630 a
2966 2578 3081 2633 suis
3112 2577 3323 2633 aedibus
3354 2580 3692 2637 amandabit.

2117 2665 2506 2723 Verumtamen
2548 2682 2613 2722 ex
2663 2668 3027 2723 fornicatione
3063 2670 3382 2723 redeuntem
3436 2671 3694 2724 maritum

2119 2776 2276 2815 suum
2322 2776 2462 2816 uxor
2507 2762 2762 2831 excipiet.
2803 2760 2999 2817 Nullus
3046 2763 3218 2824 enim,
3268 2763 3470 2832 inquit,
3514 2772 3697 2817 exstat

2116 2866 2316 2919 canon,
2352 2852 2508 2923 cujus
2539 2855 2870 2909 auctoritate
2934 2856 3027 2925 qui
3072 2870 3196 2909 cum
3237 2855 3419 2908 soluta
3466 2855 3695 2910 muliere

2116 2944 2379 3015 peccarit,
2410 2945 2670 3000 adulterii
2703 2960 2832 3001 reus
2861 2946 2947 3016 agi
2980 2953 3163 3016 queat.
3202 2944 3311 3000 Sed
3343 2945 3493 3000 nullo
3527 2946 3695 3000 modo

2116 3038 2264 3092 inter
2289 3053 2349 3093 sc
2377 3039 2434 3092 hi
2471 3053 2712 3095 canones
2742 3046 3006 3109 pugnant.
3036 3038 3172 3092 Nam
3209 3052 3439 3108 magnus
3472 3039 3692 3108 quidem

2117 3125 2352 3183 Basilius
2382 3130 2446 3183 de
2477 3143 2541 3184 eo
2568 3129 2789 3183 homine
2816 3129 2951 3199 agit,
2984 3131 3077 3199 qui
3104 3128 3451 3184 manentibus
3484 3129 3695 3198 nuptiis

2114 3221 2447 3287 fornicatus,
2492 3231 2545 3276 ct
2575 3235 2698 3276 cum
2738 3221 2966 3277 muliere
3002 3222 3137 3275 nulli
3168 3223 3287 3276 viro
3319 3222 3527 3277 sociata
3572 3222 3694 3291 pol-

2112 3316 2261 3370 lutus
2305 3321 2389 3368 est
2436 3330 2450 3367 :
2493 3314 2583 3367 hic
2621 3328 2751 3368 vero
2802 3328 2979 3368 canon
3025 3329 3121 3369 eos
3169 3314 3364 3385 tangit,
3392 3314 3487 3384 qul
3522 3328 3696 3371 uxore

2112 3407 2233 3463 sine
2269 3420 2437 3461 causa
2469 3406 2696 3461 dimissa
2730 3405 2892 3460 aliam
2926 3406 3053 3467 sibi.
3089 3407 3248 3476 quasi
3281 3422 3381 3477 pro
3410 3407 3559 3476 justa
3588 3409 3698 3463 sci.-

2110 3501 2239 3556 licet
2269 3500 2504 3570 conjuge
2550 3501 2817 3568 habituri,
2861 3503 3237 3569 adiunxerint,
3282 3518 3429 3574 quos
3474 3505 3694 3571 quidem

2115 3588 2399 3643 adulteros
2433 3591 2551 3659 ipse
2579 3589 2632 3643 in
2662 3589 2959 3658 Evangelia
2993 3590 3256 3647 Dominus
3288 3593 3606 3663 appellavit.

2116 3679 2345 3735 ARIST.
2387 3699 2406 3732 1
2447 3684 2580 3747 Qum
2611 3697 2638 3734 a
2672 3682 2789 3737 viro
2824 3683 3022 3737 suo‘ad
3056 3685 3221 3737 alium
3256 3685 3487 3751 accedit,
3536 3686 3700 3739 θιίιιΙ-ι·

2185 3793 2205 3825 1
2254 3781 2368 3828 tcra
2398 3781 2483 3828 est
2533 3791 2547 3829 :
2607 3780 2663 3828 et
2710 3776 2801 3844 qui
2858 3775 2926 3828 ab
2980 3791 3149 3830 uxore
3205 3776 3273 3831 ad
3329 3777 3696 3845 aliam,jnxta

2181 3885 2204 3919 1
2250 3866 2463 3922 Domini
2490 3880 2817 3935 sermonem,
2841 3867 3093 3924 similiter
3119 3870 3364 3926 moechus
3389 3878 3496 3926 est.
3525 3888 3544 3923 ι
3570 3868 3701 3924 Per-

2176 3959 2409 4026 spiculis.

2607 4053 2841 4110 CANON
2882 4052 3074 4108 LXXX
3089 4052 3223 4108 Vill.

2124 4162 2145 4197 1
2184 4143 2357 4202 Nemo
2381 4147 2523 4202 intra
2547 4146 2691 4203 aedes
2715 4163 2902 4203 sacras
2928 4147 3161 4216 quodvis
3188 4147 3488 4205 iumentum
3519 4151 3695 4206 intro-

2196 4253 2215 4286 1
2246 4235 2411 4292 ducat
2442 4254 2456 4291 :
2494 4239 2603 4293 nisi
2636 4237 2779 4293 forte
2814 4239 2991 4292 viator
3014 4238 3310 4307 quispiam,
3335 4242 3572 4296 maxima
3597 4259 3694 4296 ur-

2193 4345 2213 4379 1
2246 4340 2409 4397 gente
2438 4331 2767 4385 necessitate
2796 4370 2811 4395 ,
2851 4332 3196 4387 domunculae
3253 4334 3338 4388 vel
3402 4334 3690 4392 diversorii

2193 4438 2212 4470 1
2253 4422 2528 4493 indigens,
2582 4423 2634 4476 in
2675 4424 2726 4476 id
2759 4424 3018 4494 templum
3053 4426 3361 4479 diverterit.
3394 4426 3507 4482 Nisi
3541 4430 3688 4483 enim

2193 4528 2212 4563 1
2248 4511 2553 4581 jumentum
2583 4513 2955 4569 introductum
3008 4514 3207 4580 fuerit,
3244 4518 3420 4585 ipsum
3469 4519 3687 4589 quidem

2192 4620 2216 4655 1
2248 4617 2639 4673 nonnunquam
2668 4605 2895 4673 peribit:
2926 4604 3016 4660 hic
3044 4620 3194 4671 vero,
3219 4608 3687 4678 propterjumenti

2191 4711 2209 4744 1
2251 4682 2636 4756 amissionem,
2672 4701 2728 4747 et
2762 4693 3044 4749 facultatis
3069 4695 3136 4749 ad
3176 4697 3280 4752 iter
3315 4701 3685 4769 peragendum

2191 4803 2208 4835 1
2248 4800 2314 4838 ex
2344 4799 2410 4838 eo
2446 4785 2745 4852 profectam
2778 4788 3041 4858 inepiam,
3074 4790 3266 4845 mortis
3303 4792 3544 4859 periculo
3578 4799 3692 4846 tra-

2192 4893 2211 4926 1
2245 4875 2428 4930 detur.
2454 4873 2752 4930 Sabbatum
2773 4877 2916 4931 enim
2944 4885 3165 4948 propter
3188 4881 3458 4937 hominem
3483 4878 3684 4938 factum

2192 4984 2211 5018 1
2248 4981 2367 5020 esse
2398 4966 2694 5031 docemur;
2720 4970 3077 5036 quamobrem
3105 4982 3159 5026 et
3192 4986 3288 5040 per
3316 4974 3498 5028 omnia
3551 4990 3690 5045 ιιι-οι·

2186 5077 2207 5109 1
2244 5058 2523 5112 ferendam
2562 5074 2685 5114 esse.
2728 5061 3047 5117 existimare
3080 5064 3321 5120 hominis
3363 5067 3589 5123 salutem
3630 5080 3688 5123 et

2191 5171 2210 5203 1
2250 5152 2706 5207 incolumitatem.
2764 5154 2821 5207 Si
2889 5157 3014 5225 quis
3069 5165 3253 5211 autem
3300 5157 3683 5229 deprehensus

2190 5264 2212 5296 1
2255 5245 2417 5299 fuerit
2457 5245 2576 5299 sine
2613 5247 2941 5301 necessitate
2980 5237 3301 5316 iumentum
3337 5251 3389 5305 in
3424 5252 3680 5321 templqu

2192 5357 2208 5389 1
2250 5337 2620 5401 introducere,
2673 5338 2720 5393 si
2760 5339 2831 5394 sit
2861 5341 3078 5411 quidem
3122 5342 3382 5405 clericus,
3430 5344 3677 5413 depona-

2196 5454 2210 5476 ι
2255 5440 2341 5483 tttr
2375 5442 2390 5488 :
2429 5431 2515 5484 sin
2552 5445 2686 5485 vero
2716 5431 2911 5497 laicus,
2939 5442 3273 5503 segregetur.
3306 5453 3324 5485 ι

2184 5520 2383 5577 BALS.
2424 5521 2494 5575 Ut
2522 5531 2605 5576 est
2635 5523 2949 5589 verisimile,
2998 5524 3196 5581 accidit
3236 5526 3563 5595 quandoque
3621 5537 3680 5585 ut

2119 5615 2173 5669 in
2206 5613 2443 5668 maxima
2476 5621 2799 5682 tempestate
2822 5614 3157 5670 diverterent
3190 5614 3411 5683 quidam
3446 5615 3500 5671 iu
3543 5626 3682 5675 tem.
