4062 6398
381 347 486 410 ὸ15

1643 341 1918 403 ΤΗΕΟΙ).
1960 336 2361 402 BALSAMON

3537 340 3642 404 816

382 455 727 531 plum,‘quod
748 463 932 526 ’propc
963 451 1428 524 viam‘publicam
1481 454 1645 509 situm
1689 464 1863 519 erat;
1908 462 1955 510 el

2067 453 2308 524 δημοσίᾳ
2327 450 2597 522 ὁδῷ“ἠκαὶ
2644 452 2678 524 η
2715 449 2817 523 μιν
2845 449 3047 521 ἀπειλὴ
3082 450 3180 520 τῆς
3237 450 3413 520 χιόνος
3476 468 3647 518 κατη-

383 555 467 607 vis
499 551 727 621 quidem
759 548 905 601 nivis
939 559 1034 601 eos
1070 545 1299 615 urgebat
1349 546 1405 599 in
1460 547 1719 616 templum
1748 547 1955 617 ingredi

381 659 507 698 eum
558 642 674 695 suis
708 637 888 707 equis,
923 642 980 690 et
1007 633 1323 689 lethiferum
1376 633 1599 705 frigoris
1652 636 1959 689 incommo-

379 736 509 789 dum
537 731 820 800 effugere;
855 726 1044 797 templi
1096 734 1278 780 autem
1327 726 1634 781 reverentia
1671 742 1777 781 non
1838 742 1960 797 per.

381 826 632 880 mittebat
665 825 745 878 eis
778 822 882 876 hoc
911 820 1135 876 facere:
1173 821 1267 875 sed
1298 819 1400 889 ipsi
1433 818 1654 888 quidem
1689 821 1955 889 templum

378 918 638 987 ingressi,
675 914 897 983 frigoris
928 910 1251 982 'periculum
1285 911 1596 977 evitarunt;
1630 926 1823 964 eorum
1857 925 1956 964 au-

376 1022 485 1064 tem
520 1009 788 1076 iumenta,
817 1020 938 1075 quae
966 1012 1122 1058 extra
1157 1002 1417 1073 templum
1452 1011 1741 1070 steterant,
1793 1018 1822 1057 a
1865 1002 1957 1058 fri-

377 1117 508 1169 gore
541 1108 866 1168 consumpta
903 1096 1092 1163 luere;
1133 1109 1246 1166 quo
1295 1094 1498 1148 factum
1541 1104 1648 1161 est,
1713 1104 1771 1148 ut
1810 1096 1953 1150 idem

371 1209 591 1265 quoque
662 1191 984 1245 hominibus
1050 1189 1197 1258 quod
1259 1187 1453 1243 bestiis
1527 1189 1809 1255 eveniret;
1869 1190 1954 1244 vel

371 1294 595 1356 prepter
647 1284 1084 1343 alllietatLouem,
1144 1280 1225 1334 vel
1268 1279 1413 1349 quod
1465 1295 1571 1333 non
1615 1290 1841 1351 possent
1874 1281 1953 1335 ire

374 1380 584 1447 pedites
621 1385 844 1445 propter
881 1374 1105 1426 nimiam
1144 1374 1407 1441 temporis
1444 1375 1953 1442 refrigerationem.

374 1472 491 1527 lloc
521 1488 654 1540 ergo
704 1470 1049 1537 corrigeutcs
1108 1465 1284 1519 sancti
1333 1463 1523 1520 Patres
1564 1464 1950 1529 decreverunt,

380 1565 586 1620 nemini
621 1564 788 1618 licere
828 1560 1062 1630 quodvis
1085 1559 1399 1629 iumentum
1448 1557 1501 1611 in
1555 1558 1815 1626 templum
1868 1557 1955 1611 in-

376 1660 693 1720 troducere,
740 1655 846 1710 nisi
897 1653 1138 1708 maxima
1170 1660 1371 1721 'urgeat
1419 1652 1724 1706 necessitas
1763 1668 1776 1705 :
1820 1659 1952 1706 tunc

369 1754 541 1818 enim,
585 1749 783 1819 inquit,
822 1747 1131 1817 iumentum
1185 1758 1408 1813 quoque
1456 1743 1510 1797 in
1554 1744 1813 1812 templum
1865 1745 1953 1797 in-

372 1845 724 1909 troducetur,
750 1855 820 1895 ne
859 1839 1021 1892 homo
1047 1852 1155 1892 una
1188 1852 1312 1891 cum
1348 1836 1465 1904 ipso
1489 1836 1650 1889 morti
1682 1835 1953 1890 tradatur.
1989 1821 2032 1880 Β

371 1937 452 1990 Ad
490 1934 611 2005 eius
641 1941 824 1987 autem
857 1929 1005 2001 quod
1047 1928 1241 1982 dicunt
1288 1927 1687 1996 probationem,
1741 1926 1952 1981 Domini

368 2046 586 2101 quoque
618 2027 925 2081 doctrinam
981 2020 1245 2085 inferunt,
1282 2019 1374 2090 qui
1426 2018 1726 2073 Sabbatmu
1758 2017 1958 2075 dissol-

370 2125 475 2188 vit,
508 2131 561 2176 et
592 2119 697 2185 eis,
727 2119 821 2188 qui
855 2117 1032 2185 ipsum
1062 2112 1560 2183 reprehendebant,
1601 2111 1755 2176 dixit,
1814 2126 1954 2180 pra:-

368 2212 653 2270 fereudam
749 2222 873 2265 esse
947 2205 1187 2261 hominis
1268 2204 1502 2258 salutem
1586 2204 1954 2258 observationi

371 2302 620 2360 Sabbati.
708 2301 1007 2355 Sabbatum
1070 2298 1218 2353 enim
1300 2296 1503 2351 factum
1584 2307 1667 2350 est
1728 2305 1957 2365 propter

370 2396 668 2456 hominem,
741 2407 846 2446 non
901 2400 1084 2444 autem
1141 2391 1304 2443 homo
1361 2396 1585 2458 propter
1622 2385 1953 2442 ‘Sabbatum.

369 2486 448 2542 Ne
493 2488 593 2540 hoc
637 2496 817 2537 autem
879 2482 973 2534 fiat
1048 2478 1352 2550 iniquitatis
1416 2478 1638 2531 occasio
1706 2478 1774 2531 iis
1857 2475 1950 2546 qui

371 2576 784 2633 inconsiderate
836 2583 889 2628 et
942 2573 1150 2641 absque
1208 2570 1319 2625 ullo
1372 2570 1693 2624 discrimine
1744 2570 1955 2634 vivunt,

368 2681 427 2727 et
505 2672 714 2738 absque
786 2667 901 2723 ullo
990 2663 1382 2733 impedimento
1465 2672 1520 2718 et
1600 2661 1745 2716 nulla
1830 2677 1957 2732 pro-

371 2762 546 2832 posita
639 2758 967 2814 necessitate
1048 2763 1296 2810 sanetum
1385 2753 1600 2809 Domini
1691 2754 1953 2823 templum

367 2866 661 2907 commune
695 2850 1100 2921 profanumque
1148 2847 1427 2910 elltciant,
1467 2854 1821 2909 statuerunt,
1892 2854 1954 2898 ut

368 2947 461 3016 qui
524 2945 647 2999 sine
719 2956 912 3013 magna
981 2939 1257 3007 eiusmodi
1335 2940 1667 2994 necessitate
1719 2937 1955 3008 quodvis

365 3041 677 3107 iumentum
727 3036 784 3089 in
819 3029 1084 3103 templum
1136 3030 1458 3096 introducit,
1515 3029 1561 3084 si
1608 3031 1681 3085 sit
1730 3029 1950 3103 quidem

370 3130 628 3192 clericus,
658 3126 967 3196 deponatur
996 3142 1009 3178 :
1047 3124 1133 3178 sin
1171 3131 1354 3178 autem
1390 3123 1584 3188 laicus,
1611 3134 1951 3193 aegr-egetur.

370 3220 512 3289 Quid
568 3234 723 3286 vero,
797 3217 973 3272 alatas
1025 3215 1303 3280 volucres,
1344 3215 1596 3285 perdices
1643 3214 1857 3268 scilicet
1900 3222 1955 3267 et

370 3309 661 3366 columbas
703 3316 758 3361 et
798 3318 1070 3376 passeres,
1107 3319 1175 3358 an
1213 3303 1338 3373 quis
1371 3304 1513 3358 citra
1544 3304 1711 3357 ullam
1752 3303 1955 3358 distiu-

371 3404 611 3457 ctionem
653 3400 706 3454 in
761 3398 1024 3467 templum
1082 3395 1431 3450 introducet‘i
1472 3394 1704 3450 Salutio.
1737 3393 1955 3465 Nequa-

374 3507 562 3568 quam,
593 3501 653 3549 ut
681 3492 814 3548 mihi
852 3490 1089 3558 videtur,
1112 3504 1180 3546 ne
1201 3497 1452 3546 sanctum
1480 3505 1575 3559 per
1603 3496 1955 3546 excrementa

376 3588 720 3660 profanetur.

444 3676 605 3746 262
641 3671 896 3729 ZONAR.
946 3670 1117 3728 Sacra
1163 3673 1360 3742 templa
1404 3672 1457 3727 in
1498 3673 1704 3728 honore
1734 3672 1956 3745 ,liabere

372 3784 437 3825 ac
470 3767 716 3823 venerari
738 3767 1019 3822 debemus.
1047 3764 1284 3822 Proinde
1311 3781 1413 3822 nec
1445 3766 1501 3820 in
1538 3764 1626 3819 illa
1642 3764 1953 3835 iumentum

371 3861 611 3932 quodvis
643 3858 915 3914 introduci
957 3850 1278 3915 conceditur
1316 3877 1331 3915 :
1366 3859 1471 3915 nisi
1501 3858 1645 3914 forte
1676 3859 1732 3913 in
1760 3858 1956 3914 itinere

374 3953 612 4021 aliquem
648 3952 893 4006 maxima
934 3953 1259 4018 necessitas,
1305 3959 1399 4006 aut
1451 3960 1653 4007 coortae
1702 3951 1957 4008 videlicet

378 4044 750 4114 tempestatis,
796 4052 888 4101 aut
924 4044 1184 4099 imbrium
1220 4060 1341 4101 sese
1379 4045 1713 4102 intolerabili
1749 4047 1954 4116 impetu

373 4136 808 4204 eﬂuudeutium,
837 4138 1200 4208 oppresserit.
1231 4135 1387 4193 Tunc
1416 4137 1563 4193 enim
1610 4139 1827 4194 etiamsi
1868 4137 1958 4206 ju-

373 4238 618 4284 mentum
657 4227 800 4284 intra
833 4244 1025 4286 sacras
1054 4230 1204 4286 aedes
1239 4232 1591 4299 compulerit,
1630 4246 1739 4286 non
1774 4240 1958 4286 tamen

373 4325 445 4378 ob
504 4339 625 4379 eam
688 4337 803 4378 rem
857 4324 1069 4393 aliquid
1129 4325 1301 4392 culpae
1353 4324 1677 4389 contrahet;
1713 4339 1780 4379 ne
1822 4323 1954 4377 illud

373 4417 592 4484 quidem
630 4414 766 4470 foris
802 4416 1054 4470 relictura
1092 4418 1236 4470 male
1278 4423 1490 4484 pereat,
1521 4414 1641 4484 ipse
1682 4431 1813 4471 vero
1864 4417 1960 4472 do—

2069 543 2310 614 νάγκαζε
2338 544 2559 608 τούτους
2584 543 2731 599 ἔνδον
2756 542 2850 597 τοῦ
2878 543 3007 597 ναοῦ
3053 542 3318 598 εἰσελθεῖν
3369 542 3507 614 μετὰ
3535 543 3649 597 τῶν

2070 640 2256 692 ἳππων
2297 638 2503 702 αὐτῶν,
2546 637 2642 690 καὶ
2671 636 2771 707 τὴν
2820 636 2926 691 ἀπὸ
2960 634 3054 689 τοῦ
3079 635 3285 706 ψύχους
3334 634 3645 705 θανατηφό-

2068 749 2161 801 ρον
2190 731 2438 783 κάκωσιν
2471 730 2734 798 ἐκφυγεῖν
2757 746 2770 759 ·
2824 728 2885 781 τὸ
2908 729 3188 799 αἰδέσιμον
3215 727 3274 782 δὲ
3302 727 3397 781 τοῦ
3429 728 3559 781 ναοῦ
3581 728 3642 781 ού

2069 821 2469 892 παρεχώρησεν
2496 821 2697 891 αὐτοὺς
2745 820 2905 874 τοῦτο
2989 820 3219 891 ποιῆσαι
3254 838 3268 853 ’
3321 820 3438 873 ἀλλ’
3489 820 3646 873 αὐτοὶ

2068 913 2189 984 μὲν,
2214 912 2556 975 εἰσελθόντες
2609 914 2667 965 ὲν
2712 912 2792 980 τῷ
2855 913 2988 983 ναῷ,
3034 915 3127 967 τδν
3197 914 3262 965 ὲκ
3329 911 3647 983 τοῦκρύους

2064 1007 2307 1059 κίνδυνον
2338 1004 2563 1075 ἔφυγον,
2614 1006 2683 1059 τὰ
2739 1006 2798 1059 δὲ
2854 1005 3128 1075 ὑποζύγια
3182 1005 3361 1059 αὐτῶν
3406 1006 3511 1071 ἔξω
3549 1006 3643 1058 τοῦ

2063 1102 2197 1155 ναοῦ
2245 1101 2514 1172 ἑστηκότα
2542 1100 2637 1154 τοῦ
2669 1100 2877 1171 ψύχους
2902 1099 3163 1166 γεγόνασι
3228 1096 3644 1165 παρανάλωμα,

2062 1195 2135 1257 ὡς
2165 1192 2417 1248 ἐντεῦθεν
2454 1193 2551 1247 καὶ
2602 1194 2727 1255 τοὺς
2773 1191 3099 1262 ἀνθρώπους
3192 1190 3262 1243 τὰ
3311 1190 3475 1260 ὃμοια
3529 1191 3647 1251 τοῖς

2061 1285 2282 1353 ἀλόγοις
2315 1283 2476 1348 ζώοις
2500 1284 2715 1347 παθεῖν,
2745 1283 2778 1353 ἢ
2803 1282 2877 1345 ὡς
2903 1282 3015 1336 ἀπὸ
3068 1282 3168 1351 τῆς
3224 1281 3476 1350 θλίψεως,
3502 1280 3534 1350 ἢ
3569 1281 3646 1344 ὡς

2065 1375 2140 1448 μὴ
2161 1378 2495 1446 δυναμένους
2526 1379 2666 1446 πεζῇ
2699 1376 2944 1445 βαδίσαι,
3000 1373 3086 1427 διὰ
3122 1374 3221 1444 τὴν
3272 1373 3647 1443 ὑπερϐολικὴν

2061 1455 2162 1539 τῆς
2183 1468 2336 1538 ὥρας
2397 1467 2731 1538 κατάψυξιν.
2801 1466 2975 1519 Τοῦτο
3015 1466 3113 1520 οὖν
3167 1466 3550 1536 διορθούμενοι
3593 1465 3645 1518 οἰ

2060 1560 2512 1632 ἆγιοιΙΙατέρες,
2577 1560 2902 1630 διωρίσαντο
2966 1559 3041 1630 μὴ
3092 1557 3238 1628 ἔχειν
3309 1558 3397 1610 ἐπ’
3461 1558 3647 1619 ἀδείας

2058 1654 2215 1717 τινὰς
2252 1656 2447 1724 κτῆνος
2470 1651 2855 1722 οἰονδηποτοῦν
2886 1650 3038 1704 ἔνδον
3098 1652 3344 1719 εἰσάγειν
3390 1650 3544 1715 ναοῦ,
3598 1651 3648 1701 εἰ

2063 1748 2138 1819 μὴ
2166 1746 2483 1814 κατεπείγει
2509 1746 2727 1815 ἀνάγκη
2792 1744 3029 1814 μεγίστη
3063 1757 3078 1772 ⁶
3142 1742 3447 1811 τηνικαῦτα
3510 1742 3645 1811 γὰρ,

2072 1841 2243 1910 φασὶ,
2308 1839 2402 1891 καὶ
2457 1837 2520 1890 τὸ
2587 1838 2785 1906 κτῆνος
2839 1837 2899 1890 ὲν
2951 1835 3028 1906 τῷ
3073 1836 3187 1906 ναῷ
3230 1835 3643 1905 εἰσαχθήσεται,

2061 1933 2149 1986 ἵνα
2184 1932 2257 2003 μὴ
2285 1932 2383 1985 σὺν
2416 1930 2565 2000 αύτῷ
2590 1930 2686 1984 καὶ
2721 1932 2748 1982 ὁ
2776 1928 3066 1999 ἄνθρωπος
3092 1928 3310 1999 θανάτῳ
3338 1927 3645 1999 παραδοθῇ.

2070 2025 2373 2092 Ἐπάγουσι
2403 2023 2459 2075 δὲ
2485 2024 2621 2093 πρὸς
2656 2021 3015 2092 κατασκευὴν
3061 2019 3154 2073 τοῦ
3220 2019 3387 2087 λόγου
3465 2017 3649 2071 αὐτῶν

2058 2119 2155 2170 καὶ
2191 2118 2291 2186 τὴν
2314 2115 2408 2169 τοῦ
2428 2115 2636 2184 Κυρίου
2666 2114 3046 2179 διδασκαλίαν,
3098 2112 3194 2165 τοῦ
3254 2113 3318 2166 τὸ
3369 2112 3649 2167 Σάϐϐατον

2057 2210 2493 2273 καταλύσαντος,
2528 2208 2623 2259 καὶ
2651 2208 2897 2269 εἰπόντος
2925 2208 3063 2278 πρὸς
3092 2208 3221 2269 τοὺς
3283 2206 3648 2275 αἰτιωμένους

2058 2302 2222 2357 αὑτὸν
2249 2303 2326 2364 ὼς
2361 2300 2738 2371 προτιμοτέρα
2770 2301 2919 2352 ἐστὶν
2943 2302 2978 2370 η
3038 2298 3135 2351 τοῦ
3184 2297 3480 2369 ἀνθρώπου
3542 2317 3650 2351 σω⁴

2057 2393 2397 2464 τηρίαπαρὰ
2420 2393 2522 2464 τὴν
2567 2392 2662 2446 τοῦ
2728 2391 3014 2445 Σαόὃάτου
3092 2391 3372 2461 φυλακην.
3422 2390 3496 2442 Τὸ
3537 2390 3648 2459 γὰρ

2060 2475 2557 2555 Σάϐϐατονγέγονε
2575 2486 2661 2539 διὰ
2686 2487 2778 2539 τὸν
2808 2484 3124 2556 ἄνθρωπον,
3188 2484 3249 2536 ού
3306 2485 3415 2554 μὴν
3467 2485 3495 2536 ὁ
3549 2483 3650 2536 ἇν-

2059 2579 2279 2649 θρωπος
2309 2578 2398 2631 διὰ
2428 2578 2489 2631 τὸ
2535 2578 2840 2633 Σάδδατον.
2891 2577 3085 2639 "Otum;
3147 2575 3205 2628 δὲ
3282 2574 3357 2646 μὴ
3418 2576 3649 2645 γένηται

2064 2670 2233 2723 τοῦτο
2271 2672 2385 2734 τοῖς
2412 2669 2727 2741 ἀδιαφόρως
2754 2668 2925 2733 ζῶσιν
2962 2667 3192 2739 ἀφορμὴ
3228 2668 3453 2732 κακίας,
3506 2667 3649 2719 ὥστε

2057 2762 2526 2825 ἀνεπικαλύπτως
2561 2763 2657 2816 καὶ
2697 2764 2867 2833 χωρὶς
2897 2762 3148 2829 ἀνάγκης
3203 2761 3296 2813 τὸν
3337 2760 3494 2829 ἅγιον
3525 2759 3650 2812 ναὸν

2058 2855 2153 2907 τοῦ
2185 2853 2322 2906 Θεοῦ
2356 2856 2693 2907 κοινοποιεῖν
2714 2870 2775 2906 τε
2810 2856 2904 2907 καὶ
2961 2853 3248 2924 βεϐηλοῦν,
3315 2853 3647 2923 διωρίσαντο

2057 2949 2149 3001 τον
2178 2948 2254 3017 μὴ
2286 2949 2456 3018 χωρὶς
2506 2949 2757 3020 ἀνάγκης
2819 2949 3066 3019 μεγάλης
3131 2948 3395 3018 τοιαύτης
3444 2949 3649 3019 κτῆνος

2056 3040 2443 3110 οἰονδηποτοῦν
2477 3042 2771 3111 εἰσάγοντα
2802 3044 2857 3096 ὲν
2882 3043 2961 3113 τῷ
3003 3043 3139 3112 ναῷ,
3207 3042 3469 3114 κληρικδν
3541 3043 3641 3113 μὲν

2056 3132 2211 3199 ὄντα,
2237 3132 2648 3204 καθαιρεῖσθαι,
2685 3134 2871 3187 λαῖκὺν
2904 3134 2983 3200 δὲ,
3042 3134 3424 3203 ἀφορίζεσθαι.
3479 3136 3542 3187 Ti
3570 3137 3648 3199 δὲ,

2058 3224 2285 3278 πετεινὰ
2313 3225 2593 3295 πτερωτὰ,
2624 3225 2891 3294 πέρδικάς
2922 3242 2983 3277 τε
3032 3225 3278 3294 δηλονότι
3349 3225 3445 3277 καὶ
3494 3242 3647 3296 περιρ

2058 3314 2283 3386 στερὰς,
2317 3315 2413 3367 καὶ
2442 3314 2620 3377 ἄλλως
2647 3314 2945 3385 στρουθοὺς
3004 3315 3318 3386 ἀδιαφόρως
3367 3316 3646 3385 εἰσαγάγῃ

2054 3424 2139 3471 τις
2169 3410 2227 3461 ὲν
2257 3407 2370 3476 ναῷ
2411 3425 2425 3473 ;
2461 3407 2681 3473 Λύσις.
2713 3407 2849 3459 υὺδὲ
2880 3406 3075 3471 ταῦτα,
3107 3407 3181 3470 ὡς
3210 3408 3335 3477 ἐμοὶ
3361 3409 3531 3477 δοκεῖ,
3563 3411 3647 3461 ἵνα

2059 3500 2136 3570 μὴ
2180 3503 2241 3551 τὺ
2268 3497 2423 3566 ἅγιον
2453 3498 2539 3551 διὰ
2571 3498 2680 3552 τῶν
2707 3499 3012 3570 ὲκκρίσεων
3036 3498 3328 3570 βεϐηλωθῇ

2123 3682 2372 3737 ΖΩΝΛΡ.
2396 3681 2575 3752 Τιμῆς
2612 3682 2740 3748 ἄξια
2772 3683 2841 3737 τὰ
2879 3685 3002 3757 ἱερά
3034 3686 3131 3739 καὶ
3158 3687 3530 3756 σεόἀσματος.
3552 3688 3643 3742 Διὸ

2055 3776 2179 3828 οὐδὲ
2220 3775 2413 3845 κτῆνος
2449 3776 2507 3827 ἐν
2532 3776 2719 3838 αὐτοῖς
2789 3778 3110 3845 εἰσάγεσθαι
3169 3779 3593 3851 συγκεχώρηται
3628 3797 3641 3811 ·

2059 3872 2108 3921 εἰ
2159 3869 2237 3939 μή
2262 3867 2366 3921 πού
2403 3888 2487 3932 τις
2508 3868 2764 3940 ὀδοιπορῇ
2813 3871 2907 3923 καὶ
2963 3872 3181 3942 ἀνάγκη
3237 3872 3471 3943 μεγίστη
3532 3891 3646 3944 χει.

2059 3964 2235 4034 μῶνος
2279 3962 2446 4031 τυχὸν
2500 3962 2533 4032 ἢ
2587 3962 2864 4033 ραγδαίων
2922 3963 3147 4033 ὄμϐρων
3214 3966 3310 4018 καὶ
3353 3966 3645 4038 ἀφορήτων

2061 4054 2350 4128 καταλάϐῃ
2411 4055 2620 4108 αὐτόν’
2659 4055 2779 4109 τότε
2836 4056 2945 4127 γὰρ
2987 4055 3088 4109 κᾶν
3171 4058 3323 4122 ἐντὸς
3383 4058 3531 4131 ἰεροῦ
3584 4060 3645 4111 τὸ

2058 4147 2359 4215 ὑποζύγιον
2389 4149 2685 4219 εἰσαγάγῃ,
2715 4148 3053 4217 ἀνέίκλητος
3082 4148 3291 4217 ἔσεται,
3354 4151 3441 4205 ἵνα
3475 4154 3551 4225 μὴ
3583 4155 3644 4205 το

2063 4240 2164 4310 μὲν
2209 4240 2316 4305 ἔξω
2382 4242 2573 4312 μεῖναν
2618 4242 2916 4313 διαφθαρῇ,
2967 4244 2996 4296 ὁ
3053 4243 3107 4296 δὲ
3164 4243 3241 4315 μὴ
3295 4244 3434 4315 ἔχων
3494 4248 3643 4309 ὅπως

2058 4333 2120 4385 τὸ
2148 4332 2335 4386 λοιπὸν
2362 4332 2461 4403 τῆς
2494 4331 2808 4403 ὁδοιπορίας
2846 4334 3319 4407 ἀνύσειηάπὸρως
3351 4344 3479 4401 iam;
3501 4338 3641 4408 ἔχων

2059 4426 2249 4496 ἓτερον
2277 4424 2607 4495 κτήσασθαι,
2636 4427 2702 4494 τῇ
2761 4423 2910 4498 λύπῃ
2985 4427 3299 4498 καταποθῇ,
3340 4428 3372 4498 ἤ
3410 4431 3507 4482 καὶ
3562 4432 3642 4491 εἰς

379 4509 584 4572 minus,
640 4521 767 4561 cum
802 4507 906 4563 iter
953 4510 1235 4576 inceptum
1284 4512 1540 4577 prosequi
1594 4523 1703 4563 non
1756 4511 1954 4576 possit,

2061 4516 2160 4588 τὴν
2187 4516 2335 4588 ζωὴν
2372 4515 2726 4587 κινδυνεύσῃ.
2767 4517 3086 4588 Πνιράγουσι
3136 4518 3192 4572 δὲ
3238 4521 3334 4573 καὶ
3382 4522 3489 4573 άπὸ
3541 4521 3642 4591 τῆς

377 4613 477 4653 nec
510 4598 737 4653 alterius
784 4596 928 4653 forte
975 4598 1211 4667 iumenti
1259 4599 1418 4668 copia
1467 4607 1737 4668 suppetat,
1785 4601 1956 4656 eonﬁ—

376 4692 557 4745 ciatur
592 4704 850 4755 mterore,
885 4701 977 4743 aut
1030 4690 1207 4759 ipsius
1238 4705 1456 4761 quoque
1486 4694 1611 4746 vitae
1653 4695 1955 4763 periculum

375 4784 595 4840 subeat.
627 4782 973 4837 Testimonia
1016 4797 1146 4837 vero
1177 4798 1244 4837 ex
1269 4783 1443 4839 sacris
1473 4800 1694 4856 quoque
1729 4784 1954 4843 Litteris

375 4876 541 4944 huius
572 4888 700 4930 can.
743 4884 1004 4929 auctores
1044 4874 1379 4943 producunt.
1430 4874 1735 4932 Sabbatum
1782 4880 1951 4947 enim,

370 4967 555 5036 inquit
586 4964 889 5035 Scriptura,
918 4975 1141 5037 propter
1175 4967 1447 5024 hominem
1492 4968 1692 5025 factum
1748 4979 1855 5036 est,
1899 4979 1956 5027 et

374 5068 433 5112 ut
466 5060 717 5129 quiescat
744 5073 941 5115 servus
979 5067 1106 5113 tuus
1133 5067 1187 5114 et
1209 5060 1519 5129 iumentum
1553 5071 1732 5116 tuum.
1773 5063 1956 5128 Quare

371 5151 612 5219 jttntctlli
651 5153 833 5220 quies,
888 5166 999 5206 non
1036 5153 1208 5220 ipsius
1238 5154 1495 5221 iumenti,
1555 5155 1652 5209 sed
1718 5156 1957 5211 hominis

374 5244 549 5313 gratia
593 5252 866 5310 praecepta
894 5254 1001 5308 est,
1031 5252 1091 5297 ut
1122 5244 1216 5298 illo
1251 5256 1373 5312 post
1402 5248 1646 5315 quietem
1680 5247 1955 5314 vegetiore

376 5349 504 5388 mox
547 5342 813 5393 uteretur.
851 5334 1007 5400 Quod
1044 5336 1187 5389 idem
1222 5351 1454 5405 magnus
1488 5352 1705 5406 quoque
1752 5334 1955 5393 Paulus

374 5427 589 5490 asserit,
645 5424 919 5495 Numquid
968 5430 1136 5491 enim,
1169 5429 1266 5492 ait,
1319 5430 1384 5479 de
1445 5427 1606 5480 bobus
1664 5443 1793 5480 cura
1848 5439 1927 5482 est

2054 4608 2279 4681 ι’ραφῆς
2313 4609 2624 4678 μαρτυρίας
2647 4611 2697 4660 οἱ
2730 4609 2950 4679 θέμενοι
2977 4611 3067 4662 τὸν
3099 4612 3322 4667 κανόνα.
3372 4614 3511 4684 Φησὶ
3532 4615 3640 4683 γάρ

2052 4702 2086 4771 ἡ
2117 4700 2311 4771 Γραφή
2336 4714 2349 4729 ·
2387 4699 2461 4751 Τὸ
2486 4698 2771 4752 Σάϐϐατον
2799 4698 2887 4753 διὰ
2922 4700 3011 4752 ’.δν
3050 4702 3341 4773 ἄνθρωπον
3401 4706 3635 4772 ἐγένετο,

2053 4792 2149 4845 καὶ
2180 4790 2266 4842 ἵνα
2303 4788 2686 4861 άναπαύσηται
2713 4791 2742 4842 ὁ
2778 4790 2966 4855 δοῦλός
2999 4809 3096 4845 σου
3163 4795 3258 4847 καὶ
3310 4796 3372 4847 τὸ
3432 4794 3641 4859 ὑποζύ-

2051 4898 2193 4951 γιον.
2222 4881 2389 4934 Ὠστε
2421 4884 2456 4952 ἠ
2490 4881 2585 4936 τοῦ
2638 4882 2871 4951 κτήνους
2915 4883 3224 4948 ἀνάπαυσις
3272 4887 3333 4939 ού
3383 4887 3453 4940 δι’
3505 4887 3640 4939 αὐτὸ
3724 4870 3729 4875 ’

2053 4973 2503 5045 νενομοθέτηται,
2541 4975 2676 5029 ἀλλὰ
2706 4977 2797 5031 διὰ
2821 4979 2914 5032 τὸν
2976 4979 3290 5050 ἄνθρωπον,
3349 4980 3437 5032 ἵνα
3500 4982 3639 5035 ἁνι-

2055 5066 2263 5121 πανθὲν
2296 5068 2399 5140 ἔχῃ
2430 5066 2593 5121 τοῦτο
2632 5072 2915 5127 εἰσέπειτα
2940 5074 3335 5143 ἀκμαιότερον.
3372 5073 3542 5127 Τοῦτο
3577 5074 3637 5129 δὲ

2052 5160 2145 5213 καὶ
2172 5162 2399 5230 ὁμέγας
2426 5160 2635 5225 Παῦλος
2689 5180 2846 5233 φησι,
2892 5164 3092 5233 λέγων,
3154 5166 3250 5234 Μὴ
3296 5167 3414 5220 τῶν
3465 5167 3638 5232 βοῶν

2049 5251 2218 5319 μέλει
2254 5253 2331 5317 τῷ
2389 5252 2550 5319 Θεῷ;
2621 5254 2680 5306 Ὀ
2742 5256 2797 5307 δὲ
2856 5256 3027 5327 χωρὶς
3077 5257 3324 5326 ἀνάγκης
3370 5261 3639 5327 μεγίστης

2056 5343 2250 5412 κτῆνος
2276 5345 2510 5411 εἰσάγων
2569 5347 2626 5397 ἐν
2681 5345 2835 5415 ἱερῷ,
2899 5348 3160 5416 κληρικὸς
3220 5349 3321 5418 μὲν
3383 5348 3637 5417 ὣν,καθ-

2037 5435 2411 5504 αιρεθήσεται,
2463 5434 2648 5498 iam;
2681 5437 2761 5503 δὲ,
2790 5439 3237 5507 ἀφορισθήσεται.

372 5519 585 5574 Deo“?
614 5520 713 5584 Qui
750 5536 897 5586 vero,
963 5524 1297 5577 necessitate
1356 5523 1505 5575 nulla
1555 5534 1804 5594 cogente,
1857 5526 2165 5595 iumentum
2196 5530 2339 5585 intra
2410 5532 2595 5587 temuli
2654 5542 2807 5602 septa
2874 5536 3230 5605 compulerit,
3291 5536 3639 5608 depositione

375 5616 660 5678 clericum,
697 5614 897 5669 laicum
951 5630 1080 5671 vero
1116 5619 1498 5686 segregatione
1540 5620 1722 5688 puniri
1753 5621 2034 5675 decretum
2070 5630 2172 5678 est.

447 5794 491 5825 ³⁰
527 5793 694 5849 lCor.
730 5810 805 5856 ix,
842 5793 894 5847 9.
