4062 6418
442 426 542 491 8.7
1416 420 1495 481 1N
1534 421 1696 481 CAN.
1734 416 2032 478 LXXXIX
2070 416 2279 478 CONC.
2323 414 2741 481 lNTRUlLO.
3594 407 3707 470 8A8

444 540 670 594 ΔΡΙΣΤ.
716 559 733 590 ι
757 538 926 608 Ἱεροῦ
956 538 1108 591 ἔνδον
1141 538 1243 590 οὐκ
1274 537 1559 605 εἰσάγεται
1611 535 1839 605 κτῆνος,
1871 534 1918 586 εἰ
1948 530 2023 602 μὴ

2090 529 2360 587 .ARIST.
2396 551 2414 583 ι
2453 532 2601 588 Intra
2651 544 2840 585 sacras
2887 528 3032 584 aedes
3081 528 3392 597 jumentum
3442 542 3550 580 non
3608 528 3694 579 in-

517 652 538 686 ι
569 630 986 695 καταλαϐούσης
1041 632 1101 684 ὲν
1133 628 1239 700 ὁδῷ
1295 630 1557 700 μεγίστης
1590 628 1857 696 ἀνάγκης.
1896 644 1925 677 ι

2217 644 2237 678 ι
2282 624 2639 689 troducitur,
2689 625 2796 681 nisi
2832 624 3067 680 maxima
3121 623 3178 678 in
3235 622 3320 678 via
3372 619 3700 677 necessitate

1799 733 1808 741 '
2222 739 2242 773 ι
2277 729 2527 790 cogente.
2572 735 2592 770 ο

518 813 579 865 El
601 812 656 865 δέ
680 829 763 874 τις
816 813 984 882 χωρὶς
1020 813 1287 882 ἀνάγκης,
1321 812 1572 882 εὐπορῶν
1632 811 1819 882 ἑτέρου
1857 826 2023 864 καταο

2208 810 2264 863 Si
2298 811 2423 879 quis
2453 820 2636 865 autem
2674 809 2815 865 citra
2850 809 3264 873 necessitatem,
3296 805 3443 862 aliud
3491 805 3699 860 habens

449 904 679 969 γωγίου,
719 902 869 957 ἔνδον
921 904 1016 957 τοῦ
1053 905 1200 974 ἱεροῦ
1223 905 1353 958 ναοῦ
1384 904 1447 957 τὸ
1503 902 1803 970 ὑποζύγιον
1856 902 2023 957 αὐτοῦ

2131 901 2541 963 diversorium,
2600 900 2742 954 intra
2799 915 3018 955 sacrum
3076 899 3337 967 templum
3386 898 3694 966 jnmentum

460 994 687 1059 εἰσάξει,
720 995 768 1047 εἰ
803 995 899 1062 μὲν
951 996 1211 1066 κληρικός
1236 997 1374 1061 ἐστι,
1425 993 1911 1069 καθαιρεθήσεται,
1977 993 2025 1044 εἰ

2128 1007 2283 1049 suum
2326 992 2643 1058 introducit,
2674 992 2718 1047 si
2748 992 2818 1048 sit
2851 992 3074 1062 quidem
3104 990 3337 1047 clericus
3365 988 3692 1060 deponetur:

447 1086 503 1139 δὲ
522 1087 729 1152 λαῖκὸς,
781 1088 1231 1159 ἀφορισθήσεται.

2125 1085 2209 1140 εἰη
2241 1099 2368 1141 vero
2407 1084 2607 1146 laicus,
2636 1085 3040 1153 segregabitnr.

1049 1181 1294 1235 ΚΑΝΩΝ
1327 1181 1456 1235 “9’.
2637 1177 2653 1229 l

2637 1175 2870 1232 CANON
2913 1174 3202 1230 LXXXIX.

457 1288 473 1318 t
516 1269 626 1331 Τὰς
646 1268 741 1322 τοῦ
778 1270 1048 1339 σωτηρίου
1079 1272 1285 1332 πάθους
1332 1268 1548 1340 ἡμέρας
1575 1271 1636 1324 ὲν
1657 1268 1888 1339 νηστείᾳ
1927 1268 2024 1321 καὶ

2134 1287 2151 1320 ι
2192 1268 2316 1323 Dies
2350 1271 2650 1325 salutiferae
2695 1271 2975 1327 Passionis
3001 1270 3211 1341 jejunio
3248 1276 3304 1326 et
3346 1269 3595 1323 oratione
3643 1278 3695 1321 et

519 1381 536 1411 ι
578 1365 856 1433 προσευχῇ
901 1364 999 1418 καὶ
1044 1363 1336 1427 κατανύξει
1366 1362 1593 1433 καρδίας
1615 1360 2022 1423 ἐπιτελοῦντας,

2200 1379 2219 1414 ι
2257 1364 2440 1417 cordis
2475 1365 2897 1432 compunctione
2929 1370 3250 1433 peragentes
3299 1361 3510 1420 ﬁdeles.
3546 1359 3694 1413 circa

522 1473 538 1503 ι
575 1454 680 1525 χρὴ
725 1456 851 1517 τοὺς
892 1455 1119 1519 πιστοὺς
1144 1455 1273 1525 περὶ
1300 1453 1468 1523 μέσας
1502 1455 1602 1523 τῆς
1632 1455 1759 1525 περὶ
1792 1452 1853 1506 τὺ
1882 1452 2027 1524 μέγα

2202 1473 2220 1504 ι
2259 1452 2493 1508 mediam
2529 1454 2709 1525 magni
2742 1454 2966 1509 Sabbati
3004 1465 3220 1509 noctem
3265 1452 3532 1522 jejunium
3580 1450 3693 1504 sol-

522 1562 541 1595 t
586 1544 867 1600 Σάδδατον
908 1548 1108 1611 νυκτὸς
1163 1547 1312 1618 ὥρας
1374 1545 1863 1617 ἀπονηστίζεσθαι,
1914 1551 2026 1599 τῶν

2198 1561 2217 1595 ι
2255 1558 2383 1598 vere
2434 1551 2685 1612 oportet;
2740 1560 2864 1600 cum
2898 1544 3079 1609 fdivini
3126 1542 3495 1615 evangelista,
3545 1540 3684 1595 Mat-

528 1658 544 1688 (
588 1639 752 1693 θείων
778 1640 1184 1709 εὖαγγελιστῶν
1225 1640 1512 1695 Ματθαίου
1543 1640 1639 1693 καὶ
1674 1640 1884 1704 Λουκᾶ,
1926 1637 2022 1692 τοῦ

2201 1653 2221 1688 ‹
2261 1636 2436 1691 thaens
2483 1645 2536 1691 et
2592 1636 2792 1703 Lucas,
2848 1637 2938 1693 ille
2974 1637 3192 1708 quidem
3255 1652 3353 1707 per
3410 1649 3693 1703 vesperam

526 1750 544 1783 ι
586 1733 685 1802 μὲν
727 1734 815 1788 διὰ
836 1733 928 1787 τοῦ
951 1733 1049 1803 ὀψὲ
1078 1733 1371 1788 Σαὸδάτων
1406 1734 1675 1804 ῥήματος,
1697 1732 1792 1785 τοῦ
1844 1731 1899 1785 δὲ
1936 1730 2025 1785 διὰ

2203 1745 2221 1778 ι
2263 1726 2484 1782 Sabbati
2517 1769 2532 1794 ,
2593 1729 2685 1784 hic
2735 1744 2867 1785 vero
2922 1745 3018 1798 per
3067 1729 3158 1793 id,
3210 1728 3368 1783 valde
3426 1726 3690 1791 diluculo,

525 1844 544 1877 α
570 1825 664 1878 τηῦ
689 1826 891 1897 ὄρθρου
924 1826 1140 1897 βαθέος,
1175 1826 1276 1897 τὴν
1328 1825 1637 1899 βραδύτητα
1666 1825 1767 1894 τῆς
1830 1825 2022 1888 νυκτὸς
2056 1877 2094 1899 η

1830 1825 2022 1888 νυκτὸς
2056 1877 2094 1899 η
2202 1834 2220 1868 ι
2258 1818 2438 1874 noctis
2467 1818 2628 1875 nobis
2661 1819 2983 1876 tarditatem
3015 1819 3355 1875 describant.
3387 1836 3405 1872 ι

516 1937 532 1967 ι
582 1877 1190 1989 ῆμῖνΙύπογραφόντων.
1228 1877 1242 1897 ⁸
1328 1877 1340 1898 ⁸
1364 1877 1377 1899 ⁸
1556 1877 1567 1896 ⁸
1724 1877 1764 1894 μ
2002 1877 2018 1888 υ
2053 1877 2096 1931 Β
3424 1914 3433 1919 ’

514 2009 709 2064 ΒᾹΛΣ.
744 2011 855 2064 Kal
880 2014 937 2063 ἐν
970 2011 1351 2073 άποστολικοῖς
1404 2010 1600 2066 κανόσι
1641 2011 1737 2065 καὶ
1768 2012 1827 2063 ἐν
1876 2026 2022 2064 συνο-

2200 1999 2394 2056 BALS.
2433 2002 2501 2057 Et
2530 2002 2584 2058 in
2614 2003 2934 2068 apostolicis
2975 2005 3284 2059 canonibus
3321 2013 3373 2059 et
3425 2004 3480 2057 in
3536 2020 3699 2075 syno-

450 2101 615 2163 δικοῖς
655 2102 1078 2173 νενομοθέτηται
1115 2103 1189 2175 μὴ
1259 2103 1543 2175 νηστεύειν
1605 2104 1663 2155 ὲν
1699 2101 2020 2174 Σαϐὅάτῳῆ

2126 2090 2344 2146 dalibus
2376 2099 2643 2147 statutum
2679 2101 2786 2158 est,
2820 2107 2889 2149 ne
2918 2094 2970 2147 in
2998 2092 3264 2157 Sabbato,
3296 2094 3382 2147 vel
3410 2095 3465 2148 in
3508 2094 3697 2147 Domi-

447 2187 506 2238 ἒν
538 2190 788 2262 κυριακῇ
824 2192 952 2245 ἄνευ
973 2193 1091 2258 ἐνὸς
1142 2194 1235 2247 καὶ
1265 2195 1427 2264 μόνου
1479 2193 1781 2259 Σαϐϐάτου,
1829 2194 2021 2248 τούτου

2126 2182 2275 2244 nico,
2309 2192 2510 2252 praeter
2544 2200 2710 2238 unum
2748 2193 2802 2239 et
2839 2186 3017 2242 solum
3072 2186 3396 2247 Sabbatum,
3439 2202 3695 2255 maguum

446 2280 687 2348 δηλονότι
727 2282 823 2338 τοῦ
847 2285 1109 2355 μεγάλου.
1162 2287 1325 2341 Κατὰ
1363 2287 1524 2341 τοῦτο
1563 2286 1672 2359 γὰρ
1740 2288 2024 2357 νηστεύειν

2125 2275 2692 2345 scilicet,jejunetur.
2724 2276 2784 2331 In
2845 2292 2909 2331 eo
2954 2278 3097 2332 enim
3148 2278 3283 2347 iussi
3333 2294 3526 2332 sumus
3565 2279 3699 2348 jeju-

449 2376 926 2448 προσετάχθημεν.
1007 2380 1342 2445 Ἀκολούθως
1382 2376 1476 2437 οῦν
1557 2384 1767 2446 τούτοις
1853 2391 1947 2436 και
1995 2383 2023 2434 ὁ

2128 2382 2277 2423 nare.
2307 2368 2401 2423 His
2431 2385 2562 2435 ergo
2589 2382 2997 2439 consequenter
3017 2386 3256 2441 prazscns
3282 2386 3498 2440 quoque
3523 2387 3699 2426 canon

447 2466 637 2538 παρὼν
663 2473 843 2523 κανὼν
893 2471 1095 2542 ὁρίζων
1135 2473 1279 2528 κατὰ
1308 2474 1406 2538 τὰς
1465 2474 1594 2537 ὅλας
1651 2475 1865 2545 ἡμέρας
1920 2477 2015 2529 τοῦ

2129 2468 2413 2525 statuens,
2473 2464 2733 2518 omnibus
2792 2463 2988 2519 diebus
3049 2463 3344 2519 salutifera:
3402 2463 3710 2519 Christiot

447 2561 715 2629 σωτηρίου
746 2562 952 2625 πάθους
973 2563 1070 2617 τοῦ
1094 2564 1333 2633 Χριστοῦ
1364 2567 1460 2618 καὶ
1516 2564 1655 2619 Θεοῦ
1709 2567 1869 2636 ἡμῶν
1928 2586 2021 2637 νη-

2124 2549 2221 2606 Dei
2274 2553 2450 2607 nostri
2506 2552 2787 2608 Passionis
2834 2554 3088 2623 jt-juuare
3130 2564 3385 2625 eportere
3436 2565 3488 2609 et
3543 2570 3701 2610 orare

447 2651 659 2707 στεύειν
692 2655 786 2707 καὶ
825 2656 1227 2727 προσεύχεσθαι
1257 2658 1392 2727 μετὰ
1430 2657 1801 2724 κατανύξεως,
1855 2677 2020 2713 τουτ-

2126 2657 2252 2697 cum
2286 2645 2744 2711 compunctione,
2786 2646 2837 2701 id
2866 2656 2972 2709 est,
3007 2662 3115 2701 non
3145 2648 3423 2707 simulate,
3477 2649 3532 2702 in
3583 2648 3703 2715 qui—

443 2746 561 2801 έστι
595 2745 669 2817 μὴ
726 2745 851 2801 καθ’
881 2748 1195 2819 ὑπόκρισιν,
1226 2750 1284 2802 ἐν
1330 2746 1420 2813 αἷς
1451 2750 1547 2805 καὶ
1586 2749 1649 2804 τὸ
1702 2751 1847 2821 μέγα
1894 2770 2022 2806 συν-

2131 2735 2237 2791 bus
2296 2751 2553 2806 magnum
2605 2752 2825 2808 quoque
2879 2737 3170 2793 Sabbatum
3230 2751 3700 2795 cennumcratur:

445 2838 768 2906 αριθμεῒται
816 2841 1135 2896 Σάϐϐατον·
1202 2842 1556 2912 προστίθησι,
1610 2845 1751 2898 κατὰ
1795 2844 1858 2898 τὸ
1892 2846 2023 2900 αὐτὸ

2125 2829 2340 2901 adjicit,
2376 2838 2431 2884 et
2459 2844 2524 2884 eo
2568 2830 2688 2900 ipso
2721 2846 2939 2901 quoque
2975 2831 3218 2887 Sabbato
3246 2844 3367 2903 post
3395 2849 3486 2889 sex
3537 2834 3725 2894 horas.

450 2927 729 2981 Σάϐϐατον
756 2929 898 2997 μετὰ
936 2930 997 2995 ἒξ
1015 2930 1164 3001 ὥρας
1220 2933 1323 3003 τῆς
1377 2931 1574 2996 νυκτὸς
1635 2933 2023 3005 ὰπονηστίζειν

2129 2927 2308 2979 noctis
2335 2925 2607 2995 jejunium
2668 2927 2883 2981 solvere
2936 2926 3148 2995 ﬁdeles,
3198 2941 3266 2984 eo
3319 2928 3462 2999 quod
3516 2944 3704 2985 resurp

444 3016 573 3080 τοὺς
595 3019 972 3090 πιστοτέρους,
998 3021 1089 3075 διὰ
1128 3022 1190 3075 τὸ
1217 3022 1518 3092 ἀναστῆναι
1539 3022 1633 3075 τὸν
1658 3023 1898 3092 Χριστὸν
1923 3024 2019 3078 καὶ

2124 3018 2329 3075 rexerit
2362 3018 2616 3076 Christus
2666 3019 2808 3076 Deus
2862 3030 3073 3083 noster,
3128 3022 3432 3076 secundum
3488 3022 3722 3078 divinos.

443 3110 579 3165 Θεὸν
631 3112 790 3183 ἡμῶν
840 3115 983 3167 κατὰ
1053 3115 1179 3177 τοὺς
1235 3114 1413 3178 θείους
1459 3114 1886 3183 εὐαγγελιστάς,
1926 3117 2021 3170 τὸν

2126 3110 2515 3179 evangelistas,
2578 3109 2890 3166 Matthteum
2936 3120 2990 3166 et
3044 3110 3268 3173 Lucam.
3320 3113 3464 3167 circa
3524 3115 3701 3171 noctis

443 3204 723 3257 Matﬂaiov
749 3204 962 3259 καὶτὸν
990 3206 1229 3274 Λουκᾶν,
1264 3208 1394 3277 περὶ
1458 3208 1556 3277 τὴν
1616 3208 1893 3279 μεσότητα
1921 3208 2021 3278 τῆς

2125 3201 2411 3257 dimidium
2440 3218 2455 3268 ;
2483 3217 2609 3258 cum
2649 3203 2736 3258 ille
2767 3201 2986 3272 quidem
3019 3205 3188 3268 dicat,
3211 3202 3454 3282 Vespere
3472 3204 3698 3260 Sabbati

443 3292 640 3354 νυκτός
660 3310 673 3323 ·
691 3293 766 3357 ὡς
784 3292 875 3348 τοῦ
894 3296 994 3371 μὲν
1011 3294 1281 3363 λέγοντος,
1312 3297 1459 3366 Ὀψὲ
1484 3297 1803 3352 Σαϐϐάτων
1828 3295 2020 3370 ἦλθον

2122 3303 2397 3351 venerunt
2428 3294 2612 3351 Marias
2647 3298 2714 3350 ad
2746 3295 3058 3365 sepulcrum
3114 3295 3348 3363 Domini,
3396 3306 3450 3351 et
3498 3312 3719 3366 corpus.

440 3384 504 3437 al
524 3381 741 3451 Μαρίαι
767 3385 851 3450 εἰς
878 3384 984 3438 τὸν
1005 3385 1197 3454 τάφον
1227 3387 1448 3456 Κυρίου
1475 3386 1573 3441 καὶ
1597 3389 1711 3458 οὐχ
1741 3382 1929 3456 εὗρον
1949 3386 2019 3442 τὸ

2122 3388 2246 3458 ejus
2278 3403 2386 3443 non
2444 3390 2769 3446 invenerunt
2792 3388 2879 3445 "z
2930 3388 3021 3443 hic
3068 3404 3200 3447 vero
3240 3389 3477 3451 medium
3522 3389 3700 3446 noctis

440 3473 615 3543 σῶμα
646 3475 865 3531 αὐτοῦ’
899 3475 992 3530 τοῦ
1035 3477 1093 3530 δὲ
1124 3477 1541 3549 ύπογράιροντος
1586 3479 1686 3553 τὴν
1745 3481 2021 3549 μεσότητα

2122 3480 2429 3547 describat,
2487 3497 2553 3537 eo
2612 3482 2759 3552 quod
2808 3482 2961 3547 dicit,
3020 3481 3151 3536 Erat
3211 3497 3486 3537 summum
3538 3498 3696 3537 mane

440 3569 540 3638 τῆς
570 3568 783 3635 νυκτὸς,
810 3567 899 3622 διὰ
933 3569 1027 3623 τοῦ
1057 3570 1235 3626 εἰπεῖν
1269 3589 1281 3602 ·
1312 3571 1567 3640 Ὀρθρος
1588 3567 1670 3644 ἦν
1684 3572 1884 3639 ,βαθὺς
1919 3573 2020 3628 ὅτε

2122 3576 2341 3647 quando
2377 3585 2641 3630 venerunt
2671 3575 2930 3631 mulieres
2969 3574 3032 3629 ad
3087 3574 3590 3629 monumentum".
3636 3572 3701 3628 Et

439 3666 500 3719 ai
522 3658 861 3733 γυναῖκεςῆ
874 3666 1009 3717 16ον
1032 3664 1118 3730 είς
1146 3663 1214 3717 τὸ
1234 3664 1547 3733 μνημεῖον.
1572 3666 1680 3718 Kal
1708 3664 1879 3719 ταῦτα
1918 3668 2021 3737 μὲν

2123 3668 2241 3722 haec
2264 3667 2485 3737 quidem
2518 3666 2592 3721 ita
2628 3682 2686 3721 se
2704 3666 2931 3722 habent.
2954 3664 3161 3722 Dixerit
3185 3673 3367 3719 autem
3400 3665 3697 3734 quispiam,

440 3753 639 3817 οὕτως.
676 3754 831 3808 Εἴποι
861 3754 915 3807 δέ
945 3772 1032 3818 τις
1062 3755 1160 3819 ὡς,
1212 3755 1336 3808 ἐπεὶ
1386 3758 1414 3808 ὁ
1475 3755 1657 3810 κανὼν
1714 3756 2020 3827 διορίζεται

2121 3760 2265 3829 quod
2300 3760 2559 3831 quoniam
2590 3759 2783 3814 statuit
2812 3774 3016 3825 canon,
3054 3766 3117 3814 ut
3144 3755 3400 3814 omnibus
3440 3757 3697 3812 salutaris

441 3849 537 3902 ἐπὶ
562 3849 739 3911 πάσας
787 3848 889 3911 τὰς
946 3846 1158 3919 ἡμέρας
1189 3846 1285 3901 τοῦ
1331 3849 1606 3919 σωτηρίου
1667 3849 1873 3913 πάθους
1927 3867 2019 3918 νη-

2123 3853 2405 3909 Passionis
2430 3852 2628 3908 diebus
2651 3851 2988 3925 jejunemus,
3024 3868 3222 3922 magno
3250 3860 3430 3906 autem
3462 3850 3701 3908 Sabbato

443 3940 657 3994 στεύειν
679 3940 847 4010 ἡμᾶς,
871 3938 1263 4007 ἁπονηστίζειν
1294 3939 1351 3993 δὲ
1379 3940 1524 3993 κατὰ
1543 3940 1604 3993 τὸ
1641 3941 1786 4011 μέγα
1876 3942 2019 3995 Σάόο

2117 3946 2391 4016 jejunium
2421 3946 2696 4002 aolvamns
2752 3945 2819 4000 ad
2878 3945 3111 4001 mediam
3174 3952 3414 4009 noctem,
3462 3942 3693 3999 alterum

442 4032 607 4086 σατον
654 4032 712 4084 ἐν
744 4030 865 4101 ὥρᾳ.
894 4030 1275 4101 μεσονυκτίου,
1313 4030 1609 4101 πρόκειται
1667 4032 1726 4098 ἐξ
1773 4031 2019 4102 ἀνάγκης

2121 4038 2355 4094 duorum
2395 4037 2710 4093 necessario
2737 4037 3027 4091 dicendum
3060 4022 3407 4107 proponitur,
3450 4037 3535 4090 vel
3565 4051 3687 4091 om:

439 4119 585 4175 δυοῖν
618 4122 847 4194 θάτερον
879 4122 1075 4186 εἰπεῖν,
1106 4122 1138 4191 ἦ
1168 4121 1237 4174 δι’
1271 4122 1412 4176 ὅλων
1485 4123 1596 4177 τῶν
1646 4120 1875 4194 ἡμερῶν
1922 4123 2015 4176 τοῦ

2120 4130 2286 4185 nibus
2350 4129 2645 4184 Dnminieae
2710 4128 2987 4183 Passionis
3050 4129 3265 4193 diebus,
3330 4127 3424 4200 qui
3475 4130 3724 4199 proprie.

441 4214 724 4283 Κυριακοῦ
781 4214 1006 4279 πάθους,
1042 4215 1152 4268 τῶν
1217 4214 1613 4284 ψηφιζομένων
1640 4216 1848 4286 κυρίως
1878 4215 2017 4287 μετᾶ

2121 4230 2242 4291 post
2300 4229 2551 4292 quartam
2613 4220 2802 4275 feriam
2868 4220 3276 4291 praeliniuntur,
3319 4236 3417 4274 nos
3471 4219 3697 4275 omnino

438 4307 539 4376 τὴν
566 4306 819 4377 τετράδα,
853 4306 1093 4360 καθόλου
1123 4305 1413 4376 νηστεύειν
1442 4308 1613 4377 ἡμᾶς,
1665 4309 1761 4361 καὶ
1815 4310 2018 4374 παντὸς

2116 4316 2389 4387 jejunare,
2445 4324 2499 4370 et
2561 4314 2629 4369 ab
2689 4314 2836 4368 omni
2898 4313 3022 4369 cibo
3079 4313 3357 4368 abstinere
3418 4324 3694 4384 oportere.

439 4397 742 4467 ἁπέγεσθαι
774 4396 1086 4469 βρώματος,
1125 4397 1269 4451 κατὰ
1299 4398 1461 4468 μόνον
1518 4398 1575 4451 δὲ
1606 4398 1667 4450 τὸ
1735 4399 2016 4452 Σάϐϐατον

2122 4409 2239 4466 solo
2269 4417 2452 4464 autem
2493 4405 2737 4461 Sabbato
2765 4404 3040 4476 jejunium
3100 4404 3334 4469 solvere,
3376 4413 3436 4472 ut
3488 4404 3696 4471 dictum

440 4488 855 4558 ἀπονηστίζειν,
890 4490 966 4552 ὡς
1006 4492 1242 4559 εἴρηται,
1275 4488 1307 4559 ἢ
1338 4489 1480 4543 κατὰ
1520 4490 1580 4543 τὸ
1602 4488 1843 4543 τοιοῦτον
1872 4491 2013 4544 Σάϐ-

2124 4511 2230 4567 est,
2268 4501 2349 4556 vel
2379 4504 2483 4555 hoc
2508 4499 2748 4555 Sabbato
2774 4499 2952 4567 magis
2978 4496 3499 4568 jejuniumsolvere
3533 4513 3694 4569 quam

441 4583 607 4637 δατον
640 4582 933 4637 καταλύειν
959 4583 1105 4653 ἡμᾶς
1173 4583 1334 4637 πλέον
1399 4583 1509 4637 τῶν
1568 4582 1743 4638 ἄλλων
1796 4585 2020 4655 ἡμερῶν

2089 4582 2095 4619 ’
2127 4596 2249 4651 aliis
2290 4596 2486 4650 diebus
2525 4591 2784 4650 salutaris
2816 4591 3018 4647 Christi
3046 4590 3344 4646 Passionis.
3387 4589 3511 4659 Cur;
3547 4592 3693 4644 enim

440 4674 536 4727 τοῦ
568 4673 956 4745 σωτηριώδους
996 4673 1215 4737 πάθους
1243 4674 1338 4729 τοῦ
1372 4675 1632 4745 Χριστοῦ.
1691 4676 1813 4728 Ἵνα
1836 4675 1886 4728 τί
1912 4676 2021 4746 γὰρ

2120 4698 2389 4745 statutum
2425 4694 2594 4753 esset,
2649 4694 2706 4738 ιιι
2762 4684 2941 4739 media
2991 4681 3158 4752 hujus
3224 4690 3378 4751 nocte
3428 4682 3695 4751 jejunium

439 4765 760 4835 ὡρίσθημεν
794 4764 938 4818 κατὰ
967 4762 1124 4817 τοῦτο
1149 4766 1539 4836 ἅπονηστίζειν
1571 4767 1628 4820 ὲν
1654 4767 2020 4837 μεσονυκτίῳ,

2121 4777 2422 4838 solvamus,
2448 4776 2494 4832 si
2519 4774 2776 4829 omnibus
2811 4772 2894 4828 his
2918 4772 3111 4827 diebus
3141 4771 3424 4840 aequaliter
3445 4771 3698 4845 jejuttare

440 4860 490 4911 si
544 4857 739 4929 ἐπίσης
822 4856 1108 4924 νηστεύειν
1188 4858 1460 4927 μέλλομεν
1527 4851 1672 4911 κατὰ
1730 4859 1829 4923 τὰς
1893 4860 2020 4924 ὅλας

2119 4867 2485 4924 deberemus?
2552 4865 2679 4920 Mihi
2739 4872 2923 4919 autem
2987 4862 3202 4931 videtur
3259 4879 3380 4931 esse
3434 4864 3694 4933 eximium

439 4949 699 5009 τοιαύτας
720 4948 942 5019 ἡμέρας
978 4968 996 5014 ;
1045 4947 1203 5016 Ἐμοὶ
1233 4948 1290 5002 δὲ
1328 4949 1478 5003 δοκεῖ
1505 4951 1589 5004 ὅτι
1626 4949 2021 5022 ὑπεξῃρημένη

2122 4961 2306 5029 magni
2343 4959 2566 5015 Sabbati
2594 4957 2890 5027 jejunium,
2925 4956 3158 5025 aliisque
3180 4955 3380 5025 Christi
3412 4954 3696 5017 Passionis

440 5038 591 5092 ἐστὶν
619 5041 651 5107 ἡ
687 5038 917 5108 νηστεία
951 5038 1046 5091 τοῦ
1086 5038 1323 5106 μεγάλου
1355 5039 1663 5107 Σαδδάτου,
1696 5042 1793 5097 καὶ
1825 5059 2018 5110 προτι-

2120 5056 2315 5111 diebus
2348 5052 2730 5124 praestantius,
2769 5049 3037 5127 quoniam
3073 5060 3206 5119 tunc
3242 5049 3297 5105 in
3326 5050 3582 5119 sepulcro
3609 5050 3696 5119 ja:

445 5131 677 5201 μότερον
704 5129 812 5183 τῶν
840 5130 1016 5186 ἄλλων
1047 5130 1273 5201 ἡμερῶν
1306 5130 1401 5184 τοῦ
1433 5133 1694 5201 Χριστοῦ,
1750 5134 1833 5187 ὅτι
1898 5133 2021 5187 τότε

2119 5147 2281 5201 cebat
2304 5160 2503 5214 corpus
2526 5144 2647 5211 ejus
2697 5142 2841 5213 quod
2875 5143 3050 5197 visum
3101 5149 3240 5198 erat.
3288 5140 3518 5212 Oportet
3562 5157 3692 5213 ergo

442 5222 731 5276 κατέκειτο
753 5223 810 5276 ἐν
841 5224 918 5292 τῷ
944 5223 1103 5293 τάφῳ
1124 5222 1192 5276 τὸ
1220 5222 1555 5292 τεθεαμένον
1612 5226 1773 5293 σῶμα
1830 5224 2021 5279 αὐτοῦ.

2122 5234 2176 5290 ἰη
2213 5236 2337 5290 aliis
2369 5249 2588 5304 quoque
2610 5233 2805 5289 diebus
2828 5232 3077 5302 jejunarc
3100 5246 3222 5287 enm
3247 5233 3694 5300 compunctione,

440 5316 564 5385 Χρὴ
587 5312 680 5369 οῦν
716 5316 772 5368 ὲν
800 5318 921 5379 ταῖς
950 5315 1139 5379 ἄλλαις
1170 5315 1272 5385 μὲν
1302 5315 1539 5387 ἡμέραις
1566 5315 1855 5386 νηστεύειν
1880 5317 2022 5387 μετὰ

2122 5335 2346 5397 propter
2386 5327 2722 5381 Passionem,
2753 5323 2963 5380 Christi
3013 5333 3069 5379 et
3110 5323 3205 5379 Dei
3251 5324 3424 5378 nostri
3461 5340 3476 5376 :
3524 5323 3697 5395 multo

443 5406 797 5481 κατανύξεως
823 5406 913 5459 διὰ
944 5407 1014 5461 τὰ
1065 5406 1213 5477 πάθη
1273 5407 1369 5461 τοῦ
1423 5408 1666 5479 Χριστοῦ
1744 5413 1840 5464 καὶ
1883 5410 2020 5465 Θεοῦ

2130 5427 2315 5474 autem
2350 5418 2525 5487 magis
2553 5431 2751 5487 magno
2804 5416 3071 5478 Sabbato.
3124 5415 3343 5486 quando
3393 5412 3723 5486 redemptio.

442 5500 639 5569 ἠμῶνο
699 5498 882 5569 πολλῷ
935 5499 995 5552 δὲ
1054 5499 1219 5553 πλέον
1274 5501 1414 5555 κατὰ
1469 5502 1529 5555 τὸ
1562 5502 1866 5568 Σάϐϐατον,
1933 5504 2023 5557 ὅτε

1933 5504 2023 5557 ὅτε
2125 5520 2308 5570 nostra
2344 5525 2375 5568 e
2405 5511 2598 5568 mortis
2632 5508 2868 5567 vinculis
2897 5506 3059 5582 263
3088 5507 3504 5577 adornabatur,

442 5592 476 5658 ἠ
508 5592 574 5643 ὲκ
597 5590 707 5644 τῶν
727 5588 947 5659 δεσμῶν
984 5589 1078 5643 τοῦ
1135 5591 1367 5647 θανάτου
1416 5593 1803 5665 ἀπολύτρωσις
1864 5595 2023 5667 ἡμῶν
2181 5586 2212 5605 “

441 5680 805 5753 κατηρτύετο.
1519 5682 1526 5691 ’

519 5865 561 5899 δ’
595 5866 788 5929 Matth.
834 5886 1023 5941 xxvnt,
1056 5873 1106 5928 t.
1185 5874 1228 5908 ³³
1254 5869 1389 5931 Luc.
1426 5889 1574 5942 xm.
1611 5874 1658 5929 1ο
