4062 6402
449 390 475 463 ξ
492 380 555 451 19
1709 402 1809 461 Tll
1826 403 1993 463 EOD.
2036 402 2431 465 BALSAMON
3604 406 3716 471 82)

525 499 821 572 Propterea
865 505 1013 559 enim
1058 518 1110 561 et
1165 509 1258 577 qui
1310 518 1440 564 sunt
1491 511 1861 581 religiosiores
1912 520 2025 565 toto

2154 557 2170 572 .
2206 515 2304 569 Διὰ
2336 514 2445 585 γὰρ
2477 514 2635 569 τοῦτο
2675 515 2768 568 καὶ
2803 516 2852 567 oi
2905 515 3289 589 εύλαϐέστεροι
3338 519 3408 573 δι’
3448 518 3574 572 ὅλου
3614 519 3715 572 τοῦ

396 654 399 655 ν
460 590 722 659 Sabhato,
772 604 828 659 et
877 610 1049 664 usque
1107 597 1172 650 ad
1228 598 1418 654 horam
1461 610 1670 656 sextam
1724 604 1924 667 noctis,
1978 590 2030 656 in

452 684 703 739 ecclesiis
743 686 990 741 assident
1047 708 1061 744 :
1105 698 1159 743 et
1211 690 1341 745 hora
1383 701 1536 747 sexta
1584 693 1787 749 divinis
1840 710 2032 749 sacra-

456 774 657 828 mentis
686 778 1185 845 communicantes,
1217 796 1409 849 panem
1442 792 1496 836 et
1538 799 1732 852 aquam
1783 794 2026 854 gustant,

462 863 698 920 fortasse
731 875 916 921 autem
952 878 1007 923 et
1046 871 1322 925 modicum
1370 873 1504 928 vini.
1556 874 1797 945 Septima
1844 890 2023 931 autem

454 956 588 1011 hora
654 961 959 1016 matutinas
1036 963 1370 1030 psalmodias
1428 967 1755 1031 audientes,
1807 971 2027 1039 quando

453 1051 619 1103 etiam
655 1050 827 1122 illud,
849 1052 1108 1109 Christus
1170 1058 1495 1123 resurrexit,
1529 1044 1771 1127 dicitur,
1805 1062 2026 1117 domum

455 1155 612 1193 suam
644 1151 1014 1219 revertuntur,
1046 1148 1228 1217 magni
1264 1147 1533 1203 Dominici
1558 1165 1842 1205 sacrorum
1879 1153 2030 1207 cele-

455 1231 764 1288 brationem
821 1247 1222 1307 exspectantes.
1280 1239 1435 1306 Quod
1482 1252 1663 1298 autem
1715 1259 1745 1298 a
1800 1246 2029 1312 septima

454 1321 587 1375 hora
622 1325 826 1389 noctis,
864 1342 983 1395 qua:
1028 1336 1257 1383 cstante
1290 1329 1656 1396 Dominicum,
1688 1332 1879 1403 incipit
1911 1334 2029 1389 dies

460 1414 799 1478 Dominicus.
830 1418 1184 1474 manifestum
1214 1428 1296 1474 est
1320 1437 1383 1473 ex
1408 1437 1473 1475 eo
1506 1424 1647 1491 quod
1684 1432 1837 1480 ortus
1872 1425 2028 1490 solis,

454 1507 572 1560 sive
604 1505 713 1559 diei
747 1506 1094 1577 illuminatio,
1134 1519 1218 1565 est
1267 1526 1297 1565 a
1360 1513 1590 1581 septima
1632 1515 1763 1570 hora
1813 1518 2016 1581 noctis,

449 1611 572 1663 quae
608 1611 732 1651 eum
767 1600 1050 1667 praecessit
1084 1618 1097 1655 :
1133 1602 1341 1657 clarum
1369 1613 1545 1659 estex
1585 1605 1654 1662 iis
1691 1622 1813 1675 qua;
1842 1618 2028 1663 noster

456 1700 689 1757 magnus
722 1688 882 1745 Pater
900 1690 1145 1749 Joannes
1175 1695 1600 1766 Chrysostomus
1634 1698 2026 1769 interpretatus

452 1787 559 1834 est.
608 1781 905 1852 Postquam
956 1786 1099 1840 enim
1155 1804 1218 1842 os
1268 1789 1336 1843 iis
1384 1790 1640 1853 occlusit,
1692 1793 1784 1862 qui
1836 1793 2025 1847 dicunt

449 1869 730 1927 Christum
782 1874 869 1930 die
918 1878 1081 1931 tertio
1140 1895 1248 1933 non
1306 1883 1697 1948 resurrexi'sse,
1750 1894 1803 1939 et
1858 1885 2019 1953 dixit,

448 1965 591 2035 quod
635 1966 861 2024 etiamsi
919 1969 1130 2025 dederit
1182 1971 1453 2041 quispiam
1516 1973 1807 2029 Dominum
1862 1979 2025 2033 tertio

448 2058 536 2112 die
570 2073 681 2115 non
720 2062 1120 2129 rcsurrcxisse,
1149 2066 1342 2134 gratiae
1371 2066 1546 2136 magis
1581 2082 1648 2122 eo
1696 2071 1922 2125 nomine
1974 2072 2024 2127 ei

448 2150 674 2218 agendae
707 2160 859 2215 sunt,
897 2154 1042 2222 quod
1089 2155 1253 2210 etiam
1297 2166 1423 2212 ante
1472 2159 1801 2227 praefinitum
1860 2163 2024 2217 trium

447 2240 661 2295 dierum
697 2246 993 2298 terminum
1023 2244 1278 2303 Christus
1311 2252 1699 2317 resurrexerit,
1746 2269 1908 2323 quam
1941 2266 2028 2311 est

455 2333 957 2400 reprehendendus.
992 2335 1428 2406 Reprehenderit
1455 2341 1599 2396 enim
1664 2345 1830 2400 etiam
1899 2362 2025 2402 eum

450 2424 748 2493 quispiam,
794 2428 886 2496 qui
927 2428 1124 2483 l'oenori
1178 2432 1411 2501 accepit,
1448 2435 1593 2503 quod
1636 2444 1762 2491 ante
1811 2438 2030 2507 praesti-

448 2525 627 2571 tutum
665 2517 925 2574 solutioni
973 2522 1267 2577 terminum
1312 2525 1556 2582 debitum
1594 2528 1841 2593 solverit,
1883 2532 2027 2600 quod

447 2616 534 2662 est
567 2607 867 2664 absurdum
918 2611 1066 2667 :hoc
1102 2615 1322 2683 adjicit,
1374 2617 1520 2685 quod
1571 2620 1618 2674 si
1668 2620 1717 2674 id
1773 2622 1918 2690 quod
1973 2623 2026 2677 in

449 2716 782 2770 quacunque
817 2702 950 2757 hora
982 2704 1090 2759 diei
1125 2705 1205 2771 fit,
1238 2708 1331 2777 qui
1371 2723 1399 2761 a
1429 2710 1659 2779 septima
1708 2711 1840 2768 hora
1887 2730 2029 2783 pra:-

449 2794 697 2848 cedentis
754 2795 933 2850 noctis
985 2796 1203 2867 incipit,
1237 2808 1291 2853 et
1344 2809 1500 2857 sexta
1555 2801 1691 2857 hora
1743 2806 2027 2875 sequentis

452 2886 630 2941 noctis
675 2886 899 2952 desinit,
937 2888 991 2942 in
1026 2905 1093 2943 eo
1133 2890 1255 2960 ipso
1287 2891 1373 2947 die
1403 2892 1751 2951 factumesse
1778 2898 2023 2959 videtur:

455 2987 607 3033 recte
638 2978 895 3046 dicimus,
935 2984 1079 3051 quod
1109 2984 1197 3039 die
1231 2984 1393 3040 tertio
1448 2985 1551 3042 fuit
1603 2988 1810 3046 Christi
1844 3008 2028 3048 resur-

453 3073 646 3140 rectio,
689 3082 747 3126 ut
794 3074 911 3144 ipse
945 3092 1074 3131 vere
1130 3086 1216 3133 est
1266 3079 1568 3148 pollicitus.
1613 3081 1672 3136 ln
1726 3082 2026 3141 Parasceve

2136 611 2444 678 Σαϐϐαίου,
2478 615 2576 665 καὶ
2611 612 2809 681 μέχρις
2856 612 3023 680 ἕκτης
3056 611 3205 682 ὥρας
3250 614 3353 683 τῆς
3402 613 3619 677 νυκτὸς,
3654 616 3715 667 ὲν

2134 708 2257 766 ταῖς
2290 703 2611 773 ἐκκλησίαις
2630 703 3087 774 προσεδρεύουσι·
3119 704 3378 758 καὶκατὰ
3414 705 3513 773 τὴν
3544 706 3715 774 ἕκτην

2135 793 2307 864 ὥραν,
2348 794 2459 846 τῶν
2518 794 2678 848 θείων
2740 794 3102 864 ἁγιασμάτων
3174 794 3709 864 μεταλαμϐάνοντες,

2134 887 2400 940 ἅπτονται
2430 885 2596 955 ἄρτου
2612 887 2708 939 καὶ
2741 884 2952 949 ὓδατος,
2980 886 3109 950 ἴσως
3134 887 3190 939 δὲ
3215 888 3308 939 καὶ
3323 888 3469 939 οἴνου
3494 889 3713 951 πάντως

2138 980 2389 1049 μετρίου.
2424 978 2583 1033 Κατὰ
2618 979 2675 1032 δὲ
2704 980 2800 1047 τὴν
2826 979 3062 1049 ἑϐδόμην
3085 976 3257 1049 ὥραν,
3289 979 3581 1037 ἀκούοντες
3596 980 3713 1063 τῆς

2134 1069 2368 1141 ἑωθινῆς
2400 1071 2701 1142 ύμνῳδίας,
2735 1075 2823 1126 ὅτε
2854 1073 2949 1125 καὶ
2978 1072 3061 1137 τὸ,
3107 1072 3166 1125 '0
3197 1070 3433 1142 Χριστὸς
3485 1072 3708 1141 ἀνέστη.

2134 1161 2493 1228 ἐκφωνεῖται,
2531 1160 2979 1232 ὑποστρέφουσιν
3006 1163 3088 1224 είς
3136 1165 3238 1224 τὰς
3271 1163 3557 1227 κατοικίας
3608 1164 3743 1216 αύι

2132 1253 2243 1306 τῶν
2281 1252 2384 1321 τῆς
2440 1253 2699 1323 Μεγάλης
2727 1255 3015 1323 Κυριακῆς
3049 1254 3449 1323 ίεροτελεστίαν
3504 1255 3711 1323 ἀναμέ-

2131 1359 2336 1406 νοντες.
2374 1344 2498 1398 Ὅτι
2558 1343 2616 1397 δὲ
2664 1344 2770 1397 ἀπὸ
2823 1344 2921 1413 τῆς
2961 1344 3005 1407 ζ’
3044 1344 3191 1416 ὥρας
3246 1344 3348 1412 τῆς
3388 1346 3582 1409 νυκτὸς
3610 1347 3714 1415 τῆς

2135 1435 2246 1505 πρὸ
2277 1436 2378 1506 τῆς
2404 1437 2698 1507 Κυριακῆς
2734 1437 2968 1506 ἄρχεται
3017 1440 3050 1499 ἠ
3110 1438 3485 1509 κυριὼνυμος,
3550 1440 3715 1509 δῆλον

2136 1527 2237 1595 μὲν
2268 1528 2363 1580 καὶ
2386 1527 2494 1581 ἀπὸ
2526 1528 2620 1580 τοῦ
2651 1528 2901 1595 γίνεσθαι
2933 1530 3033 1599 τὴν
3080 1530 3349 1584 ἀνάϐασιν
3377 1530 3470 1584 τοῦ
3534 1532 3709 1601 ἡλίου,

2129 1613 2301 1687 ἦγουν
2352 1621 2453 1689 τὴν
2515 1619 2715 1687 φαῦσιν
2753 1616 2854 1689 τῆς
2906 1621 3124 1691 ἡμέρας
3182 1622 3291 1674 ἀπὸ
3333 1625 3431 1690 τῆς
3477 1621 3522 1686 ζ’
3563 1622 3715 1693 ὧρας

2130 1710 2229 1780 τῆς
2255 1711 2363 1780 πρὸ
2395 1711 2566 1781 αὐτῆς
2594 1714 2812 1775 νυκτός.
2855 1712 3023 1781 Δῆλον
3054 1713 3111 1765 δὲ
3142 1710 3241 1767 κοιλ⁹
3273 1712 3368 1783 ἀφ’
3395 1706 3516 1768 ὦνὸ
3535 1715 3712 1784 μέγας

2053 1844 2101 1904 Β
2135 1801 2326 1872 Πατὴρ
2355 1804 2512 1873 ἡμῶν
2553 1804 2581 1855 6
2607 1803 2765 1873 ἅγιος
2820 1806 3077 1874 Ἰωάννης
3107 1807 3134 1856 ὁ
3178 1806 3573 1877 Χρυσόστομος
3611 1810 3712 1877 ἠρ-

2136 1896 2392 1965 μήνευσε.
2426 1895 2584 1949 Μετὰ
2631 1896 2738 1965 γὰρ
2794 1896 2857 1949 τὸ
2886 1897 3236 1967 ἐπιστομίσαι
3266 1900 3394 1962 τοὺς
3448 1898 3712 1966 λέγοντας

2131 1986 2209 2057 μὴ
2269 1987 2567 2056 ἀναστῆναι
2626 1987 2719 2041 τὸν
2752 1988 2957 2059 Κύριον
3020 1988 3177 2057 ἡμῶν
3224 1989 3434 2058 Ἰησοῦν
3476 1990 3713 2057 Χριστὸν

2127 2080 2452 2151 τριήμερον,
2486 2082 2582 2134 καὶ
2620 2082 2797 2133 εἰπεῖν
2819 2082 2917 2146 ὡς,
2953 2083 3001 2134 εί
3036 2082 3129 2135 καὶ
3151 2082 3267 2152 δοίη
3304 2100 3389 2145 τις
3437 2082 3513 2152 μὴ
3547 2085 3711 2151 τριή-

2134 2190 2303 2244 μερον
2329 2171 2629 2242 ἀναστῆναι
2671 2173 2763 2227 τὸν
2814 2174 3042 2241 Κύριον,
3095 2173 3448 2244 εὐχαριστέον
3507 2175 3711 2242 μᾶλλόν

2131 2264 2305 2328 ἐστιν,
2330 2264 2415 2317 ὅτι
2441 2263 2535 2318 καὶ
2573 2264 2681 2334 πρὸ
2708 2264 2807 2333 τῆς
2850 2263 3170 2333 ὁρισθείσης
3220 2265 3569 2333 προθεσμίας
3602 2264 3712 2315 τῶν

2130 2358 2299 2425 τριῶν
2324 2357 2552 2427 ἡμερῶν
2579 2358 2875 2427 ἐγήγερται
2926 2358 2953 2409 ὁ
2995 2356 3252 2427 Χριστὸς,
3288 2360 3381 2409 καὶ
3411 2358 3469 2409 ού
3507 2355 3712 2425 μᾶλλον

2132 2450 2429 2503 αἰτιατέον.
2487 2450 2892 2518 Ἐπιμέμφοιτο
2919 2449 3027 2519 γάρ
3061 2466 3144 2511 τις
3175 2450 3268 2501 καὶ
3311 2450 3403 2501 τὸν
3460 2449 3712 2502 δανεισά-

2134 2556 2295 2608 μενον
2325 2538 2738 2593 καταϐάλλοντα
2760 2539 2834 2607 (4)
2862 2539 2922 2591 τὸ
2950 2540 3109 2609 χρέος
3142 2540 3251 2611 πρὸ
3273 2538 3373 2611 τῆς
3395 2540 3707 2610 ὁρισθείσης

2134 2630 2484 2700 προθεσμίας
2524 2631 2606 2692 είς
2628 2629 2960 2697 καταϐολὴν,
3009 2632 3148 2702 ὅπερ
3203 2633 3424 2686 ἄτοπον·
3482 2632 3712 2701 προστί-

2132 2719 2289 2790 θησιν
2337 2718 2435 2785 ὡς,
2469 2720 2589 2773 ἐπεὶ
2633 2720 2693 2772 τὸ
2726 2722 2783 2773 ἐν
2825 2720 3118 2792 οίᾳδήποτε
3166 2720 3289 2792 ὥρα
3343 2725 3441 2791 τῆς
3498 2724 3711 2792 ἡμέρας

2130 2812 2439 2880 γινόμενον,
2495 2811 2596 2882 τῆς
2644 2812 3025 2884 ψηφιζομένης
3080 2816 3189 2867 ἀπὸ
3261 2813 3498 2884 ἑϐδόμης
3560 2813 3711 2881 ὥρας

2128 2907 2227 2976 τῆς
2258 2905 2363 2973 πρὸ
2397 2906 2570 2974 αὐτῆς
2623 2905 2840 2970 νυκτὸς,
2891 2908 2986 2960 καὶ
3020 2906 3475 2974 καταληγούσηςτ
3512 2908 3708 2976 μέχρις

2130 2995 2297 3065 ἓκτης
2331 2994 2482 3067 ὥρας
2519 2996 2615 3065 τῆς
2675 2998 2815 3065 μετὰ
2852 2996 3059 3067 ταύτην
3119 2994 3331 3059 νυκτὸς,
3371 3000 3428 3050 ἐν
3463 2998 3600 3065 αὐτῇ
3640 3000 3708 3069 τῇ

2130 3087 2314 3160 ἡμέρᾳ
2338 3084 2668 3158 γεγενῆσθαι
2713 3089 2891 3141 δοκεῖ’
2948 3089 3133 3151 καλῶς
3178 3089 3412 3156 λέγομεν
3449 3088 3526 3152 ὡς
3553 3090 3708 3158 τριήο

450 3162 596 3215 enim
635 3172 890 3221 mortuus
921 3177 1026 3235 est,
1057 3170 1153 3238 qui
1178 3179 1261 3226 est
1296 3172 1414 3228 dies
1442 3173 1653 3243 primus
1686 3194 1699 3229 :
1726 3178 2025 3242 secundus,

2137 3198 2303 3251 μέρος
2334 3180 2565 3248 γέγονεν
2593 3181 2626 3249 ή
2670 3181 2968 3243 ἀνάστασις
3000 3181 3094 3234 τοῦ
3128 3181 3397 3252 Χριστοῦ,
3438 3182 3579 3234 κατὰ
3606 3181 3708 3250 τὴν

451 3252 795 3311 Subbatum:
834 3267 889 3313 et
919 3262 1181 3330 quoniam
1222 3265 1514 3334 septimam
1572 3283 1794 3338 quoque
1836 3271 2026 3326 horam

450 3347 652 3411 noctis,
695 3364 817 3417 qua:
865 3359 950 3405 est
998 3361 1124 3407 ante
1180 3354 1545 3424 Dominicum,
1596 3360 1797 3431 attigit,
1856 3362 2024 3417 etiam

453 3433 773 3491 Dominicus
801 3438 997 3495 tertius
1032 3440 1153 3495 dies
1195 3438 1438 3510 putatur.
1472 3443 1591 3501 Jam
1626 3463 1756 3504 vero
1794 3459 2022 3506 sanctus

453 3526 755 3597 Gregorius
786 3526 1070 3599 Nyssenus
1108 3532 1175 3589 de
1198 3545 1392 3590 sancto
1424 3537 1635 3594 Pascha
1661 3541 1886 3608 docens,
1914 3543 2029 3599 haec

448 3620 901 3690 dicitexpresse:
933 3620 1175 3695 Vespera
1218 3628 1365 3683 enim
1412 3640 1553 3697 erat,
1609 3633 1829 3703 quando
1877 3652 2031 3692 man-

448 3712 711 3768 ducatum
762 3725 849 3771 est
909 3731 1126 3774 sacrum
1176 3721 1309 3776 illud
1363 3731 1416 3778 et
1463 3734 1714 3781 sanctum
1774 3744 2024 3799 corpus:

448 3821 609 3875 quam
645 3808 864 3877 quidem
899 3824 1181 3880 vesperam
1235 3830 1364 3875 nox.
1401 3832 1522 3885 qua:
1554 3817 2025 3876 Parasceveman-

452 3898 677 3971 tecedit,
706 3902 942 3971 excepit.
976 3903 1177 3959 Deinde
1210 3905 1330 3962 dics
1357 3906 1690 3965 Parasceves
1716 3912 2026 3968 introducta

454 3998 614 4045 nocte
655 3991 929 4049 discissus
967 3995 1020 4049 in
1063 4011 1227 4051 unam
1267 4009 1481 4055 noctem
1515 4012 1570 4057 et
1620 4002 1757 4058 duos
1786 4005 1905 4061 dies
1937 4022 2025 4061 re-

450 4081 697 4136 ducitur.
734 4084 933 4139 Tribus
967 4087 1111 4140 enim
1146 4088 1298 4145 boris
1332 4090 1556 4147 fuerunt
1584 4094 1821 4148 tenebrae
1859 4109 2026 4163 super

451 4168 766 4226 universam
804 4180 1006 4228 terram
1039 4176 1102 4231 ³³.
1136 4177 1259 4232 liaac
1293 4188 1377 4237 est
1409 4183 1556 4237 enim
1591 4183 1643 4236 in
1700 4184 1883 4238 medio
1918 4185 2026 4239 diei

451 4274 556 4311 nox
591 4260 870 4328 innovata,
904 4264 1042 4322 duas
1087 4269 1301 4326 dierum
1357 4274 1631 4329 sectiones
1692 4292 1787 4344 per
1835 4292 1892 4331 se
1936 4276 2030 4331 dc-

447 4351 717 4418 scribens,
752 4354 893 4411 hanc
926 4359 1148 4427 quidem
1201 4377 1230 4416 a
1267 4379 1425 4419 mane
1477 4382 1649 4429 usque
1704 4369 1768 4422 ad
1814 4377 2024 4423 sextam

452 4445 642 4499 horam
677 4462 691 4499 :
728 4447 875 4502 illam
914 4465 1044 4506 vero
1080 4452 1150 4506 ab
1175 4453 1306 4506 hora
1341 4471 1482 4509 nona
1514 4474 1685 4526 usque
1713 4458 1781 4513 ad
1832 4473 2022 4527 vespe-

2132 3271 2301 3326 αὐτοῦ
2348 3272 2555 3341 ἀψευδῆ
2591 3272 2950 3340 ἐπαγγελίαν.
3004 3273 3160 3325 Κατὰ
3214 3273 3321 3343 γᾲρ
3357 3272 3453 3343 τὴν
3518 3275 3708 3342 Παρα-

2134 3365 2335 3435 σκευὴν
2366 3364 2663 3426 ἀπέθανεν,
2699 3364 2821 3431 ἣτις
2859 3366 2977 3418 ἐστὶ
3011 3369 3200 3437 πρώτη
3229 3366 3433 3435 ἠμέρα-
3473 3366 3709 3436 δευτέρα

2132 3456 2192 3508 τὸ
2239 3455 2545 3510 Σάϐϐατον.
2597 3456 2707 3509 Καὶ
2751 3457 2872 3508 ἐπεὶ
2929 3456 3106 3526 ἥψατο
3154 3458 3249 3510 καὶ
3296 3458 3394 3525 τῆς
3472 3457 3710 3525 ἑϐδόμης

2133 3548 2280 3618 ὥρας
2320 3548 2420 3617 τῆς
2444 3548 2643 3612 νυκτὸς
2672 3550 2770 3617 τῆς
2799 3548 2905 3614 πρὸ
2937 3547 3039 3618 τῆς
3087 3546 3398 3618 Κυριακῆς,
3431 3546 3709 3615 λογίζεται

2133 3642 2230 3694 καὶ
2258 3642 2289 3709 ἡ
2327 3640 2583 3711 Κυριακὴ
2612 3640 2773 3710 τρίτη
2816 3639 3019 3710 ἡμέρα.
3056 3641 3121 3692 '0
3158 3640 3341 3708 μέντοι
3372 3638 3532 3705 ἅγιος
3558 3639 3705 3707 Γρη-

2132 3732 2314 3802 γόριος
2344 3734 2371 3784 6
2398 3732 2620 3801 Νύσσης
2683 3732 2813 3800 περὶ
2850 3730 2945 3783 τοῦ
3004 3729 3162 3797 ἁγίου
3198 3730 3387 3799 Πάσχα
3437 3728 3711 3781 διδάσκων

2133 3822 2267 3891 φησὶ
2296 3821 2469 3876 ταῦτα
2508 3823 2711 3892 ρητῶςο
2750 3822 2995 3890 Ἐσπέρα
3026 3821 3125 3891 μὲν
3149 3820 3255 3888 γὰρ
3281 3816 3350 3890 ἦν
3375 3820 3463 3872 ὅτε
3488 3818 3706 3888 ἐϐρώθη

2131 3915 2192 3967 τὸ
2233 3915 2377 3986 ἱερὸν
2402 3917 2579 3967 ἐκεῖνο
2608 3914 2702 3967 καὶ
2730 3915 2885 3982 ἆγιον
2917 3914 3077 3981 σῶμα
3100 3930 3116 3945 ο
3145 3914 3238 3979 νὺξ
3260 3914 3318 3965 δὲ
3341 3912 3439 3982 τὴν
3468 3912 3708 3980 ἑσπέραν

2132 4007 2348 4075 ἐκείνην
2372 4006 2479 4075 πρὸ
2501 4007 2603 4074 τῆς
2637 4007 3013 4076 Παρασκευῆς
3042 4004 3336 4070 διεδέξατο.
3367 4000 3501 4057 Εῑτα
3540 4005 3573 4072 ὴ
3606 4003 3706 4071 τῆς

2133 4098 2506 4167 Παρασκευῆς
2535 4098 2739 4168 ἡμέρα,
2777 4100 2842 4166 τῇ
2892 4096 3208 4164 ἐπεισάκτῳ
3256 4094 3415 4147 νυκτὶ
3470 4093 3705 4162 διατμη-

2133 4190 2310 4255 θεῖσα,
2349 4193 2429 4253 εἰς
2456 4191 2585 4261 μίαν
2620 4190 2795 4243 νύκτα
2830 4191 2925 4243 καὶ
2952 4189 3033 4251 είς
3063 4190 3275 4259 ἡμέρας
3305 4188 3400 4239 δύο
3451 4186 3701 4253 καταψηο

2131 4280 2373 4347 φίζεται.
2421 4283 2508 4335 Ἐν
2552 4282 2660 4352 γὰρ
2700 4284 2821 4344 ταῖς
2874 4284 3053 4351 τρισὶν
3082 4276 3255 4351 ὥραις
3315 4280 3533 4348 ἐγένετο
3580 4276 3707 4329 σκό-

2129 4393 2222 4437 τος
2276 4376 2369 4427 ὲπὶ
2400 4376 2583 4427 πᾶσαν
2613 4374 2711 4445 τὴν
2745 4373 3089 4443 οἰκουμένην.
3130 4372 3275 4444 Αὕτη
3309 4372 3459 4424 ἐστὶν
3494 4373 3525 4440 ἡ
3560 4370 3705 4423 κατὰ

2131 4469 2191 4522 τὸ
2217 4470 2391 4537 μέσον
2419 4470 2519 4535 τῆς
2554 4468 2770 4537 ἡμέρας
2816 4466 3279 4536 καινοτομηθεῐσα
3325 4466 3443 4529 νὺξ,
3491 4466 3558 4518 τὰ
3612 4465 3706 4518 δύο

446 4552 563 4590 ram
590 4555 603 4604 ;
635 4537 707 4593 ita
738 4556 796 4595 ιιι
827 4543 933 4597 huc
956 4560 1129 4613 usque
1154 4545 1275 4601 diue
1308 4548 1419 4601 sint
1446 4560 1634 4605 noctes
1662 4560 1717 4604 et
1747 4551 1856 4605 duo
1878 4551 2022 4606 dies.

2130 4534 2517 4631 τμῆματαξτῶν
2539 4534 2762 4629 ἡμερῶν
2787 4555 2854 4611 δι’
2878 4534 3054 4626 αὐτῆς
3075 4558 3494 4628 ύπογράφουσα,
3528 4558 3585 4610 τὸ
3608 4559 3707 4625 μὲν

453 4629 658 4685 Deinde
692 4632 809 4689 dies
844 4634 1206 4704 prmccdentis
1241 4639 1462 4695 Sabhati
1501 4639 1657 4695 habet
1685 4651 1795 4697 tres
1834 4652 2022 4700 noctes

444 4732 497 4776 et
520 4730 630 4778 tres
654 4725 791 4780 dies.

2132 4652 2244 4705 ἀπὸ
2281 4652 2379 4721 τῆς
2423 4652 2515 4703 τοῦ
2556 4649 2756 4721 ὄρθρου
2804 4651 2897 4703 ἐπὶ
2958 4650 3055 4720 τὴν
3117 4652 3285 4721 ἕκτην
3347 4651 3515 4721 ὥραν,
3547 4650 3606 4702 τὸ
3646 4650 3709 4702 δὲ

2116 4730 2236 4796 ἀπὸ
2301 4742 2401 4811 τῆς
2426 4743 2656 4810 ὲννάτης
2680 4743 2829 4811 ὥρας
2858 4741 2951 4794 ἐπὶ
2984 4743 3082 4810 τὴν
3118 4742 3380 4811 ἑσπέρανο
3405 4742 3547 4794 ὥστε
3564 4736 3709 4794 εἶναι

450 4815 614 4887 μέχρι
639 4818 833 4873 τούτου
864 4820 959 4875 δύο
1014 4822 1217 4888 νύκτας
1252 4827 1349 4880 καὶ
1399 4828 1494 4882 δύο
1525 4832 1761 4904 ἡμέρας.
1821 4830 1955 4888 Εἶτα
1996 4834 2030 4903 ἡ
2073 4836 2178 4907 πρὸ
2214 4836 2307 4890 τοῦ
2328 4837 2610 4891 Σαϐϐάτου
2650 4835 2837 4905 ἡμέρα
2859 4835 2972 4904 ἔχει
3001 4836 3100 4895 τὰς
3129 4836 3279 4904 τρεῖς
3348 4832 3549 4895 νύκτας
3610 4830 3712 4882 καὶ

443 4912 544 4976 τὰς
575 4916 725 4984 τρεῖς
754 4916 992 4986 ἡμέρας.

517 5002 775 5061 ΖΟΝΑΠ.
812 5006 939 5065 Dies
973 5009 1117 5078 illos,
1162 5016 1362 5082 quibus
1400 5015 1655 5077 Christus
1706 5022 1869 5081 Jcsus
1914 5026 2024 5081 Doo

449 5096 632 5153 minus
665 5108 855 5155 noster
895 5103 1115 5162 dolores
1143 5110 1538 5167 acerbissimos
1594 5118 1835 5184 pertulit,
1877 5119 2023 5186 jeju-

450 5183 558 5241 niis
589 5196 644 5241 et
692 5194 1119 5261 compunctione
1166 5213 1341 5253 canon
1404 5216 1433 5254 a
1491 5183 1739 5261 fidelibus
1791 5209 2020 5280 transigi

445 5288 700 5346 oportere
728 5281 993 5340 decernit.
1032 5286 1225 5344 Cordis
1260 5306 1389 5345 vero
1419 5298 1879 5365 compunctione,
1917 5300 2022 5355 hoc

445 5378 553 5435 est,
606 5379 1032 5446 compunctione
1083 5397 1189 5437 non
1239 5383 1356 5439 fore
1409 5387 1747 5456 simulatam,
1802 5406 2025 5448 externa

516 5544 560 5575 ³³
596 5544 731 5599 Luc.
762 5558 918 5611 XXIII,
953 5548 1045 5601 44.

2202 5021 2452 5077 ΖΩΝΑΡ.
2490 5018 2601 5081 Τὰς
2658 5018 2754 5070 τοῦ
2808 5016 3017 5078 πάθους
3080 5016 3292 5085 ἡμέρας
3344 5016 3438 5069 τοῦ
3501 5016 3708 5083 Κυρίου

2126 5115 2285 5183 ἡμῶν
2343 5111 2517 5180 Ἰησοῦ
2566 5110 2805 5182 Χριστοῦ
2869 5113 2928 5163 ὲν
2990 5112 3211 5179 νηστείᾳ
3264 5109 3358 5160 καὶ
3417 5108 3711 5172 κατανύξει

2125 5206 2312 5258 ἀνύειν
2357 5205 2482 5266 τοὺς
2517 5205 2745 5266 πιστοὺς
2778 5205 2805 5255 ὁ
2862 5201 3044 5256 κανὼν
3071 5203 3311 5255 ἀπαιτεῖ.
3346 5201 3437 5253 Ἐν
3474 5200 3714 5253 κατανύ-

2136 5297 2213 5361 ξει
2249 5298 2301 5350 δὲ
2331 5296 2581 5365 καρδίας,
2616 5294 2761 5348 τοῦτ’
2794 5295 2932 5358 ἔστι,
2973 5294 3045 5365 μὴ
3078 5294 3524 5365 ὐποκεκριμένην
3556 5289 3701 5347 εἶναι

2123 5393 2224 5463 τὴν
2285 5390 2578 5454 κατάνυξιν
2619 5389 2722 5452 ἔξω
2784 5387 2944 5456 μόνον
3005 5384 3367 5456 φαινομένην,
3414 5385 3560 5473 ’ἀλλὰ
3611 5387 3712 5439 καὶ

1678 5718 1861 5780 Guill.
1909 5722 2230 5798 Beveregii
2281 5730 2469 5784 notae.

516 5833 591 5905 (ι)
660 5836 1100 5907 Δανεισὰμενοι·
1161 5840 1635 5901 καταϐάλλοντα.
1706 5846 1761 5901 In
1827 5849 2014 5904 codice

2129 5852 2482 5906 norbae-hiant)
2519 5852 2718 5909 rectius
2754 5850 2952 5921 legitur
2983 5850 3376 5906 καταλαϐόντα.
