4062 6388
362 384 457 447 8‘21

1408 382 1483 438 IN
1524 379 1687 438 (IAN.
1722 377 1816 436 XC
1856 376 2066 437 CONC.
2116 377 2194 434 IN
2234 374 2559 433 TRULID.

3513 364 3616 432 iis-2

358 501 530 561 αὺτῆς
585 502 684 567 τῆς
755 501 977 566 καρδίας
1024 497 1366 564 ἁπτομένην.
1409 495 1543 562 Περὶ
1591 493 1649 545 δὲ
1680 494 1740 544 τὸ
1777 493 1939 561 μέσον

2052 501 2255 545 tantum
2282 491 2467 558 specie
2500 496 2884 556 apparentem;
2919 492 3012 541 scd
3041 504 3161 557 qua:
3195 489 3368 556 ipsius
3397 494 3614 554 quoque

356 591 461 657 τῆς
519 589 717 652 νυκτδς
764 592 856 645 τοῦ
908 591 1193 643 Σαθὲϐάτηυ
1226 585 1650 653 ἐπιφωσκούσης
1690 583 1795 647 πῆς
1827 583 1938 633 Κυ-

363 683 564 754 ριακῆς
601 683 897 752 προτρέπει
952 680 1435 749 ἀπονηστίζεσοαι,
1494 678 1614 731 ἀντὶ
1667 675 1761 729 τοῦ
1797 674 1938 745 βρώ-

364 789 501 833 σεως
533 772 841 835 ἅπτεσθαι,
874 773 948 835 ὡς
983 774 1082 843 ἤδη
1114 770 1400 839 γεγονυίας
1424 771 1521 835 τῆς
1565 768 1935 827 ἀναστάσεως.

373 867 433 917 Ὀ
477 864 573 931 μὲν
621 866 729 934 γάρ
779 864 1189 932 εύαγγελιστὴς,
1244 861 1400 931 φησὶ,
1450 861 1749 922 Ματῢαϊος,
1797 857 1937 927 Ὀψὲ

363 951 702 1015 Σαϐϐἀτων,
737 951 928 1017 εἰπὼν,
963 955 990 1005 ό
1019 951 1075 1004 δὲ
1130 952 1364 1014 Λουκᾶς,
1404 951 1647 1019 Ὀρθρου
1690 948 1940 1013 βαθέος,

365 1043 467 1112 τὴν
536 1043 847 1113 βραδύτητα
904 1046 1003 1107 τῆς
1059 1045 1249 1105 νυκτὸς
1306 1044 1440 1111 ⁴ἡμῖν
1492 1044 1939 1110 ὑπογράφουσιν,

366 1134 489 1187 ἀντὶ
551 1133 668 1196 τοῦ,
726 1134 1128 1203 παραδηλοῦσι,
1180 1133 1564 1205 παραδιδόασι.
1602 1133 1711 1187 Καὶ
1762 1132 1857 1185 νῦν
1884 1132 1942 1185 δέ

363 1243 496 1294 φασι
530 1228 657 1289 τοὺς
694 1229 754 1283 ὲν
799 1228 1203 1299 Ἱεροσολύμοις
1260 1228 1387 1281 οὔτε
1446 1228 1590 1281 κατά
1621 1227 1721 1297 τὴν
1752 1229 1939 1296 Παραο

366 1316 591 1386 σκευὴν,
614 1316 736 1372 οὔτε
770 1319 912 1371 κατά
935 1318 996 1371 τὸ
1021 1318 1301 1379 Σάϐϐατον
1329 1317 1555 1371 ἐσθίειν.
1589 1317 1699 1370 Καὶ
1728 1319 1755 1370 ὁ
1798 1316 1946 1369 Ἀλε-

377 1408 663 1477 ξανδρείας
681 1410 739 1463 δὲ
779 1410 1058 1472 Διονύσιος
1104 1411 1235 1481 περλ¹
1291 1413 1483 1465 τούτου
1532 1410 1828 1480 ἐρωτηθεὶς
1875 1410 1945 1464 τὰ

368 1498 512 1553 αὐτὰ
548 1498 895 1570 πλατύτερον
912 1501 1270 1572 ἀπεκρίνατο.

365 1760 591 1818 ΔΡΙΣΤ.
635 1782 654 1815 ι
701 1762 790 1832 Τῷ
819 1764 1041 1833 μεγάλῳ
1078 1765 1343 1836 Σαϐϐάτῳ
1380 1768 1509 1837 περὶ
1540 1768 1714 1838 μέσας
1740 1770 1942 1833 νύκτας

727 1876 746 1910 ι
791 1857 890 1927 τὴν
909 1860 1163 1927 νηστείαν
1187 1862 1520 1930 διαρκετέον.
1564 1883 1581 1915 ι

451 1949 512 2003 '0
547 1951 648 2020 μὲν
686 1952 970 2016 Ματθαῖος
1001 1953 1097 2022 ὀψὲ
1150 1956 1449 2009 Σαϐϐἀτων
1476 1957 1940 2025 ἀναστῆναιλέγει

368 2042 459 2093 τὶν
492 2042 727 2114 Κύριον·
781 2047 807 2097 ὁ
833 2045 887 2097 δὲ
919 2047 1135 2109 Λουκᾶς
1182 2047 1379 2118 ὄρθρου
1417 2048 1628 2119 βαθέος
1679 2050 1761 2103 δεῖ
1811 2049 1942 2116 γοῦν

367 2133 446 2200 τῷ
477 2135 703 2206 μεγάλῳ
745 2137 1011 2208 Σαϐϐάτῳ
1041 2139 1171 2210 ἄχρι
1231 2142 1585 2208 μεσονυκτίου
1638 2143 1939 2212 νηστεύειν,

368 2228 449 2277 κα“
483 2225 669 2281 ἔκτοτε
723 2228 1173 2299 μεταλαμϐάνειν
1199 2232 1292 2285 τὸν
1333 2231 1657 2303 βουλόμενον
1712 2237 1940 2305 τροφῆς,

368 2318 457 2371 διὰ
497 2319 556 2370 τὸ
591 2321 1038 2393 καταλαμϐάνειν
1072 2326 1135 2378 ὲκ
1160 2326 1268 2379 τῶν
1299 2327 1565 2396 ῥημάτων
1609 2329 1813 2382 τούτων
1836 2331 1944 2383 τῶν

368 2412 781 2480 εὑαγγελιστῶν
808 2414 940 2487 περὶ
970 2418 1142 2487 μέσας
1174 2418 1325 2491 ὥρας
1352 2423 1452 2492 τῆς
1476 2420 1667 2485 νυκτὸς
1701 2422 1942 2492 ἀναστῆ-

368 2521 456 2557 vat
494 2504 582 2558 τὸν
618 2506 846 2575 Κύριον.

972 2604 1209 2660 ΚΑΝΩΝ
1236 2604 1307 2674 ιε.

372 2704 392 2739 ι
437 2688 570 2752 Ταῖς
594 2692 907 2765 Κυριακαῖς
937 2698 1011 2769 μὴ
1047 2700 1177 2768 γόνυ
1217 2702 1425 2757 κλίνειν
1448 2703 1511 2757 ὲκ
1527 2704 1638 2758 τῶν
1667 2704 1945 2777 θεοφόρων

446 2804 462 2833 ι
510 2784 669 2854 ήμῶν
722 2788 984 2859 Πατέρων
1036 2793 1340 2857 κανονικῶς
1389 2795 1796 2865 παρελάϐομεν,
1847 2797 1945 2868 τὴν

448 2898 466 2929 ι
517 2879 610 2933 τοῦ
641 2882 880 2950 Χριστοῦ
917 2884 1204 2953 τιμώντων
1254 2886 1574 2941 ἀνάστασιν.
1622 2887 1711 2950 Ὠς
1761 2887 1829 2943 ἂν
1852 2887 1946 2942 οὖν

526 2972 600 3042 μὴ
632 2974 926 3044 ἀγνοῶμεν
952 2975 1011 3028 τὸ
1054 2977 1225 3047 σαφὲς
1258 2982 1359 3048 τῆς
1392 2980 1659 3047 τοιαύτης
1693 2998 1944 3051 παρατη-

531 3064 764 3133 ρήσεως,
791 3066 952 3136 δῆλον
983 3068 1097 3130 τοῖς
1136 3073 1350 3134 πιστοῖς
1386 3072 1754 3142 καθιστῶμεν,
1802 3072 1945 3127 ὥστε

526 3157 666 3224 μετὰ
697 3160 798 3228 τὴν
829 3161 884 3211 ὲν
920 3160 1000 3227 τῷ
1022 3160 1288 3232 Σαϐϐάτῳ
1316 3163 1615 3235 ἑσπερινὴν
1646 3165 1753 3219 τῶν
1787 3168 1946 3237 ἱερω-

449 2990 468 3021 ί

446 3082 467 3112 1

448 3266 468 3299 ι
530 3249 710 3319 μένων
733 3252 871 3323 πρὸς
910 3253 975 3306 τὸ
1015 3253 1413 3326 Θυσιαστήριον
1461 3257 1693 3324 εἴσοδον,
1725 3259 1864 3312 κατὰ
1888 3258 1949 3312 τὸ

449 3363 467 3394 ι
523 3346 763 3415 κρατοῦν
793 3348 937 3411 ἔθος,
975 3348 1179 3419 μηδένα
1210 3349 1341 3417 γόνυ
1384 3350 1589 3405 κλίνειν
1626 3350 1788 3422 μέχρι
1847 3352 1951 3421 τῆς

451 3456 470 3488 ι
521 3440 724 3509 ἐφεξῆς
761 3442 901 3495 κατά
926 3442 1028 3509 τὴν
1076 3443 1364 3514 Κυριακὴν
1394 3444 1664 3514 ἑσπέρας·
1715 3443 1841 3497 καθ’
1882 3446 1950 3517 ἢν

450 3550 469 3583 ‹
522 3534 659 3601 μετά
689 3533 787 3605 τὴν
817 3535 875 3587 ὲν
916 3534 996 3606 τῷ
1030 3534 1269 3605 λυχνικῷ
1314 3536 1522 3591 εἴσοδον
1550 3533 1710 3601 αὖθις
1742 3538 1811 3592 τὰ
1851 3538 1951 3605 γό-

451 3645 470 3677 ι
517 3643 653 3679 νατα
697 3628 1066 3697 κάμπτοντες,
1106 3627 1253 3682 οὕτω
1284 3629 1382 3693 τὰς
1440 3630 1604 3699 εὐχὰς
1641 3630 1718 3701 τῷ
1759 3630 1951 3703 Κυρίῳ

451 3740 470 3774 ι
521 3721 895 3792 προσάγομεν.
924 3724 1037 3791 Τῆς
1069 3724 1176 3795 γὰρ
1208 3724 1302 3777 τοῦ
1329 3725 1585 3794 Σωτῆρος
1614 3724 1770 3794 ἡμῶν
1790 3725 1952 3796 ἐγέρ-

456 3831 475 3866 ι
527 3831 665 3878 σεως
716 3815 1027 3885 πρόδρομον
1060 3814 1159 3886 τὴν
1196 3817 1332 3885 μετὰ
1381 3818 1753 3872 τδλΣάϐϐατον
1780 3816 1952 3870 νύκτα

456 3924 475 3959 ι
528 3906 1078 3977 παραλαμϐάνοντες,
1111 3907 1220 3959 τῶν
1277 3908 1466 3975 ὓμνων
1498 3907 1753 3961 ἐντεῦθεν
1785 3924 1951 3960 πνευ-

456 4016 475 4051 ι
540 3999 786 4068 ματικῶς
812 3998 1199 4069 ἀπαρχόμεθα,
1232 4000 1313 4062 εἰς
1345 3999 1462 4066 φῶς
1498 4001 1563 4052 ὲκ
1593 3999 1820 4062 σκότους
1852 3999 1950 4070 τὴν

458 4109 479 4142 ι
537 4089 736 4159 ἑορτὴν
787 4090 1217 4161 καταλήγοντες,
1253 4090 1331 4154 ὼς
1358 4091 1416 4145 ἐν
1443 4090 1729 4161 ὁλοκλήρῳ
1765 4089 1953 4145 ὲντεῦι

456 4202 476 4235 ι
527 4182 618 4235 θεν
660 4182 817 4235 νυκτὶ
868 4181 961 4234 καὶ
1014 4182 1197 4254 ἡμέρᾳ
1240 4180 1637 4252 πανηγυρίζειν
1677 4184 1823 4254 ἡμᾶς
1856 4180 1954 4251 τὴν

461 4292 480 4324 σ
534 4271 855 4324 ἀνάστασιν.
902 4288 921 4322 ι
1201 4322 1206 4327 ,

452 4365 647 4419 ΒΑΛΣ.
696 4364 753 4418 Ὀ
811 4369 859 4417 κ’
899 4361 1083 4417 κανὼν
1146 4362 1242 4431 τῆς
1277 4362 1335 4412 ὲν
1376 4361 1582 4433 Νικαίᾳ
1636 4363 1879 4431 συνόδου,
1927 4364 1955 4416 ὁ

383 4458 444 4513 ιε’
500 4455 683 4512 κανὼν
739 4458 837 4509 τοῦ
887 4456 1047 4524 ἁγίου
1112 4454 1323 4525 Πέτρου
1384 4452 1814 4524 Ἀλεξανδρείας,
1857 4456 1953 4508 καὶ
1986 4486 2030 4544 D

379 4550 441 4603 τὸ
473 4550 554 4612 κζ’
584 4548 878 4617 κεφάλαιον
923 4546 1024 4615 τῆς
1092 4545 1230 4615 πρὸς
1272 4544 1363 4599 τὸν
1424 4544 1777 4616 Ἀμφιλόχιον
1832 4548 1954 4599 ἐπι-

382 4640 576 4711 στολῆς
605 4638 701 4693 τοῦ
732 4637 972 4708 μεγάλου
1006 4635 1291 4690 Βασιλείου
1329 4634 1558 4705 (τούτων
1587 4635 1699 4705 γὰρ
1728 4638 1776 4689 οἱ
1810 4637 1957 4705 ἅγιοι

379 4734 626 4802 Πατέρες
655 4731 965 4801 μέμνηνται
1014 4729 1107 4780 καὶ
1143 4728 1438 4799 Θεοφόρους
1474 4726 1727 4798 Πατέρας
1756 4728 1957 4782 καλοῦ-

383 4825 495 4894 σιν)
527 4825 738 4895 ὥρισαν
792 4821 868 4893 μὴ
898 4820 1104 4873 κλίνειν
1143 4821 1273 4881 γόνυ
1312 4821 1370 4872 ὲν
1396 4822 1516 4882 ταῖς
1554 4820 1864 4890 Κυριακαῖς
1919 4820 1951 4891 ἢ

381 4921 441 4971 ὲν
468 4921 587 4981 ταῖς
639 4916 876 4986 ἡμέραις
900 4913 1003 4982 τῆς
1048 4914 1453 4981 Πεντηκοστῆς,
1489 4912 1827 4976 Ἀκολούϐως
1862 4908 1957 4966 οὖν

382 5010 568 5073 αὐτοῖς
601 5007 894 5078 διορίζεται
923 5006 952 5057 ό
986 5002 1181 5074 παρὼν
1213 5002 1394 5057 κανὼν
1439 5005 1706 5073 τιμᾶσθαι
1736 5005 1833 5075 τὴν
1860 5004 1953 5058 τοῦ

383 5103 594 5173 Κυρίου
635 5099 798 5168 ἁγίαν
834 5097 1155 5151 ἀνάστασιν.
1186 5095 1341 5146 Ἐπεὶ
1377 5094 1435 5147 δέ
1467 5112 1610 5159 τινες
1636 5096 1953 5167 διηπόρουν,

383 5198 507 5252 ὃθεν
555 5196 651 5249 καὶ
701 5196 764 5246 ὲκ
817 5190 974 5252 ποίας
1005 5186 1155 5258 ὥρας
1200 5188 1232 5255 ἠ
1290 5186 1648 5255 Κυριὼνυμος
1701 5187 1952 5257 ἄρχεται,

386 5290 482 5345 καὶ
516 5289 677 5359 μέχρι
701 5287 843 5348 τίνος
866 5281 1311 5353 συμπεραίνεται,
1340 5279 1673 5348 κατέστησαν
1693 5281 1784 5333 καὶ
1805 5280 1962 5333 τοῦτο

387 5381 547 5450 δῆλον
586 5380 681 5432 καὶ
736 5376 907 5443 σαφὲς
945 5375 1060 5435 τοῖς
1104 5373 1335 5433 πιστοῖς,
1399 5366 1495 5421 καὶ
1545 5366 1698 5423 εἷπον
1760 5370 1964 5440 ταύτην

389 5473 659 5543 ἄρχεσθαι
694 5468 832 5538 μετὰ
869 5467 966 5537 τὴν
1014 5466 1305 5534 ἑσπερινὴν
1342 5462 1622 5532 ὑμνῳδίαν
1678 5463 1772 5515 τοῦ
1819 5465 1960 5518 Σαϐ-

392 5566 581 5629 ϐάτου,
620 5561 714 5615 καὶ
760 5558 1096 5627 καταλήγειν
1140 5555 1301 5625 μέχρι
1356 5555 1453 5622 τῆς
1512 5554 1962 5624 συμπληρώσεως

390 5657 486 5712 τοῦ
520 5652 800 5727 λυχνικοῦ,
856 5651 974 5720 ἦτοι
1025 5648 1118 5701 τοῦ
1162 5647 1451 5717 ἐσπερινοῡ
1510 5646 1607 5717 τῆς
1654 5649 1957 5719 Κυριακῆς,

469 5840 514 5872 ³⁸
545 5838 734 5895 Matth.
764 5854 956 5904 nvui,
980 5837 1025 5894 l.
1106 5837 1151 5870 ³⁵
1174 5839 1307 5895 Luc.
1334 5856 1480 5901 xxiv,
1516 5840 1565 5896 l.
1592 5872 1593 5875 η

1974 1817 2025 1873 Β

2054 582 2239 636 cordis
2271 581 2576 651 penetralia
2610 582 2912 649 contingat.
2950 581 3183 635 Circitcr
3216 595 3343 633 vero
3384 580 3612 631 mediam

2042 672 2262 727 Sabbati
2300 682 2541 735 noctem,
2576 688 2740 741 quam
2792 673 2909 726 dies
2942 686 3065 725 mox
3106 670 3421 724 Dominicus
3466 669 3616 722 exci-

2045 765 2143 834 pit,
2176 764 2241 818 ad
2271 765 2526 818 solvenda
2552 764 2784 834 jejunia,
2820 763 2921 817 hoc
2950 770 3054 826 est,
3100 762 3203 816 cibi
3257 761 3462 829 aliquid
3519 776 3615 814 su-

2046 856 2330 920 mendum,
2361 856 2518 926 quasi
2571 855 2816 910 redivivo
2859 854 2970 923 jam
3025 868 3054 906 a
3102 853 3331 906 mortuis
3377 851 3614 913 Christo,

2047 949 2261 1002 invitat.
2283 946 2418 1001 Nam
2449 946 2782 1014 evangelista
2815 944 3057 1014 quidem,
3086 942 3283 1012 inquit,
3310 942 3614 1003 Matthmns,

2052 1039 2295 1109 Vespere
2345 1036 2653 1097 Sabbati”,
2706 1051 2831 1088 cum
2885 1033 3118 1097 dixerit;
3175 1030 3350 1086 Lucas
3405 1038 3610 1090 autem,

2044 1131 2213 1186 Valde
2270 1129 2591 1193 diluculo”,
2645 1129 2824 1183 noctis
2879 1125 3027 1179 illius
3082 1124 3392 1178 tarditatem
3459 1118 3617 1174 nobis

2045 1223 2392 1285 describunt,
2422 1221 2523 1275 hoc
2562 1228 2669 1285 est,
2704 1219 3037 1287 signiﬁcant,
3076 1214 3348 1269 indicant.
3392 1212 3457 1266 Et
3490 1227 3617 1263 vero

2047 1330 2192 1369 nunc
2224 1328 2444 1384 quoque
2488 1313 2665 1375 aiunt,
2698 1325 2792 1366 eos
2823 1311 2915 1379 qui
2966 1304 3360 1376 Hierosolymis
3389 1303 3616 1370 degunt,

2045 1421 2226 1477 neque
2280 1416 2394 1461 toto
2446 1405 2809 1469 Parasccves,
2864 1417 3039 1472 neque
3081 1398 3300 1455 Sabhati
3352 1395 3459 1459 die,
3510 1395 3620 1448 cibi

2047 1498 2253 1567 aliquid
2283 1500 2598 1567 degustare.
2654 1496 2722 1549 Et
2776 1494 3067 1564 Dionysius
3122 1503 3345 1560 quoque
3384 1487 3620 1540 Alexan—

2046 1593 2265 1654 drinus,
2300 1606 2423 1644 cum
2465 1604 2531 1644 ex
2565 1602 2630 1641 eo
2661 1588 2727 1643 de
2778 1588 2879 1641 hac
2916 1601 2976 1639 re
3024 1588 3383 1653 quaereretur,
3429 1578 3618 1633 eadem

2048 1686 2162 1739 haec
2193 1685 2371 1739 fusius
2405 1682 2673 1752 explicata
2706 1677 3009 1748 respondit.

2047 1776 2273 1832 ARIST.
2311 1795 2328 1826 ι
2353 1774 2547 1845 Magno
2584 1772 2822 1827 Sabbato
2857 1783 3033 1838 usque
3062 1768 3125 1823 ad
3147 1766 3382 1821 mediam
3407 1771 3618 1817 nmtctn

2318 1887 2335 1919 ι
2383 1869 2435 1922 in
2466 1867 2676 1935 jejunio
2729 1860 3184 1934 perseverandum
3217 1866 3318 1912 est.
3349 1875 3366 1909 ι

2120 1961 2414 2017 Matthzrus
2458 1959 2677 2029 quidem
2714 1969 2944 2025 vespere
2971 1951 3199 2006 Sabbati
3248 1947 3621 2002 resurrexissc

2045 2055 2183 2109 dicit
2241 2055 2533 2110 Dominum
2585 2071 2598 2107 :
2666 2052 2845 2106 Lucas
2907 2056 3089 2103 autem
3150 2045 3306 2099 valde
3358 2041 3618 2098 diluculo.

2045 2146 2240 2217 Magno
2277 2147 2461 2213 itaque
2496 2142 2735 2199 Sabbato
2777 2156 2949 2210 usque
3001 2137 3069 2193 ad
3124 2134 3353 2190 mediam
3401 2139 3611 2187 noctem

2046 2245 2261 2308 oportet
2327 2236 2600 2306 jejunare,
2651 2244 2707 2290 et
2760 2242 2909 2297 tunc,
2946 2231 3038 2299 qui
3093 2228 3231 2292 vult,
3290 2226 3608 2280 alimentum

2047 2348 2286 2397 sumere,
2338 2334 2601 2404 quoniam
2653 2347 2719 2385 ex
2770 2329 2953 2385 verbis
2988 2326 3099 2381 illis
3149 2322 3610 2393 evangelistarum

2048 2428 2274 2482 circiter
2307 2426 2516 2481 medias
2568 2422 2753 2479 noctis
2810 2422 2976 2475 horas
3025 2415 3399 2474 resurrexisse
3434 2411 3621 2466 Domi-

2048 2536 2181 2575 num
2215 2517 2704 2588 deprehendimus.

2523 2606 2686 2679 234
2718 2603 2950 2662 CANON
2986 2601 3100 2659 xc.

2054 2721 2073 2751 ι
2116 2701 2417 2757 Dominicis
2448 2717 2589 2771 genu
2642 2717 2749 2755 non
2804 2698 3025 2753 ﬂectere
3080 2711 3111 2750 a
3160 2692 3361 2749 divinis
3420 2690 3624 2745 nostris

2124 2815 2141 2846 ί
2172 2794 2445 2857 Patribus,
2471 2795 2674 2849 Christi
2699 2791 3159 2848 resurrectionem
3184 2785 3619 2846 honorantibus,

2130 2905 2148 2937 ι
2193 2887 2461 2942 canonice
2490 2888 2829 2956 accepimus.
2871 2883 2949 2937 Ne
2979 2896 3110 2949 ergo
3161 2879 3326 2948 hujus
3367 2877 3626 2931 observa-

2127 2999 2143 3033 ι
2187 2982 2353 3036 tionis
2379 2980 2707 3035 evidentiam
2766 2978 3110 3047 ignoremus,
3165 2971 3420 3026 ﬁdelibus
3448 2968 3627 3020 mani-

2128 3092 2146 3124 ι
2188 3072 2386 3127 festum
2429 3071 2684 3131 facimus,
2744 3068 2891 3138 quod
2935 3073 3058 3135 post
3108 3062 3483 3132 vespertinum
3530 3074 3627 3112 sa—

2131 3185 2149 3216 ι
2187 3166 2470 3221 cerdotum
2537 3163 2602 3218 ad
2658 3161 2833 3217 altare
2877 3159 3117 3214 Sabbato
3169 3156 3506 3225 ingressum,
3557 3167 3622 3228 ex

2129 3277 2146 3308 ι
2186 3255 2584 3312 consuetudine
2611 3269 2733 3323 quae
2759 3259 3038 3316 servatur,
3073 3260 3244 3303 nemo.
3264 3261 3404 3316 genu
3436 3242 3625 3299 ﬂectat

2130 3368 2147 3401 ι
2189 3365 2361 3419 usque
2396 3347 2462 3402 ad
2500 3354 2818 3417 sequentem
2861 3356 3145 3413 vesperam
3191 3340 3248 3395 in
3292 3339 3382 3395 die
3439 3337 3623 3392 Domi-

2131 3465 2147 3496 ι
2190 3443 2314 3497 nico
2342 3459 2355 3495 :
2394 3440 2449 3495 in
2477 3455 2582 3510 qua
2609 3447 2734 3509 post
2759 3439 3068 3508 ingressum
3102 3434 3155 3488 in
3188 3429 3504 3501 vespertino
3531 3441 3625 3482 seu

2133 3555 2151 3588 σ
2193 3534 2575 3603 completorio,
2625 3545 2802 3602 genua
2842 3544 3036 3583 rursus
3090 3524 3369 3581 ﬂectentes
3398 3519 3628 3575 Domino

2131 3649 2148 3679 ι
2194 3641 2383 3698 preces
2436 3625 2517 3681 sic
2551 3623 2859 3678 oﬂ‘criinus.
2902 3618 3210 3675 Servatoris
3252 3616 3401 3671 enim
3457 3612 3627 3667 nostri

2132 3740 2149 3771 ι
2190 3716 2613 3775 resurrectionis
2663 3715 2834 3770 veluti
2904 3725 3303 3784 praecursorem
3364 3716 3625 3767 noctem,

2133 3835 2150 3866 ι
2194 3830 2315 3884 quae
2384 3819 2508 3883 post
2567 3810 2866 3865 Sabbatum
2935 3807 3068 3869 fuit,
3111 3803 3474 3871 accipientes,
3525 3802 3626 3869 hy-

2132 3927 2149 3959 ι
2193 3923 2348 3962 mnos
2379 3908 2447 3961 ab
2481 3921 2541 3959 ea
2573 3903 2930 3974 spiritualiter
2964 3898 3280 3969 incipimus,
3311 3894 3505 3949 festum
3559 3907 3626 3946 ex

2138 4020 2155 4052 ι
2200 3998 2444 4054 tenebris
2491 3998 2544 4053 in
2595 3997 2771 4051 lucem
2821 3992 3284 4051 transmittentes.
3317 3992 3373 4041 ut
3416 3987 3466 4039 in
3508 3999 3627 4054 per-

2139 4111 2157 4143 c
2198 4092 2342 4146 fecto
2379 4099 2433 4144 et
2464 4090 2673 4158 integro
2704 4086 2792 4141 die
2824 4100 2891 4139 ac
2923 4093 3082 4137 nocte
3118 4096 3219 4135 nos
3272 4077 3400 4133 inde
3446 4090 3629 4130 resur-

2120 4166 2155 4236 ἰ
2201 4185 2497 4239 rectionem
2528 4180 2891 4234 celebremus.
2932 4194 2951 4226 ι

2133 4362 2328 4417 BALS.
2383 4360 2691 4415 Vicesimus
2756 4371 2932 4410 canon
2989 4353 3206 4407 Nicena:
3278 4347 3498 4421 synodi,
3557 4347 3629 4399 93

2058 4472 2235 4512 canon
2276 4453 2451 4509 sancti
2478 4451 2623 4507 Petri
2657 4445 3036 4509 Alexandrini,
3066 4454 3118 4499 et
3170 4442 3238 4497 27
3300 4454 3623 4509 responsum

2056 4548 2297 4618 epistolae
2337 4546 2514 4615 magni
2579 4541 2765 4597 Basilii
2803 4540 2869 4594 ad
2919 4535 3363 4608 Amphilochium
3405 4531 3624 4600 (horum

2060 4641 2204 4695 enim
2239 4636 2414 4691 sancti
2448 4634 2642 4688 Patres
2676 4632 3067 4692 meminerunt,
3105 4636 3159 4683 et
3187 4628 3401 4682 divinos
3430 4623 3620 4677 Patres

2058 4730 2360 4802 appellant)
2396 4735 2731 4792 statuerunt,
2783 4740 2926 4796 genu
2980 4736 3085 4776 non
3125 4736 3249 4776 esse
3299 4716 3627 4773 ﬂectendum

2058 4825 2115 4877 in
2157 4822 2351 4876 diebus
2404 4819 2726 4881 Dominicis,
2774 4815 2857 4869 vel
2906 4814 2963 4868 in
3006 4811 3202 4867 diebus
3253 4808 3626 4863 Pentecostes.

2063 4914 2160 4969 His
2211 4928 2342 4984 ergo
2388 4917 2793 4978 consequenter
2843 4904 3091 4962 decernit
3133 4914 3353 4971 quoque
3387 4910 3629 4967 prtesens

2067 5020 2269 5070 canon,
2303 5012 2551 5059 sanctam
2591 5000 2805 5054 Domini
2852 4995 3309 5053 resurrectionem
3362 5003 3488 5045 esse
3535 4987 3632 5039 ho-

2060 5094 2387 5151 norandam.
2423 5092 2691 5158 Quoniam
2748 5096 2931 5144 autem
2976 5084 3223 5141 nonnulli
3277 5081 3631 5139 dubitabant,

2063 5190 2207 5244 unde
2230 5196 2285 5243 et
2317 5203 2381 5241 ex
2413 5201 2646 5256 quanam
2677 5185 2812 5238 hora
2855 5182 3173 5235 Dominicus
3229 5178 3445 5246 incipit,
3476 5182 3531 5229 et
3562 5171 3629 5226 ad

2062 5294 2225 5349 quam
2256 5293 2432 5347 usque
2465 5278 2794 5345 completur,
2831 5273 2936 5328 hoc
2968 5286 3186 5341 quoque
3230 5268 3479 5323 ﬁdelibus
3516 5280 3630 5317 ma-

2060 5373 2266 5427 nifeste
2306 5379 2360 5426 et
2386 5371 2675 5440 perspicue
2712 5368 3086 5429 declararunt,
3123 5370 3178 5416 et
3209 5362 3470 5416 dixerunt
3505 5371 3632 5410 eum

2061 5463 2304 5533 incipere
2337 5470 2459 5533 post
2493 5462 2859 5531 vespertinam
2893 5457 3121 5513 Sabbati
3170 5452 3543 5525 hymnodiam,
3574 5455 3632 5502 et

2061 5556 2314 5613 desinere
2367 5557 2432 5609 ad
2502 5554 2966 5624 complementum
3024 5549 3364 5620 lychnicum,
3420 5544 3470 5597 id
3523 5554 3627 5603 cst.

2064 5650 2362 5720 vespertini
2394 5648 2554 5705 oﬁicii
2589 5647 2907 5703 DOIlilniCtC.
2944 5642 3006 5697 Et
3039 5650 3173 5697 tunc
3203 5639 3447 5709 quidetn,
3480 5637 3630 5691 scili-
