4062 6404
468 343 577 414 823
1696 362 1971 422 THEOD.
2006 361 2405 427 BALSAMON
3621 372 3736 437 εει

469 479 557 522 eet
588 479 708 538 post
764 472 1133 539 vespertinum
1188 474 1415 529 Strbbat'r
1464 492 1637 548 usque
1686 480 1749 533 ad
1804 482 2030 551 comple

2160 486 2266 540 Καὶ
2293 488 2415 541 τότε
2469 492 2588 562 μὲν,
2632 495 2802 563 ἤγουν
2840 494 2979 565 μετά
3013 495 3074 548 τὸ
3120 496 3410 568 ἑσπερινῦν
3440 494 3532 548 τοῦ
3590 494 3739 547 Σαῆδ

470 570 722 615 mentum
756 565 1056 631 vespertini
1091 566 1414 636 Dominicae,
1473 586 1651 641 genua
1684 573 1904 628 ﬂectere
1936 568 2030 627 tier

2153 577 2320 633 ϐάτου
2346 580 2525 653 μέχρι
2551 585 2916 655 περατὼσεως
2955 585 3049 639 τοῦ
3079 565 3369 656 ἑσπερινοῦ
3393 586 3494 656 τῆς
3516 587 3732 654 Κυρια-

468 660 763 719 Oportere,
818 664 1048 725 propter
1096 657 1303 715 Christi
1366 664 1825 719 resurrectionem
1862 681 1881 717 :
1929 681 2025 736 pos

2150 674 2276 742 κῆς,
2317 676 2390 745 μὴ
2421 677 2625 732 κλίνειν
2678 680 2807 747 γόνυ
2838 680 2926 733 διὰ
2963 680 3064 748 τὴν
3091 682 3183 734 τοῦ
3216 680 3458 751 Χριστοῦ
3488 680 3734 733 ἀνάστα·

467 742 768 799 Dominicae
798 763 930 803 vere
956 750 1295 820 lychnicum,
1326 769 1503 825 genua
1552 772 1767 811 rursum
1824 756 2045 814 ﬂectere
2083 751 2089 757 ’

471 844 526 889 et
555 850 745 905 preces
780 837 889 895 Deo
922 840 1223 899 edundere.
1255 846 1333 900 Ad
1373 846 1537 915 hujus
1567 856 1746 903 autem
1780 850 1861 906 rei
1911 866 2046 906 eon-

464 928 834 986 ﬁrntationeru
905 935 1093 1004 adjicit
1150 953 1350 1001 canon.
1414 942 1561 1009 quod
1621 941 1828 996 Christi
1877 945 2041 999 etiam

468 1025 803 1078 resurrectio
835 1041 1062 1095 vespere
1101 1028 1352 1094 Sabbati,
1390 1033 1493 1087 hoc
1552 1043 1659 1100 est,
1712 1044 1841 1089 ante
1897 1036 2041 1091 diem

466 1113 819 1172 Dominicum
857 1121 1067 1175 exstitit
1100 1124 1420 1191 :utzl‘estum
1463 1140 1529 1180 ex
1569 1126 1809 1183 tenebris
1848 1127 1902 1181 in
1957 1128 2043 1182 lu-

465 1224 585 1263 cem
635 1209 955 1279 desineret,
1005 1224 1060 1269 et
1113 1217 1411 1273 celebratio
1468 1221 1893 1277 resurrectionis
1946 1238 2044 1291 per

465 1302 739 1373 integrum
794 1306 937 1361 diem
971 1308 1353 1379 integramque
1404 1320 1621 1368 noctem
1684 1314 1856 1369 ﬁeret.
1900 1312 2039 1368 Cum

463 1393 581 1448 haec
616 1395 699 1449 ita.
720 1412 782 1451 se
816 1396 1079 1466 habeant,
1111 1400 1313 1455 dixerit
1336 1402 1632 1472 quispiam,
1663 1418 1726 1459 ea
1757 1419 1877 1475 qum
1909 1413 2040 1459 sunt

463 1484 519 1537 in
573 1488 835 1555 praesenti
898 1504 1112 1544 canone
1165 1505 1471 1561 repugnare
1524 1494 1785 1550 doctrina:
1832 1510 2040 1566 praece-

462 1579 642 1634 dentis
684 1581 934 1635 canonis.
970 1580 1089 1635 illic
1118 1582 1265 1636 enim
1295 1582 1498 1638 dictum
1536 1593 1643 1651 est,
1674 1586 1817 1642 diem
1850 1588 2032 1643 Domi-

463 1671 650 1723 nicum
732 1675 1010 1727 numerari
1086 1689 1115 1726 a
1186 1677 1411 1745 septima
1480 1678 1617 1733 hora
1679 1680 2037 1749 praecedentis

464 1763 669 1827 noctis,
719 1772 775 1817 et
814 1765 947 1818 hora
1011 1775 1163 1821 sexta
1213 1768 1498 1838 sequentis
1545 1772 1722 1825 noctis
1756 1772 2031 1827 desinere.

462 1851 619 1907 Nunc
651 1864 834 1909 autem
875 1854 1155 1911 decretum
1208 1865 1317 1923 est,
1368 1859 1723 1916 Dominicum.
1755 1866 2036 1921 numerari

460 1955 585 2015 post
610 1946 923 2017 lychnicum
957 1948 1212 2016 Sabbati,
1254 1958 1308 2005 et
1340 1951 1595 2008 desinere
1622 1969 1852 2025 vespera
1882 1956 2038 2027 ejus-

461 2038 585 2092 dem
624 2040 791 2094 etiam
825 2039 1147 2098 Deminicae.
1177 2043 1298 2099 Non
1334 2054 1463 2100 sunt
1495 2055 1679 2101 autem
1735 2050 2037 2107 contraria.

462 2133 509 2185 Α
545 2132 786 2187 naturali
811 2135 955 2188 enim
996 2136 1307 2191 cmlestiuut
1341 2152 1636 2208 corporum
1685 2150 1858 2205 motu,
1893 2150 1946 2197 et
1972 2157 2037 2198 ex

462 2224 531 2275 iis
561 2240 683 2291 qute.
736 2240 968 2293 magnus
1020 2226 1269 2284 Damasci
1318 2228 1511 2286 doctor
1565 2231 1766 2301 inquit,
1816 2233 1937 2290 dies
1966 2235 2039 2290 ita

463 2316 656 2384 incipit
686 2327 740 2372 et
772 2318 1000 2384 desinit,
1033 2321 1177 2375 sicut
1228 2322 1282 2376 in
1316 2322 1385 2379 89
1431 2337 1644 2379 canone
1680 2326 1888 2382 dictum
1930 2337 2037 2385 est.

458 2412 710 2469 Praesens
743 2422 925 2469 autem
972 2431 1148 2471 canon
1187 2418 1443 2474 similiter
1468 2418 1668 2489 iubens
1717 2438 1812 2491 per
1861 2431 2034 2478 totum

460 2507 566 2561 diei
596 2515 649 2561 et
684 2509 862 2563 noctis
892 2509 1132 2579 spatium
1162 2527 1262 2567 nos
1296 2511 1511 2568 Domini
1566 2518 2028 2573 resurrectionem

459 2597 765 2662 celebrare,
804 2615 912 2654 non
943 2601 1151 2656 habens
1187 2609 1369 2658 autem
1413 2619 1641 2663 necesse
1672 2616 1801 2661 tunc
1835 2609 2035 2665 docere

457 2687 761 2745 dediurno
809 2694 1008 2762 spatio,
1060 2694 1155 2748 sed
1209 2697 1489 2765 quomodo
1552 2707 1605 2755 et
1659 2702 1878 2770 quando
1916 2689 2038 2759 nos

461 2789 681 2849 oportet
732 2783 796 2835 ad
858 2783 983 2838 festi
1051 2785 1476 2843 celebrationem
1540 2799 1596 2846 et
1653 2797 2032 2863 pmnitentiam

458 2889 813 2944 componere,
874 2875 1031 2937 dicit.
1068 2880 1213 2949 quod
1270 2890 1394 2949 post
1450 2883 1761 2954 lychnicum
1806 2887 2031 2945 Sahhati

452 2982 540 3025 ea.
596 2984 719 3036 qua:
788 2969 855 3024 ad
902 2975 1330 3030 resurrectionis
1379 2975 1579 3032 l‘estum
1640 2981 2028 3037 celebrandum

452 3060 757 3127 pertinent,
788 3067 1169 3133 componenda
1220 3082 1285 3121 ac
1313 3071 1554 3135 paranda
1592 3079 1723 3126 sunt
1765 3092 1779 3130 :
1839 3075 1913 3129 ita
1975 3085 2027 3131 et

2152 783 2237 819 σιν
2260 782 2271 794 ·
2306 768 2445 835 μετά
2472 768 2529 821 δὲ
2567 769 2628 822 τὸ
2660 768 2911 840 λυχνικδν
2969 769 3069 840 τῆς
3105 770 3393 841 Κυριακῆς
3454 764 3611 830 αὖθις
3658 770 3729 822 τὰ

2147 858 2353 926 γόνατα
2415 859 2692 930 κάμπτειν
2755 864 2849 915 καὶ
2902 863 2982 932 τῷ
3034 864 3228 932 Κυρίῳ
3294 860 3729 933 προσεύχεσθαι.

2150 950 2486 1019 Προστίθησι
2520 951 2577 1005 δὲ
2608 953 2686 1015 si;
2739 954 3087 1023 κατασκευὴν
3121 954 3318 1008 τούτου
3347 954 3377 1007 6
3422 952 3605 1007 κανὼν
3624 953 3725 1007 ,ὅτι

2147 1042 2243 1093 καὶ
2286 1044 2318 1109 ἡ
2352 1043 2655 1107 ἀνάστασις
2708 1045 2803 1099 τοῦ
2856 1046 3098 1116 Χριστοῦ
3154 1046 3297 1100 κατὰ
3342 1046 3439 1115 τὴν
3483 1044 3729 1114 ἑσπέραν

2145 1131 2240 1185 τοῦ
2275 1134 2580 1201 Σαὸὄάτου,
2613 1136 2864 1191 τουτέστι
2892 1138 3000 1208 πρὸ
3028 1139 3128 1208 τῆς
3146 1137 3361 1209 ἡμέρας
3384 1136 3484 1199 τῆς
3511 1137 3732 1205 Κυρια-

2146 1228 2272 1296 κῆς,
2305 1226 2559 1295 γέγονεν,
2592 1229 2679 1283 ἵνα
2728 1229 2838 1282 ἀπὸ
2868 1230 2965 1283 τοῦ
3013 1230 3240 1294 σκότους
3274 1229 3343 1283 τὰ
3386 1229 3486 1297 τῆς
3534 1228 3733 1299 ἑορτῆς

2150 1319 2501 1389 καταλήξωσι
2547 1323 2685 1393 πρὸς
2724 1321 2864 1391 φῶς,
2927 1322 3022 1377 καὶ
3046 1324 3081 1393 ἡ
3112 1322 3425 1392 πανήγυρις
3472 1322 3569 1387 τῆς
3603 1321 3737 1373 ἀνα-

2146 1413 2394 1476 στάσεως
2420 1414 2639 1484 γίνηται
2664 1414 2755 1467 διὰ
2780 1414 3075 1484 ὁλοκλήρου
3109 1412 3481 1485 νυχθημέρου.
3504 1412 3731 1466 Τούτων

2142 1503 2318 1569 οὕτως
2340 1505 2592 1576 ἑχόντων,
2623 1506 2764 1559 εῐποι
2791 1524 2878 1570 τις
2901 1506 3274 1561 ἐναντιοῦσθαι
3304 1508 3373 1560 τὰ
3396 1508 3454 1559 ὲν
3478 1505 3557 1575 τῷ
3582 1522 3659 1557 πα
3670 1522 3733 1575 ρ-

2140 1596 2258 1649 όντι
2300 1597 2485 1649 κανόνι
2518 1599 2584 1669 τῇ
2612 1596 2928 1666 διδασκαλίᾳ
2952 1596 3043 1650 τοῦ
3074 1595 3445 1669 προλαϐόντος
3479 1596 3727 1654 κανόνος.

2154 1687 2303 1741 Ἐκεῖ
2334 1686 2434 1755 μὲν
2479 1687 2589 1760 γὰρ
2613 1688 2829 1759 είρηται
2875 1686 2974 1759 τὴν
3008 1686 3355 1760 κυριώνυμον
3384 1684 3732 1757 ψηφίζεσθαι

2144 1778 2250 1831 ἀπὸ
2277 1779 2375 1848 τῆς
2405 1776 2450 1843 ζ’
2477 1779 2627 1852 ὧρας
2652 1782 2753 1847 τῆς
2790 1777 2897 1850 πρὸ
2946 1778 3117 1848 αὐτῆς
3147 1779 3361 1839 νυκτὸς,
3398 1778 3497 1831 καὶ
3557 1792 3724 1830 κατα-

2146 1869 2341 1937 λήγειν
2392 1870 2558 1940 μέχρι
2607 1870 2707 1939 τῆς
2737 1868 2906 1940 ἕκτης
2936 1868 3086 1940 ὥρας
3110 1869 3205 1922 καί¹
3243 1867 3416 1937 αὐτῆς
3450 1868 3551 1936 τῆς
3587 1866 3730 1937 μετά

2146 1962 2355 2032 ταύτην
2402 1962 2618 2026 νυκτός·
2651 1962 2857 2033 ἀρτίως
2910 1963 2965 2015 δὲ
3003 1961 3251 2015 δέδοκται
3302 1960 3403 2030 τήν
3438 1961 3733 2031 Κυριακὴν

2144 2054 2486 2127 ψηφίζεσθαι
2530 2056 2671 2127 μετά
2722 2055 2783 2109 τὸ
2828 2055 3083 2127 λυχνικδν
3128 2054 3221 2108 τοῦ
3269 2053 3576 2116 Σαὸόάτου,
3634 2053 3732 2106 καὶ

2144 2145 2483 2216 καταλήγειν
2546 2145 2708 2216 μέχρι
2776 2145 2872 2199 τοῦ
2942 2142 3232 2215 ἑσπερινοῦ
3281 2144 3374 2197 καὶ
3425 2142 3592 2197 αὐτοῦ
3626 2142 3729 2212 τῆς

2142 2237 2313 2307 αὐτῆς
2345 2236 2657 2308 Κυριακῆς.
2694 2237 2810 2290 Οὐκ
2844 2236 2954 2289 εἰσὶ
2982 2236 3039 2288 δὲ
3072 2234 3311 2289 ἑναντία.
3354 2233 3491 2287 Ἀπό
3516 2251 3574 2287 τε
3609 2233 3727 2302 γὰρ

2142 2328 2241 2398 τῆς
2281 2329 2517 2397 φυσικῆς
2546 2329 2811 2399 κινήσεως
2836 2327 2947 2381 τῶν
2995 2329 3264 2399 οὐρανίων
3309 2327 3599 2395 σωμάτων,
3629 2328 3731 2380 καὶ

2139 2419 2204 2484 ἑξ
2233 2413 2311 2472 ὧν
2365 2420 2393 2471 6
2436 2418 2614 2489 μέγας
2665 2420 2765 2489 τῆς
2818 2419 3115 2488 Δαμασκοῦ
3158 2418 3485 2482 διδάσκαλός
3536 2434 3725 2489 φησιν,

2139 2513 2315 2574 οὓτως
2344 2515 2376 2582 ἠ
2434 2512 2621 2582 ἡμέρα
2652 2512 2879 2581 ἄρχεται
2910 2512 3005 2565 καὶ
3054 2510 3388 2581 πληροῦται,
3420 2509 3604 2573 καθὼς
3665 2510 3729 2562 ἑν

2138 2608 2217 2680 τῷ
2254 2607 2343 2660 πο⁹
2376 2606 2559 2659 κανόνι
2621 2607 2861 2676 εἴρηται.
2907 2606 2969 2659 Ὅ
3013 2605 3071 2658 δὲ
3105 2603 3297 2675 παρὼν
3334 2603 3517 2656 κανὼν
3548 2620 3731 2673 παρε-

2144 2700 2312 2771 μοίως
2336 2699 2847 2769 παρακελευόμενος
2877 2698 2949 2752 δι’
2976 2698 3098 2753 ὅλου
3134 2696 3512 2768 ἡμερονύκτου
3546 2713 3725 2767 πανη-

2139 2795 2391 2867 γυρίζειν
2422 2795 2571 2863 ἡμᾶς
2598 2793 2699 2863 τὴν
2726 2792 2820 2869 τοῦ
2853 2791 3062 2863 Κυρίου
3098 2792 3427 2854 ἀνάστασιν,
3461 2789 3541 2861 μὴ
3580 2788 3726 2859 ἔχων

2136 2890 2194 2943 δὲ
2238 2887 2300 2940 τὸ
2348 2884 2654 2956 τηνικαῦτα
2700 2883 3125 2954 ἠναγκασμένον
3187 2881 3402 2945 διδάξαι
3452 2880 3582 2948 περὶ
3625 2877 3724 2931 τοῦ

2140 2972 2454 3045 ἠμερησίου
2487 2972 2877 3042 διαστήματος,
2905 2970 3041 3023 ἀλλά
3068 2971 3201 3039 περὶ
3235 2968 3330 3022 τοῦ
3364 2969 3484 3032 πῶς
3508 2968 3592 3022 δεῖ
3626 2966 3725 3021 καὶ

2142 3066 2272 3119 πότε
2307 3062 2731 3134 εὐτρεπίζεσθαι
2766 3063 2914 3132 ἡμᾶς
2957 3062 3036 3125 είς
3068 3061 3381 3133 πανήγυριν
3412 3061 3508 3113 καὶ
3554 3060 3723 3129 μετάα

455 3164 580 3223 post
617 3156 990 3222 vespertinum
1035 3157 1333 3215 Dominico:
1364 3178 1425 3217 ea
1479 3178 1599 3232 quze
1649 3166 1715 3220 ad
1749 3170 2022 3236 poeniten-

2140 3174 2315 3221 νοιαν,
2355 3155 2524 3226 φησὶν
2551 3155 2634 3209 ὅτι
2674 3154 2816 3225 μετὰ
2859 3154 2922 3207 τδ
2962 3153 3224 3223 λυχνικδν
3281 3150 3375 3207 τοῦ
3433 3149 3721 3205 Σαδόάτου

455 3245 614 3299 tiam.
659 3245 716 3299 Si
757 3248 901 3301 enim
934 3249 1038 3304 hoc
1064 3265 1176 3305 non
1230 3252 1546 3319 fecerimus,
1589 3257 1682 3311 sed
1734 3274 1909 3328 usque
1962 3261 2028 3316 ad

453 3337 644 3391 horam
680 3340 966 3408 septimam
1013 3357 1259 3412 vespera:
1290 3354 1415 3414 post
1457 3346 1804 3402 Dominicum
1846 3353 2025 3421 poeni-

452 3429 643 3483 tentiae
703 3432 1159 3501 pmparationem
1211 3435 1609 3503 distulerimus,
1659 3448 1923 3512 tanquam
1975 3446 2029 3501 in

451 3536 517 3577 ea
548 3523 823 3591 completo
877 3524 1164 3580 Dominico
1187 3568 1202 3591 ,
1261 3528 1443 3598 populi
1472 3538 1597 3599 post
1650 3532 1991 3592 Dominicum
2012 3580 2027 3604 ,

451 3613 656 3681 populo
698 3614 914 3669 ,l‘estum
975 3616 1291 3673 celebrante
1343 3620 1590 3690 ignotum
1654 3624 1760 3683 erit
1812 3636 2031 3701 tempus

450 3714 577 3774 post
610 3705 981 3772 Dominicum,
1039 3708 1241 3765 festum
1295 3712 1634 3771 celebrantes
1691 3724 2019 3789 manserint,

447 3809 515 3849 co
538 3795 696 3863 quod
719 3796 908 3851 multis
938 3806 1104 3869 atque
1135 3799 1275 3855 adeo
1295 3801 1545 3871 pluribus
1578 3805 1646 3859 sit
1666 3805 2027 3877 incognitum,

447 3887 671 3955 quando
706 3888 887 3943 veniat
920 3890 1055 3944 hora
1082 3892 1312 3961 septima
1338 3902 1423 3958 ,et
1450 3880 1669 3964 quando
1703 3900 2028 3957 terminetur

449 3992 627 4037 sexta.
681 3982 931 4039 Observa
986 4001 1116 4054 ergo
1172 4002 1435 4055 canones,
1493 3990 1585 4046 ubi
1646 4002 1702 4046 et
1752 3997 2029 4063 quomodo

449 4075 581 4128 editi
638 4085 810 4130 sunt:
844 4093 946 4133 nec
980 4094 1079 4135 eos
1131 4080 1335 4135 dixeris
1388 4084 1531 4137 inter
1586 4100 1645 4139 se
1698 4102 2024 4157 repugnare.

449 4164 690 4235 Spiritus
720 4169 864 4224 enim
892 4178 1122 4226 sanctus
1171 4173 1233 4228 in
1259 4174 1520 4231 omnibus
1561 4176 1779 4233 locutus
1810 4162 1941 4235 est.-

516 4519 676 4590 265
711 4520 963 4578 ZONAR.
998 4522 1113 4578 Non
1163 4538 1286 4580 esse
1326 4524 1631 4581 Dominicis
1674 4538 1769 4582 aut
1822 4527 2021 4583 Pente-

443 4620 624 4667 costes
657 4612 857 4669 diebus
888 4613 1159 4668 ﬂectenda
1218 4629 1397 4683 genua
1434 4616 1593 4670 multl
1642 4632 1886 4677 canones
1930 4622 2025 4678 de-

443 4724 692 4765 crevere.
744 4711 945 4766 Eadem
1000 4711 1187 4764 Basilii
1258 4727 1481 4782 quoque
1541 4728 1695 4769 mens
1752 4714 1874 4778 fuit,
1927 4717 2019 4786 qui

445 4811 709 4868 prmterea
749 4816 972 4867 causas,
1005 4811 1231 4872 propter
1285 4819 1427 4872 quas
1460 4820 1523 4859 ea
1558 4808 1901 4863 consuetudo
1951 4810 2023 4864 sit

444 4890 730 4953 damnata,
787 4892 1089 4949 subnectit.
1145 4891 1240 4948 llic
1288 4910 1418 4951 vero
1459 4911 1635 4953 canon
1662 4900 1729 4953 de
1777 4898 1900 4955 solo
1932 4899 2021 4954 die

442 4984 733 5038 Dominico
772 4986 987 5049 statuit,
1019 4994 1349 5058 tempusque
1396 5004 1425 5042 a
1488 4989 1668 5059 primo
1722 4991 1789 5044 ad
1838 5003 2022 5047 extre-

439 5091 615 5139 mum,
666 5076 721 5130 in
773 5092 885 5146 quo
915 5093 1088 5142 genua
1143 5080 1505 5148 procumbere
1541 5081 1767 5135 minime
1818 5082 2005 5146 liceat,

440 5173 628 5231 aperte
662 5165 1006 5232 describens,
1056 5168 1174 5221 ait:
1213 5170 1263 5224 Α.
1308 5169 1547 5225 Sabhato
1591 5172 1833 5240 quidem,
1894 5187 2017 5227 cum

441 5257 680 5324 primum
715 5272 945 5325 vespere
982 5260 1049 5314 ad
1098 5261 1268 5315 altare
1305 5262 1646 5318 initiatorum
1681 5264 1883 5317 chorus
1937 5263 2021 5317 in-

440 5348 709 5417 greditur,
737 5364 907 5406 nemo
934 5366 1074 5422 genu
1104 5352 1311 5418 ﬂectat,
1352 5354 1631 5421 adusque
1674 5354 1783 5407 diei
1835 5352 2015 5406 Domi-

440 5444 553 5499 nici
611 5458 919 5513 veSperam,
966 5445 1185 5514 quando
1215 5446 1429 5500 scilicet
1486 5446 1624 5498 alter
1676 5445 2016 5499 initiatorum

447 5536 508 5588 ﬁt
544 5535 848 5605 ingressus,
913 5543 1042 5589 tunc
1077 5534 1222 5588 enim
1275 5550 1450 5603 genus
1501 5534 1803 5598 ﬂectentes,
1853 5545 1908 5592 et
1942 5537 2021 5590 sic

445 5630 669 5674 orantes
698 5636 806 5675 non
830 5622 1201 5691 peccahimus.
1239 5624 1371 5687 Qua
1408 5638 1510 5679 nox
1557 5626 1761 5680 ctenim
1810 5628 2018 5681 Sahba-

446 5722 560 5763 tum
594 5713 972 5779 consequitur.
996 5730 1057 5767 ea
1094 5716 1315 5782 propria
1344 5714 1638 5771 Dominicrc
1664 5719 1802 5773 lucis
1830 5722 2019 5775 existi-

446 5812 647 5866 matur,
686 5809 852 5871 Quam
884 5804 1050 5859 etiarn
1083 5804 1325 5875 hymnis,
1361 5804 1537 5877 inquit
1587 5824 1787 5874 canon,
1832 5812 2020 5866 tradu-

2138 3250 2209 3303 τὰ
2251 3248 2388 3319 πρὸς
2413 3248 2725 3319 πανήγυριν
2774 3246 2873 3317 τῆς
2919 3245 3273 3307 ἀναστάσεως
3304 3243 3715 3315 εὐτρεπιστέονο

2136 3340 2397 3401 ὡσαύτως
2436 3340 2531 3392 καὶ
2564 3337 2703 3407 μετά
2743 3338 2802 3391 τὸ
2848 3338 3136 3407 ἑσπερινὸν
3172 3337 3273 3406 τῆς
3309 3335 3623 3406 Κυριακῆς,
3648 3337 3719 3387 τὰ

2137 3432 2275 3503 πρὸς
2317 3430 2627 3500 μετάνοιαν.
2672 3430 2733 3482 Et
2762 3428 2837 3499 μὴ
2872 3429 2981 3499 γάρ
3011 3428 3155 3482 οὕτω
3193 3429 3531 3499 ποιήσωμεν,
3580 3427 3722 3482 ἀλλά

2139 3524 2302 3595 μέχρι
2338 3522 2439 3593 τῆς
2465 3520 2705 3592 ἑϐδόμης
2738 3519 2887 3587 ὥρας
2940 3520 3078 3590 μετά
3108 3519 3207 3590 τὴν
3230 3519 3519 3590 Κυριακὴν
3551 3520 3717 3572 ἑσπέ-

2137 3636 2237 3690 ρας
2271 3616 2679 3687 ἀναμείνωμεν,
2725 3614 2818 3669 καὶ
2862 3613 2953 3667 τὸν
2994 3613 3361 3685 εὐτρεπισμδν
3416 3613 3517 3683 τῆς
3551 3630 3715 3683 μετα-

2133 3712 2307 3775 νοίας,
2348 3710 2423 3773 ὡς
2461 3710 2519 3762 ἑν
2551 3706 2723 3781 ταύτῃ
2759 3708 3268 3777 συμπληρουμένης
3318 3706 3420 3775 τῆς
3454 3705 3716 3777 κυριωνύ-

2137 3820 2263 3873 μου,
2293 3801 2513 3855 λάθοιεν
2554 3800 2622 3853 ἀν
2652 3798 3121 3869 πανηγυρίζοντες
3152 3800 3246 3851 καὶ
3281 3798 3423 3869 μετὰ
3482 3799 3583 3868 τὴν
3617 3815 3713 3851 κυο

2136 3892 2302 3965 ριὼνυ
2313 3909 2434 3961 μον,
2466 3891 2555 3945 διὰ
2591 3891 2650 3944 τὸ
2682 3890 2926 3953 πολλοῖς,
2997 3889 3199 3959 μᾶλλον
3238 3890 3296 3943 δὲ
3328 3892 3442 3953 τοῖς
3473 3889 3714 3943 πλείοσιν

2132 3986 2503 4051 ἀδιάγνωστον
2518 3980 2656 4037 εἶναι
2678 3982 2777 4053 τὴν
2803 3981 3129 4035 ἐπιστασίαν
3158 3982 3253 4049 τῆς
3287 3982 3522 4052 ἑϐδόμης
3539 3981 3709 4050 ὥρας,

2134 4078 2231 4130 καὶ
2259 4076 2319 4127 τὸ
2349 4075 2504 4138 τέλος
2551 4074 2653 4144 τῆς
2679 4074 2867 4144 ἕκτης.
2899 4074 3164 4145 Συντήρει
3198 4071 3296 4126 οὖν
3328 4074 3395 4127 τὰ
3424 4075 3713 4137 κανονικᾶ,

2132 4165 2264 4219 ἔνθα
2293 4166 2389 4219 καὶ
2426 4166 2580 4227 ὅπως
2609 4164 3057 4234 ὲξεφωνήθησαν·
3111 4164 3207 4217 καὶ
3244 4164 3320 4234 μὴ
3366 4162 3531 4234 εἴπῃς
3558 4165 3684 4215 ἑναν

2134 4257 2403 4312 τιοῦσθαι.
2462 4257 2551 4310 Ἐν
2590 4258 2725 4309 πᾶσι
2771 4254 2880 4326 γὰρ
2913 4256 2974 4308 τὸ
3017 4255 3290 4325 πανάγιον
3331 4253 3560 4327 Πνεῦμα
3592 4254 3711 4311 £16.-

2134 4364 2315 4420 λησεν.

2201 4531 2446 4585 ΖΩΝΛΡ.
2486 4529 2560 4582 Τὸ
2585 4528 2660 4599 μὴ
2715 4528 2921 4583 κλίνειν
2967 4528 3101 4598 γόνυ
3157 4531 3215 4583 ἑν
3241 4530 3555 4601 Κυριακατς
3585 4530 3617 4601 ἢ
3647 4529 3705 4583 ἑν

2128 4625 2251 4687 ταῖς
2296 4622 2395 4691 τῆς
2440 4619 2827 4689 Πεντηκοστῆς
2886 4620 3123 4689 ἡμέραις
3179 4620 3432 4691 διάφοροι
3480 4621 3708 4690 νομοθε-

2126 4714 2284 4768 τοῦσι
2325 4712 2572 4776 κανόνες,
2615 4709 2711 4763 καὶ
2738 4709 2768 4761 6
2812 4708 2989 4777 μέγας
3017 4709 3321 4775 Βασίλειος,
3361 4709 3421 4771 ὃς
3463 4711 3562 4765 καὶ
3607 4709 3709 4773 τὰς

2127 4806 2312 4866 αίτίας
2345 4802 2698 4875 προστίθησι,
2730 4802 2795 4855 δι’
2840 4801 2909 4864 ἃς
2940 4801 3341 4872 ἀπηγόρευται.
3380 4794 3553 4864 Οὗτος
3577 4802 3636 4855 δὲ
3680 4804 3710 4855 6

2130 4896 2313 4950 κανὼν
2346 4895 2474 4964 περὶ
2505 4894 2674 4963 μόνης
2702 4894 2804 4962 τῆς
2856 4894 3148 4964 Κυριακῆς
3187 4894 3563 4958 διατάττεται,
3608 4893 3709 4947 καὶ

2125 4988 2191 5041 ἐκ
2230 4984 2390 5047 ποίας
2420 4984 2573 5054 ὥρας
2610 4984 2773 5055 μέχρι
2804 4984 2953 5049 τίνος
2989 4985 3111 5038 οὐδὲ
3140 4984 3344 5038 κλίνειν
3367 4987 3498 5053 γόνυ
3517 4984 3709 5055 σαφῶς

2127 5076 2415 5150 παριστῶν
2454 5092 2592 5145 φησι
2633 5074 2774 5145 μετά
2823 5076 2922 5145 τὴν
2956 5074 3098 5128 κατά
3124 5074 3186 5128 τὸ
3229 5073 3509 5130 Σάδδατον
3539 5076 3706 5128 ἑσπε-

2128 5171 2283 5240 ρινὴν
2334 5168 2538 5221 εἰσοδον
2576 5169 2659 5232 εἰς
2686 5167 2747 5220 τὸ
2784 5167 3176 5237 θυσιαστήριον
3232 5167 3341 5219 τῶν
3391 5166 3707 5238 ἱερωμένων

2128 5262 2334 5333 μηδένα
2387 5260 2516 5328 γόνυ
2545 5260 2752 5313 κλίνειν
2793 5261 2956 5330 μέχρι
3007 5260 3103 5329 τῆς
3144 5259 3386 5330 ἑσπέρας
3442 5260 3541 5327 τῆς
3588 5260 3705 5312 Κυο

2126 5356 2348 5429 ριακῆς,
2386 5356 2475 5408 δτε
2508 5352 2712 5424 δηλαδὴ
2788 5348 2947 5415 αὖθις
3000 5353 3032 5420 ἠ
3084 5349 3289 5413 εἴσοδος
3338 5351 3554 5420 γίνεται
3592 5350 3705 5405 τῶν

2129 5448 2468 5520 ἱερωμένων·
2521 5448 2707 5499 ἔκτοτε
2739 5444 2847 5512 γὰρ
2892 5443 3169 5506 κλίναντες
3202 5444 3333 5512 γόνυ
3383 5446 3477 5498 καὶ
3528 5443 3707 5507 οὕτως

2122 5538 2413 5608 εὐχόμενοι
2439 5538 2534 5606 οὐχ
2582 5535 3001 5606 ἁμαρτήσομεν.
3047 5533 3113 5587 Ἥ
3144 5537 3255 5603 γὰρ
3286 5536 3425 5604 μετά
3472 5536 3535 5588 τὸ
3561 5536 3706 5589 Σάε-

2122 5630 2289 5682 6ατον
2313 5628 2409 5692 νὺξ
2437 5629 2536 5697 τῆς
2568 5627 2857 5697 Κυριακῆς
2881 5626 3195 5694 λογίζεται,
3218 5629 3285 5697 ἣν
3307 5629 3400 5681 καὶ
3420 5629 3478 5681 ἑν
3510 5627 3703 5697 ὕμνοις

2120 5717 2239 5772 δέον
2259 5717 2491 5784 διάγειν,
2510 5717 2679 5786 φησὶν
2708 5719 2736 5768 6
2771 5716 2972 5782 κανὼν,
2998 5719 3061 5771 ἐκ
3095 5718 3325 5781 σκότους
3351 5719 3432 5780 είς
3464 5718 3579 5786 φῶς
3600 5720 3702 5786 τὴν

2124 5814 2321 5883 ἑορτὴν
2383 5811 2884 5883 παραπέμποντας,
2950 5812 3043 5866 καὶ
3090 5812 3264 5878 οὕτως
3311 5814 3370 5867 ἐν
3419 5811 3705 5883 ὁλοκλήρῳ
