4062 6388
433 355 541 418 8ῗῦ

1486 357 1568 418 IN
1595 356 1760 418 CAN.
1791 356 1915 419 XCI
1949 354 2140 414 (ΣΟΝο
2183 357 2259 415 l\'
2289 354 2617 419 'i‘liUl.l.O.

3580 349 3687 425 8-96

435 473 593 524 νυκτὶ
655 472 750 527 καὶ
819 471 1004 544 ἡμέρᾳ
1053 471 1454 545 πανηγυρίζειν
1510 460 1660 544 ἡμᾶς
1716 471 1815 544 τὴν
1873 469 2006 524 ἀνά·

2134 489 2256 536 :crc,
2301 471 2548 528 festivam
2598 472 2973 529 celebritatem
3023 489 3054 529 e
3123 473 3366 530 tenebris
3419 473 3474 528 in
3510 475 3684 530 lucem

435 579 643 618 στασιν.

433 749 655 808 ΑΡΙΣΤ.
702 771 722 805 ι
766 751 922 807 Μετά
953 751 1052 824 τὴν
1071 749 1369 823 ἑσπερινὴν
1384 751 1593 806 εἴσοδον
1613 755 1708 805 τοῦ
1731 751 2009 806 Σαόδάτου

517 865 538 900 ι
581 847 655 917 μὴ
685 846 816 915 γόνυ
842 848 1034 918 κλίνης
1080 847 1208 917 ἄχρι
1262 845 1360 914 τῆς
1396 845 1689 916 ὲσπερινῆς
1724 845 1868 900 κατά
1910 845 2008 917 τὴν

512 957 531 989 ι
570 937 860 1009 Κυριακὴν
882 938 1110 996 εἰσόδου.
1146 958 1165 990 ›

507 1029 608 1083 Ἐκ
635 1029 745 1082 τῶν
775 1031 1054 1102 θεοφόρων
1090 1031 1354 1104 Πατέρων
1410 1028 1713 1093 κανονικῶς
1763 1027 2009 1098 παρελά-

438 1121 608 1190 6ομεν
637 1120 715 1191 μὴ
743 1121 872 1190 γόνυ
901 1123 1102 1177 κλίνειν
1139 1125 1197 1176 ἐν
1217 1127 1337 1188 ταῖς
1356 1124 1684 1190 Κυριακαῖς,
1704 1121 1778 1184 ὡς
1803 1119 2011 1189 τιμῶν-

435 1230 526 1277 τες
558 1214 658 1284 τὴν
680 1215 774 1268 τοῦ
799 1209 1006 1287 Κυρίου
1027 1216 1350 1271 ἀνάστασιν.
1385 1217 1504 1270 ’Ίνα
1531 1213 1660 1284 γοῦν
1685 1213 1760 1284 μὴ
1823 1213 2014 1282 ἀγνοῆ·

437 1324 528 1359 ται
568 1309 600 1376 ἡ
651 1312 1043 1377 παρατήρησις
1101 1309 1265 1379 αὕτη,
1307 1310 1452 1370 ὅπως
1497 1308 1704 1378 ὀφείλει
1740 1305 2008 1374 γίνεσθαι,

435 1398 605 1467 δήλην
636 1398 803 1470 αὐτὴν
831 1400 880 1452 οἱ
908 1400 1154 1471 Πατέρες
1195 1403 1309 1464 τοῖς
1351 1401 1566 1466 πιστοῖς
1601 1399 1693 1453 διὰ
1725 1399 1820 1453 τοῦ
1845 1400 2010 1452 κανό-

435 1508 526 1553 νος
566 1493 761 1544 τούτου
819 1493 1214 1563 πεποιήκασιν·
1282 1493 1422 1547 ὥστε
1463 1493 1602 1563 μετά
1656 1495 1757 1561 τὴν
1816 1494 1875 1546 ὲν
1934 1491 2014 1562 τῷ

435 1580 706 1652 Σαὸδάτῳ
739 1583 1038 1654 ἐσπερινὴν
1063 1583 1173 1636 τῶν
1211 1585 1528 1656 ἱερωμένων
1562 1585 1700 1656 πρὸς
1733 1585 1795 1638 τὸ
1825 1584 2014 1638 θυσια-

438 1674 658 1744 στήριον
687 1673 891 1727 εἴσοδον
921 1674 996 1746 μὴ
1028 1676 1158 1742 γόνυ
1203 1676 1405 1729 κλίνειν
1454 1676 1619 1748 μέχρι
1653 1677 1752 1744 τῆς
1810 1674 2015 1743 ἐφεξῆς

437 1767 581 1821 κατά
601 1768 700 1836 τὴν
750 1768 1044 1838 Κυριακὴν
1072 1767 1372 1838 ὲσπερινῆς
1406 1769 1641 1832 εἰσόδου,
1681 1768 1756 1827 ὡς
1786 1768 1842 1820 ἐν
1889 1767 2011 1820 όλο-

437 1860 626 1930 κλήρῳ
675 1859 1004 1930 νυχθημέρῳ
1068 1859 1468 1931 πανηγυρίζειν
1523 1861 1672 1931 ἡμᾶς
1733 1859 1830 1929 τὴν
1883 1858 2013 1912 ἀνά-

439 1967 652 2006 στασιν.

1016 2044 1258 2098 ΚΑΝΩΝ
1295 2043 1406 2113 ιιΑς

446 2156 464 2190 ι
501 2137 612 2201 Τὰς
640 2137 709 2192 τά
731 2136 1115 2210 ἀμϐλωθρίδια
1139 2139 1397 2199 διδούσας
1460 2138 1732 2209 φάρμακα
1775 2138 1873 2192 καὶ
1915 2141 2015 2200 τὰς

518 2248 539 2284 ε
570 2231 872 2301 δεχομένας
913 2231 981 2284 τὰ
1021 2231 1404 2301 ὲμϐρυοκτόνα
1440 2231 1746 2302 δηλητήρια
1797 2231 1877 2302 τῷ
1919 2230 2015 2285 τοῦ

514 2339 533 2372 ι
572 2321 782 2390 φονέως
799 2322 1064 2393 ἐπιτιμίῳ
1089 2322 1600 2390 καθυποϐἀλλομεν.
1638 2340 1657 2374 ι

509 2415 715 2470 ΒΔΛΣ.
765 2413 995 2481 Ἐπίσης
1035 2414 1257 2479 κολάζει
1303 2415 1333 2468 6
1383 2413 1568 2468 κανὼν
1622 2413 1702 2484 τῷ
1751 2412 2016 2484 ἐπιτιμίῳ

315 2473 328 2492 ἵ
435 2509 532 2562 τοῦ
565 2505 774 2576 φονέως
804 2505 903 2569 τὰς
924 2473 1465 2577 διδούσας-φάρμακα
1499 2473 1805 2578 δηλητηρια
1854 2473 2018 2577 χόριν

439 2597 536 2651 τοῦ
589 2595 954 2664 ἀμϐλωθῆναι
1021 2597 1088 2650 τὰ
1129 2595 1371 2666 εμσρυα,
1417 2598 1518 2652 καὶ
1574 2597 1674 2661 τὰς
1720 2597 2020 2668 δεχομένας

439 2690 608 2745 αὐτά.
660 2689 774 2744 Καὶ
820 2689 850 2742 6
904 2688 1003 2760 μὲν
1063 2690 1250 2750 κανὼν
1290 2690 1380 2744 διὰ
1425 2689 1672 2745 τοιοῦτον
1740 2692 2020 2761 ἐπιτιμίου

437 2785 661 2850 κολάζει
709 2782 940 2846 ταύτας.
981 2784 1092 2840 Καὶ
1141 2784 1400 2854 εὑρήσεις
1456 2785 1526 2838 τὰ
1561 2784 1675 2856 εἴδη
1708 2785 1816 2838 τῶν
1850 2785 2024 2837 ὲπιτι-

441 2877 582 2949 μίων
616 2877 673 2930 ἐν
721 2875 799 2948 τῷ
847 2879 892 2948 β’
936 2876 1121 2930 κανόνι
1168 2875 1264 2929 τοῦ
1296 2875 1453 2944 ἁγίου
1485 2876 1791 2941 Βασιλείου,
1836 2876 1933 2930 καὶ
1965 2877 2024 2936 ἐν

437 2975 517 3042 τῷ
550 2971 635 3029 κα¹
681 2975 867 3028 κανόνι
913 2973 1008 3041 τῆς
1045 2973 1102 3026 ὲν
1173 2972 1418 3044 Ἀγκύρᾳ
1468 2971 1708 3026 συνόδου.
1745 2973 1820 3026 Τὸ
1873 2972 1929 3026 δὲ
1973 2979 2023 3026 α’

437 3084 566 3134 κεφ.
639 3066 735 3120 τοῦ
792 3066 869 3120 λθ¹
906 3065 1092 3120 τίτλου
1163 3063 1258 3119 τοῦ
1324 3065 1364 3131 ξ’
1411 3065 1616 3136 βιϐλίου
1667 3064 1802 3134 φησὶ
1846 3064 2052 3118 ταῦτα

2117 567 2580 632 transmittentes,
2633 574 2686 622 et
2751 567 2831 621 sic
2883 576 2996 622 tota
3034 574 3197 622 nocte
3255 567 3452 637 dieque
3504 584 3690 624 resur-

2117 660 2417 713 rectionem
2454 675 2556 715 nos
2593 659 2874 714 celebrare
2903 667 3142 730 oportet.

2113 749 2340 806 AllIST.
2379 769 2399 802 ι
2433 751 2564 805 Post
2621 752 2992 820 vespertinum
3060 751 3286 806 Sabbati
3342 753 3688 822 ingressum,

2194 864 2214 896 ε
2259 859 2434 914 usque
2464 844 2532 899 ad
2574 843 2953 913 vespertinum
3002 843 3297 899 Dominicae
3339 845 3688 914 ingressum,

2192 954 2210 987 ι
2249 951 2422 1006 genua
2463 951 2528 990 ne
2563 935 2804 991 ﬂectasa

2188 1031 2231 1083 Α
2262 1029 2466 1084 divinis
2501 1027 2760 1082 Patrihus
2791 1027 3057 1083 canonice
3109 1026 3443 1096 accepimus,
3501 1025 3689 1079 Domi-

2118 1120 2258 1174 nicis
2291 1134 2432 1188 genu
2473 1134 2579 1173 non
2615 1119 2859 1183 ﬂectere,
2888 1125 2951 1172 ut
2983 1117 3199 1171 Domini
3227 1116 3687 1171 resurrectiOuem

2116 1212 2474 1266 honorantes.
2513 1209 2579 1266 Ut
2611 1211 2799 1280 itaque
2823 1210 2939 1264 lucc
2971 1207 3287 1264 observatio
3332 1222 3439 1261 non
3469 1206 3690 1274 ignore-

2119 1315 2230 1367 tur,
2264 1304 2541 1374 quomodo
2593 1303 2707 1358 fieri
2745 1302 2928 1368 debet,
2978 1317 3098 1355 eam
3156 1297 3346 1354 Patres
3393 1313 3488 1366 per
3543 1296 3690 1349 hunc

2117 1412 2383 1451 canonem
2417 1396 2670 1450 ﬁdelibus
2699 1392 3044 1448 manifestam
3077 1391 3416 1451 eﬂccerunt;
3464 1396 3521 1442 ut
3567 1397 3691 1458 post

2120 1491 2498 1558 vespertinum
2533 1488 2885 1544 sacerdotum
2912 1488 2964 1539 in
2995 1484 3239 1540 Sabltatn
3280 1483 3348 1537 ad
3385 1482 3558 1535 altare
3603 1480 3692 1533 in-

2116 1597 2362 1652 gressum
2402 1597 2540 1652 genu
2575 1596 2681 1636 non
2717 1580 2932 1636 ﬂectere
2961 1579 3285 1639 debeamus,
3309 1591 3484 1645 usque
3513 1573 3578 1627 ad
3609 1588 3696 1628 se-

2120 1686 2380 1745 quentem
2417 1675 2472 1730 in
2502 1674 2587 1728 die
2625 1673 2908 1727 Dominico
2937 1671 3309 1735 vespertinum
3355 1667 3691 1735 ingressum,

2122 1776 2181 1822 ut
2215 1782 2310 1836 per
2341 1767 2618 1843 integrum
2659 1765 2837 1818 noctis
2874 1769 2929 1816 et
2960 1761 3065 1817 diei
3106 1761 3342 1831 spatium
3376 1773 3478 1813 nos
3512 1770 3696 1812 resur-

2117 1862 2412 1916 rectionem
2453 1857 2816 1914 celebremus.

2694 2033 2926 2092 CANON
2971 2032 3109 2090 XCI.

2123 2151 2143 2186 ι
2186 2133 2290 2187 Eas
2323 2146 2444 2200 qum
2475 2131 2601 2186 dant
2633 2128 2976 2185 abortionem
3013 2123 3211 2184 eientia
3269 2123 3692 2185 medicamenta,

2195 2245 2214 2277 ι
2249 2235 2302 2278 ct
2337 2239 2458 2294 quae
2499 2223 2662 2277 fretus
2699 2209 2954 2276 necantia
3014 2233 3225 2274 venena
3264 2214 3564 2284 accipiunt,
3595 2213 3695 2266 ho-

2196 2339 2214 2371 ι
2255 2319 2468 2372 ιηῑείιιισ
2507 2316 2686 2386 poenis
2715 2311 3064 2382 subiicimus.
3107 2329 3127 2363 ι

2191 2410 2387 2466 BALS.
2450 2405 2654 2462 Eadem
2716 2419 2901 2477 paena,
2972 2419 3080 2474 qua
3117 2399 3472 2464 homicidam,
3534 2396 3696 2467 punit

2121 2519 2300 2560 canon
2328 2519 2446 2566 eas,
2476 2516 2598 2569 quze
2625 2501 2758 2553 dant
2783 2511 3015 2560 venena,
3047 2485 3124 2548 ἰιι
3165 2509 3349 2564 ρι-ονοι
3369 2501 3494 2547 etur
3530 2491 3697 2545 abor-

2123 2595 2223 2654 tio,
2259 2601 2309 2645 et
2345 2605 2466 2660 quae
2497 2588 2800 2658 accipiunt.
2839 2585 2905 2640 Et
2947 2582 3036 2640 hic
3066 2581 3287 2654 quidem
3340 2595 3517 2635 canon
3576 2579 3700 2631 illas

2124 2685 2216 2739 tali
2250 2698 2410 2751 paena
2444 2680 2627 2737 adicit.
2662 2679 2957 2736 Pmnarum
2996 2686 3175 2730 auten
3215 2689 3417 2746 genera
3450 2671 3702 2726 invenies

2123 2777 2178 2831 in
2227 2780 2264 2830 2
2307 2790 2432 2830 can.
2489 2771 2665 2828 sancti
2710 2769 3019 2832 Basilii,et
3086 2768 3140 2821 in
3197 2766 3259 2819 2|
3322 2779 3448 2818 can.
3508 2760 3700 2834 synodi

2122 2869 2323 2938 Ancyr.
2357 2865 2595 2921 Primum
2631 2870 2812 2917 autem
2853 2869 3018 2930 caput
3085 2859 3153 2915 59
3190 2857 3277 2913 tit.
3329 2871 3394 2911 ιχ
3439 2852 3536 2910 lib.
3588 2855 3702 2908 haec

2126 2958 2262 3013 dicit
2291 2944 2552 3025 expresse
2582 2972 2596 3009 :
2628 2953 2769 3024 Lege
2795 2953 2864 3007 de
2892 2949 3188 3006 homicidis
3238 2957 3452 3004 tenetur
3501 2947 3571 3010 is,
3608 2945 3702 3015 qui

2128 3051 2404 3106 hominem
2440 3047 2666 3113 occidit,
2693 3055 2748 3101 et
2777 3045 2871 3116 qui
2922 3045 3051 3099 dolo
3083 3043 3315 3098 suscitat
3365 3037 3704 3102 incendium,

445 3119 629 3230 ῥητῶς
655 3119 689 3190 Ῠον
717 3119 723 3120 7
749 3157 844 3226 Τῷ
893 3157 1022 3226 περὶ
1059 3119 1422 3226 ἀνδροφόνωνι
1461 3155 1612 3224 νόμῳ
1657 3119 1942 3207 ῦπόκειται
1971 3148 2019 3206 ’ό

2134 3151 2179 3200 et
2206 3143 2320 3214 qui,
2359 3141 2442 3196 vel
2471 3139 2689 3195 furandi
2724 3139 2810 3193 vel
2841 3137 3009 3193 caedis
3035 3134 3301 3190 faciendae
3345 3119 3703 3205 gratia,'cum

439 3250 683 3320 φονεύων
714 3248 1029 3320 ἄνθρωπον,
1060 3247 1156 3302 καὶ
1186 3249 1213 3300 ὁ
1246 3246 1389 3300 κατά
1422 3246 1572 3300 δόλον
1605 3245 1776 3300 ποιῶν
1803 3248 2018 3317 ἐμπρη-

441 3345 604 3413 σμὸν,
636 3344 734 3398 καὶ
757 3343 787 3396 6
815 3341 906 3396 διὰ
929 3340 1142 3411 φόνονῆ
1167 3339 1376 3410 κλοπὴν
1404 3339 1524 3409 μεθ’
1547 3339 1730 3393 ὃπλων
1769 3337 2021 3410 περιιὼν,

440 3435 538 3490 καὶ
567 3435 597 3488 6
626 3433 800 3505 ἀρχῆς
838 3430 872 3502 ἢ
908 3428 1268 3500 δικαστηρίου
1299 3427 1568 3498 δημοσίου
1603 3424 1906 3498 προεστὼς,
1926 3427 2022 3480 καὶ

447 3525 760 3588 σπουδάσας
785 3521 1044 3584 πλαστῶς
1079 3517 1534 3591 κατηγορηθῆναί
1576 3535 1700 3571 τινα
1731 3517 1825 3570 καὶ
1869 3517 2025 3571 ἀναι-

445 3623 578 3682 τίως
611 3616 1110 3685 καταδικασθῆναι,
1173 3615 1268 3668 καὶ
1309 3615 1336 3666 6
1383 3612 1478 3665 ἐπὶ
1524 3610 1806 3680 ἀναιρέσει
1852 3627 2027 3664 κατα·

439 3712 723 3774 ’σκευάσας
772 3706 1083 3780 ἥδεδωκὼς
1142 3705 1435 3776 φάρμακον
1462 3717 1479 3735 ο
1519 3703 1619 3758 καὶ
1671 3719 1797 3772 κεφ.
1844 3709 1895 3772 γ’
1945 3699 2024 3771 τῷ

450 3806 586 3878 περὶ
630 3802 984 3874 ἀνδροφόνων
1032 3799 1182 3870 νόμῳ
1230 3799 1544 3870 κατέχεται.
1607 3798 1720 3851 Kai
1758 3799 1786 3850 6
1829 3795 1919 3850 διά
1965 3795 2028 3850 τὸ

451 3897 718 3967 φονεῦσαι
742 3894 1035 3965 ἄνθρωπον
1065 3892 1362 3961 φάρμακον
1393 3888 1566 3942 ποιῶν
1611 3887 1642 3957 ἢ
1694 3886 2028 3958 πιπράσκων

450 3991 484 4060 ἢ
521 3991 683 4061 ἔχων.
716 3987 838 4041 Εἰσὶ
863 3985 921 4038 δὲ
949 3985 1219 4054 φάρμακα
1259 3980 1450 4050 ὑγείαν
1480 3977 1814 4050 ἐμποιοῦντα
1843 3979 1938 4030 καὶ
1961 3976 2030 4030 τὰ

449 4081 720 4152 λεγόμενα
737 4079 954 4149 φίλτρα.
997 4075 1141 4129 om
1182 4073 1251 4128 τὰ
1273 4073 1474 4143 φίλτρα
1511 4071 1795 4135 ποιοῦντες
1825 4071 2028 4139 δημευ-

453 4175 651 4246 όμενοι
716 4168 1175 4242 ὲξοριζέσθωσαν.
1218 4167 1283 4220 Et
1341 4165 1398 4219 δὲ
1452 4164 1546 4219 καί
1613 4182 1697 4227 τις
1759 4164 1834 4235 μὴ
1875 4161 2032 4234 κακῷ

453 4264 705 4337 λογισμῷ
729 4263 876 4334 δώσῃ
931 4259 1153 4331 γυναικὶ
1201 4257 1590 4328 συλληπτικὸν,
1625 4257 1722 4310 καὶ
1783 4255 2034 4325 ἀποθάνῃ

454 4363 490 4431 ἡ
535 4356 798 4420 λαϐοῦσα,
849 4354 1192 4424 ὲξορίζεταιο
1227 4350 1340 4406 Καὶ
1395 4348 1540 4418 θέμα
1599 4347 1647 4418 γ’
1711 4346 1806 4402 τοῦ
1867 4347 2032 4402 αὐτοῦ

457 4468 599 4520 κεφ.
634 4447 798 4516 λέγον
857 4446 990 4518 περὶ
1032 4444 1132 4508 τὰς
1168 4443 1365 4514 ἀρχάς.
1417 4440 1725 4511 Κατέχεται
1775 4438 1856 4510 τῷ
1904 4440 2034 4509 περὶ
2069 4473 2118 4534 D

462 4540 810 4613 ἀνδροφόνων
857 4536 1010 4608 νόμῳ
1045 4535 1141 4590 καὶ
1201 4535 1230 4588 6
1287 4531 1684 4602 πιγμεντάριος
1745 4529 2036 4604 προπετῶς

460 4631 641 4694 διδοὺς
670 4631 970 4700 φάρμακον
1010 4625 1044 4697 ἦ
1078 4623 1468 4694 σαλαμάνδραν
1505 4621 1820 4694 ἢάκόνιτον
1869 4622 1902 4692 ἢ
1945 4637 2040 4674 πι-

461 4721 797 4791 τυοκάμπην
827 4717 860 4788 ἢ
915 4715 1253 4786 βούϐρωστιν
1285 4713 1318 4784 ἦ
1351 4710 1739 4784 μανδραγόραν
1771 4709 1803 4782 ἢ
1835 4708 2041 4764 κανθα-

468 4816 640 4888 ρίδας.
671 4812 784 4868 Καὶ
814 4811 959 4880 θέμα
991 4809 1034 4860 δ’
1068 4823 1084 4841 ο
1137 4806 1204 4861 Ἦ
1237 4805 1395 4877 ποινὴ
1444 4807 1478 4877 ἡ
1527 4804 1667 4859 κατά
1697 4805 2042 4875 ἀνδροφόνων

465 4907 562 4962 ﬁeri.
598 4907 696 4976 μὲν
723 4903 962 4972 ἐντίμων
997 4898 1360 4970 περιορισμός
1417 4899 1536 4950 ἐστι
1594 4895 1688 4949 καὶ
1723 4895 1904 4948 τελεία
1951 4895 2045 4964 δή·

472 5013 690 5068 μευσιςο
743 4993 840 5048 ἐπὶ
867 4994 925 5048 δὲ
965 4991 1077 5045 τῶν
1099 4987 1338 5043 εὐτελῶν
1374 4987 1519 5058 ξίφει
1545 4989 1640 5042 καὶ
1667 4986 1880 5056 Θηρίοις
1913 4986 2045 5038 ὑπο-

467 5087 767 5156 ϐληθῆναι.
821 5083 934 5137 Kal.
958 5080 1133 5134 ταῦτα
1182 5078 1282 5146 μὲν
1312 5077 1420 5131 ἀπὸ
1465 5076 1563 5131 τοῦ
1600 5075 1836 5131 παλαιοῦ
1875 5074 2043 5143 νόμου

469 5181 565 5234 καὶ
610 5177 721 5231 τῶν
798 5175 1068 5229 κανόνων.
1117 5168 1500 5238 Ἀπελύθησαν
1555 5167 1612 5222 δὲ
1668 5164 1866 5238 νεαραὶ
1918 5164 2048 5234 περὶ

470 5270 678 5342 φονέων
700 5266 974 5321 ἀκουσίων
1001 5262 1098 5318 καὶ
1133 5258 1395 5314 ἑκουσίων
1407 5257 1660 5328 διάφοροι
1688 5257 1840 5327 παρά
1873 5272 1932 5309 τε
1951 5253 2045 5308 τοῦ

472 5361 740 5435 βασιλέως
767 5357 948 5429 κυροῦ
973 5352 1387 5410 Κωνσταντίνου
1412 5349 1506 5404 τοῦ
1530 5350 2048 5420 Πορφυρογεννήτου

473 5452 686 5511 καὶτοῦ
721 5447 1048 5516 θεοστεφοῦς
1089 5448 1186 5500 καὶ
1240 5443 1399 5512 ἁγίου
1456 5441 1616 5512 ἡμῶν
1648 5439 2049 5511 αὐτοκράτορος

475 5543 649 5617 κυροῦ
714 5539 976 5610 Μανουὴλ
1039 5537 1134 5591 τοῦ
1197 5533 1513 5606 Κομνηνοῦ,
1570 5525 1646 5588 ὧν
1690 5533 1746 5586 αἱ
1793 5517 2052 5601 δυνάμεις

478 5636 899 5706 συνωψίσθησαν
957 5633 1016 5683 ὲν
1076 5632 1192 5693 τοῖς
1244 5627 1373 5698 περὶ
1441 5625 1650 5696 φονέων
1722 5624 1916 5678 κανόσι
1955 5622 2050 5676 τοῦ

481 5732 724 5804 μεγάλου
767 5723 1075 5784 Βασιλείου.
1123 5721 1431 5792 Ἐρωτήσει
1462 5718 1521 5772 δέ
1547 5734 1654 5782 τις,
1682 5715 1759 5780 ὡς
1793 5717 1857 5769 ὲκ
1886 5715 2050 5785 μόνου

477 5821 807 5879 τοῦλδοῦναί
837 5834 961 5873 τινα
1035 5815 1171 5885 πρὸς
1208 5815 1444 5884 γυναῖκα
1498 5808 1872 5884 ἀμδλωθρίδια
1913 5808 2052 5862 6m-

2134 3235 2308 3290 armis
2356 3231 2695 3297 obambulat,
2747 3239 2801 3284 et
2849 3228 2963 3300 qui,
3001 3242 3126 3283 cum
3176 3225 3556 3295 magistratum
3609 3237 3705 3294 ge—

2133 3333 2281 3380 reret
2312 3322 2396 3378 vel
2440 3320 2650 3392 judicio
2703 3325 2985 3390 praeesset,
3037 3313 3417 3387 procuraret-it
3472 3320 3531 3366 ut
3583 3310 3708 3380 quis

2135 3418 2262 3474 (lete
2298 3421 2677 3477 accusaretur,
2718 3421 2770 3466 et
2806 3411 3086 3466 innocens.
3116 3407 3601 3468 condemnaretur,
3647 3409 3705 3458 et

2133 3511 2228 3581 qui
2256 3510 2320 3563 ad
2353 3506 2655 3562 tollendum
2693 3505 2762 3569 de
2796 3502 2976 3558 medio
3001 3514 3272 3554 venenum
3320 3492 3711 3567 praeparaverit

2134 3603 2221 3657 vel
2252 3600 2484 3657 dederit.
2519 3597 2584 3652 Et
2618 3611 2740 3665 cap.
2776 3595 2808 3650 5
2844 3595 2959 3663 lege
2987 3593 3054 3648 de
3082 3590 3374 3646 bomieidis
3407 3589 3514 3643 lata
3559 3597 3713 3643 tene-

2132 3703 2248 3758 tur,
2279 3691 2370 3763 qni
2409 3689 2476 3744 ad
2517 3688 2795 3742 hominem
2834 3681 3201 3738 occidendum
3249 3677 3709 3735 medicamentum

2138 3785 2291 3845 facit,
2319 3783 2403 3835 vel
2432 3781 2584 3844 emit,
2625 3778 2712 3832 vel
2747 3777 2932 3831 habet.
2978 3773 3121 3830 Sunt
3152 3780 3334 3826 autem
3391 3769 3713 3838 pbarmaca,

2136 3893 2260 3948 qua:
2287 3875 2583 3930 sanitatem
2621 3869 2882 3932 alierunt,
2913 3876 2966 3923 et
2995 3881 3116 3937 quae
3137 3865 3402 3920 dicuntur
3425 3859 3712 3915 amatoria.

2139 3946 2242 4035 Qui
2273 3975 2454 4020 autem
2495 3962 2707 4016 iaciunt
2738 3957 3030 4020 amatoria,
3068 3952 3366 4024 publicatis
3421 3946 3584 4004 bonis
3616 3961 3716 4000 ex-

2140 4058 2527 4114 terminentur.
2557 4051 2713 4119 Quod
2745 4052 2790 4105 si
2819 4050 2944 4118 quis
2989 4047 3155 4103 etiam
3193 4041 3488 4099 non.maio
3531 4038 3717 4092 animo

2143 4150 2362 4208 mulieri
2391 4147 2605 4203 dederit
2641 4143 3105 4201 medicamentum
3157 4138 3222 4192 ad
3266 4133 3711 4204 concipiendum,

2141 4257 2322 4312 eoque
2353 4247 2580 4308 accepto
2631 4243 2852 4291 mortua
2909 4231 3004 4293 sit,
3057 4229 3112 4284 in
3153 4227 3406 4282 exsilium
3456 4223 3714 4278 mittitur.

2145 4334 2515 4405 Ejusdemque
2547 4327 2746 4398 capitis
2777 4325 2960 4379 thema
2995 4322 3243 4381 tertium,
3271 4315 3460 4371 dicens
3485 4315 3538 4369 in
3569 4313 3721 4383 prin-

2143 4430 2334 4497 cipio:
2370 4426 2512 4494 Lege
2561 4422 2630 4477 de
2683 4415 2974 4474 homicidis
3025 4414 3136 4467 lata
3186 4418 3428 4471 tenetur,
3484 4415 3539 4461 et
3593 4405 3720 4474 qui-

2143 4534 2366 4588 cunque
2395 4512 2797 4588 pigmentarius
2845 4520 3053 4565 temere
3084 4506 3180 4560 dat
3221 4502 3718 4562 medicamentum,

2140 4615 2226 4670 vel
2252 4607 2680 4670 salamandram,
2712 4603 2799 4660 vel
2837 4601 3140 4662 aconitum,
3181 4593 3266 4651 vel
3319 4593 3720 4664 pityocampam

2143 4706 2227 4762 vel
2288 4699 2592 4773 buprestim
2634 4696 2717 4752 vel
2771 4693 3186 4761 mandragoram
3230 4686 3313 4742 vel
3355 4682 3725 4739 cantharides.

2145 4797 2210 4852 Et
2246 4772 2427 4851 thema
2453 4792 2489 4848 4
2522 4792 2790 4847 adversus
2821 4783 3130 4842 homicidas
3155 4795 3311 4852 poena
3345 4786 3450 4843 est,
3479 4778 3532 4831 in
3560 4772 3724 4830 claris

2145 4890 2366 4962 quidem
2409 4881 2669 4942 exsilium
2702 4891 2756 4938 et
2790 4879 3035 4953 perfecta
3072 4877 3344 4932 bonorum
3379 4869 3677 4943 publicatio
3707 4883 3723 4922 :

2147 4959 2203 5038 in
2232 4978 2626 5036 humilioribus
2677 4981 2860 5028 autem
2916 4971 3032 5026 ensi
3079 4976 3134 5024 ct
3180 4967 3376 5023 bestiis
3405 4962 3623 5030 subjici.
3662 4959 3730 5015 Et

2147 5075 2265 5129 haec
2296 5071 2518 5142 quidem
2553 5083 2620 5123 ex
2651 5064 2822 5122 veteri
2861 5064 2978 5134 lege
3008 5068 3065 5117 et
3097 5057 3345 5129 antiquis
3390 5054 3727 5111 canonibus.

2150 5167 2380 5222 Emissae
2411 5168 2540 5219 sunt
2571 5168 2754 5215 autem
2787 5157 2855 5213 de
2891 5154 3207 5216 homicidis,
3252 5161 3364 5206 tam
3399 5147 3733 5205 voluntariis

2149 5273 2316 5330 quam
2346 5250 2758 5314 involuntariis,
2794 5249 3025 5303 diversa:
3060 5243 3288 5300 novella:
3330 5243 3401 5298 ab
3437 5245 3570 5311 imp.
3630 5239 3731 5295 do-

2152 5351 2303 5405 mino
2337 5345 2704 5419 Constantino
2751 5339 3301 5411 Porphyrogenneta,
3357 5345 3410 5388 et
3463 5339 3729 5402 praestan-

2152 5438 2370 5494 tissimo
2409 5441 2712 5501 sanctoque
2754 5429 2887 5498 imp.
2934 5435 3128 5482 nostro
3158 5425 3383 5479 domino
3429 5419 3731 5477 Emanuele

2153 5533 2458 5591 Comueno,
2489 5539 2726 5596 quarum
2760 5522 2907 5577 vires
2942 5521 2997 5573 in
3047 5516 3356 5574 canonibus
3399 5512 3583 5583 magni
3625 5512 3732 5565 Ba-

2158 5622 2272 5679 silii
2318 5620 2386 5676 de
2413 5616 2704 5673 homicidis
2738 5615 2793 5669 in
2845 5612 3231 5680 compendium
3289 5607 3523 5663 redactae
3577 5613 3728 5662 sunt.

2157 5708 2586 5783 lnterrogaverit
2635 5713 2819 5762 autem
2850 5703 3148 5774 quispiam,
3204 5717 3272 5755 an
3329 5715 3395 5755 ex
3440 5713 3527 5765 eo,
3583 5699 3730 5769 quod

2162 5802 2375 5863 dederit
2404 5800 2679 5875 quispiam
2705 5793 2926 5854 mulieri
2953 5791 3410 5855 medicamentum
3459 5785 3537 5846 ad'
3573 5789 3734 5847 abor-
