  <div class='ocr_page' id='page_1' title='image "/cluster/home/n/w/nwhite01/storage/ocr_20150623/137:no.1/coo.31924054870427/419.png"; bbox 0 0 4062 6454; ppageno 0'>
   <div class='ocr_carea' id='block_1_1' title="bbox 395 364 500 426">
    <p class='ocr_par' dir='ltr' id='par_1_1' title="bbox 395 364 500 426">
     <span class='ocr_line' id='line_1_1' title="bbox 395 364 500 426; baseline -0.019 0"><span class='ocrx_word' id='word_1_1' title='bbox 395 364 500 426; x_wconf 77' lang='lat'><strong>827</strong></span> 
     </span>
    </p>
   </div>
   <div class='ocr_carea' id='block_1_2' title="bbox 1654 373 2361 433">
    <p class='ocr_par' dir='ltr' id='par_1_2' title="bbox 1654 373 2361 433">
     <span class='ocr_line' id='line_1_2' title="bbox 1654 373 2361 433; baseline -0.001 -1"><span class='ocrx_word' id='word_1_2' title='bbox 1654 374 1753 432; x_wconf 84' lang='lat' dir='ltr'><strong>Tll</strong></span> <span class='ocrx_word' id='word_1_3' title='bbox 1771 376 1929 433; x_wconf 62' lang='grc' dir='ltr'><strong>ΕΗΒ.</strong></span> <span class='ocrx_word' id='word_1_4' title='bbox 1960 373 2191 431; x_wconf 69' lang='lat' dir='ltr'>BALSA</span> <span class='ocrx_word' id='word_1_5' title='bbox 2204 373 2361 433; x_wconf 73' lang='grc' dir='ltr'><strong>ΜοΝ</strong></span> 
     </span>
    </p>
   </div>
   <div class='ocr_carea' id='block_1_3' title="bbox 3541 370 3652 428">
    <p class='ocr_par' dir='ltr' id='par_1_3' title="bbox 3541 370 3652 428">
     <span class='ocr_line' id='line_1_3' title="bbox 3541 370 3652 428; baseline 0 -1"><span class='ocrx_word' id='word_1_6' title='bbox 3541 370 3652 428; x_wconf 72' lang='lat'><strong>8‘28</strong></span> 
     </span>
    </p>
   </div>
   <div class='ocr_carea' id='block_1_4' title="bbox 394 484 1996 563">
    <p class='ocr_par' dir='ltr' id='par_1_4' title="bbox 394 484 1980 563">
     <span class='ocr_line' id='line_1_4' title="bbox 394 484 1980 563; baseline 0.003 -25"><span class='ocrx_word' id='word_1_7' title='bbox 394 487 624 549; x_wconf 88' lang='lat' dir='ltr'><strong>tionem,</strong></span> <span class='ocrx_word' id='word_1_8' title='bbox 665 484 937 541; x_wconf 73' lang='lat' dir='ltr'><strong>homicidii</strong></span> <span class='ocrx_word' id='word_1_9' title='bbox 968 488 1273 557; x_wconf 79' lang='lat' dir='ltr'><strong>tenebitur;</strong></span> <span class='ocrx_word' id='word_1_10' title='bbox 1313 491 1477 563; x_wconf 77' lang='lat'><strong>266</strong></span> <span class='ocrx_word' id='word_1_11' title='bbox 1508 508 1571 543; x_wconf 81' lang='lat' dir='ltr'><strong>an</strong></span> <span class='ocrx_word' id='word_1_12' title='bbox 1605 507 1740 561; x_wconf 91' lang='lat' dir='ltr'><strong>opus</strong></span> <span class='ocrx_word' id='word_1_13' title='bbox 1800 492 1871 545; x_wconf 87' lang='lat' dir='ltr'><strong>sit</strong></span> <span class='ocrx_word' id='word_1_14' title='bbox 1922 498 1980 543; x_wconf 87' lang='lat' dir='ltr'><strong>ut</strong></span> 
     </span>
    </p>
   </div>
   <div class='ocr_carea' id='block_1_5' title="bbox 2103 484 3654 563">
    <p class='ocr_par' dir='ltr' id='par_1_5' title="bbox 2103 485 3654 562">
     <span class='ocr_line' id='line_1_5' title="bbox 2103 485 3654 562; baseline -0.006 -19"><span class='ocrx_word' id='word_1_15' title='bbox 2103 496 2335 559; x_wconf 80' lang='grc' dir='ltr'>τεσεῐται</span> <span class='ocrx_word' id='word_1_16' title='bbox 2367 492 2443 562; x_wconf 83' lang='grc' dir='ltr'>τῷ</span> <span class='ocrx_word' id='word_1_17' title='bbox 2472 492 2580 544; x_wconf 80' lang='grc' dir='ltr'><strong>τῶν</strong></span> <span class='ocrx_word' id='word_1_18' title='bbox 2605 492 2809 559; x_wconf 86' lang='grc' dir='ltr'>φονέων</span> <span class='ocrx_word' id='word_1_19' title='bbox 2841 490 3173 558; x_wconf 70' lang='grc' dir='ltr'>ἐγκλήματι·</span> <span class='ocrx_word' id='word_1_20' title='bbox 3222 488 3253 556; x_wconf 84' lang='grc' dir='ltr'>ἢ</span> <span class='ocrx_word' id='word_1_21' title='bbox 3310 487 3474 556; x_wconf 80' lang='grc' dir='ltr'>χρεία.</span> <span class='ocrx_word' id='word_1_22' title='bbox 3529 485 3654 534; x_wconf 78' lang='grc' dir='ltr'>ἐστὶ</span> 
     </span>
    </p>
   </div>
   <div class='ocr_carea' id='block_1_6' title="bbox 399 566 1964 648">
    <p class='ocr_par' dir='ltr' id='par_1_6' title="bbox 399 566 1964 648">
     <span class='ocr_line' id='line_1_6' title="bbox 399 566 1964 648; baseline 0.006 -19"><span class='ocrx_word' id='word_1_23' title='bbox 399 585 667 643; x_wconf 88' lang='lat' dir='ltr'><strong>sequatur</strong></span> <span class='ocrx_word' id='word_1_24' title='bbox 696 578 858 630; x_wconf 87' lang='lat' dir='ltr'><strong>etiam</strong></span> <span class='ocrx_word' id='word_1_25' title='bbox 893 586 1121 635; x_wconf 80' lang='lat' dir='ltr'><strong>eventus</strong></span> <span class='ocrx_word' id='word_1_26' title='bbox 1150 582 1230 635; x_wconf 86' lang='lat' dir='ltr'><strong>vel</strong></span> <span class='ocrx_word' id='word_1_27' title='bbox 1269 566 1482 636; x_wconf 60' lang='lat' dir='ltr'><strong>caules?</strong></span> <span class='ocrx_word' id='word_1_28' title='bbox 1531 583 1762 638; x_wconf 79' lang='lat' dir='ltr'><strong>Salutio.</strong></span> <span class='ocrx_word' id='word_1_29' title='bbox 1812 581 1964 648; x_wconf 83' lang='lat' dir='ltr'><strong>Quod</strong></span> 
     </span>
    </p>
   </div>
   <div class='ocr_carea' id='block_1_7' title="bbox 400 670 1966 740">
    <p class='ocr_par' dir='ltr' id='par_1_7' title="bbox 400 670 1966 740">
     <span class='ocr_line' id='line_1_7' title="bbox 400 670 1966 740; baseline 0.002 -17"><span class='ocrx_word' id='word_1_30' title='bbox 400 670 654 737; x_wconf 82' lang='lat' dir='ltr'><strong>superius</strong></span> <span class='ocrx_word' id='word_1_31' title='bbox 688 670 924 737; x_wconf 89' lang='lat' dir='ltr'><strong>positum</strong></span> <span class='ocrx_word' id='word_1_32' title='bbox 953 680 1034 725; x_wconf 89' lang='lat' dir='ltr'><strong>est</strong></span> <span class='ocrx_word' id='word_1_33' title='bbox 1063 681 1225 740; x_wconf 86' lang='lat' dir='ltr'><strong>caput</strong></span> <span class='ocrx_word' id='word_1_34' title='bbox 1253 674 1308 736; x_wconf 76' lang='lat'><strong>3,</strong></span> <span class='ocrx_word' id='word_1_35' title='bbox 1345 674 1412 728; x_wconf 79' lang='grc'><strong>59</strong></span> <span class='ocrx_word' id='word_1_36' title='bbox 1482 674 1570 728; x_wconf 92' lang='lat' dir='ltr'><strong>tit.</strong></span> <span class='ocrx_word' id='word_1_37' title='bbox 1603 691 1670 728; x_wconf 73' lang='grc' dir='ltr'><strong>ιτ(</strong></span> <span class='ocrx_word' id='word_1_38' title='bbox 1706 674 1800 727; x_wconf 90' lang='lat' dir='ltr'><strong>lib.</strong></span> <span class='ocrx_word' id='word_1_39' title='bbox 1830 689 1966 728; x_wconf 66' lang='lat' dir='ltr'><strong>can-</strong></span> 
     </span>
    </p>
   </div>
   <div class='ocr_carea' id='block_1_8' title="bbox 405 763 1969 834">
    <p class='ocr_par' dir='ltr' id='par_1_8' title="bbox 405 763 1969 834">
     <span class='ocr_line' id='line_1_8' title="bbox 405 763 1969 834; baseline 0.003 -20"><span class='ocrx_word' id='word_1_40' title='bbox 405 763 602 825; x_wconf 89' lang='lat' dir='ltr'><strong>stituit,</strong></span> <span class='ocrx_word' id='word_1_41' title='bbox 638 778 743 816; x_wconf 89' lang='lat' dir='ltr'><strong>non</strong></span> <span class='ocrx_word' id='word_1_42' title='bbox 782 778 906 816; x_wconf 90' lang='lat' dir='ltr'><strong>eum</strong></span> <span class='ocrx_word' id='word_1_43' title='bbox 950 763 1127 818; x_wconf 89' lang='lat' dir='ltr'><strong>solum</strong></span> <span class='ocrx_word' id='word_1_44' title='bbox 1181 765 1273 834; x_wconf 88' lang='lat' dir='ltr'><strong>qui</strong></span> <span class='ocrx_word' id='word_1_45' title='bbox 1317 764 1412 820; x_wconf 89' lang='lat' dir='ltr'><strong>dat</strong></span> <span class='ocrx_word' id='word_1_46' title='bbox 1460 782 1729 821; x_wconf 85' lang='lat' dir='ltr'><strong>venenum</strong></span> <span class='ocrx_word' id='word_1_47' title='bbox 1787 766 1969 834; x_wconf 89' lang='lat' dir='ltr'><strong>puniri</strong></span> 
     </span>
    </p>
   </div>
   <div class='ocr_carea' id='block_1_9' title="bbox 403 852 1969 928">
    <p class='ocr_par' dir='ltr' id='par_1_9' title="bbox 403 852 1969 928">
     <span class='ocr_line' id='line_1_9' title="bbox 403 852 1969 928; baseline 0.006 -23"><span class='ocrx_word' id='word_1_48' title='bbox 403 862 464 905; x_wconf 90' lang='lat' dir='ltr'><strong>ut</strong></span> <span class='ocrx_word' id='word_1_49' title='bbox 498 852 850 918; x_wconf 80' lang='lat' dir='ltr'><strong>homicidam,</strong></span> <span class='ocrx_word' id='word_1_50' title='bbox 886 855 980 909; x_wconf 90' lang='lat' dir='ltr'><strong>sed</strong></span> <span class='ocrx_word' id='word_1_51' title='bbox 1013 871 1137 909; x_wconf 89' lang='lat' dir='ltr'><strong>eum</strong></span> <span class='ocrx_word' id='word_1_52' title='bbox 1174 858 1339 911; x_wconf 86' lang='lat' dir='ltr'><strong>etiam</strong></span> <span class='ocrx_word' id='word_1_53' title='bbox 1368 860 1458 924; x_wconf 89' lang='lat' dir='ltr'><strong>qui</strong></span> <span class='ocrx_word' id='word_1_54' title='bbox 1493 861 1597 913; x_wconf 88' lang='lat' dir='ltr'><strong>tale</strong></span> <span class='ocrx_word' id='word_1_55' title='bbox 1626 860 1755 928; x_wconf 90' lang='lat' dir='ltr'><strong>quid</strong></span> <span class='ocrx_word' id='word_1_56' title='bbox 1786 861 1969 914; x_wconf 79' lang='lat' dir='ltr'><strong>habet:</strong></span> 
     </span>
    </p>
   </div>
   <div class='ocr_carea' id='block_1_10' title="bbox 399 944 1969 1017">
    <p class='ocr_par' dir='ltr' id='par_1_10' title="bbox 399 944 1969 1017">
     <span class='ocr_line' id='line_1_10' title="bbox 399 944 1969 1017; baseline 0.006 -24"><span class='ocrx_word' id='word_1_57' title='bbox 399 955 452 998; x_wconf 82' lang='lat' dir='ltr'><strong>et</strong></span> <span class='ocrx_word' id='word_1_58' title='bbox 482 944 517 997; x_wconf 74' lang='grc'><strong>2</strong></span> <span class='ocrx_word' id='word_1_59' title='bbox 554 946 735 997; x_wconf 90' lang='lat' dir='ltr'><strong>thema</strong></span> <span class='ocrx_word' id='word_1_60' title='bbox 778 946 937 1014; x_wconf 86' lang='lat' dir='ltr'><strong>primi</strong></span> <span class='ocrx_word' id='word_1_61' title='bbox 982 948 1179 1015; x_wconf 76' lang='lat' dir='ltr'><strong>capitis</strong></span> <span class='ocrx_word' id='word_1_62' title='bbox 1218 948 1463 1017; x_wconf 85' lang='lat' dir='ltr'><strong>ejusdem</strong></span> <span class='ocrx_word' id='word_1_63' title='bbox 1499 952 1584 1004; x_wconf 89' lang='lat' dir='ltr'><strong>tit.</strong></span> <span class='ocrx_word' id='word_1_64' title='bbox 1640 962 1692 1004; x_wconf 88' lang='lat' dir='ltr'><strong>et</strong></span> <span class='ocrx_word' id='word_1_65' title='bbox 1742 952 1838 1005; x_wconf 83' lang='lat' dir='ltr'><strong>lib.</strong></span> <span class='ocrx_word' id='word_1_66' title='bbox 1887 950 1969 1003; x_wconf 64' lang='lat' dir='ltr'><strong>dio</strong></span> 
     </span>
    </p>
   </div>
   <div class='ocr_carea' id='block_1_11' title="bbox 399 1036 1973 1110">
    <p class='ocr_par' dir='ltr' id='par_1_11' title="bbox 399 1036 1973 1110">
     <span class='ocr_line' id='line_1_11' title="bbox 399 1036 1973 1110; baseline 0.004 -22"><span class='ocrx_word' id='word_1_67' title='bbox 399 1038 505 1089; x_wconf 88' lang='lat' dir='ltr'><strong>cit:</strong></span> <span class='ocrx_word' id='word_1_68' title='bbox 530 1036 630 1101; x_wconf 86' lang='lat' dir='ltr'><strong>Qui</strong></span> <span class='ocrx_word' id='word_1_69' title='bbox 670 1052 735 1089; x_wconf 85' lang='lat' dir='ltr'><strong>eo</strong></span> <span class='ocrx_word' id='word_1_70' title='bbox 766 1037 861 1090; x_wconf 88' lang='lat' dir='ltr'><strong>fuit</strong></span> <span class='ocrx_word' id='word_1_71' title='bbox 892 1039 1075 1091; x_wconf 86' lang='lat' dir='ltr'><strong>animo</strong></span> <span class='ocrx_word' id='word_1_72' title='bbox 1108 1048 1167 1092; x_wconf 93' lang='lat' dir='ltr'><strong>ut</strong></span> <span class='ocrx_word' id='word_1_73' title='bbox 1200 1040 1354 1094; x_wconf 79' lang='lat' dir='ltr'><strong>vellet</strong></span> <span class='ocrx_word' id='word_1_74' title='bbox 1406 1041 1729 1110; x_wconf 83' lang='lat' dir='ltr'><strong>interficere,</strong></span> <span class='ocrx_word' id='word_1_75' title='bbox 1760 1041 1973 1097; x_wconf 83' lang='lat' dir='ltr'><strong>etiamsi</strong></span> 
     </span>
    </p>
   </div>
   <div class='ocr_carea' id='block_1_12' title="bbox 404 1129 1973 1198">
    <p class='ocr_par' dir='ltr' id='par_1_12' title="bbox 404 1129 1973 1198">
     <span class='ocr_line' id='line_1_12' title="bbox 404 1129 1973 1198; baseline 0.004 -17"><span class='ocrx_word' id='word_1_76' title='bbox 404 1143 517 1181; x_wconf 89' lang='lat' dir='ltr'><strong>non</strong></span> <span class='ocrx_word' id='word_1_77' title='bbox 552 1129 912 1193; x_wconf 76' lang='lat' dir='ltr'><strong>interfecerit,</strong></span> <span class='ocrx_word' id='word_1_78' title='bbox 963 1130 1057 1185; x_wconf 91' lang='lat' dir='ltr'><strong>sed</strong></span> <span class='ocrx_word' id='word_1_79' title='bbox 1111 1133 1467 1198; x_wconf 82' lang='lat' dir='ltr'><strong>saneiaverit,</strong></span> <span class='ocrx_word' id='word_1_80' title='bbox 1525 1143 1610 1188; x_wconf 88' lang='lat' dir='ltr'><strong>est</strong></span> <span class='ocrx_word' id='word_1_81' title='bbox 1659 1136 1973 1188; x_wconf 86' lang='lat' dir='ltr'><strong>hemicida:</strong></span> 
     </span>
    </p>
   </div>
   <div class='ocr_carea' id='block_1_13' title="bbox 401 1220 1971 1291">
    <p class='ocr_par' dir='ltr' id='par_1_13' title="bbox 401 1220 1971 1291">
     <span class='ocr_line' id='line_1_13' title="bbox 401 1220 1971 1291; baseline 0.006 -21"><span class='ocrx_word' id='word_1_82' title='bbox 401 1229 455 1271; x_wconf 89' lang='lat' dir='ltr'><strong>et</strong></span> <span class='ocrx_word' id='word_1_83' title='bbox 487 1220 578 1286; x_wconf 92' lang='lat' dir='ltr'><strong>qui</strong></span> <span class='ocrx_word' id='word_1_84' title='bbox 616 1221 793 1275; x_wconf 86' lang='lat' dir='ltr'><strong>noluit</strong></span> <span class='ocrx_word' id='word_1_85' title='bbox 841 1221 1172 1287; x_wconf 87' lang='lat' dir='ltr'><strong>interlicere,</strong></span> <span class='ocrx_word' id='word_1_86' title='bbox 1201 1224 1416 1278; x_wconf 89' lang='lat' dir='ltr'><strong>etiamsi</strong></span> <span class='ocrx_word' id='word_1_87' title='bbox 1452 1225 1813 1291; x_wconf 75' lang='lat' dir='ltr'><strong>interfecerit,</strong></span> <span class='ocrx_word' id='word_1_88' title='bbox 1861 1243 1971 1281; x_wconf 90' lang='lat' dir='ltr'><strong>non</strong></span> 
     </span>
    </p>
   </div>
   <div class='ocr_carea' id='block_1_14' title="bbox 401 1307 1969 1383">
    <p class='ocr_par' dir='ltr' id='par_1_14' title="bbox 401 1307 1969 1383">
     <span class='ocr_line' id='line_1_14' title="bbox 401 1307 1969 1383; baseline 0.006 -23"><span class='ocrx_word' id='word_1_89' title='bbox 401 1316 495 1373; x_wconf 88' lang='lat' dir='ltr'><strong>est</strong></span> <span class='ocrx_word' id='word_1_90' title='bbox 518 1307 806 1362; x_wconf 80' lang='lat' dir='ltr'><strong>homicida.</strong></span> <span class='ocrx_word' id='word_1_91' title='bbox 842 1308 1076 1364; x_wconf 71' lang='grc' dir='ltr'><strong>Δαρειῑο</strong></span> <span class='ocrx_word' id='word_1_92' title='bbox 1107 1320 1286 1364; x_wconf 90' lang='lat' dir='ltr'><strong>autem</strong></span> <span class='ocrx_word' id='word_1_93' title='bbox 1353 1328 1415 1366; x_wconf 79' lang='lat' dir='ltr'><strong>ex</strong></span> <span class='ocrx_word' id='word_1_94' title='bbox 1449 1313 1819 1368; x_wconf 87' lang='lat' dir='ltr'><strong>instrumento</strong></span> <span class='ocrx_word' id='word_1_95' title='bbox 1847 1316 1969 1383; x_wconf 87' lang='lat' dir='ltr'><strong>ejus</strong></span> 
     </span>
    </p>
   </div>
   <div class='ocr_carea' id='block_1_15' title="bbox 405 1398 1978 1477">
    <p class='ocr_par' dir='ltr' id='par_1_15' title="bbox 405 1398 1978 1477">
     <span class='ocr_line' id='line_1_15' title="bbox 405 1398 1978 1477; baseline 0.007 -27"><span class='ocrx_word' id='word_1_96' title='bbox 405 1398 500 1464; x_wconf 87' lang='lat' dir='ltr'><strong>qui</strong></span> <span class='ocrx_word' id='word_1_97' title='bbox 541 1402 849 1468; x_wconf 86' lang='lat' dir='ltr'><strong>percussit,</strong></span> <span class='ocrx_word' id='word_1_98' title='bbox 907 1411 1135 1471; x_wconf 77' lang='lat' dir='ltr'><strong>apparet</strong></span> <span class='ocrx_word' id='word_1_99' title='bbox 1189 1411 1242 1457; x_wconf 84' lang='lat' dir='ltr'><strong>et</strong></span> <span class='ocrx_word' id='word_1_100' title='bbox 1294 1404 1582 1473; x_wconf 87' lang='lat' dir='ltr'><strong>probatur.</strong></span> <span class='ocrx_word' id='word_1_101' title='bbox 1640 1406 1745 1460; x_wconf 74' lang='lat' dir='ltr'><strong>Sed</strong></span> <span class='ocrx_word' id='word_1_102' title='bbox 1798 1409 1978 1477; x_wconf 80' lang='lat' dir='ltr'><strong>magni</strong></span> 
     </span>
    </p>
   </div>
   <div class='ocr_carea' id='block_1_16' title="bbox 410 1490 1979 1567">
    <p class='ocr_par' dir='ltr' id='par_1_16' title="bbox 410 1490 1979 1567">
     <span class='ocr_line' id='line_1_16' title="bbox 410 1490 1979 1567; baseline 0.007 -25"><span class='ocrx_word' id='word_1_103' title='bbox 410 1490 593 1545; x_wconf 82' lang='lat' dir='ltr'><strong>Basilii</strong></span> <span class='ocrx_word' id='word_1_104' title='bbox 640 1507 880 1546; x_wconf 80' lang='lat' dir='ltr'><strong>canones</strong></span> <span class='ocrx_word' id='word_1_105' title='bbox 913 1495 1070 1548; x_wconf 85' lang='lat' dir='ltr'><strong>etiam</strong></span> <span class='ocrx_word' id='word_1_106' title='bbox 1098 1511 1219 1549; x_wconf 90' lang='lat' dir='ltr'><strong>eum</strong></span> <span class='ocrx_word' id='word_1_107' title='bbox 1259 1497 1353 1565; x_wconf 89' lang='lat' dir='ltr'><strong>qui</strong></span> <span class='ocrx_word' id='word_1_108' title='bbox 1401 1514 1509 1551; x_wconf 91' lang='lat' dir='ltr'><strong>non</strong></span> <span class='ocrx_word' id='word_1_109' title='bbox 1546 1510 1742 1567; x_wconf 86' lang='lat' dir='ltr'><strong>sponte</strong></span> <span class='ocrx_word' id='word_1_110' title='bbox 1809 1499 1979 1554; x_wconf 89' lang='lat' dir='ltr'><strong>inter-</strong></span> 
     </span>
    </p>
   </div>
   <div class='ocr_carea' id='block_1_17' title="bbox 411 1581 1980 1658">
    <p class='ocr_par' dir='ltr' id='par_1_17' title="bbox 411 1581 1980 1658">
     <span class='ocr_line' id='line_1_17' title="bbox 411 1581 1980 1658; baseline 0.006 -23"><span class='ocrx_word' id='word_1_111' title='bbox 411 1581 564 1645; x_wconf 74' lang='lat' dir='ltr'><strong>fecit,</strong></span> <span class='ocrx_word' id='word_1_112' title='bbox 613 1583 1116 1655; x_wconf 87' lang='lat' dir='ltr'><strong>quomodocunque</strong></span> <span class='ocrx_word' id='word_1_113' title='bbox 1169 1586 1352 1653; x_wconf 69' lang='lat' dir='ltr'><strong>fuerit,</strong></span> <span class='ocrx_word' id='word_1_114' title='bbox 1410 1590 1646 1658; x_wconf 89' lang='lat' dir='ltr'><strong>punittnt</strong></span> <span class='ocrx_word' id='word_1_115' title='bbox 1700 1600 1750 1646; x_wconf 91' lang='lat' dir='ltr'><strong>ut</strong></span> <span class='ocrx_word' id='word_1_116' title='bbox 1804 1592 1980 1646; x_wconf 86' lang='lat' dir='ltr'><strong>benti-</strong></span> 
     </span>
    </p>
   </div>
   <div class='ocr_carea' id='block_1_18' title="bbox 412 1672 1983 1751">
    <p class='ocr_par' dir='ltr' id='par_1_18' title="bbox 412 1672 1983 1751">
     <span class='ocr_line' id='line_1_18' title="bbox 412 1672 1983 1751; baseline 0.006 -23"><span class='ocrx_word' id='word_1_117' title='bbox 412 1674 587 1728; x_wconf 87' lang='lat' dir='ltr'><strong>cidam</strong></span> <span class='ocrx_word' id='word_1_118' title='bbox 622 1717 637 1741; x_wconf 88' lang='lat'><strong>,</strong></span> <span class='ocrx_word' id='word_1_119' title='bbox 702 1672 889 1729; x_wconf 87' lang='lat' dir='ltr'><strong>contra</strong></span> <span class='ocrx_word' id='word_1_120' title='bbox 951 1692 1014 1730; x_wconf 90' lang='lat' dir='ltr'><strong>ac</strong></span> <span class='ocrx_word' id='word_1_121' title='bbox 1073 1680 1559 1747; x_wconf 69' lang='lat' dir='ltr'><strong>comprehenditur</strong></span> <span class='ocrx_word' id='word_1_122' title='bbox 1617 1686 1718 1737; x_wconf 85' lang='lat' dir='ltr'><strong>hac</strong></span> <span class='ocrx_word' id='word_1_123' title='bbox 1756 1683 1897 1751; x_wconf 78' lang='lat' dir='ltr'><strong>lege,</strong></span> <span class='ocrx_word' id='word_1_124' title='bbox 1927 1695 1983 1737; x_wconf 85' lang='lat' dir='ltr'><strong>et</strong></span> 
     </span>
    </p>
   </div>
   <div class='ocr_carea' id='block_1_19' title="bbox 417 1765 1973 1839">
    <p class='ocr_par' dir='ltr' id='par_1_19' title="bbox 417 1765 1973 1839">
     <span class='ocr_line' id='line_1_19' title="bbox 417 1765 1973 1839; baseline 0.008 -24"><span class='ocrx_word' id='word_1_125' title='bbox 417 1765 578 1821; x_wconf 88' lang='lat' dir='ltr'><strong>aliter</strong></span> <span class='ocrx_word' id='word_1_126' title='bbox 632 1783 793 1835; x_wconf 86' lang='lat' dir='ltr'><strong>quam</strong></span> <span class='ocrx_word' id='word_1_127' title='bbox 831 1769 1075 1822; x_wconf 82' lang='lat' dir='ltr'><strong>decernit</strong></span> <span class='ocrx_word' id='word_1_128' title='bbox 1120 1768 1151 1822; x_wconf 89' lang='lat'><strong>6</strong></span> <span class='ocrx_word' id='word_1_129' title='bbox 1184 1772 1361 1823; x_wconf 82' lang='lat' dir='ltr'><strong>thema</strong></span> <span class='ocrx_word' id='word_1_130' title='bbox 1400 1773 1432 1825; x_wconf 81' lang='grc'><strong>5</strong></span> <span class='ocrx_word' id='word_1_131' title='bbox 1483 1789 1599 1839; x_wconf 77' lang='lat' dir='ltr'><strong>r-ap.</strong></span> <span class='ocrx_word' id='word_1_132' title='bbox 1644 1774 1710 1828; x_wconf 81' lang='grc'>59</span> <span class='ocrx_word' id='word_1_133' title='bbox 1768 1776 1853 1828; x_wconf 89' lang='lat' dir='ltr'><strong>tit.</strong></span> <span class='ocrx_word' id='word_1_134' title='bbox 1904 1790 1973 1831; x_wconf 69' lang='grc' dir='ltr'><strong>ιιι</strong></span> 
     </span>
    </p>
   </div>
   <div class='ocr_carea' id='block_1_20' title="bbox 416 1858 1991 1925">
    <p class='ocr_par' dir='ltr' id='par_1_20' title="bbox 416 1858 1991 1925">
     <span class='ocr_line' id='line_1_20' title="bbox 416 1858 1991 1925; baseline 0.008 -16"><span class='ocrx_word' id='word_1_135' title='bbox 416 1858 513 1911; x_wconf 86' lang='lat' dir='ltr'><strong>lib.</strong></span> <span class='ocrx_word' id='word_1_136' title='bbox 553 1860 697 1925; x_wconf 88' lang='lat' dir='ltr'><strong>quod</strong></span> <span class='ocrx_word' id='word_1_137' title='bbox 731 1862 813 1913; x_wconf 89' lang='lat' dir='ltr'><strong>sic</strong></span> <span class='ocrx_word' id='word_1_138' title='bbox 845 1859 983 1913; x_wconf 91' lang='lat' dir='ltr'><strong>dicit</strong></span> <span class='ocrx_word' id='word_1_139' title='bbox 1029 1880 1042 1915; x_wconf 91' lang='lat'><strong>:</strong></span> <span class='ocrx_word' id='word_1_140' title='bbox 1095 1861 1201 1915; x_wconf 77' lang='lat' dir='ltr'><strong>Lex</strong></span> <span class='ocrx_word' id='word_1_141' title='bbox 1233 1863 1301 1915; x_wconf 83' lang='lat' dir='ltr'><strong>de</strong></span> <span class='ocrx_word' id='word_1_142' title='bbox 1352 1863 1642 1918; x_wconf 67' lang='lat' dir='ltr'><strong>ltutt&#39;ticitlis</strong></span> <span class='ocrx_word' id='word_1_143' title='bbox 1678 1866 1864 1919; x_wconf 80' lang='lat' dir='ltr'><strong>dolum</strong></span> <span class='ocrx_word' id='word_1_144' title='bbox 1902 1882 1991 1922; x_wconf 88' lang='lat' dir='ltr'><strong>re-</strong></span> 
     </span>
    </p>
   </div>
   <div class='ocr_carea' id='block_1_21' title="bbox 416 1949 1992 2025">
    <p class='ocr_par' dir='ltr' id='par_1_21' title="bbox 416 1949 1992 2025">
     <span class='ocr_line' id='line_1_21' title="bbox 416 1949 1992 2025; baseline 0.006 -25"><span class='ocrx_word' id='word_1_145' title='bbox 416 1949 608 2015; x_wconf 89' lang='lat' dir='ltr'><strong>quirit,</strong></span> <span class='ocrx_word' id='word_1_146' title='bbox 665 1961 716 2004; x_wconf 87' lang='lat' dir='ltr'><strong>et</strong></span> <span class='ocrx_word' id='word_1_147' title='bbox 771 1967 877 2005; x_wconf 89' lang='lat' dir='ltr'><strong>non</strong></span> <span class='ocrx_word' id='word_1_148' title='bbox 936 1967 1185 2021; x_wconf 66' lang='lat' dir='ltr'><strong>magnam</strong></span> <span class='ocrx_word' id='word_1_149' title='bbox 1246 1956 1651 2025; x_wconf 75' lang='lat' dir='ltr'><strong>negligentiam.</strong></span> <span class='ocrx_word' id='word_1_150' title='bbox 1710 1956 1892 2021; x_wconf 84' lang='lat' dir='ltr'><strong>Quare</strong></span> <span class='ocrx_word' id='word_1_151' title='bbox 1949 1958 1992 2012; x_wconf 89' lang='lat' dir='ltr'><strong>si</strong></span> 
     </span>
    </p>
   </div>
   <div class='ocr_carea' id='block_1_22' title="bbox 415 2043 1996 2111">
    <p class='ocr_par' dir='ltr' id='par_1_22' title="bbox 415 2043 1996 2111">
     <span class='ocr_line' id='line_1_22' title="bbox 415 2043 1996 2111; baseline 0.007 -18"><span class='ocrx_word' id='word_1_152' title='bbox 415 2043 564 2109; x_wconf 85' lang='lat' dir='ltr'><strong>quis.</strong></span> <span class='ocrx_word' id='word_1_153' title='bbox 615 2043 797 2110; x_wconf 81' lang='lat' dir='ltr'><strong>seipse</strong></span> <span class='ocrx_word' id='word_1_154' title='bbox 860 2059 923 2097; x_wconf 81' lang='lat' dir='ltr'><strong>ex</strong></span> <span class='ocrx_word' id='word_1_155' title='bbox 978 2047 1087 2099; x_wconf 87' lang='lat' dir='ltr'><strong>alto</strong></span> <span class='ocrx_word' id='word_1_156' title='bbox 1145 2045 1376 2111; x_wconf 75' lang='lat' dir='ltr'><strong>deiecto,</strong></span> <span class='ocrx_word' id='word_1_157' title='bbox 1433 2047 1515 2100; x_wconf 85' lang='lat' dir='ltr'><strong>vel</strong></span> <span class='ocrx_word' id='word_1_158' title='bbox 1570 2063 1724 2101; x_wconf 89' lang='lat' dir='ltr'><strong>ramo</strong></span> <span class='ocrx_word' id='word_1_159' title='bbox 1779 2050 1996 2104; x_wconf 86' lang='lat' dir='ltr'><strong>arboris</strong></span> 
     </span>
    </p>
   </div>
   <div class='ocr_carea' id='block_1_23' title="bbox 418 2137 1991 2209">
    <p class='ocr_par' dir='ltr' id='par_1_23' title="bbox 418 2137 1991 2209">
     <span class='ocr_line' id='line_1_23' title="bbox 418 2137 1991 2209; baseline 0.006 -21"><span class='ocrx_word' id='word_1_160' title='bbox 418 2137 681 2188; x_wconf 88' lang='lat' dir='ltr'><strong>deorsum</strong></span> <span class='ocrx_word' id='word_1_161' title='bbox 754 2138 947 2201; x_wconf 86' lang='lat' dir='ltr'><strong>misso,</strong></span> <span class='ocrx_word' id='word_1_162' title='bbox 1009 2140 1319 2207; x_wconf 73' lang='lat' dir='ltr'><strong>quempiam</strong></span> <span class='ocrx_word' id='word_1_163' title='bbox 1376 2139 1683 2205; x_wconf 82' lang='lat' dir='ltr'><strong>occiderit,</strong></span> <span class='ocrx_word' id='word_1_164' title='bbox 1736 2144 1991 2209; x_wconf 63' lang='lat' dir='ltr'><strong>praesenti</strong></span> 
     </span>
    </p>
   </div>
   <div class='ocr_carea' id='block_1_24' title="bbox 421 2228 1997 2302">
    <p class='ocr_par' dir='ltr' id='par_1_24' title="bbox 421 2228 1997 2302">
     <span class='ocr_line' id='line_1_24' title="bbox 421 2228 1997 2302; baseline 0.008 -25"><span class='ocrx_word' id='word_1_165' title='bbox 421 2228 536 2295; x_wconf 72' lang='lat' dir='ltr'><strong>lege</strong></span> <span class='ocrx_word' id='word_1_166' title='bbox 567 2244 672 2282; x_wconf 93' lang='lat' dir='ltr'><strong>non</strong></span> <span class='ocrx_word' id='word_1_167' title='bbox 711 2237 951 2287; x_wconf 91' lang='lat' dir='ltr'><strong>tenetur.</strong></span> <span class='ocrx_word' id='word_1_168' title='bbox 982 2231 1100 2285; x_wconf 82' lang='lat' dir='ltr'><strong>Jam</strong></span> <span class='ocrx_word' id='word_1_169' title='bbox 1130 2248 1260 2285; x_wconf 76' lang='lat' dir='ltr'><strong>vero</strong></span> <span class='ocrx_word' id='word_1_170' title='bbox 1294 2233 1351 2285; x_wconf 80' lang='lat'><strong>5|</strong></span> <span class='ocrx_word' id='word_1_171' title='bbox 1392 2233 1524 2302; x_wconf 88' lang='lat' dir='ltr'><strong>imp.</strong></span> <span class='ocrx_word' id='word_1_172' title='bbox 1558 2234 1763 2286; x_wconf 86' lang='lat' dir='ltr'><strong>domini</strong></span> <span class='ocrx_word' id='word_1_173' title='bbox 1800 2234 1997 2290; x_wconf 87' lang='lat' dir='ltr'><strong>Leonis</strong></span> 
     </span>
    </p>
   </div>
   <div class='ocr_carea' id='block_1_25' title="bbox 418 2318 1992 2395">
    <p class='ocr_par' dir='ltr' id='par_1_25' title="bbox 418 2318 1992 2395">
     <span class='ocr_line' id='line_1_25' title="bbox 418 2318 1992 2395; baseline 0.006 -22"><span class='ocrx_word' id='word_1_174' title='bbox 418 2318 738 2387; x_wconf 81' lang='lat' dir='ltr'><strong>Philosophi</strong></span> <span class='ocrx_word' id='word_1_175' title='bbox 780 2325 992 2395; x_wconf 74' lang='lat' dir='ltr'><strong>no&#39;vella</strong></span> <span class='ocrx_word' id='word_1_176' title='bbox 1031 2326 1123 2379; x_wconf 89' lang='lat' dir='ltr'><strong>dat</strong></span> <span class='ocrx_word' id='word_1_177' title='bbox 1177 2326 1295 2380; x_wconf 81' lang='lat' dir='ltr'><strong>viro</strong></span> <span class='ocrx_word' id='word_1_178' title='bbox 1332 2334 1658 2395; x_wconf 85' lang='lat' dir='ltr'><strong>potestatem</strong></span> <span class='ocrx_word' id='word_1_179' title='bbox 1701 2329 1992 2383; x_wconf 88' lang='lat' dir='ltr'><strong>matrimo-</strong></span> 
     </span>
    </p>
   </div>
   <div class='ocr_carea' id='block_1_26' title="bbox 423 2411 1991 2489">
    <p class='ocr_par' dir='ltr' id='par_1_26' title="bbox 423 2411 1991 2489">
     <span class='ocr_line' id='line_1_26' title="bbox 423 2411 1991 2489; baseline 0.009 -28"><span class='ocrx_word' id='word_1_180' title='bbox 423 2411 575 2464; x_wconf 87' lang='lat' dir='ltr'><strong>nium</strong></span> <span class='ocrx_word' id='word_1_181' title='bbox 613 2413 950 2469; x_wconf 83' lang='lat' dir='ltr'><strong>dissolvendi</strong></span> <span class='ocrx_word' id='word_1_182' title='bbox 1013 2433 1136 2470; x_wconf 88' lang='lat' dir='ltr'><strong>cum</strong></span> <span class='ocrx_word' id='word_1_183' title='bbox 1194 2435 1388 2485; x_wconf 84' lang='lat' dir='ltr'><strong>uxore,</strong></span> <span class='ocrx_word' id='word_1_184' title='bbox 1426 2436 1545 2489; x_wconf 61' lang='lat' dir='ltr'><strong>quae</strong></span> <span class='ocrx_word' id='word_1_185' title='bbox 1603 2421 1748 2478; x_wconf 92' lang='lat' dir='ltr'><strong>illius</strong></span> <span class='ocrx_word' id='word_1_186' title='bbox 1807 2437 1991 2477; x_wconf 85' lang='lat' dir='ltr'><strong>semen</strong></span> 
     </span>
    </p>
   </div>
   <div class='ocr_carea' id='block_1_27' title="bbox 417 2503 1117 2575">
    <p class='ocr_par' dir='ltr' id='par_1_27' title="bbox 417 2503 1117 2575">
     <span class='ocr_line' id='line_1_27' title="bbox 417 2503 1117 2575; baseline 0.013 -21"><span class='ocrx_word' id='word_1_187' title='bbox 417 2503 703 2559; x_wconf 77' lang='lat' dir='ltr'><strong>almrtione</strong></span> <span class='ocrx_word' id='word_1_188' title='bbox 738 2506 919 2561; x_wconf 88' lang='lat' dir='ltr'><strong>sciens</strong></span> <span class='ocrx_word' id='word_1_189' title='bbox 950 2508 1117 2575; x_wconf 86' lang='lat' dir='ltr'><strong>ejieit.</strong></span> 
     </span>
    </p>
   </div>
   <div class='ocr_carea' id='block_1_28' title="bbox 491 2592 1991 2673">
    <p class='ocr_par' dir='ltr' id='par_1_28' title="bbox 491 2592 1991 2673">
     <span class='ocr_line' id='line_1_28' title="bbox 491 2592 1991 2673; baseline 0.011 -28"><span class='ocrx_word' id='word_1_190' title='bbox 491 2592 742 2673; x_wconf 47' lang='lat' dir='ltr'><strong>ZOSAR.</strong></span> <span class='ocrx_word' id='word_1_191' title='bbox 785 2595 1063 2659; x_wconf 80' lang='lat' dir='ltr'><strong>Mulieres.</strong></span> <span class='ocrx_word' id='word_1_192' title='bbox 1097 2609 1387 2669; x_wconf 86' lang='lat' dir='ltr'><strong>postquam</strong></span> <span class='ocrx_word' id='word_1_193' title='bbox 1429 2618 1493 2655; x_wconf 84' lang='lat' dir='ltr'><strong>ex</strong></span> <span class='ocrx_word' id='word_1_194' title='bbox 1535 2602 1733 2657; x_wconf 88' lang='lat' dir='ltr'><strong>furtivo</strong></span> <span class='ocrx_word' id='word_1_195' title='bbox 1786 2620 1991 2661; x_wconf 88' lang='lat' dir='ltr'><strong>concu-</strong></span> 
     </span>
    </p>
   </div>
   <div class='ocr_carea' id='block_1_29' title="bbox 430 2683 1989 2762">
    <p class='ocr_par' dir='ltr' id='par_1_29' title="bbox 430 2683 1989 2762">
     <span class='ocr_line' id='line_1_29' title="bbox 430 2683 1989 2762; baseline 0.011 -27"><span class='ocrx_word' id='word_1_196' title='bbox 430 2683 547 2738; x_wconf 59' lang='lat' dir='ltr'><strong>liitn</strong></span> <span class='ocrx_word' id='word_1_197' title='bbox 580 2702 903 2757; x_wconf 81' lang='lat' dir='ltr'><strong>concepere,</strong></span> <span class='ocrx_word' id='word_1_198' title='bbox 939 2692 1144 2759; x_wconf 84' lang='lat' dir='ltr'><strong>prolem</strong></span> <span class='ocrx_word' id='word_1_199' title='bbox 1177 2708 1317 2751; x_wconf 82' lang='lat' dir='ltr'><strong>eam.</strong></span> <span class='ocrx_word' id='word_1_200' title='bbox 1357 2710 1423 2747; x_wconf 92' lang='lat' dir='ltr'><strong>ne</strong></span> <span class='ocrx_word' id='word_1_201' title='bbox 1449 2694 1774 2762; x_wconf 88' lang='lat' dir='ltr'><strong>prodantur,</strong></span> <span class='ocrx_word' id='word_1_202' title='bbox 1813 2699 1989 2752; x_wconf 86' lang='lat' dir='ltr'><strong>medi-</strong></span> 
     </span>
    </p>
   </div>
   <div class='ocr_carea' id='block_1_30' title="bbox 420 2778 1993 2855">
    <p class='ocr_par' dir='ltr' id='par_1_30' title="bbox 420 2778 1993 2855">
     <span class='ocr_line' id='line_1_30' title="bbox 420 2778 1993 2855; baseline 0.012 -29"><span class='ocrx_word' id='word_1_203' title='bbox 420 2778 691 2833; x_wconf 85' lang='lat' dir='ltr'><strong>camentis</strong></span> <span class='ocrx_word' id='word_1_204' title='bbox 766 2780 1098 2848; x_wconf 75' lang='lat' dir='ltr'><strong>quibusdam</strong></span> <span class='ocrx_word' id='word_1_205' title='bbox 1160 2784 1338 2851; x_wconf 89' lang='lat' dir='ltr'><strong>epotis</strong></span> <span class='ocrx_word' id='word_1_206' title='bbox 1407 2785 1458 2839; x_wconf 92' lang='lat' dir='ltr'><strong>in</strong></span> <span class='ocrx_word' id='word_1_207' title='bbox 1526 2793 1686 2842; x_wconf 78' lang='lat' dir='ltr'><strong>utero</strong></span> <span class='ocrx_word' id='word_1_208' title='bbox 1757 2800 1993 2855; x_wconf 88' lang='lat' dir='ltr'><strong>necant,</strong></span> 
     </span>
    </p>
   </div>
   <div class='ocr_carea' id='block_1_31' title="bbox 424 2867 1999 2951">
    <p class='ocr_par' dir='ltr' id='par_1_31' title="bbox 424 2867 1999 2951">
     <span class='ocr_line' id='line_1_31' title="bbox 424 2867 1999 2951; baseline 0.012 -34"><span class='ocrx_word' id='word_1_209' title='bbox 424 2867 665 2935; x_wconf 87' lang='lat' dir='ltr'><strong>indeque</strong></span> <span class='ocrx_word' id='word_1_210' title='bbox 697 2870 804 2924; x_wconf 86' lang='lat' dir='ltr'><strong>vita</strong></span> <span class='ocrx_word' id='word_1_211' title='bbox 840 2872 1164 2931; x_wconf 88' lang='lat' dir='ltr'><strong>destitutam</strong></span> <span class='ocrx_word' id='word_1_212' title='bbox 1199 2874 1451 2944; x_wconf 87' lang='lat' dir='ltr'><strong>ejieiunt.</strong></span> <span class='ocrx_word' id='word_1_213' title='bbox 1493 2878 1595 2934; x_wconf 87' lang='lat' dir='ltr'><strong>Eas</strong></span> <span class='ocrx_word' id='word_1_214' title='bbox 1653 2877 1822 2949; x_wconf 77' lang='lat' dir='ltr'><strong>igitur</strong></span> <span class='ocrx_word' id='word_1_215' title='bbox 1878 2897 1999 2951; x_wconf 70' lang='lat' dir='ltr'><strong>qua:</strong></span> 
     </span>
    </p>
   </div>
   <div class='ocr_carea' id='block_1_32' title="bbox 422 2959 2002 3041">
    <p class='ocr_par' dir='ltr' id='par_1_32' title="bbox 422 2959 2002 3041">
     <span class='ocr_line' id='line_1_32' title="bbox 422 2959 2002 3041; baseline 0.009 -28"><span class='ocrx_word' id='word_1_216' title='bbox 422 2959 689 3025; x_wconf 85' lang='lat' dir='ltr'><strong>ejusmodi</strong></span> <span class='ocrx_word' id='word_1_217' title='bbox 727 2974 1022 3034; x_wconf 81' lang='lat' dir='ltr'><strong>pnarmara</strong></span> <span class='ocrx_word' id='word_1_218' title='bbox 1078 2968 1203 3023; x_wconf 90' lang='lat' dir='ltr'><strong>aliis</strong></span> <span class='ocrx_word' id='word_1_219' title='bbox 1256 2970 1523 3039; x_wconf 64' lang='lat' dir='ltr'><strong>prazbent.</strong></span> <span class='ocrx_word' id='word_1_220' title='bbox 1571 2976 1684 3025; x_wconf 89' lang='lat' dir='ltr'><strong>tum</strong></span> <span class='ocrx_word' id='word_1_221' title='bbox 1739 2987 1833 3028; x_wconf 89' lang='lat' dir='ltr'><strong>eas</strong></span> <span class='ocrx_word' id='word_1_222' title='bbox 1881 2988 2002 3041; x_wconf 78' lang='lat' dir='ltr'><strong>quze</strong></span> 
     </span>
    </p>
   </div>
   <div class='ocr_carea' id='block_1_33' title="bbox 422 3054 1999 3135">
    <p class='ocr_par' dir='ltr' id='par_1_33' title="bbox 422 3054 1999 3135">
     <span class='ocr_line' id='line_1_33' title="bbox 422 3054 1999 3135; baseline 0.011 -30"><span class='ocrx_word' id='word_1_223' title='bbox 422 3054 722 3124; x_wconf 72' lang='lat' dir='ltr'><strong>arripiunt,</strong></span> <span class='ocrx_word' id='word_1_224' title='bbox 755 3057 1154 3114; x_wconf 90' lang='lat' dir='ltr'><strong>homicidarum</strong></span> <span class='ocrx_word' id='word_1_225' title='bbox 1190 3062 1369 3130; x_wconf 77' lang='lat' dir='ltr'><strong>poenis</strong></span> <span class='ocrx_word' id='word_1_226' title='bbox 1400 3077 1574 3117; x_wconf 90' lang='lat' dir='ltr'><strong>canon</strong></span> <span class='ocrx_word' id='word_1_227' title='bbox 1612 3065 1784 3121; x_wconf 87' lang='lat' dir='ltr'><strong>teneri</strong></span> <span class='ocrx_word' id='word_1_228' title='bbox 1820 3066 1999 3135; x_wconf 88' lang='lat' dir='ltr'><strong>jubet,</strong></span> 
     </span>
    </p>
   </div>
   <div class='ocr_carea' id='block_1_34' title="bbox 2071 581 3653 652">
    <p class='ocr_par' dir='ltr' id='par_1_34' title="bbox 2071 581 3653 652">
     <span class='ocr_line' id='line_1_34' title="bbox 2071 581 3653 652; baseline -0.004 -15"><span class='ocrx_word' id='word_1_229' title='bbox 2071 584 2168 638; x_wconf 79' lang='grc' dir='ltr'>τοῦ</span> <span class='ocrx_word' id='word_1_230' title='bbox 2201 585 2451 652; x_wconf 82' lang='grc' dir='ltr'>γενέσθαι</span> <span class='ocrx_word' id='word_1_231' title='bbox 2491 586 2586 638; x_wconf 68' lang='grc' dir='ltr'><strong>καὶ</strong></span> <span class='ocrx_word' id='word_1_232' title='bbox 2617 584 2983 650; x_wconf 75' lang='grc' dir='ltr'>ἀποτέλεσμα,</span> <span class='ocrx_word' id='word_1_233' title='bbox 3011 583 3177 652; x_wconf 73' lang='grc' dir='ltr'>ἠγουν</span> <span class='ocrx_word' id='word_1_234' title='bbox 3210 581 3406 649; x_wconf 76' lang='grc' dir='ltr'>φόνονς</span> <span class='ocrx_word' id='word_1_235' title='bbox 3439 583 3653 651; x_wconf 78' lang='grc' dir='ltr'>Λύσις,</span> 
     </span>
    </p>
   </div>
   <div class='ocr_carea' id='block_1_35' title="bbox 2078 672 3651 744">
    <p class='ocr_par' dir='ltr' id='par_1_35' title="bbox 2078 672 3651 744">
     <span class='ocr_line' id='line_1_35' title="bbox 2078 672 3651 744; baseline -0.001 -16"><span class='ocrx_word' id='word_1_236' title='bbox 2078 675 2151 728; x_wconf 84' lang='grc' dir='ltr'>Τὸ</span> <span class='ocrx_word' id='word_1_237' title='bbox 2215 675 2599 744; x_wconf 84' lang='grc' dir='ltr'>καταστρωοὲν</span> <span class='ocrx_word' id='word_1_238' title='bbox 2654 674 2861 729; x_wconf 82' lang='grc' dir='ltr'>ἄνωθεν</span> <span class='ocrx_word' id='word_1_239' title='bbox 2914 672 2961 741; x_wconf 85' lang='grc' dir='ltr'>γ’</span> <span class='ocrx_word' id='word_1_240' title='bbox 3015 690 3142 741; x_wconf 88' lang='grc' dir='ltr'>κεφ.</span> <span class='ocrx_word' id='word_1_241' title='bbox 3183 673 3274 726; x_wconf 71' lang='grc' dir='ltr'>τοῦ</span> <span class='ocrx_word' id='word_1_242' title='bbox 3331 673 3405 724; x_wconf 86' lang='grc' dir='ltr'>λθ¹</span> <span class='ocrx_word' id='word_1_243' title='bbox 3473 674 3651 727; x_wconf 83' lang='grc' dir='ltr'>τίτλου</span> 
     </span>
    </p>
   </div>
   <div class='ocr_carea' id='block_1_36' title="bbox 2078 767 3653 840">
    <p class='ocr_par' dir='ltr' id='par_1_36' title="bbox 2078 767 3653 840">
     <span class='ocr_line' id='line_1_36' title="bbox 2078 767 3653 840; baseline -0.002 -19"><span class='ocrx_word' id='word_1_244' title='bbox 2078 768 2170 821; x_wconf 79' lang='grc' dir='ltr'>τοῦ</span> <span class='ocrx_word' id='word_1_245' title='bbox 2207 767 2249 833; x_wconf 76' lang='grc' dir='ltr'><strong>ξ’</strong></span> <span class='ocrx_word' id='word_1_246' title='bbox 2306 769 2511 840; x_wconf 81' lang='grc' dir='ltr'>βιόλίου</span> <span class='ocrx_word' id='word_1_247' title='bbox 2538 768 2837 835; x_wconf 76' lang='grc' dir='ltr'><strong>διορίζεται</strong></span> <span class='ocrx_word' id='word_1_248' title='bbox 2880 767 2956 837; x_wconf 86' lang='grc' dir='ltr'>μὴ</span> <span class='ocrx_word' id='word_1_249' title='bbox 2981 767 3071 818; x_wconf 81' lang='grc' dir='ltr'><strong>τὸν</strong></span> <span class='ocrx_word' id='word_1_250' title='bbox 3097 768 3253 819; x_wconf 83' lang='grc' dir='ltr'>δόντα</span> <span class='ocrx_word' id='word_1_251' title='bbox 3287 768 3448 837; x_wconf 80' lang='grc' dir='ltr'>μόνον</span> <span class='ocrx_word' id='word_1_252' title='bbox 3485 768 3653 836; x_wconf 61' lang='grc' dir='ltr'>δῃλη-</span> 
     </span>
    </p>
   </div>
   <div class='ocr_carea' id='block_1_37' title="bbox 2078 856 3657 926">
    <p class='ocr_par' dir='ltr' id='par_1_37' title="bbox 2078 856 3657 926">
     <span class='ocr_line' id='line_1_37' title="bbox 2078 856 3657 926; baseline 0.001 -19"><span class='ocrx_word' id='word_1_253' title='bbox 2078 858 2267 926; x_wconf 62' lang='grc' dir='ltr'>τῆριον</span> <span class='ocrx_word' id='word_1_254' title='bbox 2321 858 2609 926; x_wconf 82' lang='grc' dir='ltr'>φάρμακον</span> <span class='ocrx_word' id='word_1_255' title='bbox 2642 856 2717 919; x_wconf 80' lang='grc' dir='ltr'>ὡς</span> <span class='ocrx_word' id='word_1_256' title='bbox 2753 857 2919 924; x_wconf 97' lang='grc' dir='ltr'>φονέα</span> <span class='ocrx_word' id='word_1_257' title='bbox 2950 856 3336 924; x_wconf 83' lang='grc' dir='ltr'>τιμωρεῖσθαι,</span> <span class='ocrx_word' id='word_1_258' title='bbox 3386 856 3517 909; x_wconf 80' lang='grc' dir='ltr'>ἀλλά</span> <span class='ocrx_word' id='word_1_259' title='bbox 3562 860 3657 910; x_wconf 74' lang='grc' dir='ltr'>καὶ</span> 
     </span>
    </p>
   </div>
   <div class='ocr_carea' id='block_1_38' title="bbox 2083 947 3653 1019">
    <p class='ocr_par' dir='ltr' id='par_1_38' title="bbox 2083 947 3653 1019">
     <span class='ocr_line' id='line_1_38' title="bbox 2083 947 3653 1019; baseline 0.003 -20"><span class='ocrx_word' id='word_1_260' title='bbox 2083 948 2172 999; x_wconf 73' lang='grc' dir='ltr'>τὸν</span> <span class='ocrx_word' id='word_1_261' title='bbox 2207 948 2398 1017; x_wconf 75' lang='grc' dir='ltr'>ἔχοντά</span> <span class='ocrx_word' id='word_1_262' title='bbox 2435 966 2486 1000; x_wconf 85' lang='grc' dir='ltr'><strong>τι</strong></span> <span class='ocrx_word' id='word_1_263' title='bbox 2514 948 2750 1001; x_wconf 74' lang='grc' dir='ltr'>τοιοῦτον</span> <span class='ocrx_word' id='word_1_264' title='bbox 2772 966 2785 977; x_wconf 86' lang='grc'>·</span> <span class='ocrx_word' id='word_1_265' title='bbox 2816 949 2909 1000; x_wconf 72' lang='grc' dir='ltr'><strong>καὶ</strong></span> <span class='ocrx_word' id='word_1_266' title='bbox 2958 948 3019 1001; x_wconf 81' lang='grc' dir='ltr'>τὸ</span> <span class='ocrx_word' id='word_1_267' title='bbox 3083 947 3127 1016; x_wconf 86' lang='grc' dir='ltr'><strong>β’</strong></span> <span class='ocrx_word' id='word_1_268' title='bbox 3167 948 3307 1017; x_wconf 82' lang='grc' dir='ltr'>θέμα</span> <span class='ocrx_word' id='word_1_269' title='bbox 3332 947 3425 1001; x_wconf 81' lang='grc' dir='ltr'>τοῦ</span> <span class='ocrx_word' id='word_1_270' title='bbox 3455 949 3501 1004; x_wconf 85' lang='grc' dir='ltr'>α’</span> <span class='ocrx_word' id='word_1_271' title='bbox 3526 968 3653 1019; x_wconf 86' lang='grc' dir='ltr'>κεφ.</span> 
     </span>
    </p>
   </div>
   <div class='ocr_carea' id='block_1_39' title="bbox 2081 1038 3661 1108">
    <p class='ocr_par' dir='ltr' id='par_1_39' title="bbox 2081 1038 3661 1108">
     <span class='ocr_line' id='line_1_39' title="bbox 2081 1038 3661 1108; baseline 0 -16"><span class='ocrx_word' id='word_1_272' title='bbox 2081 1038 2176 1092; x_wconf 81' lang='grc' dir='ltr'>τοῦ</span> <span class='ocrx_word' id='word_1_273' title='bbox 2234 1040 2398 1092; x_wconf 84' lang='grc' dir='ltr'><strong>αὐτοῦ</strong></span> <span class='ocrx_word' id='word_1_274' title='bbox 2430 1040 2604 1092; x_wconf 88' lang='grc' dir='ltr'>τίτλου</span> <span class='ocrx_word' id='word_1_275' title='bbox 2648 1041 2739 1092; x_wconf 75' lang='grc' dir='ltr'>καὶ</span> <span class='ocrx_word' id='word_1_276' title='bbox 2799 1039 3006 1108; x_wconf 71' lang='grc' dir='ltr'>βιελίου</span> <span class='ocrx_word' id='word_1_277' title='bbox 3069 1040 3232 1107; x_wconf 82' lang='grc' dir='ltr'>φησίν</span> <span class='ocrx_word' id='word_1_278' title='bbox 3264 1056 3277 1069; x_wconf 89' lang='grc'><strong>·</strong></span> <span class='ocrx_word' id='word_1_279' title='bbox 3339 1040 3397 1092; x_wconf 87' lang='grc' dir='ltr'><strong>Ὀ</strong></span> <span class='ocrx_word' id='word_1_280' title='bbox 3458 1044 3661 1094; x_wconf 74' lang='grc' dir='ltr'>σκοπὸν</span> 
     </span>
    </p>
   </div>
   <div class='ocr_carea' id='block_1_40' title="bbox 2084 1129 3654 1200">
    <p class='ocr_par' dir='ltr' id='par_1_40' title="bbox 2084 1129 3654 1200">
     <span class='ocr_line' id='line_1_40' title="bbox 2084 1129 3654 1200; baseline 0.001 -16"><span class='ocrx_word' id='word_1_281' title='bbox 2084 1129 2333 1200; x_wconf 80' lang='grc' dir='ltr'>ἐσχηκὼς</span> <span class='ocrx_word' id='word_1_282' title='bbox 2354 1131 2446 1182; x_wconf 74' lang='grc' dir='ltr'>τοῦ</span> <span class='ocrx_word' id='word_1_283' title='bbox 2479 1129 2763 1199; x_wconf 80' lang='grc' dir='ltr'>φονεῦσαι.</span> <span class='ocrx_word' id='word_1_284' title='bbox 2792 1130 2897 1182; x_wconf 59' lang='grc' dir='ltr'>κᾶν</span> <span class='ocrx_word' id='word_1_285' title='bbox 2922 1129 2996 1200; x_wconf 79' lang='grc' dir='ltr'>μὴ</span> <span class='ocrx_word' id='word_1_286' title='bbox 3029 1130 3286 1200; x_wconf 75' lang='grc' dir='ltr'><strong>φονεύσῃ,</strong></span> <span class='ocrx_word' id='word_1_287' title='bbox 3315 1130 3449 1184; x_wconf 76' lang='grc' dir='ltr'>ά).λά</span> <span class='ocrx_word' id='word_1_288' title='bbox 3481 1149 3654 1200; x_wconf 82' lang='grc' dir='ltr'>τραυ-</span> 
     </span>
    </p>
   </div>
   <div class='ocr_carea' id='block_1_41' title="bbox 2088 1220 3658 1293">
    <p class='ocr_par' dir='ltr' id='par_1_41' title="bbox 2088 1220 3658 1293">
     <span class='ocr_line' id='line_1_41' title="bbox 2088 1220 3658 1293; baseline -0.001 -18"><span class='ocrx_word' id='word_1_289' title='bbox 2088 1223 2309 1293; x_wconf 80' lang='grc' dir='ltr'>ματίσῃ,</span> <span class='ocrx_word' id='word_1_290' title='bbox 2346 1223 2539 1291; x_wconf 79' lang='grc' dir='ltr'>φονεύς</span> <span class='ocrx_word' id='word_1_291' title='bbox 2584 1223 2699 1275; x_wconf 83' lang='grc' dir='ltr'>ὲστι</span> <span class='ocrx_word' id='word_1_292' title='bbox 2726 1237 2741 1254; x_wconf 79' lang='grc' dir='ltr'><strong>ο</strong></span> <span class='ocrx_word' id='word_1_293' title='bbox 2775 1222 2869 1275; x_wconf 72' lang='grc' dir='ltr'><strong>καὶ</strong></span> <span class='ocrx_word' id='word_1_294' title='bbox 2894 1223 2921 1273; x_wconf 85' lang='grc' dir='ltr'><strong>ό</strong></span> <span class='ocrx_word' id='word_1_295' title='bbox 2977 1221 3050 1291; x_wconf 82' lang='grc' dir='ltr'>μὴ</span> <span class='ocrx_word' id='word_1_296' title='bbox 3100 1220 3334 1290; x_wconf 76' lang='grc' dir='ltr'><strong>θελήσας</strong></span> <span class='ocrx_word' id='word_1_297' title='bbox 3376 1222 3658 1289; x_wconf 80' lang='grc' dir='ltr'>φονεῦσαι,</span> 
     </span>
    </p>
   </div>
   <div class='ocr_carea' id='block_1_42' title="bbox 2085 1311 3663 1384">
    <p class='ocr_par' dir='ltr' id='par_1_42' title="bbox 2085 1311 3663 1384">
     <span class='ocr_line' id='line_1_42' title="bbox 2085 1311 3663 1384; baseline -0.001 -17"><span class='ocrx_word' id='word_1_298' title='bbox 2085 1316 2183 1367; x_wconf 78' lang='grc' dir='ltr'>ἐὰν</span> <span class='ocrx_word' id='word_1_299' title='bbox 2214 1313 2472 1384; x_wconf 78' lang='grc' dir='ltr'><strong>φονεύσῃ,</strong></span> <span class='ocrx_word' id='word_1_300' title='bbox 2516 1313 2616 1366; x_wconf 82' lang='grc' dir='ltr'><strong>οὐκ</strong></span> <span class='ocrx_word' id='word_1_301' title='bbox 2671 1313 2789 1365; x_wconf 77' lang='grc' dir='ltr'>ἔστι</span> <span class='ocrx_word' id='word_1_302' title='bbox 2841 1312 3063 1379; x_wconf 81' lang='grc' dir='ltr'>φονεύς.</span> <span class='ocrx_word' id='word_1_303' title='bbox 3109 1311 3174 1364; x_wconf 84' lang='grc' dir='ltr'><strong><em>Ἥ</em></strong></span> <span class='ocrx_word' id='word_1_304' title='bbox 3215 1311 3272 1364; x_wconf 87' lang='grc' dir='ltr'><strong>δὲ</strong></span> <span class='ocrx_word' id='word_1_305' title='bbox 3304 1312 3663 1375; x_wconf 75' lang='grc' dir='ltr'>διάθεσιςὲκ</span> 
     </span>
    </p>
   </div>
   <div class='ocr_carea' id='block_1_43' title="bbox 2084 1402 3665 1473">
    <p class='ocr_par' dir='ltr' id='par_1_43' title="bbox 2084 1402 3665 1473">
     <span class='ocr_line' id='line_1_43' title="bbox 2084 1402 3665 1473; baseline -0.001 -16"><span class='ocrx_word' id='word_1_306' title='bbox 2084 1403 2178 1457; x_wconf 78' lang='grc' dir='ltr'>τοῦ</span> <span class='ocrx_word' id='word_1_307' title='bbox 2199 1402 2501 1473; x_wconf 77' lang='grc' dir='ltr'>πλήξαντος</span> <span class='ocrx_word' id='word_1_308' title='bbox 2520 1404 2759 1473; x_wconf 83' lang='grc' dir='ltr'>ὀργάνου</span> <span class='ocrx_word' id='word_1_309' title='bbox 2792 1403 3091 1471; x_wconf 73' lang='grc' dir='ltr'><strong>ἐλέγχεται.</strong></span> <span class='ocrx_word' id='word_1_310' title='bbox 3127 1404 3190 1455; x_wconf 87' lang='lat' dir='ltr'><strong>Ol</strong></span> <span class='ocrx_word' id='word_1_311' title='bbox 3228 1402 3414 1472; x_wconf 81' lang='grc' dir='ltr'>μέντοι</span> <span class='ocrx_word' id='word_1_312' title='bbox 3438 1405 3665 1467; x_wconf 71' lang='grc' dir='ltr'>κανόνες</span> 
     </span>
    </p>
   </div>
   <div class='ocr_carea' id='block_1_44' title="bbox 2094 1493 3664 1563">
    <p class='ocr_par' dir='ltr' id='par_1_44' title="bbox 2094 1493 3664 1563">
     <span class='ocr_line' id='line_1_44' title="bbox 2094 1493 3664 1563; baseline -0.001 -15"><span class='ocrx_word' id='word_1_313' title='bbox 2094 1494 2188 1549; x_wconf 74' lang='grc' dir='ltr'>τοῦ</span> <span class='ocrx_word' id='word_1_314' title='bbox 2227 1496 2464 1563; x_wconf 77' lang='grc' dir='ltr'><strong>μεγάλου</strong></span> <span class='ocrx_word' id='word_1_315' title='bbox 2489 1494 2773 1547; x_wconf 84' lang='grc' dir='ltr'>Βασιλείου</span> <span class='ocrx_word' id='word_1_316' title='bbox 2808 1493 3012 1548; x_wconf 77' lang='grc' dir='ltr'>καὶτὸν</span> <span class='ocrx_word' id='word_1_317' title='bbox 3043 1495 3315 1557; x_wconf 80' lang='grc' dir='ltr'>ἀκουσίως</span> <span class='ocrx_word' id='word_1_318' title='bbox 3347 1496 3664 1563; x_wconf 72' lang='grc' dir='ltr'>φονεύοντα,</span> 
     </span>
    </p>
   </div>
   <div class='ocr_carea' id='block_1_45' title="bbox 2090 1585 3664 1659">
    <p class='ocr_par' dir='ltr' id='par_1_45' title="bbox 2090 1585 3664 1659">
     <span class='ocr_line' id='line_1_45' title="bbox 2090 1585 3664 1659; baseline 0 -19"><span class='ocrx_word' id='word_1_319' title='bbox 2090 1585 2164 1657; x_wconf 72' lang='grc' dir='ltr'>ᾡς</span> <span class='ocrx_word' id='word_1_320' title='bbox 2197 1586 2262 1640; x_wconf 82' lang='grc' dir='ltr'>ἂν</span> <span class='ocrx_word' id='word_1_321' title='bbox 2288 1587 2410 1659; x_wconf 76' lang='grc' dir='ltr'><strong>ἔχῃ,</strong></span> <span class='ocrx_word' id='word_1_322' title='bbox 2464 1586 2539 1649; x_wconf 86' lang='grc' dir='ltr'>ὡς</span> <span class='ocrx_word' id='word_1_323' title='bbox 2566 1587 2731 1654; x_wconf 84' lang='grc' dir='ltr'>φονέα</span> <span class='ocrx_word' id='word_1_324' title='bbox 2766 1586 3054 1649; x_wconf 73' lang='grc' dir='ltr'>κολάζουσι</span> <span class='ocrx_word' id='word_1_325' title='bbox 3079 1588 3227 1657; x_wconf 84' lang='grc' dir='ltr'>παρὰ</span> <span class='ocrx_word' id='word_1_326' title='bbox 3252 1589 3348 1657; x_wconf 81' lang='grc' dir='ltr'>τὴν</span> <span class='ocrx_word' id='word_1_327' title='bbox 3374 1587 3664 1657; x_wconf 73' lang='grc' dir='ltr'>περίληψιν</span> 
     </span>
    </p>
   </div>
   <div class='ocr_carea' id='block_1_46' title="bbox 2088 1678 3667 1749">
    <p class='ocr_par' dir='ltr' id='par_1_46' title="bbox 2088 1678 3667 1749">
     <span class='ocr_line' id='line_1_46' title="bbox 2088 1678 3667 1749; baseline 0.001 -18"><span class='ocrx_word' id='word_1_328' title='bbox 2088 1679 2183 1732; x_wconf 80' lang='grc' dir='ltr'>τοῦ</span> <span class='ocrx_word' id='word_1_329' title='bbox 2216 1679 2457 1733; x_wconf 80' lang='grc' dir='ltr'>τοιούτου</span> <span class='ocrx_word' id='word_1_330' title='bbox 2498 1679 2662 1746; x_wconf 81' lang='grc' dir='ltr'>νόμου</span> <span class='ocrx_word' id='word_1_331' title='bbox 2718 1680 2811 1733; x_wconf 72' lang='grc' dir='ltr'><strong>καὶ</strong></span> <span class='ocrx_word' id='word_1_332' title='bbox 2841 1678 2994 1749; x_wconf 80' lang='grc' dir='ltr'>παρὰ</span> <span class='ocrx_word' id='word_1_333' title='bbox 3043 1678 3103 1730; x_wconf 85' lang='grc' dir='ltr'><strong>τὸ</strong></span> <span class='ocrx_word' id='word_1_334' title='bbox 3173 1685 3227 1743; x_wconf 83' lang='grc' dir='ltr'>ς’</span> <span class='ocrx_word' id='word_1_335' title='bbox 3280 1679 3423 1747; x_wconf 82' lang='grc' dir='ltr'>οέμα</span> <span class='ocrx_word' id='word_1_336' title='bbox 3471 1680 3567 1732; x_wconf 81' lang='grc' dir='ltr'>τοῦ</span> <span class='ocrx_word' id='word_1_337' title='bbox 3616 1678 3667 1748; x_wconf 87' lang='grc' dir='ltr'>γ’</span> 
     </span>
    </p>
   </div>
   <div class='ocr_carea' id='block_1_47' title="bbox 2092 1769 3665 1840">
    <p class='ocr_par' dir='ltr' id='par_1_47' title="bbox 2092 1769 3665 1840">
     <span class='ocr_line' id='line_1_47' title="bbox 2092 1769 3665 1840; baseline 0 -16"><span class='ocrx_word' id='word_1_338' title='bbox 2092 1790 2217 1840; x_wconf 81' lang='grc' dir='ltr'>κεφ.</span> <span class='ocrx_word' id='word_1_339' title='bbox 2246 1771 2342 1825; x_wconf 81' lang='grc' dir='ltr'>τοῦ</span> <span class='ocrx_word' id='word_1_340' title='bbox 2384 1771 2461 1823; x_wconf 88' lang='grc' dir='ltr'><strong>λο’</strong></span> <span class='ocrx_word' id='word_1_341' title='bbox 2490 1772 2668 1825; x_wconf 86' lang='grc' dir='ltr'>τίτλου</span> <span class='ocrx_word' id='word_1_342' title='bbox 2708 1770 2801 1824; x_wconf 80' lang='grc' dir='ltr'>τοῦ</span> <span class='ocrx_word' id='word_1_343' title='bbox 2834 1769 2874 1836; x_wconf 78' lang='grc' dir='ltr'><strong>ξ’</strong></span> <span class='ocrx_word' id='word_1_344' title='bbox 2906 1769 3133 1839; x_wconf 79' lang='grc' dir='ltr'>βιϐλίου,</span> <span class='ocrx_word' id='word_1_345' title='bbox 3165 1770 3224 1823; x_wconf 78' lang='grc' dir='ltr'><strong>τὸ</strong></span> <span class='ocrx_word' id='word_1_346' title='bbox 3254 1769 3408 1835; x_wconf 83' lang='grc' dir='ltr'>λέγον</span> <span class='ocrx_word' id='word_1_347' title='bbox 3450 1771 3622 1834; x_wconf 77' lang='grc' dir='ltr'>οὕτως</span> <span class='ocrx_word' id='word_1_348' title='bbox 3649 1788 3665 1803; x_wconf 72' lang='grc'><strong><em>⁸</em></strong></span> 
     </span>
    </p>
   </div>
   <div class='ocr_carea' id='block_1_48' title="bbox 2111 1860 3669 1932">
    <p class='ocr_par' dir='ltr' id='par_1_48' title="bbox 2111 1860 3669 1932">
     <span class='ocr_line' id='line_1_48' title="bbox 2111 1860 3669 1932; baseline -0.001 -16"><span class='ocrx_word' id='word_1_349' title='bbox 2111 1861 2172 1916; x_wconf 83' lang='grc' dir='ltr'>Ὀ</span> <span class='ocrx_word' id='word_1_350' title='bbox 2206 1862 2334 1932; x_wconf 76' lang='grc' dir='ltr'>περὶ</span> <span class='ocrx_word' id='word_1_351' title='bbox 2364 1861 2705 1929; x_wconf 77' lang='grc' dir='ltr'>ἀνδροφόνων</span> <span class='ocrx_word' id='word_1_352' title='bbox 2757 1862 2920 1929; x_wconf 81' lang='grc' dir='ltr'>νόμος</span> <span class='ocrx_word' id='word_1_353' title='bbox 2961 1860 3114 1915; x_wconf 88' lang='grc' dir='ltr'>δόλον</span> <span class='ocrx_word' id='word_1_354' title='bbox 3151 1860 3422 1929; x_wconf 80' lang='grc' dir='ltr'>ἐπιζητεῖ,</span> <span class='ocrx_word' id='word_1_355' title='bbox 3476 1864 3572 1914; x_wconf 72' lang='grc' dir='ltr'><strong>καὶ</strong></span> <span class='ocrx_word' id='word_1_356' title='bbox 3609 1863 3669 1915; x_wconf 85' lang='grc' dir='ltr'><strong>ού</strong></span> 
     </span>
    </p>
   </div>
   <div class='ocr_carea' id='block_1_49' title="bbox 2100 1952 3671 2024">
    <p class='ocr_par' dir='ltr' id='par_1_49' title="bbox 2100 1952 3671 2024">
     <span class='ocr_line' id='line_1_49' title="bbox 2100 1952 3671 2024; baseline -0.001 -17"><span class='ocrx_word' id='word_1_357' title='bbox 2100 1955 2341 2024; x_wconf 82' lang='grc' dir='ltr'>μεγάλην</span> <span class='ocrx_word' id='word_1_358' title='bbox 2371 1953 2654 2023; x_wconf 86' lang='grc' dir='ltr'>ἀμέλειαν.</span> <span class='ocrx_word' id='word_1_359' title='bbox 2693 1952 2859 2006; x_wconf 79' lang='grc' dir='ltr'>Ὅθεν</span> <span class='ocrx_word' id='word_1_360' title='bbox 2889 1953 2987 2006; x_wconf 88' lang='grc' dir='ltr'><strong>ὲάν</strong></span> <span class='ocrx_word' id='word_1_361' title='bbox 3044 1969 3127 2014; x_wconf 88' lang='grc' dir='ltr'><strong>τις</strong></span> <span class='ocrx_word' id='word_1_362' title='bbox 3155 1952 3344 2004; x_wconf 78' lang='grc' dir='ltr'>ἑαυτὸν</span> <span class='ocrx_word' id='word_1_363' title='bbox 3387 1953 3444 2018; x_wconf 77' lang='grc' dir='ltr'><strong>ἐξ</strong></span> <span class='ocrx_word' id='word_1_364' title='bbox 3503 1952 3671 2023; x_wconf 75' lang='grc' dir='ltr'>ὕψους</span> 
     </span>
    </p>
   </div>
   <div class='ocr_carea' id='block_1_50' title="bbox 2099 2044 3673 2115">
    <p class='ocr_par' dir='ltr' id='par_1_50' title="bbox 2099 2044 3673 2115">
     <span class='ocr_line' id='line_1_50' title="bbox 2099 2044 3673 2115; baseline -0.001 -18"><span class='ocrx_word' id='word_1_365' title='bbox 2099 2045 2349 2115; x_wconf 76' lang='grc' dir='ltr'>ῥίψας,ἦ</span> <span class='ocrx_word' id='word_1_366' title='bbox 2396 2045 2589 2099; x_wconf 84' lang='grc' dir='ltr'>κλάδον</span> <span class='ocrx_word' id='word_1_367' title='bbox 2636 2044 2745 2097; x_wconf 79' lang='grc' dir='ltr'>ἀπὸ</span> <span class='ocrx_word' id='word_1_368' title='bbox 2784 2045 3026 2114; x_wconf 87' lang='grc' dir='ltr'>δένδρου,</span> <span class='ocrx_word' id='word_1_369' title='bbox 3091 2044 3343 2112; x_wconf 75' lang='grc' dir='ltr'>φονεύσει</span> <span class='ocrx_word' id='word_1_370' title='bbox 3400 2044 3545 2108; x_wconf 85' lang='grc' dir='ltr'>τινά,</span> <span class='ocrx_word' id='word_1_371' title='bbox 3574 2048 3673 2114; x_wconf 81' lang='grc' dir='ltr'>οὐχ</span> 
     </span>
    </p>
   </div>
   <div class='ocr_carea' id='block_1_51' title="bbox 2099 2134 3674 2207">
    <p class='ocr_par' dir='ltr' id='par_1_51' title="bbox 2099 2134 3674 2207">
     <span class='ocr_line' id='line_1_51' title="bbox 2099 2134 3674 2207; baseline -0.002 -16"><span class='ocrx_word' id='word_1_372' title='bbox 2099 2138 2385 2191; x_wconf 78' lang='grc' dir='ltr'>ὑπόκειται</span> <span class='ocrx_word' id='word_1_373' title='bbox 2423 2138 2499 2207; x_wconf 84' lang='grc' dir='ltr'>τῷ</span> <span class='ocrx_word' id='word_1_374' title='bbox 2534 2138 2763 2207; x_wconf 83' lang='grc' dir='ltr'>παρόντι</span> <span class='ocrx_word' id='word_1_375' title='bbox 2785 2137 2952 2207; x_wconf 86' lang='grc' dir='ltr'>νόμῳ.</span> <span class='ocrx_word' id='word_1_376' title='bbox 3023 2137 3092 2189; x_wconf 82' lang='grc' dir='ltr'><strong>Ἠ</strong></span> <span class='ocrx_word' id='word_1_377' title='bbox 3128 2138 3313 2205; x_wconf 87' lang='grc' dir='ltr'>μέντοι</span> <span class='ocrx_word' id='word_1_378' title='bbox 3369 2134 3448 2188; x_wconf 79' lang='grc' dir='ltr'>λα’</span> <span class='ocrx_word' id='word_1_379' title='bbox 3503 2137 3674 2205; x_wconf 74' lang='grc' dir='ltr'>νεαρὰ</span> 
     </span>
    </p>
   </div>
   <div class='ocr_carea' id='block_1_52' title="bbox 2102 2223 3674 2295">
    <p class='ocr_par' dir='ltr' id='par_1_52' title="bbox 2102 2223 3674 2295">
     <span class='ocr_line' id='line_1_52' title="bbox 2102 2223 3674 2295; baseline -0.003 -16"><span class='ocrx_word' id='word_1_380' title='bbox 2102 2226 2195 2280; x_wconf 83' lang='grc' dir='ltr'>τοῦ</span> <span class='ocrx_word' id='word_1_381' title='bbox 2227 2226 2487 2295; x_wconf 83' lang='grc' dir='ltr'>βασιλέως</span> <span class='ocrx_word' id='word_1_382' title='bbox 2512 2225 2681 2295; x_wconf 86' lang='grc' dir='ltr'>κυροῦ</span> <span class='ocrx_word' id='word_1_383' title='bbox 2729 2225 2955 2288; x_wconf 86' lang='grc' dir='ltr'>Λέοντος</span> <span class='ocrx_word' id='word_1_384' title='bbox 2985 2224 3077 2278; x_wconf 79' lang='grc' dir='ltr'>τοῦ</span> <span class='ocrx_word' id='word_1_385' title='bbox 3124 2223 3425 2290; x_wconf 81' lang='grc' dir='ltr'>Φιλοσόφου</span> <span class='ocrx_word' id='word_1_386' title='bbox 3460 2223 3674 2275; x_wconf 85' lang='grc' dir='ltr'>δίδωσιν</span> 
     </span>
    </p>
   </div>
   <div class='ocr_carea' id='block_1_53' title="bbox 2102 2317 3672 2388">
    <p class='ocr_par' dir='ltr' id='par_1_53' title="bbox 2102 2317 3672 2388">
     <span class='ocr_line' id='line_1_53' title="bbox 2102 2317 3672 2388; baseline -0.003 -15"><span class='ocrx_word' id='word_1_387' title='bbox 2102 2320 2286 2373; x_wconf 83' lang='grc' dir='ltr'>ἄδειαν</span> <span class='ocrx_word' id='word_1_388' title='bbox 2335 2320 2413 2386; x_wconf 86' lang='grc' dir='ltr'>τῷ</span> <span class='ocrx_word' id='word_1_389' title='bbox 2466 2319 2619 2388; x_wconf 64' lang='grc' dir='ltr'><strong>(Ξινδρλ⁵</strong></span> <span class='ocrx_word' id='word_1_390' title='bbox 2667 2318 2903 2388; x_wconf 84' lang='grc' dir='ltr'>διασπᾷν</span> <span class='ocrx_word' id='word_1_391' title='bbox 2942 2317 3032 2370; x_wconf 83' lang='grc' dir='ltr'><strong>τὸν</strong></span> <span class='ocrx_word' id='word_1_392' title='bbox 3080 2317 3219 2386; x_wconf 73' lang='grc' dir='ltr'>μετὰ</span> <span class='ocrx_word' id='word_1_393' title='bbox 3261 2317 3361 2385; x_wconf 78' lang='grc' dir='ltr'>τῆς</span> <span class='ocrx_word' id='word_1_394' title='bbox 3415 2317 3672 2385; x_wconf 79' lang='grc' dir='ltr'>γυναικὸς</span> 
     </span>
    </p>
   </div>
   <div class='ocr_carea' id='block_1_54' title="bbox 2103 2406 3673 2481">
    <p class='ocr_par' dir='ltr' id='par_1_54' title="bbox 2103 2406 3673 2481">
     <span class='ocr_line' id='line_1_54' title="bbox 2103 2406 3673 2481; baseline -0.003 -16"><span class='ocrx_word' id='word_1_395' title='bbox 2103 2410 2270 2466; x_wconf 79' lang='grc' dir='ltr'>αὑτοῦ</span> <span class='ocrx_word' id='word_1_396' title='bbox 2301 2411 2500 2481; x_wconf 84' lang='grc' dir='ltr'>γάμον,</span> <span class='ocrx_word' id='word_1_397' title='bbox 2529 2410 2785 2479; x_wconf 75' lang='grc' dir='ltr'>ἐπίτηδες</span> <span class='ocrx_word' id='word_1_398' title='bbox 2837 2406 3279 2477; x_wconf 82' lang='grc' dir='ltr'>ἀμϐλωσκούσης</span> <span class='ocrx_word' id='word_1_399' title='bbox 3323 2407 3423 2478; x_wconf 83' lang='grc' dir='ltr'>τὴν</span> <span class='ocrx_word' id='word_1_400' title='bbox 3462 2408 3673 2461; x_wconf 73' lang='grc' dir='ltr'>ἐκείνου</span> 
     </span>
    </p>
   </div>
   <div class='ocr_carea' id='block_1_55' title="bbox 2102 2506 2333 2574">
    <p class='ocr_par' dir='ltr' id='par_1_55' title="bbox 2102 2506 2333 2574">
     <span class='ocr_line' id='line_1_55' title="bbox 2102 2506 2333 2574; baseline -0.004 -16"><span class='ocrx_word' id='word_1_401' title='bbox 2102 2506 2333 2574; x_wconf 86' lang='grc' dir='ltr'>σποράν.</span> 
     </span>
    </p>
   </div>
   <div class='ocr_carea' id='block_1_56' title="bbox 2174 2593 3677 2666">
    <p class='ocr_par' dir='ltr' id='par_1_56' title="bbox 2174 2593 3677 2666">
     <span class='ocr_line' id='line_1_56' title="bbox 2174 2593 3677 2666; baseline -0.002 -16"><span class='ocrx_word' id='word_1_402' title='bbox 2174 2599 2418 2654; x_wconf 80' lang='grc' dir='ltr'><strong>ΖΩΝΑΡ.</strong></span> <span class='ocrx_word' id='word_1_403' title='bbox 2479 2598 2745 2660; x_wconf 79' lang='grc' dir='ltr'>Γυναῖκες</span> <span class='ocrx_word' id='word_1_404' title='bbox 2780 2594 2959 2666; x_wconf 86' lang='grc' dir='ltr'>λάθρα</span> <span class='ocrx_word' id='word_1_405' title='bbox 3019 2593 3135 2646; x_wconf 70' lang='grc' dir='ltr'>τισὶ</span> <span class='ocrx_word' id='word_1_406' title='bbox 3202 2593 3535 2664; x_wconf 84' lang='grc' dir='ltr'>μιγνύμεναι</span> <span class='ocrx_word' id='word_1_407' title='bbox 3580 2594 3677 2647; x_wconf 71' lang='grc' dir='ltr'><strong>καὶ</strong></span> 
     </span>
    </p>
   </div>
   <div class='ocr_carea' id='block_1_57' title="bbox 2103 2682 3676 2759">
    <p class='ocr_par' dir='ltr' id='par_1_57' title="bbox 2103 2682 3676 2759">
     <span class='ocr_line' id='line_1_57' title="bbox 2103 2682 3676 2759; baseline -0.006 -15"><span class='ocrx_word' id='word_1_408' title='bbox 2103 2689 2610 2759; x_wconf 77' lang='grc' dir='ltr'>συλλαμϐάνουσαι,</span> <span class='ocrx_word' id='word_1_409' title='bbox 2660 2685 2744 2737; x_wconf 87' lang='grc' dir='ltr'><strong>ἵνα</strong></span> <span class='ocrx_word' id='word_1_410' title='bbox 2773 2684 2848 2754; x_wconf 84' lang='grc' dir='ltr'>μὴ</span> <span class='ocrx_word' id='word_1_411' title='bbox 2876 2683 3193 2752; x_wconf 72' lang='grc' dir='ltr'>γνωσθεῖεν,</span> <span class='ocrx_word' id='word_1_412' title='bbox 3235 2682 3506 2752; x_wconf 84' lang='grc' dir='ltr'>φάρμακά</span> <span class='ocrx_word' id='word_1_413' title='bbox 3555 2699 3676 2735; x_wconf 90' lang='grc' dir='ltr'>τινα</span> 
     </span>
    </p>
   </div>
   <div class='ocr_carea' id='block_1_58' title="bbox 2102 2771 3677 2846">
    <p class='ocr_par' dir='ltr' id='par_1_58' title="bbox 2102 2771 3677 2846">
     <span class='ocr_line' id='line_1_58' title="bbox 2102 2771 3677 2846; baseline -0.007 -11"><span class='ocrx_word' id='word_1_414' title='bbox 2102 2784 2341 2844; x_wconf 84' lang='grc' dir='ltr'>πίνουσι,</span> <span class='ocrx_word' id='word_1_415' title='bbox 2365 2778 2434 2833; x_wconf 85' lang='grc' dir='ltr'>δι’</span> <span class='ocrx_word' id='word_1_416' title='bbox 2463 2772 2537 2831; x_wconf 81' lang='grc' dir='ltr'>ὧν</span> <span class='ocrx_word' id='word_1_417' title='bbox 2565 2776 2633 2829; x_wconf 82' lang='grc' dir='ltr'>τὰ</span> <span class='ocrx_word' id='word_1_418' title='bbox 2663 2775 2881 2846; x_wconf 72' lang='grc' dir='ltr'>ἔμϐρυα</span> <span class='ocrx_word' id='word_1_419' title='bbox 2934 2774 3338 2845; x_wconf 78' lang='grc' dir='ltr'>διαφθείρουσι,</span> <span class='ocrx_word' id='word_1_420' title='bbox 3373 2772 3469 2826; x_wconf 63' lang='grc' dir='ltr'><strong>καὶ⁸</strong></span> <span class='ocrx_word' id='word_1_421' title='bbox 3504 2771 3677 2835; x_wconf 75' lang='grc' dir='ltr'>οὕτως</span> 
     </span>
    </p>
   </div>
   <div class='ocr_carea' id='block_1_59' title="bbox 2104 2862 3679 2940">
    <p class='ocr_par' dir='ltr' id='par_1_59' title="bbox 2104 2862 3679 2940">
     <span class='ocr_line' id='line_1_59' title="bbox 2104 2862 3679 2940; baseline -0.006 -14"><span class='ocrx_word' id='word_1_422' title='bbox 2104 2872 2246 2926; x_wconf 78' lang='grc' dir='ltr'>αὐτὰ</span> <span class='ocrx_word' id='word_1_423' title='bbox 2301 2871 2472 2940; x_wconf 81' lang='grc' dir='ltr'>νεκρὰ</span> <span class='ocrx_word' id='word_1_424' title='bbox 2520 2865 2941 2919; x_wconf 78' lang='grc' dir='ltr'>ἀποϐάλλονται.</span> <span class='ocrx_word' id='word_1_425' title='bbox 2997 2865 3107 2928; x_wconf 83' lang='grc' dir='ltr'>Τὰς</span> <span class='ocrx_word' id='word_1_426' title='bbox 3166 2864 3259 2917; x_wconf 82' lang='grc' dir='ltr'>οὖν</span> <span class='ocrx_word' id='word_1_427' title='bbox 3304 2863 3553 2927; x_wconf 86' lang='grc' dir='ltr'>διδούσας</span> <span class='ocrx_word' id='word_1_428' title='bbox 3611 2862 3679 2917; x_wconf 77' lang='grc' dir='ltr'><strong>τὰ</strong></span> 
     </span>
    </p>
   </div>
   <div class='ocr_carea' id='block_1_60' title="bbox 2101 2955 3680 3035">
    <p class='ocr_par' dir='ltr' id='par_1_60' title="bbox 2101 2955 3680 3035">
     <span class='ocr_line' id='line_1_60' title="bbox 2101 2955 3680 3035; baseline -0.009 -14"><span class='ocrx_word' id='word_1_429' title='bbox 2101 2967 2324 3021; x_wconf 83' lang='grc' dir='ltr'>τοιαῦτα</span> <span class='ocrx_word' id='word_1_430' title='bbox 2355 2964 2644 3035; x_wconf 84' lang='grc' dir='ltr'>φάρμακα,</span> <span class='ocrx_word' id='word_1_431' title='bbox 2707 2962 2801 3014; x_wconf 76' lang='grc' dir='ltr'>καὶ</span> <span class='ocrx_word' id='word_1_432' title='bbox 2857 2957 2956 3020; x_wconf 82' lang='grc' dir='ltr'>τὰς</span> <span class='ocrx_word' id='word_1_433' title='bbox 3011 2955 3395 3027; x_wconf 74' lang='grc' dir='ltr'>λαμὸανούσας</span> <span class='ocrx_word' id='word_1_434' title='bbox 3447 2955 3525 3025; x_wconf 81' lang='grc' dir='ltr'>τῷ</span> <span class='ocrx_word' id='word_1_435' title='bbox 3572 2955 3680 3008; x_wconf 81' lang='grc' dir='ltr'><strong>τῶν</strong></span> 
     </span>
    </p>
   </div>
   <div class='ocr_carea' id='block_1_61' title="bbox 2104 3046 3679 3129">
    <p class='ocr_par' dir='ltr' id='par_1_61' title="bbox 2104 3046 3679 3129">
     <span class='ocr_line' id='line_1_61' title="bbox 2104 3046 3679 3129; baseline -0.008 -18"><span class='ocrx_word' id='word_1_436' title='bbox 2104 3060 2310 3129; x_wconf 83' lang='grc' dir='ltr'>φονέων</span> <span class='ocrx_word' id='word_1_437' title='bbox 2367 3054 2632 3124; x_wconf 79' lang='grc' dir='ltr'>ἐπιτιμίῳ</span> <span class='ocrx_word' id='word_1_438' title='bbox 2703 3048 3080 3112; x_wconf 75' lang='grc' dir='ltr'>καταδικάζει,</span> <span class='ocrx_word' id='word_1_439' title='bbox 3143 3049 3239 3101; x_wconf 75' lang='grc' dir='ltr'>καὶ</span> <span class='ocrx_word' id='word_1_440' title='bbox 3304 3047 3547 3110; x_wconf 82' lang='grc' dir='ltr'><strong>εἰκότως.</strong></span> <span class='ocrx_word' id='word_1_441' title='bbox 3603 3046 3679 3099; x_wconf 83' lang='grc' dir='ltr'>Ού</span> 
     </span>
    </p>
   </div>
   <div class='ocr_carea' id='block_1_62' title="bbox 423 3137 1996 3230">
    <p class='ocr_par' dir='ltr' id='par_1_62' title="bbox 423 3148 1996 3222">
     <span class='ocr_line' id='line_1_62' title="bbox 423 3148 1996 3222; baseline 0.011 -26"><span class='ocrx_word' id='word_1_442' title='bbox 423 3159 488 3198; x_wconf 89' lang='lat' dir='ltr'><strong>ac</strong></span> <span class='ocrx_word' id='word_1_443' title='bbox 524 3148 718 3201; x_wconf 88' lang='lat' dir='ltr'><strong>merito</strong></span> <span class='ocrx_word' id='word_1_444' title='bbox 750 3149 1016 3216; x_wconf 88' lang='lat' dir='ltr'><strong>quidem:</strong></span> <span class='ocrx_word' id='word_1_445' title='bbox 1054 3152 1255 3222; x_wconf 85' lang='lat' dir='ltr'><strong>quippe</strong></span> <span class='ocrx_word' id='word_1_446' title='bbox 1316 3170 1440 3222; x_wconf 61' lang='lat' dir='ltr'><strong>quae</strong></span> <span class='ocrx_word' id='word_1_447' title='bbox 1486 3171 1597 3211; x_wconf 91' lang='lat' dir='ltr'><strong>non</strong></span> <span class='ocrx_word' id='word_1_448' title='bbox 1652 3161 1813 3211; x_wconf 89' lang='lat' dir='ltr'><strong>modo</strong></span> <span class='ocrx_word' id='word_1_449' title='bbox 1870 3174 1996 3214; x_wconf 88' lang='lat' dir='ltr'><strong>con-</strong></span> 
     </span>
    </p>
   </div>
   <div class='ocr_carea' id='block_1_63' title="bbox 2103 3137 3680 3230">
    <p class='ocr_par' dir='ltr' id='par_1_63' title="bbox 2107 3137 3680 3221">
     <span class='ocr_line' id='line_1_63' title="bbox 2107 3137 3680 3221; baseline -0.009 -18"><span class='ocrx_word' id='word_1_450' title='bbox 2107 3150 2267 3221; x_wconf 81' lang='grc' dir='ltr'>μόνον</span> <span class='ocrx_word' id='word_1_451' title='bbox 2296 3149 2404 3218; x_wconf 79' lang='grc' dir='ltr'><strong>γὰρ</strong></span> <span class='ocrx_word' id='word_1_452' title='bbox 2442 3147 2511 3200; x_wconf 82' lang='grc' dir='ltr'><strong>τά</strong></span> <span class='ocrx_word' id='word_1_453' title='bbox 2546 3144 2764 3214; x_wconf 77' lang='grc' dir='ltr'>ἔμϐρυα</span> <span class='ocrx_word' id='word_1_454' title='bbox 2800 3141 3105 3195; x_wconf 78' lang='grc' dir='ltr'>κτείνουσιν</span> <span class='ocrx_word' id='word_1_455' title='bbox 3152 3141 3207 3192; x_wconf 84' lang='lat' dir='ltr'><strong>al</strong></span> <span class='ocrx_word' id='word_1_456' title='bbox 3262 3138 3532 3202; x_wconf 80' lang='grc' dir='ltr'>τοιαῦται,</span> <span class='ocrx_word' id='word_1_457' title='bbox 3561 3137 3680 3191; x_wconf 85' lang='grc' dir='ltr'>ἀλλ’</span> 
     </span>
    </p>
   </div>
   <div class='ocr_carea' id='block_1_64' title="bbox 424 3243 2001 3320">
    <p class='ocr_par' dir='ltr' id='par_1_64' title="bbox 424 3243 2001 3320">
     <span class='ocr_line' id='line_1_64' title="bbox 424 3243 2001 3320; baseline 0.009 -29"><span class='ocrx_word' id='word_1_458' title='bbox 424 3246 639 3305; x_wconf 85' lang='lat' dir='ltr'><strong>eeptam</strong></span> <span class='ocrx_word' id='word_1_459' title='bbox 675 3243 914 3310; x_wconf 88' lang='lat' dir='ltr'><strong>prolem,</strong></span> <span class='ocrx_word' id='word_1_460' title='bbox 945 3243 1038 3298; x_wconf 88' lang='lat' dir='ltr'><strong>sed</strong></span> <span class='ocrx_word' id='word_1_461' title='bbox 1089 3245 1237 3313; x_wconf 89' lang='lat' dir='ltr'><strong>ipsas</strong></span> <span class='ocrx_word' id='word_1_462' title='bbox 1272 3245 1435 3300; x_wconf 86' lang='lat' dir='ltr'><strong>etiam</strong></span> <span class='ocrx_word' id='word_1_463' title='bbox 1484 3249 1817 3318; x_wconf 88' lang='lat' dir='ltr'><strong>quandoque</strong></span> <span class='ocrx_word' id='word_1_464' title='bbox 1864 3266 2001 3320; x_wconf 63' lang='lat' dir='ltr'><strong>prie-</strong></span> 
     </span>
    </p>
   </div>
   <div class='ocr_carea' id='block_1_65' title="bbox 426 3332 2001 3409">
    <p class='ocr_par' dir='ltr' id='par_1_65' title="bbox 426 3332 2001 3409">
     <span class='ocr_line' id='line_1_65' title="bbox 426 3332 2001 3409; baseline 0.011 -29"><span class='ocrx_word' id='word_1_465' title='bbox 426 3339 658 3393; x_wconf 71' lang='lat' dir='ltr'><strong>gnantes</strong></span> <span class='ocrx_word' id='word_1_466' title='bbox 701 3332 983 3401; x_wconf 87' lang='lat' dir='ltr'><strong>mulieres,</strong></span> <span class='ocrx_word' id='word_1_467' title='bbox 1035 3336 1183 3404; x_wconf 92' lang='lat' dir='ltr'><strong>quod</strong></span> <span class='ocrx_word' id='word_1_468' title='bbox 1217 3352 1451 3407; x_wconf 76' lang='lat' dir='ltr'><strong>magnus</strong></span> <span class='ocrx_word' id='word_1_469' title='bbox 1500 3355 1721 3409; x_wconf 89' lang='lat' dir='ltr'><strong>quoque</strong></span> <span class='ocrx_word' id='word_1_470' title='bbox 1764 3340 2001 3398; x_wconf 84' lang='lat' dir='ltr'><strong>Basilius</strong></span> 
     </span>
    </p>
   </div>
   <div class='ocr_carea' id='block_1_66' title="bbox 426 3424 2003 3503">
    <p class='ocr_par' dir='ltr' id='par_1_66' title="bbox 426 3424 2003 3503">
     <span class='ocr_line' id='line_1_66' title="bbox 426 3424 2003 3503; baseline 0.009 -30"><span class='ocrx_word' id='word_1_471' title='bbox 426 3434 638 3475; x_wconf 85' lang='lat' dir='ltr'><strong>canone</strong></span> <span class='ocrx_word' id='word_1_472' title='bbox 670 3424 913 3478; x_wconf 88' lang='lat' dir='ltr'><strong>secundo</strong></span> <span class='ocrx_word' id='word_1_473' title='bbox 947 3434 1206 3492; x_wconf 90' lang='lat' dir='ltr'><strong>testatur,</strong></span> <span class='ocrx_word' id='word_1_474' title='bbox 1240 3443 1270 3483; x_wconf 88' lang='lat' dir='ltr'><strong>e</strong></span> <span class='ocrx_word' id='word_1_475' title='bbox 1325 3430 1506 3484; x_wconf 90' lang='lat' dir='ltr'><strong>medio</strong></span> <span class='ocrx_word' id='word_1_476' title='bbox 1554 3430 1774 3485; x_wconf 87' lang='lat' dir='ltr'><strong>tollunt.</strong></span> <span class='ocrx_word' id='word_1_477' title='bbox 1825 3433 2003 3503; x_wconf 82' lang='lat' dir='ltr'><strong>Ancy-</strong></span> 
     </span>
    </p>
   </div>
   <div class='ocr_carea' id='block_1_67' title="bbox 428 3517 2002 3591">
    <p class='ocr_par' dir='ltr' id='par_1_67' title="bbox 428 3517 2002 3591">
     <span class='ocr_line' id='line_1_67' title="bbox 428 3517 2002 3591; baseline 0.012 -29"><span class='ocrx_word' id='word_1_478' title='bbox 428 3527 575 3567; x_wconf 70' lang='lat' dir='ltr'><strong>ranaa</strong></span> <span class='ocrx_word' id='word_1_479' title='bbox 608 3529 741 3568; x_wconf 82' lang='lat' dir='ltr'><strong>vero</strong></span> <span class='ocrx_word' id='word_1_480' title='bbox 767 3517 964 3586; x_wconf 79' lang='lat' dir='ltr'><strong>synodi</strong></span> <span class='ocrx_word' id='word_1_481' title='bbox 997 3533 1207 3574; x_wconf 87' lang='lat' dir='ltr'><strong>canone</strong></span> <span class='ocrx_word' id='word_1_482' title='bbox 1236 3522 1495 3575; x_wconf 79' lang='lat' dir='ltr'><strong>v-iceslmo</strong></span> <span class='ocrx_word' id='word_1_483' title='bbox 1536 3522 1713 3591; x_wconf 84' lang='lat' dir='ltr'><strong>primo</strong></span> <span class='ocrx_word' id='word_1_484' title='bbox 1743 3523 2002 3581; x_wconf 82' lang='lat' dir='ltr'><strong>mulieres</strong></span> 
     </span>
    </p>
   </div>
   <div class='ocr_carea' id='block_1_68' title="bbox 426 3604 1762 3683">
    <p class='ocr_par' dir='ltr' id='par_1_68' title="bbox 426 3604 1762 3683">
     <span class='ocr_line' id='line_1_68' title="bbox 426 3604 1762 3683; baseline 0.012 -29"><span class='ocrx_word' id='word_1_485' title='bbox 426 3604 698 3667; x_wconf 79' lang='lat' dir='ltr'><strong>eiusmodi</strong></span> <span class='ocrx_word' id='word_1_486' title='bbox 737 3608 987 3664; x_wconf 85' lang='lat' dir='ltr'><strong>decennii</strong></span> <span class='ocrx_word' id='word_1_487' title='bbox 1026 3604 1421 3682; x_wconf 68' lang='lat' dir='ltr'><strong>segregatione</strong></span> <span class='ocrx_word' id='word_1_488' title='bbox 1438 3616 1762 3683; x_wconf 89' lang='lat' dir='ltr'><strong>puniuntur.</strong></span> 
     </span>
    </p>
   </div>
   <div class='ocr_carea' id='block_1_69' title="bbox 427 3693 2007 3777">
    <p class='ocr_par' dir='ltr' id='par_1_69' title="bbox 427 3693 2007 3777">
     <span class='ocr_line' id='line_1_69' title="bbox 427 3693 2007 3777; baseline 0.013 -33"><span class='ocrx_word' id='word_1_489' title='bbox 427 3693 655 3751; x_wconf 76' lang='lat' dir='ltr'><strong>AlllST.</strong></span> <span class='ocrx_word' id='word_1_490' title='bbox 690 3715 708 3749; x_wconf 84' lang='grc' dir='ltr'><strong>ι</strong></span> <span class='ocrx_word' id='word_1_491' title='bbox 739 3698 800 3753; x_wconf 83' lang='grc' dir='ltr'>Ει</span> <span class='ocrx_word' id='word_1_492' title='bbox 832 3702 925 3769; x_wconf 91' lang='lat' dir='ltr'><strong>qui</strong></span> <span class='ocrx_word' id='word_1_493' title='bbox 962 3703 1078 3768; x_wconf 88' lang='lat' dir='ltr'><strong>dat,</strong></span> <span class='ocrx_word' id='word_1_494' title='bbox 1116 3715 1170 3759; x_wconf 87' lang='lat' dir='ltr'><strong>et</strong></span> <span class='ocrx_word' id='word_1_495' title='bbox 1203 3721 1326 3776; x_wconf 82' lang='lat' dir='ltr'><strong>quae</strong></span> <span class='ocrx_word' id='word_1_496' title='bbox 1357 3706 1560 3777; x_wconf 87' lang='lat' dir='ltr'><strong>accipit</strong></span> <span class='ocrx_word' id='word_1_497' title='bbox 1598 3708 2007 3765; x_wconf 83' lang='lat' dir='ltr'><strong>medicamenta</strong></span> 
     </span>
    </p>
   </div>
   <div class='ocr_carea' id='block_1_70' title="bbox 434 3780 1792 3864">
    <p class='ocr_par' dir='ltr' id='par_1_70' title="bbox 434 3780 1792 3864">
     <span class='ocr_line' id='line_1_70' title="bbox 434 3780 1792 3864; baseline 0.008 -24"><span class='ocrx_word' id='word_1_498' title='bbox 434 3780 437 3783; x_wconf 60' lang='grc'><em>’</em></span> <span class='ocrx_word' id='word_1_499' title='bbox 609 3808 630 3841; x_wconf 76' lang='grc' dir='ltr'><strong>ι</strong></span> <span class='ocrx_word' id='word_1_500' title='bbox 670 3791 1007 3849; x_wconf 81' lang='lat' dir='ltr'><strong>abortionem</strong></span> <span class='ocrx_word' id='word_1_501' title='bbox 1035 3798 1260 3864; x_wconf 88' lang='lat' dir='ltr'><strong>cientia,</strong></span> <span class='ocrx_word' id='word_1_502' title='bbox 1314 3808 1398 3854; x_wconf 85' lang='lat' dir='ltr'><strong>est</strong></span> <span class='ocrx_word' id='word_1_503' title='bbox 1434 3800 1737 3855; x_wconf 88' lang='lat' dir='ltr'><strong>homicida.</strong></span> <span class='ocrx_word' id='word_1_504' title='bbox 1775 3819 1792 3851; x_wconf 71' lang='grc' dir='ltr'><strong>ι</strong></span> 
     </span>
    </p>
   </div>
   <div class='ocr_carea' id='block_1_71' title="bbox 501 3879 2006 3962">
    <p class='ocr_par' dir='ltr' id='par_1_71' title="bbox 501 3879 2006 3962">
     <span class='ocr_line' id='line_1_71' title="bbox 501 3879 2006 3962; baseline 0.009 -26"><span class='ocrx_word' id='word_1_505' title='bbox 501 3879 882 3949; x_wconf 83' lang='lat' dir='ltr'><strong>Suhjiciuntur</strong></span> <span class='ocrx_word' id='word_1_506' title='bbox 910 3886 1203 3944; x_wconf 73' lang='lat' dir='ltr'><strong>homicidae</strong></span> <span class='ocrx_word' id='word_1_507' title='bbox 1233 3892 1412 3957; x_wconf 63' lang='lat' dir='ltr'><strong>poenis</strong></span> <span class='ocrx_word' id='word_1_508' title='bbox 1440 3899 1494 3946; x_wconf 83' lang='lat' dir='ltr'><strong>et</strong></span> <span class='ocrx_word' id='word_1_509' title='bbox 1525 3893 1649 3956; x_wconf 65' lang='lat' dir='ltr'><strong>illa),</strong></span> <span class='ocrx_word' id='word_1_510' title='bbox 1685 3907 1807 3962; x_wconf 72' lang='lat' dir='ltr'><strong>qua:</strong></span> <span class='ocrx_word' id='word_1_511' title='bbox 1838 3891 2006 3949; x_wconf 70' lang='lat' dir='ltr'><strong>foetus</strong></span> 
     </span>
    </p>
   </div>
   <div class='ocr_carea' id='block_1_72' title="bbox 437 3976 2012 4054">
    <p class='ocr_par' dir='ltr' id='par_1_72' title="bbox 437 3976 2012 4054">
     <span class='ocr_line' id='line_1_72' title="bbox 437 3976 2012 4054; baseline 0.01 -28"><span class='ocrx_word' id='word_1_512' title='bbox 437 3976 692 4029; x_wconf 87' lang='lat' dir='ltr'><strong>neeantia</strong></span> <span class='ocrx_word' id='word_1_513' title='bbox 748 3979 1027 4050; x_wconf 86' lang='lat' dir='ltr'><strong>accipiunt</strong></span> <span class='ocrx_word' id='word_1_514' title='bbox 1071 3982 1500 4049; x_wconf 88' lang='lat' dir='ltr'><strong>medicamenta,</strong></span> <span class='ocrx_word' id='word_1_515' title='bbox 1536 3994 1591 4039; x_wconf 89' lang='lat' dir='ltr'><strong>et</strong></span> <span class='ocrx_word' id='word_1_516' title='bbox 1625 3985 1720 4054; x_wconf 88' lang='lat' dir='ltr'><strong>qui</strong></span> <span class='ocrx_word' id='word_1_517' title='bbox 1778 4000 1841 4039; x_wconf 90' lang='lat' dir='ltr'><strong>ea</strong></span> <span class='ocrx_word' id='word_1_518' title='bbox 1889 3987 2012 4042; x_wconf 90' lang='lat' dir='ltr'><strong>istis</strong></span> 
     </span>
    </p>
   </div>
   <div class='ocr_carea' id='block_1_73' title="bbox 431 4067 711 4125">
    <p class='ocr_par' dir='ltr' id='par_1_73' title="bbox 431 4067 711 4125">
     <span class='ocr_line' id='line_1_73' title="bbox 431 4067 711 4125; baseline 0.007 -2"><span class='ocrx_word' id='word_1_519' title='bbox 431 4067 711 4125; x_wconf 70' lang='lat' dir='ltr'><strong>exhibent.</strong></span> 
     </span>
    </p>
   </div>
   <div class='ocr_carea' id='block_1_74' title="bbox 996 4163 1432 4223">
    <p class='ocr_par' dir='ltr' id='par_1_74' title="bbox 996 4163 1432 4223">
     <span class='ocr_line' id='line_1_74' title="bbox 996 4163 1432 4223; baseline 0.009 -4"><span class='ocrx_word' id='word_1_520' title='bbox 996 4163 1225 4221; x_wconf 81' lang='lat' dir='ltr'><strong>CANON</strong></span> <span class='ocrx_word' id='word_1_521' title='bbox 1269 4165 1432 4223; x_wconf 82' lang='lat' dir='ltr'><strong>XCII.</strong></span> 
     </span>
    </p>
   </div>
   <div class='ocr_carea' id='block_1_75' title="bbox 442 4250 1999 4329">
    <p class='ocr_par' dir='ltr' id='par_1_75' title="bbox 442 4250 1999 4329">
     <span class='ocr_line' id='line_1_75' title="bbox 442 4250 1999 4329; baseline 0.012 -30"><span class='ocrx_word' id='word_1_522' title='bbox 442 4265 461 4299; x_wconf 70' lang='grc' dir='ltr'><strong>ι</strong></span> <span class='ocrx_word' id='word_1_523' title='bbox 512 4250 617 4305; x_wconf 81' lang='lat' dir='ltr'><strong>Eos</strong></span> <span class='ocrx_word' id='word_1_524' title='bbox 644 4251 737 4319; x_wconf 91' lang='lat' dir='ltr'><strong>qui</strong></span> <span class='ocrx_word' id='word_1_525' title='bbox 807 4256 1028 4308; x_wconf 85' lang='lat' dir='ltr'><strong>nomine</strong></span> <span class='ocrx_word' id='word_1_526' title='bbox 1072 4256 1405 4311; x_wconf 84' lang='lat' dir='ltr'><strong>matrimonii</strong></span> <span class='ocrx_word' id='word_1_527' title='bbox 1453 4260 1710 4316; x_wconf 87' lang='lat' dir='ltr'><strong>mulieres</strong></span> <span class='ocrx_word' id='word_1_528' title='bbox 1761 4265 1999 4329; x_wconf 87' lang='lat' dir='ltr'><strong>rapiunt,</strong></span> 
     </span>
    </p>
   </div>
   <div class='ocr_carea' id='block_1_76' title="bbox 516 4344 2007 4423">
    <p class='ocr_par' dir='ltr' id='par_1_76' title="bbox 516 4344 2007 4423">
     <span class='ocr_line' id='line_1_76' title="bbox 516 4344 2007 4423; baseline 0.011 -31"><span class='ocrx_word' id='word_1_529' title='bbox 516 4361 535 4392; x_wconf 76' lang='grc' dir='ltr'><strong>ι</strong></span> <span class='ocrx_word' id='word_1_530' title='bbox 572 4344 651 4395; x_wconf 77' lang='lat' dir='ltr'><strong>vel</strong></span> <span class='ocrx_word' id='word_1_531' title='bbox 681 4344 772 4411; x_wconf 85' lang='lat' dir='ltr'><strong>qui</strong></span> <span class='ocrx_word' id='word_1_532' title='bbox 811 4361 980 4414; x_wconf 89' lang='lat' dir='ltr'><strong>opera</strong></span> <span class='ocrx_word' id='word_1_533' title='bbox 1010 4362 1223 4416; x_wconf 85' lang='lat' dir='ltr'><strong>opeque</strong></span> <span class='ocrx_word' id='word_1_534' title='bbox 1268 4365 1364 4403; x_wconf 90' lang='lat' dir='ltr'><strong>sua</strong></span> <span class='ocrx_word' id='word_1_535' title='bbox 1420 4362 1669 4421; x_wconf 87' lang='lat' dir='ltr'><strong>raptores</strong></span> <span class='ocrx_word' id='word_1_536' title='bbox 1719 4354 2007 4423; x_wconf 86' lang='lat' dir='ltr'><strong>adjuv-nt,</strong></span> 
     </span>
    </p>
   </div>
   <div class='ocr_carea' id='block_1_77' title="bbox 513 4436 2006 4511">
    <p class='ocr_par' dir='ltr' id='par_1_77' title="bbox 513 4436 2006 4511">
     <span class='ocr_line' id='line_1_77' title="bbox 513 4436 2006 4511; baseline 0.011 -27"><span class='ocrx_word' id='word_1_537' title='bbox 513 4453 532 4484; x_wconf 85' lang='grc'><em>‹</em></span> <span class='ocrx_word' id='word_1_538' title='bbox 574 4436 767 4488; x_wconf 86' lang='lat' dir='ltr'><strong>statuit</strong></span> <span class='ocrx_word' id='word_1_539' title='bbox 801 4446 989 4491; x_wconf 87' lang='lat' dir='ltr'><strong>sancta</strong></span> <span class='ocrx_word' id='word_1_540' title='bbox 1024 4439 1288 4508; x_wconf 87' lang='lat' dir='ltr'><strong>synodus,</strong></span> <span class='ocrx_word' id='word_1_541' title='bbox 1318 4441 1363 4495; x_wconf 90' lang='lat' dir='ltr'><strong>si</strong></span> <span class='ocrx_word' id='word_1_542' title='bbox 1399 4442 1510 4496; x_wconf 87' lang='lat' dir='ltr'><strong>sint</strong></span> <span class='ocrx_word' id='word_1_543' title='bbox 1539 4442 1761 4511; x_wconf 88' lang='lat' dir='ltr'><strong>quidem</strong></span> <span class='ocrx_word' id='word_1_544' title='bbox 1790 4447 2006 4509; x_wconf 68' lang='lat' dir='ltr'><strong>clerici,</strong></span> 
     </span>
    </p>
   </div>
   <div class='ocr_carea' id='block_1_78' title="bbox 430 4513 2007 4602">
    <p class='ocr_par' dir='ltr' id='par_1_78' title="bbox 430 4513 2007 4602">
     <span class='ocr_line' id='line_1_78' title="bbox 430 4513 2007 4602; baseline 0.011 -29"><span class='ocrx_word' id='word_1_545' title='bbox 430 4513 437 4519; x_wconf 63' lang='grc'><strong><em>⁷</em></strong></span> <span class='ocrx_word' id='word_1_546' title='bbox 514 4543 533 4574; x_wconf 75' lang='grc' dir='ltr'><strong>ι</strong></span> <span class='ocrx_word' id='word_1_547' title='bbox 573 4527 793 4595; x_wconf 89' lang='lat' dir='ltr'><strong>proprio</strong></span> <span class='ocrx_word' id='word_1_548' title='bbox 822 4528 994 4597; x_wconf 75' lang='lat' dir='ltr'><strong>gradu</strong></span> <span class='ocrx_word' id='word_1_549' title='bbox 1026 4530 1277 4586; x_wconf 76' lang='lat' dir='ltr'><strong>excidere</strong></span> <span class='ocrx_word' id='word_1_550' title='bbox 1309 4549 1322 4586; x_wconf 90' lang='lat'><strong>:</strong></span> <span class='ocrx_word' id='word_1_551' title='bbox 1355 4533 1441 4589; x_wconf 93' lang='lat' dir='ltr'><strong>sin</strong></span> <span class='ocrx_word' id='word_1_552' title='bbox 1496 4549 1625 4588; x_wconf 84' lang='lat' dir='ltr'><strong>vero</strong></span> <span class='ocrx_word' id='word_1_553' title='bbox 1683 4535 1831 4602; x_wconf 87' lang='lat' dir='ltr'><strong>laici,</strong></span> <span class='ocrx_word' id='word_1_554' title='bbox 1870 4552 2007 4591; x_wconf 87' lang='lat' dir='ltr'><strong>ana-</strong></span> 
     </span>
    </p>
   </div>
   <div class='ocr_carea' id='block_1_79' title="bbox 520 4618 1337 4688">
    <p class='ocr_par' dir='ltr' id='par_1_79' title="bbox 520 4618 1337 4688">
     <span class='ocr_line' id='line_1_79' title="bbox 520 4618 1337 4688; baseline 0.011 -21"><span class='ocrx_word' id='word_1_555' title='bbox 520 4637 537 4667; x_wconf 77' lang='grc' dir='ltr'><strong>ι</strong></span> <span class='ocrx_word' id='word_1_556' title='bbox 574 4618 813 4671; x_wconf 85' lang='lat' dir='ltr'><strong>themate.</strong></span> <span class='ocrx_word' id='word_1_557' title='bbox 842 4621 1075 4688; x_wconf 88' lang='lat' dir='ltr'><strong>percuti.</strong></span> <span class='ocrx_word' id='word_1_558' title='bbox 1110 4640 1128 4673; x_wconf 77' lang='grc' dir='ltr'><strong>ι</strong></span> <span class='ocrx_word' id='word_1_559' title='bbox 1332 4620 1337 4626; x_wconf 86' lang='grc'><strong>’</strong></span> 
     </span>
    </p>
   </div>
   <div class='ocr_carea' id='block_1_80' title="bbox 502 4709 2008 4785">
    <p class='ocr_par' dir='ltr' id='par_1_80' title="bbox 502 4709 2008 4785">
     <span class='ocr_line' id='line_1_80' title="bbox 502 4709 2008 4785; baseline 0.007 -24"><span class='ocrx_word' id='word_1_560' title='bbox 502 4709 711 4785; x_wconf 12' lang='grc' dir='ltr'><strong>νΒΑιδ.</strong></span> <span class='ocrx_word' id='word_1_561' title='bbox 745 4709 993 4766; x_wconf 73' lang='grc' dir='ltr'>Ρτςιιεειις</span> <span class='ocrx_word' id='word_1_562' title='bbox 1028 4729 1204 4769; x_wconf 85' lang='lat' dir='ltr'><strong>eanon</strong></span> <span class='ocrx_word' id='word_1_563' title='bbox 1239 4716 1379 4770; x_wconf 82' lang='lat' dir='ltr'><strong>idem</strong></span> <span class='ocrx_word' id='word_1_564' title='bbox 1413 4724 1497 4771; x_wconf 85' lang='lat' dir='ltr'><strong>est</strong></span> <span class='ocrx_word' id='word_1_565' title='bbox 1523 4715 1747 4769; x_wconf 91' lang='lat' dir='ltr'><strong>omnino</strong></span> <span class='ocrx_word' id='word_1_566' title='bbox 1785 4731 1908 4770; x_wconf 87' lang='lat' dir='ltr'><strong>cum</strong></span> <span class='ocrx_word' id='word_1_567' title='bbox 1936 4718 2008 4771; x_wconf 64' lang='lat' dir='ltr'><strong>Q7</strong></span> 
     </span>
    </p>
   </div>
   <div class='ocr_carea' id='block_1_81' title="bbox 442 4803 2013 4877">
    <p class='ocr_par' dir='ltr' id='par_1_81' title="bbox 442 4803 2013 4877">
     <span class='ocr_line' id='line_1_81' title="bbox 442 4803 2013 4877; baseline 0.007 -23"><span class='ocrx_word' id='word_1_568' title='bbox 442 4817 653 4855; x_wconf 86' lang='lat' dir='ltr'><strong>canone</strong></span> <span class='ocrx_word' id='word_1_569' title='bbox 692 4803 1027 4860; x_wconf 88' lang='lat' dir='ltr'><strong>Chalcedon.</strong></span> <span class='ocrx_word' id='word_1_570' title='bbox 1081 4809 1297 4877; x_wconf 82' lang='lat' dir='ltr'><strong>synodi.</strong></span> <span class='ocrx_word' id='word_1_571' title='bbox 1346 4809 1408 4860; x_wconf 91' lang='lat' dir='ltr'><strong>Et</strong></span> <span class='ocrx_word' id='word_1_572' title='bbox 1461 4823 1645 4876; x_wconf 68' lang='lat' dir='ltr'><strong>quaere</strong></span> <span class='ocrx_word' id='word_1_573' title='bbox 1685 4824 1807 4877; x_wconf 79' lang='lat' dir='ltr'><strong>qua:</strong></span> <span class='ocrx_word' id='word_1_574' title='bbox 1846 4809 1896 4860; x_wconf 90' lang='lat' dir='ltr'><strong>in</strong></span> <span class='ocrx_word' id='word_1_575' title='bbox 1948 4826 2013 4865; x_wconf 87' lang='lat' dir='ltr'><strong>eo</strong></span> 
     </span>
    </p>
   </div>
   <div class='ocr_carea' id='block_1_82' title="bbox 445 4895 2015 4967">
    <p class='ocr_par' dir='ltr' id='par_1_82' title="bbox 445 4895 2015 4967">
     <span class='ocr_line' id='line_1_82' title="bbox 445 4895 2015 4967; baseline 0.001 -18"><span class='ocrx_word' id='word_1_576' title='bbox 445 4895 654 4962; x_wconf 83' lang='lat' dir='ltr'><strong>scripta</strong></span> <span class='ocrx_word' id='word_1_577' title='bbox 688 4902 834 4960; x_wconf 87' lang='lat' dir='ltr'><strong>sunt,</strong></span> <span class='ocrx_word' id='word_1_578' title='bbox 864 4904 919 4949; x_wconf 89' lang='lat' dir='ltr'><strong>et</strong></span> <span class='ocrx_word' id='word_1_579' title='bbox 946 4897 978 4952; x_wconf 89' lang='lat'><strong>9</strong></span> <span class='ocrx_word' id='word_1_580' title='bbox 1010 4898 1093 4951; x_wconf 92' lang='lat' dir='ltr'><strong>tit.</strong></span> <span class='ocrx_word' id='word_1_581' title='bbox 1128 4898 1418 4967; x_wconf 64' lang='lat' dir='ltr'><strong>praesentis</strong></span> <span class='ocrx_word' id='word_1_582' title='bbox 1450 4897 1654 4966; x_wconf 86' lang='lat' dir='ltr'><strong>operis,</strong></span> <span class='ocrx_word' id='word_1_583' title='bbox 1687 4912 1808 4967; x_wconf 89' lang='lat' dir='ltr'><strong>cap.</strong></span> <span class='ocrx_word' id='word_1_584' title='bbox 1845 4898 1914 4951; x_wconf 79' lang='lat'><strong>30</strong></span> <span class='ocrx_word' id='word_1_585' title='bbox 1962 4907 2015 4951; x_wconf 90' lang='lat' dir='ltr'><strong>et</strong></span> 
     </span>
    </p>
   </div>
   <div class='ocr_carea' id='block_1_83' title="bbox 445 4986 2010 5059">
    <p class='ocr_par' dir='ltr' id='par_1_83' title="bbox 445 4986 2010 5059">
     <span class='ocr_line' id='line_1_83' title="bbox 445 4986 2010 5059; baseline 0.007 -24"><span class='ocrx_word' id='word_1_586' title='bbox 445 5002 567 5055; x_wconf 68' lang='lat' dir='ltr'><strong>qua:</strong></span> <span class='ocrx_word' id='word_1_587' title='bbox 621 4986 675 5040; x_wconf 91' lang='lat' dir='ltr'><strong>in</strong></span> <span class='ocrx_word' id='word_1_588' title='bbox 722 5001 843 5041; x_wconf 91' lang='lat' dir='ltr'><strong>eum</strong></span> <span class='ocrx_word' id='word_1_589' title='bbox 903 4989 1102 5059; x_wconf 88' lang='lat' dir='ltr'><strong>scripta</strong></span> <span class='ocrx_word' id='word_1_590' title='bbox 1157 4998 1305 5045; x_wconf 87' lang='lat' dir='ltr'><strong>sunt.</strong></span> <span class='ocrx_word' id='word_1_591' title='bbox 1353 4990 1618 5044; x_wconf 84' lang='lat' dir='ltr'><strong>Similiter</strong></span> <span class='ocrx_word' id='word_1_592' title='bbox 1664 4999 1717 5043; x_wconf 86' lang='lat' dir='ltr'><strong>et</strong></span> <span class='ocrx_word' id='word_1_593' title='bbox 1764 4990 1829 5045; x_wconf 83' lang='lat'><strong>67</strong></span> <span class='ocrx_word' id='word_1_594' title='bbox 1887 5007 2010 5046; x_wconf 79' lang='lat' dir='ltr'><strong>can.</strong></span> 
     </span>
    </p>
   </div>
   <div class='ocr_carea' id='block_1_84' title="bbox 448 5076 2017 5150">
    <p class='ocr_par' dir='ltr' id='par_1_84' title="bbox 448 5076 2017 5150">
     <span class='ocr_line' id='line_1_84' title="bbox 448 5076 2017 5150; baseline 0.004 -22"><span class='ocrx_word' id='word_1_595' title='bbox 448 5087 627 5144; x_wconf 91' lang='lat' dir='ltr'><strong>npost.</strong></span> <span class='ocrx_word' id='word_1_596' title='bbox 657 5076 797 5142; x_wconf 85' lang='lat' dir='ltr'><strong>Quid</strong></span> <span class='ocrx_word' id='word_1_597' title='bbox 834 5089 1043 5145; x_wconf 83' lang='lat' dir='ltr'><strong>autem,</strong></span> <span class='ocrx_word' id='word_1_598' title='bbox 1081 5079 1127 5133; x_wconf 88' lang='lat' dir='ltr'><strong>si</strong></span> <span class='ocrx_word' id='word_1_599' title='bbox 1161 5080 1287 5149; x_wconf 89' lang='lat' dir='ltr'><strong>quis</strong></span> <span class='ocrx_word' id='word_1_600' title='bbox 1312 5079 1598 5133; x_wconf 86' lang='lat' dir='ltr'><strong>mulierem</strong></span> <span class='ocrx_word' id='word_1_601' title='bbox 1634 5096 1740 5135; x_wconf 89' lang='lat' dir='ltr'><strong>non</strong></span> <span class='ocrx_word' id='word_1_602' title='bbox 1773 5082 2017 5150; x_wconf 85' lang='lat' dir='ltr'><strong>rapuerit</strong></span> 
     </span>
    </p>
   </div>
   <div class='ocr_carea' id='block_1_85' title="bbox 444 5169 2002 5243">
    <p class='ocr_par' dir='ltr' id='par_1_85' title="bbox 444 5169 2002 5243">
     <span class='ocr_line' id='line_1_85' title="bbox 444 5169 2002 5243; baseline 0.004 -22"><span class='ocrx_word' id='word_1_603' title='bbox 444 5169 665 5224; x_wconf 68' lang='lat' dir='ltr'><strong>nomine</strong></span> <span class='ocrx_word' id='word_1_604' title='bbox 697 5170 1058 5237; x_wconf 89' lang='lat' dir='ltr'><strong>matrimonii,</strong></span> <span class='ocrx_word' id='word_1_605' title='bbox 1094 5171 1190 5226; x_wconf 89' lang='lat' dir='ltr'><strong>sed</strong></span> <span class='ocrx_word' id='word_1_606' title='bbox 1242 5171 1625 5226; x_wconf 82' lang='lat' dir='ltr'><strong>fornicationis</strong></span> <span class='ocrx_word' id='word_1_607' title='bbox 1649 5175 1847 5243; x_wconf 80' lang='lat' dir='ltr'><strong>gratia,</strong></span> <span class='ocrx_word' id='word_1_608' title='bbox 1892 5189 2002 5228; x_wconf 87' lang='lat' dir='ltr'><strong>non</strong></span> 
     </span>
    </p>
   </div>
   <div class='ocr_carea' id='block_1_86' title="bbox 452 5259 2057 5333">
    <p class='ocr_par' dir='ltr' id='par_1_86' title="bbox 452 5259 2057 5333">
     <span class='ocr_line' id='line_1_86' title="bbox 452 5259 2057 5333; baseline 0.009 -26"><span class='ocrx_word' id='word_1_609' title='bbox 452 5259 709 5324; x_wconf 87' lang='lat' dir='ltr'><strong>punietur</strong></span> <span class='ocrx_word' id='word_1_610' title='bbox 738 5275 843 5311; x_wconf 91' lang='lat' dir='ltr'><strong>una</strong></span> <span class='ocrx_word' id='word_1_611' title='bbox 874 5276 1000 5313; x_wconf 90' lang='lat' dir='ltr'><strong>cum</strong></span> <span class='ocrx_word' id='word_1_612' title='bbox 1035 5260 1122 5323; x_wconf 89' lang='lat' dir='ltr'><strong>iis,</strong></span> <span class='ocrx_word' id='word_1_613' title='bbox 1158 5262 1251 5329; x_wconf 87' lang='lat' dir='ltr'><strong>qui</strong></span> <span class='ocrx_word' id='word_1_614' title='bbox 1302 5262 1448 5314; x_wconf 91' lang='lat' dir='ltr'><strong>illum</strong></span> <span class='ocrx_word' id='word_1_615' title='bbox 1496 5277 1660 5331; x_wconf 87' lang='lat' dir='ltr'><strong>opera</strong></span> <span class='ocrx_word' id='word_1_616' title='bbox 1693 5272 1746 5317; x_wconf 90' lang='lat' dir='ltr'><strong>et</strong></span> <span class='ocrx_word' id='word_1_617' title='bbox 1783 5280 1885 5333; x_wconf 87' lang='lat' dir='ltr'><strong>ope</strong></span> <span class='ocrx_word' id='word_1_618' title='bbox 1917 5279 2015 5317; x_wconf 84' lang='lat' dir='ltr'><strong>sua</strong></span> <span class='ocrx_word' id='word_1_619' title='bbox 2054 5318 2057 5321; x_wconf 32' lang='grc' dir='ltr'><strong><em>γ</em></strong></span> 
     </span>
    </p>
   </div>
   <div class='ocr_carea' id='block_1_87' title="bbox 448 5347 2018 5413">
    <p class='ocr_par' dir='ltr' id='par_1_87' title="bbox 448 5347 2018 5413">
     <span class='ocr_line' id='line_1_87' title="bbox 448 5347 2018 5413; baseline 0.004 -11"><span class='ocrx_word' id='word_1_620' title='bbox 448 5348 746 5413; x_wconf 81' lang='lat' dir='ltr'><strong>adjuvant?</strong></span> <span class='ocrx_word' id='word_1_621' title='bbox 803 5347 1041 5403; x_wconf 81' lang='lat' dir='ltr'><strong>Salutio.</strong></span> <span class='ocrx_word' id='word_1_622' title='bbox 1087 5350 1345 5407; x_wconf 82' lang='lat' dir='ltr'><strong>Maxime.</strong></span> <span class='ocrx_word' id='word_1_623' title='bbox 1403 5351 1518 5407; x_wconf 81' lang='lat' dir='ltr'><strong>Hoc</strong></span> <span class='ocrx_word' id='word_1_624' title='bbox 1554 5362 1637 5407; x_wconf 83' lang='lat' dir='ltr'><strong>est</strong></span> <span class='ocrx_word' id='word_1_625' title='bbox 1706 5355 1848 5408; x_wconf 89' lang='lat' dir='ltr'><strong>enim</strong></span> <span class='ocrx_word' id='word_1_626' title='bbox 1901 5357 2018 5409; x_wconf 85' lang='lat' dir='ltr'><strong>sinc</strong></span> 
     </span>
    </p>
   </div>
   <div class='ocr_carea' id='block_1_88' title="bbox 446 5443 2021 5513">
    <p class='ocr_par' dir='ltr' id='par_1_88' title="bbox 446 5443 2021 5513">
     <span class='ocr_line' id='line_1_88' title="bbox 446 5443 2021 5513; baseline 0.003 -19"><span class='ocrx_word' id='word_1_627' title='bbox 446 5443 829 5497; x_wconf 79' lang='lat' dir='ltr'><strong>controversia</strong></span> <span class='ocrx_word' id='word_1_628' title='bbox 862 5460 877 5495; x_wconf 90' lang='lat'><strong>:</strong></span> <span class='ocrx_word' id='word_1_629' title='bbox 916 5443 969 5495; x_wconf 88' lang='lat' dir='ltr'><strong>id</strong></span> <span class='ocrx_word' id='word_1_630' title='bbox 1000 5454 1206 5508; x_wconf 88' lang='lat' dir='ltr'><strong>autem,</strong></span> <span class='ocrx_word' id='word_1_631' title='bbox 1240 5444 1388 5513; x_wconf 91' lang='lat' dir='ltr'><strong>quod</strong></span> <span class='ocrx_word' id='word_1_632' title='bbox 1435 5444 1830 5499; x_wconf 85' lang='lat' dir='ltr'><strong>dubitationem</strong></span> <span class='ocrx_word' id='word_1_633' title='bbox 1888 5446 2021 5499; x_wconf 84' lang='lat' dir='ltr'><strong>atl&#39;c-</strong></span> 
     </span>
    </p>
   </div>
   <div class='ocr_carea' id='block_1_89' title="bbox 454 5522 2020 5601">
    <p class='ocr_par' dir='ltr' id='par_1_89' title="bbox 454 5522 2020 5601">
     <span class='ocr_line' id='line_1_89' title="bbox 454 5522 2020 5601; baseline 0.001 -16"><span class='ocrx_word' id='word_1_634' title='bbox 454 5532 633 5594; x_wconf 83' lang='lat' dir='ltr'><strong>rebat,</strong></span> <span class='ocrx_word' id='word_1_635' title='bbox 668 5542 787 5586; x_wconf 87' lang='lat' dir='ltr'><strong>erat</strong></span> <span class='ocrx_word' id='word_1_636' title='bbox 818 5522 1116 5601; x_wconf 67' lang='lat' dir='ltr'><strong>prmtextus</strong></span> <span class='ocrx_word' id='word_1_637' title='bbox 1158 5536 1521 5591; x_wconf 74' lang='lat' dir='ltr'><strong>rnatt&#39;imonii.</strong></span> <span class='ocrx_word' id='word_1_638' title='bbox 1569 5534 1833 5591; x_wconf 81' lang='lat' dir='ltr'><strong>Dicebant</strong></span> <span class='ocrx_word' id='word_1_639' title='bbox 1877 5537 2020 5586; x_wconf 76' lang='lat' dir='ltr'><strong>enim</strong></span> 
     </span>
    </p>
   </div>
   <div class='ocr_carea' id='block_1_90' title="bbox 455 5625 2019 5696">
    <p class='ocr_par' dir='ltr' id='par_1_90' title="bbox 455 5625 2019 5696">
     <span class='ocr_line' id='line_1_90' title="bbox 455 5625 2019 5696; baseline -0.001 -16"><span class='ocrx_word' id='word_1_640' title='bbox 455 5626 730 5692; x_wconf 88' lang='lat' dir='ltr'><strong>nonnulli,</strong></span> <span class='ocrx_word' id='word_1_641' title='bbox 765 5640 889 5681; x_wconf 89' lang='lat' dir='ltr'><strong>eum</strong></span> <span class='ocrx_word' id='word_1_642' title='bbox 929 5625 1066 5679; x_wconf 90' lang='lat' dir='ltr'><strong>nihil</strong></span> <span class='ocrx_word' id='word_1_643' title='bbox 1096 5627 1222 5681; x_wconf 87' lang='lat' dir='ltr'><strong>mali</strong></span> <span class='ocrx_word' id='word_1_644' title='bbox 1262 5627 1482 5691; x_wconf 86' lang='lat' dir='ltr'><strong>fecisse,</strong></span> <span class='ocrx_word' id='word_1_645' title='bbox 1524 5628 1617 5696; x_wconf 90' lang='lat' dir='ltr'><strong>qui</strong></span> <span class='ocrx_word' id='word_1_646' title='bbox 1666 5626 1847 5695; x_wconf 83' lang='lat' dir='ltr'><strong>rapuit</strong></span> <span class='ocrx_word' id='word_1_647' title='bbox 1900 5642 2019 5679; x_wconf 89' lang='lat' dir='ltr'><strong>mu-</strong></span> 
     </span>
    </p>
   </div>
   <div class='ocr_carea' id='block_1_91' title="bbox 454 5717 2025 5792">
    <p class='ocr_par' dir='ltr' id='par_1_91' title="bbox 454 5717 2025 5792">
     <span class='ocr_line' id='line_1_91' title="bbox 454 5717 2025 5792; baseline 0.001 -22"><span class='ocrx_word' id='word_1_648' title='bbox 454 5720 668 5786; x_wconf 87' lang='lat' dir='ltr'><strong>lierem,</strong></span> <span class='ocrx_word' id='word_1_649' title='bbox 708 5727 769 5773; x_wconf 88' lang='lat' dir='ltr'><strong>ut</strong></span> <span class='ocrx_word' id='word_1_650' title='bbox 799 5718 850 5774; x_wconf 90' lang='lat' dir='ltr'><strong>ei</strong></span> <span class='ocrx_word' id='word_1_651' title='bbox 878 5718 1119 5790; x_wconf 81' lang='lat' dir='ltr'><strong>legitime</strong></span> <span class='ocrx_word' id='word_1_652' title='bbox 1148 5721 1595 5792; x_wconf 84' lang='lat' dir='ltr'><strong>conjungeretur,</strong></span> <span class='ocrx_word' id='word_1_653' title='bbox 1624 5734 1744 5789; x_wconf 64' lang='lat' dir='ltr'><strong>quae</strong></span> <span class='ocrx_word' id='word_1_654' title='bbox 1790 5717 2025 5772; x_wconf 78' lang='lat' dir='ltr'><strong>fortasse</strong></span> 
     </span>
    </p>
   </div>
   <div class='ocr_carea' id='block_1_92' title="bbox 466 5805 2024 5882">
    <p class='ocr_par' dir='ltr' id='par_1_92' title="bbox 466 5805 2024 5882">
     <span class='ocr_line' id='line_1_92' title="bbox 466 5805 2024 5882; baseline -0.003 -20"><span class='ocrx_word' id='word_1_655' title='bbox 466 5810 629 5862; x_wconf 86' lang='lat' dir='ltr'><strong>etiam</strong></span> <span class='ocrx_word' id='word_1_656' title='bbox 662 5807 885 5881; x_wconf 76' lang='lat' dir='ltr'><strong>indigna</strong></span> <span class='ocrx_word' id='word_1_657' title='bbox 913 5817 997 5864; x_wconf 88' lang='lat' dir='ltr'><strong>est</strong></span> <span class='ocrx_word' id='word_1_658' title='bbox 1033 5808 1153 5879; x_wconf 87' lang='lat' dir='ltr'><strong>ejus</strong></span> <span class='ocrx_word' id='word_1_659' title='bbox 1178 5826 1399 5882; x_wconf 79' lang='lat' dir='ltr'><strong>genere,</strong></span> <span class='ocrx_word' id='word_1_660' title='bbox 1437 5816 1490 5864; x_wconf 86' lang='lat' dir='ltr'><strong>et</strong></span> <span class='ocrx_word' id='word_1_661' title='bbox 1522 5824 1584 5862; x_wconf 76' lang='lat' dir='ltr'><strong>ex</strong></span> <span class='ocrx_word' id='word_1_662' title='bbox 1616 5824 1680 5861; x_wconf 86' lang='lat' dir='ltr'><strong>co</strong></span> <span class='ocrx_word' id='word_1_663' title='bbox 1713 5805 1945 5860; x_wconf 76' lang='lat' dir='ltr'><strong>maxime</strong></span> <span class='ocrx_word' id='word_1_664' title='bbox 1974 5806 2024 5857; x_wconf 89' lang='lat' dir='ltr'><strong>vi</strong></span> 
     </span>
    </p>
   </div>
   <div class='ocr_carea' id='block_1_93' title="bbox 2107 3228 3681 3301">
    <p class='ocr_par' dir='ltr' id='par_1_93' title="bbox 2107 3228 3681 3301">
     <span class='ocr_line' id='line_1_93' title="bbox 2107 3228 3681 3301; baseline -0.01 -6"><span class='ocrx_word' id='word_1_665' title='bbox 2107 3240 2287 3295; x_wconf 76' lang='grc' dir='ltr'>ἐνίοτε</span> <span class='ocrx_word' id='word_1_666' title='bbox 2317 3246 2412 3298; x_wconf 67' lang='grc' dir='ltr'><strong>καὶ</strong></span> <span class='ocrx_word' id='word_1_667' title='bbox 2450 3239 2618 3299; x_wconf 78' lang='grc' dir='ltr'>αὑτάς</span> <span class='ocrx_word' id='word_1_668' title='bbox 2652 3236 2750 3297; x_wconf 77' lang='grc' dir='ltr'><strong>τὰς</strong></span> <span class='ocrx_word' id='word_1_669' title='bbox 2785 3232 3039 3301; x_wconf 80' lang='grc' dir='ltr'>ἐγκύους,</span> <span class='ocrx_word' id='word_1_670' title='bbox 3071 3230 3098 3283; x_wconf 85' lang='grc' dir='ltr'>ὃ</span> <span class='ocrx_word' id='word_1_671' title='bbox 3125 3230 3219 3283; x_wconf 77' lang='grc' dir='ltr'><strong>καὶ</strong></span> <span class='ocrx_word' id='word_1_672' title='bbox 3246 3231 3273 3282; x_wconf 84' lang='grc' dir='ltr'>ὁ</span> <span class='ocrx_word' id='word_1_673' title='bbox 3310 3229 3487 3298; x_wconf 85' lang='grc' dir='ltr'>μέγας</span> <span class='ocrx_word' id='word_1_674' title='bbox 3510 3228 3681 3280; x_wconf 82' lang='grc' dir='ltr'>Βασί-</span> 
     </span>
    </p>
   </div>
   <div class='ocr_carea' id='block_1_94' title="bbox 2105 3319 3686 3399">
    <p class='ocr_par' dir='ltr' id='par_1_94' title="bbox 2105 3319 3686 3399">
     <span class='ocr_line' id='line_1_94' title="bbox 2105 3319 3686 3399; baseline -0.01 -13"><span class='ocrx_word' id='word_1_675' title='bbox 2105 3334 2249 3395; x_wconf 84' lang='grc' dir='ltr'>λειος</span> <span class='ocrx_word' id='word_1_676' title='bbox 2276 3334 2332 3384; x_wconf 85' lang='grc' dir='ltr'>ὲν</span> <span class='ocrx_word' id='word_1_677' title='bbox 2350 3330 2588 3399; x_wconf 75' lang='grc' dir='ltr'>δευτέρῳ</span> <span class='ocrx_word' id='word_1_678' title='bbox 2619 3326 2810 3380; x_wconf 86' lang='grc' dir='ltr'>κανόνι</span> <span class='ocrx_word' id='word_1_679' title='bbox 2830 3325 3016 3393; x_wconf 78' lang='grc' dir='ltr'>φησίν.</span> <span class='ocrx_word' id='word_1_680' title='bbox 3043 3323 3101 3375; x_wconf 82' lang='grc' dir='ltr'><strong>Ὀ</strong></span> <span class='ocrx_word' id='word_1_681' title='bbox 3126 3322 3182 3375; x_wconf 79' lang='grc' dir='ltr'>δὲ</span> <span class='ocrx_word' id='word_1_682' title='bbox 3200 3321 3299 3391; x_wconf 78' lang='grc' dir='ltr'>τῆς</span> <span class='ocrx_word' id='word_1_683' title='bbox 3326 3322 3385 3373; x_wconf 80' lang='grc' dir='ltr'><strong>έν</strong></span> <span class='ocrx_word' id='word_1_684' title='bbox 3440 3319 3686 3390; x_wconf 74' lang='grc' dir='ltr'><strong>Ἀγκύρει⁵</strong></span> 
     </span>
    </p>
   </div>
   <div class='ocr_carea' id='block_1_95' title="bbox 2110 3411 3685 3482">
    <p class='ocr_par' dir='ltr' id='par_1_95' title="bbox 2110 3411 3685 3482">
     <span class='ocr_line' id='line_1_95' title="bbox 2110 3411 3685 3482; baseline -0.01 -4"><span class='ocrx_word' id='word_1_685' title='bbox 2110 3425 2334 3478; x_wconf 85' lang='grc' dir='ltr'>συνόδου</span> <span class='ocrx_word' id='word_1_686' title='bbox 2368 3420 2546 3475; x_wconf 88' lang='grc' dir='ltr'>κανὼν</span> <span class='ocrx_word' id='word_1_687' title='bbox 2577 3417 2669 3472; x_wconf 74' lang='grc' dir='ltr'><strong>καὶ</strong></span> <span class='ocrx_word' id='word_1_688' title='bbox 2717 3418 2813 3478; x_wconf 85' lang='grc' dir='ltr'><strong>τὰς</strong></span> <span class='ocrx_word' id='word_1_689' title='bbox 2831 3414 3089 3477; x_wconf 82' lang='grc' dir='ltr'>τοιαύτας</span> <span class='ocrx_word' id='word_1_690' title='bbox 3105 3414 3368 3482; x_wconf 83' lang='grc' dir='ltr'>γυναῖκας</span> <span class='ocrx_word' id='word_1_691' title='bbox 3396 3411 3685 3465; x_wconf 77' lang='grc' dir='ltr'>δεκαετίαν</span> 
     </span>
    </p>
   </div>
   <div class='ocr_carea' id='block_1_96' title="bbox 2108 3516 2385 3589">
    <p class='ocr_par' dir='ltr' id='par_1_96' title="bbox 2108 3516 2385 3589">
     <span class='ocr_line' id='line_1_96' title="bbox 2108 3516 2385 3589; baseline -0.018 -17"><span class='ocrx_word' id='word_1_692' title='bbox 2108 3516 2385 3589; x_wconf 74' lang='grc' dir='ltr'>ἀφορίζει.</span> 
     </span>
    </p>
   </div>
   <div class='ocr_carea' id='block_1_97' title="bbox 2109 3683 3687 3760">
    <p class='ocr_par' dir='ltr' id='par_1_97' title="bbox 2109 3683 3687 3760">
     <span class='ocr_line' id='line_1_97' title="bbox 2109 3683 3687 3760; baseline -0.011 -6"><span class='ocrx_word' id='word_1_693' title='bbox 2109 3697 2329 3754; x_wconf 75' lang='grc' dir='ltr'><strong>ΔΡΙΣΤ.</strong></span> <span class='ocrx_word' id='word_1_694' title='bbox 2400 3714 2416 3747; x_wconf 81' lang='grc' dir='ltr'><strong>ι</strong></span> <span class='ocrx_word' id='word_1_695' title='bbox 2453 3692 2564 3747; x_wconf 91' lang='lat' dir='ltr'><strong>Kal</strong></span> <span class='ocrx_word' id='word_1_696' title='bbox 2590 3694 2617 3746; x_wconf 88' lang='grc' dir='ltr'><strong>ό</strong></span> <span class='ocrx_word' id='word_1_697' title='bbox 2649 3690 2824 3755; x_wconf 79' lang='grc' dir='ltr'>διδοὺς</span> <span class='ocrx_word' id='word_1_698' title='bbox 2864 3689 2958 3745; x_wconf 73' lang='grc' dir='ltr'><strong>καὶ</strong></span> <span class='ocrx_word' id='word_1_699' title='bbox 3016 3686 3433 3760; x_wconf 79' lang='grc' dir='ltr'>ήλαμϐάνουσα</span> <span class='ocrx_word' id='word_1_700' title='bbox 3462 3683 3687 3754; x_wconf 80' lang='grc' dir='ltr'>ἀμϐλω-</span> 
     </span>
    </p>
   </div>
   <div class='ocr_carea' id='block_1_98' title="bbox 2574 3782 3184 3855">
    <p class='ocr_par' dir='ltr' id='par_1_98' title="bbox 2574 3782 3184 3855">
     <span class='ocr_line' id='line_1_98' title="bbox 2574 3782 3184 3855; baseline -0.011 -16"><span class='ocrx_word' id='word_1_701' title='bbox 2574 3786 2751 3852; x_wconf 85' lang='grc' dir='ltr'>θρίδια</span> <span class='ocrx_word' id='word_1_702' title='bbox 2778 3782 3115 3855; x_wconf 79' lang='grc' dir='ltr'>ἀνδροφόνοι.</span> <span class='ocrx_word' id='word_1_703' title='bbox 3165 3799 3184 3832; x_wconf 73' lang='grc' dir='ltr'><strong>ι</strong></span> 
     </span>
    </p>
   </div>
   <div class='ocr_carea' id='block_1_99' title="bbox 2192 3869 3689 3950">
    <p class='ocr_par' dir='ltr' id='par_1_99' title="bbox 2192 3869 3689 3950">
     <span class='ocr_line' id='line_1_99' title="bbox 2192 3869 3689 3950; baseline -0.012 -12"><span class='ocrx_word' id='word_1_704' title='bbox 2192 3883 2546 3937; x_wconf 82' lang='grc' dir='ltr'>’Υπόκεινται</span> <span class='ocrx_word' id='word_1_705' title='bbox 2595 3879 2671 3950; x_wconf 83' lang='grc' dir='ltr'>τῷ</span> <span class='ocrx_word' id='word_1_706' title='bbox 2704 3876 2797 3931; x_wconf 79' lang='grc' dir='ltr'>τοῦ</span> <span class='ocrx_word' id='word_1_707' title='bbox 2857 3874 3059 3945; x_wconf 81' lang='grc' dir='ltr'>φονέως</span> <span class='ocrx_word' id='word_1_708' title='bbox 3096 3871 3361 3942; x_wconf 77' lang='grc' dir='ltr'>ἐπιτιμίῳ</span> <span class='ocrx_word' id='word_1_709' title='bbox 3401 3870 3494 3923; x_wconf 75' lang='grc' dir='ltr'>καὶ</span> <span class='ocrx_word' id='word_1_710' title='bbox 3533 3870 3590 3921; x_wconf 83' lang='lat' dir='ltr'><strong>al</strong></span> <span class='ocrx_word' id='word_1_711' title='bbox 3619 3869 3689 3922; x_wconf 78' lang='grc' dir='ltr'>τὰ</span> 
     </span>
    </p>
   </div>
   <div class='ocr_carea' id='block_1_100' title="bbox 2114 3961 3690 4048">
    <p class='ocr_par' dir='ltr' id='par_1_100' title="bbox 2114 3961 3690 4048">
     <span class='ocr_line' id='line_1_100' title="bbox 2114 3961 3690 4048; baseline -0.012 -17"><span class='ocrx_word' id='word_1_712' title='bbox 2114 3975 2491 4048; x_wconf 79' lang='grc' dir='ltr'>ἐμϐρυοκτόνα</span> <span class='ocrx_word' id='word_1_713' title='bbox 2514 3973 2784 4043; x_wconf 89' lang='grc' dir='ltr'>φάρμακα</span> <span class='ocrx_word' id='word_1_714' title='bbox 2805 3965 3206 4037; x_wconf 77' lang='grc' dir='ltr'>λαμϐάνουσαι,</span> <span class='ocrx_word' id='word_1_715' title='bbox 3235 3964 3330 4017; x_wconf 82' lang='grc' dir='ltr'>καὶ</span> <span class='ocrx_word' id='word_1_716' title='bbox 3348 3964 3396 4015; x_wconf 78' lang='grc' dir='ltr'>οἱ</span> <span class='ocrx_word' id='word_1_717' title='bbox 3418 3961 3690 4033; x_wconf 80' lang='grc' dir='ltr'>παρέχον-</span> 
     </span>
    </p>
   </div>
   <div class='ocr_carea' id='block_1_101' title="bbox 2114 4067 2666 4135">
    <p class='ocr_par' dir='ltr' id='par_1_101' title="bbox 2114 4067 2666 4135">
     <span class='ocr_line' id='line_1_101' title="bbox 2114 4067 2666 4135; baseline -0.013 -10"><span class='ocrx_word' id='word_1_718' title='bbox 2114 4087 2205 4135; x_wconf 87' lang='grc' dir='ltr'><strong>τες</strong></span> <span class='ocrx_word' id='word_1_719' title='bbox 2234 4069 2406 4123; x_wconf 81' lang='grc' dir='ltr'>ταῦτα</span> <span class='ocrx_word' id='word_1_720' title='bbox 2455 4067 2666 4128; x_wconf 74' lang='grc' dir='ltr'>αὑταῖς.</span> 
     </span>
    </p>
   </div>
   <div class='ocr_carea' id='block_1_102' title="bbox 2714 4146 3124 4217">
    <p class='ocr_par' dir='ltr' id='par_1_102' title="bbox 2714 4146 3124 4217">
     <span class='ocr_line' id='line_1_102' title="bbox 2714 4146 3124 4217; baseline -0.012 -10"><span class='ocrx_word' id='word_1_721' title='bbox 2714 4152 2955 4207; x_wconf 82' lang='grc' dir='ltr'><strong>ΚΛΝΩΝ</strong></span> <span class='ocrx_word' id='word_1_722' title='bbox 3009 4146 3124 4217; x_wconf 60' lang='grc' dir='ltr'><strong>ια.</strong></span> 
     </span>
    </p>
   </div>
   <div class='ocr_carea' id='block_1_103' title="bbox 2124 4237 3690 4320">
    <p class='ocr_par' dir='ltr' id='par_1_103' title="bbox 2124 4237 3690 4320">
     <span class='ocr_line' id='line_1_103' title="bbox 2124 4237 3690 4320; baseline -0.011 -16"><span class='ocrx_word' id='word_1_723' title='bbox 2124 4271 2142 4304; x_wconf 77' lang='grc' dir='ltr'><strong>ι</strong></span> <span class='ocrx_word' id='word_1_724' title='bbox 2184 4252 2319 4313; x_wconf 74' lang='grc' dir='ltr'>Τοὺς</span> <span class='ocrx_word' id='word_1_725' title='bbox 2354 4248 2700 4320; x_wconf 72' lang='grc' dir='ltr'>ἁρπάζοντας</span> <span class='ocrx_word' id='word_1_726' title='bbox 2729 4245 2996 4310; x_wconf 83' lang='grc' dir='ltr'>γυναῖκας</span> <span class='ocrx_word' id='word_1_727' title='bbox 3030 4240 3124 4293; x_wconf 79' lang='grc' dir='ltr'>ἐπὶ</span> <span class='ocrx_word' id='word_1_728' title='bbox 3169 4237 3396 4309; x_wconf 83' lang='grc' dir='ltr'>ὀνόματι</span> <span class='ocrx_word' id='word_1_729' title='bbox 3448 4251 3690 4288; x_wconf 72' lang='grc' dir='ltr'>συνοικει</span> 
     </span>
    </p>
   </div>
   <div class='ocr_carea' id='block_1_104' title="bbox 2196 4329 3685 4409">
    <p class='ocr_par' dir='ltr' id='par_1_104' title="bbox 2196 4329 3685 4409">
     <span class='ocr_line' id='line_1_104' title="bbox 2196 4329 3685 4409; baseline -0.012 -14"><span class='ocrx_word' id='word_1_730' title='bbox 2196 4362 2213 4394; x_wconf 77' lang='grc' dir='ltr'><strong>ι</strong></span> <span class='ocrx_word' id='word_1_731' title='bbox 2251 4341 2393 4401; x_wconf 77' lang='grc' dir='ltr'>σίου,</span> <span class='ocrx_word' id='word_1_732' title='bbox 2433 4339 2465 4409; x_wconf 84' lang='grc' dir='ltr'>ἢ</span> <span class='ocrx_word' id='word_1_733' title='bbox 2499 4336 2954 4406; x_wconf 79' lang='grc' dir='ltr'>συμπράττοντας</span> <span class='ocrx_word' id='word_1_734' title='bbox 2984 4332 3018 4402; x_wconf 84' lang='grc' dir='ltr'>ἢ</span> <span class='ocrx_word' id='word_1_735' title='bbox 3075 4329 3532 4401; x_wconf 84' lang='grc' dir='ltr'>συναιρουμένους</span> <span class='ocrx_word' id='word_1_736' title='bbox 3576 4329 3685 4391; x_wconf 82' lang='grc' dir='ltr'>τοῖς</span> 
     </span>
    </p>
   </div>
   <div class='ocr_carea' id='block_1_105' title="bbox 2196 4414 3688 4503">
    <p class='ocr_par' dir='ltr' id='par_1_105' title="bbox 2196 4414 3688 4503">
     <span class='ocr_line' id='line_1_105' title="bbox 2196 4414 3688 4503; baseline -0.013 -19"><span class='ocrx_word' id='word_1_737' title='bbox 2196 4451 2214 4484; x_wconf 78' lang='grc' dir='ltr'><strong>ι</strong></span> <span class='ocrx_word' id='word_1_738' title='bbox 2253 4430 2592 4503; x_wconf 76' lang='grc' dir='ltr'>ἁρπάζουσιν</span> <span class='ocrx_word' id='word_1_739' title='bbox 2622 4426 2825 4494; x_wconf 80' lang='grc' dir='ltr'>ὥρισεν</span> <span class='ocrx_word' id='word_1_740' title='bbox 2851 4424 2883 4493; x_wconf 83' lang='grc' dir='ltr'>ἡ</span> <span class='ocrx_word' id='word_1_741' title='bbox 2912 4421 3044 4488; x_wconf 74' lang='grc' dir='ltr'>ἁγία</span> <span class='ocrx_word' id='word_1_742' title='bbox 3077 4418 3318 4480; x_wconf 82' lang='grc' dir='ltr'>σύνοδος,</span> <span class='ocrx_word' id='word_1_743' title='bbox 3351 4418 3398 4468; x_wconf 89' lang='grc' dir='ltr'>εἱ</span> <span class='ocrx_word' id='word_1_744' title='bbox 3433 4415 3530 4485; x_wconf 76' lang='grc' dir='ltr'><strong>μὲν</strong></span> <span class='ocrx_word' id='word_1_745' title='bbox 3558 4414 3688 4484; x_wconf 38' lang='grc' dir='ltr'>κληε</span> 
     </span>
    </p>
   </div>
   <div class='ocr_carea' id='block_1_106' title="bbox 2193 4503 3689 4593">
    <p class='ocr_par' dir='ltr' id='par_1_106' title="bbox 2193 4503 3689 4593">
     <span class='ocr_line' id='line_1_106' title="bbox 2193 4503 3689 4593; baseline -0.013 -18"><span class='ocrx_word' id='word_1_746' title='bbox 2193 4543 2210 4576; x_wconf 77' lang='grc' dir='ltr'><strong>ι</strong></span> <span class='ocrx_word' id='word_1_747' title='bbox 2254 4523 2397 4593; x_wconf 66' lang='grc' dir='ltr'>ρικοὶ</span> <span class='ocrx_word' id='word_1_748' title='bbox 2422 4516 2550 4583; x_wconf 78' lang='grc' dir='ltr'>εἷεν,</span> <span class='ocrx_word' id='word_1_749' title='bbox 2582 4517 2868 4570; x_wconf 74' lang='grc' dir='ltr'>ἐκπίπτειν</span> <span class='ocrx_word' id='word_1_750' title='bbox 2901 4511 2994 4565; x_wconf 84' lang='grc' dir='ltr'>τοῦ</span> <span class='ocrx_word' id='word_1_751' title='bbox 3035 4508 3238 4562; x_wconf 78' lang='grc' dir='ltr'>οἰκείου</span> <span class='ocrx_word' id='word_1_752' title='bbox 3271 4505 3505 4578; x_wconf 79' lang='grc' dir='ltr'>βαθμοῦ,</span> <span class='ocrx_word' id='word_1_753' title='bbox 3534 4505 3582 4557; x_wconf 83' lang='grc' dir='ltr'>εἰ</span> <span class='ocrx_word' id='word_1_754' title='bbox 3632 4503 3689 4556; x_wconf 79' lang='grc' dir='ltr'>δὲ</span> 
     </span>
    </p>
   </div>
   <div class='ocr_carea' id='block_1_107' title="bbox 2192 4604 3080 4675">
    <p class='ocr_par' dir='ltr' id='par_1_107' title="bbox 2192 4604 3080 4675">
     <span class='ocr_line' id='line_1_107' title="bbox 2192 4604 3080 4675; baseline -0.017 -7"><span class='ocrx_word' id='word_1_755' title='bbox 2192 4636 2210 4668; x_wconf 77' lang='grc' dir='ltr'><strong>ι</strong></span> <span class='ocrx_word' id='word_1_756' title='bbox 2250 4614 2451 4674; x_wconf 70' lang='grc' dir='ltr'>λαῖκοὶ,</span> <span class='ocrx_word' id='word_1_757' title='bbox 2484 4604 3006 4675; x_wconf 80' lang='grc' dir='ltr'>άναΟεματίζεσΟαι.</span> <span class='ocrx_word' id='word_1_758' title='bbox 3061 4620 3080 4653; x_wconf 74' lang='grc' dir='ltr'><strong>ι</strong></span> 
     </span>
    </p>
   </div>
   <div class='ocr_carea' id='block_1_108' title="bbox 2186 4688 3689 4769">
    <p class='ocr_par' dir='ltr' id='par_1_108' title="bbox 2186 4688 3689 4769">
     <span class='ocr_line' id='line_1_108' title="bbox 2186 4688 3689 4769; baseline -0.012 -9"><span class='ocrx_word' id='word_1_759' title='bbox 2186 4705 2386 4760; x_wconf 74' lang='grc' dir='ltr'><strong>ΒᾹΛΣ.</strong></span> <span class='ocrx_word' id='word_1_760' title='bbox 2425 4703 2481 4756; x_wconf 91' lang='grc' dir='ltr'><strong>Ὀ</strong></span> <span class='ocrx_word' id='word_1_761' title='bbox 2497 4698 2688 4769; x_wconf 88' lang='grc' dir='ltr'>παρὼν</span> <span class='ocrx_word' id='word_1_762' title='bbox 2709 4696 2888 4758; x_wconf 75' lang='grc' dir='ltr'>κανὼν</span> <span class='ocrx_word' id='word_1_763' title='bbox 2920 4692 3344 4763; x_wconf 84' lang='grc' dir='ltr'>ἀπαράλλακτός</span> <span class='ocrx_word' id='word_1_764' title='bbox 3376 4692 3493 4743; x_wconf 79' lang='grc' dir='ltr'>ἐστι</span> <span class='ocrx_word' id='word_1_765' title='bbox 3510 4688 3689 4743; x_wconf 88' lang='grc' dir='ltr'>κανὼν</span> 
     </span>
    </p>
   </div>
   <div class='ocr_carea' id='block_1_109' title="bbox 2116 4782 3689 4865">
    <p class='ocr_par' dir='ltr' id='par_1_109' title="bbox 2116 4782 3689 4865">
     <span class='ocr_line' id='line_1_109' title="bbox 2116 4782 3689 4865; baseline -0.011 -12"><span class='ocrx_word' id='word_1_766' title='bbox 2116 4800 2198 4864; x_wconf 77' lang='grc' dir='ltr'><strong>κζ’</strong></span> <span class='ocrx_word' id='word_1_767' title='bbox 2257 4798 2358 4865; x_wconf 76' lang='grc' dir='ltr'>τῆς</span> <span class='ocrx_word' id='word_1_768' title='bbox 2400 4798 2457 4848; x_wconf 76' lang='grc' dir='ltr'>ἐν</span> <span class='ocrx_word' id='word_1_769' title='bbox 2513 4791 2818 4861; x_wconf 84' lang='grc' dir='ltr'>Χαλκηδόνι</span> <span class='ocrx_word' id='word_1_770' title='bbox 2858 4788 3101 4841; x_wconf 72' lang='grc' dir='ltr'>συνόδου.</span> <span class='ocrx_word' id='word_1_771' title='bbox 3154 4786 3265 4838; x_wconf 87' lang='lat' dir='ltr'><strong>Kal</strong></span> <span class='ocrx_word' id='word_1_772' title='bbox 3314 4784 3467 4854; x_wconf 76' lang='grc' dir='ltr'>ζήτει</span> <span class='ocrx_word' id='word_1_773' title='bbox 3518 4783 3586 4835; x_wconf 81' lang='grc' dir='ltr'>τὰ</span> <span class='ocrx_word' id='word_1_774' title='bbox 3631 4782 3689 4835; x_wconf 80' lang='grc' dir='ltr'>ἐν</span> 
     </span>
    </p>
   </div>
   <div class='ocr_carea' id='block_1_110' title="bbox 2116 4874 3689 4960">
    <p class='ocr_par' dir='ltr' id='par_1_110' title="bbox 2116 4874 3689 4960">
     <span class='ocr_line' id='line_1_110' title="bbox 2116 4874 3689 4960; baseline -0.013 -15"><span class='ocrx_word' id='word_1_775' title='bbox 2116 4890 2263 4960; x_wconf 84' lang='grc' dir='ltr'><strong>αύτῴ</strong></span> <span class='ocrx_word' id='word_1_776' title='bbox 2306 4884 2765 4959; x_wconf 78' lang='grc' dir='ltr'>παραγραφέντα,</span> <span class='ocrx_word' id='word_1_777' title='bbox 2806 4881 2900 4933; x_wconf 75' lang='grc' dir='ltr'><strong>καὶ</strong></span> <span class='ocrx_word' id='word_1_778' title='bbox 2947 4879 3125 4932; x_wconf 87' lang='grc' dir='ltr'>τίτλον</span> <span class='ocrx_word' id='word_1_779' title='bbox 3174 4877 3219 4930; x_wconf 82' lang='grc' dir='ltr'><strong>θ’</strong></span> <span class='ocrx_word' id='word_1_780' title='bbox 3281 4875 3376 4929; x_wconf 77' lang='grc' dir='ltr'>τοῦ</span> <span class='ocrx_word' id='word_1_781' title='bbox 3418 4874 3689 4945; x_wconf 84' lang='grc' dir='ltr'>παρόντος</span> 
     </span>
    </p>
   </div>
   <div class='ocr_carea' id='block_1_111' title="bbox 2120 4965 3692 5050">
    <p class='ocr_par' dir='ltr' id='par_1_111' title="bbox 2120 4965 3692 5050">
     <span class='ocr_line' id='line_1_111' title="bbox 2120 4965 3692 5050; baseline -0.011 -16"><span class='ocrx_word' id='word_1_782' title='bbox 2120 4982 2496 5050; x_wconf 85' lang='grc' dir='ltr'>συντάγματος</span> <span class='ocrx_word' id='word_1_783' title='bbox 2526 4992 2652 5043; x_wconf 87' lang='grc' dir='ltr'>κεφ.</span> <span class='ocrx_word' id='word_1_784' title='bbox 2690 4973 2731 5025; x_wconf 81' lang='grc' dir='ltr'>λ’</span> <span class='ocrx_word' id='word_1_785' title='bbox 2766 4973 2861 5025; x_wconf 73' lang='grc' dir='ltr'>καὶ</span> <span class='ocrx_word' id='word_1_786' title='bbox 2896 4971 2966 5024; x_wconf 68' lang='grc' dir='ltr'>τὰ</span> <span class='ocrx_word' id='word_1_787' title='bbox 2995 4975 3051 5022; x_wconf 77' lang='grc' dir='ltr'>ὲν</span> <span class='ocrx_word' id='word_1_788' title='bbox 3072 4967 3228 5037; x_wconf 82' lang='grc' dir='ltr'>αύτῷ</span> <span class='ocrx_word' id='word_1_789' title='bbox 3262 5005 3279 5033; x_wconf 85' lang='grc'><strong>,</strong></span> <span class='ocrx_word' id='word_1_790' title='bbox 3309 4965 3572 5027; x_wconf 83' lang='grc' dir='ltr'>ὡσαύτως</span> <span class='ocrx_word' id='word_1_791' title='bbox 3597 4966 3692 5018; x_wconf 81' lang='lat' dir='ltr'><strong>xal</strong></span> 
     </span>
    </p>
   </div>
   <div class='ocr_carea' id='block_1_112' title="bbox 2118 5058 3691 5140">
    <p class='ocr_par' dir='ltr' id='par_1_112' title="bbox 2118 5058 3691 5140">
     <span class='ocr_line' id='line_1_112' title="bbox 2118 5058 3691 5140; baseline -0.01 -12"><span class='ocrx_word' id='word_1_792' title='bbox 2118 5076 2207 5129; x_wconf 63' lang='grc' dir='ltr'>τὶν</span> <span class='ocrx_word' id='word_1_793' title='bbox 2241 5071 2316 5140; x_wconf 65' lang='grc' dir='ltr'><strong>ξς</strong></span> <span class='ocrx_word' id='word_1_794' title='bbox 2343 5066 2701 5124; x_wconf 80' lang='grc' dir='ltr'>ἀποστολικὸν</span> <span class='ocrx_word' id='word_1_795' title='bbox 2735 5064 2954 5118; x_wconf 82' lang='grc' dir='ltr'>κανόνα.</span> <span class='ocrx_word' id='word_1_796' title='bbox 2990 5062 3055 5115; x_wconf 89' lang='grc' dir='ltr'>Τί</span> <span class='ocrx_word' id='word_1_797' title='bbox 3090 5061 3168 5125; x_wconf 88' lang='grc' dir='ltr'><strong>δὲ,</strong></span> <span class='ocrx_word' id='word_1_798' title='bbox 3205 5058 3301 5112; x_wconf 76' lang='grc' dir='ltr'>ἐὰν</span> <span class='ocrx_word' id='word_1_799' title='bbox 3338 5059 3413 5128; x_wconf 86' lang='grc' dir='ltr'>μὴ</span> <span class='ocrx_word' id='word_1_800' title='bbox 3462 5058 3691 5127; x_wconf 78' lang='grc' dir='ltr'>ὀνόματι</span> 
     </span>
    </p>
   </div>
   <div class='ocr_carea' id='block_1_113' title="bbox 2122 5148 3690 5231">
    <p class='ocr_par' dir='ltr' id='par_1_113' title="bbox 2122 5148 3690 5231">
     <span class='ocr_line' id='line_1_113' title="bbox 2122 5148 3690 5231; baseline -0.014 -12"><span class='ocrx_word' id='word_1_801' title='bbox 2122 5164 2460 5220; x_wconf 78' lang='grc' dir='ltr'>συνοικεσίου</span> <span class='ocrx_word' id='word_1_802' title='bbox 2495 5159 2722 5231; x_wconf 85' lang='grc' dir='ltr'>ἁρπάσῃ</span> <span class='ocrx_word' id='word_1_803' title='bbox 2761 5174 2844 5217; x_wconf 87' lang='grc' dir='ltr'><strong>τις</strong></span> <span class='ocrx_word' id='word_1_804' title='bbox 2862 5156 3113 5223; x_wconf 86' lang='grc' dir='ltr'>γυναῖκα,</span> <span class='ocrx_word' id='word_1_805' title='bbox 3142 5150 3278 5206; x_wconf 81' lang='grc' dir='ltr'>ἀλλὰ</span> <span class='ocrx_word' id='word_1_806' title='bbox 3302 5149 3392 5203; x_wconf 80' lang='grc' dir='ltr'>διὰ</span> <span class='ocrx_word' id='word_1_807' title='bbox 3410 5148 3690 5219; x_wconf 85' lang='grc' dir='ltr'>πορνείαν,</span> 
     </span>
    </p>
   </div>
   <div class='ocr_carea' id='block_1_114' title="bbox 2120 5241 3692 5323">
    <p class='ocr_par' dir='ltr' id='par_1_114' title="bbox 2120 5241 3692 5323">
     <span class='ocr_line' id='line_1_114' title="bbox 2120 5241 3692 5323; baseline -0.012 -13"><span class='ocrx_word' id='word_1_808' title='bbox 2120 5259 2181 5310; x_wconf 86' lang='grc' dir='ltr'><strong>ού</strong></span> <span class='ocrx_word' id='word_1_809' title='bbox 2224 5252 2625 5323; x_wconf 79' lang='grc' dir='ltr'>κολασθήσεται</span> <span class='ocrx_word' id='word_1_810' title='bbox 2654 5250 2752 5303; x_wconf 76' lang='grc' dir='ltr'><strong>σὺν</strong></span> <span class='ocrx_word' id='word_1_811' title='bbox 2776 5251 2892 5311; x_wconf 87' lang='grc' dir='ltr'>τοῖς</span> <span class='ocrx_word' id='word_1_812' title='bbox 2931 5243 3289 5316; x_wconf 72' lang='grc' dir='ltr'>συμπράξασι</span> <span class='ocrx_word' id='word_1_813' title='bbox 3332 5241 3428 5295; x_wconf 75' lang='grc' dir='ltr'>καὶ</span> <span class='ocrx_word' id='word_1_814' title='bbox 3460 5256 3692 5310; x_wconf 82' lang='grc' dir='ltr'>συναρα-</span> 
     </span>
    </p>
   </div>
   <div class='ocr_carea' id='block_1_115' title="bbox 2126 5331 3689 5416">
    <p class='ocr_par' dir='ltr' id='par_1_115' title="bbox 2126 5331 3689 5416">
     <span class='ocr_line' id='line_1_115' title="bbox 2126 5331 3689 5416; baseline -0.01 -18"><span class='ocrx_word' id='word_1_815' title='bbox 2126 5346 2308 5416; x_wconf 71' lang='grc' dir='ltr'>μένοις</span> <span class='ocrx_word' id='word_1_816' title='bbox 2335 5341 2482 5410; x_wconf 83' lang='grc' dir='ltr'><strong>αύτῴ</strong></span> <span class='ocrx_word' id='word_1_817' title='bbox 2507 5360 2520 5405; x_wconf 89' lang='grc'>;</span> <span class='ocrx_word' id='word_1_818' title='bbox 2556 5340 2771 5403; x_wconf 84' lang='grc' dir='ltr'>Λύσις.</span> <span class='ocrx_word' id='word_1_819' title='bbox 2797 5338 2908 5391; x_wconf 82' lang='lat' dir='ltr'><strong>Kal.</strong></span> <span class='ocrx_word' id='word_1_820' title='bbox 2925 5337 3176 5405; x_wconf 88' lang='grc' dir='ltr'>μάλιστα.</span> <span class='ocrx_word' id='word_1_821' title='bbox 3205 5331 3375 5385; x_wconf 80' lang='grc' dir='ltr'>Τοῦτο</span> <span class='ocrx_word' id='word_1_822' title='bbox 3404 5331 3511 5402; x_wconf 79' lang='grc' dir='ltr'>γὰρ</span> <span class='ocrx_word' id='word_1_823' title='bbox 3552 5331 3689 5400; x_wconf 79' lang='grc' dir='ltr'><strong>ἀζή-</strong></span> 
     </span>
    </p>
   </div>
   <div class='ocr_carea' id='block_1_116' title="bbox 2122 5424 3693 5507">
    <p class='ocr_par' dir='ltr' id='par_1_116' title="bbox 2122 5424 3693 5507">
     <span class='ocr_line' id='line_1_116' title="bbox 2122 5424 3693 5507; baseline -0.011 -17"><span class='ocrx_word' id='word_1_824' title='bbox 2122 5437 2289 5507; x_wconf 84' lang='grc' dir='ltr'>τητόν</span> <span class='ocrx_word' id='word_1_825' title='bbox 2337 5437 2475 5487; x_wconf 75' lang='grc' dir='ltr'>ἐστι.</span> <span class='ocrx_word' id='word_1_826' title='bbox 2528 5433 2601 5484; x_wconf 82' lang='grc' dir='ltr'>Τὸ</span> <span class='ocrx_word' id='word_1_827' title='bbox 2629 5432 2684 5485; x_wconf 83' lang='grc' dir='ltr'><strong>δὲ</strong></span> <span class='ocrx_word' id='word_1_828' title='bbox 2714 5429 2902 5484; x_wconf 83' lang='grc' dir='ltr'>ποιοῦν</span> <span class='ocrx_word' id='word_1_829' title='bbox 2938 5427 3035 5496; x_wconf 79' lang='grc' dir='ltr'>τὴν</span> <span class='ocrx_word' id='word_1_830' title='bbox 3072 5426 3305 5496; x_wconf 77' lang='grc' dir='ltr'>ζήτησιν</span> <span class='ocrx_word' id='word_1_831' title='bbox 3363 5424 3613 5494; x_wconf 82' lang='grc' dir='ltr'>ὑπῆρχεν</span> <span class='ocrx_word' id='word_1_832' title='bbox 3658 5424 3693 5493; x_wconf 80' lang='grc' dir='ltr'><strong>ἡ</strong></span> 
     </span>
    </p>
   </div>
   <div class='ocr_carea' id='block_1_117' title="bbox 2126 5513 3694 5597">
    <p class='ocr_par' dir='ltr' id='par_1_117' title="bbox 2126 5513 3694 5597">
     <span class='ocr_line' id='line_1_117' title="bbox 2126 5513 3694 5597; baseline -0.011 -16"><span class='ocrx_word' id='word_1_833' title='bbox 2126 5532 2400 5597; x_wconf 69' lang='grc' dir='ltr'>πρόφασις</span> <span class='ocrx_word' id='word_1_834' title='bbox 2449 5524 2541 5577; x_wconf 79' lang='grc' dir='ltr'>τοῦ</span> <span class='ocrx_word' id='word_1_835' title='bbox 2579 5521 2934 5576; x_wconf 84' lang='grc' dir='ltr'>συνοικεσίου.</span> <span class='ocrx_word' id='word_1_836' title='bbox 2961 5519 3185 5585; x_wconf 85' lang='grc' dir='ltr'>Ἔλεγον</span> <span class='ocrx_word' id='word_1_837' title='bbox 3219 5516 3327 5586; x_wconf 85' lang='grc' dir='ltr'><strong>γάρ</strong></span> <span class='ocrx_word' id='word_1_838' title='bbox 3350 5532 3495 5578; x_wconf 81' lang='grc' dir='ltr'>τινες</span> <span class='ocrx_word' id='word_1_839' title='bbox 3526 5513 3694 5583; x_wconf 84' lang='grc' dir='ltr'>μηδέν</span> 
     </span>
    </p>
   </div>
   <div class='ocr_carea' id='block_1_118' title="bbox 2127 5602 3695 5684">
    <p class='ocr_par' dir='ltr' id='par_1_118' title="bbox 2127 5602 3695 5684">
     <span class='ocr_line' id='line_1_118' title="bbox 2127 5602 3695 5684; baseline -0.011 -13"><span class='ocrx_word' id='word_1_840' title='bbox 2127 5636 2179 5671; x_wconf 84' lang='grc' dir='ltr'><strong>τι</strong></span> <span class='ocrx_word' id='word_1_841' title='bbox 2210 5618 2383 5670; x_wconf 75' lang='grc' dir='ltr'>κακὸν</span> <span class='ocrx_word' id='word_1_842' title='bbox 2430 5615 2656 5684; x_wconf 81' lang='grc' dir='ltr'>ποιῆσαι</span> <span class='ocrx_word' id='word_1_843' title='bbox 2710 5612 2802 5665; x_wconf 86' lang='grc' dir='ltr'><strong>τὸν</strong></span> <span class='ocrx_word' id='word_1_844' title='bbox 2843 5608 3172 5679; x_wconf 83' lang='grc' dir='ltr'>ἁρπάσαντα</span> <span class='ocrx_word' id='word_1_845' title='bbox 3224 5607 3460 5673; x_wconf 87' lang='grc' dir='ltr'>γυναῖκα</span> <span class='ocrx_word' id='word_1_846' title='bbox 3506 5603 3593 5655; x_wconf 73' lang='grc' dir='ltr'><strong>διὰ</strong></span> <span class='ocrx_word' id='word_1_847' title='bbox 3634 5602 3695 5655; x_wconf 82' lang='grc' dir='ltr'><strong>τὸ</strong></span> 
     </span>
    </p>
   </div>
   <div class='ocr_carea' id='block_1_119' title="bbox 2131 5687 3697 5778">
    <p class='ocr_par' dir='ltr' id='par_1_119' title="bbox 2131 5687 3697 5778">
     <span class='ocr_line' id='line_1_119' title="bbox 2131 5687 3697 5778; baseline -0.013 -16"><span class='ocrx_word' id='word_1_848' title='bbox 2131 5710 2379 5778; x_wconf 82' lang='grc' dir='ltr'>νομίμως</span> <span class='ocrx_word' id='word_1_849' title='bbox 2416 5703 2760 5773; x_wconf 84' lang='grc' dir='ltr'>συναφΟῆναι</span> <span class='ocrx_word' id='word_1_850' title='bbox 2791 5701 2954 5769; x_wconf 78' lang='grc' dir='ltr'>αὐτῇ,</span> <span class='ocrx_word' id='word_1_851' title='bbox 2990 5698 3119 5761; x_wconf 88' lang='grc' dir='ltr'>ίσως</span> <span class='ocrx_word' id='word_1_852' title='bbox 3144 5697 3239 5749; x_wconf 74' lang='grc' dir='ltr'><strong>καὶ</strong></span> <span class='ocrx_word' id='word_1_853' title='bbox 3276 5692 3505 5760; x_wconf 75' lang='grc' dir='ltr'>ἀναξίαν</span> <span class='ocrx_word' id='word_1_854' title='bbox 3524 5687 3697 5753; x_wconf 70' lang='grc' dir='ltr'>οὖσαν</span> 
     </span>
    </p>
   </div>
   <div class='ocr_carea' id='block_1_120' title="bbox 2130 5787 3695 5875">
    <p class='ocr_par' dir='ltr' id='par_1_120' title="bbox 2130 5787 3695 5875">
     <span class='ocr_line' id='line_1_120' title="bbox 2130 5787 3695 5875; baseline -0.012 -20"><span class='ocrx_word' id='word_1_855' title='bbox 2130 5800 2205 5873; x_wconf 78' lang='grc' dir='ltr'>τῷ</span> <span class='ocrx_word' id='word_1_856' title='bbox 2257 5798 2407 5870; x_wconf 80' lang='grc' dir='ltr'>γένει</span> <span class='ocrx_word' id='word_1_857' title='bbox 2439 5796 2653 5863; x_wconf 88' lang='grc' dir='ltr'>τούτου,</span> <span class='ocrx_word' id='word_1_858' title='bbox 2683 5790 2979 5875; x_wconf 60' lang='grc' dir='ltr'>κάεδτεῦϐεν</span> <span class='ocrx_word' id='word_1_859' title='bbox 3013 5787 3265 5861; x_wconf 87' lang='grc' dir='ltr'>μεγάλως</span> <span class='ocrx_word' id='word_1_860' title='bbox 3316 5797 3695 5855; x_wconf 57' lang='grc' dir='ltr'>χειραγωγουξ</span> 
     </span>
    </p>
   </div>
  </div>
