4062 6470
416 408 530 467 B31

1682 400 1966 470 THEOD.
2003 405 2403 466 BALSAMON

3578 396 3688 461 832

512 541 531 573 ι
575 521 790 574 venlam
829 521 1047 586 habeat,
1073 523 1221 592 quod
1281 525 1353 577 sit
1407 524 1581 593 major
1632 524 1754 593 ejus
1807 526 2004 580 mortis

2184 541 2201 573 ι
2244 539 2351 589 μην
2376 521 2436 573 τὸ
2472 520 2705 589 πρᾶγμα
2740 517 2971 571 ἐνταῦθα
3017 516 3107 570 διὰ
3160 517 3220 566 τδ
3270 512 3474 583 μᾶλλον
3540 513 3682 583 πρδς

504 632 526 667 ι
561 614 827 683 suspicio.
873 612 949 667 Ea
1003 624 1206 681 autem,
1252 631 1373 684 qum
1424 617 1524 682 illi,
1557 619 1648 687 qui
1680 620 1745 671 ad
1788 626 2003 687 tempus

514 726 534 761 ι
572 718 685 764 erat
714 710 782 764 ab
808 724 980 764 uxore
1006 710 1249 773 relictus,
1271 713 1454 780 nupsit
1481 727 1576 779 per
1613 712 2002 783 ignorantiam,

513 818 533 851 ι
574 801 772 855 deinde
811 801 1038 857 dimissa
1068 812 1175 867 est,
1209 805 1351 872 quod
1387 806 1538 872 prior
1580 808 1645 857 ad
1691 807 1864 873 ipsum
1915 820 2004 859 re-

515 910 534 941 c
578 891 765 956 dierit,
798 904 880 946 est
934 894 1151 961 quidem
1204 894 1500 961 fornicata,
1556 896 1653 952 sed
1703 913 1803 967 per
1855 898 2008 967 igno-

514 1003 532 1034 ι
576 986 807 1038 rantiam
841 1003 856 1039 :
896 1001 923 1039 a
974 987 1328 1041 matrimonio
1362 1005 1494 1059 ergo
1547 1004 1653 1043 non
1707 991 2004 1044 arcebitur.

517 1095 535 1127 ‹
584 1078 771 1132 Melius
796 1088 976 1133 autem
1003 1080 1048 1135 si
1083 1080 1162 1135 sic
1194 1084 1478 1137 manserit.
1510 1082 1604 1136 Sin
1637 1095 1819 1138 autem
1852 1085 2008 1140 miles

517 1189 535 1219 ι
575 1171 861 1238 aliquanto
910 1181 1033 1241 post
1083 1184 1326 1245 tempore
1372 1176 1618 1239 redierit,
1671 1177 1822 1242 cujus
1874 1192 2010 1230 uxor

518 1280 537 1311 ι
583 1273 806 1329 propter
863 1265 1081 1333 longam
1135 1266 1282 1321 illitis
1317 1269 1621 1321 absentiam
1668 1270 1828 1322 alteri
1890 1270 2009 1323 viro

513 1371 533 1401 ι
570 1353 862 1421 conjuncta
897 1367 1001 1419 est,
1038 1359 1103 1421 is,
1148 1360 1191 1412 si
1243 1359 1392 1424 velit,
1448 1362 1724 1429 propriam
1783 1378 2009 1417 uxorem

523 1465 540 1495 ι
581 1447 835 1513 recipiat,
872 1448 971 1517 ipsi
1011 1454 1166 1505 venia
1211 1464 1434 1523 propter
1464 1454 1831 1524 ignorantiam
1862 1456 2012 1521 data,

524 1556 540 1582 ι
581 1539 742 1603 eique
776 1540 866 1607 qui
918 1541 1064 1595 illam
1121 1543 1173 1597 in
1224 1545 1481 1601 secundis
1538 1545 1741 1616 nuptiis
1791 1547 2012 1603 domum

519 1648 537 1678 ι
572 1629 742 1683 duxit.
779 1650 799 1683 ι

516 1719 711 1776 BALS.
764 1722 1020 1787 Quaedam
1058 1726 1337 1793 mulieres,
1396 1744 1520 1783 cum
1576 1731 1657 1787 sul
1710 1734 1890 1788 mariti
1949 1736 2016 1790 ab

445 1827 634 1866 earum
668 1817 791 1870 vitae
823 1817 1087 1873 societate
1120 1835 1178 1873 se
1210 1820 1611 1889 sejunxissent,
1659 1825 1739 1878 vel
1795 1837 2017 1895 propter

448 1901 737 1957 militarem
773 1920 997 1961 causam
1027 1910 1341 1978 quampiam
1370 1926 1597 1982 peregre
1647 1914 1876 1982 profecti
1914 1933 2015 1971 es-

452 2003 597 2056 Seut,
633 2011 733 2051 nec
769 2014 996 2068 usquam
1030 2014 1376 2071 apparerent,
1408 2013 1467 2057 ιιι
1499 2007 1587 2073 qui
1646 2024 1822 2077 neque
1871 2010 2018 2078 ipsas

446 2098 625 2152 neque
654 2088 792 2143 ullos
823 2090 959 2144 alios
989 2092 1054 2146 de
1088 2108 1148 2147 se
1178 2093 1446 2148 certiores
1474 2096 1756 2162 fecissent,
1793 2113 1917 2153 cum
1952 2099 2019 2153 de

448 2175 692 2244 ipsorum
732 2190 905 2235 morte
957 2181 1180 2238 incertas
1230 2193 1435 2249 essent,
1495 2186 1618 2241 aliis
1669 2187 2021 2242 matrimonio

448 2271 759 2339 conjunctae
794 2280 945 2328 sunt.
980 2274 1121 2329 Dicit
1174 2289 1306 2344 ergo
1363 2291 1562 2340 canon,
1613 2294 1707 2334 eas
1755 2290 1811 2332 ut
1864 2280 2023 2334 adul-

448 2370 599 2419 teras
649 2366 850 2434 puniri,
902 2376 1191 2436 postquam
1247 2369 1323 2424 illi
1374 2371 1665 2432 redierint.
1715 2372 1862 2443 quod
1913 2388 2019 2429 non

448 2459 896 2525 exspectaverint
928 2467 987 2525 ut
1019 2461 1222 2515 scirent
1248 2461 1314 2517 de
1349 2476 1540 2518 eorum
1584 2476 1759 2521 morte
1813 2467 2017 2535 aliquid

449 2548 677 2602 certius.
716 2546 834 2602 Non
864 2549 1075 2617 justum
1099 2552 1247 2605 enim
1274 2552 1479 2607 habent
1511 2563 1859 2623 praetextum,
1897 2559 2021 2613 lou-

453 2655 575 2709 gam
612 2654 836 2693 suorum
869 2642 1192 2696 maritorum
1224 2659 1455 2715 peregre
1483 2647 1812 2711 absentiam,
1859 2658 1913 2702 et
1956 2649 2024 2705 de

453 2737 631 2784 morte
661 2744 851 2786 eorum
885 2733 1347 2790 incertitudinem.
1372 2735 1503 2802 Qum
1538 2746 1717 2793 autem
1749 2754 1844 2808 per
1875 2741 2023 2811 igno-

454 2824 694 2876 rantiam
730 2824 870 2881 forte
904 2826 1145 2896 legitime
1172 2830 1357 2899 nupsit
1393 2831 1466 2894 ei,
1500 2835 1593 2901 qui
1644 2833 1709 2885 ad
1752 2842 1966 2903 tempus
1994 2850 2022 2889 a

458 2916 679 2984 propria
724 2919 959 2987 coniuge
1001 2920 1287 2987 seiunctus
1314 2932 1418 2986 est,
1457 2922 1654 2979 deinde
1704 2925 1773 2981 ab
1823 2943 1888 2980 eo
1938 2943 2027 2984 se-

456 3008 652 3069 cessit,
686 3012 828 3076 quod
876 3011 997 3078 ejus
1044 3027 1180 3066 uxor
1226 3013 1358 3068 velit
1410 3030 1602 3071 rursus
1633 3032 1757 3072 cum
1803 3021 2027 3089 proprio

456 3100 655 3154 marito
682 3102 1038 3171 cohabitare;
1067 3104 1402 3161 adulterium
1441 3109 1664 3178 quidem
1720 3126 1827 3165 non
1871 3126 2026 3166 com—

2180 632 2199 665 ι
2241 613 2469 667 θάνατον
2519 608 2660 664 εἶναι
2713 610 2810 681 τὴν
2834 593 3111 663 ὕᾝὸνοιαν.
3160 608 3225 661 Ἦ
3277 607 3333 661 δέ
3381 607 3460 676 τῷ
3520 624 3687 662 κατα-

2178 724 2196 759 ι
2239 705 2509 773 λειφθέντι
2533 703 2669 771 πρὸς
2707 701 3069 772 καιρδνπαρά
3099 701 3201 770 τῆς
3228 701 3487 769 γυναικὸς
3538 699 3683 755 κατά

2184 816 2203 847 ι
2244 796 2469 863 ἄγνοιαν
2502 789 2960 866 γημαμένη,είτα
2989 793 3254 861 ἀφεθεῖσα
3281 792 3370 845 διὰ
3414 791 3473 844 τὸ
3511 794 3689 845 ἐπαν-

2169 906 2189 941 ι
2231 888 2406 941 ελθεῖν
2455 888 2593 958 πρὶς
2654 886 2818 941 αὑτὸν
2862 886 2965 957 τὴν
3016 884 3309 955 προτέραν,
3355 882 3690 953 ἐπόρνευσεν

2182 999 2201 1030 ι
2243 979 2363 1049 μὲν,
2391 981 2448 1032 ἐν
2472 980 2665 1047 ἀγνοίᾳ
2695 979 2754 1031 δέ
2778 994 2791 1009 ⁸
2827 980 3007 1049 γάμου
3032 976 3124 1031 οὖν
3158 978 3257 1031 οὐκ
3310 978 3688 1049 εἰρχθήσεται.

2184 1089 2202 1123 ι
2242 1071 2480 1123 Κάλλιον
2511 1068 2589 1136 δὲ,
2619 1070 2715 1123 ἐὰν
2742 1070 2900 1141 μείνῃ
2928 1070 3121 1133 οὕτως.
3157 1071 3219 1122 Εἰ
3268 1069 3327 1123 δέ
3370 1086 3432 1136 γε
3461 1071 3488 1123 6
3522 1086 3695 1138 στρα-

2187 1181 2207 1215 ι
2249 1164 2448 1230 τιώτης
2484 1162 2769 1218 ἐπανέλθοι
2793 1163 2969 1233 χρόνῳ
2996 1164 3144 1227 ποτὲ,
3177 1156 3237 1217 οὗ
3294 1164 3327 1231 ἡ
3398 1160 3535 1231 γυνὴ
3600 1160 3695 1215 διὰ

2190 1271 2209 1304 ι
2246 1252 2346 1322 τὴν
2374 1253 2467 1305 ἐπὶ
2498 1252 2632 1306 πολὺ
2663 1254 2875 1307 ἐκείνου
2904 1253 3192 1322 ἀπόλειψιν
3223 1253 3394 1321 ἑτέρῳ
3428 1250 3685 1321 συνήφθη

2191 1364 2211 1398 ι
2258 1346 2431 1413 ἀνδρὶ,
2468 1340 2645 1410 οὗτος,
2670 1345 2717 1398 εί
2750 1348 3113 1416 προαιρεῖται,
3141 1346 3239 1414 τὴν
3268 1343 3477 1396 οἰκείαν
3530 1338 3695 1403 αὖθις

2193 1457 2213 1490 ι
2257 1437 2761 1507 ἐπαναλαμϐανέτω
2780 1440 3040 1505 γυναῖκα,
3073 1434 3402 1506 συγγνώμης
3433 1434 3570 1503 αὐτῇ
3599 1434 3693 1487 ἐπὶ

2184 1550 2203 1584 ι
2241 1534 2306 1601 τῇ
2332 1532 2530 1602 ἀγνοίᾳ
2564 1531 2880 1601 δεδομένης,
2908 1532 3003 1584 καὶ
3028 1529 3106 1600 τῷ
3132 1528 3337 1597 ταύτην
3413 1529 3692 1581 είσοκισα-

2188 1642 2206 1674 ι
2250 1622 2394 1691 μένῳ
2415 1622 2556 1675 κατά
2583 1622 2836 1693 δεύτερον
2865 1622 3044 1691 γάμον
3072 1617 3243 1690 ἀνδρί.

2179 1715 2375 1768 ΒΛΛΣ.
2406 1716 2565 1779 Τινὲς
2594 1717 2877 1785 γυναῖκες.
2913 1715 3023 1768 τῶν
3045 1714 3266 1769 οἰκείων
3294 1713 3509 1782 ἀνδρῶν
3557 1712 3693 1766 ἀνα-

2119 1807 2490 1878 χωρησάντων
2523 1809 2586 1861 ἐκ
2615 1808 2715 1877 τῆς
2754 1807 3028 1878 ὁμοζωῒας
3074 1805 3297 1872 τούτων,
3352 1806 3383 1877 ἦ
3430 1806 3518 1859 διά
3572 1804 3696 1859 τινα

2121 1902 2304 1956 αἰτίαν
2362 1903 2770 1972 στρατιωτικὴν
2829 1900 3262 1968 ἀποδημούντων
3308 1900 3403 1953 καὶ
3447 1898 3681 1966 ἀφανῶν

2123 1994 2451 2062 γενομένων,
2515 1994 2590 2056 ὡς
2660 1994 2795 2064 μηδὲ
2872 1992 3361 2063 ἀναδιδαξάντωνῆ
3409 1993 3610 2053 ταύτας
3662 1992 3696 2059 ἢ

2123 2089 2343 2155 ἐτέρους
2376 2087 2529 2149 τινὰς
2549 2089 2617 2142 τὰ
2649 2089 2776 2158 περὶ
2806 2088 3023 2149 αὐτοὺς,
3083 2088 3310 2157 ἀδηλίαν
3350 2085 3569 2156 ἔχουσαι
3601 2084 3698 2137 τοῦ

2124 2181 2355 2236 θανάτου
2384 2180 2584 2243 αὐτῶν,
2631 2181 2840 2250 ἑτέροις
2887 2180 3258 2249 συνήφθησαν.
3329 2179 3466 2247 Φησὶ
3509 2175 3641 2246 γοῦν
3673 2182 3701 2231 ὁ

2123 2274 2325 2337 κανὼν,
2352 2275 2429 2337 ὡς
2464 2272 2780 2343 μοιχαλίδας
2836 2271 3040 2335 ταύτας
3074 2271 3425 2336 κολάζεσθαι,
3466 2270 3605 2341 μετά
3636 2271 3703 2324 τὸ

2125 2367 2367 2428 ἐκείνους
2401 2364 2765 2435 ὑποστρέψαι,
2797 2362 2884 2417 διὰ
2918 2362 2977 2416 τὸ
3033 2362 3109 2433 μὴ
3157 2363 3449 2431 ἀναμεῖναι
3508 2362 3705 2433 μαθεῖν

2124 2458 2328 2511 τέλειόν
2350 2476 2403 2510 τι
2426 2458 2554 2526 περὶ
2582 2455 2676 2509 τοῦ
2712 2456 2944 2511 θανάτου
2979 2454 3178 2511 αὐτῶν.
3212 2454 3346 2508 Οὐδὲ
3377 2455 3485 2525 γὰρ
3516 2454 3704 2523 ἔχουσι

2124 2551 2399 2621 πρόφασιν
2459 2549 2535 2620 (6)
2584 2548 2805 2616 εὔλογον
2860 2548 2962 2618 τὴν
3008 2548 3116 2601 τῶν
3170 2546 3380 2617 ἀνδρῶν
3436 2549 3517 2609 είς
3563 2546 3702 2598 πολὺ

2125 2642 2436 2711 ἀποδημίαν
2466 2640 2803 2710 καὶάδηλίαν
2828 2640 2923 2693 τοῦ
2970 2639 3202 2694 Θανάτου
3263 2638 3464 2693 αὐτῶν.
3527 2639 3595 2691 Ἦ
3646 2638 3705 2693 δὲ

2125 2734 2250 2787 κατ’
2275 2733 2832 2803 ἄγνοιανγαμηθεῖσα
2858 2734 2999 2803 τάχα
3064 2733 3313 2803 νομίμως
3367 2733 3444 2803 τῷ
3490 2734 3706 2803 διασχι-

2130 2830 2309 2886 σθέντι
2329 2830 2465 2900 πρὸς
2487 2817 2679 2899 καιρὸν
2700 2829 2807 2882 ἀπὸ
2835 2830 2934 2897 τῆς
2962 2828 3166 2890 οίκείας
3194 2827 3449 2897 συζύγου,
3491 2825 3608 2882 εἷτα
3640 2830 3707 2881 ἐκ

2128 2923 2319 2977 τούτου
2344 2924 2770 2992 ἀναχωρήσασα,
2830 2921 2919 2974 διὰ
2967 2920 3026 2973 τὸ
3076 2921 3195 2992 ripe
3238 2921 3473 2991 σύμϐιον
3534 2921 3703 2975 αὑτοῦ

2132 3016 2294 3070 πάλιν
2319 3016 2549 3085 θελῆσαι
2583 3017 2854 3069 συνοικεῖν
2886 3014 2963 3083 τῷ
3004 3015 3190 3086 οἰκείῳ
3243 3016 3418 3086 ἀνδρὶ,
3455 3017 3705 3087 μοιχείαν

2136 3112 2234 3182 μὲν
2269 3112 2367 3182 οὐχ
2394 3112 2665 3183 ἥμαρτεν,
2692 3111 2989 3178 ἐπόρνευσε
3025 3110 3103 3163 δέ.
3139 3110 3296 3178 Ἔχει
3333 3111 3517 3179 μέντοι
3548 3109 3707 3162 εὔλο-

463 3191 636 3254 misit,
674 3191 769 3247 sed
808 3194 1078 3249 fornicata
1109 3205 1214 3251 est.
1252 3195 1424 3253 Habet
1457 3207 1637 3255 tamen
1675 3201 1881 3269 justam
1928 3219 2028 3259 ex-

2135 3221 2230 3273 γον
2263 3204 2541 3276 πρόφασιν
2569 3202 2670 3272 τὴν
2701 3204 2950 3269 ἄγνοιαν.
2980 3201 3071 3255 Διὸ
3099 3202 3192 3254 καὶ
3226 3202 3400 3271 ἑτέρῳ
3458 3201 3710 3271 νομίμως

464 3285 832 3351 cusationem,
869 3285 1259 3356 ignorantiam.
1288 3290 1469 3356 Quare
1502 3306 1602 3349 nec
1632 3294 1786 3349 alteri
1818 3297 2026 3350 nubere

458 3373 865 3441 prnb'bebitur.
926 3377 1124 3443 Quer
1176 3390 1229 3435 et
1280 3380 1349 3435 46
1401 3398 1523 3438 can.
1586 3385 1759 3439 sancti
1820 3384 2025 3441 Basilii.

462 3462 710 3517 Snadcnt
743 3473 923 3521 tamen
949 3467 1138 3524 Patres
1164 3472 1402 3539 mulieri,
1428 3489 1497 3529 ne
1519 3475 1609 3529 alii
1637 3475 2026 3547 coniungatur.

460 3553 558 3606 sed
598 3568 658 3608 se
692 3555 904 3613 fortiter
932 3569 986 3614 et
1029 3561 1378 3619 continenter
1421 3574 1589 3633 gerat.
1641 3575 1697 3621 et
1745 3576 2029 3637 peccatmn

461 3649 786 3717 pmriitentia
832 3654 1033 3723 expiet.
1094 3655 1362 3712 Porro'et
1409 3657 1593 3725 militi,
1629 3659 1723 3728 qui
1775 3674 2033 3716 reversus

463 3749 571 3807 est,
629 3744 1021 3811 permiserunt.
1078 3747 1121 3800 si
1183 3746 1332 3813 velit,
1381 3763 1607 3804 uxorem
1663 3764 1819 3806 suam
1876 3751 2032 3807 alteri

465 3832 814 3901 coniunctam
851 3851 1129 3901 revocare,
1157 3853 1388 3907 eamque
1418 3840 1580 3894 venia
1623 3841 1847 3911 dignam
1898 3859 2032 3899 cen-

461 3923 597 3988 seri,
631 3932 687 3977 ut
712 3941 832 3993 qua:
858 3927 961 3981 viri
993 3928 1077 3982 sui
1125 3929 1355 3983 reditum
1392 3929 1764 4001 desperaverit
1794 3952 1807 3988 :
1841 3951 2037 4004 quein-

466 4016 762 4071 admodum
823 4026 879 4073 et
940 4019 1015 4073 illi
1049 4020 1382 4088 ignoscetur,
1413 4024 1507 4092 qui
1556 4024 1730 4094 ipsam
1763 4026 1924 4081 duxit
1979 4027 2034 4082 in

465 4108 774 4163 secundum
801 4111 1232 4168 matrimonium.
1266 4110 1402 4166 Cum
1438 4113 1552 4169 haec
1582 4115 1651 4169 ita
1680 4132 1740 4172 se
1774 4117 2034 4187 habeant,

467 4201 743 4269 regaverit
765 4203 1060 4271 quispiam,
1098 4202 1210 4259 Cur
1242 4220 1420 4260 canon
1454 4208 1675 4275 quidem
1702 4210 1839 4264 dicit
1872 4225 2038 4281 supe-

464 4292 584 4345 rius
614 4292 912 4348 adulterari
950 4296 1233 4361 mulieres,
1283 4305 1394 4351 tam
1430 4300 1551 4371 ejus
1611 4302 1702 4370 qui
1753 4301 2036 4367 discessit,

468 4381 637 4452 268
668 4398 829 4453 quam
860 4384 1077 4449 militis,
1110 4386 1155 4442 si
1189 4389 1347 4444 alteri
1383 4391 1689 4456 uupserint,
1742 4402 2036 4461 antequam

472 4475 638 4541 plane
671 4477 738 4532 de
782 4478 1023 4533 virorum
1080 4496 1304 4537 suorum
1356 4494 1533 4541 morte
1566 4488 1832 4540 certiores
1881 4484 2038 4539 facta;

471 4565 677 4620 fuerint
738 4584 752 4621 :
811 4568 865 4623 in
930 4569 1035 4625 line
1084 4583 1263 4628 autem
1327 4574 1576 4631 decernit
1630 4576 1821 4631 militis
1880 4576 2037 4630 uxori

472 4659 686 4727 ignosci
716 4670 991 4730 oportere,
1024 4664 1184 4734 eique
1210 4669 1302 4735 qui
1337 4668 1416 4721 illi
1450 4670 1507 4722 in
1541 4667 1797 4723 secundis
1832 4670 2042 4738 nuptiis

2130 3296 2447 3366 γαμηθῆναι
2470 3297 2529 3349 οὐ
2554 3294 2955 3362 κωλυθήσεται.
2987 3296 3150 3364 Ζήτει
3174 3294 3269 3348 καὶ
3298 3294 3394 3346 τὸν
3465 3300 3563 3363 μς⁹
3610 3312 3712 3347 κα-

2130 3390 2259 3444 νόνα
2313 3388 2406 3443 τοῦ
2459 3389 2614 3457 ἁγίου
2660 3388 2965 3442 Βασιλείου.
3009 3387 3463 3458 Συμὸουλευτικῷ
3520 3389 3711 3457 τρόπῳ

2133 3480 2488 3535 ὑποτιθέασιν
2520 3482 2568 3533 οἱ
2600 3480 2847 3550 Πατέρες
2878 3482 2943 3550 τῇ
2976 3479 3196 3547 γυναικὶ
3229 3478 3304 3547 μὴ
3348 3476 3715 3547 συζευχθῆναι

2134 3570 2326 3641 ἑτέρῳ,
2356 3570 2491 3624 ἀλλά
2512 3570 2855 3642 καρτερῆσαι
2885 3571 2977 3624 καὶ
3004 3568 3400 3625 ἐειλεώσασθαι
3425 3568 3485 3621 τὸ
3525 3569 3715 3638 ἀμάρ-

2132 3679 2284 3732 τημα
2311 3661 2400 3715 διὰ
2436 3662 2750 3730 μετανοίας.
2784 3662 2895 3715 Καὶ
2914 3661 2991 3731 τῷ
3009 3659 3438 3724 ἐπαναζεύξαντι
3462 3660 3519 3713 δὲ
3547 3677 3717 3730 στρα-

2134 3754 2301 3826 τιώτῃ
2337 3754 2711 3825 ἐξεχώρησαν,
2769 3754 2818 3807 εί
2870 3753 3038 3817 θέλει,
3108 3752 3552 3808 ἀνακαλέσασθαι
3607 3752 3710 3822 τὴν

2136 3845 2309 3915 ἐτέρῳ
2373 3845 2763 3913 συζευχθεῖσαν
2812 3845 3045 3911 γυναῖκα
3131 3842 3318 3905 αὐτοῦ,
3388 3838 3716 3910 ὀφείλουσαν

2140 3938 2471 4010 συγγνώμης
2504 3938 2830 4006 ἀξιωθῆναι,
2856 3936 2933 4000 ὡς
2949 3935 3335 3990 ἀπελπίσασαν
3384 3934 3483 4005 τὴν
3514 3935 3709 3988 ἐπάνο-

2138 4029 2228 4083 δον
2250 4030 2343 4081 τοῦ
2364 4027 2567 4081 οἰκείου
2591 4027 2783 4098 ἀνδρός
2816 4043 2830 4058 ·
2858 4025 3046 4094 ὥσπερ
3110 4025 3171 4092 δὴ
3227 4023 3717 4093 συγγνωσθήσεται

2139 4122 2235 4176 καὶ
2272 4124 2299 4174 6
2317 4122 2394 4181 είς
2421 4119 2676 4189 δεύτερον
2703 4118 2881 4186 γάμον
2909 4117 3081 4185 αὐτὴν
3106 4115 3474 4184 ἀγαγόμενος.
3491 4114 3714 4168 Τούτων

2139 4213 2310 4276 οὕτως
2330 4213 2582 4282 ἐχόντων,
2614 4212 2879 4282 ἐρωτήσει
2905 4228 3010 4272 τις,
3032 4209 3131 4263 Διά
3156 4210 3209 4261 τί
3233 4209 3343 4263 ἀνω
3374 4208 3470 4277 μὲν
3487 4209 3515 4261 6
3534 4208 3717 4262 κανών

2141 4321 2273 4375 φησι
2301 4300 2591 4373 μοιχᾶσθαι
2614 4300 2714 4362 τὰς
2731 4301 3014 4368 γυναῖκας.
3045 4297 3138 4351 τοῦ
3167 4316 3225 4351 τε
3241 4299 3716 4368 ἀναχωρήσαντος,

2143 4397 2284 4467 πρὸς
2314 4395 2369 4448 δέ
2425 4392 2642 4447 καὶτοῦ
2671 4391 3036 4462 στρατιώτου,
3094 4390 3306 4459 ἑτέροις
3366 4387 3721 4458 γαμηθείσας

2143 4488 2249 4559 πρδ
2278 4485 2528 4548 ἐντελοῦς
2548 4485 2926 4555 πληροφορίας
2954 4483 3047 4536 τοῦ
3073 4482 3308 4537 θανάτου
3363 4482 3473 4535 τῶν
3502 4480 3722 4551 ἀνδρῶν

2143 4577 2322 4630 αὐτῶν
2351 4591 2365 4606 ·
2393 4576 2451 4628 ἐν
2485 4575 2562 4645 τῷ
2587 4574 2731 4627 τέλει
2755 4574 2813 4626 δὲ
2872 4572 3169 4643 διορίζεται
3243 4570 3721 4640 συγγινώσκεσθαι

2139 4668 2241 4739 τὴν
2270 4671 2505 4737 γυναῖκα
2546 4667 2640 4721 τοῦ
2673 4666 3032 4734 στρατιώτου,
3077 4665 3174 4718 καὶ
3222 4665 3312 4719 τὸν
3368 4663 3718 4733 συναφθέντα

470 4750 760 4819 copulatus
790 4753 915 4808 est?
946 4752 1177 4812 Salutio.
1214 4757 1405 4827 Magna
1451 4767 1533 4812 est
1566 4758 1873 4813 differentia
1902 4760 2030 4814 inter

2140 4759 2277 4829 αὐτῇ
2310 4758 2447 4826 μετά
2479 4758 2729 4827 δεύτερον
2758 4756 2975 4824 γάμον;
3013 4756 3227 4820 Λύσις.
3280 4754 3451 4822 Πολλὴ
3482 4754 3720 4824 διαφορά

473 4854 703 4896 uxorem
744 4842 937 4900 militis
968 4854 1022 4901 et
1060 4848 1246 4902 aliam.
1276 4848 1370 4902 illa
1400 4849 1569 4911 enim,
1622 4848 1788 4903 simul
1844 4865 1907 4905 ac
1944 4866 2039 4920 pe-

472 4947 630 5002 regre
663 4934 943 5003 profectus
967 4946 1051 4995 est
1077 4939 1254 5004 miles,
1294 4938 1455 4994 habet
1505 4940 1744 5010 aliquam
1798 4942 1866 4998 de
1916 4941 2039 5011 ejus

479 5035 653 5081 morte
711 5029 1116 5098 suspicionem;
1172 5031 1631 5100 quemadmodum
1688 5043 1742 5088 et
1798 5028 2043 5104 praesens

472 5133 672 5183 canon,
732 5128 1025 5192 postquam
1077 5120 1219 5175 dixit
1261 5122 1327 5176 de
1370 5122 1562 5187 milite,
1625 5124 1727 5178 hoc
1783 5140 2042 5195 expresse

474 5211 642 5266 dicit:
678 5211 783 5266 Sed
821 5229 907 5269 res
943 5213 1032 5268 hie
1062 5213 1282 5284 quidem
1314 5213 1553 5284 aliquam
1590 5216 1750 5272 habet
1804 5220 2039 5284 veniam,

472 5301 577 5356 hoc
611 5312 719 5367 est,
756 5304 950 5359 militis
983 5306 1143 5359 uxori
1178 5305 1502 5376 ignoscitur,
1538 5308 1683 5377 quod
1743 5309 1816 5363 sit
1866 5311 2043 5379 major

470 5394 539 5449 de
573 5403 749 5449 morte
784 5396 1064 5465 suspicio:
1097 5398 1243 5466 quod
1281 5399 1449 5454 etiam
1480 5401 1545 5455 51
1592 5411 1647 5455 et
1696 5402 1766 5458 56
1801 5418 2043 5459 canones

470 5488 648 5543 sancti
706 5487 894 5544 Basilii
942 5496 1215 5547 statuunt.
1263 5491 1382 5547 Alia
1440 5500 1623 5549 autem
1676 5494 1811 5549 nihil
1855 5505 2034 5567 potest

2140 4851 2256 4903 ἐστι
2287 4852 2387 4919 τῆς
2410 4847 2670 4917 γυναικὸς
2694 4849 2791 4901 τοῦ
2829 4848 3165 4918 στρατιώτου
3225 4847 3318 4901 καὶ
3370 4847 3469 4917 τῆς
3528 4847 3718 4914 ἄλλης.

2151 4938 2218 4992 Ἦ
2253 4939 2351 5008 μὲν
2382 4938 2489 5009 γὰρ
2551 4938 2668 5007 ἅμα
2700 4936 2776 5007 τῷ
2803 4936 3161 5007 ἀποδημῆσαι
3217 4936 3311 4989 τὸν
3374 4934 3718 5008 στρατιώτην

2142 5029 2382 5085 ὕποπτον
2407 5030 2627 5099 ἔχειτὸν
2649 5028 2898 5092 θάνατον,
2929 5028 3109 5091 καθὼς
3136 5028 3229 5081 καὶ
3256 5026 3284 5079 6
3301 5026 3495 5097 παρὼν
3512 5026 3718 5090 κανὼν,

2144 5120 2285 5191 μετά
2323 5119 2384 5171 τὸ
2415 5119 2593 5170 εἰπεῖν
2618 5117 2747 5188 περὶ
2780 5119 2874 5171 τοῦ
2933 5117 3294 5189 στρατιώτου,
3346 5119 3483 5189 φησὶ
3546 5117 3723 5172 ταῦτα.

2144 5211 2324 5283 ῥητῶς
2355 5224 2369 5242 ⁸
2423 5207 2570 5279 Πλὴν
2637 5207 2751 5277 ἔχει
2797 5206 2922 5260 τινὰ
2975 5209 3307 5277 συγγνώμην
3357 5208 3417 5261 τὸ
3489 5210 3723 5279 πρᾶγμα

2140 5301 2590 5371 ἐνταῦθα,ῆγουν
2630 5300 3072 5369 συγγινώσκεται
3126 5303 3160 5369 ἡ
3234 5300 3331 5353 τοῦ
3383 5302 3721 5371 στρατιώτου

2141 5395 2304 5467 γυνὴ,
2338 5395 2428 5448 διὰ
2456 5395 2516 5447 τὸ
2546 5394 2752 5464 μᾶλλον
2778 5393 2918 5464 πρὸς
2947 5394 3175 5447 Θάνατον
3229 5389 3370 5448 εἶναι
3418 5396 3519 5465 τὴν
3588 5395 3724 5448 ὑπό-

2141 5504 2293 5545 νοιαν
2319 5525 2335 5553 ,
2359 5488 2496 5556 ὅπερ
2562 5488 2655 5540 καὶ
2694 5475 2744 5539 δ’
2766 5487 2847 5539 λα’
2876 5485 2970 5538 καὶ
2993 5487 3021 5538 6
3054 5485 3144 5549 λς’
3180 5485 3362 5540 κανὼν
3414 5486 3507 5540 τοῦ
3566 5486 3725 5555 ἁγίου

1674 5633 1871 5698 Guill.
1909 5634 2239 5714 Beveregii
2284 5639 2476 5696 notae.

543 5755 623 5823 (iii
666 5754 819 5829 Οῷδὲ
871 5757 980 5829 γὰρ
1029 5756 1241 5826 ἔχουσι
1293 5759 1620 5829 πρόφασιν.
1680 5761 1804 5815 llaec
1858 5763 2043 5823 verba.

472 5840 649 5895 usque
675 5825 739 5879 ad
765 5825 994 5883 θανάτου
1024 5825 1223 5897 αὐτῶν,
1256 5825 1359 5887 ιιιέ.
1387 5825 1679 5888 Bolleiauo
1707 5842 1921 5901 accepta
1956 5849 2042 5889 τες

2158 5763 2408 5816 ferimus.
2449 5760 2579 5814 Nam
2612 5759 2663 5812 in
2694 5760 2929 5812 editione
2961 5755 3252 5812 Parisiensi
3286 5756 3671 5820 desiderantur
3707 5776 3724 5818 :

2132 5832 2246 5889 'scd
2273 5833 2325 5888 in
2360 5832 2605 5887 Amcrbad
2626 5828 2790 5884 biano
2816 5828 3049 5899 a'iisque
3079 5843 3207 5885 mss.
3237 5827 3510 5898 leguntur.
