  <div class='ocr_page' id='page_1' title='image "/cluster/home/n/w/nwhite01/storage/ocr_20150623/137:no.1/coo.31924054870427/422.png"; bbox 0 0 4062 6408; ppageno 0'>
   <div class='ocr_carea' id='block_1_1' title="bbox 270 336 377 400">
    <p class='ocr_par' dir='ltr' id='par_1_1' title="bbox 270 336 377 400">
     <span class='ocr_line' id='line_1_1' title="bbox 270 336 377 400; baseline 0.009 -1"><span class='ocrx_word' id='word_1_1' title='bbox 270 336 377 400; x_wconf 77' lang='lat'><strong>833</strong></span> 
     </span>
    </p>
   </div>
   <div class='ocr_carea' id='block_1_2' title="bbox 1310 300 2582 392">
    <p class='ocr_par' dir='ltr' id='par_1_2' title="bbox 1310 300 2582 392">
     <span class='ocr_line' id='line_1_2' title="bbox 1310 300 2582 392; baseline -0.003 -3"><span class='ocrx_word' id='word_1_2' title='bbox 1310 329 1391 390; x_wconf 82' lang='lat' dir='ltr'><strong>IN</strong></span> <span class='ocrx_word' id='word_1_3' title='bbox 1430 327 1601 391; x_wconf 79' lang='lat' dir='ltr'><strong>CAN.</strong></span> <span class='ocrx_word' id='word_1_4' title='bbox 1645 327 1836 387; x_wconf 83' lang='lat' dir='ltr'><strong>xcm</strong></span> <span class='ocrx_word' id='word_1_5' title='bbox 1879 328 2093 392; x_wconf 62' lang='lat' dir='ltr'><strong>conc.</strong></span> <span class='ocrx_word' id='word_1_6' title='bbox 2136 300 2215 390; x_wconf 58' lang='grc' dir='ltr'><strong>ιιι</strong></span> <span class='ocrx_word' id='word_1_7' title='bbox 2256 325 2582 388; x_wconf 82' lang='lat' dir='ltr'><strong>TRULLO.</strong></span> 
     </span>
    </p>
   </div>
   <div class='ocr_carea' id='block_1_3' title="bbox 3415 325 3523 390">
    <p class='ocr_par' dir='ltr' id='par_1_3' title="bbox 3415 325 3523 390">
     <span class='ocr_line' id='line_1_3' title="bbox 3415 325 3523 390; baseline 0.037 -4"><span class='ocrx_word' id='word_1_8' title='bbox 3415 325 3523 390; x_wconf 69' lang='lat'><strong>834</strong></span> 
     </span>
    </p>
   </div>
   <div class='ocr_carea' id='block_1_4' title="bbox 272 436 1875 518">
    <p class='ocr_par' dir='ltr' id='par_1_4' title="bbox 272 440 1849 518">
     <span class='ocr_line' id='line_1_4' title="bbox 272 440 1849 518; baseline -0.007 -16"><span class='ocrx_word' id='word_1_9' title='bbox 272 446 556 502; x_wconf 75' lang='grc' dir='ltr'>Βισιλείου</span> <span class='ocrx_word' id='word_1_10' title='bbox 627 444 1073 518; x_wconf 74' lang='grc' dir='ltr'>θεσμοθετοῦσιν.</span> <span class='ocrx_word' id='word_1_11' title='bbox 1141 444 1207 495; x_wconf 80' lang='grc' dir='ltr'><em>Ἢ</em></span> <span class='ocrx_word' id='word_1_12' title='bbox 1284 442 1421 512; x_wconf 83' lang='grc' dir='ltr'>ἄλλη</span> <span class='ocrx_word' id='word_1_13' title='bbox 1470 441 1525 495; x_wconf 83' lang='grc' dir='ltr'><strong>δέ</strong></span> <span class='ocrx_word' id='word_1_14' title='bbox 1582 440 1736 495; x_wconf 68' lang='grc' dir='ltr'>οὐδέν</span> <span class='ocrx_word' id='word_1_15' title='bbox 1796 458 1849 492; x_wconf 89' lang='grc' dir='ltr'><strong>τι</strong></span> 
     </span>
    </p>
   </div>
   <div class='ocr_carea' id='block_1_5' title="bbox 1982 436 3522 518">
    <p class='ocr_par' dir='ltr' id='par_1_5' title="bbox 1982 436 3522 508">
     <span class='ocr_line' id='line_1_5' title="bbox 1982 436 3522 508; baseline 0.002 -16"><span class='ocrx_word' id='word_1_16' title='bbox 1982 440 2225 507; x_wconf 87' lang='lat' dir='ltr'><strong>jusmodi</strong></span> <span class='ocrx_word' id='word_1_17' title='bbox 2284 439 2544 508; x_wconf 83' lang='lat' dir='ltr'><strong>allegare.</strong></span> <span class='ocrx_word' id='word_1_18' title='bbox 2602 438 2778 493; x_wconf 80' lang='lat' dir='ltr'><strong>Simul</strong></span> <span class='ocrx_word' id='word_1_19' title='bbox 2813 441 2958 493; x_wconf 88' lang='lat' dir='ltr'><strong>enim</strong></span> <span class='ocrx_word' id='word_1_20' title='bbox 3008 452 3073 493; x_wconf 88' lang='lat' dir='ltr'><strong>ac</strong></span> <span class='ocrx_word' id='word_1_21' title='bbox 3118 453 3149 493; x_wconf 87' lang='lat' dir='ltr'><strong>e</strong></span> <span class='ocrx_word' id='word_1_22' title='bbox 3205 436 3369 494; x_wconf 88' lang='lat' dir='ltr'><strong>domo</strong></span> <span class='ocrx_word' id='word_1_23' title='bbox 3423 459 3522 495; x_wconf 79' lang='lat' dir='ltr'><strong>sua</strong></span> 
     </span>
    </p>
   </div>
   <div class='ocr_carea' id='block_1_6' title="bbox 271 531 1848 610">
    <p class='ocr_par' dir='ltr' id='par_1_6' title="bbox 271 531 1848 610">
     <span class='ocr_line' id='line_1_6' title="bbox 271 531 1848 610; baseline -0.005 -17"><span class='ocrx_word' id='word_1_24' title='bbox 271 541 513 593; x_wconf 81' lang='grc' dir='ltr'>τοιοῦτον</span> <span class='ocrx_word' id='word_1_25' title='bbox 564 538 972 610; x_wconf 74' lang='grc' dir='ltr'>προϐάλλεσθαι</span> <span class='ocrx_word' id='word_1_26' title='bbox 1002 535 1248 590; x_wconf 82' lang='grc' dir='ltr'>δύναται.</span> <span class='ocrx_word' id='word_1_27' title='bbox 1304 533 1458 603; x_wconf 54' lang='lat' dir='ltr'><strong>&quot;Agat</strong></span> <span class='ocrx_word' id='word_1_28' title='bbox 1513 532 1622 600; x_wconf 69' lang='grc' dir='ltr'><strong>γὰρ</strong></span> <span class='ocrx_word' id='word_1_29' title='bbox 1673 534 1739 601; x_wconf 79' lang='grc' dir='ltr'>τῇ</span> <span class='ocrx_word' id='word_1_30' title='bbox 1783 531 1848 585; x_wconf 76' lang='grc' dir='ltr'><strong>ἐκ</strong></span> 
     </span>
    </p>
   </div>
   <div class='ocr_carea' id='block_1_7' title="bbox 272 623 1848 701">
    <p class='ocr_par' dir='ltr' id='par_1_7' title="bbox 272 623 1848 701">
     <span class='ocr_line' id='line_1_7' title="bbox 272 623 1848 701; baseline -0.008 -16"><span class='ocrx_word' id='word_1_31' title='bbox 272 632 372 701; x_wconf 82' lang='grc' dir='ltr'>τῆς</span> <span class='ocrx_word' id='word_1_32' title='bbox 391 629 573 692; x_wconf 73' lang='grc' dir='ltr'>οἰκίας</span> <span class='ocrx_word' id='word_1_33' title='bbox 607 630 775 699; x_wconf 81' lang='grc' dir='ltr'>αὐτῆς</span> <span class='ocrx_word' id='word_1_34' title='bbox 798 629 1148 699; x_wconf 76' lang='grc' dir='ltr'><strong>ἀναχωρήσει</strong></span> <span class='ocrx_word' id='word_1_35' title='bbox 1193 624 1288 677; x_wconf 79' lang='grc' dir='ltr'><strong>τοῦ</strong></span> <span class='ocrx_word' id='word_1_36' title='bbox 1343 625 1538 693; x_wconf 74' lang='grc' dir='ltr'>ἀνδρὸς</span> <span class='ocrx_word' id='word_1_37' title='bbox 1581 623 1848 691; x_wconf 65' lang='grc' dir='ltr'>ἐγίνωσκε</span> 
     </span>
    </p>
   </div>
   <div class='ocr_carea' id='block_1_8' title="bbox 270 713 1849 793">
    <p class='ocr_par' dir='ltr' id='par_1_8' title="bbox 270 713 1849 793">
     <span class='ocr_line' id='line_1_8' title="bbox 270 713 1849 793; baseline -0.006 -19"><span class='ocrx_word' id='word_1_38' title='bbox 270 723 372 793; x_wconf 80' lang='grc' dir='ltr'>τὴν</span> <span class='ocrx_word' id='word_1_39' title='bbox 400 722 586 791; x_wconf 80' lang='grc' dir='ltr'><strong>ἀφανῆ</strong></span> <span class='ocrx_word' id='word_1_40' title='bbox 614 721 808 774; x_wconf 84' lang='grc' dir='ltr'>τούτου</span> <span class='ocrx_word' id='word_1_41' title='bbox 837 719 1154 789; x_wconf 76' lang='grc' dir='ltr'><strong>ἀποδημίαν</strong></span> <span class='ocrx_word' id='word_1_42' title='bbox 1192 731 1209 748; x_wconf 80' lang='grc'><strong>⁸</strong></span> <span class='ocrx_word' id='word_1_43' title='bbox 1246 717 1340 771; x_wconf 63' lang='grc' dir='ltr'><strong>καὶ</strong></span> <span class='ocrx_word' id='word_1_44' title='bbox 1365 716 1453 769; x_wconf 77' lang='grc' dir='ltr'>διὰ</span> <span class='ocrx_word' id='word_1_45' title='bbox 1511 715 1673 768; x_wconf 71' lang='grc' dir='ltr'>τοῦτο</span> <span class='ocrx_word' id='word_1_46' title='bbox 1725 713 1849 767; x_wconf 71' lang='grc' dir='ltr'>οὐδὲ</span> 
     </span>
    </p>
   </div>
   <div class='ocr_carea' id='block_1_9' title="bbox 273 805 1850 882">
    <p class='ocr_par' dir='ltr' id='par_1_9' title="bbox 273 805 1850 882">
     <span class='ocr_line' id='line_1_9' title="bbox 273 805 1850 882; baseline -0.004 -16"><span class='ocrx_word' id='word_1_47' title='bbox 273 813 606 882; x_wconf 73' lang='grc' dir='ltr'>συγγνώμης</span> <span class='ocrx_word' id='word_1_48' title='bbox 641 811 912 879; x_wconf 74' lang='grc' dir='ltr'>ἀξιοῦται.</span> <span class='ocrx_word' id='word_1_49' title='bbox 954 813 1095 882; x_wconf 82' lang='grc' dir='ltr'>Πρὸς</span> <span class='ocrx_word' id='word_1_50' title='bbox 1117 809 1328 874; x_wconf 77' lang='grc' dir='ltr'>τούτοις</span> <span class='ocrx_word' id='word_1_51' title='bbox 1376 809 1521 861; x_wconf 85' lang='grc' dir='ltr'>εῐποι</span> <span class='ocrx_word' id='word_1_52' title='bbox 1552 825 1637 867; x_wconf 88' lang='grc' dir='ltr'><strong>τις</strong></span> <span class='ocrx_word' id='word_1_53' title='bbox 1664 808 1738 869; x_wconf 87' lang='grc' dir='ltr'>ὡς</span> <span class='ocrx_word' id='word_1_54' title='bbox 1754 805 1850 859; x_wconf 80' lang='grc' dir='ltr'>τοῦ</span> 
     </span>
    </p>
   </div>
   <div class='ocr_carea' id='block_1_10' title="bbox 272 896 1853 973">
    <p class='ocr_par' dir='ltr' id='par_1_10' title="bbox 272 896 1853 973">
     <span class='ocr_line' id='line_1_10' title="bbox 272 896 1853 973; baseline -0.004 -18"><span class='ocrx_word' id='word_1_55' title='bbox 272 903 453 971; x_wconf 84' lang='grc' dir='ltr'><strong>γάμου</strong></span> <span class='ocrx_word' id='word_1_56' title='bbox 485 902 580 955; x_wconf 80' lang='grc' dir='ltr'><strong>τοῦ</strong></span> <span class='ocrx_word' id='word_1_57' title='bbox 606 903 901 972; x_wconf 80' lang='grc' dir='ltr'>γενομένου</span> <span class='ocrx_word' id='word_1_58' title='bbox 940 902 1081 973; x_wconf 74' lang='grc' dir='ltr'>μετὰ</span> <span class='ocrx_word' id='word_1_59' title='bbox 1109 900 1201 954; x_wconf 81' lang='grc' dir='ltr'><strong>τοῦ</strong></span> <span class='ocrx_word' id='word_1_60' title='bbox 1216 899 1671 969; x_wconf 78' lang='grc' dir='ltr'><strong>καταλειφθέντος</strong></span> <span class='ocrx_word' id='word_1_61' title='bbox 1699 896 1853 969; x_wconf 79' lang='grc' dir='ltr'>παρὰ</span> 
     </span>
    </p>
   </div>
   <div class='ocr_carea' id='block_1_11' title="bbox 274 989 1848 1064">
    <p class='ocr_par' dir='ltr' id='par_1_11' title="bbox 274 989 1848 1064">
     <span class='ocr_line' id='line_1_11' title="bbox 274 989 1848 1064; baseline -0.006 -15"><span class='ocrx_word' id='word_1_62' title='bbox 274 997 379 1064; x_wconf 76' lang='grc' dir='ltr'><strong>τῆς</strong></span> <span class='ocrx_word' id='word_1_63' title='bbox 400 997 615 1058; x_wconf 85' lang='grc' dir='ltr'>οίκείας</span> <span class='ocrx_word' id='word_1_64' title='bbox 677 995 915 1063; x_wconf 76' lang='grc' dir='ltr'><strong>συζύγου</strong></span> <span class='ocrx_word' id='word_1_65' title='bbox 958 994 1054 1046; x_wconf 86' lang='grc' dir='ltr'>καὶ</span> <span class='ocrx_word' id='word_1_66' title='bbox 1100 996 1198 1063; x_wconf 82' lang='grc' dir='ltr'>τῆς</span> <span class='ocrx_word' id='word_1_67' title='bbox 1237 991 1530 1061; x_wconf 81' lang='grc' dir='ltr'>ἐλευθέρας</span> <span class='ocrx_word' id='word_1_68' title='bbox 1570 989 1848 1057; x_wconf 77' lang='grc' dir='ltr'>γυναικὸς,</span> 
     </span>
    </p>
   </div>
   <div class='ocr_carea' id='block_1_12' title="bbox 274 1078 1854 1152">
    <p class='ocr_par' dir='ltr' id='par_1_12' title="bbox 274 1078 1854 1152">
     <span class='ocr_line' id='line_1_12' title="bbox 274 1078 1854 1152; baseline -0.005 -12"><span class='ocrx_word' id='word_1_69' title='bbox 274 1087 654 1140; x_wconf 81' lang='grc' dir='ltr'>ἀνυποστάτου</span> <span class='ocrx_word' id='word_1_70' title='bbox 677 1087 853 1150; x_wconf 74' lang='grc' dir='ltr'>ὄντος,</span> <span class='ocrx_word' id='word_1_71' title='bbox 885 1088 1035 1147; x_wconf 81' lang='grc' dir='ltr'>ποῖος</span> <span class='ocrx_word' id='word_1_72' title='bbox 1056 1084 1214 1152; x_wconf 68' lang='grc' dir='ltr'>λόγος</span> <span class='ocrx_word' id='word_1_73' title='bbox 1246 1082 1541 1134; x_wconf 76' lang='grc' dir='ltr'>ὑπελίπετο</span> <span class='ocrx_word' id='word_1_74' title='bbox 1570 1081 1728 1151; x_wconf 85' lang='grc' dir='ltr'>χάριν</span> <span class='ocrx_word' id='word_1_75' title='bbox 1757 1078 1854 1133; x_wconf 80' lang='grc' dir='ltr'>τοῦ</span> 
     </span>
    </p>
   </div>
   <div class='ocr_carea' id='block_1_13' title="bbox 280 1173 1856 1248">
    <p class='ocr_par' dir='ltr' id='par_1_13' title="bbox 280 1173 1856 1248">
     <span class='ocr_line' id='line_1_13' title="bbox 280 1173 1856 1248; baseline -0.003 -18"><span class='ocrx_word' id='word_1_76' title='bbox 280 1178 359 1248; x_wconf 83' lang='grc' dir='ltr'>μὴ</span> <span class='ocrx_word' id='word_1_77' title='bbox 385 1177 727 1247; x_wconf 74' lang='grc' dir='ltr'>συναφθῆναι</span> <span class='ocrx_word' id='word_1_78' title='bbox 758 1177 931 1247; x_wconf 78' lang='grc' dir='ltr'>αὐτὴν</span> <span class='ocrx_word' id='word_1_79' title='bbox 956 1176 1130 1245; x_wconf 76' lang='grc' dir='ltr'>ἑτέρῳ</span> <span class='ocrx_word' id='word_1_80' title='bbox 1156 1176 1332 1245; x_wconf 70' lang='grc' dir='ltr'>ἀνδρὶ,</span> <span class='ocrx_word' id='word_1_81' title='bbox 1382 1174 1730 1242; x_wconf 88' lang='grc' dir='ltr'>ἀγνοήσασαν</span> <span class='ocrx_word' id='word_1_82' title='bbox 1762 1173 1856 1225; x_wconf 76' lang='grc' dir='ltr'><strong>καὶ</strong></span> 
     </span>
    </p>
   </div>
   <div class='ocr_carea' id='block_1_14' title="bbox 183 1264 1859 1339">
    <p class='ocr_par' dir='ltr' id='par_1_14' title="bbox 183 1264 1859 1339">
     <span class='ocr_line' id='line_1_14' title="bbox 183 1264 1859 1339; baseline -0.001 -22"><span class='ocrx_word' id='word_1_83' title='bbox 183 1310 193 1317; x_wconf 95' lang='grc'><strong>.</strong></span> <span class='ocrx_word' id='word_1_84' title='bbox 278 1269 457 1322; x_wconf 84' lang='grc' dir='ltr'>ταῦτα</span> <span class='ocrx_word' id='word_1_85' title='bbox 499 1270 591 1322; x_wconf 61' lang='grc' dir='ltr'>τὸν</span> <span class='ocrx_word' id='word_1_86' title='bbox 639 1269 856 1339; x_wconf 85' lang='grc' dir='ltr'>πρῶτον</span> <span class='ocrx_word' id='word_1_87' title='bbox 890 1268 1068 1337; x_wconf 82' lang='grc' dir='ltr'>γάμον</span> <span class='ocrx_word' id='word_1_88' title='bbox 1099 1266 1194 1319; x_wconf 82' lang='grc' dir='ltr'>τοῦ</span> <span class='ocrx_word' id='word_1_89' title='bbox 1254 1264 1713 1333; x_wconf 78' lang='grc' dir='ltr'>καταλειφθέντος</span> <span class='ocrx_word' id='word_1_90' title='bbox 1763 1265 1859 1317; x_wconf 78' lang='grc' dir='ltr'><strong>ἀν-</strong></span> 
     </span>
    </p>
   </div>
   <div class='ocr_carea' id='block_1_15' title="bbox 282 1354 1856 1430">
    <p class='ocr_par' dir='ltr' id='par_1_15' title="bbox 282 1354 1856 1430">
     <span class='ocr_line' id='line_1_15' title="bbox 282 1354 1856 1430; baseline -0.004 -17"><span class='ocrx_word' id='word_1_91' title='bbox 282 1361 412 1430; x_wconf 87' lang='grc' dir='ltr'>δρός</span> <span class='ocrx_word' id='word_1_92' title='bbox 440 1378 457 1427; x_wconf 86' lang='grc'>;</span> <span class='ocrx_word' id='word_1_93' title='bbox 493 1362 706 1425; x_wconf 81' lang='grc' dir='ltr'>Λύσις.</span> <span class='ocrx_word' id='word_1_94' title='bbox 742 1360 917 1414; x_wconf 81' lang='grc' dir='ltr'>Τινῶν</span> <span class='ocrx_word' id='word_1_95' title='bbox 952 1359 1218 1427; x_wconf 85' lang='grc' dir='ltr'>λεγόντων</span> <span class='ocrx_word' id='word_1_96' title='bbox 1240 1358 1343 1421; x_wconf 83' lang='grc' dir='ltr'>ὅτι,</span> <span class='ocrx_word' id='word_1_97' title='bbox 1378 1356 1481 1409; x_wconf 84' lang='grc' dir='ltr'><strong>κᾶν</strong></span> <span class='ocrx_word' id='word_1_98' title='bbox 1536 1356 1751 1425; x_wconf 78' lang='grc' dir='ltr'>μοιχεία</span> <span class='ocrx_word' id='word_1_99' title='bbox 1793 1354 1856 1407; x_wconf 80' lang='grc' dir='ltr'>οὒ</span> 
     </span>
    </p>
   </div>
   <div class='ocr_carea' id='block_1_16' title="bbox 275 1447 1859 1523">
    <p class='ocr_par' dir='ltr' id='par_1_16' title="bbox 275 1447 1859 1523">
     <span class='ocr_line' id='line_1_16' title="bbox 275 1447 1859 1523; baseline -0.002 -19"><span class='ocrx_word' id='word_1_100' title='bbox 275 1453 477 1521; x_wconf 85' lang='grc' dir='ltr'>γέγονε</span> <span class='ocrx_word' id='word_1_101' title='bbox 507 1452 661 1523; x_wconf 76' lang='grc' dir='ltr'>παρὰ</span> <span class='ocrx_word' id='word_1_102' title='bbox 684 1453 783 1519; x_wconf 83' lang='grc' dir='ltr'>τῆς</span> <span class='ocrx_word' id='word_1_103' title='bbox 804 1452 1069 1520; x_wconf 82' lang='grc' dir='ltr'>γυναικὸς</span> <span class='ocrx_word' id='word_1_104' title='bbox 1116 1450 1205 1504; x_wconf 86' lang='grc' dir='ltr'>διὰ</span> <span class='ocrx_word' id='word_1_105' title='bbox 1254 1449 1354 1519; x_wconf 84' lang='grc' dir='ltr'><strong>τὴν</strong></span> <span class='ocrx_word' id='word_1_106' title='bbox 1410 1448 1661 1516; x_wconf 84' lang='grc' dir='ltr'>ἄγνοιαν,</span> <span class='ocrx_word' id='word_1_107' title='bbox 1722 1447 1859 1501; x_wconf 81' lang='grc' dir='ltr'>ἀλλὰ</span> 
     </span>
    </p>
   </div>
   <div class='ocr_carea' id='block_1_17' title="bbox 276 1539 1861 1615">
    <p class='ocr_par' dir='ltr' id='par_1_17' title="bbox 276 1539 1861 1615">
     <span class='ocr_line' id='line_1_17' title="bbox 276 1539 1861 1615; baseline -0.003 -16"><span class='ocrx_word' id='word_1_108' title='bbox 276 1546 510 1615; x_wconf 85' lang='grc' dir='ltr'>πορνεία</span> <span class='ocrx_word' id='word_1_109' title='bbox 534 1543 817 1613; x_wconf 77' lang='grc' dir='ltr'><strong>ἐτελέσθη,</strong></span> <span class='ocrx_word' id='word_1_110' title='bbox 850 1544 948 1596; x_wconf 74' lang='grc' dir='ltr'><strong>καὶ</strong></span> <span class='ocrx_word' id='word_1_111' title='bbox 999 1542 1265 1612; x_wconf 81' lang='grc' dir='ltr'>όφείλειή</span> <span class='ocrx_word' id='word_1_112' title='bbox 1316 1540 1662 1610; x_wconf 83' lang='grc' dir='ltr'>πορνεύσασα</span> <span class='ocrx_word' id='word_1_113' title='bbox 1721 1539 1861 1594; x_wconf 73' lang='grc' dir='ltr'>κατὰ</span> 
     </span>
    </p>
   </div>
   <div class='ocr_carea' id='block_1_18' title="bbox 276 1630 1862 1706">
    <p class='ocr_par' dir='ltr' id='par_1_18' title="bbox 276 1630 1862 1706">
     <span class='ocr_line' id='line_1_18' title="bbox 276 1630 1862 1706; baseline -0.004 -17"><span class='ocrx_word' id='word_1_114' title='bbox 276 1638 409 1700; x_wconf 71' lang='grc' dir='ltr'>τοὺς</span> <span class='ocrx_word' id='word_1_115' title='bbox 443 1634 573 1706; x_wconf 67' lang='grc' dir='ltr'>περὶ</span> <span class='ocrx_word' id='word_1_116' title='bbox 600 1635 700 1703; x_wconf 78' lang='grc' dir='ltr'>τῆς</span> <span class='ocrx_word' id='word_1_117' title='bbox 723 1634 984 1703; x_wconf 78' lang='grc' dir='ltr'>πορνείας</span> <span class='ocrx_word' id='word_1_118' title='bbox 1020 1633 1252 1695; x_wconf 85' lang='grc' dir='ltr'>κανόνας</span> <span class='ocrx_word' id='word_1_119' title='bbox 1310 1630 1730 1701; x_wconf 74' lang='grc' dir='ltr'>ἐπιτιμηθῆναί,</span> <span class='ocrx_word' id='word_1_120' title='bbox 1766 1631 1862 1684; x_wconf 68' lang='grc' dir='ltr'><strong>καὶ</strong></span> 
     </span>
    </p>
   </div>
   <div class='ocr_carea' id='block_1_19' title="bbox 1953 530 3528 601">
    <p class='ocr_par' dir='ltr' id='par_1_19' title="bbox 1953 530 3528 601">
     <span class='ocr_line' id='line_1_19' title="bbox 1953 530 3528 601; baseline 0.003 -19"><span class='ocrx_word' id='word_1_121' title='bbox 1953 532 2184 585; x_wconf 88' lang='lat' dir='ltr'><strong>maritus</strong></span> <span class='ocrx_word' id='word_1_122' title='bbox 2216 534 2478 596; x_wconf 78' lang='lat' dir='ltr'><strong>excessit,</strong></span> <span class='ocrx_word' id='word_1_123' title='bbox 2510 532 2776 585; x_wconf 86' lang='lat' dir='ltr'><strong>incertam</strong></span> <span class='ocrx_word' id='word_1_124' title='bbox 2827 547 3045 601; x_wconf 87' lang='lat' dir='ltr'><strong>quoque</strong></span> <span class='ocrx_word' id='word_1_125' title='bbox 3093 530 3214 598; x_wconf 87' lang='lat' dir='ltr'><strong>cjus</strong></span> <span class='ocrx_word' id='word_1_126' title='bbox 3262 547 3385 586; x_wconf 79' lang='lat' dir='ltr'><strong>esse</strong></span> <span class='ocrx_word' id='word_1_127' title='bbox 3432 534 3528 587; x_wconf 83' lang='lat' dir='ltr'><strong>ab-</strong></span> 
     </span>
    </p>
   </div>
   <div class='ocr_carea' id='block_1_20' title="bbox 1954 624 3526 694">
    <p class='ocr_par' dir='ltr' id='par_1_20' title="bbox 1954 624 3526 694">
     <span class='ocr_line' id='line_1_20' title="bbox 1954 624 3526 694; baseline 0.002 -17"><span class='ocrx_word' id='word_1_128' title='bbox 1954 624 2195 677; x_wconf 83' lang='lat' dir='ltr'><strong>sentiam</strong></span> <span class='ocrx_word' id='word_1_129' title='bbox 2223 625 2480 693; x_wconf 86' lang='lat' dir='ltr'><strong>cognovit</strong></span> <span class='ocrx_word' id='word_1_130' title='bbox 2506 641 2519 676; x_wconf 89' lang='lat'><strong>:</strong></span> <span class='ocrx_word' id='word_1_131' title='bbox 2551 633 2603 676; x_wconf 90' lang='lat' dir='ltr'><strong>et</strong></span> <span class='ocrx_word' id='word_1_132' title='bbox 2639 634 2924 692; x_wconf 84' lang='lat' dir='ltr'><strong>propterea</strong></span> <span class='ocrx_word' id='word_1_133' title='bbox 2962 640 3030 678; x_wconf 88' lang='lat' dir='ltr'><strong>ne</strong></span> <span class='ocrx_word' id='word_1_134' title='bbox 3061 625 3273 678; x_wconf 85' lang='lat' dir='ltr'><strong>veniam</strong></span> <span class='ocrx_word' id='word_1_135' title='bbox 3302 626 3526 694; x_wconf 82' lang='lat' dir='ltr'><strong>quidem</strong></span> 
     </span>
    </p>
   </div>
   <div class='ocr_carea' id='block_1_21' title="bbox 1953 714 3527 785">
    <p class='ocr_par' dir='ltr' id='par_1_21' title="bbox 1953 714 3527 785">
     <span class='ocr_line' id='line_1_21' title="bbox 1953 714 3527 785; baseline 0.005 -20"><span class='ocrx_word' id='word_1_136' title='bbox 1953 724 2214 767; x_wconf 84' lang='lat' dir='ltr'><strong>meretur.</strong></span> <span class='ocrx_word' id='word_1_137' title='bbox 2236 715 2318 767; x_wconf 83' lang='lat' dir='ltr'><strong>Ad</strong></span> <span class='ocrx_word' id='word_1_138' title='bbox 2359 715 2472 768; x_wconf 69' lang='lat' dir='ltr'><strong>haec</strong></span> <span class='ocrx_word' id='word_1_139' title='bbox 2493 714 2697 769; x_wconf 77' lang='lat' dir='ltr'><strong>dixerit</strong></span> <span class='ocrx_word' id='word_1_140' title='bbox 2725 717 3024 785; x_wconf 76' lang='lat' dir='ltr'><strong>quispiam,</strong></span> <span class='ocrx_word' id='word_1_141' title='bbox 3055 715 3217 783; x_wconf 80' lang='lat' dir='ltr'><strong>Quod</strong></span> <span class='ocrx_word' id='word_1_142' title='bbox 3245 734 3369 773; x_wconf 88' lang='lat' dir='ltr'><strong>cum</strong></span> <span class='ocrx_word' id='word_1_143' title='bbox 3403 736 3527 773; x_wconf 83' lang='lat' dir='ltr'><strong>ma-</strong></span> 
     </span>
    </p>
   </div>
   <div class='ocr_carea' id='block_1_22' title="bbox 1954 804 3529 876">
    <p class='ocr_par' dir='ltr' id='par_1_22' title="bbox 1954 804 3529 876">
     <span class='ocr_line' id='line_1_22' title="bbox 1954 804 3529 876; baseline 0.008 -20"><span class='ocrx_word' id='word_1_144' title='bbox 1954 804 2445 866; x_wconf 81' lang='lat' dir='ltr'><strong>trimonium,eum</strong></span> <span class='ocrx_word' id='word_1_145' title='bbox 2493 821 2559 857; x_wconf 88' lang='lat' dir='ltr'><strong>eo</strong></span> <span class='ocrx_word' id='word_1_146' title='bbox 2609 808 2763 875; x_wconf 91' lang='lat' dir='ltr'><strong>quia</strong></span> <span class='ocrx_word' id='word_1_147' title='bbox 2804 808 3026 876; x_wconf 90' lang='lat' dir='ltr'><strong>propria</strong></span> <span class='ocrx_word' id='word_1_148' title='bbox 3079 824 3252 863; x_wconf 79' lang='lat' dir='ltr'><strong>uxore</strong></span> <span class='ocrx_word' id='word_1_149' title='bbox 3303 811 3529 869; x_wconf 83' lang='lat' dir='ltr'><strong>relictus</strong></span> 
     </span>
    </p>
   </div>
   <div class='ocr_carea' id='block_1_23' title="bbox 1954 896 3529 975">
    <p class='ocr_par' dir='ltr' id='par_1_23' title="bbox 1954 896 3529 975">
     <span class='ocr_line' id='line_1_23' title="bbox 1954 896 3529 975; baseline 0.008 -29"><span class='ocrx_word' id='word_1_150' title='bbox 1954 904 2039 949; x_wconf 82' lang='lat' dir='ltr'><strong>est</strong></span> <span class='ocrx_word' id='word_1_151' title='bbox 2068 904 2123 950; x_wconf 89' lang='lat' dir='ltr'><strong>et</strong></span> <span class='ocrx_word' id='word_1_152' title='bbox 2157 896 2327 951; x_wconf 86' lang='lat' dir='ltr'><strong>libera</strong></span> <span class='ocrx_word' id='word_1_153' title='bbox 2359 913 2456 951; x_wconf 86' lang='lat' dir='ltr'><strong>seu</strong></span> <span class='ocrx_word' id='word_1_154' title='bbox 2491 899 2670 954; x_wconf 86' lang='lat' dir='ltr'><strong>soluta</strong></span> <span class='ocrx_word' id='word_1_155' title='bbox 2710 903 2959 967; x_wconf 81' lang='lat' dir='ltr'><strong>muliere,</strong></span> <span class='ocrx_word' id='word_1_156' title='bbox 3001 918 3108 958; x_wconf 91' lang='lat' dir='ltr'><strong>non</strong></span> <span class='ocrx_word' id='word_1_157' title='bbox 3164 906 3338 975; x_wconf 84' lang='lat' dir='ltr'><strong>possit</strong></span> <span class='ocrx_word' id='word_1_158' title='bbox 3389 921 3529 959; x_wconf 89' lang='lat' dir='ltr'><strong>con-</strong></span> 
     </span>
    </p>
   </div>
   <div class='ocr_carea' id='block_1_24' title="bbox 1956 987 3531 1057">
    <p class='ocr_par' dir='ltr' id='par_1_24' title="bbox 1956 987 3531 1057">
     <span class='ocr_line' id='line_1_24' title="bbox 1956 987 3531 1057; baseline 0.006 -15"><span class='ocrx_word' id='word_1_159' title='bbox 1956 987 2172 1051; x_wconf 87' lang='lat' dir='ltr'><strong>sistere,</strong></span> <span class='ocrx_word' id='word_1_160' title='bbox 2210 1005 2460 1057; x_wconf 81' lang='lat' dir='ltr'><strong>quamam</strong></span> <span class='ocrx_word' id='word_1_161' title='bbox 2493 992 2681 1047; x_wconf 78' lang='lat' dir='ltr'><strong>relicta</strong></span> <span class='ocrx_word' id='word_1_162' title='bbox 2715 1001 2801 1047; x_wconf 87' lang='lat' dir='ltr'><strong>est</strong></span> <span class='ocrx_word' id='word_1_163' title='bbox 2836 994 2981 1049; x_wconf 87' lang='lat' dir='ltr'><strong>ratio</strong></span> <span class='ocrx_word' id='word_1_164' title='bbox 3010 996 3079 1050; x_wconf 90' lang='lat' dir='ltr'><strong>de</strong></span> <span class='ocrx_word' id='word_1_165' title='bbox 3111 1011 3174 1050; x_wconf 89' lang='lat' dir='ltr'><strong>ea</strong></span> <span class='ocrx_word' id='word_1_166' title='bbox 3210 997 3363 1051; x_wconf 88' lang='lat' dir='ltr'><strong>alteri</strong></span> <span class='ocrx_word' id='word_1_167' title='bbox 3411 998 3531 1051; x_wconf 87' lang='lat' dir='ltr'><strong>viro</strong></span> 
     </span>
    </p>
   </div>
   <div class='ocr_carea' id='block_1_25' title="bbox 1956 1080 3533 1156">
    <p class='ocr_par' dir='ltr' id='par_1_25' title="bbox 1956 1080 3533 1156">
     <span class='ocr_line' id='line_1_25' title="bbox 1956 1080 3533 1156; baseline 0.006 -24"><span class='ocrx_word' id='word_1_168' title='bbox 1956 1094 2067 1132; x_wconf 89' lang='lat' dir='ltr'><strong>non</strong></span> <span class='ocrx_word' id='word_1_169' title='bbox 2099 1080 2515 1150; x_wconf 52' lang='lat' dir='ltr'><strong>eonjungenda,‘</strong></span> <span class='ocrx_word' id='word_1_170' title='bbox 2542 1085 2780 1138; x_wconf 77' lang='lat' dir='ltr'><strong>maxime</strong></span> <span class='ocrx_word' id='word_1_171' title='bbox 2805 1100 2928 1138; x_wconf 92' lang='lat' dir='ltr'><strong>cum</strong></span> <span class='ocrx_word' id='word_1_172' title='bbox 2961 1086 3293 1156; x_wconf 88' lang='lat' dir='ltr'><strong>ignoraverit</strong></span> <span class='ocrx_word' id='word_1_173' title='bbox 3336 1088 3533 1142; x_wconf 78' lang='lat' dir='ltr'><strong>matri-</strong></span> 
     </span>
    </p>
   </div>
   <div class='ocr_carea' id='block_1_26' title="bbox 1960 1173 3538 1249">
    <p class='ocr_par' dir='ltr' id='par_1_26' title="bbox 1960 1173 3538 1249">
     <span class='ocr_line' id='line_1_26' title="bbox 1960 1173 3538 1249; baseline 0.006 -25"><span class='ocrx_word' id='word_1_174' title='bbox 1960 1174 2203 1225; x_wconf 89' lang='lat' dir='ltr'><strong>monium</strong></span> <span class='ocrx_word' id='word_1_175' title='bbox 2258 1174 2355 1226; x_wconf 84' lang='lat' dir='ltr'><strong>tiri</strong></span> <span class='ocrx_word' id='word_1_176' title='bbox 2388 1173 2481 1243; x_wconf 86' lang='lat' dir='ltr'><strong>qui</strong></span> <span class='ocrx_word' id='word_1_177' title='bbox 2518 1175 2741 1230; x_wconf 89' lang='lat' dir='ltr'><strong>relictus</strong></span> <span class='ocrx_word' id='word_1_178' title='bbox 2780 1178 2895 1232; x_wconf 83' lang='lat' dir='ltr'><strong>est?</strong></span> <span class='ocrx_word' id='word_1_179' title='bbox 2940 1179 3174 1234; x_wconf 78' lang='lat' dir='ltr'><strong>Salutio.</strong></span> <span class='ocrx_word' id='word_1_180' title='bbox 3226 1179 3361 1234; x_wconf 86' lang='lat' dir='ltr'><strong>Cum</strong></span> <span class='ocrx_word' id='word_1_181' title='bbox 3409 1181 3538 1249; x_wconf 81' lang='lat' dir='ltr'><strong>qui-</strong></span> 
     </span>
    </p>
   </div>
   <div class='ocr_carea' id='block_1_27' title="bbox 1957 1261 3531 1335">
    <p class='ocr_par' dir='ltr' id='par_1_27' title="bbox 1957 1261 3531 1335">
     <span class='ocr_line' id='line_1_27' title="bbox 1957 1261 3531 1335; baseline 0.005 -20"><span class='ocrx_word' id='word_1_182' title='bbox 1957 1261 2083 1316; x_wconf 89' lang='lat' dir='ltr'><strong>dam</strong></span> <span class='ocrx_word' id='word_1_183' title='bbox 2114 1262 2384 1331; x_wconf 86' lang='lat' dir='ltr'><strong>dicereut,</strong></span> <span class='ocrx_word' id='word_1_184' title='bbox 2419 1264 2565 1335; x_wconf 89' lang='lat' dir='ltr'><strong>quod</strong></span> <span class='ocrx_word' id='word_1_185' title='bbox 2596 1266 2811 1321; x_wconf 87' lang='lat' dir='ltr'><strong>etiamsi</strong></span> <span class='ocrx_word' id='word_1_186' title='bbox 2842 1284 2949 1323; x_wconf 90' lang='lat' dir='ltr'><strong>non</strong></span> <span class='ocrx_word' id='word_1_187' title='bbox 2986 1269 3089 1323; x_wconf 77' lang='lat' dir='ltr'><strong>fuit</strong></span> <span class='ocrx_word' id='word_1_188' title='bbox 3119 1270 3453 1324; x_wconf 85' lang='lat' dir='ltr'><strong>adulterium</strong></span> <span class='ocrx_word' id='word_1_189' title='bbox 3500 1287 3531 1323; x_wconf 86' lang='lat' dir='ltr'><strong>a</strong></span> 
     </span>
    </p>
   </div>
   <div class='ocr_carea' id='block_1_28' title="bbox 1960 1352 3530 1429">
    <p class='ocr_par' dir='ltr' id='par_1_28' title="bbox 1960 1352 3530 1429">
     <span class='ocr_line' id='line_1_28' title="bbox 1960 1352 3530 1429; baseline 0.005 -23"><span class='ocrx_word' id='word_1_190' title='bbox 1960 1352 2188 1407; x_wconf 84' lang='lat' dir='ltr'><strong>muliere</strong></span> <span class='ocrx_word' id='word_1_191' title='bbox 2207 1355 2560 1410; x_wconf 77' lang='lat' dir='ltr'><strong>commissum</strong></span> <span class='ocrx_word' id='word_1_192' title='bbox 2598 1368 2823 1426; x_wconf 83' lang='lat' dir='ltr'><strong>prepter</strong></span> <span class='ocrx_word' id='word_1_193' title='bbox 2854 1360 3246 1429; x_wconf 85' lang='lat' dir='ltr'><strong>ignorantiam,</strong></span> <span class='ocrx_word' id='word_1_194' title='bbox 3285 1361 3530 1414; x_wconf 79' lang='lat' dir='ltr'><strong>admissa</strong></span> 
     </span>
    </p>
   </div>
   <div class='ocr_carea' id='block_1_29' title="bbox 1960 1446 3538 1515">
    <p class='ocr_par' dir='ltr' id='par_1_29' title="bbox 1960 1446 3538 1515">
     <span class='ocr_line' id='line_1_29' title="bbox 1960 1446 3538 1515; baseline 0.007 -19"><span class='ocrx_word' id='word_1_195' title='bbox 1960 1453 2044 1498; x_wconf 87' lang='lat' dir='ltr'><strong>cst</strong></span> <span class='ocrx_word' id='word_1_196' title='bbox 2078 1452 2260 1499; x_wconf 83' lang='lat' dir='ltr'><strong>tamen</strong></span> <span class='ocrx_word' id='word_1_197' title='bbox 2294 1446 2608 1513; x_wconf 81' lang='lat' dir='ltr'><strong>fornicatio,</strong></span> <span class='ocrx_word' id='word_1_198' title='bbox 2667 1461 2722 1504; x_wconf 86' lang='lat' dir='ltr'><strong>et</strong></span> <span class='ocrx_word' id='word_1_199' title='bbox 2775 1466 2899 1505; x_wconf 89' lang='lat' dir='ltr'><strong>cum</strong></span> <span class='ocrx_word' id='word_1_200' title='bbox 2943 1454 3013 1506; x_wconf 89' lang='lat' dir='ltr'><strong>sit</strong></span> <span class='ocrx_word' id='word_1_201' title='bbox 3047 1452 3335 1515; x_wconf 80' lang='lat' dir='ltr'><strong>fornicata,</strong></span> <span class='ocrx_word' id='word_1_202' title='bbox 3372 1453 3538 1507; x_wconf 82' lang='lat' dir='ltr'><strong>debet</strong></span> 
     </span>
    </p>
   </div>
   <div class='ocr_carea' id='block_1_30' title="bbox 1961 1539 3537 1613">
    <p class='ocr_par' dir='ltr' id='par_1_30' title="bbox 1961 1539 3537 1613">
     <span class='ocr_line' id='line_1_30' title="bbox 1961 1539 3537 1613; baseline 0.006 -22"><span class='ocrx_word' id='word_1_203' title='bbox 1961 1552 2029 1591; x_wconf 79' lang='lat' dir='ltr'><strong>ex</strong></span> <span class='ocrx_word' id='word_1_204' title='bbox 2060 1539 2369 1593; x_wconf 86' lang='lat' dir='ltr'><strong>canonibus</strong></span> <span class='ocrx_word' id='word_1_205' title='bbox 2398 1539 2465 1594; x_wconf 88' lang='lat' dir='ltr'><strong>de</strong></span> <span class='ocrx_word' id='word_1_206' title='bbox 2496 1540 2856 1597; x_wconf 78' lang='lat' dir='ltr'><strong>fornicatione</strong></span> <span class='ocrx_word' id='word_1_207' title='bbox 2883 1546 3090 1613; x_wconf 80' lang='lat' dir='ltr'><strong>puniri,</strong></span> <span class='ocrx_word' id='word_1_208' title='bbox 3149 1553 3205 1599; x_wconf 88' lang='lat' dir='ltr'><strong>et</strong></span> <span class='ocrx_word' id='word_1_209' title='bbox 3258 1545 3382 1600; x_wconf 85' lang='lat' dir='ltr'><strong>ideo</strong></span> <span class='ocrx_word' id='word_1_210' title='bbox 3434 1560 3537 1601; x_wconf 90' lang='lat' dir='ltr'><strong>nec</strong></span> 
     </span>
    </p>
   </div>
   <div class='ocr_carea' id='block_1_31' title="bbox 1964 1632 3541 1706">
    <p class='ocr_par' dir='ltr' id='par_1_31' title="bbox 1964 1632 3541 1706">
     <span class='ocr_line' id='line_1_31' title="bbox 1964 1632 3541 1706; baseline 0.005 -21"><span class='ocrx_word' id='word_1_211' title='bbox 1964 1632 2058 1687; x_wconf 86' lang='lat' dir='ltr'><strong>alii</strong></span> <span class='ocrx_word' id='word_1_212' title='bbox 2087 1633 2306 1703; x_wconf 87' lang='lat' dir='ltr'><strong>quidem</strong></span> <span class='ocrx_word' id='word_1_213' title='bbox 2338 1635 2454 1689; x_wconf 81' lang='lat' dir='ltr'><strong>viro</strong></span> <span class='ocrx_word' id='word_1_214' title='bbox 2484 1635 2768 1706; x_wconf 90' lang='lat' dir='ltr'><strong>c0njungi,</strong></span> <span class='ocrx_word' id='word_1_215' title='bbox 2807 1646 2867 1692; x_wconf 90' lang='lat' dir='ltr'><strong>ut</strong></span> <span class='ocrx_word' id='word_1_216' title='bbox 2893 1653 3016 1706; x_wconf 70' lang='lat' dir='ltr'><strong>qua:</strong></span> <span class='ocrx_word' id='word_1_217' title='bbox 3052 1638 3125 1694; x_wconf 86' lang='lat' dir='ltr'><strong>sit</strong></span> <span class='ocrx_word' id='word_1_218' title='bbox 3173 1647 3328 1693; x_wconf 74' lang='lat' dir='ltr'><strong>extra</strong></span> <span class='ocrx_word' id='word_1_219' title='bbox 3362 1639 3541 1693; x_wconf 81' lang='lat' dir='ltr'><strong>ambi-</strong></span> 
     </span>
    </p>
   </div>
   <div class='ocr_carea' id='block_1_32' title="bbox 277 1721 1875 1796">
    <p class='ocr_par' dir='ltr' id='par_1_32' title="bbox 277 1721 1861 1796">
     <span class='ocr_line' id='line_1_32' title="bbox 277 1721 1861 1796; baseline -0.004 -15"><span class='ocrx_word' id='word_1_220' title='bbox 277 1729 369 1781; x_wconf 82' lang='grc' dir='ltr'>διὰ</span> <span class='ocrx_word' id='word_1_221' title='bbox 390 1727 549 1781; x_wconf 79' lang='grc' dir='ltr'>τοῦτο</span> <span class='ocrx_word' id='word_1_222' title='bbox 575 1726 710 1796; x_wconf 71' lang='grc' dir='ltr'>μηδὲ</span> <span class='ocrx_word' id='word_1_223' title='bbox 732 1724 1035 1794; x_wconf 79' lang='grc' dir='ltr'>συζυγῆναι</span> <span class='ocrx_word' id='word_1_224' title='bbox 1064 1726 1241 1795; x_wconf 78' lang='grc' dir='ltr'>ἀνδρὶ,</span> <span class='ocrx_word' id='word_1_225' title='bbox 1287 1724 1362 1787; x_wconf 81' lang='grc' dir='ltr'>ὡς</span> <span class='ocrx_word' id='word_1_226' title='bbox 1405 1722 1511 1787; x_wconf 77' lang='grc' dir='ltr'>ἔξω</span> <span class='ocrx_word' id='word_1_227' title='bbox 1562 1721 1697 1776; x_wconf 81' lang='grc' dir='ltr'>οὖσα</span> <span class='ocrx_word' id='word_1_228' title='bbox 1753 1722 1861 1774; x_wconf 83' lang='grc' dir='ltr'><strong>τῶν</strong></span> 
     </span>
    </p>
   </div>
   <div class='ocr_carea' id='block_1_33' title="bbox 1982 1721 3538 1796">
    <p class='ocr_par' dir='ltr' id='par_1_33' title="bbox 1982 1724 3538 1793">
     <span class='ocr_line' id='line_1_33' title="bbox 1982 1724 3538 1793; baseline 0.003 -17"><span class='ocrx_word' id='word_1_229' title='bbox 1982 1739 2058 1777; x_wconf 88' lang='lat' dir='ltr'><strong>.us</strong></span> <span class='ocrx_word' id='word_1_230' title='bbox 2110 1724 2565 1781; x_wconf 85' lang='lat' dir='ltr'><strong>ecclesiasticos:</strong></span> <span class='ocrx_word' id='word_1_231' title='bbox 2602 1724 2795 1782; x_wconf 87' lang='lat' dir='ltr'><strong>Patres</strong></span> <span class='ocrx_word' id='word_1_232' title='bbox 2844 1728 2948 1787; x_wconf 86' lang='lat' dir='ltr'><strong>hoc</strong></span> <span class='ocrx_word' id='word_1_233' title='bbox 2997 1728 3160 1781; x_wconf 83' lang='lat' dir='ltr'><strong>etiam</strong></span> <span class='ocrx_word' id='word_1_234' title='bbox 3215 1728 3538 1793; x_wconf 79' lang='lat' dir='ltr'><strong>solventes,</strong></span> 
     </span>
    </p>
   </div>
   <div class='ocr_carea' id='block_1_34' title="bbox 280 1814 1865 1889">
    <p class='ocr_par' dir='ltr' id='par_1_34' title="bbox 280 1814 1865 1889">
     <span class='ocr_line' id='line_1_34' title="bbox 280 1814 1865 1889; baseline -0.003 -18"><span class='ocrx_word' id='word_1_235' title='bbox 280 1816 757 1889; x_wconf 81' lang='grc' dir='ltr'>ἐκκλησιαστικῶν</span> <span class='ocrx_word' id='word_1_236' title='bbox 788 1816 1092 1888; x_wconf 79' lang='grc' dir='ltr'>περιϐόλων</span> <span class='ocrx_word' id='word_1_237' title='bbox 1120 1832 1135 1846; x_wconf 86' lang='grc'><strong>·</strong></span> <span class='ocrx_word' id='word_1_238' title='bbox 1189 1818 1237 1870; x_wconf 76' lang='grc' dir='ltr'>οἱ</span> <span class='ocrx_word' id='word_1_239' title='bbox 1289 1814 1534 1886; x_wconf 88' lang='grc' dir='ltr'>Πατέρες</span> <span class='ocrx_word' id='word_1_240' title='bbox 1581 1816 1673 1868; x_wconf 72' lang='grc' dir='ltr'><strong>καὶ</strong></span> <span class='ocrx_word' id='word_1_241' title='bbox 1707 1814 1865 1868; x_wconf 76' lang='grc' dir='ltr'>τοῦτο</span> 
     </span>
    </p>
   </div>
   <div class='ocr_carea' id='block_1_35' title="bbox 279 1906 1864 1981">
    <p class='ocr_par' dir='ltr' id='par_1_35' title="bbox 279 1906 1864 1981">
     <span class='ocr_line' id='line_1_35' title="bbox 279 1906 1864 1981; baseline -0.002 -19"><span class='ocrx_word' id='word_1_242' title='bbox 279 1911 499 1974; x_wconf 77' lang='grc' dir='ltr'>λύοντες</span> <span class='ocrx_word' id='word_1_243' title='bbox 534 1910 742 1981; x_wconf 79' lang='grc' dir='ltr'>ἔφησαν</span> <span class='ocrx_word' id='word_1_244' title='bbox 770 1911 854 1963; x_wconf 83' lang='grc' dir='ltr'>ὅτι</span> <span class='ocrx_word' id='word_1_245' title='bbox 885 1909 1114 1979; x_wconf 84' lang='grc' dir='ltr'>πορνεία</span> <span class='ocrx_word' id='word_1_246' title='bbox 1140 1910 1239 1980; x_wconf 84' lang='grc' dir='ltr'><strong>μὲν</strong></span> <span class='ocrx_word' id='word_1_247' title='bbox 1268 1909 1494 1978; x_wconf 85' lang='grc' dir='ltr'>γέγονεν</span> <span class='ocrx_word' id='word_1_248' title='bbox 1530 1924 1545 1940; x_wconf 84' lang='grc'><strong>’</strong></span> <span class='ocrx_word' id='word_1_249' title='bbox 1614 1908 1738 1962; x_wconf 73' lang='grc' dir='ltr'>ἐπεὶ</span> <span class='ocrx_word' id='word_1_250' title='bbox 1806 1906 1864 1960; x_wconf 82' lang='grc' dir='ltr'>δὲ</span> 
     </span>
    </p>
   </div>
   <div class='ocr_carea' id='block_1_36' title="bbox 280 2000 1867 2073">
    <p class='ocr_par' dir='ltr' id='par_1_36' title="bbox 280 2000 1867 2073">
     <span class='ocr_line' id='line_1_36' title="bbox 280 2000 1867 2073; baseline 0.009 -21"><span class='ocrx_word' id='word_1_251' title='bbox 280 2005 317 2071; x_wconf 81' lang='grc' dir='ltr'><strong>ἡ</strong></span> <span class='ocrx_word' id='word_1_252' title='bbox 346 2003 486 2073; x_wconf 78' lang='grc' dir='ltr'>γυνὴ</span> <span class='ocrx_word' id='word_1_253' title='bbox 510 2002 573 2055; x_wconf 72' lang='grc' dir='ltr'>οὔ</span> <span class='ocrx_word' id='word_1_254' title='bbox 614 2002 857 2073; x_wconf 83' lang='grc' dir='ltr'>πορνικῷ</span> <span class='ocrx_word' id='word_1_255' title='bbox 895 2004 1106 2073; x_wconf 83' lang='grc' dir='ltr'>τρόπῳ,</span> <span class='ocrx_word' id='word_1_256' title='bbox 1130 2000 1268 2054; x_wconf 84' lang='grc' dir='ltr'>ἀλλὰ</span> <span class='ocrx_word' id='word_1_257' title='bbox 1288 2001 1537 2072; x_wconf 80' lang='grc' dir='ltr'>νομίμως</span> <span class='ocrx_word' id='word_1_258' title='bbox 1592 2000 1867 2069; x_wconf 72' lang='grc' dir='ltr'>συνεζύγη</span> 
     </span>
    </p>
   </div>
   <div class='ocr_carea' id='block_1_37' title="bbox 282 2091 1867 2163">
    <p class='ocr_par' dir='ltr' id='par_1_37' title="bbox 282 2091 1867 2163">
     <span class='ocr_line' id='line_1_37' title="bbox 282 2091 1867 2163; baseline -0.001 -18"><span class='ocrx_word' id='word_1_259' title='bbox 282 2092 363 2163; x_wconf 84' lang='grc' dir='ltr'><strong>τῷ</strong></span> <span class='ocrx_word' id='word_1_260' title='bbox 418 2091 856 2160; x_wconf 66' lang='grc' dir='ltr'>καταλειφθέντι,</span> <span class='ocrx_word' id='word_1_261' title='bbox 920 2092 1300 2163; x_wconf 85' lang='grc' dir='ltr'>πορνευόντων</span> <span class='ocrx_word' id='word_1_262' title='bbox 1372 2092 1673 2161; x_wconf 81' lang='grc' dir='ltr'>ἐπιτιμίοις</span> <span class='ocrx_word' id='word_1_263' title='bbox 1767 2095 1867 2145; x_wconf 67' lang='grc' dir='ltr'><strong>οὐκ</strong></span> 
     </span>
    </p>
   </div>
   <div class='ocr_carea' id='block_1_38' title="bbox 284 2180 1869 2252">
    <p class='ocr_par' dir='ltr' id='par_1_38' title="bbox 284 2180 1869 2252">
     <span class='ocr_line' id='line_1_38' title="bbox 284 2180 1869 2252; baseline -0.001 -16"><span class='ocrx_word' id='word_1_264' title='bbox 284 2180 832 2247; x_wconf 74' lang='grc' dir='ltr'>ὕποπεσείται,ἀλλὰ</span> <span class='ocrx_word' id='word_1_265' title='bbox 897 2181 998 2251; x_wconf 83' lang='grc' dir='ltr'>τῆς</span> <span class='ocrx_word' id='word_1_266' title='bbox 1066 2182 1527 2252; x_wconf 75' lang='grc' dir='ltr'>ἐκκλησιαστικῆς</span> <span class='ocrx_word' id='word_1_267' title='bbox 1580 2182 1869 2245; x_wconf 82' lang='grc' dir='ltr'>κοινωνίας</span> 
     </span>
    </p>
   </div>
   <div class='ocr_carea' id='block_1_39' title="bbox 284 2274 1869 2347">
    <p class='ocr_par' dir='ltr' id='par_1_39' title="bbox 284 2274 1869 2347">
     <span class='ocr_line' id='line_1_39' title="bbox 284 2274 1869 2347; baseline -0.001 -18"><span class='ocrx_word' id='word_1_268' title='bbox 284 2276 674 2347; x_wconf 81' lang='grc' dir='ltr'>ἀξιωθήσεται.</span> <span class='ocrx_word' id='word_1_269' title='bbox 732 2275 852 2329; x_wconf 87' lang='grc' dir='ltr'>Ἰνα</span> <span class='ocrx_word' id='word_1_270' title='bbox 907 2274 963 2328; x_wconf 83' lang='grc' dir='ltr'>δὲ</span> <span class='ocrx_word' id='word_1_271' title='bbox 1014 2276 1088 2345; x_wconf 83' lang='grc' dir='ltr'>μὴ</span> <span class='ocrx_word' id='word_1_272' title='bbox 1146 2274 1341 2338; x_wconf 77' lang='grc' dir='ltr'>δόξωσι</span> <span class='ocrx_word' id='word_1_273' title='bbox 1383 2276 1717 2345; x_wconf 85' lang='grc' dir='ltr'>προτρέπειν</span> <span class='ocrx_word' id='word_1_274' title='bbox 1771 2275 1869 2339; x_wconf 79' lang='grc' dir='ltr'>τὰς</span> 
     </span>
    </p>
   </div>
   <div class='ocr_carea' id='block_1_40' title="bbox 284 2360 1871 2437">
    <p class='ocr_par' dir='ltr' id='par_1_40' title="bbox 284 2360 1871 2437">
     <span class='ocr_line' id='line_1_40' title="bbox 284 2360 1871 2437; baseline -0.001 -18"><span class='ocrx_word' id='word_1_275' title='bbox 284 2369 557 2434; x_wconf 84' lang='grc' dir='ltr'>γυναῖκας</span> <span class='ocrx_word' id='word_1_276' title='bbox 580 2366 738 2437; x_wconf 84' lang='grc' dir='ltr'>πρὸς·</span> <span class='ocrx_word' id='word_1_277' title='bbox 757 2365 819 2418; x_wconf 84' lang='grc' dir='ltr'>τὸ</span> <span class='ocrx_word' id='word_1_278' title='bbox 870 2364 1357 2434; x_wconf 77' lang='grc' dir='ltr'>ἀνευλαὸἐστερον,</span> <span class='ocrx_word' id='word_1_279' title='bbox 1419 2360 1574 2418; x_wconf 74' lang='grc' dir='ltr'>εἷπον</span> <span class='ocrx_word' id='word_1_280' title='bbox 1652 2364 1871 2417; x_wconf 84' lang='grc' dir='ltr'>κάλλιον</span> 
     </span>
    </p>
   </div>
   <div class='ocr_carea' id='block_1_41' title="bbox 286 2455 1872 2529">
    <p class='ocr_par' dir='ltr' id='par_1_41' title="bbox 286 2455 1872 2529">
     <span class='ocr_line' id='line_1_41' title="bbox 286 2455 1872 2529; baseline -0.004 -16"><span class='ocrx_word' id='word_1_281' title='bbox 286 2455 435 2513; x_wconf 78' lang='grc' dir='ltr'>εἶναι</span> <span class='ocrx_word' id='word_1_282' title='bbox 480 2457 775 2529; x_wconf 69' lang='grc' dir='ltr'>ἡσυχάζειν</span> <span class='ocrx_word' id='word_1_283' title='bbox 799 2459 990 2521; x_wconf 81' lang='grc' dir='ltr'>αὑτάς.</span> <span class='ocrx_word' id='word_1_284' title='bbox 1019 2458 1141 2512; x_wconf 76' lang='grc' dir='ltr'>Κᾶν</span> <span class='ocrx_word' id='word_1_285' title='bbox 1188 2458 1299 2528; x_wconf 82' lang='grc' dir='ltr'>γὰρ</span> <span class='ocrx_word' id='word_1_286' title='bbox 1371 2458 1428 2510; x_wconf 84' lang='grc' dir='ltr'><strong>ἐν</strong></span> <span class='ocrx_word' id='word_1_287' title='bbox 1464 2457 1657 2528; x_wconf 76' lang='grc' dir='ltr'>ἀγνοίᾳ</span> <span class='ocrx_word' id='word_1_288' title='bbox 1686 2457 1872 2525; x_wconf 76' lang='grc' dir='ltr'>ἥμαρ-</span> 
     </span>
    </p>
   </div>
   <div class='ocr_carea' id='block_1_42' title="bbox 288 2546 1875 2619">
    <p class='ocr_par' dir='ltr' id='par_1_42' title="bbox 288 2546 1875 2619">
     <span class='ocr_line' id='line_1_42' title="bbox 288 2546 1875 2619; baseline -0.004 -14"><span class='ocrx_word' id='word_1_289' title='bbox 288 2568 384 2605; x_wconf 85' lang='grc' dir='ltr'><strong>τον</strong></span> <span class='ocrx_word' id='word_1_290' title='bbox 402 2570 415 2583; x_wconf 89' lang='grc'><strong>·</strong></span> <span class='ocrx_word' id='word_1_291' title='bbox 452 2550 570 2603; x_wconf 81' lang='grc' dir='ltr'>ἀλλ’</span> <span class='ocrx_word' id='word_1_292' title='bbox 589 2551 713 2603; x_wconf 84' lang='grc' dir='ltr'>ὅσον</span> <span class='ocrx_word' id='word_1_293' title='bbox 735 2549 795 2602; x_wconf 76' lang='grc' dir='ltr'>τὸ</span> <span class='ocrx_word' id='word_1_294' title='bbox 820 2551 900 2612; x_wconf 77' lang='grc' dir='ltr'>εἰς</span> <span class='ocrx_word' id='word_1_295' title='bbox 929 2549 1104 2612; x_wconf 79' lang='grc' dir='ltr'>αὐτὰς</span> <span class='ocrx_word' id='word_1_296' title='bbox 1140 2566 1215 2619; x_wconf 87' lang='grc' dir='ltr'><strong>πρ</strong></span> <span class='ocrx_word' id='word_1_297' title='bbox 1227 2550 1364 2612; x_wconf 86' lang='grc' dir='ltr'>ὦτος</span> <span class='ocrx_word' id='word_1_298' title='bbox 1386 2548 1564 2618; x_wconf 81' lang='grc' dir='ltr'>γάμος</span> <span class='ocrx_word' id='word_1_299' title='bbox 1598 2546 1875 2614; x_wconf 77' lang='grc' dir='ltr'>λογίζεται</span> 
     </span>
    </p>
   </div>
   <div class='ocr_carea' id='block_1_43' title="bbox 289 2638 1877 2710">
    <p class='ocr_par' dir='ltr' id='par_1_43' title="bbox 289 2638 1877 2710">
     <span class='ocr_line' id='line_1_43' title="bbox 289 2638 1877 2710; baseline -0.006 -14"><span class='ocrx_word' id='word_1_300' title='bbox 289 2644 469 2697; x_wconf 73' lang='grc' dir='ltr'>ἐκεῖνο</span> <span class='ocrx_word' id='word_1_301' title='bbox 498 2643 561 2696; x_wconf 79' lang='grc' dir='ltr'>τὸ</span> <span class='ocrx_word' id='word_1_302' title='bbox 588 2641 984 2710; x_wconf 71' lang='grc' dir='ltr'>ἀνυπόστατον,</span> <span class='ocrx_word' id='word_1_303' title='bbox 1012 2641 1105 2693; x_wconf 78' lang='grc' dir='ltr'><strong>καὶ</strong></span> <span class='ocrx_word' id='word_1_304' title='bbox 1145 2641 1246 2694; x_wconf 74' lang='grc' dir='ltr'><strong>οὐκ</strong></span> <span class='ocrx_word' id='word_1_305' title='bbox 1297 2638 1576 2708; x_wconf 65' lang='grc' dir='ltr'>ὀφείλουσι</span> <span class='ocrx_word' id='word_1_306' title='bbox 1619 2638 1877 2706; x_wconf 70' lang='grc' dir='ltr'>δευτεροσ-</span> 
     </span>
    </p>
   </div>
   <div class='ocr_carea' id='block_1_44' title="bbox 292 2727 1878 2808">
    <p class='ocr_par' dir='ltr' id='par_1_44' title="bbox 292 2727 1878 2808">
     <span class='ocr_line' id='line_1_44' title="bbox 292 2727 1878 2808; baseline -0.006 -18"><span class='ocrx_word' id='word_1_307' title='bbox 292 2737 568 2808; x_wconf 83' lang='grc' dir='ltr'>γαμῆσαι,</span> <span class='ocrx_word' id='word_1_308' title='bbox 598 2736 647 2789; x_wconf 86' lang='grc' dir='ltr'><strong>εί</strong></span> <span class='ocrx_word' id='word_1_309' title='bbox 678 2735 754 2807; x_wconf 80' lang='grc' dir='ltr'>μὴ</span> <span class='ocrx_word' id='word_1_310' title='bbox 786 2735 1071 2806; x_wconf 81' lang='grc' dir='ltr'>βούλονται</span> <span class='ocrx_word' id='word_1_311' title='bbox 1102 2735 1217 2795; x_wconf 80' lang='grc' dir='ltr'>τοῖς</span> <span class='ocrx_word' id='word_1_312' title='bbox 1271 2732 1383 2785; x_wconf 84' lang='grc' dir='ltr'><strong>τῶν</strong></span> <span class='ocrx_word' id='word_1_313' title='bbox 1411 2727 1878 2801; x_wconf 82' lang='grc' dir='ltr'>δευτερογαμούν-</span> 
     </span>
    </p>
   </div>
   <div class='ocr_carea' id='block_1_45' title="bbox 294 2821 1876 2900">
    <p class='ocr_par' dir='ltr' id='par_1_45' title="bbox 294 2821 1876 2900">
     <span class='ocr_line' id='line_1_45' title="bbox 294 2821 1876 2900; baseline -0.005 -17"><span class='ocrx_word' id='word_1_314' title='bbox 294 2848 406 2883; x_wconf 88' lang='grc' dir='ltr'><strong>των</strong></span> <span class='ocrx_word' id='word_1_315' title='bbox 435 2829 729 2900; x_wconf 76' lang='grc' dir='ltr'>ἐπιτιμίοις</span> <span class='ocrx_word' id='word_1_316' title='bbox 752 2830 1073 2883; x_wconf 79' lang='grc' dir='ltr'>ὑποπεσεῖν.</span> <span class='ocrx_word' id='word_1_317' title='bbox 1097 2828 1220 2880; x_wconf 86' lang='grc' dir='ltr'><strong>Ἔτι</strong></span> <span class='ocrx_word' id='word_1_318' title='bbox 1248 2826 1521 2897; x_wconf 86' lang='grc' dir='ltr'>ἐρωτήσει</span> <span class='ocrx_word' id='word_1_319' title='bbox 1569 2840 1675 2887; x_wconf 90' lang='grc' dir='ltr'>τις,</span> <span class='ocrx_word' id='word_1_320' title='bbox 1728 2821 1876 2892; x_wconf 74' lang='grc' dir='ltr'>Ἀρα</span> 
     </span>
    </p>
   </div>
   <div class='ocr_carea' id='block_1_46' title="bbox 295 2915 1867 2993">
    <p class='ocr_par' dir='ltr' id='par_1_46' title="bbox 295 2915 1867 2993">
     <span class='ocr_line' id='line_1_46' title="bbox 295 2915 1867 2993; baseline -0.006 -18"><span class='ocrx_word' id='word_1_321' title='bbox 295 2924 396 2976; x_wconf 71' lang='grc' dir='ltr'>καὶ</span> <span class='ocrx_word' id='word_1_322' title='bbox 419 2924 447 2974; x_wconf 85' lang='grc' dir='ltr'>ὁ</span> <span class='ocrx_word' id='word_1_323' title='bbox 476 2922 576 2993; x_wconf 83' lang='grc' dir='ltr'>τὴν</span> <span class='ocrx_word' id='word_1_324' title='bbox 596 2922 699 2974; x_wconf 74' lang='grc' dir='ltr'>,τοῦ</span> <span class='ocrx_word' id='word_1_325' title='bbox 757 2919 1099 2991; x_wconf 85' lang='grc' dir='ltr'>στρατιώτου</span> <span class='ocrx_word' id='word_1_326' title='bbox 1133 2919 1371 2986; x_wconf 83' lang='grc' dir='ltr'>γυναῖκα</span> <span class='ocrx_word' id='word_1_327' title='bbox 1402 2918 1460 2969; x_wconf 90' lang='grc' dir='ltr'><strong>ἐν</strong></span> <span class='ocrx_word' id='word_1_328' title='bbox 1491 2916 1690 2982; x_wconf 75' lang='grc' dir='ltr'>ἀγνοίᾳ</span> <span class='ocrx_word' id='word_1_329' title='bbox 1729 2915 1867 2981; x_wconf 82' lang='grc' dir='ltr'>ἀγα-</span> 
     </span>
    </p>
   </div>
   <div class='ocr_carea' id='block_1_47' title="bbox 296 3004 1879 3084">
    <p class='ocr_par' dir='ltr' id='par_1_47' title="bbox 296 3004 1879 3084">
     <span class='ocr_line' id='line_1_47' title="bbox 296 3004 1879 3084; baseline -0.008 -17"><span class='ocrx_word' id='word_1_330' title='bbox 296 3014 529 3084; x_wconf 84' lang='grc' dir='ltr'>γόμενος</span> <span class='ocrx_word' id='word_1_331' title='bbox 554 3013 1040 3084; x_wconf 83' lang='grc' dir='ltr'>συγγνωσθήσεται</span> <span class='ocrx_word' id='word_1_332' title='bbox 1073 3009 1324 3078; x_wconf 71' lang='grc' dir='ltr'>ςΛύσις.</span> <span class='ocrx_word' id='word_1_333' title='bbox 1351 3008 1464 3063; x_wconf 68' lang='grc' dir='ltr'><strong>Καὶ</strong></span> <span class='ocrx_word' id='word_1_334' title='bbox 1526 3005 1781 3078; x_wconf 86' lang='grc' dir='ltr'>μάλιστα.</span> <span class='ocrx_word' id='word_1_335' title='bbox 1816 3004 1879 3058; x_wconf 76' lang='lat' dir='ltr'><strong>El</strong></span> 
     </span>
    </p>
   </div>
   <div class='ocr_carea' id='block_1_48' title="bbox 1968 1816 3539 1888">
    <p class='ocr_par' dir='ltr' id='par_1_48' title="bbox 1968 1816 3539 1888">
     <span class='ocr_line' id='line_1_48' title="bbox 1968 1816 3539 1888; baseline 0.003 -19"><span class='ocrx_word' id='word_1_336' title='bbox 1968 1816 2248 1883; x_wconf 79' lang='lat' dir='ltr'><strong>dixerunt,</strong></span> <span class='ocrx_word' id='word_1_337' title='bbox 2283 1817 2431 1887; x_wconf 89' lang='lat' dir='ltr'><strong>quod</strong></span> <span class='ocrx_word' id='word_1_338' title='bbox 2469 1817 2761 1873; x_wconf 80' lang='lat' dir='ltr'><strong>l‘ornicatio</strong></span> <span class='ocrx_word' id='word_1_339' title='bbox 2802 1819 3023 1888; x_wconf 82' lang='lat' dir='ltr'><strong>quidem</strong></span> <span class='ocrx_word' id='word_1_340' title='bbox 3076 1820 3371 1873; x_wconf 88' lang='lat' dir='ltr'><strong>commissa</strong></span> <span class='ocrx_word' id='word_1_341' title='bbox 3408 1828 3539 1886; x_wconf 87' lang='lat' dir='ltr'><strong>est;</strong></span> 
     </span>
    </p>
   </div>
   <div class='ocr_carea' id='block_1_49' title="bbox 1968 1908 3539 1978">
    <p class='ocr_par' dir='ltr' id='par_1_49' title="bbox 1968 1908 3539 1978">
     <span class='ocr_line' id='line_1_49' title="bbox 1968 1908 3539 1978; baseline 0.001 -15"><span class='ocrx_word' id='word_1_342' title='bbox 1968 1908 2064 1963; x_wconf 87' lang='lat' dir='ltr'><strong>sed</strong></span> <span class='ocrx_word' id='word_1_343' title='bbox 2103 1911 2360 1978; x_wconf 90' lang='lat' dir='ltr'><strong>quoniam</strong></span> <span class='ocrx_word' id='word_1_344' title='bbox 2387 1911 2609 1975; x_wconf 90' lang='lat' dir='ltr'><strong>mulier,</strong></span> <span class='ocrx_word' id='word_1_345' title='bbox 2664 1927 2771 1966; x_wconf 93' lang='lat' dir='ltr'><strong>non</strong></span> <span class='ocrx_word' id='word_1_346' title='bbox 2814 1926 2967 1967; x_wconf 87' lang='lat' dir='ltr'><strong>more</strong></span> <span class='ocrx_word' id='word_1_347' title='bbox 3009 1911 3388 1975; x_wconf 79' lang='lat' dir='ltr'><strong>fornicatorio,</strong></span> <span class='ocrx_word' id='word_1_348' title='bbox 3445 1911 3539 1965; x_wconf 89' lang='lat' dir='ltr'><strong>sed</strong></span> 
     </span>
    </p>
   </div>
   <div class='ocr_carea' id='block_1_50' title="bbox 1970 1991 3545 2072">
    <p class='ocr_par' dir='ltr' id='par_1_50' title="bbox 1970 1991 3545 2072">
     <span class='ocr_line' id='line_1_50' title="bbox 1970 1991 3545 2072; baseline 0.001 -18"><span class='ocrx_word' id='word_1_349' title='bbox 1970 2000 2212 2070; x_wconf 77' lang='lat' dir='ltr'><strong>legitime</strong></span> <span class='ocrx_word' id='word_1_350' title='bbox 2282 2001 2353 2066; x_wconf 88' lang='lat' dir='ltr'><strong>ei,</strong></span> <span class='ocrx_word' id='word_1_351' title='bbox 2417 2002 2510 2071; x_wconf 87' lang='lat' dir='ltr'><strong>qui</strong></span> <span class='ocrx_word' id='word_1_352' title='bbox 2576 2002 2806 2058; x_wconf 86' lang='lat' dir='ltr'><strong>relictus</strong></span> <span class='ocrx_word' id='word_1_353' title='bbox 2869 2012 3008 2065; x_wconf 88' lang='lat' dir='ltr'><strong>erat,</strong></span> <span class='ocrx_word' id='word_1_354' title='bbox 3065 2002 3358 2072; x_wconf 84' lang='lat' dir='ltr'><strong>conjuncta</strong></span> <span class='ocrx_word' id='word_1_355' title='bbox 3416 1991 3545 2066; x_wconf 82' lang='lat' dir='ltr'><strong>fuit,</strong></span> 
     </span>
    </p>
   </div>
   <div class='ocr_carea' id='block_1_51' title="bbox 1972 2095 3543 2165">
    <p class='ocr_par' dir='ltr' id='par_1_51' title="bbox 1972 2095 3543 2165">
     <span class='ocr_line' id='line_1_51' title="bbox 1972 2095 3543 2165; baseline 0.001 -17"><span class='ocrx_word' id='word_1_356' title='bbox 1972 2104 2337 2149; x_wconf 88' lang='lat' dir='ltr'><strong>scortatornm</strong></span> <span class='ocrx_word' id='word_1_357' title='bbox 2378 2109 2540 2164; x_wconf 76' lang='lat' dir='ltr'><strong>pmna</strong></span> <span class='ocrx_word' id='word_1_358' title='bbox 2572 2110 2680 2149; x_wconf 91' lang='lat' dir='ltr'><strong>non</strong></span> <span class='ocrx_word' id='word_1_359' title='bbox 2720 2096 3012 2164; x_wconf 88' lang='lat' dir='ltr'><strong>punietur;</strong></span> <span class='ocrx_word' id='word_1_360' title='bbox 3042 2096 3135 2150; x_wconf 90' lang='lat' dir='ltr'><strong>sed</strong></span> <span class='ocrx_word' id='word_1_361' title='bbox 3176 2095 3339 2165; x_wconf 81' lang='lat' dir='ltr'><strong>digna</strong></span> <span class='ocrx_word' id='word_1_362' title='bbox 3366 2097 3543 2151; x_wconf 57' lang='lat' dir='ltr'><strong>eccle-</strong></span> 
     </span>
    </p>
   </div>
   <div class='ocr_carea' id='block_1_52' title="bbox 1972 2186 3546 2259">
    <p class='ocr_par' dir='ltr' id='par_1_52' title="bbox 1972 2186 3546 2259">
     <span class='ocr_line' id='line_1_52' title="bbox 1972 2186 3546 2259; baseline 0.001 -17"><span class='ocrx_word' id='word_1_363' title='bbox 1972 2186 2194 2244; x_wconf 85' lang='lat' dir='ltr'><strong>siastica</strong></span> <span class='ocrx_word' id='word_1_364' title='bbox 2231 2188 2623 2241; x_wconf 83' lang='lat' dir='ltr'><strong>communione</strong></span> <span class='ocrx_word' id='word_1_365' title='bbox 2661 2188 2999 2253; x_wconf 80' lang='lat' dir='ltr'><strong>censebitur,</strong></span> <span class='ocrx_word' id='word_1_366' title='bbox 3032 2203 3132 2242; x_wconf 90' lang='lat' dir='ltr'><strong>nec</strong></span> <span class='ocrx_word' id='word_1_367' title='bbox 3170 2189 3260 2245; x_wconf 78' lang='lat' dir='ltr'><strong>alii</strong></span> <span class='ocrx_word' id='word_1_368' title='bbox 3286 2189 3546 2259; x_wconf 76' lang='lat' dir='ltr'><strong>conjungi</strong></span> 
     </span>
    </p>
   </div>
   <div class='ocr_carea' id='block_1_53' title="bbox 1972 2276 3551 2348">
    <p class='ocr_par' dir='ltr' id='par_1_53' title="bbox 1972 2276 3551 2348">
     <span class='ocr_line' id='line_1_53' title="bbox 1972 2276 3551 2348; baseline 0.003 -19"><span class='ocrx_word' id='word_1_369' title='bbox 1972 2276 2380 2348; x_wconf 86' lang='lat' dir='ltr'><strong>prohibebitur.</strong></span> <span class='ocrx_word' id='word_1_370' title='bbox 2411 2276 2489 2331; x_wconf 83' lang='lat' dir='ltr'><strong>Ne</strong></span> <span class='ocrx_word' id='word_1_371' title='bbox 2521 2287 2704 2332; x_wconf 85' lang='lat' dir='ltr'><strong>autem</strong></span> <span class='ocrx_word' id='word_1_372' title='bbox 2747 2278 3068 2333; x_wconf 82' lang='lat' dir='ltr'><strong>viderentur</strong></span> <span class='ocrx_word' id='word_1_373' title='bbox 3099 2276 3293 2334; x_wconf 79' lang='lat' dir='ltr'><strong>Patres</strong></span> <span class='ocrx_word' id='word_1_374' title='bbox 3344 2279 3551 2333; x_wconf 81' lang='lat' dir='ltr'><strong>adhor-</strong></span> 
     </span>
    </p>
   </div>
   <div class='ocr_carea' id='block_1_54' title="bbox 1977 2368 3552 2442">
    <p class='ocr_par' dir='ltr' id='par_1_54' title="bbox 1977 2368 3552 2442">
     <span class='ocr_line' id='line_1_54' title="bbox 1977 2368 3552 2442; baseline 0.002 -19"><span class='ocrx_word' id='word_1_375' title='bbox 1977 2368 2085 2423; x_wconf 86' lang='lat' dir='ltr'><strong>tari</strong></span> <span class='ocrx_word' id='word_1_376' title='bbox 2118 2370 2382 2426; x_wconf 87' lang='lat' dir='ltr'><strong>mulieres</strong></span> <span class='ocrx_word' id='word_1_377' title='bbox 2418 2370 2484 2425; x_wconf 89' lang='lat' dir='ltr'><strong>ad</strong></span> <span class='ocrx_word' id='word_1_378' title='bbox 2521 2370 2575 2425; x_wconf 87' lang='lat' dir='ltr'><strong>id</strong></span> <span class='ocrx_word' id='word_1_379' title='bbox 2615 2371 2763 2441; x_wconf 90' lang='lat' dir='ltr'><strong>quod</strong></span> <span class='ocrx_word' id='word_1_380' title='bbox 2810 2377 2897 2426; x_wconf 89' lang='lat' dir='ltr'><strong>est</strong></span> <span class='ocrx_word' id='word_1_381' title='bbox 2946 2372 3129 2426; x_wconf 88' lang='lat' dir='ltr'><strong>minus</strong></span> <span class='ocrx_word' id='word_1_382' title='bbox 3178 2372 3356 2442; x_wconf 88' lang='lat' dir='ltr'><strong>pium,</strong></span> <span class='ocrx_word' id='word_1_383' title='bbox 3390 2372 3552 2427; x_wconf 73' lang='lat' dir='ltr'><strong>dixe-</strong></span> 
     </span>
    </p>
   </div>
   <div class='ocr_carea' id='block_1_55' title="bbox 1976 2458 3553 2531">
    <p class='ocr_par' dir='ltr' id='par_1_55' title="bbox 1976 2458 3553 2531">
     <span class='ocr_line' id='line_1_55' title="bbox 1976 2458 3553 2531; baseline 0.003 -19"><span class='ocrx_word' id='word_1_384' title='bbox 1976 2466 2110 2512; x_wconf 90' lang='lat' dir='ltr'><strong>runt</strong></span> <span class='ocrx_word' id='word_1_385' title='bbox 2172 2473 2300 2513; x_wconf 87' lang='lat' dir='ltr'><strong>esse</strong></span> <span class='ocrx_word' id='word_1_386' title='bbox 2364 2458 2564 2514; x_wconf 87' lang='lat' dir='ltr'><strong>melius</strong></span> <span class='ocrx_word' id='word_1_387' title='bbox 2617 2467 2679 2514; x_wconf 91' lang='lat' dir='ltr'><strong>ut</strong></span> <span class='ocrx_word' id='word_1_388' title='bbox 2736 2459 3042 2530; x_wconf 84' lang='lat' dir='ltr'><strong>quiescant.</strong></span> <span class='ocrx_word' id='word_1_389' title='bbox 3092 2459 3206 2515; x_wconf 84' lang='lat' dir='ltr'><strong>Etsi</strong></span> <span class='ocrx_word' id='word_1_390' title='bbox 3254 2461 3399 2515; x_wconf 68' lang='lat' dir='ltr'><strong>etaim</strong></span> <span class='ocrx_word' id='word_1_391' title='bbox 3455 2476 3553 2531; x_wconf 85' lang='lat' dir='ltr'><strong>per</strong></span> 
     </span>
    </p>
   </div>
   <div class='ocr_carea' id='block_1_56' title="bbox 1978 2550 3551 2622">
    <p class='ocr_par' dir='ltr' id='par_1_56' title="bbox 1978 2550 3551 2622">
     <span class='ocr_line' id='line_1_56' title="bbox 1978 2550 3551 2622; baseline 0.003 -20"><span class='ocrx_word' id='word_1_392' title='bbox 1978 2550 2346 2619; x_wconf 75' lang='lat' dir='ltr'><strong>ignorantiam</strong></span> <span class='ocrx_word' id='word_1_393' title='bbox 2396 2559 2694 2621; x_wconf 83' lang='lat' dir='ltr'><strong>pecearunt</strong></span> <span class='ocrx_word' id='word_1_394' title='bbox 2724 2568 2739 2607; x_wconf 90' lang='lat'><strong>:</strong></span> <span class='ocrx_word' id='word_1_395' title='bbox 2776 2550 2873 2607; x_wconf 88' lang='lat' dir='ltr'><strong>sed</strong></span> <span class='ocrx_word' id='word_1_396' title='bbox 2898 2553 3046 2621; x_wconf 88' lang='lat' dir='ltr'><strong>quod</strong></span> <span class='ocrx_word' id='word_1_397' title='bbox 3081 2551 3150 2607; x_wconf 89' lang='lat' dir='ltr'><strong>ad</strong></span> <span class='ocrx_word' id='word_1_398' title='bbox 3192 2566 3286 2608; x_wconf 89' lang='lat' dir='ltr'><strong>eas</strong></span> <span class='ocrx_word' id='word_1_399' title='bbox 3334 2554 3551 2622; x_wconf 82' lang='lat' dir='ltr'><strong>quidem</strong></span> 
     </span>
    </p>
   </div>
   <div class='ocr_carea' id='block_1_57' title="bbox 1978 2642 3555 2713">
    <p class='ocr_par' dir='ltr' id='par_1_57' title="bbox 1978 2642 3555 2713">
     <span class='ocr_line' id='line_1_57' title="bbox 1978 2642 3555 2713; baseline 0.003 -17"><span class='ocrx_word' id='word_1_400' title='bbox 1978 2642 2224 2709; x_wconf 89' lang='lat' dir='ltr'><strong>attinet,</strong></span> <span class='ocrx_word' id='word_1_401' title='bbox 2282 2642 2522 2713; x_wconf 90' lang='lat' dir='ltr'><strong>primum</strong></span> <span class='ocrx_word' id='word_1_402' title='bbox 2593 2643 3007 2698; x_wconf 82' lang='lat' dir='ltr'><strong>matrimonium</strong></span> <span class='ocrx_word' id='word_1_403' title='bbox 3071 2656 3359 2713; x_wconf 80' lang='lat' dir='ltr'><strong>reputatur</strong></span> <span class='ocrx_word' id='word_1_404' title='bbox 3421 2646 3555 2701; x_wconf 80' lang='lat' dir='ltr'><strong>illud</strong></span> 
     </span>
    </p>
   </div>
   <div class='ocr_carea' id='block_1_58' title="bbox 1984 2734 3558 2805">
    <p class='ocr_par' dir='ltr' id='par_1_58' title="bbox 1984 2734 3558 2805">
     <span class='ocr_line' id='line_1_58' title="bbox 1984 2734 3558 2805; baseline 0.003 -17"><span class='ocrx_word' id='word_1_405' title='bbox 1984 2734 2133 2805; x_wconf 90' lang='lat' dir='ltr'><strong>quod</strong></span> <span class='ocrx_word' id='word_1_406' title='bbox 2174 2749 2283 2790; x_wconf 83' lang='lat' dir='ltr'><strong>non</strong></span> <span class='ocrx_word' id='word_1_407' title='bbox 2319 2745 2499 2805; x_wconf 87' lang='lat' dir='ltr'><strong>potest</strong></span> <span class='ocrx_word' id='word_1_408' title='bbox 2546 2736 2878 2802; x_wconf 78' lang='lat' dir='ltr'><strong>consistere,</strong></span> <span class='ocrx_word' id='word_1_409' title='bbox 2934 2750 3037 2791; x_wconf 87' lang='lat' dir='ltr'><strong>nec</strong></span> <span class='ocrx_word' id='word_1_410' title='bbox 3082 2738 3281 2791; x_wconf 82' lang='lat' dir='ltr'><strong>debent</strong></span> <span class='ocrx_word' id='word_1_411' title='bbox 3308 2739 3558 2793; x_wconf 83' lang='lat' dir='ltr'><strong>secundo</strong></span> 
     </span>
    </p>
   </div>
   <div class='ocr_carea' id='block_1_59' title="bbox 1981 2812 3559 2898">
    <p class='ocr_par' dir='ltr' id='par_1_59' title="bbox 1981 2812 3559 2898">
     <span class='ocr_line' id='line_1_59' title="bbox 1981 2812 3559 2898; baseline 0.002 -17"><span class='ocrx_word' id='word_1_412' title='bbox 1981 2829 2210 2894; x_wconf 90' lang='lat' dir='ltr'><strong>nubere,</strong></span> <span class='ocrx_word' id='word_1_413' title='bbox 2262 2828 2371 2885; x_wconf 88' lang='lat' dir='ltr'><strong>uisi</strong></span> <span class='ocrx_word' id='word_1_414' title='bbox 2424 2812 2593 2882; x_wconf 80' lang='lat' dir='ltr'><strong>velint</strong></span> <span class='ocrx_word' id='word_1_415' title='bbox 2648 2828 2830 2897; x_wconf 71' lang='lat' dir='ltr'><strong>pmnis</strong></span> <span class='ocrx_word' id='word_1_416' title='bbox 2862 2843 3078 2892; x_wconf 89' lang='lat' dir='ltr'><strong>earum,</strong></span> <span class='ocrx_word' id='word_1_417' title='bbox 3139 2844 3260 2898; x_wconf 71' lang='lat' dir='ltr'><strong>qua:</strong></span> <span class='ocrx_word' id='word_1_418' title='bbox 3314 2831 3559 2885; x_wconf 86' lang='lat' dir='ltr'><strong>secundo</strong></span> 
     </span>
    </p>
   </div>
   <div class='ocr_carea' id='block_1_60' title="bbox 1982 2920 3554 2991">
    <p class='ocr_par' dir='ltr' id='par_1_60' title="bbox 1982 2920 3554 2991">
     <span class='ocr_line' id='line_1_60' title="bbox 1982 2920 3554 2991; baseline 0.001 -18"><span class='ocrx_word' id='word_1_419' title='bbox 1982 2920 2215 2985; x_wconf 88' lang='lat' dir='ltr'><strong>nubunt,</strong></span> <span class='ocrx_word' id='word_1_420' title='bbox 2252 2920 2475 2990; x_wconf 86' lang='lat' dir='ltr'><strong>subjici.</strong></span> <span class='ocrx_word' id='word_1_421' title='bbox 2514 2923 2791 2975; x_wconf 67' lang='lat' dir='ltr'><strong>Praeterea</strong></span> <span class='ocrx_word' id='word_1_422' title='bbox 2842 2921 3204 2991; x_wconf 83' lang='lat' dir='ltr'><strong>interrogabit</strong></span> <span class='ocrx_word' id='word_1_423' title='bbox 3257 2921 3554 2991; x_wconf 68' lang='lat' dir='ltr'><strong>quispiam,</strong></span> 
     </span>
    </p>
   </div>
   <div class='ocr_carea' id='block_1_61' title="bbox 1984 3010 3557 3082">
    <p class='ocr_par' dir='ltr' id='par_1_61' title="bbox 1984 3010 3557 3082">
     <span class='ocr_line' id='line_1_61' title="bbox 1984 3010 3557 3082; baseline 0.003 -18"><span class='ocrx_word' id='word_1_424' title='bbox 1984 3010 2257 3082; x_wconf 88' lang='lat' dir='ltr'><strong>Numquid</strong></span> <span class='ocrx_word' id='word_1_425' title='bbox 2287 3022 2341 3066; x_wconf 89' lang='lat' dir='ltr'><strong>et</strong></span> <span class='ocrx_word' id='word_1_426' title='bbox 2372 3012 2466 3082; x_wconf 88' lang='lat' dir='ltr'><strong>qui</strong></span> <span class='ocrx_word' id='word_1_427' title='bbox 2522 3012 2712 3068; x_wconf 88' lang='lat' dir='ltr'><strong>militis</strong></span> <span class='ocrx_word' id='word_1_428' title='bbox 2761 3028 2987 3066; x_wconf 80' lang='lat' dir='ltr'><strong>uxorem</strong></span> <span class='ocrx_word' id='word_1_429' title='bbox 3046 3028 3142 3081; x_wconf 87' lang='lat' dir='ltr'><strong>per</strong></span> <span class='ocrx_word' id='word_1_430' title='bbox 3197 3015 3557 3082; x_wconf 70' lang='lat' dir='ltr'><strong>ignorantiam</strong></span> 
     </span>
    </p>
   </div>
   <div class='ocr_carea' id='block_1_62' title="bbox 296 3095 1875 3176">
    <p class='ocr_par' dir='ltr' id='par_1_62' title="bbox 296 3096 1875 3176">
     <span class='ocr_line' id='line_1_62' title="bbox 296 3096 1875 3176; baseline -0.007 -16"><span class='ocrx_word' id='word_1_431' title='bbox 296 3108 407 3176; x_wconf 77' lang='grc' dir='ltr'>γὰρ</span> <span class='ocrx_word' id='word_1_432' title='bbox 426 3106 628 3176; x_wconf 82' lang='grc' dir='ltr'>ὠφελεῖ</span> <span class='ocrx_word' id='word_1_433' title='bbox 667 3104 766 3176; x_wconf 85' lang='grc' dir='ltr'>τὴν</span> <span class='ocrx_word' id='word_1_434' title='bbox 794 3106 1036 3173; x_wconf 81' lang='grc' dir='ltr'>γυναῖκα</span> <span class='ocrx_word' id='word_1_435' title='bbox 1057 3106 1091 3174; x_wconf 81' lang='grc' dir='ltr'><strong>ή</strong></span> <span class='ocrx_word' id='word_1_436' title='bbox 1110 3104 1327 3173; x_wconf 80' lang='grc' dir='ltr'>ἄγνοια,</span> <span class='ocrx_word' id='word_1_437' title='bbox 1352 3098 1533 3169; x_wconf 83' lang='grc' dir='ltr'>πολλῷ</span> <span class='ocrx_word' id='word_1_438' title='bbox 1557 3098 1761 3169; x_wconf 82' lang='grc' dir='ltr'>μᾶλλον</span> <span class='ocrx_word' id='word_1_439' title='bbox 1786 3096 1875 3150; x_wconf 72' lang='grc' dir='ltr'><strong>τὸν</strong></span> 
     </span>
    </p>
   </div>
   <div class='ocr_carea' id='block_1_63' title="bbox 1982 3095 3557 3176">
    <p class='ocr_par' dir='ltr' id='par_1_63' title="bbox 1983 3099 3557 3169">
     <span class='ocr_line' id='line_1_63' title="bbox 1983 3099 3557 3169; baseline 0.001 -14"><span class='ocrx_word' id='word_1_440' title='bbox 1983 3100 2162 3169; x_wconf 82' lang='lat' dir='ltr'><strong>duxit,</strong></span> <span class='ocrx_word' id='word_1_441' title='bbox 2192 3100 2241 3157; x_wconf 92' lang='lat' dir='ltr'><strong>ei</strong></span> <span class='ocrx_word' id='word_1_442' title='bbox 2276 3101 2432 3157; x_wconf 85' lang='lat' dir='ltr'><strong>venia</strong></span> <span class='ocrx_word' id='word_1_443' title='bbox 2471 3099 2732 3156; x_wconf 82' lang='lat' dir='ltr'><strong>dabitur?</strong></span> <span class='ocrx_word' id='word_1_444' title='bbox 2765 3100 3000 3157; x_wconf 81' lang='lat' dir='ltr'><strong>Salutio.</strong></span> <span class='ocrx_word' id='word_1_445' title='bbox 3033 3101 3288 3156; x_wconf 81' lang='lat' dir='ltr'><strong>Maxime.</strong></span> <span class='ocrx_word' id='word_1_446' title='bbox 3329 3104 3386 3157; x_wconf 79' lang='lat' dir='ltr'><strong>Si</strong></span> <span class='ocrx_word' id='word_1_447' title='bbox 3411 3105 3557 3158; x_wconf 85' lang='lat' dir='ltr'><strong>enim</strong></span> 
     </span>
    </p>
   </div>
   <div class='ocr_carea' id='block_1_64' title="bbox 296 3189 1874 3271">
    <p class='ocr_par' dir='ltr' id='par_1_64' title="bbox 296 3189 1874 3271">
     <span class='ocr_line' id='line_1_64' title="bbox 296 3189 1874 3271; baseline -0.01 -15"><span class='ocrx_word' id='word_1_448' title='bbox 296 3200 471 3271; x_wconf 79' lang='grc' dir='ltr'>ἄνδρα</span> <span class='ocrx_word' id='word_1_449' title='bbox 514 3199 606 3253; x_wconf 76' lang='grc' dir='ltr'><strong>τὸν</strong></span> <span class='ocrx_word' id='word_1_450' title='bbox 667 3198 873 3267; x_wconf 81' lang='grc' dir='ltr'>ταύτην</span> <span class='ocrx_word' id='word_1_451' title='bbox 945 3196 1292 3265; x_wconf 86' lang='grc' dir='ltr'>ἀγαγόμενον</span> <span class='ocrx_word' id='word_1_452' title='bbox 1367 3189 1874 3262; x_wconf 83' lang='grc' dir='ltr'>ἁπροκριμάτιστον</span> 
     </span>
    </p>
   </div>
   <div class='ocr_carea' id='block_1_65' title="bbox 302 3279 1877 3364">
    <p class='ocr_par' dir='ltr' id='par_1_65' title="bbox 302 3279 1877 3364">
     <span class='ocr_line' id='line_1_65' title="bbox 302 3279 1877 3364; baseline -0.009 -17"><span class='ocrx_word' id='word_1_453' title='bbox 302 3294 655 3364; x_wconf 82' lang='grc' dir='ltr'>συντηρήσει,</span> <span class='ocrx_word' id='word_1_454' title='bbox 696 3291 773 3354; x_wconf 85' lang='grc' dir='ltr'>ὡς</span> <span class='ocrx_word' id='word_1_455' title='bbox 812 3289 952 3361; x_wconf 84' lang='grc' dir='ltr'><strong>μηδέ</strong></span> <span class='ocrx_word' id='word_1_456' title='bbox 990 3288 1188 3341; x_wconf 84' lang='grc' dir='ltr'>εἰδέναι</span> <span class='ocrx_word' id='word_1_457' title='bbox 1226 3284 1535 3355; x_wconf 81' lang='grc' dir='ltr'>ὀφείλοντα.</span> <span class='ocrx_word' id='word_1_458' title='bbox 1578 3282 1643 3335; x_wconf 90' lang='grc' dir='ltr'>Τί</span> <span class='ocrx_word' id='word_1_459' title='bbox 1672 3281 1752 3345; x_wconf 84' lang='grc' dir='ltr'><strong>δὲ,</strong></span> <span class='ocrx_word' id='word_1_460' title='bbox 1782 3279 1877 3334; x_wconf 78' lang='grc' dir='ltr'>τοῦ</span> 
     </span>
    </p>
   </div>
   <div class='ocr_carea' id='block_1_66' title="bbox 302 3372 1877 3458">
    <p class='ocr_par' dir='ltr' id='par_1_66' title="bbox 302 3372 1877 3458">
     <span class='ocr_line' id='line_1_66' title="bbox 302 3372 1877 3458; baseline -0.01 -19"><span class='ocrx_word' id='word_1_461' title='bbox 302 3386 641 3458; x_wconf 83' lang='grc' dir='ltr'>στρατιώτου</span> <span class='ocrx_word' id='word_1_462' title='bbox 662 3381 1088 3453; x_wconf 80' lang='grc' dir='ltr'>αἱρετισαμένου</span> <span class='ocrx_word' id='word_1_463' title='bbox 1121 3379 1220 3449; x_wconf 75' lang='grc' dir='ltr'>μὲν</span> <span class='ocrx_word' id='word_1_464' title='bbox 1250 3374 1626 3431; x_wconf 77' lang='grc' dir='ltr'>ἀναλαϐέσθαι</span> <span class='ocrx_word' id='word_1_465' title='bbox 1652 3372 1754 3443; x_wconf 81' lang='grc' dir='ltr'>τὴν</span> <span class='ocrx_word' id='word_1_466' title='bbox 1795 3374 1877 3425; x_wconf 78' lang='grc' dir='ltr'>οι-</span> 
     </span>
    </p>
   </div>
   <div class='ocr_carea' id='block_1_67' title="bbox 302 3462 1879 3546">
    <p class='ocr_par' dir='ltr' id='par_1_67' title="bbox 302 3462 1879 3546">
     <span class='ocr_line' id='line_1_67' title="bbox 302 3462 1879 3546; baseline -0.011 -15"><span class='ocrx_word' id='word_1_467' title='bbox 302 3479 463 3531; x_wconf 86' lang='grc' dir='ltr'>κείαν</span> <span class='ocrx_word' id='word_1_468' title='bbox 492 3476 785 3546; x_wconf 74' lang='grc' dir='ltr'>ὁμόζυγον,</span> <span class='ocrx_word' id='word_1_469' title='bbox 810 3474 1103 3542; x_wconf 76' lang='grc' dir='ltr'>γενήσεται</span> <span class='ocrx_word' id='word_1_470' title='bbox 1132 3469 1203 3522; x_wconf 82' lang='grc' dir='ltr'>τὰ</span> <span class='ocrx_word' id='word_1_471' title='bbox 1228 3468 1309 3539; x_wconf 82' lang='grc' dir='ltr'>τῷ</span> <span class='ocrx_word' id='word_1_472' title='bbox 1359 3466 1549 3519; x_wconf 84' lang='grc' dir='ltr'>κανόνι</span> <span class='ocrx_word' id='word_1_473' title='bbox 1625 3462 1879 3534; x_wconf 84' lang='grc' dir='ltr'>περιεχό-</span> 
     </span>
    </p>
   </div>
   <div class='ocr_carea' id='block_1_68' title="bbox 303 3552 1880 3640">
    <p class='ocr_par' dir='ltr' id='par_1_68' title="bbox 303 3552 1880 3640">
     <span class='ocr_line' id='line_1_68' title="bbox 303 3552 1880 3640; baseline -0.011 -20"><span class='ocrx_word' id='word_1_474' title='bbox 303 3586 444 3640; x_wconf 76' lang='grc' dir='ltr'>μενα</span> <span class='ocrx_word' id='word_1_475' title='bbox 470 3584 485 3633; x_wconf 88' lang='grc'>;</span> <span class='ocrx_word' id='word_1_476' title='bbox 527 3565 968 3634; x_wconf 84' lang='grc' dir='ltr'>ἁπαναινομένου</span> <span class='ocrx_word' id='word_1_477' title='bbox 1000 3563 1077 3626; x_wconf 80' lang='grc' dir='ltr'><strong>δὲ,</strong></span> <span class='ocrx_word' id='word_1_478' title='bbox 1100 3559 1354 3629; x_wconf 80' lang='grc' dir='ltr'>οὐδαμῶς</span> <span class='ocrx_word' id='word_1_479' title='bbox 1374 3574 1388 3589; x_wconf 80' lang='grc'><em>’</em></span> <span class='ocrx_word' id='word_1_480' title='bbox 1422 3555 1710 3611; x_wconf 74' lang='grc' dir='ltr'>ἁλλ’ἒσται</span> <span class='ocrx_word' id='word_1_481' title='bbox 1738 3552 1880 3622; x_wconf 84' lang='grc' dir='ltr'>αὑτὴ</span> 
     </span>
    </p>
   </div>
   <div class='ocr_carea' id='block_1_69' title="bbox 306 3645 1893 3735">
    <p class='ocr_par' dir='ltr' id='par_1_69' title="bbox 306 3645 1893 3735">
     <span class='ocr_line' id='line_1_69' title="bbox 306 3645 1893 3735; baseline -0.013 -19"><span class='ocrx_word' id='word_1_482' title='bbox 306 3665 448 3735; x_wconf 84' lang='grc' dir='ltr'>μετὰ</span> <span class='ocrx_word' id='word_1_483' title='bbox 480 3660 571 3713; x_wconf 77' lang='grc' dir='ltr'>τοῦ</span> <span class='ocrx_word' id='word_1_484' title='bbox 606 3661 794 3728; x_wconf 79' lang='grc' dir='ltr'>ἐτέρου</span> <span class='ocrx_word' id='word_1_485' title='bbox 831 3654 1300 3727; x_wconf 79' lang='grc' dir='ltr'>συμὸιοτεύουσα;</span> <span class='ocrx_word' id='word_1_486' title='bbox 1334 3651 1546 3715; x_wconf 84' lang='grc' dir='ltr'>Λύσις.</span> <span class='ocrx_word' id='word_1_487' title='bbox 1596 3647 1753 3701; x_wconf 68' lang='grc' dir='ltr'>Μετὰ</span> <span class='ocrx_word' id='word_1_488' title='bbox 1783 3645 1893 3715; x_wconf 86' lang='grc' dir='ltr'><strong>τὴν</strong></span> 
     </span>
    </p>
   </div>
   <div class='ocr_carea' id='block_1_70' title="bbox 302 3740 1884 3827">
    <p class='ocr_par' dir='ltr' id='par_1_70' title="bbox 302 3740 1884 3827">
     <span class='ocr_line' id='line_1_70' title="bbox 302 3740 1884 3827; baseline -0.015 -15"><span class='ocrx_word' id='word_1_489' title='bbox 302 3754 659 3827; x_wconf 60' lang='grc' dir='ltr'>ὑποστροςὴν</span> <span class='ocrx_word' id='word_1_490' title='bbox 689 3752 785 3806; x_wconf 83' lang='grc' dir='ltr'>τοῦ</span> <span class='ocrx_word' id='word_1_491' title='bbox 818 3750 1183 3823; x_wconf 85' lang='grc' dir='ltr'>στρατιώτου,</span> <span class='ocrx_word' id='word_1_492' title='bbox 1216 3742 1552 3800; x_wconf 81' lang='grc' dir='ltr'>ἀπεντεῡθεν</span> <span class='ocrx_word' id='word_1_493' title='bbox 1584 3740 1884 3808; x_wconf 77' lang='grc' dir='ltr'>όδεύτερος</span> 
     </span>
    </p>
   </div>
   <div class='ocr_carea' id='block_1_71' title="bbox 302 3830 1883 3921">
    <p class='ocr_par' dir='ltr' id='par_1_71' title="bbox 302 3830 1883 3921">
     <span class='ocr_line' id='line_1_71' title="bbox 302 3830 1883 3921; baseline -0.003 -23"><span class='ocrx_word' id='word_1_494' title='bbox 302 3854 483 3921; x_wconf 75' lang='grc' dir='ltr'>γάμος</span> <span class='ocrx_word' id='word_1_495' title='bbox 522 3848 819 3900; x_wconf 82' lang='grc' dir='ltr'>διασπᾶται</span> <span class='ocrx_word' id='word_1_496' title='bbox 854 3859 867 3873; x_wconf 83' lang='lat'><strong><em>°</em></strong></span> <span class='ocrx_word' id='word_1_497' title='bbox 904 3844 1066 3896; x_wconf 77' lang='grc' dir='ltr'><strong>καὶεί</strong></span> <span class='ocrx_word' id='word_1_498' title='bbox 1102 3839 1203 3910; x_wconf 80' lang='grc' dir='ltr'>μὲν</span> <span class='ocrx_word' id='word_1_499' title='bbox 1248 3838 1393 3890; x_wconf 81' lang='grc' dir='ltr'>θέλει</span> <span class='ocrx_word' id='word_1_500' title='bbox 1459 3837 1487 3889; x_wconf 85' lang='grc' dir='ltr'><strong>ό</strong></span> <span class='ocrx_word' id='word_1_501' title='bbox 1537 3830 1883 3903; x_wconf 73' lang='grc' dir='ltr'>στρατιώτης</span> 
     </span>
    </p>
   </div>
   <div class='ocr_carea' id='block_1_72' title="bbox 305 3922 1882 4009">
    <p class='ocr_par' dir='ltr' id='par_1_72' title="bbox 305 3922 1882 4009">
     <span class='ocr_line' id='line_1_72' title="bbox 305 3922 1882 4009; baseline -0.015 -12"><span class='ocrx_word' id='word_1_502' title='bbox 305 3938 495 3997; x_wconf 75' lang='grc' dir='ltr'>λαῦείν</span> <span class='ocrx_word' id='word_1_503' title='bbox 516 3932 1166 4009; x_wconf 78' lang='grc' dir='ltr'>αὑτὴν,ἐχειέπ’ἁδείας</span> <span class='ocrx_word' id='word_1_504' title='bbox 1226 3927 1389 3982; x_wconf 77' lang='grc' dir='ltr'>τοῦτο</span> <span class='ocrx_word' id='word_1_505' title='bbox 1418 3926 1600 3980; x_wconf 82' lang='grc' dir='ltr'>ποιεῖν</span> <span class='ocrx_word' id='word_1_506' title='bbox 1639 3939 1653 3953; x_wconf 88' lang='grc'><strong>·</strong></span> <span class='ocrx_word' id='word_1_507' title='bbox 1720 3923 1771 3975; x_wconf 84' lang='grc' dir='ltr'>εί.</span> <span class='ocrx_word' id='word_1_508' title='bbox 1822 3922 1882 3974; x_wconf 79' lang='grc' dir='ltr'>δὲ</span> 
     </span>
    </p>
   </div>
   <div class='ocr_carea' id='block_1_73' title="bbox 306 4013 1882 4104">
    <p class='ocr_par' dir='ltr' id='par_1_73' title="bbox 306 4013 1882 4104">
     <span class='ocr_line' id='line_1_73' title="bbox 306 4013 1882 4104; baseline -0.013 -19"><span class='ocrx_word' id='word_1_509' title='bbox 306 4034 413 4104; x_wconf 82' lang='grc' dir='ltr'>μὴ,</span> <span class='ocrx_word' id='word_1_510' title='bbox 464 4031 585 4082; x_wconf 82' lang='grc' dir='ltr'>οὐδὲ</span> <span class='ocrx_word' id='word_1_511' title='bbox 623 4028 764 4097; x_wconf 73' lang='grc' dir='ltr'>μετὰ</span> <span class='ocrx_word' id='word_1_512' title='bbox 842 4023 936 4076; x_wconf 79' lang='grc' dir='ltr'>τοῦ</span> <span class='ocrx_word' id='word_1_513' title='bbox 989 4022 1244 4091; x_wconf 82' lang='grc' dir='ltr'>δευτέρου</span> <span class='ocrx_word' id='word_1_514' title='bbox 1312 4016 1507 4089; x_wconf 78' lang='grc' dir='ltr'>ἀνδρὸς</span> <span class='ocrx_word' id='word_1_515' title='bbox 1547 4013 1882 4084; x_wconf 84' lang='grc' dir='ltr'>συνοικήσει.</span> 
     </span>
    </p>
   </div>
   <div class='ocr_carea' id='block_1_74' title="bbox 306 4105 1882 4189">
    <p class='ocr_par' dir='ltr' id='par_1_74' title="bbox 306 4105 1882 4189">
     <span class='ocr_line' id='line_1_74' title="bbox 306 4105 1882 4189; baseline -0.016 -11"><span class='ocrx_word' id='word_1_516' title='bbox 306 4122 528 4178; x_wconf 73' lang='grc' dir='ltr'>Μᾶλλον</span> <span class='ocrx_word' id='word_1_517' title='bbox 557 4120 656 4189; x_wconf 75' lang='grc' dir='ltr'><strong>μὲν</strong></span> <span class='ocrx_word' id='word_1_518' title='bbox 682 4113 775 4170; x_wconf 81' lang='grc' dir='ltr'><strong>οὖν</strong></span> <span class='ocrx_word' id='word_1_519' title='bbox 798 4118 893 4168; x_wconf 72' lang='grc' dir='ltr'>καὶ</span> <span class='ocrx_word' id='word_1_520' title='bbox 926 4114 975 4166; x_wconf 86' lang='grc' dir='ltr'><strong>εί</strong></span> <span class='ocrx_word' id='word_1_521' title='bbox 1007 4110 1271 4181; x_wconf 77' lang='grc' dir='ltr'>ἐπιμείνῃ</span> <span class='ocrx_word' id='word_1_522' title='bbox 1311 4108 1450 4177; x_wconf 78' lang='grc' dir='ltr'>μετὰ</span> <span class='ocrx_word' id='word_1_523' title='bbox 1484 4105 1681 4158; x_wconf 77' lang='grc' dir='ltr'>τούτου</span> <span class='ocrx_word' id='word_1_524' title='bbox 1737 4118 1882 4170; x_wconf 88' lang='grc' dir='ltr'>συμ-</span> 
     </span>
    </p>
   </div>
   <div class='ocr_carea' id='block_1_75' title="bbox 307 4193 1887 4277">
    <p class='ocr_par' dir='ltr' id='par_1_75' title="bbox 307 4193 1887 4277">
     <span class='ocr_line' id='line_1_75' title="bbox 307 4193 1887 4277; baseline -0.015 -9"><span class='ocrx_word' id='word_1_525' title='bbox 307 4214 659 4275; x_wconf 78' lang='grc' dir='ltr'>ϐιοτεὺουσα,</span> <span class='ocrx_word' id='word_1_526' title='bbox 697 4205 1029 4277; x_wconf 81' lang='grc' dir='ltr'>συγγνώμης</span> <span class='ocrx_word' id='word_1_527' title='bbox 1066 4205 1167 4257; x_wconf 75' lang='grc' dir='ltr'><strong>οὐκ</strong></span> <span class='ocrx_word' id='word_1_528' title='bbox 1212 4201 1601 4270; x_wconf 76' lang='grc' dir='ltr'>ἀξιωθήσεται,</span> <span class='ocrx_word' id='word_1_529' title='bbox 1627 4196 1761 4249; x_wconf 85' lang='grc' dir='ltr'><strong>ἁλλὰ</strong></span> <span class='ocrx_word' id='word_1_530' title='bbox 1793 4193 1887 4246; x_wconf 79' lang='grc' dir='ltr'>καὶ</span> 
     </span>
    </p>
   </div>
   <div class='ocr_carea' id='block_1_76' title="bbox 307 4292 1888 4378">
    <p class='ocr_par' dir='ltr' id='par_1_76' title="bbox 307 4292 1888 4378">
     <span class='ocr_line' id='line_1_76' title="bbox 307 4292 1888 4378; baseline -0.015 -16"><span class='ocrx_word' id='word_1_531' title='bbox 307 4311 384 4372; x_wconf 85' lang='grc' dir='ltr'>ὼς</span> <span class='ocrx_word' id='word_1_532' title='bbox 417 4304 664 4378; x_wconf 79' lang='grc' dir='ltr'>μοιχαλὶ,</span> <span class='ocrx_word' id='word_1_533' title='bbox 702 4298 1178 4372; x_wconf 79' lang='grc' dir='ltr'>τιμωρηθήσεται.</span> <span class='ocrx_word' id='word_1_534' title='bbox 1223 4294 1471 4355; x_wconf 81' lang='grc' dir='ltr'>Ἐκείνας</span> <span class='ocrx_word' id='word_1_535' title='bbox 1506 4292 1615 4361; x_wconf 83' lang='grc' dir='ltr'>γὰρ</span> <span class='ocrx_word' id='word_1_536' title='bbox 1636 4304 1888 4356; x_wconf 77' lang='grc' dir='ltr'>συγγνω-</span> 
     </span>
    </p>
   </div>
   <div class='ocr_carea' id='block_1_77' title="bbox 314 4383 1889 4475">
    <p class='ocr_par' dir='ltr' id='par_1_77' title="bbox 314 4383 1889 4475">
     <span class='ocr_line' id='line_1_77' title="bbox 314 4383 1889 4475; baseline -0.015 -20"><span class='ocrx_word' id='word_1_537' title='bbox 314 4398 787 4475; x_wconf 60' lang='grc' dir='ltr'>μνείσοαίιρασιν</span> <span class='ocrx_word' id='word_1_538' title='bbox 825 4394 875 4446; x_wconf 80' lang='grc' dir='ltr'><strong>οἱ</strong></span> <span class='ocrx_word' id='word_1_539' title='bbox 919 4387 1303 4461; x_wconf 80' lang='grc' dir='ltr'>Πατέρες,τὰς</span> <span class='ocrx_word' id='word_1_540' title='bbox 1371 4384 1605 4455; x_wconf 77' lang='grc' dir='ltr'>ἑτοίμως</span> <span class='ocrx_word' id='word_1_541' title='bbox 1653 4383 1889 4475; x_wconf 74' lang='grc' dir='ltr'>αφιστα-</span> 
     </span>
    </p>
   </div>
   <div class='ocr_carea' id='block_1_78' title="bbox 1985 3191 3559 3265">
    <p class='ocr_par' dir='ltr' id='par_1_78' title="bbox 1985 3191 3559 3265">
     <span class='ocr_line' id='line_1_78' title="bbox 1985 3191 3559 3265; baseline 0.003 -20"><span class='ocrx_word' id='word_1_542' title='bbox 1985 3192 2208 3262; x_wconf 88' lang='lat' dir='ltr'><strong>prodest</strong></span> <span class='ocrx_word' id='word_1_543' title='bbox 2243 3191 2457 3247; x_wconf 83' lang='lat' dir='ltr'><strong>mulieri</strong></span> <span class='ocrx_word' id='word_1_544' title='bbox 2492 3192 2829 3262; x_wconf 84' lang='lat' dir='ltr'><strong>ignorantia,</strong></span> <span class='ocrx_word' id='word_1_545' title='bbox 2862 3193 3036 3247; x_wconf 86' lang='lat' dir='ltr'><strong>multo</strong></span> <span class='ocrx_word' id='word_1_546' title='bbox 3066 3195 3238 3265; x_wconf 83' lang='lat' dir='ltr'><strong>magis</strong></span> <span class='ocrx_word' id='word_1_547' title='bbox 3276 3204 3327 3249; x_wconf 88' lang='lat' dir='ltr'><strong>et</strong></span> <span class='ocrx_word' id='word_1_548' title='bbox 3359 3193 3559 3261; x_wconf 88' lang='lat' dir='ltr'><strong>virum,</strong></span> 
     </span>
    </p>
   </div>
   <div class='ocr_carea' id='block_1_79' title="bbox 1985 3283 3562 3355">
    <p class='ocr_par' dir='ltr' id='par_1_79' title="bbox 1985 3283 3562 3355">
     <span class='ocr_line' id='line_1_79' title="bbox 1985 3283 3562 3355; baseline 0.003 -18"><span class='ocrx_word' id='word_1_549' title='bbox 1985 3283 2078 3353; x_wconf 92' lang='lat' dir='ltr'><strong>qni</strong></span> <span class='ocrx_word' id='word_1_550' title='bbox 2130 3298 2250 3339; x_wconf 89' lang='lat' dir='ltr'><strong>cam</strong></span> <span class='ocrx_word' id='word_1_551' title='bbox 2308 3283 2484 3349; x_wconf 74' lang='lat' dir='ltr'><strong>duxit,</strong></span> <span class='ocrx_word' id='word_1_552' title='bbox 2552 3284 2863 3339; x_wconf 81' lang='lat' dir='ltr'><strong>indemnem</strong></span> <span class='ocrx_word' id='word_1_553' title='bbox 2926 3284 3187 3353; x_wconf 85' lang='lat' dir='ltr'><strong>nulloque</strong></span> <span class='ocrx_word' id='word_1_554' title='bbox 3242 3286 3562 3355; x_wconf 72' lang='lat' dir='ltr'><strong>praeiudicio</strong></span> 
     </span>
    </p>
   </div>
   <div class='ocr_carea' id='block_1_80' title="bbox 1990 3375 3563 3446">
    <p class='ocr_par' dir='ltr' id='par_1_80' title="bbox 1990 3375 3563 3446">
     <span class='ocr_line' id='line_1_80' title="bbox 1990 3375 3563 3446; baseline 0.003 -19"><span class='ocrx_word' id='word_1_555' title='bbox 1990 3375 2250 3429; x_wconf 69' lang='lat' dir='ltr'><strong>allectum</strong></span> <span class='ocrx_word' id='word_1_556' title='bbox 2297 3376 2672 3440; x_wconf 87' lang='lat' dir='ltr'><strong>conservabit,</strong></span> <span class='ocrx_word' id='word_1_557' title='bbox 2715 3385 2774 3429; x_wconf 92' lang='lat' dir='ltr'><strong>ut</strong></span> <span class='ocrx_word' id='word_1_558' title='bbox 2806 3376 2899 3444; x_wconf 91' lang='lat' dir='ltr'><strong>qui</strong></span> <span class='ocrx_word' id='word_1_559' title='bbox 2931 3391 3001 3431; x_wconf 86' lang='lat' dir='ltr'><strong>ne</strong></span> <span class='ocrx_word' id='word_1_560' title='bbox 3030 3377 3176 3431; x_wconf 87' lang='lat' dir='ltr'><strong>scire</strong></span> <span class='ocrx_word' id='word_1_561' title='bbox 3214 3376 3434 3446; x_wconf 85' lang='lat' dir='ltr'><strong>quidem</strong></span> <span class='ocrx_word' id='word_1_562' title='bbox 3466 3378 3563 3432; x_wconf 82' lang='lat' dir='ltr'><strong>de-</strong></span> 
     </span>
    </p>
   </div>
   <div class='ocr_carea' id='block_1_81' title="bbox 1988 3466 3566 3540">
    <p class='ocr_par' dir='ltr' id='par_1_81' title="bbox 1988 3466 3566 3540">
     <span class='ocr_line' id='line_1_81' title="bbox 1988 3466 3566 3540; baseline 0.004 -21"><span class='ocrx_word' id='word_1_563' title='bbox 1988 3466 2129 3524; x_wconf 84' lang='lat' dir='ltr'><strong>beat.</strong></span> <span class='ocrx_word' id='word_1_564' title='bbox 2167 3466 2308 3533; x_wconf 86' lang='lat' dir='ltr'><strong>Quid</strong></span> <span class='ocrx_word' id='word_1_565' title='bbox 2355 3483 2509 3534; x_wconf 85' lang='lat' dir='ltr'><strong>vero,</strong></span> <span class='ocrx_word' id='word_1_566' title='bbox 2540 3468 2586 3523; x_wconf 89' lang='lat' dir='ltr'><strong>si</strong></span> <span class='ocrx_word' id='word_1_567' title='bbox 2619 3467 2777 3523; x_wconf 85' lang='lat' dir='ltr'><strong>miles</strong></span> <span class='ocrx_word' id='word_1_568' title='bbox 2832 3482 2987 3523; x_wconf 88' lang='lat' dir='ltr'><strong>suam</strong></span> <span class='ocrx_word' id='word_1_569' title='bbox 3051 3484 3274 3524; x_wconf 80' lang='lat' dir='ltr'><strong>uxorem</strong></span> <span class='ocrx_word' id='word_1_570' title='bbox 3323 3472 3566 3540; x_wconf 82' lang='lat' dir='ltr'><strong>recipere</strong></span> 
     </span>
    </p>
   </div>
   <div class='ocr_carea' id='block_1_82' title="bbox 1987 3560 3567 3634">
    <p class='ocr_par' dir='ltr' id='par_1_82' title="bbox 1987 3560 3567 3634">
     <span class='ocr_line' id='line_1_82' title="bbox 1987 3560 3567 3634; baseline 0.004 -21"><span class='ocrx_word' id='word_1_571' title='bbox 1987 3560 2249 3628; x_wconf 88' lang='lat' dir='ltr'><strong>voluerit,</strong></span> <span class='ocrx_word' id='word_1_572' title='bbox 2283 3576 2353 3615; x_wconf 92' lang='lat' dir='ltr'><strong>an</strong></span> <span class='ocrx_word' id='word_1_573' title='bbox 2395 3577 2461 3615; x_wconf 88' lang='lat' dir='ltr'><strong>ea</strong></span> <span class='ocrx_word' id='word_1_574' title='bbox 2511 3562 2643 3617; x_wconf 83' lang='lat' dir='ltr'><strong>llcnt</strong></span> <span class='ocrx_word' id='word_1_575' title='bbox 2680 3577 2803 3629; x_wconf 67' lang='lat' dir='ltr'><strong>quae</strong></span> <span class='ocrx_word' id='word_1_576' title='bbox 2835 3578 3049 3620; x_wconf 88' lang='lat' dir='ltr'><strong>canone</strong></span> <span class='ocrx_word' id='word_1_577' title='bbox 3085 3566 3567 3634; x_wconf 48' lang='lat' dir='ltr'><strong>comprehendo?»</strong></span> 
     </span>
    </p>
   </div>
   <div class='ocr_carea' id='block_1_83' title="bbox 1989 3651 3566 3727">
    <p class='ocr_par' dir='ltr' id='par_1_83' title="bbox 1989 3651 3566 3727">
     <span class='ocr_line' id='line_1_83' title="bbox 1989 3651 3566 3727; baseline 0.004 -22"><span class='ocrx_word' id='word_1_578' title='bbox 1989 3652 2117 3705; x_wconf 84' lang='lat' dir='ltr'><strong>tur?</strong></span> <span class='ocrx_word' id='word_1_579' title='bbox 2169 3651 2267 3706; x_wconf 85' lang='lat' dir='ltr'><strong>Sin</strong></span> <span class='ocrx_word' id='word_1_580' title='bbox 2322 3660 2507 3706; x_wconf 87' lang='lat' dir='ltr'><strong>autem</strong></span> <span class='ocrx_word' id='word_1_581' title='bbox 2564 3663 2804 3719; x_wconf 88' lang='lat' dir='ltr'><strong>recuset,</strong></span> <span class='ocrx_word' id='word_1_582' title='bbox 2855 3669 3241 3727; x_wconf 87' lang='lat' dir='ltr'><strong>nequaquam;</strong></span> <span class='ocrx_word' id='word_1_583' title='bbox 3297 3657 3391 3711; x_wconf 86' lang='lat' dir='ltr'><strong>sed</strong></span> <span class='ocrx_word' id='word_1_584' title='bbox 3445 3658 3566 3725; x_wconf 82' lang='lat' dir='ltr'><strong>ipsa</strong></span> 
     </span>
    </p>
   </div>
   <div class='ocr_carea' id='block_1_84' title="bbox 1990 3742 3566 3815">
    <p class='ocr_par' dir='ltr' id='par_1_84' title="bbox 1990 3742 3566 3815">
     <span class='ocr_line' id='line_1_84' title="bbox 1990 3742 3566 3815; baseline 0.003 -19"><span class='ocrx_word' id='word_1_585' title='bbox 1990 3757 2116 3796; x_wconf 89' lang='lat' dir='ltr'><strong>cum</strong></span> <span class='ocrx_word' id='word_1_586' title='bbox 2144 3742 2253 3796; x_wconf 91' lang='lat' dir='ltr'><strong>alio</strong></span> <span class='ocrx_word' id='word_1_587' title='bbox 2297 3742 2463 3799; x_wconf 89' lang='lat' dir='ltr'><strong>vitam</strong></span> <span class='ocrx_word' id='word_1_588' title='bbox 2521 3744 2833 3815; x_wconf 81' lang='lat' dir='ltr'><strong>transiget?</strong></span> <span class='ocrx_word' id='word_1_589' title='bbox 2862 3744 3099 3804; x_wconf 78' lang='lat' dir='ltr'><strong>Salutio.</strong></span> <span class='ocrx_word' id='word_1_590' title='bbox 3149 3746 3277 3801; x_wconf 82' lang='lat' dir='ltr'><strong>Post</strong></span> <span class='ocrx_word' id='word_1_591' title='bbox 3329 3746 3566 3801; x_wconf 81' lang='lat' dir='ltr'><strong>redinnn</strong></span> 
     </span>
    </p>
   </div>
   <div class='ocr_carea' id='block_1_85' title="bbox 1992 3834 3570 3898">
    <p class='ocr_par' dir='ltr' id='par_1_85' title="bbox 1992 3834 3570 3898">
     <span class='ocr_line' id='line_1_85' title="bbox 1992 3834 3570 3898; baseline 0.003 -10"><span class='ocrx_word' id='word_1_592' title='bbox 1992 3834 2207 3898; x_wconf 87' lang='lat' dir='ltr'><strong>militis,</strong></span> <span class='ocrx_word' id='word_1_593' title='bbox 2272 3835 2475 3890; x_wconf 73' lang='lat' dir='ltr'><strong>exinde</strong></span> <span class='ocrx_word' id='word_1_594' title='bbox 2536 3837 2840 3892; x_wconf 81' lang='lat' dir='ltr'><strong>secundum</strong></span> <span class='ocrx_word' id='word_1_595' title='bbox 2900 3838 3310 3893; x_wconf 88' lang='lat' dir='ltr'><strong>matrimonium</strong></span> <span class='ocrx_word' id='word_1_596' title='bbox 3370 3838 3570 3894; x_wconf 84' lang='lat' dir='ltr'><strong>dissol-</strong></span> 
     </span>
    </p>
   </div>
   <div class='ocr_carea' id='block_1_86' title="bbox 1997 3926 3567 3999">
    <p class='ocr_par' dir='ltr' id='par_1_86' title="bbox 1997 3926 3567 3999">
     <span class='ocr_line' id='line_1_86' title="bbox 1997 3926 3567 3999; baseline 0.004 -20"><span class='ocrx_word' id='word_1_597' title='bbox 1997 3926 2145 3979; x_wconf 91' lang='lat' dir='ltr'><strong>vitur</strong></span> <span class='ocrx_word' id='word_1_598' title='bbox 2174 3943 2188 3980; x_wconf 93' lang='lat'>:</span> <span class='ocrx_word' id='word_1_599' title='bbox 2224 3936 2279 3981; x_wconf 90' lang='lat' dir='ltr'><strong>et</strong></span> <span class='ocrx_word' id='word_1_600' title='bbox 2306 3927 2353 3981; x_wconf 87' lang='lat' dir='ltr'><strong>si</strong></span> <span class='ocrx_word' id='word_1_601' title='bbox 2388 3926 2520 3981; x_wconf 84' lang='lat' dir='ltr'><strong>velit</strong></span> <span class='ocrx_word' id='word_1_602' title='bbox 2555 3928 2777 3996; x_wconf 87' lang='lat' dir='ltr'><strong>quidem</strong></span> <span class='ocrx_word' id='word_1_603' title='bbox 2814 3929 2974 3983; x_wconf 88' lang='lat' dir='ltr'><strong>miles</strong></span> <span class='ocrx_word' id='word_1_604' title='bbox 3005 3944 3127 3983; x_wconf 88' lang='lat' dir='ltr'><strong>eam</strong></span> <span class='ocrx_word' id='word_1_605' title='bbox 3181 3930 3485 3999; x_wconf 83' lang='lat' dir='ltr'><strong>suscipere,</strong></span> <span class='ocrx_word' id='word_1_606' title='bbox 3517 3931 3567 3985; x_wconf 89' lang='lat' dir='ltr'><strong>ei</strong></span> 
     </span>
    </p>
   </div>
   <div class='ocr_carea' id='block_1_87' title="bbox 1993 4014 3573 4091">
    <p class='ocr_par' dir='ltr' id='par_1_87' title="bbox 1993 4014 3573 4091">
     <span class='ocr_line' id='line_1_87' title="bbox 1993 4014 3573 4091; baseline 0.004 -22"><span class='ocrx_word' id='word_1_607' title='bbox 1993 4017 2121 4072; x_wconf 90' lang='lat' dir='ltr'><strong>licet</strong></span> <span class='ocrx_word' id='word_1_608' title='bbox 2154 4019 2257 4072; x_wconf 82' lang='lat' dir='ltr'><strong>hoc</strong></span> <span class='ocrx_word' id='word_1_609' title='bbox 2283 4016 2488 4073; x_wconf 81' lang='lat' dir='ltr'><strong>facere.</strong></span> <span class='ocrx_word' id='word_1_610' title='bbox 2525 4016 2622 4073; x_wconf 92' lang='lat' dir='ltr'><strong>Sin</strong></span> <span class='ocrx_word' id='word_1_611' title='bbox 2650 4020 2855 4085; x_wconf 85' lang='lat' dir='ltr'><strong>minus,</strong></span> <span class='ocrx_word' id='word_1_612' title='bbox 2887 4035 2989 4074; x_wconf 89' lang='lat' dir='ltr'><strong>nec</strong></span> <span class='ocrx_word' id='word_1_613' title='bbox 3021 4037 3145 4075; x_wconf 80' lang='lat' dir='ltr'><strong>cum</strong></span> <span class='ocrx_word' id='word_1_614' title='bbox 3179 4022 3423 4076; x_wconf 86' lang='lat' dir='ltr'><strong>seetmdo</strong></span> <span class='ocrx_word' id='word_1_615' title='bbox 3445 4014 3573 4091; x_wconf 68' lang='grc' dir='ltr'><strong>(ιιιιὶ-</strong></span> 
     </span>
    </p>
   </div>
   <div class='ocr_carea' id='block_1_88' title="bbox 1993 4110 3566 4182">
    <p class='ocr_par' dir='ltr' id='par_1_88' title="bbox 1993 4110 3566 4182">
     <span class='ocr_line' id='line_1_88' title="bbox 1993 4110 3566 4182; baseline 0 -16"><span class='ocrx_word' id='word_1_616' title='bbox 1993 4113 2116 4166; x_wconf 86' lang='lat' dir='ltr'><strong>dem</strong></span> <span class='ocrx_word' id='word_1_617' title='bbox 2154 4112 2276 4165; x_wconf 88' lang='lat' dir='ltr'><strong>viro</strong></span> <span class='ocrx_word' id='word_1_618' title='bbox 2302 4110 2659 4165; x_wconf 87' lang='lat' dir='ltr'><strong>eobabitabit.</strong></span> <span class='ocrx_word' id='word_1_619' title='bbox 2691 4111 2858 4168; x_wconf 83' lang='lat' dir='ltr'><strong>Multo</strong></span> <span class='ocrx_word' id='word_1_620' title='bbox 2892 4114 3066 4182; x_wconf 82' lang='lat' dir='ltr'><strong>magis</strong></span> <span class='ocrx_word' id='word_1_621' title='bbox 3112 4123 3292 4167; x_wconf 89' lang='lat' dir='ltr'><strong>autem</strong></span> <span class='ocrx_word' id='word_1_622' title='bbox 3340 4114 3385 4167; x_wconf 90' lang='lat' dir='ltr'><strong>si</strong></span> <span class='ocrx_word' id='word_1_623' title='bbox 3442 4128 3566 4166; x_wconf 87' lang='lat' dir='ltr'><strong>cmn</strong></span> 
     </span>
    </p>
   </div>
   <div class='ocr_carea' id='block_1_89' title="bbox 1994 4202 3570 4272">
    <p class='ocr_par' dir='ltr' id='par_1_89' title="bbox 1994 4202 3570 4272">
     <span class='ocr_line' id='line_1_89' title="bbox 1994 4202 3570 4272; baseline 0.001 -15"><span class='ocrx_word' id='word_1_624' title='bbox 1994 4218 2059 4257; x_wconf 88' lang='lat' dir='ltr'><strong>eo</strong></span> <span class='ocrx_word' id='word_1_625' title='bbox 2090 4202 2275 4257; x_wconf 88' lang='lat' dir='ltr'><strong>vivere</strong></span> <span class='ocrx_word' id='word_1_626' title='bbox 2308 4203 2768 4272; x_wconf 82' lang='lat' dir='ltr'><strong>perseveraverit,</strong></span> <span class='ocrx_word' id='word_1_627' title='bbox 2801 4203 2850 4257; x_wconf 90' lang='lat' dir='ltr'><strong>ei</strong></span> <span class='ocrx_word' id='word_1_628' title='bbox 2880 4205 3034 4257; x_wconf 88' lang='lat' dir='ltr'><strong>venia</strong></span> <span class='ocrx_word' id='word_1_629' title='bbox 3070 4218 3177 4257; x_wconf 90' lang='lat' dir='ltr'><strong>non</strong></span> <span class='ocrx_word' id='word_1_630' title='bbox 3196 4204 3440 4267; x_wconf 84' lang='lat' dir='ltr'><strong>dabitur,</strong></span> <span class='ocrx_word' id='word_1_631' title='bbox 3474 4207 3570 4258; x_wconf 88' lang='lat' dir='ltr'><strong>sed</strong></span> 
     </span>
    </p>
   </div>
   <div class='ocr_carea' id='block_1_90' title="bbox 1996 4293 3573 4363">
    <p class='ocr_par' dir='ltr' id='par_1_90' title="bbox 1996 4293 3573 4363">
     <span class='ocr_line' id='line_1_90' title="bbox 1996 4293 3573 4363; baseline 0.001 -15"><span class='ocrx_word' id='word_1_632' title='bbox 1996 4306 2055 4349; x_wconf 91' lang='lat' dir='ltr'><strong>ut</strong></span> <span class='ocrx_word' id='word_1_633' title='bbox 2086 4294 2335 4348; x_wconf 83' lang='lat' dir='ltr'><strong>adultera</strong></span> <span class='ocrx_word' id='word_1_634' title='bbox 2371 4293 2653 4363; x_wconf 84' lang='lat' dir='ltr'><strong>punietur.</strong></span> <span class='ocrx_word' id='word_1_635' title='bbox 2693 4293 2802 4348; x_wconf 83' lang='lat' dir='ltr'><strong>Illis</strong></span> <span class='ocrx_word' id='word_1_636' title='bbox 2830 4295 2979 4349; x_wconf 88' lang='lat' dir='ltr'><strong>enim</strong></span> <span class='ocrx_word' id='word_1_637' title='bbox 3016 4310 3140 4349; x_wconf 88' lang='lat' dir='ltr'><strong>esse</strong></span> <span class='ocrx_word' id='word_1_638' title='bbox 3193 4296 3431 4349; x_wconf 87' lang='lat' dir='ltr'><strong>dandam</strong></span> <span class='ocrx_word' id='word_1_639' title='bbox 3464 4313 3573 4360; x_wconf 64' lang='lat' dir='ltr'><strong>ne-</strong></span> 
     </span>
    </p>
   </div>
   <div class='ocr_carea' id='block_1_91' title="bbox 2000 4385 3572 4456">
    <p class='ocr_par' dir='ltr' id='par_1_91' title="bbox 2000 4385 3572 4456">
     <span class='ocr_line' id='line_1_91' title="bbox 2000 4385 3572 4456; baseline 0.001 -17"><span class='ocrx_word' id='word_1_640' title='bbox 2000 4386 2147 4439; x_wconf 88' lang='lat' dir='ltr'><strong>niam</strong></span> <span class='ocrx_word' id='word_1_641' title='bbox 2181 4385 2371 4439; x_wconf 87' lang='lat' dir='ltr'><strong>dicunt</strong></span> <span class='ocrx_word' id='word_1_642' title='bbox 2400 4385 2616 4450; x_wconf 87' lang='lat' dir='ltr'><strong>Patres,</strong></span> <span class='ocrx_word' id='word_1_643' title='bbox 2666 4401 2788 4456; x_wconf 69' lang='lat' dir='ltr'><strong>quae</strong></span> <span class='ocrx_word' id='word_1_644' title='bbox 2837 4401 2879 4439; x_wconf 55' lang='lat' dir='ltr'><strong>.a</strong></span> <span class='ocrx_word' id='word_1_645' title='bbox 2937 4387 3181 4441; x_wconf 90' lang='lat' dir='ltr'><strong>secundo</strong></span> <span class='ocrx_word' id='word_1_646' title='bbox 3218 4386 3572 4441; x_wconf 67' lang='lat' dir='ltr'><strong>matrimoiiio</strong></span> 
     </span>
    </p>
   </div>
   <div class='ocr_carea' id='block_1_92' title="bbox 316 4459 1875 4566">
    <p class='ocr_par' dir='ltr' id='par_1_92' title="bbox 316 4459 1875 4566">
     <span class='ocr_line' id='line_1_92' title="bbox 316 4459 1875 4566; baseline -0.017 -18"><span class='ocrx_word' id='word_1_647' title='bbox 316 4459 482 4566; x_wconf 67' lang='grc' dir='ltr'>μένας</span> <span class='ocrx_word' id='word_1_648' title='bbox 502 4490 601 4544; x_wconf 77' lang='grc' dir='ltr'>τοῦ</span> <span class='ocrx_word' id='word_1_649' title='bbox 632 4488 889 4557; x_wconf 72' lang='grc' dir='ltr'>δευτέρου</span> <span class='ocrx_word' id='word_1_650' title='bbox 926 4480 1288 4543; x_wconf 86' lang='grc' dir='ltr'>συνοικεσίου,</span> <span class='ocrx_word' id='word_1_651' title='bbox 1344 4478 1440 4530; x_wconf 55' lang='grc' dir='ltr'><strong>καὶ⁵</strong></span> <span class='ocrx_word' id='word_1_652' title='bbox 1496 4471 1875 4541; x_wconf 73' lang='grc' dir='ltr'>συντιθεμένας</span> 
     </span>
    </p>
   </div>
   <div class='ocr_carea' id='block_1_93' title="bbox 1982 4459 3574 4566">
    <p class='ocr_par' dir='ltr' id='par_1_93' title="bbox 2002 4477 3574 4549">
     <span class='ocr_line' id='line_1_93' title="bbox 2002 4477 3574 4549; baseline -0.002 -17"><span class='ocrx_word' id='word_1_653' title='bbox 2002 4487 2253 4549; x_wconf 88' lang='lat' dir='ltr'><strong>prompte</strong></span> <span class='ocrx_word' id='word_1_654' title='bbox 2281 4477 2565 4543; x_wconf 88' lang='lat' dir='ltr'><strong>recedunt,</strong></span> <span class='ocrx_word' id='word_1_655' title='bbox 2602 4488 2656 4532; x_wconf 90' lang='lat' dir='ltr'><strong>et</strong></span> <span class='ocrx_word' id='word_1_656' title='bbox 2688 4481 3014 4547; x_wconf 61' lang='lat' dir='ltr'><strong>Ignorantia!</strong></span> <span class='ocrx_word' id='word_1_657' title='bbox 3064 4489 3349 4545; x_wconf 87' lang='lat' dir='ltr'><strong>peccatum</strong></span> <span class='ocrx_word' id='word_1_658' title='bbox 3401 4495 3574 4548; x_wconf 75' lang='lat' dir='ltr'><strong>agno-</strong></span> 
     </span>
    </p>
   </div>
   <div class='ocr_carea' id='block_1_94' title="bbox 313 4565 1883 4654">
    <p class='ocr_par' dir='ltr' id='par_1_94' title="bbox 313 4565 1883 4654">
     <span class='ocr_line' id='line_1_94' title="bbox 313 4565 1883 4654; baseline -0.016 -16"><span class='ocrx_word' id='word_1_659' title='bbox 313 4565 391 4654; x_wconf 81' lang='grc' dir='ltr'>τῴ</span> <span class='ocrx_word' id='word_1_660' title='bbox 423 4584 481 4648; x_wconf 71' lang='grc' dir='ltr'><strong>εξ</strong></span> <span class='ocrx_word' id='word_1_661' title='bbox 505 4579 727 4649; x_wconf 81' lang='grc' dir='ltr'>ἀγνοίας</span> <span class='ocrx_word' id='word_1_662' title='bbox 766 4576 1131 4647; x_wconf 76' lang='grc' dir='ltr'>ἁμαρτήματι</span> <span class='ocrx_word' id='word_1_663' title='bbox 1175 4586 1188 4600; x_wconf 81' lang='grc'>⁶</span> <span class='ocrx_word' id='word_1_664' title='bbox 1223 4573 1282 4623; x_wconf 71' lang='grc' dir='ltr'><strong>οὐ</strong></span> <span class='ocrx_word' id='word_1_665' title='bbox 1312 4570 1419 4639; x_wconf 81' lang='grc' dir='ltr'>μὴν</span> <span class='ocrx_word' id='word_1_666' title='bbox 1450 4568 1546 4629; x_wconf 85' lang='grc' dir='ltr'>τὰς</span> <span class='ocrx_word' id='word_1_667' title='bbox 1623 4565 1883 4654; x_wconf 76' lang='grc' dir='ltr'>ἀνθισταο</span> 
     </span>
    </p>
   </div>
   <div class='ocr_carea' id='block_1_95' title="bbox 318 4652 1892 4748">
    <p class='ocr_par' dir='ltr' id='par_1_95' title="bbox 318 4652 1892 4748">
     <span class='ocr_line' id='line_1_95' title="bbox 318 4652 1892 4748; baseline -0.017 -17"><span class='ocrx_word' id='word_1_668' title='bbox 318 4652 485 4748; x_wconf 63' lang='grc' dir='ltr'>μένας</span> <span class='ocrx_word' id='word_1_669' title='bbox 515 4674 609 4727; x_wconf 74' lang='grc' dir='ltr'><strong>καὶ</strong></span> <span class='ocrx_word' id='word_1_670' title='bbox 642 4671 740 4742; x_wconf 85' lang='grc' dir='ltr'><strong>τήν</strong></span> <span class='ocrx_word' id='word_1_671' title='bbox 776 4668 1021 4738; x_wconf 82' lang='grc' dir='ltr'>μοιχείαν</span> <span class='ocrx_word' id='word_1_672' title='bbox 1045 4662 1438 4735; x_wconf 83' lang='grc' dir='ltr'>προελομένας.</span> <span class='ocrx_word' id='word_1_673' title='bbox 1466 4655 1761 4723; x_wconf 76' lang='grc' dir='ltr'>Κα“ιταῦτα</span> <span class='ocrx_word' id='word_1_674' title='bbox 1788 4652 1892 4748; x_wconf 76' lang='grc' dir='ltr'>μὲν</span> 
     </span>
    </p>
   </div>
   <div class='ocr_carea' id='block_1_96' title="bbox 313 4746 1889 4825">
    <p class='ocr_par' dir='ltr' id='par_1_96' title="bbox 313 4746 1889 4825">
     <span class='ocr_line' id='line_1_96' title="bbox 313 4746 1889 4825; baseline -0.016 -2"><span class='ocrx_word' id='word_1_675' title='bbox 313 4746 343 4823; x_wconf 74' lang='grc' dir='ltr'><strong>ό</strong></span> <span class='ocrx_word' id='word_1_676' title='bbox 375 4766 578 4822; x_wconf 86' lang='grc' dir='ltr'>κανών.</span> <span class='ocrx_word' id='word_1_677' title='bbox 629 4763 687 4816; x_wconf 87' lang='lat'><strong>&#39;0</strong></span> <span class='ocrx_word' id='word_1_678' title='bbox 712 4762 769 4815; x_wconf 78' lang='grc' dir='ltr'>δὲ</span> <span class='ocrx_word' id='word_1_679' title='bbox 800 4755 1077 4819; x_wconf 67' lang='grc' dir='ltr'>πολιτικὸς</span> <span class='ocrx_word' id='word_1_680' title='bbox 1106 4757 1295 4825; x_wconf 90' lang='grc' dir='ltr'>νόμος,</span> <span class='ocrx_word' id='word_1_681' title='bbox 1321 4752 1443 4823; x_wconf 81' lang='grc' dir='ltr'>ήτοι</span> <span class='ocrx_word' id='word_1_682' title='bbox 1476 4749 1539 4803; x_wconf 80' lang='grc' dir='ltr'>τὸ</span> <span class='ocrx_word' id='word_1_683' title='bbox 1578 4754 1609 4802; x_wconf 80' lang='grc' dir='ltr'>ι’</span> <span class='ocrx_word' id='word_1_684' title='bbox 1634 4765 1764 4817; x_wconf 83' lang='grc' dir='ltr'>κεφ.</span> <span class='ocrx_word' id='word_1_685' title='bbox 1793 4746 1889 4799; x_wconf 84' lang='grc' dir='ltr'>τοῦ</span> 
     </span>
    </p>
   </div>
   <div class='ocr_carea' id='block_1_97' title="bbox 318 4836 1896 4925">
    <p class='ocr_par' dir='ltr' id='par_1_97' title="bbox 318 4836 1896 4925">
     <span class='ocr_line' id='line_1_97' title="bbox 318 4836 1896 4925; baseline -0.013 -13"><span class='ocrx_word' id='word_1_686' title='bbox 318 4864 364 4925; x_wconf 75' lang='grc' dir='ltr'><strong>ζ’</strong></span> <span class='ocrx_word' id='word_1_687' title='bbox 398 4859 578 4911; x_wconf 70' lang='grc' dir='ltr'>τίτλον</span> <span class='ocrx_word' id='word_1_688' title='bbox 604 4853 699 4908; x_wconf 82' lang='grc' dir='ltr'>τοῦ</span> <span class='ocrx_word' id='word_1_689' title='bbox 732 4859 816 4921; x_wconf 83' lang='grc' dir='ltr'>κη’</span> <span class='ocrx_word' id='word_1_690' title='bbox 841 4850 1006 4922; x_wconf 80' lang='grc' dir='ltr'>βιόλ.,</span> <span class='ocrx_word' id='word_1_691' title='bbox 1031 4849 1169 4917; x_wconf 84' lang='grc' dir='ltr'>ὅπερ</span> <span class='ocrx_word' id='word_1_692' title='bbox 1197 4836 1315 4899; x_wconf 82' lang='grc' dir='ltr'>ἐστὶ</span> <span class='ocrx_word' id='word_1_693' title='bbox 1346 4843 1518 4913; x_wconf 72' lang='grc' dir='ltr'>νεαρὰ</span> <span class='ocrx_word' id='word_1_694' title='bbox 1580 4839 1896 4894; x_wconf 73' lang='grc' dir='ltr'>ἰουστινιά-</span> 
     </span>
    </p>
   </div>
   <div class='ocr_carea' id='block_1_98' title="bbox 318 4928 1897 5018">
    <p class='ocr_par' dir='ltr' id='par_1_98' title="bbox 318 4928 1897 5018">
     <span class='ocr_line' id='line_1_98' title="bbox 318 4928 1897 5018; baseline -0.014 -15"><span class='ocrx_word' id='word_1_695' title='bbox 318 4963 460 5012; x_wconf 57' lang='lat' dir='ltr'><strong>vero;</strong></span> <span class='ocrx_word' id='word_1_696' title='bbox 492 4943 617 5018; x_wconf 68' lang='grc' dir='ltr'>ριξ,</span> <span class='ocrx_word' id='word_1_697' title='bbox 656 4944 901 5016; x_wconf 74' lang='grc' dir='ltr'>φησὶτας</span> <span class='ocrx_word' id='word_1_698' title='bbox 933 4940 1203 5007; x_wconf 85' lang='grc' dir='ltr'>γυναῖκας</span> <span class='ocrx_word' id='word_1_699' title='bbox 1232 4936 1341 4987; x_wconf 82' lang='grc' dir='ltr'>τῶν</span> <span class='ocrx_word' id='word_1_700' title='bbox 1377 4936 1435 4987; x_wconf 89' lang='grc' dir='ltr'><strong>ἐν</strong></span> <span class='ocrx_word' id='word_1_701' title='bbox 1472 4930 1768 4996; x_wconf 78' lang='grc' dir='ltr'>ταξατιῶνι</span> <span class='ocrx_word' id='word_1_702' title='bbox 1801 4928 1897 4982; x_wconf 81' lang='grc' dir='ltr'>δν-</span> 
     </span>
    </p>
   </div>
   <div class='ocr_carea' id='block_1_99' title="bbox 316 5020 1895 5108">
    <p class='ocr_par' dir='ltr' id='par_1_99' title="bbox 316 5020 1895 5108">
     <span class='ocr_line' id='line_1_99' title="bbox 316 5020 1895 5108; baseline -0.015 -13"><span class='ocrx_word' id='word_1_703' title='bbox 316 5060 427 5095; x_wconf 86' lang='grc' dir='ltr'><strong>των</strong></span> <span class='ocrx_word' id='word_1_704' title='bbox 468 5041 564 5093; x_wconf 75' lang='grc' dir='ltr'><strong>καὶ</strong></span> <span class='ocrx_word' id='word_1_705' title='bbox 598 5034 887 5108; x_wconf 78' lang='grc' dir='ltr'>στρατείας</span> <span class='ocrx_word' id='word_1_706' title='bbox 918 5027 1375 5097; x_wconf 84' lang='grc' dir='ltr'>καταλεγομένων</span> <span class='ocrx_word' id='word_1_707' title='bbox 1414 5022 1773 5096; x_wconf 82' lang='grc' dir='ltr'>στρατιωτῶν</span> <span class='ocrx_word' id='word_1_708' title='bbox 1798 5020 1895 5073; x_wconf 76' lang='grc' dir='ltr'><strong>καὶ</strong></span> 
     </span>
    </p>
   </div>
   <div class='ocr_carea' id='block_1_100' title="bbox 318 5116 1879 5206">
    <p class='ocr_par' dir='ltr' id='par_1_100' title="bbox 318 5116 1879 5206">
     <span class='ocr_line' id='line_1_100' title="bbox 318 5116 1879 5206; baseline -0.015 -14"><span class='ocrx_word' id='word_1_709' title='bbox 318 5138 526 5191; x_wconf 79' lang='grc' dir='ltr'>λοιπῶν</span> <span class='ocrx_word' id='word_1_710' title='bbox 561 5132 880 5206; x_wconf 83' lang='grc' dir='ltr'>περιμένειν</span> <span class='ocrx_word' id='word_1_711' title='bbox 911 5127 1009 5199; x_wconf 82' lang='grc' dir='ltr'><strong>τὴν</strong></span> <span class='ocrx_word' id='word_1_712' title='bbox 1042 5122 1341 5193; x_wconf 79' lang='grc' dir='ltr'>ἐπιδημίαν</span> <span class='ocrx_word' id='word_1_713' title='bbox 1366 5121 1475 5174; x_wconf 84' lang='grc' dir='ltr'><strong>τῶν</strong></span> <span class='ocrx_word' id='word_1_714' title='bbox 1501 5119 1739 5190; x_wconf 82' lang='grc' dir='ltr'>ἀνδρῶν,</span> <span class='ocrx_word' id='word_1_715' title='bbox 1771 5116 1879 5171; x_wconf 67' lang='grc' dir='ltr'>κᾶν</span> 
     </span>
    </p>
   </div>
   <div class='ocr_carea' id='block_1_101' title="bbox 316 5212 1896 5300">
    <p class='ocr_par' dir='ltr' id='par_1_101' title="bbox 316 5212 1896 5300">
     <span class='ocr_line' id='line_1_101' title="bbox 316 5212 1896 5300; baseline -0.016 -13"><span class='ocrx_word' id='word_1_716' title='bbox 316 5235 439 5295; x_wconf 64' lang='grc' dir='ltr'>ὅσος</span> <span class='ocrx_word' id='word_1_717' title='bbox 469 5226 718 5300; x_wconf 80' lang='grc' dir='ltr'>παρέλθῃ</span> <span class='ocrx_word' id='word_1_718' title='bbox 742 5223 932 5295; x_wconf 78' lang='grc' dir='ltr'>χρόνος</span> <span class='ocrx_word' id='word_1_719' title='bbox 952 5237 967 5251; x_wconf 83' lang='lat'>&#39;</span> <span class='ocrx_word' id='word_1_720' title='bbox 1005 5220 1099 5272; x_wconf 72' lang='grc' dir='ltr'>καὶ</span> <span class='ocrx_word' id='word_1_721' title='bbox 1132 5216 1234 5271; x_wconf 84' lang='grc' dir='ltr'><strong>κᾶν</strong></span> <span class='ocrx_word' id='word_1_722' title='bbox 1266 5214 1530 5279; x_wconf 80' lang='grc' dir='ltr'>δέξωνται</span> <span class='ocrx_word' id='word_1_723' title='bbox 1586 5212 1896 5282; x_wconf 80' lang='grc' dir='ltr'>γράμματα</span> 
     </span>
    </p>
   </div>
   <div class='ocr_carea' id='block_1_102' title="bbox 320 5300 1898 5393">
    <p class='ocr_par' dir='ltr' id='par_1_102' title="bbox 320 5300 1898 5393">
     <span class='ocr_line' id='line_1_102' title="bbox 320 5300 1898 5393; baseline -0.014 -17"><span class='ocrx_word' id='word_1_724' title='bbox 320 5318 777 5393; x_wconf 73' lang='grc' dir='ltr'>πληροφορητικα</span> <span class='ocrx_word' id='word_1_725' title='bbox 802 5315 899 5368; x_wconf 82' lang='grc' dir='ltr'>τοῦ</span> <span class='ocrx_word' id='word_1_726' title='bbox 928 5312 1162 5367; x_wconf 76' lang='grc' dir='ltr'>θανάτου</span> <span class='ocrx_word' id='word_1_727' title='bbox 1217 5300 1418 5371; x_wconf 73' lang='grc' dir='ltr'>αὐτῶν,</span> <span class='ocrx_word' id='word_1_728' title='bbox 1468 5305 1767 5374; x_wconf 80' lang='grc' dir='ltr'>ἀναμένειν</span> <span class='ocrx_word' id='word_1_729' title='bbox 1799 5302 1898 5356; x_wconf 79' lang='grc' dir='ltr'>καὶ</span> 
     </span>
    </p>
   </div>
   <div class='ocr_carea' id='block_1_103' title="bbox 308 5394 1892 5486">
    <p class='ocr_par' dir='ltr' id='par_1_103' title="bbox 308 5394 1892 5486">
     <span class='ocr_line' id='line_1_103' title="bbox 308 5394 1892 5486; baseline -0.013 -15"><span class='ocrx_word' id='word_1_730' title='bbox 308 5419 510 5486; x_wconf 66' lang='grc' dir='ltr'>ἕτερον</span> <span class='ocrx_word' id='word_1_731' title='bbox 546 5414 818 5476; x_wconf 69' lang='grc' dir='ltr'>ἐνιαυτὸν,</span> <span class='ocrx_word' id='word_1_732' title='bbox 849 5410 948 5465; x_wconf 74' lang='grc' dir='ltr'><strong>καὶ</strong></span> <span class='ocrx_word' id='word_1_733' title='bbox 978 5407 1122 5479; x_wconf 79' lang='grc' dir='ltr'>μετὰ</span> <span class='ocrx_word' id='word_1_734' title='bbox 1145 5404 1307 5458; x_wconf 85' lang='grc' dir='ltr'>τοῦτο</span> <span class='ocrx_word' id='word_1_735' title='bbox 1335 5401 1717 5472; x_wconf 80' lang='grc' dir='ltr'>συγγνωστέον</span> <span class='ocrx_word' id='word_1_736' title='bbox 1751 5394 1892 5452; x_wconf 79' lang='grc' dir='ltr'>εἶναι</span> 
     </span>
    </p>
   </div>
   <div class='ocr_carea' id='block_1_104' title="bbox 319 5492 1897 5580">
    <p class='ocr_par' dir='ltr' id='par_1_104' title="bbox 319 5492 1897 5580">
     <span class='ocr_line' id='line_1_104' title="bbox 319 5492 1897 5580; baseline -0.013 -17"><span class='ocrx_word' id='word_1_737' title='bbox 319 5511 414 5563; x_wconf 79' lang='grc' dir='ltr'>τὸν</span> <span class='ocrx_word' id='word_1_738' title='bbox 448 5507 588 5580; x_wconf 75' lang='grc' dir='ltr'>μετὰ</span> <span class='ocrx_word' id='word_1_739' title='bbox 621 5504 812 5573; x_wconf 78' lang='grc' dir='ltr'>ἐτέρου</span> <span class='ocrx_word' id='word_1_740' title='bbox 838 5502 1032 5573; x_wconf 73' lang='grc' dir='ltr'>ἀνδρὸς</span> <span class='ocrx_word' id='word_1_741' title='bbox 1094 5502 1273 5568; x_wconf 79' lang='grc' dir='ltr'>γάμον</span> <span class='ocrx_word' id='word_1_742' title='bbox 1328 5497 1557 5564; x_wconf 60' lang='grc' dir='ltr'>ταᾴτης,</span> <span class='ocrx_word' id='word_1_743' title='bbox 1621 5494 1700 5564; x_wconf 82' lang='grc' dir='ltr'><strong>μὴ</strong></span> <span class='ocrx_word' id='word_1_744' title='bbox 1744 5492 1897 5561; x_wconf 77' lang='grc' dir='ltr'>ὀφείο</span> 
     </span>
    </p>
   </div>
   <div class='ocr_carea' id='block_1_105' title="bbox 319 5583 1899 5662">
    <p class='ocr_par' dir='ltr' id='par_1_105' title="bbox 319 5583 1899 5662">
     <span class='ocr_line' id='line_1_105' title="bbox 319 5583 1899 5662; baseline -0.012 -6"><span class='ocrx_word' id='word_1_745' title='bbox 319 5602 484 5655; x_wconf 83' lang='grc' dir='ltr'>λοντα</span> <span class='ocrx_word' id='word_1_746' title='bbox 536 5594 960 5662; x_wconf 76' lang='grc' dir='ltr'>διασπασθῆναι.</span> <span class='ocrx_word' id='word_1_747' title='bbox 1005 5590 1071 5643; x_wconf 84' lang='lat'><strong>&#39;11</strong></span> <span class='ocrx_word' id='word_1_748' title='bbox 1109 5591 1293 5660; x_wconf 83' lang='grc' dir='ltr'>μέντοι</span> <span class='ocrx_word' id='word_1_749' title='bbox 1344 5586 1425 5656; x_wconf 78' lang='grc' dir='ltr'><strong>κβ¹</strong></span> <span class='ocrx_word' id='word_1_750' title='bbox 1471 5583 1899 5648; x_wconf 82' lang='grc' dir='ltr'>ἰουστινιὰνειος</span> 
     </span>
    </p>
   </div>
   <div class='ocr_carea' id='block_1_106' title="bbox 320 5676 1895 5765">
    <p class='ocr_par' dir='ltr' id='par_1_106' title="bbox 320 5676 1895 5765">
     <span class='ocr_line' id='line_1_106' title="bbox 320 5676 1895 5765; baseline -0.011 -17"><span class='ocrx_word' id='word_1_751' title='bbox 320 5693 655 5765; x_wconf 69' lang='grc' dir='ltr'>νεαρὰ,ἥτοι</span> <span class='ocrx_word' id='word_1_752' title='bbox 694 5687 755 5739; x_wconf 83' lang='grc' dir='ltr'><strong>τὸ</strong></span> <span class='ocrx_word' id='word_1_753' title='bbox 786 5691 825 5738; x_wconf 84' lang='grc' dir='ltr'>ε’</span> <span class='ocrx_word' id='word_1_754' title='bbox 858 5700 984 5752; x_wconf 78' lang='grc' dir='ltr'>κεφ.</span> <span class='ocrx_word' id='word_1_755' title='bbox 1042 5683 1135 5734; x_wconf 79' lang='grc' dir='ltr'><strong>τοῦ</strong></span> <span class='ocrx_word' id='word_1_756' title='bbox 1183 5680 1225 5747; x_wconf 77' lang='grc' dir='ltr'>ς’</span> <span class='ocrx_word' id='word_1_757' title='bbox 1257 5682 1437 5733; x_wconf 82' lang='grc' dir='ltr'>τίτλου</span> <span class='ocrx_word' id='word_1_758' title='bbox 1470 5677 1564 5731; x_wconf 82' lang='grc' dir='ltr'>τοῦ</span> <span class='ocrx_word' id='word_1_759' title='bbox 1621 5676 1705 5748; x_wconf 86' lang='grc' dir='ltr'>κη’</span> <span class='ocrx_word' id='word_1_760' title='bbox 1749 5676 1895 5746; x_wconf 78' lang='grc' dir='ltr'>βιϐλ.</span> 
     </span>
    </p>
   </div>
   <div class='ocr_carea' id='block_1_107' title="bbox 321 5771 1887 5856">
    <p class='ocr_par' dir='ltr' id='par_1_107' title="bbox 321 5771 1887 5856">
     <span class='ocr_line' id='line_1_107' title="bbox 321 5771 1887 5856; baseline -0.011 -15"><span class='ocrx_word' id='word_1_761' title='bbox 321 5785 620 5856; x_wconf 74' lang='grc' dir='ltr'>διορίζεται</span> <span class='ocrx_word' id='word_1_762' title='bbox 672 5780 762 5833; x_wconf 68' lang='grc' dir='ltr'><strong>ἐπὶ</strong></span> <span class='ocrx_word' id='word_1_763' title='bbox 789 5774 1114 5845; x_wconf 67' lang='grc' dir='ltr'>πενταετίαν</span> <span class='ocrx_word' id='word_1_764' title='bbox 1143 5775 1439 5845; x_wconf 71' lang='grc' dir='ltr'>ἀναμένειν</span> <span class='ocrx_word' id='word_1_765' title='bbox 1498 5771 1597 5842; x_wconf 72' lang='grc' dir='ltr'>τὴν</span> <span class='ocrx_word' id='word_1_766' title='bbox 1650 5772 1887 5841; x_wconf 64' lang='grc' dir='ltr'>γυναῖκα</span> 
     </span>
    </p>
   </div>
   <div class='ocr_carea' id='block_1_108' title="bbox 2002 4570 3572 4639">
    <p class='ocr_par' dir='ltr' id='par_1_108' title="bbox 2002 4570 3572 4639">
     <span class='ocr_line' id='line_1_108' title="bbox 2002 4570 3572 4639; baseline -0.001 -13"><span class='ocrx_word' id='word_1_767' title='bbox 2002 4579 2208 4626; x_wconf 86' lang='lat' dir='ltr'><strong>scunt:</strong></span> <span class='ocrx_word' id='word_1_768' title='bbox 2257 4585 2363 4626; x_wconf 91' lang='lat' dir='ltr'><strong>non</strong></span> <span class='ocrx_word' id='word_1_769' title='bbox 2403 4583 2588 4626; x_wconf 87' lang='lat' dir='ltr'><strong>autem</strong></span> <span class='ocrx_word' id='word_1_770' title='bbox 2643 4584 2765 4639; x_wconf 61' lang='lat' dir='ltr'><strong>qua:</strong></span> <span class='ocrx_word' id='word_1_771' title='bbox 2798 4573 3067 4626; x_wconf 87' lang='lat' dir='ltr'><strong>resistunt</strong></span> <span class='ocrx_word' id='word_1_772' title='bbox 3129 4578 3183 4625; x_wconf 89' lang='lat' dir='ltr'><strong>et</strong></span> <span class='ocrx_word' id='word_1_773' title='bbox 3239 4570 3572 4625; x_wconf 74' lang='lat' dir='ltr'><strong>adulterium</strong></span> 
     </span>
    </p>
   </div>
   <div class='ocr_carea' id='block_1_109' title="bbox 1998 4661 3578 4733">
    <p class='ocr_par' dir='ltr' id='par_1_109' title="bbox 1998 4661 3578 4733">
     <span class='ocr_line' id='line_1_109' title="bbox 1998 4661 3578 4733; baseline 0 -17"><span class='ocrx_word' id='word_1_774' title='bbox 1998 4663 2228 4733; x_wconf 74' lang='lat' dir='ltr'><strong>eligunt.</strong></span> <span class='ocrx_word' id='word_1_775' title='bbox 2261 4663 2326 4717; x_wconf 85' lang='lat' dir='ltr'><strong>Et</strong></span> <span class='ocrx_word' id='word_1_776' title='bbox 2359 4664 2474 4718; x_wconf 62' lang='lat' dir='ltr'><strong>haec</strong></span> <span class='ocrx_word' id='word_1_777' title='bbox 2519 4661 2742 4732; x_wconf 83' lang='lat' dir='ltr'><strong>quidem</strong></span> <span class='ocrx_word' id='word_1_778' title='bbox 2791 4677 2991 4716; x_wconf 84' lang='lat' dir='ltr'><strong>canon.</strong></span> <span class='ocrx_word' id='word_1_779' title='bbox 3044 4662 3155 4717; x_wconf 82' lang='lat' dir='ltr'><strong>Lex</strong></span> <span class='ocrx_word' id='word_1_780' title='bbox 3210 4673 3392 4717; x_wconf 79' lang='lat' dir='ltr'><strong>autem</strong></span> <span class='ocrx_word' id='word_1_781' title='bbox 3422 4664 3578 4732; x_wconf 70' lang='lat' dir='ltr'><strong>,eivi-</strong></span> 
     </span>
    </p>
   </div>
   <div class='ocr_carea' id='block_1_110' title="bbox 2001 4737 3578 4825">
    <p class='ocr_par' dir='ltr' id='par_1_110' title="bbox 2001 4737 3578 4825">
     <span class='ocr_line' id='line_1_110' title="bbox 2001 4737 3578 4825; baseline 0.001 -18"><span class='ocrx_word' id='word_1_782' title='bbox 2001 4753 2092 4820; x_wconf 87' lang='lat' dir='ltr'><strong>lis,</strong></span> <span class='ocrx_word' id='word_1_783' title='bbox 2120 4752 2186 4806; x_wconf 78' lang='grc'>10</span> <span class='ocrx_word' id='word_1_784' title='bbox 2238 4754 2450 4809; x_wconf 88' lang='lat' dir='ltr'><strong>scilicet</strong></span> <span class='ocrx_word' id='word_1_785' title='bbox 2492 4737 2629 4824; x_wconf 57' lang='lat' dir='ltr'><strong>cap.</strong></span> <span class='ocrx_word' id='word_1_786' title='bbox 2661 4755 2693 4808; x_wconf 86' lang='grc'>7</span> <span class='ocrx_word' id='word_1_787' title='bbox 2746 4756 2830 4808; x_wconf 88' lang='lat' dir='ltr'><strong>tit.</strong></span> <span class='ocrx_word' id='word_1_788' title='bbox 2864 4770 3030 4809; x_wconf 74' lang='lat' dir='ltr'><strong>xxvnt</strong></span> <span class='ocrx_word' id='word_1_789' title='bbox 3081 4755 3203 4817; x_wconf 89' lang='lat' dir='ltr'><strong>lib.,</strong></span> <span class='ocrx_word' id='word_1_790' title='bbox 3252 4754 3401 4825; x_wconf 87' lang='lat' dir='ltr'><strong>quod</strong></span> <span class='ocrx_word' id='word_1_791' title='bbox 3449 4755 3578 4823; x_wconf 86' lang='lat' dir='ltr'><strong>qui-</strong></span> 
     </span>
    </p>
   </div>
   <div class='ocr_carea' id='block_1_111' title="bbox 2001 4844 3577 4911">
    <p class='ocr_par' dir='ltr' id='par_1_111' title="bbox 2001 4844 3577 4911">
     <span class='ocr_line' id='line_1_111' title="bbox 2001 4844 3577 4911; baseline -0.001 -12"><span class='ocrx_word' id='word_1_792' title='bbox 2001 4844 2125 4901; x_wconf 87' lang='lat' dir='ltr'><strong>dem</strong></span> <span class='ocrx_word' id='word_1_793' title='bbox 2158 4853 2240 4899; x_wconf 90' lang='lat' dir='ltr'><strong>est</strong></span> <span class='ocrx_word' id='word_1_794' title='bbox 2288 4846 2503 4900; x_wconf 89' lang='lat' dir='ltr'><strong>novella</strong></span> <span class='ocrx_word' id='word_1_795' title='bbox 2548 4844 2753 4900; x_wconf 77' lang='lat' dir='ltr'><strong>Justiti.</strong></span> <span class='ocrx_word' id='word_1_796' title='bbox 2787 4846 2883 4899; x_wconf 82' lang='lat' dir='ltr'><strong>H7</strong></span> <span class='ocrx_word' id='word_1_797' title='bbox 2922 4846 3056 4899; x_wconf 88' lang='lat' dir='ltr'><strong>dicit</strong></span> <span class='ocrx_word' id='word_1_798' title='bbox 3110 4861 3312 4901; x_wconf 76' lang='lat' dir='ltr'><strong>uxores</strong></span> <span class='ocrx_word' id='word_1_799' title='bbox 3362 4859 3577 4911; x_wconf 87' lang='lat' dir='ltr'><strong>eorum,</strong></span> 
     </span>
    </p>
   </div>
   <div class='ocr_carea' id='block_1_112' title="bbox 2003 4936 3579 5006">
    <p class='ocr_par' dir='ltr' id='par_1_112' title="bbox 2003 4936 3579 5006">
     <span class='ocr_line' id='line_1_112' title="bbox 2003 4936 3579 5006; baseline 0.002 -19"><span class='ocrx_word' id='word_1_800' title='bbox 2003 4936 2094 5006; x_wconf 88' lang='lat' dir='ltr'><strong>qui</strong></span> <span class='ocrx_word' id='word_1_801' title='bbox 2125 4946 2255 4991; x_wconf 89' lang='lat' dir='ltr'><strong>sunt</strong></span> <span class='ocrx_word' id='word_1_802' title='bbox 2317 4938 2371 4991; x_wconf 90' lang='lat' dir='ltr'><strong>in</strong></span> <span class='ocrx_word' id='word_1_803' title='bbox 2423 4938 2562 5003; x_wconf 84' lang='lat' dir='ltr'><strong>acie,</strong></span> <span class='ocrx_word' id='word_1_804' title='bbox 2616 4946 2671 4991; x_wconf 92' lang='lat' dir='ltr'><strong>et</strong></span> <span class='ocrx_word' id='word_1_805' title='bbox 2726 4937 2783 4991; x_wconf 92' lang='lat' dir='ltr'><strong>in</strong></span> <span class='ocrx_word' id='word_1_806' title='bbox 2842 4937 3113 4991; x_wconf 77' lang='lat' dir='ltr'><strong>militares</strong></span> <span class='ocrx_word' id='word_1_807' title='bbox 3157 4936 3382 4992; x_wconf 88' lang='lat' dir='ltr'><strong>ordines</strong></span> <span class='ocrx_word' id='word_1_808' title='bbox 3422 4938 3579 4991; x_wconf 87' lang='lat' dir='ltr'><strong>relati</strong></span> 
     </span>
    </p>
   </div>
   <div class='ocr_carea' id='block_1_113' title="bbox 2004 5026 3582 5098">
    <p class='ocr_par' dir='ltr' id='par_1_113' title="bbox 2004 5026 3582 5098">
     <span class='ocr_line' id='line_1_113' title="bbox 2004 5026 3582 5098; baseline 0.001 -18"><span class='ocrx_word' id='word_1_809' title='bbox 2004 5035 2154 5090; x_wconf 90' lang='lat' dir='ltr'><strong>sunt,</strong></span> <span class='ocrx_word' id='word_1_810' title='bbox 2199 5026 2434 5080; x_wconf 89' lang='lat' dir='ltr'><strong>militum</strong></span> <span class='ocrx_word' id='word_1_811' title='bbox 2487 5036 2542 5082; x_wconf 91' lang='lat' dir='ltr'><strong>et</strong></span> <span class='ocrx_word' id='word_1_812' title='bbox 2596 5027 2957 5097; x_wconf 83' lang='lat' dir='ltr'><strong>reliquorum,</strong></span> <span class='ocrx_word' id='word_1_813' title='bbox 3008 5026 3209 5083; x_wconf 89' lang='lat' dir='ltr'><strong>debere</strong></span> <span class='ocrx_word' id='word_1_814' title='bbox 3257 5037 3582 5098; x_wconf 80' lang='lat' dir='ltr'><strong>exspectare</strong></span> 
     </span>
    </p>
   </div>
   <div class='ocr_carea' id='block_1_114' title="bbox 2005 5119 3581 5190">
    <p class='ocr_par' dir='ltr' id='par_1_114' title="bbox 2005 5119 3581 5190">
     <span class='ocr_line' id='line_1_114' title="bbox 2005 5119 3581 5190; baseline 0.001 -18"><span class='ocrx_word' id='word_1_815' title='bbox 2005 5120 2326 5173; x_wconf 87' lang='lat' dir='ltr'><strong>maritorum</strong></span> <span class='ocrx_word' id='word_1_816' title='bbox 2361 5119 2641 5184; x_wconf 74' lang='lat' dir='ltr'><strong>reditum,</strong></span> <span class='ocrx_word' id='word_1_817' title='bbox 2663 5128 3159 5190; x_wconf 85' lang='lat' dir='ltr'><strong>quantumcunque</strong></span> <span class='ocrx_word' id='word_1_818' title='bbox 3195 5129 3410 5188; x_wconf 86' lang='lat' dir='ltr'><strong>tempus</strong></span> <span class='ocrx_word' id='word_1_819' title='bbox 3436 5133 3581 5188; x_wconf 75' lang='lat' dir='ltr'><strong>pra:-</strong></span> 
     </span>
    </p>
   </div>
   <div class='ocr_carea' id='block_1_115' title="bbox 2004 5210 3578 5282">
    <p class='ocr_par' dir='ltr' id='par_1_115' title="bbox 2004 5210 3578 5282">
     <span class='ocr_line' id='line_1_115' title="bbox 2004 5210 3578 5282; baseline 0.001 -17"><span class='ocrx_word' id='word_1_820' title='bbox 2004 5210 2216 5267; x_wconf 86' lang='lat' dir='ltr'><strong>terierit</strong></span> <span class='ocrx_word' id='word_1_821' title='bbox 2243 5228 2257 5264; x_wconf 92' lang='lat'><strong>:</strong></span> <span class='ocrx_word' id='word_1_822' title='bbox 2292 5224 2344 5265; x_wconf 85' lang='lat' dir='ltr'><strong>et</strong></span> <span class='ocrx_word' id='word_1_823' title='bbox 2376 5213 2592 5266; x_wconf 84' lang='lat' dir='ltr'><strong>etiamsi</strong></span> <span class='ocrx_word' id='word_1_824' title='bbox 2621 5212 2688 5266; x_wconf 90' lang='lat' dir='ltr'><strong>de</strong></span> <span class='ocrx_word' id='word_1_825' title='bbox 2721 5213 2844 5282; x_wconf 87' lang='lat' dir='ltr'><strong>ejus</strong></span> <span class='ocrx_word' id='word_1_826' title='bbox 2876 5220 3052 5267; x_wconf 85' lang='lat' dir='ltr'><strong>morte</strong></span> <span class='ocrx_word' id='word_1_827' title='bbox 3077 5212 3280 5265; x_wconf 88' lang='lat' dir='ltr'><strong>litteris</strong></span> <span class='ocrx_word' id='word_1_828' title='bbox 3309 5211 3578 5267; x_wconf 82' lang='lat' dir='ltr'><strong>certiores</strong></span> 
     </span>
    </p>
   </div>
   <div class='ocr_carea' id='block_1_116' title="bbox 2004 5304 3576 5376">
    <p class='ocr_par' dir='ltr' id='par_1_116' title="bbox 2004 5304 3576 5376">
     <span class='ocr_line' id='line_1_116' title="bbox 2004 5304 3576 5376; baseline -0.003 -16"><span class='ocrx_word' id='word_1_829' title='bbox 2004 5305 2164 5360; x_wconf 76' lang='lat' dir='ltr'><strong>facta:</strong></span> <span class='ocrx_word' id='word_1_830' title='bbox 2226 5304 2480 5368; x_wconf 83' lang='lat' dir='ltr'><strong>luerunt,</strong></span> <span class='ocrx_word' id='word_1_831' title='bbox 2544 5304 2749 5360; x_wconf 86' lang='lat' dir='ltr'><strong>debere</strong></span> <span class='ocrx_word' id='word_1_832' title='bbox 2804 5318 3028 5376; x_wconf 87' lang='lat' dir='ltr'><strong>quoque</strong></span> <span class='ocrx_word' id='word_1_833' title='bbox 3079 5306 3315 5358; x_wconf 86' lang='lat' dir='ltr'><strong>alterum</strong></span> <span class='ocrx_word' id='word_1_834' title='bbox 3371 5317 3576 5357; x_wconf 87' lang='lat' dir='ltr'><strong>annum</strong></span> 
     </span>
    </p>
   </div>
   <div class='ocr_carea' id='block_1_117' title="bbox 2004 5391 3576 5467">
    <p class='ocr_par' dir='ltr' id='par_1_117' title="bbox 2004 5391 3576 5467">
     <span class='ocr_line' id='line_1_117' title="bbox 2004 5391 3576 5467; baseline -0.006 -13"><span class='ocrx_word' id='word_1_835' title='bbox 2004 5405 2349 5467; x_wconf 80' lang='lat' dir='ltr'><strong>exspectare,</strong></span> <span class='ocrx_word' id='word_1_836' title='bbox 2383 5403 2439 5451; x_wconf 92' lang='lat' dir='ltr'><strong>et</strong></span> <span class='ocrx_word' id='word_1_837' title='bbox 2479 5397 2527 5450; x_wconf 91' lang='lat' dir='ltr'><strong>ei</strong></span> <span class='ocrx_word' id='word_1_838' title='bbox 2568 5404 2756 5465; x_wconf 86' lang='lat' dir='ltr'><strong>postea</strong></span> <span class='ocrx_word' id='word_1_839' title='bbox 2790 5397 3005 5450; x_wconf 88' lang='lat' dir='ltr'><strong>veniam</strong></span> <span class='ocrx_word' id='word_1_840' title='bbox 3043 5394 3279 5449; x_wconf 86' lang='lat' dir='ltr'><strong>dandam</strong></span> <span class='ocrx_word' id='word_1_841' title='bbox 3332 5406 3477 5456; x_wconf 85' lang='lat' dir='ltr'><strong>esse,</strong></span> <span class='ocrx_word' id='word_1_842' title='bbox 3528 5391 3576 5446; x_wconf 90' lang='lat' dir='ltr'><strong>si</strong></span> 
     </span>
    </p>
   </div>
   <div class='ocr_carea' id='block_1_118' title="bbox 2002 5486 3580 5553">
    <p class='ocr_par' dir='ltr' id='par_1_118' title="bbox 2002 5486 3580 5553">
     <span class='ocr_line' id='line_1_118' title="bbox 2002 5486 3580 5553; baseline -0.006 -7"><span class='ocrx_word' id='word_1_843' title='bbox 2002 5505 2133 5546; x_wconf 88' lang='lat' dir='ltr'><strong>cum</strong></span> <span class='ocrx_word' id='word_1_844' title='bbox 2158 5490 2268 5543; x_wconf 87' lang='lat' dir='ltr'><strong>alio</strong></span> <span class='ocrx_word' id='word_1_845' title='bbox 2297 5503 2419 5543; x_wconf 61' lang='lat' dir='ltr'><strong>Vtro</strong></span> <span class='ocrx_word' id='word_1_846' title='bbox 2450 5488 2869 5541; x_wconf 82' lang='lat' dir='ltr'><strong>matrimonium</strong></span> <span class='ocrx_word' id='word_1_847' title='bbox 2900 5486 3222 5550; x_wconf 81' lang='lat' dir='ltr'><strong>contrahat,</strong></span> <span class='ocrx_word' id='word_1_848' title='bbox 3272 5486 3418 5553; x_wconf 91' lang='lat' dir='ltr'><strong>quod</strong></span> <span class='ocrx_word' id='word_1_849' title='bbox 3470 5497 3580 5537; x_wconf 90' lang='lat' dir='ltr'><strong>non</strong></span> 
     </span>
    </p>
   </div>
   <div class='ocr_carea' id='block_1_119' title="bbox 2006 5563 3661 5649">
    <p class='ocr_par' dir='ltr' id='par_1_119' title="bbox 2006 5563 3661 5649">
     <span class='ocr_line' id='line_1_119' title="bbox 2006 5563 3661 5649; baseline -0.004 -13"><span class='ocrx_word' id='word_1_850' title='bbox 2006 5583 2167 5637; x_wconf 86' lang='lat' dir='ltr'><strong>debet</strong></span> <span class='ocrx_word' id='word_1_851' title='bbox 2200 5582 2467 5649; x_wconf 77' lang='lat' dir='ltr'><strong>separari.</strong></span> <span class='ocrx_word' id='word_1_852' title='bbox 2496 5578 2771 5633; x_wconf 85' lang='lat' dir='ltr'><strong>Vicesima</strong></span> <span class='ocrx_word' id='word_1_853' title='bbox 2800 5589 2980 5632; x_wconf 89' lang='lat' dir='ltr'><strong>autem</strong></span> <span class='ocrx_word' id='word_1_854' title='bbox 3008 5576 3248 5632; x_wconf 88' lang='lat' dir='ltr'><strong>secunda</strong></span> <span class='ocrx_word' id='word_1_855' title='bbox 3282 5573 3579 5630; x_wconf 82' lang='lat' dir='ltr'><strong>Justiniani</strong></span> <span class='ocrx_word' id='word_1_856' title='bbox 3658 5563 3661 5567; x_wconf 51' lang='grc'><em>’</em></span> 
     </span>
    </p>
   </div>
   <div class='ocr_carea' id='block_1_120' title="bbox 2010 5667 3583 5741">
    <p class='ocr_par' dir='ltr' id='par_1_120' title="bbox 2010 5667 3583 5741">
     <span class='ocr_line' id='line_1_120' title="bbox 2010 5667 3583 5741; baseline -0.007 -12"><span class='ocrx_word' id='word_1_857' title='bbox 2010 5674 2265 5738; x_wconf 84' lang='lat' dir='ltr'><strong>novella,</strong></span> <span class='ocrx_word' id='word_1_858' title='bbox 2301 5674 2417 5728; x_wconf 89' lang='lat' dir='ltr'><strong>sive</strong></span> <span class='ocrx_word' id='word_1_859' title='bbox 2480 5672 2513 5725; x_wconf 81' lang='lat'><strong>5</strong></span> <span class='ocrx_word' id='word_1_860' title='bbox 2567 5681 2734 5741; x_wconf 85' lang='lat' dir='ltr'><strong>caput</strong></span> <span class='ocrx_word' id='word_1_861' title='bbox 2785 5672 2814 5723; x_wconf 89' lang='lat'><strong>7</strong></span> <span class='ocrx_word' id='word_1_862' title='bbox 2866 5674 2953 5724; x_wconf 86' lang='lat' dir='ltr'><strong>tit.</strong></span> <span class='ocrx_word' id='word_1_863' title='bbox 3018 5685 3183 5723; x_wconf 81' lang='lat' dir='ltr'><strong>xxvnt</strong></span> <span class='ocrx_word' id='word_1_864' title='bbox 3238 5669 3334 5722; x_wconf 88' lang='lat' dir='ltr'><strong>lib.</strong></span> <span class='ocrx_word' id='word_1_865' title='bbox 3390 5667 3583 5722; x_wconf 85' lang='lat' dir='ltr'><strong>statuit</strong></span> 
     </span>
    </p>
   </div>
   <div class='ocr_carea' id='block_1_121' title="bbox 2008 5763 3581 5838">
    <p class='ocr_par' dir='ltr' id='par_1_121' title="bbox 2008 5763 3581 5838">
     <span class='ocr_line' id='line_1_121' title="bbox 2008 5763 3581 5838; baseline -0.004 -17"><span class='ocrx_word' id='word_1_866' title='bbox 2008 5766 2391 5838; x_wconf 78' lang='lat' dir='ltr'><strong>quinquennio</strong></span> <span class='ocrx_word' id='word_1_867' title='bbox 2426 5766 2627 5820; x_wconf 85' lang='lat' dir='ltr'><strong>debere</strong></span> <span class='ocrx_word' id='word_1_868' title='bbox 2657 5773 2979 5834; x_wconf 73' lang='lat' dir='ltr'><strong>exspectare</strong></span> <span class='ocrx_word' id='word_1_869' title='bbox 3014 5763 3302 5818; x_wconf 81' lang='lat' dir='ltr'><strong>mulierem</strong></span> <span class='ocrx_word' id='word_1_870' title='bbox 3348 5763 3430 5819; x_wconf 81' lang='lat' dir='ltr'><strong>vel</strong></span> <span class='ocrx_word' id='word_1_871' title='bbox 3465 5774 3581 5815; x_wconf 87' lang='lat' dir='ltr'><strong>tua-</strong></span> 
     </span>
    </p>
   </div>
  </div>
