4062 6446
459 377 560 439 83E

1692 362 1969 423 TllEOD.
2014 354 2415 419 BALSAMON

3606 345 3714 409 836

462 486 649 547 litum,
682 480 904 551 quando
954 480 1077 548 quis
1109 493 1174 532 ex
1204 476 1344 546 ipsis
1399 473 1545 529 bello
1596 480 1789 539 captus
1836 469 2021 528 fuerit,

2149 464 2279 533 lrbv
2310 464 2501 531 ἄνδρα,
2541 460 2671 513 ὅταν
2701 475 2784 522 τις
2810 457 2868 523 ἐξ
2898 440 3081 512 αὐτῶν
3117 453 3555 527 αίχμαλωτισθῇ,
3615 456 3713 510 καὶ

460 592 511 631 et
573 593 642 629 an
698 582 845 626 ττι-αι
896 575 1169 625 incertum
1237 579 1374 623 est:
1429 577 1550 636 post
1598 564 2032 634 quinquennium

462 676 664 727 autem,
726 666 955 719 alterum
1013 662 1424 716 matrimonium
1487 658 1838 712 contrahere.
1894 657 2034 725 Lege

461 777 592 826 ergo
624 760 765 811 hanc
830 755 1121 817 novellam,
1160 764 1212 807 et
1264 753 1333 806 53
1392 752 1523 820 imp.
1579 750 1785 805 domini
1840 749 2034 803 Leonis

466 849 742 920 Sapientis
784 848 1050 899 novellam
1111 851 1447 898 statuentem
1510 860 1616 895 non
1678 841 1845 893 licere
1896 853 2034 909 prte-

387 931 393 939 ’
465 951 618 997 textu
655 939 996 1009 captivitatis
1049 938 1184 991 solvi
1226 933 1656 992 matrimonium,
1706 946 1807 984 nec
1870 928 2033 998 parti,

462 1052 583 1104 qua:
620 1033 788 1086 libera
833 1037 1159 1086 conservata
1194 1038 1301 1088 est,
1338 1027 1504 1079 licere
1550 1022 1716 1093 269
1774 1021 1839 1073 ad
1894 1020 2034 1072 alte-

462 1143 581 1179 rum
627 1125 1036 1178 matrimonium
1075 1122 1345 1187 respicere
1380 1134 1392 1170 :
1432 1118 1527 1172 sed
1563 1124 1619 1169 et.
1674 1115 1717 1169 si
1771 1113 1861 1166 alii
1902 1126 2035 1165 con-

459 1218 687 1286 junctus
724 1215 907 1276 fuerit,
944 1213 1069 1266 licet
1127 1212 1289 1280 parti,
1326 1225 1445 1277 qua:
1491 1224 1556 1261 ex
1606 1206 1919 1274 captivitate
1952 1217 2037 1256 re-

461 1325 621 1364 versa
655 1317 761 1370 est,
794 1307 1069 1375 pr0priunt
1100 1305 1408 1357 membrum
1446 1315 1724 1363 revocare,
1759 1295 2033 1352 secundas

463 1411 645 1455 autem
677 1400 895 1467 nuptias
950 1396 1279 1449 di-traltere.
1325 1394 1461 1448 Cum
1513 1408 1644 1462 ergo
1706 1405 1884 1443 canon
1919 1390 2035 1443 iure

462 1494 647 1545 nntnia
681 1494 965 1551 decernat,
990 1504 1110 1556 qua:
1141 1486 1398 1553 superius
1428 1485 1570 1538 dicta
1617 1493 1764 1547 sunt,
1795 1492 1846 1535 et
1892 1482 2036 1550 leges

463 1598 527 1636 ea
554 1583 785 1651 jubeant
816 1598 937 1648 qua:
974 1578 1222 1648 proxime
1267 1578 1469 1645 scripta
1524 1585 1675 1635 sunt,
1728 1575 2035 1642 interroga-

464 1674 604 1726 verit
631 1674 927 1742 quispiam,
979 1676 995 1724 l
1028 1672 1256 1725 trisnatn
1292 1680 1527 1722 mento-tn
1563 1668 1824 1721 adhibere
1867 1666 2031 1720 debeo

466 1766 625 1819 BIIIS?
667 1764 932 1826 Dicimus,
989 1764 1216 1832 quodet
1263 1762 1330 1815 iis
1380 1777 1501 1829 qum
1546 1768 1673 1812 sunt
1706 1759 1759 1812 in
1797 1774 2031 1818 cancne,

463 1866 517 1911 et
556 1871 674 1925 quae
704 1864 829 1909 sunt
870 1856 921 1907 in
957 1856 1089 1921 lege,
1122 1852 1413 1917 unicuique
1438 1865 1627 1904 corum
1657 1859 1969 1919 opportune
2018 1866 2033 1903 :

467 1957 523 2001 et
554 1964 651 2002 eas
679 1948 897 2016 quidem
938 1962 999 1998 ex
1034 1960 1246 1999 eanune
1280 1944 1559 1997 adulteras
1588 1958 1710 1996 esse
1737 1941 2040 1995 dixerimus

470 2038 752 2101 mulieres,
783 2038 851 2091 de
883 2038 1081 2105 quibus
1140 2049 1339 2097 canon,
1387 2050 1508 2103 qua:
1560 2034 1681 2087 aliis
1717 2041 2037 2101 nupserunt,

465 2127 790 2195 priusquam
823 2128 984 2194 plane
1022 2126 1293 2178 certiores
1324 2124 1479 2176 facta:
1516 2121 1719 2176 fuerint
1750 2122 1819 2175 de
1866 2131 2041 2173 morte

468 2218 799 2271 maritorum
832 2231 1083 2277 suorum,
1112 2216 1203 2286 qui
1236 2231 1342 2268 non
1383 2224 1725 2284 comparent.
1759 2213 1871 2267 lloc
1892 2217 2039 2268 enim

470 2310 696 2363 novella:
730 2323 945 2376 quoque
971 2308 1187 2375 juheut.
1212 2305 1402 2360 Mi!itis
1434 2315 1610 2359 autem
1646 2314 1894 2370 uxorem,
1925 2323 2044 2377 quae

473 2418 582 2456 non
612 2410 674 2455 ut
712 2400 924 2454 novella
956 2400 1272 2453 continetur
1296 2400 1567 2467 nupserit,
1595 2399 1753 2452 venia
1782 2413 1888 2451 non
1919 2415 2043 2453 esse

470 2497 693 2564 dignam
732 2492 1209 2556 existimabimus;
1252 2494 1391 2544 sicut
1421 2500 1475 2543 et
1513 2506 1660 2555 eam,
1697 2507 1816 2559 quae
1844 2504 2043 2545 secun—

470 2589 601 2641 dum
633 2586 784 2639 illam
820 2584 1034 2647 inec-rit,
1073 2598 1182 2635 non
1214 2581 1705 2650 reprehendemus.
1736 2578 1889 2646 Quod
1941 2596 2043 2635 att-

467 2690 575 2735 tem
622 2679 782 2731 liceat
809 2676 1066 2730 omnibus
1096 2674 1469 2727 adulterarum
1499 2673 1786 2727 mulierum
1832 2673 2044 2729 maritis

466 2786 563 2823 cas
601 2767 840 2834 retipere
867 2766 1029 2820 etiam
1064 2774 1188 2831 post
1226 2764 1489 2826 reditum,
1520 2764 1608 2817 dic
1639 2765 2035 2830 communiter,

467 2870 523 2914 et
548 2874 653 2913 non
693 2859 747 2913 in
775 2858 890 2912 Sola
933 2855 1124 2910 militis
1156 2870 1359 2921 uxore,
1400 2865 1460 2908 ut
1494 2854 1641 2908 dicta
1679 2854 1779 2908 H7
1830 2857 2042 2910 novella

471 2950 822 3013 continetur,
857 2963 979 3018 qua
1039 2948 1255 3002 redacta
1323 2956 1407 3002 est
1456 2947 1509 3000 in
1565 2962 1682 3017 cap.
1746 2948 1799 3011 '5,
1860 2949 1927 3002 l3
1956 2949 2041 3002 tit.

472 3039 761 3108 prtesentis
791 3038 992 3107 operis.
1047 3035 1317 3101 Quoniam
1368 3046 1550 3089 autem
1592 3049 1766 3089 canon
1822 3035 2040 3105 quidem

475 3129 545 3183 de
576 3127 810 3197 captivis
845 3126 984 3180 nihil
1010 3126 1319 3191 constituit,
1353 3125 1497 3179 dicta
1533 3134 1713 3179 autent
1746 3125 2041 3180 Iustiniani

473 3219 688 3279 novella
722 3218 919 3273 statuit
957 3217 1339 3287 quinquennio
1363 3228 1686 3286 exspectare
1717 3216 1917 3272 debere
1961 3232 2049 3272 re-

473 3312 660 3366 lictam
700 3320 910 3380 partem
948 3309 1202 3371 liberam,
1233 3316 1288 3362 et
1317 3309 1396 3363 sic
1423 3310 1543 3363 sine
1580 3310 1687 3362 ullo
1730 3309 2049 3377 prmjudicio

472 3404 701 3457 alterum
770 3400 1181 3455 matrimonium
1246 3401 1612 3467 contrahere;
1671 3403 1757 3455 cui
1823 3402 2045 3471 quidem

472 3494 781 3549 deﬁnitioni
850 3493 1171 3548 adversatur
1224 3493 1294 3547 53
1352 3494 1562 3546 novella
1646 3492 1779 3561 imp.
1841 3495 2046 3548 domin‘i

480 3586 677 3641 Leonis
719 3584 1019 3655 Sapientis,
1060 3600 1183 3654 quae
1217 3585 1349 3639 dicit
1383 3586 1722 3650 indistincte,
1749 3589 2045 3656 captivum,

475 3676 571 3745 qui
607 3690 860 3730 reversus
889 3683 972 3730 est
1003 3690 1219 3743 semper
1269 3689 1524 3728 revocare
1558 3676 1838 3744 proprium
1876 3693 2047 3732 mem-

476 3766 635 3819 brum
669 3782 682 3817 :
716 3766 805 3819 dic
838 3764 1137 3818 Justiniani
1174 3765 1447 3818 novellam
1482 3765 1799 3835 abrogatam
1847 3783 1971 3822 esse
2016 3785 2048 3824 a

475 3858 622 3911 dicta
657 3858 871 3911 novella
910 3858 1041 3925 imp.
1080 3855 1289 3908 domini
1319 3853 1520 3908 Leonis
1554 3855 1850 3924 Sapientis.
1904 3856 2048 3913 Prte-

475 3960 624 4003 terea
684 3964 749 4003 ne
811 3948 909 4002 tibi
972 3947 1315 4002 contrarium
1372 3947 1626 4001 videatur
1686 3951 2045 4017 penultinmm

475 4040 655 4093 thema
690 4040 774 4105 ll,
801 4054 921 4108 cap.
952 4039 1018 4093 57
1074 4039 1159 4092 tit.
1196 4054 1262 4091 ιχ
1320 4038 1414 4092 lib.
1446 4039 1636 4094 dicens
1672 4058 1682 4091 :
1725 4042 1781 4094 Si
1809 4042 1899 4095 dttt
1953 4044 2051 4097 ab-

477 4139 687 4181 sentem
736 4130 917 4180 virum
977 4127 1113 4182 falso
1143 4127 1373 4195 periisse
1426 4129 1623 4182 mulier
1659 4131 1953 4196 audiverit,
1996 4141 2051 4187 et

481 4220 624 4273 fama
658 4234 917 4288 persuasa
950 4220 1043 4273 alii
1077 4235 1136 4273 se
1163 4220 1281 4274 sine
1320 4220 1446 4274 dolo
1487 4223 1839 4277 matrimonio
1861 4225 2056 4293 junxe«

478 4311 572 4375 rit,
608 4325 716 4363 non
756 4311 1005 4379 punitur.
1039 4308 1146 4364 Sed
1200 4310 1291 4365 dic
1328 4311 1431 4365 hoc
1483 4326 1605 4366 esse
1651 4314 1774 4381 jure
1816 4316 2054 4384 digesto-

478 4416 623 4464 rum,
656 4408 709 4453 et
745 4416 771 4452 a
798 4399 960 4454 dictis
1001 4401 1233 4456 novellis
1261 4417 1386 4456 esse
1418 4402 1727 4456 sublatum.

2136 553 2331 623 ἁδηλία
2377 554 2493 605 ἐστὶ
2549 552 2644 620 τῆς
2694 549 2884 603 τούτου
2945 549 3110 617 ζωῆς,
3145 546 3282 614 μετὰ
3334 543 3391 598 δὲ
3444 546 3543 615 τὴν
3581 544 3717 598 πεν-

2135 646 2358 698 ταετίαν
2394 644 2584 713 ἕτερον
2618 641 3004 694 συναλλάττειν
3034 639 3235 707 γάμον.
3282 636 3585 705 Ἀνάγνωθι
3617 634 3717 692 οὖν

2136 738 2237 807 τὴν
2268 737 2529 804 τοιαύτην
2553 735 2780 804 νεαρὰν,
2825 733 3091 792 ὡσαύτως
3127 730 3221 783 καὶ
3272 729 3374 800 τὴν
3397 730 3479 798 λγ¹
3510 732 3718 802 νεαρὰν

2138 828 2235 882 τοῦ
2266 827 2536 899 βασιλέως
2563 824 2735 896 κυροῦ
2767 825 2999 886 Λέοντος
3052 823 3147 877 τοῦ
3173 822 3370 892 Σοφοῦ,
3403 823 3720 892 διοριζομέ-

2136 938 2235 991 νην
2265 919 2340 990 μὴ
2365 917 2592 972 λύεσθαι
2625 915 2898 985 προφάσει
2927 914 3027 984 τῆς
3078 914 3457 984 αἰχμαλωσίας
3514 916 3720 986 γέιμον⁹

2141 1013 2277 1081 μηδὲ
2302 1012 2380 1083 τῷ
2416 1009 2682 1080 ἐλευθέρῳ
2716 1008 3114 1078 συντηρηθέντι
3146 1007 3303 1077 μέρει
3347 1005 3548 1070 ἐξεῖναι
3580 1009 3724 1078 πρὶς

2136 1105 2323 1173 ἕτερον
2355 1101 2564 1155 ἐπιδεῖν
2597 1085 2933 1153 συνοικέσῖον
2963 1115 2978 1129 ·
3042 1097 3157 1151 ἀλλ’
3209 1100 3263 1151 εί
3320 1103 3414 1152 καί
3468 1100 3722 1170 συναφθῇ

2137 1195 2331 1263 ἑτέρῳ,
2369 1193 2553 1248 ἄδειαν
2578 1191 2724 1260 ἔχειν
2772 1191 2833 1244 τδ
2871 1188 3220 1260 ὑποστρέψαν
3284 1190 3454 1260 μέρος
3498 1190 3565 1242 ὲκ
3619 1192 3726 1258 τῆς

2136 1282 2515 1353 αἰχμαλωσίας
2542 1281 2942 1338 ἀνακαλεῖσθαι
3009 1281 3070 1333 τὸ
3108 1282 3310 1334 οἰκεῖον
3371 1280 3558 1351 μέλος,
3625 1284 3725 1333 καὶ

2137 1378 2229 1430 τὸν
2251 1370 2505 1446 δεύτερον
2537 1375 2714 1445 γάμον
2737 1375 2995 1444 διασπᾷν.
3028 1372 3135 1425 Τοῦ
3187 1372 3318 1441 γοῦν
3348 1372 3577 1434 κανόνος
3602 1372 3725 1425 6w-

2143 1468 2431 1538 ριζομένου
2482 1468 2583 1520 ὅσα
2628 1468 2856 1534 εἴπομεν
2922 1463 3153 1528 ἄνωθεν,
3228 1464 3323 1516 καὶ
3370 1462 3479 1515 τῶν
3538 1462 3723 1530 νόμων

2139 1559 2675 1631 παρακελευομένων
2708 1558 2882 1609 ταῦτα
2914 1556 2978 1626 δὴ
3005 1557 3075 1609 τὰ
3105 1553 3392 1625 προσεχῶς
3470 1570 3725 1622 γεγραμ-

2145 1652 2305 1722 μένα,
2336 1650 2606 1719 ἐρωτήσει
2669 1666 2774 1713 τις,
2826 1648 2982 1700 Τίσιν
3047 1649 3113 1700 ὲκ
3164 1645 3373 1699 τούτων
3429 1646 3724 1714 προσέχειν

2138 1744 2433 1813 ὀφείλομεν
2466 1761 2480 1810 ;
2508 1744 2695 1812 Φαμὲν
2726 1738 2821 1796 οὖν
2846 1745 2927 1796 ὅτι
2964 1742 3191 1803 καὶτοῖς
3215 1743 3270 1793 ὲν
3294 1739 3371 1809 τῷ
3403 1737 3587 1791 κανόνι
3625 1737 3743 1789 καὶ

2150 1840 2347 1901 ἐντοῖς
2380 1835 2595 1905 νόμοις,
2647 1836 2932 1905 ἑκατέροις
2988 1835 3211 1895 πάντως
3278 1833 3425 1886 κατὰ
3484 1831 3723 1899 καιρόν·

2149 1929 2245 1983 καὶ
2280 1930 2391 1982 ἀπὸ
2428 1928 2527 1999 μὲν
2551 1927 2645 1981 τοῦ
2672 1927 2898 1990 κανόνος
2934 1926 3256 1995 μοιχαλίδας
3286 1924 3541 1993 εἴποιμεν
3576 1917 3720 1973 εἶναι

2144 2023 2265 2084 τὰς.
2299 2019 2426 2091 περὶ
2452 2014 2527 2073 ὧν
2556 2023 2583 2073 ό
2610 2018 2814 2082 κανὼν,
2852 2021 3116 2087 γυναῖκας
3144 2016 3491 2086 γαμηθείσας
3514 2015 3725 2085 ἑτέροις

2149 2109 2256 2179 πρὸ
2285 2108 2378 2160 τοῦ
2409 2108 2595 2160 λαϐεῖν
2652 2108 2851 2178 ἐντελῆ
2906 2107 3286 2177 πληροφορίαν
3334 2105 3426 2158 τοῦ
3489 2104 3724 2159 θανάτου

2148 2199 2260 2253 τῶν
2281 2200 2503 2266 ἀφανῶν
2526 2199 2737 2265 ἀνδρῶν
2770 2197 2951 2251 αὐτῶν
2987 2213 3001 2227 ·
3033 2197 3196 2251 τοῦτο
3223 2197 3335 2268 γὰρ
3364 2197 3457 2250 καὶ
3504 2198 3560 2249 αἱ
3591 2213 3723 2249 νεαο

2152 2290 2247 2360 ραὶ
2286 2290 2758 2360 παρακελεύονται
2795 2289 2927 2359 ’τὴν
2945 2289 3003 2343 δὲ
3038 2292 3283 2357 γυναῖκα
3324 2287 3419 2342 τοῦ
3455 2290 3726 2359 στρατιώο

2147 2397 2245 2433 του
2281 2383 2355 2452 μὴ
2383 2381 2525 2435 κατὰ
2556 2382 2659 2451 τὴν
2680 2381 2973 2451 περίληψιν
3000 2381 3098 2452 τῆς
3125 2384 3328 2453 νεαρᾶς
3354 2384 3727 2454 γαμηθεῖσαν,

2151 2475 2481 2543 συγγνώμης
2536 2475 2636 2526 οὐκ
2686 2474 3021 2545 ἀξιώσομεν,
3085 2473 3277 2546 ῶσπερ
3335 2478 3477 2529 κατὰ
3520 2475 3729 2543 ταύτην

2149 2565 2461 2633 ποιήσασαν
2513 2565 2615 2616 ούκ
2679 2563 3064 2635 αἰτιασόμεθα.
3115 2566 3188 2619 Τὸ
3268 2564 3615 2637 μέντοιέχειν
3639 2568 3729 2620 ἐπ’

2150 2656 2337 2717 ἀδείας
2387 2657 2512 2717 τοὺς
2548 2655 2750 2726 ἄνδρας
2808 2657 3001 2709 πασῶν
3044 2657 3152 2710 τῶν
3201 2658 3587 2729 μοιχευθεισῶν
3631 2676 3729 2726 γυ-

2161 2748 2365 2802 ναικῶν
2397 2747 2873 2815 ἀναὶαμὸάνεσθαι
2902 2749 3071 2812 αὐτὰς
3126 2751 3218 2803 καὶ
3254 2753 3392 2819 μετά
3446 2750 3545 2822 τὴν
3599 2754 3729 2804 61::-

2153 2842 2394 2911 στροφὴν
2416 2841 2610 2904 κοινῶς
2637 2840 2779 2902 εἰπὲ,
2807 2841 2901 2893 καὶ
2931 2842 3005 2911 μὴ
3039 2843 3132 2896 ἐπὶ
3163 2844 3331 2912 μόνης
3378 2842 3478 2913 τῆς
3532 2862 3725 2912 γυναι-

2152 2934 2245 2997 κὸς
2272 2933 2369 2987 τοῦ
2404 2934 2738 3003 στρατιώτου
2777 2933 2921 2989 κατὰ
2971 2938 3070 3005 τὴν
3144 2935 3433 3008 περίληψιν
3482 2939 3581 3006 τῆς
3627 2940 3726 3009 (an-

2154 3021 2343 3093 θείσης
2376 3022 2479 3093 ριξ¹
2521 3026 2746 3095 νεαρᾶς,
2801 3025 2902 3095 τῆς
2934 3026 3359 3099 συνοψισθείσης
3398 3032 3456 3081 ὲν
3524 3046 3737 3103 κεφ.γ,

2150 3116 2245 3169 τοῦ
2276 3122 2349 3184 ιγ’
2376 3117 2480 3171 τίτ.
2508 3116 2605 3169 τοῦ
2644 3119 2916 3187 παρόντος
2937 3121 3338 3190 συντάγματος.
3411 3123 3565 3174 Ἐπεὶ
3599 3123 3652 3174 δὲ
3700 3138 3728 3175 o

2154 3208 2337 3262 κανὼν
2371 3209 2469 3278 μὲν
2509 3211 2641 3279 περὶ
2665 3211 3021 3280 αἰχμαλώτου
3058 3214 3213 3266 οὐδέν
3254 3231 3307 3265 τι
3366 3213 3733 3283 ὲὺεσμοθέτη-

2156 3301 2312 3370 σεν,ή
2345 3298 2401 3351 δὲ
2430 3299 2788 3369 διαληφθεῖσα
2852 3302 3289 3367 Ἰουστινιάνειος
3333 3306 3501 3375 νεαρᾶ
3556 3306 3731 3374 διορξο

2155 3392 2306 3457 ξεται
2333 3394 2424 3445 ἐπὶ
2440 3395 2710 3464 πενταετῆ
2749 3396 2946 3465 καιρὸν
2992 3398 3287 3466 ἀναμένειν
3321 3400 3379 3450 ca
3410 3399 3731 3469 ὑποληνρτλὲν

2158 3486 2324 3555 μέρος
2344 3485 2652 3556 ἐλεύθερον,
2688 3487 2778 3538 καὶ
2803 3486 2974 3549 οὕτως
3005 3490 3497 3560 ἀπόκριματίστως
3540 3494 3734 3562 ἕτερον

2110 3608 2113 3609 ν
2155 3578 2491 3630 συνοικέσιον
2518 3579 2776 3649 συνιστᾷν
2811 3594 2827 3610 ο
2857 3570 2901 3646 ᾧ
2926 3578 3065 3647 δῆτα
3124 3579 3395 3651 διορισμῷ
3443 3584 3732 3635 ἐναντιοῦο

2153 3667 2404 3739 ταιήλγ¹
2437 3672 2608 3739 νεαρὰ
2640 3671 2732 3723 τοῦ
2789 3671 3057 3741 βασιλέως
3110 3673 3280 3743 κυροῦ
3338 3676 3570 3739 Aiax-ro;
3630 3677 3736 3731 τοῦ

2154 3761 2352 3828 Σοφοῦ,
2386 3762 2619 3829 λέγουσα
2652 3762 3037 3827 ἀδιαστίκτως,
3064 3764 3457 3819 ἀνακαλεῖσθαι
3506 3770 3592 3820 ἀεὶ
3633 3774 3732 3822 τὸν

2154 3855 2575 3927 ὑποστρέψαντα
2602 3857 2949 3925 αίχμάλωτον
2981 3858 3041 3909 τὸ
3074 3859 3279 3910 οίκεῖον
3345 3858 3510 3930 μέλος
3536 3877 3552 3892 ο
3603 3865 3732 3915 εἰπὲ

2152 3948 2234 4001 ὅτι
2269 3948 2338 4000 τὰ
2391 3952 2495 4018 τῆς
2565 3949 3003 4002 Ἰουστινιανείου
3064 3952 3269 4020 νεαρᾶς
3336 3953 3733 4022 ὴπρὰκτησαν,

2154 4040 2514 4111 ἀναιρεθέντα
2548 4040 2653 4092 ὑπὸ
2680 4041 2777 4111 τῆς
2822 4028 3085 4111 ρηθείσης
3138 4042 3252 4111 ρλγ¹
3278 4047 3478 4113 νεαρᾶς
3506 4044 3599 4097 τοῦ
3629 4050 3698 4115 βα
3719 4075 3732 4085 -

2156 4133 2347 4195 σιλέως
2406 4130 2574 4202 κυροῦ
2597 4132 2823 4195 Λέοντος
2854 4130 2948 4215 τοῦ
2968 4132 3163 4200 Σοφοῦ.
3237 4134 3362 4188 Ἐπὶ
3398 4136 3609 4198 τούτοις
3652 4141 3729 4207 μή

2154 4220 2456 4291 ὲναντιωθῇ
2525 4238 2609 4275 σοι
2653 4221 2714 4273 τὸ
2764 4212 3430 4295 παρατελευταῖονθέμα
3494 4228 3589 4280 τοῦ
3664 4236 3733 4280 ια’

2154 4313 2373 4382 κεφ.λζ’
2399 4312 2579 4365 τίτλου
2604 4312 2696 4367 τοῦ
2725 4312 2766 4377 ξ’
2790 4312 3111 4381 βι6λ.λέγον
3136 4329 3151 4345 ·
3216 4315 3343 4368 Ἐὰν
3407 4318 3500 4369 ἐπὶ
3558 4318 3726 4369 πολὺν

2155 4407 2345 4475 χρόνον
2372 4402 2777 4471 ἀπολειφθέντα
2799 4404 2889 4457 τὸν
2916 4404 3088 4476 ἄνδρα
3156 4407 3413 4472 πλαστῶς
3473 4411 3507 4478 ἡ
3586 4414 3726 4479 γυνὴ

475 4496 1166 4567 ἀκούσῃτελευτῆσιι,καὶ
1197 4498 1565 4568 πειτθεῖσατῇ
1614 4500 1771 4570 φήμῃ
1849 4503 2019 4575 ἑτέρῳ
2056 4506 2285 4577 γαμηθῇ
2354 4500 2580 4562 ἀδόλως,
2647 4500 2707 4553 οὐ
2794 4504 3143 4572 τιμωρεῖται.
3216 4505 3358 4557 Ἀλλ’
3410 4506 3529 4559 είπὲ
3584 4502 3728 4559 εἶν-ι

476 4587 636 4643 τοῦτο
666 4589 951 4657 διγέστων,
985 4593 1083 4643 καὶ
1116 4591 1471 4660 ἀναιρεθῆναι
1504 4592 1609 4645 ὑπὸ
1640 4594 1751 4647 τῶν
1778 4598 2052 4667 ρηθεισῶν
2091 4602 2327 4674 νεαρῶν.

549 4683 801 4739 ZONAR.
829 4685 961 4749 Quae
996 4685 1210 4748 mulier,
1244 4687 1362 4739 viro
1400 4689 1817 4765 peregrinante,
1867 4712 2043 4767 neque

2225 4696 2469 4751 ZQNAP.
2514 4693 2641 4746 Ἐὰν
2670 4691 2829 4762 γυνὴ,
2882 4693 3343 4765 ἀναχωρήσαντος
3392 4697 3484 4749 τοῦ
3536 4700 3731 4771 ἀνδρὸς

479 4777 644 4847 longo
693 4779 956 4846 temporis
1005 4776 1291 4829 intervallo
1327 4789 1658 4848 revertente,
1710 4798 1835 4838 cum
1897 4788 2051 4843 illum

476 4868 786 4923 decessisse
835 4868 1077 4921 nondum
1134 4869 1295 4936 plane
1349 4883 1696 4940 compertum
1751 4878 1839 4941 sit,
1898 4882 2054 4935 alteri

479 4960 600 5012 viro
644 4958 895 5027 nupserit
923 4999 937 5024 ,
970 4958 1226 5013 adulterii
1274 4960 1481 5015 crimen
1520 4966 1779 5022 admittit.
1826 4969 2055 5027 Militum

479 5066 699 5120 quoque
730 5065 970 5113 uxores,
1027 5054 1075 5105 si
1122 5053 1258 5106 viris
1297 5057 1538 5123 ipsarum
1582 5075 1691 5112 non
1744 5065 2056 5131 apparenti-

482 5144 586 5196 bus
628 5142 751 5197 aliis
804 5145 1111 5212 nupserint,
1180 5148 1433 5203 adulterii
1478 5152 1635 5220 culpa
1682 5169 1789 5207 non
1840 5166 2053 5213 vacant.

482 5233 699 5299 Quibus
721 5241 931 5297 tamen,
971 5238 1119 5305 quod
1161 5239 1213 5293 in
1256 5241 1428 5296 milite
1470 5244 1637 5296 vitam
1676 5246 1818 5299 inter
1852 5250 2058 5302 tumul-

482 5332 574 5377 tus
602 5324 865 5378 bellorum
898 5336 1089 5395 agente
1124 5330 1318 5384 mortis
1356 5333 1599 5401 suspicio
1636 5333 1851 5391 facilius
1899 5339 2056 5393 [idem

484 5413 751 5477 inveniat,
800 5413 1105 5473 faciliorem
1154 5434 1213 5474 se
1248 5436 1427 5475 canon
1459 5423 1511 5475 in
1542 5424 1878 5493 ignoscendo
1924 5445 2061 5499 prce-

485 5504 595 5557 bet.
647 5503 721 5557 De
752 5504 836 5557 Itis
874 5515 1053 5560 autem
1093 5524 1323 5577 magnus
1349 5527 1568 5580 quoque
1598 5514 1835 5571 Basilius
1866 5521 2055 5573 eodem

482 5585 768 5650 tricesimo
804 5599 984 5666 primo
1011 5609 1063 5652 el
1091 5603 1371 5655 ll‘lCt‘SllllO
1406 5617 1558 5657 sexto
1591 5624 1802 5662 canone
1842 5615 2053 5677 statuit,

486 5687 571 5739 vel
601 5690 782 5753 potius
810 5689 930 5754 ejus
962 5704 1201 5744 canones
1235 5692 1285 5743 in
1317 5694 1459 5746 hunc
1495 5696 1670 5749 locum
1698 5704 1939 5769 synodus
1973 5712 2055 5757 to-

486 5776 654 5830 tidem
679 5776 865 5832 verbis
895 5782 1195 5835 ttanstulit.
1226 5783 1299 5836 De
1336 5788 1596 5843 uxmibns
1621 5807 1737 5859 pm
1759 5811 1786 5846 υ
1819 5798 2048 5850 militum

2155 4789 2347 4858 αὐτῆς,
2387 4787 2482 4839 καὶ
2516 4786 2609 4839 ἐπὶ
2645 4785 2862 4855 μακρὰν
2890 4786 3021 4848 ἴσως
3057 4786 3131 4858 μὴ
3173 4789 3583 4856 ἐπανελθόντος,
3622 4795 3729 4863 πρὸ

2157 4880 2253 4935 τοῦ
2282 4875 2769 4949 πληροφορηθῆναι
2806 4879 2854 4928 εί
2877 4876 2951 4941 ώς
2982 4878 3199 4949 ἀληθῶς
3228 4879 3512 4953 τέθνηκεν,
3556 4884 3728 4953 ἑτέρῳ

2160 4974 2482 5041 συνοικήσῃ,
2540 4970 2793 5040 μοιχείαν
2841 4971 3036 5043 τολμᾷ.
3104 4974 3215 5025 Καὶ
3274 4977 3624 5046 στρατιωτῶν
3671 4980 3728 5030 δὲ

2159 5068 2439 5136 γυναῖκες,
2467 5063 2690 5132 ἀφανῶν
2714 5063 2822 5117 τῶν
2855 5064 3067 5134 ἀνδρῶν
3098 5066 3279 5119 αὐτῶν
3311 5068 3645 5137 γενομένων,
3678 5086 3706 5121 ε

2159 5156 2468 5227 γαμηθεῖεν
2504 5158 2734 5226 ἑτέροις,
2791 5158 3101 5226 μοιχαλίδες
3149 5158 3308 5215 εἰσίν.
3343 5161 3469 5212 Ἐπὶ
3521 5161 3729 5213 τούτων

2158 5250 2217 5303 δὲ
2247 5250 2449 5319 μᾶλλον
2495 5254 2877 5320 συγγνωμονεῖ
2906 5252 2933 5303 ό
2965 5250 3163 5313 κανὼν.
3200 5252 3287 5306 διὰ
3310 5253 3368 5306 τὸ
3398 5253 3525 5317 τοὺς
3570 5270 3731 5323 στρα-

2160 5340 2359 5400 τιώτας
2402 5339 2605 5410 μᾶλλον
2658 5340 3013 5393 πιστεύεσθαι
3074 5342 3256 5394 θανεῖν
3288 5382 3302 5406 ,
3363 5344 3421 5394 ἐν
3473 5344 3731 5413 πολέμοις

2161 5430 2700 5499 ἀναστρεφομένους.
2749 5431 2885 5500 Περὶ
2911 5429 3115 5484 τούτων
3140 5432 3194 5484 δὲ
3229 5434 3322 5485 καὶ
3352 5434 3378 5486 ὁ
3413 5435 3591 5504 μέγας
3622 5436 3726 5487 Bat-

2164 5522 2357 5583 σίλειος
2408 5525 2465 5573 ἐν
2511 5523 2819 5593 τριακοστῴ
2878 5523 3079 5593 πρώτῳ
3118 5526 3303 5578 κανόνι
3365 5531 3460 5580 καὶ
3520 5526 3607 5592 λς’
3668 5532 3735 5585 τὰ

2162 5615 2301 5667 αὐτὰ
2335 5616 2705 5680 διατάττεται,
2745 5618 2773 5685 ἢ
2804 5617 3009 5685 μᾶλλον
3038 5619 3163 5681 τοὺς
3192 5621 3403 5673 ἐκείνου
3433 5623 3663 5687 κανόνας
3698 5626 3731 5695 ἡ

2164 5706 2378 5769 σύνοδος
2409 5706 2550 5775 αὕτη
2598 5710 2709 5769 τοῖς
2747 5710 2990 5779 ῥήμασιν
3021 5711 3463 5782 ἐγκατέστρωσε.
3506 5716 3641 5785 Περὶ
3676 5717 3735 5772 δὲ

2163 5799 2564 5867 στρατιωτίδων
2615 5802 2894 5867 γυναικῶν
2943 5803 3145 5871 πολλὴν
3187 5808 3215 5859 ὀ
3259 5807 3537 5865 πολιτικὶς
3572 5810 3736 5873 νόμος
