4062 6390
369 325 475 387 837

1431 307 1511 367 1N
1554 303 1721 363 (ΣΛΝ-
1767 301 1943 362 XCIV
1986 295 2198 359 CONC.
2227 294 2307 355 ΙΝ
2343 292 2678 353 TRULLO.

3530 285 3635 349 838

372 439 612 492 ποιεῖται
643 433 955 504 ἀκρίϐειαν,
991 431 1135 484 ὥστε
1173 425 1249 499 μὴ
1293 425 1504 494 ἑτέροις
1546 416 1942 481 συνάπτεσθαι,
1981 424 2002 478 ,ι

2109 428 2222 484 tam
2269 411 2692 482 diligentissime
2736 411 2916 484 legum
2962 410 3207 468 civilium
3251 409 3638 477 sanctionibus

375 531 430 584 εί
459 528 684 598 μάθοιεν
716 524 1025 597 ἀνῃρῆσθαι
1057 521 1183 584 τοὺς
1209 517 1409 590 ἄνδρας
1435 513 1640 576 αὐτῶν,
1674 511 1724 562 εί
1751 509 1826 578 μὴ
1849 507 1951 570 τὰς

379 621 804 690 παρατηρήσεις
861 614 1199 684 φυλάξαιεν,
1264 610 1327 672 ἃς
1389 609 1423 677 ή
1504 601 1948 690 ἑπτακαιδεκάτη

382 688 556 781 νεαρά
579 709 850 778 περιέχει,
881 707 1109 777 κειμένη
1139 705 1218 765 είς
1251 699 1456 772 βιϐλίον
1500 697 1608 749 τῶν
1650 688 1956 745 Βασιλικῶν

383 801 634 857 εἰκοστὸν
662 801 866 867 ὄγδοον,
893 798 1070 851 τίτλον
1119 796 1162 861 ζ’
1217 811 1345 863 κεφ.
1376 791 1445 855 ζ’.
1474 790 1536 842 Εἰ
1557 787 1623 850 ⁴δέ
1649 801 1757 847 τις,
1791 782 1956 851 φησιν

385 894 424 950 ὁ,
443 889 625 944 κανὼν
655 884 835 951 οὗτος,
862 887 1002 957 γυνὴ
1027 886 1337 955 συνοικήσει
1365 880 1442 951 τῷ
1464 877 1603 948 πρὸς
1633 873 1829 942 καιρὸν
1858 888 1958 925 κα-

393 980 743 1048 ταλειφθέντι
781 979 933 1048 πανρά
959 977 1059 1045 τῆς
1094 975 1232 1038 ἰδίας
1267 969 1528 1042 γυναικὸς
1548 1006 1564 1032 ,
1597 963 1871 1034 ἀγνοοῦσα
1899 963 1960 1014 τὸ

392 1075 654 1144 πρᾶγμα,
705 1067 827 1125 εἶτα
877 1067 1284 1137 ἐπανελθούσης
1333 1065 1434 1133 τῆς
1486 1060 1760 1131 προτέρας
1794 1055 1959 1110 αὑτοῦ

389 1162 651 1233 γυναικὸς
686 1163 1024 1231 ἀποπεμφθῇ
1076 1163 1106 1230 ἡ
1154 1158 1304 1228 αὐτῷ
1353 1155 1494 1210 κατά
1516 1153 1772 1222 δεύτερον
1819 1152 1963 1219 τάχα

391 1255 768 1324 συνοικήσασα
811 1253 1011 1322 γάμον,
1065 1252 1141 1313 ὡς
1189 1247 1562 1319 πορνεύτασα,
1611 1242 1707 1296 καὶ⁸
1755 1240 1854 1309 οὐχ
1889 1241 1966 1302 ὡς

400 1346 654 1416 μοιχαλὶς
686 1345 1248 1414 καταδικασθὴσεται,
1282 1341 1376 1392 καὶ
1424 1340 1472 1390 εί
1507 1335 1757 1404 βούλεται
1791 1335 1966 1402 ἑτέρῳ

405 1439 563 1508 ἀνδρὶ
588 1438 806 1506 νομίμῳ
832 1435 1114 1503 γενέσθαι,
1144 1434 1205 1487 ού
1239 1431 1645 1501 κωλυθήσεται.
1676 1427 1786 1479 Καὶ
1810 1424 1967 1478 τοῦτο

395 1531 448 1584 δὲ
477 1529 568 1583 τοῦ
592 1529 830 1599 μεγάλου
860 1526 1146 1581 Βασιλείου
1174 1525 1355 1578 κανών
1386 1523 1503 1574 ἔστι
1532 1516 1969 1588 τεσσαρακοστδς

405 1624 593 1686 ἕκτος.
625 1619 687 1675 Et
717 1621 774 1673 δὲ
811 1618 1148 1690 στρατιώτου
1177 1616 1317 1686 γυνὴ
1342 1615 1417 1676 ὼς
1447 1611 1541 1666 τοῦ
1578 1610 1769 1679 ἀνδρὸς
1803 1608 1974 1677 αὐτῆς

403 1713 656 1774 θανόντος
680 1711 865 1782 ἕτερον
890 1709 1066 1774 λάϐοι,
1099 1705 1218 1761 εἶτα
1242 1703 1532 1759 ἐπανέλθοι
1559 1702 1588 1754 6
1612 1698 1973 1772 στρατιώτης,

2065 511 2288 558 Cautum
2315 511 2437 569 est;
2477 512 2535 556 ut
2559 504 2808 572 quamvis
2837 508 3086 558 nuntiato
3119 507 3360 560 virorum
3389 507 3638 576 interitu,

2067 595 2408 658 nontamen,
2463 593 2569 649 nisi
2609 594 2676 648 iis
2707 596 2962 650 omnibus
2999 613 3120 665 qttze
3155 599 3367 654 decima
3402 603 3642 670 septima

2060 686 2281 740 .novella
2330 686 2384 739 in
2432 686 2574 740 libro
2601 687 2864 742 vicesimo
2913 698 3125 752 octavo,
3165 691 3323 745 titulo
3370 695 3644 762 septimo,

2071 791 2190 846 cap.
2218 777 2452 846 septimo
2483 776 2700 832 Basilic.
2748 778 2921 846 posita
2971 781 3328 835 continentur
3387 788 3640 849 servatis,

2075 868 2230 922 alteri
2258 867 2494 934 cuipiam
2535 868 2770 921 nubant.
2806 865 2862 921 Si
2899 883 3021 936 quae
3055 884 3183 923 vero
3216 872 3432 934 mulier,
3464 874 3645 942 inquit

2077 959 2165 1011 llic
2199 973 2400 1019 canon,
2460 957 2574 1011 viro
2626 959 2694 1011 ad
2737 966 2954 1024 tempus
2985 960 3052 1012 al)
3079 975 3249 1015 IIXOt'c
3289 977 3385 1015 sua
3431 963 3644 1029 relicto,

2077 1051 2282 1106 factum
2308 1052 2591 1122 ignorans,
2629 1055 2903 1123 nupserit,
2938 1065 3049 1108 tum
3090 1073 3257 1110 uxore
3281 1059 3458 1126 priore
3493 1052 3648 1115 retie-

2080 1152 2210 1197 nnte
2240 1145 2306 1198 ab
2343 1144 2433 1198 illo
2457 1143 2686 1199 dimissa
2722 1145 2902 1210 fuerit,
2931 1163 3057 1201 cum
3083 1163 3192 1216 quo
3226 1150 3481 1204 secundis
3514 1153 3649 1207 fottc

2083 1235 2286 1303 nuptiis
2313 1234 2563 1303 copulata
2605 1236 2886 1290 coivcrat:
2920 1239 3096 1291 instar
3123 1237 3516 1301 loruicatrieis,
3543 1257 3648 1294 non

2081 1333 2140 1378 ut
2181 1324 2430 1378 adultera
2477 1325 2966 1389 condemnabitur,
3014 1343 3115 1382 nec
3161 1327 3482 1398 quidquam,
3519 1346 3656 1399 qt-o-

2083 1416 2288 1478 minus,
2335 1414 2383 1468 si
2411 1414 2564 1480 velit,
2607 1415 2764 1468 alteri
2795 1415 2914 1470 viro
2948 1417 3139 1484 nubat,
3172 1419 3433 1473 obstabit.
3470 1422 3650 1490 Atque

2084 1510 2187 1561 hoc
2250 1521 2471 1576 quoque
2543 1509 2721 1578 magni
2774 1509 2904 1563 item
2973 1509 3160 1564 Basilii
3223 1513 3654 1583 quadragesimo

2084 1605 2238 1654 sexto
2271 1613 2484 1654 canone
2507 1604 2864 1655 constitutum
2886 1611 2992 1656 est.
3014 1603 3172 1667 Quod
3199 1604 3245 1659 si
3279 1621 3416 1660 uxor
3444 1608 3656 1669 militis,

2089 1689 2342 1743 maritum
2376 1690 2655 1746 interiisse
2717 1701 2860 1756 rata,
2889 1694 3045 1748 alteri
3080 1697 3352 1764 nupserit,
3389 1712 3452 1751 ac
3477 1713 3662 1753 rever-

401 1806 452 1858 εἰ
493 1773 788 1875 βοέλεταιὲ
820 1801 1053 1871 λήψεται
1096 1801 1196 1870 τὴν
1226 1797 1436 1851 οἰκείαν
1467 1795 1704 1863 γυναῖκα
1734 1807 1982 1858 συγγνω..
2007 1773 2054 1830 Β
2085 1789 2230 1836 tatur
2281 1790 2466 1851 postea
2502 1784 2679 1847 miles,
2705 1799 2859 1838 suam
2899 1786 2968 1850 is,
3008 1788 3055 1841 εἰ
3127 1788 3384 1853 νοιυοι-ἱι,
3430 1787 3656 1843 ιιιοῖθιειιι

407 1896 747 1967 μονουμένην
769 1895 855 1947 διὰ
885 1895 982 1964 τὴν
1001 1893 1246 1959 ἄγνοιαν,
1276 1888 1418 1942 ὥστε
1453 1887 1528 1956 μὴ
1555 1882 1980 1953 ὲπιτιμηθῆναι,

411 1989 531 2042 ἀλλ’
555 1988 677 2042 οὐδὲ
720 1989 748 2041 6
784 1986 958 2056 ταύτῃ
1012 1985 1258 2054 νομίμως
1308 1978 1604 2048 συναφθεὶς
1642 1973 1982 2044 ὲπιτιμηθήο

411 2097 566 2134 σεται
589 2081 675 2132 διὰ
704 2081 802 2148 τὴν
827 2077 996 2149 αὐτὴν
1025 2076 1231 2130 αἰτίαν.
1302 2071 1308 2076 ’

410 2173 636 2227 ΔΡΙΣΤ.
699 2190 717 2223 ι
769 2170 987 2240 ’Δνδρδς
1031 2164 1468 2236 ἀφαντουμένου,
1508 2163 1543 2232 ἡ
1605 2159 1711 2231 πρὸ
1741 2158 1835 2212 τοῦ
1867 2174 1985 2210 πει-

494 2284 514 2319 »
561 2265 755 2334 σθῆναι
805 2262 1048 2317 λαϐοῦσα
1103 2259 1362 2330 μοιχᾶται
1395 2273 1416 2328 ,ο
1454 2258 1482 2309 6
1529 2255 1586 2307 δὲ
1637 2251 1989 2322 ὑποστρέψας

501 2375 521 2409 ι
561 2357 725 2425 ἀνὴρ,
755 2355 806 2406 εί
838 2353 1174 2424 προῄρηται,
1206 2348 1442 2418 λήψεται
1472 2345 1666 2414 αὐτήν.
1705 2361 1724 2394 ι

496 2541 715 2614 Συνᾴδει
745 2539 822 2608 τῷ
849 2538 1075 2609 παρόντι
1106 2534 1290 2590 κανόνι
1323 2532 1420 2586 καὶ
1446 2533 1480 2603 ἠ
1530 2527 1797 2599 έκατοστὴ
1829 2527 2000 2578 ἐπτα-

421 2631 724 2698 καιδεκάτη
788 2625 1223 2687 Ἰουστινιάνειος
1269 2621 1440 2691 νεαρὰ
1465 2661 1482 2687 ,
1518 2621 1551 2689 ἡ
1587 2621 1645 2672 έν
1673 2617 1752 2687 τῷ
1782 2615 1998 2683 ἑϐδόμῳ

421 2723 588 2792 τίτλῳ
635 2719 731 2773 τοῦ
775 2716 1024 2772 εἰκοστοῦ
1069 2715 1258 2785 ὀγδόου
1304 2712 1520 2783 βιϐλίου
1549 2710 1660 2764 τῶν
1698 2707 2000 2762 Βασιλικῶν

427 2814 658 2884 κειμένη
693 2829 709 2844 θ
743 2810 1076 2881 προστάττει
1129 2806 1240 2876 γάρ
1278 2804 1532 2872 κάκείνη,
1581 2802 1682 2865 ὡς,
1732 2799 1828 2853 ὲάν
1860 2797 2001 2868 γυνὴ

429 2906 772 2976 στρατιώτην
805 2901 1123 2974 ἔχηᾶνδρα,
1157 2901 1254 2952 καὶ
1281 2900 1338 2951 ὲν
1369 2891 1698 2964 ἐκστρατείᾳ
1724 2890 2004 2958 ἀποδημῇ,

428 2999 528 3053 καὶ
559 2997 708 3068 μάθῃ
736 2996 924 3048 τοῦτον
963 2988 1428 3061 τετελευτηκέναι,
1471 2984 1546 3056 μὴ
1579 2982 1754 3045 ἄλλως
1783 2982 1860 3043 είς
1889 2982 2007 3032 ἐτέ-

436 3108 561 3159 ρους
605 3089 774 3158 αὐτην
821 3085 1082 3157 ἔρχεσθαι
1133 3082 1347 3151 γάμους

436 3185 539 3253 σχῇ
595 3179 748 3249 παρά
798 3178 907 3230 τῶν
960 3174 1196 3246 πρώτων
1243 3175 1338 3224 τοῦ
1375 3167 1613 3238 ἀριθμοῦ
1646 3167 1705 3217 έν
1739 3159 1782 3233 ᾧ
1813 3165 1842 3215 6
1869 3163 2010 3253 ἀνὴρ

435 3252 608 3340 αὐτῆς
638 3266 1062 3340 ἐστρατεύσατο,
1099 3260 1479 3331 προκειμένων
1505 3255 1615 3309 τῶν
1643 3253 1812 3324 ἁγίων
1836 3252 2012 3318 Εὐαγ-

436 3365 634 3433 γελίων
656 3364 752 3414 καὶ
769 3360 863 3412 ἐπὶ
892 3356 1145 3428 πράξεως
1168 3350 1579 3423 ὑπομνημάτων
1603 3343 2011 3416 ὁμολογούντων

441 3459 516 3521 ὡς
548 3458 669 3519 ταῖς
703 3453 989 3522 ἀληθείαις
1021 3453 1048 3503 6
1073 3449 1214 3520 ἀνὴρ
1242 3447 1412 3515 αὐτῆς
1443 3441 1786 3508 ἐτελεύτησε,
1815 3436 1912 3490 καλ⁹
1943 3434 2014 3488 τά

439 3548 670 3603 τοιαῦτα
709 3544 1086 3613 ὑπομνήματα
1117 3538 1259 3609 λάϐῃ
1283 3577 1298 3600 ,
1332 3537 1427 3590 καὶ
1467 3533 1606 3604 μετά
1633 3533 1732 3599 τὴν
1757 3527 2016 3596 τοιαύτην

447 3639 833 3710 πληροφορίαν
865 3634 1138 3705 ἀναμείνῃ
1163 3634 1258 3684 καὶ
1291 3627 1408 3690 ἐνὸς
1437 3622 1687 3678 ἐνιαυτοῦ
1718 3621 2013 3686 διάστημα.

450 3734 512 3786 Εἰ
545 3730 601 3783 δὲ
654 3729 808 3798 παρά
859 3726 960 3796 τὴν
1001 3723 1390 3792 παρατήρησιν
1440 3713 1646 3783 ταύτην
1704 3717 1784 3776 είς
1829 3710 2018 3780 ἓτερον

447 3823 579 3895 ἔλθῃ
632 3822 811 3891 γάμον
867 3819 962 3871 καὶ
996 3816 1166 3885 αὐτὴν
1209 3814 1305 3867 καὶ
1340 3812 1434 3865 τὸν
1466 3809 1810 3878 ἀγαγόμενον
1849 3805 2019 3874 αὐτὴν

447 3914 521 3976 ὡς
551 3913 770 3982 μοιχοὺς
822 3907 1209 3980 τιμωρεῖσθαι.
1256 3904 1316 3956 Εἰ
1351 3903 1408 3956 δὲ
1453 3902 1552 3971 τῆς
1583 3898 2021 3969 παρατηρήσεως

448 4009 656 4077 ταύτης
686 4008 1014 4076 γενομένης,
1041 3999 1342 4071 εὑρεθῶσιν
1369 3997 1420 4049 οἱ
1455 3994 1573 4066 μεθ’
1619 3994 1783 4062 ὅρκου
1817 3992 2022 4061 πληρο-

453 4101 793 4172 φορήσαντες
857 4097 1030 4163 αὐτὴν
1085 4091 1454 4162 ψευδόμενοι,
1517 4087 1714 4149 αὐτοὺς
1773 4085 1870 4154 μὲν
1922 4082 2025 4150 τῆς

455 4192 747 4262 στρατείας
780 4185 1256 4258 ἀπογυμνοῦσθαι,
1282 4184 1373 4236 καὶ
1402 4181 1536 4234 δέκα
1569 4177 1772 4248 λιτρῶν
1799 4174 2023 4246 χρυσίου

457 4283 649 4353 ποινὴν
680 4283 817 4352 πρὸς
858 4281 1093 4345 ἐκεῖνον,
1127 4277 1186 4330 ὃν
1221 4274 1522 4346 ἐψεύσαντο
1553 4268 2023 4337 τετελευτηκέναι,

456 4376 778 4433 καταθεῖναι
813 4371 1258 4444 παρακελεύεται
1291 4385 1305 4397 ·
1349 4368 1515 4420 αὐτὸν
1544 4365 1622 4428 δὲ,
1671 4363 1721 4415 εί
1765 4358 2026 4432 βουληθῇ,

458 4469 559 4538 τὴν
589 4467 722 4520 ἰδίαν
754 4464 1000 4534 γαμετὴν
1024 4462 1315 4518 ἀναλαϐεῖν
1343 4458 1402 4511 οὐ
1426 4456 1647 4510 κωλύει.

1059 4551 1292 4608 ΚΛΝΩΝ
1331 4548 1442 4618 ι,Δ¹.

471 4671 492 4703 ι
538 4652 678 4713 Τοὺς
732 4649 1037 4720 ὀμνύοντας
1107 4648 1305 4716 ὅρκους
1379 4639 1728 4708 Ἑλληνικοὺς
1777 4637 1804 4689 6
1855 4633 2036 4688 κανὼν

551 4763 568 4796 ι
623 4744 919 4812 ἐπιτιμίοις
974 4736 1379 4792 καθυποεάλλει
1413 4750 1428 4763 °
1478 4733 1572 4786 καὶ
1616 4731 1778 4800 ἡμεῖς
1826 4729 2037 4790 τούτοις

548 4856 565 4888 ι
609 4835 700 4888 τὸν
734 4832 1036 4903 ἀφορισμὺν
1065 4828 1338 4898 ὁρίζομεν.
1380 4845 1399 4878 ι

540 4929 736 4981 ΒΛΛΣ.
776 4928 843 4979 ’0
877 4925 1044 4994 μέγας
1081 4921 1357 4980 Βασίλειος
1418 4919 1476 4971 ἐν
1532 4915 1720 4968 κανόνι
1766 4912 1858 4966 παῖ
1913 4915 2039 4964 ὲπι-

467 5022 674 5094 τιμίοις
703 5015 1108 5073 καθυποὸάλλει
1135 5016 1196 5065 ού
1245 5013 1407 5082 μόνον
1447 5011 1575 5072 τοὺς
1623 5007 1889 5070 ἑκουσίως
1933 5004 2042 5058 τῶν

467 5092 842 5188 δαιμονιωδών
879 5110 1138 5180 θυμάτων
1177 5102 1489 5174 ἁψαμένους
1518 5139 1534 5165 ,
1586 5101 1680 5155 καὶ
1735 5098 2042 5167 ὀμόσαντας

485 5207 840 5277 Ἑλληνικοὺς
892 5205 1106 5274 ὅρκους,
1157 5197 1292 5251 ἀλλά
1346 5195 1439 5248 καὶ
1493 5193 1617 5255 τοὺς
1652 5191 1920 5251 ἀκουσίως
1966 5190 2044 5252 είς

480 5299 643 5354 τοῦτο
677 5297 1110 5368 συνωθηθὲντας.
1167 5285 1505 5349 Ἀκολούθως
1551 5281 1646 5339 οὖν
1701 5282 1782 5350 τῷ
1820 5281 2046 5348 τοιούτῳ

479 5383 669 5446 κανόνι
701 5389 796 5444 καὶ
820 5391 848 5442 ό
873 5387 1065 5458 παρὼν
1093 5381 1346 5454 ἀφορίζει
1377 5378 1625 5440 τούτους.
1664 5374 1966 5444 Ἑλληνικοί
1990 5373 2046 5426 δὲ

480 5487 637 5556 ὅρκοι
693 5482 833 5535 εἰσιν
885 5481 933 5532 ei
965 5479 1114 5550 παρὰ
1152 5477 1259 5530 τῶν
1302 5473 1572 5541 Ἑλλήνων
1613 5468 1926 5538 ὀμνύμενοι.
1985 5465 2049 5518 Οί

486 5578 587 5648 μὲν
647 5576 780 5646 γὰρ,
852 5577 930 5636 είς
995 5569 1383 5640 ψευδωνύμους
1446 5564 1601 5626 θεοὺς
1677 5559 2047 5622 πιστεύοντες,

482 5669 706 5734 ὤμνυον
757 5667 836 5728 είς
869 5667 937 5718 τὰ
984 5663 1190 5715 τούτων
1234 5659 1475 5729 ὀνόματα
1506 5670 1522 5686 ο
1561 5654 1711 5707 ἄλλοι
1763 5652 2051 5704 ἐπίστευον

486 5763 570 5823 είς
609 5760 675 5814 τὰ
710 5760 971 5830 στοιχεῖα,
1007 5755 1100 5808 καὶ
1132 5752 1312 5822 ἕτεροι
1344 5752 1422 5814 είς
1457 5747 1593 5803 ἄλλα
1626 5744 1769 5799 τινά.
1809 5743 2050 5813 Ἐρωτήο

1369 3121 1384 3144 ,
1429 3078 1477 3130 εί
1515 3075 1588 3147 μὴ
1625 3073 2009 3176 πληροφορίαν
2037 3119 2078 3176 C

2091 1873 2356 1942 recipiet;
2392 1875 2480 1927 cui
2530 1876 2750 1944 quidem
2801 1877 2872 1929 ob
2921 1877 3288 1947 ignorantiam
3353 1873 3661 1950 ignosc’itnr

2091 1963 2226 2017 adeo
2267 1975 2320 2016 ut
2360 1981 2466 2018 non
2503 1966 2799 2034 puniatur;
2831 1969 3132 2036 quinetiam
3165 1984 3263 2024 nec
3289 1971 3357 2035 is,
3403 1971 3497 2042 qui
3542 1987 3661 2027 eam

2093 2055 2333 2122 legitime
2361 2057 2541 2120 duxit,
2577 2059 2724 2112 illant
2749 2060 2818 2114 ob
2846 2074 3068 2114 causam
3107 2064 3389 2131 punietur.

2093 2149 2327 2220 AlilSl‘.
2387 2167 2407 2200 ι
2439 2151 2567 2204 Viro
2617 2166 2723 2206 non
2766 2161 3065 2222 apparente
3090 2192 3105 2217 ,
3154 2170 3276 2224 qnte
3313 2153 3480 2210 alium
3515 2159 3668 2228 prius

2170 2261 2190 2293 ι
2228 2243 2522 2311 acer-perit.
2555 2258 2716 2312 quam
2759 2247 2962 2298 certior
2996 2245 3134 2300 facta
3166 2247 3257 2310 sit,
3301 2247 3664 2304 adulteratnr.

2173 2350 2191 2384 ι
2229 2330 2324 2386 Vir
2371 2341 2552 2386 autem
2606 2348 2899 2399 reversus,
2960 2336 3006 2390 si
3053 2336 3318 2403 voluerit,
3346 2353 3465 2392 eam
3526 2341 3670 2394 reci—

2177 2440 2196 2473 ι
2241 2425 2370 2491 piel.
2403 2442 2421 2474 ι

2173 2516 2427 2570 Concinit
2462 2518 2717 2586 przesenti
2763 2519 2960 2572 canoni
3013 2529 3066 2574 et
3105 2522 3403 2575 centesima
3457 2521 3670 2578 decima

2105 2606 2639 2676 septimalnstiniani
2661 2611 2866 2664 novella
2893 2612 2944 2664 in
2973 2613 3205 2682 septimo
3244 2610 3400 2668 titulo
3431 2613 3676 2669 vicesinzt

2107 2700 2283 2752 octavi
2305 2700 2470 2770 27o
2497 2702 2619 2756 libri
2651 2701 2868 2758 Basilio.
2895 2705 3099 2773 posita.
3135 2703 3228 2757 llla
3267 2705 3463 2759 etenim
3493 2705 3673 2773 jubet,

2108 2789 2255 2859 quod
2288 2792 2334 2844 si
2366 2792 2565 2845 mulier
2596 2793 2818 2846 militem
2861 2794 3115 2848 habuerit
3139 2795 3338 2857 virum.
3364 2795 3454 2865 qtti
3492 2796 3546 2849 in
3577 2811 3676 2850 ex-

2109 2883 2382 2950 peditione
2413 2897 2636 2952 peregre
2672 2883 2950 2952 profectus
2982 2889 3072 2948 sit,
3111 2900 3175 2939 ea
3208 2895 3388 2940 autem
3417 2886 3675 2939 didicerit

2113 2977 2265 3031 illum
2297 2986 2529 3032 mortem
2562 2977 2806 3043 obiissc;
2855 2994 2965 3032 non
3009 2979 3168 3032 aliter
3203 2994 3265 3033 ea
3293 2979 3428 3033 alias
3457 2980 3679 3048 nuptias

2114 3069 2281 3133 ineat,
2331 3069 2436 3123 nisi
2476 3084 2574 3138 pro
2606 3083 2760 3124 certo
2795 3070 3046 3125 habuerit
3075 3087 3104 3124 a
3151 3073 3344 3141 primis
3376 3072 3584 3124 numeri
3624 3073 3677 3124 in

2111 3175 2220 3228 quo
2277 3160 2358 3213 vir
2392 3159 2514 3228 ejus
2560 3161 2846 3227 militabat,
2899 3162 3194 3232 propositis
3249 3162 3410 3216 etiam
3471 3163 3682 3216 sanctis
3731 3215 3741 3232 ,

2113 3251 2422 3321 Evangeliis
2460 3261 2518 3306 et
2558 3267 2654 3322 per
2697 3254 2931 3308 actionis
2969 3261 3323 3307 monumenta
3369 3251 3684 3306 conﬁtenti-

2115 3349 2238 3410 bus,
2275 3346 2419 3415 quod
2451 3347 2532 3400 vir
2554 3346 2675 3416 ejus
2705 3361 2893 3401 revera
2929 3347 3034 3400 vita
3067 3347 3363 3402 defunctus
3390 3347 3480 3411 sit,
3509 3355 3561 3400 et
3583 3347 3684 3398 bu-

2111 3439 2353 3508 jusmotli
2396 3450 2747 3494 monumenta
2777 3439 3070 3510 acceperit,
3107 3449 3158 3492 ct
3190 3447 3313 3508 post
3343 3446 3548 3492 certam
3581 3438 3686 3490 Ιιιμ

2113 3531 2353 3600 juStuodi
2389 3531 2826 3601 persuasionem,
2863 3533 3024 3586 unius
3065 3533 3230 3585 etiam
3277 3531 3403 3584 anni
3449 3531 3684 3600 spatium

2119 3624 2404 3676 manserit.
2461 3621 2518 3675 Si
2576 3632 2760 3677 autem
2808 3632 3006 3692 praeter
3049 3623 3190 3677 hanc
3243 3623 3684 3676 observationem

2122 3713 2261 3766 alias
2293 3712 2515 3780 nuptias
2539 3713 2787 3776 iniverit,
2817 3719 2870 3767 et
2899 3713 3011 3776 illa,
3050 3719 3102 3766 et
3144 3713 3238 3780 qtti
3273 3725 3391 3764 eam
3421 3711 3594 3774 ducit,
3632 3720 3690 3764 ut

2122 3801 2355 3857 adulteri
2388 3803 2651 3871 puniendi
2679 3810 2828 3857 sunt.
2870 3801 2925 3856 Si
2971 3811 3152 3855 autent
3190 3802 3292 3854 hac
3331 3801 3470 3854 facta
3503 3800 3724 3855 obscr-'

2124 3899 2342 3953 vatione
2373 3898 2483 3963 isti,
2520 3899 2614 3968 qui
2643 3911 2766 3950 cum
2789 3898 3101 3964 iuramento
3133 3909 3251 3947 eam
3289 3895 3543 3948 fecerunt
3566 3909 3690 3947 cer-

2126 3989 2342 4056 tiorem,
2376 3989 2588 4043 mentiti
2620 3989 2790 4043 fuisse
2828 3987 3344 4055 deprehemlantur;
3380 3985 3517 4038 istos
3546 3984 3694 4037 mili-

2128 4083 2204 4137 tia
2239 4081 2598 4136 denudandos
2651 4095 2802 4141 esse,
2868 4088 2924 4132 et
2982 4080 3170 4133 decem
3244 4077 3510 4132 librarum
3573 4077 3691 4129 auri

2129 4189 2344 4246 plenam
2389 4176 2484 4238 ei,
2543 4189 2706 4243 quem
2763 4172 2900 4226 falso
2951 4173 3209 4226 dixerunt
3261 4170 3405 4224 diem
3464 4168 3693 4233 obiisse,

2130 4265 2444 4336 persolvere
2485 4264 2684 4334 jubet:
2728 4278 2852 4317 eum
2907 4273 3127 4328 autem,
3170 4261 3217 4315 si
3261 4261 3414 4324 velit,
3463 4274 3690 4314 uxorem

2133 4373 2284 4412 suam
2317 4358 2561 4428 recipere
2589 4371 2698 4411 non
2723 4355 2995 4426 prohibet.

2053 4451 2108 4512 D

2699 4531 2931 4598 CANON
2976 4530 3158 4586 XCIV.

2142 4646 2162 4682 ι
2206 4630 2311 4684 Eos
2371 4630 2461 4699 qui
2522 4628 2806 4696 gentilium
2869 4636 3208 4681 sacramenta
3253 4625 3469 4694 jurant,
3526 4639 3704 4680 canon

2215 4741 2235 4774 ι
2282 4721 2458 4791 pinnis
2488 4720 2711 4789 subjicit
2743 4736 2755 4772 :
2784 4727 2838 4772 et
2876 4732 2974 4773 nos
3001 4717 3067 4772 iis
3101 4732 3320 4787 quoque
3368 4717 3704 4786 segregatio-

2218 4833 2236 4865 ι
2286 4829 2406 4867 nem
2438 4812 2802 4867 decernimus.
2833 4830 2854 4863 ι

2215 4904 2410 4959 BALS.
2446 4903 2674 4974 Magnus
2751 4903 2985 4958 Basilius
3036 4903 3089 4955 in
3143 4915 3352 4955 canone
3407 4899 3469 4955 8|
3533 4899 3713 4969 paruis

2143 4997 2365 5066 subiicit
2396 5011 2504 5051 non
2527 5010 2624 5049 eos
2659 4993 2835 5049 solum
2867 4993 2960 5062 qui
3015 5007 3114 5047 sua
3157 4999 3349 5059 Sponte
3379 4989 3712 5044 dannoniaca

2145 5087 2411 5144 sacriﬁcia
2437 5086 2755 5156 attigerunt,
2790 5092 2843 5138 et
2864 5084 3151 5155 gentilium
3183 5091 3528 5136 sacramenta
3556 5080 3716 5148 jura-

2147 5188 2307 5244 runt,
2342 5179 2438 5234 sed
2465 5193 2562 5233 eos
2594 5180 2759 5231 etiam
2793 5177 2886 5245 qui
2923 5191 3030 5229 non
3062 5183 3258 5243 sponte
3291 5178 3358 5228 ad
3406 5187 3469 5228 ea
3506 5173 3716 5228 detrusi
3755 5235 3766 5248 ,

2149 5284 2298 5332 sunt.
2337 5272 2399 5326 Ei
2432 5285 2560 5340 ergo
2589 5266 2787 5323 canoni
2821 5275 3250 5336 consequenter,
3294 5279 3536 5332 praesens
3577 5252 3742 5332 (μισ-³

2149 5383 2258 5440 que
2289 5379 2466 5422 canon
2511 5378 2610 5418 eos
2659 5369 2930 5430 segregat.
2965 5359 3105 5414 Sunt
3139 5369 3320 5411 autem
3367 5362 3715 5412 sacramenta

2150 5460 2456 5532 gentilium,
2479 5472 2600 5526 quae
2624 5455 2883 5523 jnrantur
2925 5467 2954 5504 a
2989 5450 3306 5518 gentilibus.
3341 5448 3448 5502 Alii
3481 5446 3625 5501 enim
3659 5446 3716 5499 in

2153 5553 2285 5607 deos
2325 5551 2460 5603 falso
2491 5545 2790 5618 appellatos
2822 5543 3134 5620 credentes,
3172 5544 3225 5594 in
3260 5555 3450 5594 eorum
3497 5537 3719 5591 nomina

2151 5642 2430 5713 jttraltanl.
2479 5638 2586 5693 Alii
2636 5634 2933 5690 crt'dclmnt
2989 5633 3040 5684 itt
3086 5633 3378 5690 elementa,
3429 5638 3482 5681 et
3528 5628 3617 5680 alti
3666 5629 3720 5680 itt

2156 5715 2405 5811 quaedam
2456 5732 2584 5788 alia.
2627 5729 2924 5798 Rogaverit
2979 5733 3154 5778 autem
3223 5720 3520 5792 quispiam,
3594 5731 3755 5772 cum-
