4062 6452
426 333 532 396 839

1695 327 1797 387 TI]
1810 327 1984 388 EOD.
2020 328 2109 384 BA
2120 327 2420 387 LSAMCN

3580 325 3690 387 8-50

424 457 668 515 priescns
706 456 884 498 canon
912 439 1146 495 canonis
1176 438 1352 494 sancti
1391 437 1575 493 Basilii
1604 440 1883 515 meminit,
1901 438 1990 506 qui

2115 456 2183 489 πει
2232 438 2287 491 δέ
2336 456 2442 501 τις,
2499 440 2574 501 ὡς
2620 437 2716 491 τοῦ
2762 438 3028 509 παρόντος
3060 437 3282 500 κανόνος
3317 440 3678 508 μεμνημέν›υ

420 551 515 588 eos
551 536 730 605 punit,
780 536 874 606 qui
906 543 1100 605 sponte
1141 533 1221 586 vel
1259 532 1634 586 involuntarie
1674 530 1742 583 ad
1789 530 1989 583 daenzo-

423 642 522 678 nas
544 638 921 690 accesserunt,
950 635 999 680 et
1025 623 1312 695 gentilium
1342 629 1688 676 sacramenta
1711 618 1998 688 iurarunt:

425 734 483 789 Si
520 731 644 800 quis
671 726 738 780 ad
765 722 1045 776 daemonas
1066 716 1287 785 quidem
1314 729 1419 766 non
1459 712 1779 769 amesserit.
1824 723 2002 777 neque

425 825 664 897 pollutus
720 814 921 874 fuerit,
974 809 1069 864 sed
1111 806 1476 861 orthodoxam
1544 802 1706 856 iidem
1775 801 1999 862 colens,

424 893 710 985 gentilium
756 910 1099 962 sacramenta
1150 899 1509 965 contemptim
1548 893 1850 965 iuraverit.
1901 908 2004 962 pu—

427 1015 630 1069 utetur,
664 1021 732 1056 an
764 999 915 1054 non?
961 995 1191 1051 Salutio.
1221 992 1515 1055 Pnuietur;
1552 988 1648 1043 sed
1706 1004 1811 1042 non
1851 1001 2006 1057 a‘qne

425 1114 489 1152 ac
535 1098 571 1151 ii
633 1093 724 1164 qui
762 1092 826 1144 ad
882 1088 1161 1141 d.emon.is
1222 1086 1632 1135 aeresserunt:
1683 1077 1778 1131 sed
1839 1076 2004 1145 paulo

426 1191 638 1252 mitius,
670 1198 727 1240 ut
762 1184 843 1239 vis
868 1200 936 1235 :m
975 1180 1137 1234 fuerit
1171 1179 1274 1231 loci
1318 1178 1469 1230 illius
1506 1175 1791 1245 episeopo.
1847 1170 1986 1225 Nam

425 1292 481 1336 ct
535 1294 765 1348 magnus
822 1274 1056 1326 Basilius
1081 1270 1236 1338 ponit
1279 1266 1652 1320 diderentiasn
1697 1264 1840 1317 inter
1884 1276 2001 1323 eos,

426 1373 519 1444 qui
564 1371 630 1423 ad
678 1370 956 1421 deeinonas
1016 1368 1376 1415 accesserunt
1429 1366 1484 1412 et
1535 1358 1900 1426 iuraverunt:
1947 1363 2002 1407 et

428 1464 618 1518 mitius
654 1460 808 1530 punit
833 1471 980 1518 eum,
1011 1455 1102 1524 qui
1150 1460 1375 1521 propter
1410 1465 1661 1521 magnam
1704 1446 2005 1502 necessita-

427 1570 535 1612 tem
581 1552 769 1606 illicita
801 1548 1063 1620 gustavit,
1110 1555 1161 1598 et
1197 1545 1482 1614 gentilium
1532 1551 1879 1596 sacramenta
1916 1539 2007 1608 ju-

433 1655 613 1701 ravrt:
651 1640 1018 1711 segregationi
1069 1648 1248 1689 tamen
1286 1651 1479 1689 omnes
1518 1631 2006 1689 indiscriininatim

428 1737 819 1805 subiicientur,
873 1746 932 1785 ut
983 1730 1302 1783 divinorum
1345 1742 1564 1796 quoque
1604 1734 2006 1796 praeceptorum

429 1836 802 1895 contemptor,
867 1824 979 1877 illic
1026 1822 1114 1875 ubi
1171 1835 1280 1873 non
1337 1833 1477 1889 opus
1509 1829 1594 1874 cst
1628 1818 1817 1872 ludere
1843 1856 1858 1882 ,
1892 1833 2001 1871 nim
2040 1808 2079 1860 Β

427 1919 723 1974 ludendum
757 1931 879 1969 esse
909 1914 1069 1967 sciat.
1102 1910 1243 1977 Quid
1279 1926 1428 1974 vero,
1462 1912 1507 1965 si
1536 1910 1663 1979 quis
1688 1923 2005 1966 sacramen-

429 2022 542 2064 tum
571 2026 678 2065 non
706 2007 996 2079 gentiliu-n
1020 2004 1313 2073 iuraverit,
1352 2003 1447 2057 sed
1496 2002 1767 2065 insolens,
1815 2008 2005 2070 utpote

427 2118 525 2172 per
569 2117 702 2155 suos
740 2102 981 2161 liberos,
1034 2097 1119 2150 vel
1169 2093 1380 2164 aliquid
1419 2093 1601 2159 aliud,
1654 2096 1802 2163 quod
1844 2094 2006 2145 ﬁdem

429 2211 535 2247 non
563 2192 808 2251 olIendit,
845 2186 1217 2259 punieturue?
1241 2184 1468 2241 Salutio.
1496 2185 1766 2250 Quartum
1812 2191 2003 2252 caput,

427 2295 482 2342 et
512 2286 768 2356 quintum
800 2285 835 2339 5
894 2286 979 2337 tit.
1016 2298 1129 2335 uti
1182 2280 1302 2335 libri
1355 2294 1452 2335 eos
1492 2278 1585 2348 qui
1660 2292 1755 2347 per
1801 2276 2006 2346 impro-

431 2375 610 2428 batam
663 2374 986 2443 religionem
1029 2372 1216 2439 iurant
1258 2380 1605 2424 aversantur.
1677 2365 1817 2420 Dicit
1858 2366 2005 2419 enim

427 2476 681 2534 quartum
736 2472 899 2532 caput
927 2501 941 2525 ,
976 2460 1134 2515 Sicut
1172 2460 1420 2514 defertur
1460 2456 1875 2527 jusjurandum,
1929 2455 2005 2509 ita

426 2558 591 2612 etiam
629 2555 792 2611 debet
828 2553 1056 2623 iurari;
1116 2553 1162 2607 si
1219 2551 1365 2605 enim
1396 2566 1521 2605 cum
1566 2564 1668 2618 ego
1709 2564 1807 2619 per
1838 2548 2007 2602 Deum

428 2647 745 2709 detulerim,
780 2660 876 2714 per
921 2654 1089 2713 caput
1124 2654 1273 2697 tuum
1298 2641 1606 2710 iuraveris,
1636 2642 1720 2695 Vel
1750 2656 1847 2709 per
1883 2646 2008 2694 tuos

429 2738 658 2801 liberos,
692 2730 810 2790 non‘
835 2743 919 2790 est
952 2738 1171 2788 lirmum
1202 2748 1268 2787 ac
1299 2741 1499 2787 ratum.
1542 2733 1727 2798 Quare
1763 2734 1808 2788 si
1836 2734 2008 2789 detuli

430 2826 530 2881 tibi
574 2844 668 2896 per
691 2835 857 2896 caput
890 2838 1070 2890 tuum,
1106 2833 1161 2879 et
1183 2824 1263 2878 sic
1289 2824 1587 2894 iuraveris,
1613 2823 2007 2894 iusiurandum

429 2921 612 2973 Valere
651 2917 863 2972 debuit.
900 2917 967 2972 Et
992 2918 1025 2971 5
1057 2931 1179 2986 cap.
1214 2933 1229 2971 :
1264 2916 1431 2971 [lecte
1462 2916 1556 2971 tibi
1595 2916 1782 2972 defero
1821 2926 1879 2972 ut
1916 2932 2013 2987 per

429 3012 661 3064 salutem
710 3018 857 3063 tuam
886 3009 1083 3078 iures:
1115 3023 1278 3063 omne
1306 3008 1455 3062 enim
1498 3008 1709 3062 licitum
1737 3008 2013 3079 iusiuran-

428 3104 557 3158 dum
583 3118 649 3157 οι
696 3102 972 3157 delatione
1007 3102 1256 3170 iuratum
1294 3112 1575 3164 servatur,
1609 3109 1664 3156 et
1695 3103 2013 3172 quicunque

428 3209 526 3264 per
549 3192 829 3263 propriam
867 3194 1187 3261 religionem
1214 3190 1509 3259 iuraverit.
1561 3192 1626 3244 Et
1668 3200 2006 3262 postremum

430 3286 611 3340 thema
644 3285 893 3354 eiusdem
919 3300 1065 3353 cap.:
1096 3281 1493 3351 Jusjurandum
1520 3285 1667 3355 quod
1699 3283 2013 3353 perimpro—

433 3376 620 3430 Iratam
660 3373 984 3443 religionem
1026 3374 1367 3442 concipitur,
1421 3390 1531 3428 non
1587 3384 1861 3429 servatur.
1907 3371 2013 3426 liii-

432 3468 664 3537 probata
719 3473 903 3520 autem
938 3472 1023 3519 est
1066 3466 1285 3533 religio,
1317 3482 1437 3535 quae
1467 3475 1553 3521 est
1585 3474 1781 3535 praeter
1817 3465 2011 3518 ortho-

433 3572 555 3610 xain
609 3555 792 3609 ﬁdem.
826 3553 1186 3609 Ortliodoxus
1231 3570 1364 3626 ergo
1389 3597 1402 3621 ,
1427 3573 1534 3611 non
1572 3558 1803 3611 aliorum
1855 3556 2015 3611 Chri-

430 3649 763 3708 stianorum,
800 3648 892 3702 sed
940 3663 1133 3703 earum
1199 3649 1295 3717 qui
1347 3649 1490 3701 male
1566 3651 1813 3704 sentiunt
1863 3665 2015 3704 moro

426 3740 645 3811 iurans,
683 3756 790 3796 non
818 3740 999 3815 solum
1030 3757 1098 3795 ex
1140 3741 1592 3811 eoinreiurando
1623 3742 1758 3795 nihil
1794 3742 2016 3812 iurabi-

431 3844 542 3897 tur,
573 3836 666 3888 sed
694 3834 859 3888 etiam
895 3849 962 3888 ex
996 3835 1305 3888 CIIIIOIIibllS
1335 3834 1619 3902 punietur.

508 3923 762 3980 ZONAB.
822 3924 1137 3980 Graecorum
1169 3935 1224 3980 et
1263 3926 1506 3995 gentium
1539 3927 1677 3981 ritus
1710 3928 1894 3983 fideles
1929 3944 2021 3998 pe-

432 4015 580 4075 nitus
642 4016 884 4071 aversari
936 4017 1161 4071 debent.
1242 4016 1424 4082 Quare
1474 4033 1651 4089 neque
1700 4018 2019 4074 Graecorum

427 4108 790 4174 jurejurando
846 4107 1008 4163 nobis
1063 4107 1141 4160 uti
1198 4108 1524 4177 permissum
1575 4115 1682 4164 est.
1776 4107 1842 4162 Et
1892 4125 2022 4164 vero

437 4215 669 4268 magnus
700 4197 939 4253 Basilius
985 4213 1097 4268 quo
1154 4199 1317 4253 modo
1347 4197 1666 4255 Graecorum
1691 4199 2022 4270 iuramentis

437 4300 651 4346 utentes
704 4290 963 4361 puniendi
1016 4298 1145 4355 snt,
1199 4306 1415 4345 canone
1449 4292 1788 4361 octogesimo
1844 4295 2023 4362 primo

437 4379 759 4450 praescribit.
845 4378 951 4435 Lex
988 4391 1171 4435 autem
1227 4375 1405 4436 civilis
1435 4380 1657 4438 Basilio.
1699 4381 1844 4437 libro
1873 4382 2023 4437 vice-

2040 3146 2082 3203 C

2106 528 2207 580 τοῦ
2257 531 2485 592 κανόνος
2532 528 2628 583 τοῦ
2679 528 2836 596 ἀγίου
2884 528 3169 581 Βασιλείου
3218 528 3311 581 τοῦ
3351 528 3682 590 κολάζιντος

2104 619 2235 681 τοὺς
2270 620 2538 683 ἑκουσίως
2574 620 2607 689 ἢ
2658 620 2935 683 ἀκουσίως
2973 619 3375 691 προσελθόντας
3420 624 3534 683 τοῖς
3561 620 3684 673 δαί-

2109 730 2233 783 μοσι
2263 715 2358 767 καὶ
2381 715 2685 784 ὀμόσαντας
2720 713 3069 784 Ἑλληνικοὺς
3106 717 3302 783 ὅρκους
3333 714 3428 768 ἐάν
3461 730 3543 776 τις
3570 715 3685 776 τιϊς

2108 804 2327 873 δαίμοσι
2349 804 2447 874 μὲν
2470 802 2546 875 μὴ
2574 802 2869 877 προσέλθῃ,
2888 804 3025 874 μηδὲ
3062 803 3281 874 μιανθῇ,
3302 803 3438 856 ἀλλά
3460 803 3561 873 τὴν
3589 803 3686 874 ὀρ·-

2109 894 2325 959 θόδοξον
2347 896 2533 947 πίστιν
2563 895 2857 964 σεϐόμενος
2889 894 3080 963 ὀμνύει
3106 896 3305 963 ὅρκους
3338 893 3691 963 Ἑλληνικοὺς

2107 991 2172 1041 ὲκ
2196 989 2680 1057 καταφρονήσεως,
2708 988 3109 1057 κολασθήσεται
3137 988 3169 1057 ἢ
3206 986 3266 1041 οὗ
3290 1004 3304 1052 ;
3335 987 3546 1052 Λύσις.
3581 988 3692 1038 Κοτ-

2106 1081 2439 1149 λασθήσεται
2472 1097 2487 1111 ο
2518 1082 2620 1133 οὐκ
2655 1082 2855 1149 ἐπίσης
2894 1080 2950 1133 δὲ
2993 1074 3106 1143 τοῖς
3135 1079 3516 1149 ’προσελθοῦσι
3573 1082 3693 1143 τοῖς

2109 1173 2351 1245 δαίμοσι,
2390 1174 2530 1227 ἀλλά
2565 1174 2953 1245 μετριώτερον,
2980 1174 3077 1227 καὶ
3102 1175 3245 1226 κατά
3285 1174 3343 1226 τὸ
3375 1172 3692 1253 δοκοῦνβῷ

2112 1268 2256 1320 κατὰ
2296 1267 2485 1337 χώραν
2516 1266 2828 1334 ὲπισκόπῳ.
2859 1266 2986 1319 ⁴Ὀτι
3009 1268 3106 1318 καὶ
3136 1268 3163 1319 ὀ
3197 1265 3372 1335 μέγας
3407 1264 3693 1327 Βασίλειος

2110 1356 2379 1426 διαφορὰν
2430 1358 2576 1409 ποιεῖ
2607 1373 2669 1409 τε
2704 1356 2815 1410 τῶν
2864 1356 3283 1427 προσελθόντων
3323 1358 3434 1418 τοῖς
3468 1355 3691 1426 δαίμοσι

2111 1453 2205 1504 καὶ
2251 1451 2572 1520 ὀμοσάντων
2601 1464 2617 1481 ·
2648 1450 2745 1503 καὶ
2800 1450 3172 1522 μετριώτερον
3221 1451 3445 1515 κολάζει
3498 1449 3589 1503 τὸν
3622 1450 3692 1503 δι’

2110 1544 2362 1615 ἀνάγκην
2416 1543 2665 1613 μεγάλην
2712 1543 2824 1595 τῶν
2866 1544 3151 1612 ἀθεμίτων
3208 1543 3547 1612 γευσάμενον
3597 1544 3694 1596 καὶ

2122 1636 2472 1704 Ἑλληνικοὺς
2506 1636 2705 1705 ὅρκους
2735 1633 3034 1704 ὀμόσαντα.
3065 1635 3154 1705 Τῷ
3181 1635 3368 1704 μέντοι
3398 1634 3695 1704 ἀφορισμῷ

2116 1726 2433 1795 ἀδιαφόρως
2464 1726 2667 1787 πάντες
2697 1725 3202 1796 ὑποϐληθήσονται,
3234 1727 3323 1779 ἵνα
3355 1726 3503 1798 μάθῃ
3545 1729 3639 1779 καὶ
3665 1728 3696 1777 6

2111 1818 2533 1889 καταφρονητὴς
2576 1819 2687 1871 τῶν
2740 1818 2904 1871 θείων
2942 1819 3328 1889 παραγγελιῶν
3369 1820 3444 1889 μὴ
3478 1818 3696 1882 παίζειν

2090 1912 2168 1964 ⁷ὲν
2201 1911 2262 1963 ού
2304 1912 2579 1972 παικτοῖς.
2610 1909 2674 1961 Τί
2706 1910 2785 1974 δὲ,
2820 1910 2915 1963 ἐὰν
2942 1911 3120 1978 ὀμόσῃ
3154 1926 3241 1973 τις
3265 1910 3427 1979 ὅρκον
3462 1911 3537 1981 μὴ
3571 1912 3696 1963 Ἐλ-

2109 2001 2355 2070 ληνικδν,
2385 2001 2523 2054 ἁλλά
2541 2001 2808 2070 ἀσυνήθη.
2841 2000 3003 2071 τυχὸν
3025 2004 3100 2064 είς
3125 2004 3251 2065 τοὺς
3279 2002 3477 2065 παῖδας
3503 2004 3697 2072 αὑτοῦ,

2110 2095 2142 2165 ἧ
2168 2096 2249 2158 είς
2278 2094 2494 2166 ἕτερον,
2526 2094 2602 2163 μὴ
2629 2092 2992 2164 προσκρούων
3026 2096 3107 2156 είς
3138 2093 3237 2163 τὴν
3268 2097 3451 2147 πίστιν
3471 2134 3486 2159 ,
3520 2111 3697 2163 τιμω-

2114 2183 2441 2255 ρηθήσεται;
2493 2184 2708 2249 Λύσις.
2759 2184 2831 2237 Τὸ
2886 2184 2928 2236 δ’
2993 2201 3119 2252 κεφ.
3158 2186 3251 2238 καὶ
3289 2185 3349 2238 τὸ
3404 2185 3449 2238 ε’
3509 2184 3600 2238 τοῦ
3655 2190 3700 2238 ε’

2110 2274 2293 2327 τίτλον
2322 2274 2418 2327 τοῦ
2466 2272 2549 2344 κβ¹
2578 2274 2721 2343 βιὸλ.
2754 2275 2879 2337 τοὺς
2928 2274 3071 2328 κατὰ
3092 2274 3360 2345 άδοκίμου
3393 2276 3696 2346 θρησκείας

2116 2368 2466 2436 ὀμνυμένους
2494 2368 2694 2437 ὅρκους
2728 2368 3158 2439 ἀποτρέπονται.
3192 2369 3331 2437 Φησὶ⁸
3373 2368 3487 2439 γὰρ
3531 2369 3591 2422 τὸ
3626 2368 3697 2423 δ’.

2111 2480 2238 2532 κεφ.
2277 2461 2367 2524 Ὣς
2398 2461 2722 2531 ἐπιφέρεται
2750 2460 2778 2513 6
2808 2460 2991 2530 ὅρκος,
3022 2459 3195 2522 οὕτως
3226 2458 3503 2528 ὲποιρείλει
3532 2460 3703 2528 ὀμνύ-

2112 2555 2294 2610 εσθαι.
2351 2554 2411 2607 Εί
2466 2554 2577 2623 γάρ
2635 2551 2773 2622 ἐμοῦ
2834 2552 3140 2620 ἐπάγοντος
3194 2550 3338 2605 κατά
3397 2549 3493 2603 τοῦ
3557 2550 3700 2603 Θεοῦ

2112 2646 2337 2717 ὀμόσαι,
2382 2645 2526 2698 κατά
2552 2643 2660 2697 τῶν
2683 2642 2891 2696 τέκνων
2915 2660 3009 2697 σου
3033 2642 3277 2711 ὀμόσεις,
3306 2642 3408 2696 οὐκ
3436 2643 3696 2714 ερρωτακ

2116 2739 2283 2790 ’Ὥστε
2319 2737 2366 2789 εί
2396 2735 2679 2805 ἑπήγαγόν
2713 2751 2797 2786 σοι
2843 2735 2987 2787 κατὰ
3026 2734 3125 2804 τῆς
3162 2735 3407 2803 κεφαλῆς
3455 2752 3551 2788 σου
3603 2737 3701 2788 καὶ

2113 2827 2336 2896 ὤμοσας
2370 2826 2572 2889 οὓτως,
2609 2823 2840 2893 ὤφειλεν
2889 2820 3029 2878 εἶναι
3076 2829 3104 2880 6
3146 2826 3312 2897 ὅρκος
3355 2829 3704 2899 ἐρρωμένος.

2114 2920 2226 2973 Καὶ
2254 2920 2314 2971 τδ
2344 2915 2383 2970 ε’
2444 2934 2568 2986 κεφ.
2601 2916 2779 2980 καλῶς
2826 2919 3075 2987 ἐπιφέρω
3107 2936 3189 2972 σοι
3216 2919 3362 2974 κατὰ
3386 2921 3487 2988 τῆς
3521 2938 3703 2989 σωτη-

2120 3009 2243 3080 ρίας
2268 3024 2361 3061 σου
2387 3007 2587 3078 ὀμόσαι
2618 3023 2632 3039 ·
2667 3008 2778 3070 πᾶς
2813 3008 2926 3077 γὰρ
2959 3008 3179 3078 θεμιτὸς
3201 3010 3363 3079 ὅρκος
3387 3010 3449 3073 ἐξ
3478 3012 3701 3079 ἐπαγω-

2116 3104 2219 3172 γῆς
2248 3101 2467 3172 ὀμοθεὶς
2493 3099 2826 3168 φυλάττεται
2853 3117 2869 3132 ο
2902 3103 2995 3153 καὶ
3023 3102 3173 3164 ὅστις
3202 3103 3396 3172 ὀμόσει
3428 3104 3573 3157 κατά
3603 3106 3705 3174 τὴν

2120 3194 2258 3249 ἰδίαν
2286 3192 2610 3263 θρησκείαν.
2646 3193 2760 3246 Καὶ
2792 3191 2852 3244 τὸ
2879 3192 3187 3247 τελευταῖον
3238 3193 3383 3264 θέμα
3408 3194 3504 3249 τοῦ
3537 3196 3703 3250 αὑτοῦ

2116 3285 2442 3355 κεφαλαίου,
2471 3284 2499 3336 6
2539 3283 2686 3336 κατά
2731 3284 2998 3353 ἀδοκίμου
3039 3284 3339 3355 θρησκείας
3393 3287 3705 3358 ὀμνύμενος

2114 3377 2281 3447 ὅρκος
2324 3375 2386 3428 οὐ
2430 3374 2768 3444 φυλάττεται
2793 3391 2808 3405 ο
2840 3376 3104 3447 ἀδόκιμος
3151 3377 3209 3430 δὲ
3247 3378 3520 3450 θρησκεία
3555 3382 3706 3434 ἐστὶν

2116 3468 2149 3537 ἡ
2179 3466 2336 3537 παρά
2363 3466 2463 3537 τὴν
2490 3464 2776 3536 ὀρθόδοξον
2807 3467 2993 3520 πίστιν
3025 3483 3038 3498 ο
3066 3469 3095 3521 ὀ
3122 3467 3256 3537 γοῦν
3285 3468 3594 3539 ὀρθόδοξος,
3624 3474 3705 3544 μὴ

2117 3559 2263 3612 κατὰ
2316 3560 2443 3620 τοὺς
2498 3557 2723 3620 λοιποὺς
2773 3558 3212 3629 Χριστωνύμους
3259 3559 3519 3630 ὀμνύων,
3569 3563 3712 3618 ἀλλᾶ

2118 3652 2260 3707 κατὰ
2295 3652 2422 3715 τοὺς
2446 3652 2798 3715 κακοδόξους,
2840 3652 2902 3705 οὗ
2952 3653 3116 3722 μόνον
3155 3654 3256 3706 οὐκ
3280 3653 3713 3727 ὠφεληθήσεται

2119 3745 2229 3798 ἀπὸ
2271 3743 2364 3795 τοῦ
2405 3745 2592 3814 ὅρκου,
2631 3743 2766 3798 ἀλλά
2793 3747 2887 3799 καὶ
2916 3745 3372 3817 τιμωρηθήσεται
3412 3749 3555 3803 κατά
3580 3751 3713 3815 τοὺς

2120 3836 2373 3892 κανόνας.

2200 3930 2450 3983 ΖΩΝΑΡ.
2501 3929 2581 3981 Τὰ
2634 3928 2745 3980 τῶν
2807 3929 3137 3999 Ἰιῖλληνικῶν
3192 3932 3288 4003 ἔθη
3344 3935 3436 3986 καὶ
3480 3936 3547 3987 τὰ
3596 3937 3709 3987 τῶν

2121 4020 2355 4074 ἐθνικῶν
2378 4022 2731 4090 ἀποτρόπαια
2774 4026 2887 4085 τοῖς
2926 4029 3162 4087 πιστοῖς.
3225 4014 3319 4079 Διδ
3352 4026 3476 4079 οῦδὲ
3508 4026 3710 4096 ὅρκους

2134 4113 2481 4183 Ἑλληνικοὺς
2507 4113 2730 4184 ὀμνύειν
2753 4115 3236 4187 ἐπιτετράμμεθα.
3263 4119 3370 4171 Καὶ
3401 4121 3428 4172 6
3452 4121 3628 4189 μέγας
3655 4122 3715 4174 δὲ

2126 4206 2409 4269 Βασίλειος
2462 4209 2522 4259 ἐν
2575 4204 2926 4278 ὀγδοηκοστῷ
2963 4209 3168 4279 πρώτῳ
3207 4211 3394 4265 κανόνι
3435 4214 3568 4283 περὶ
3600 4214 3714 4267 τῶν

2088 4354 2092 4357 _
2124 4297 2375 4360 ὲθνικοὺς
2404 4298 2726 4366 ὀμοσάντων
2757 4299 2954 4368 ὅρκους
2988 4302 3141 4365 ὅπως
3180 4303 3715 4375 οίκονομηθήσονται

2126 4387 2502 4443 διατάττεται.
2546 4389 2657 4443 Καὶ
2695 4388 2725 4440 6
2754 4388 3036 4454 πολιτικὸς
3072 4392 3130 4444 δὲ
3172 4392 3337 4463 νόμος
3370 4397 3431 4448 ὲν
3482 4395 3717 4467 εἰκοστῷ

437 4474 580 4527 simo
614 4472 878 4537 secundo,
935 4473 1095 4527 titulo
1141 4476 1355 4543 quinto,
1412 4474 1591 4543 capite
1647 4482 1865 4544 quarto,
1918 4475 2012 4529 sita

2125 4479 2364 4554 δευτέρῳ
2399 4481 2592 4554 βμόλίῳ
2646 4484 2756 4538 τῶν
2788 4483 3104 4537 Βασιλικῶν
3138 4486 3395 4556 κείμενος
3428 4488 3595 4559 τίτλῳ
3647 4485 3715 4552 ε’,

438 4563 550 4617 ait:
588 4562 763 4617 Omne
798 4564 999 4617 licitum
1027 4563 1420 4633 iusiurandum
1460 4580 1526 4618 ex
1571 4564 1845 4619 delatione
1870 4564 2027 4634 jura-

435 4664 547 4709 tum
581 4665 866 4710 servatur:
924 4663 981 4709 ut
1014 4672 1081 4711 ex
1114 4657 1345 4711 adverso
1396 4656 1624 4721 intelligi
1677 4656 1857 4722 liceat,
1904 4674 2026 4713 eum

434 4744 531 4813 qui
574 4747 744 4799 vi-tito
803 4759 863 4799 se
910 4744 1273 4814 iureiurando
1307 4744 1687 4807 obstrinxerit,
1741 4746 1906 4800 veluti
1934 4742 2027 4817 qui

436 4846 532 4901 per
561 4834 757 4896 solem,
816 4842 910 4884 aut
941 4834 1070 4901 quid
1126 4831 1272 4885 aliud
1306 4831 1573 4901 eiusmodi
1598 4832 1822 4903 inrarit,
1877 4848 1936 4890 ut
1976 4838 2027 4893 id

435 4934 615 4977 servet
656 4937 1002 4991 nequaquam
1035 4937 1157 4977 esse
1187 4923 1515 4994 cogendum.

435 5009 659 5067 AlllST.
702 5032 719 5063 ι
745 5011 847 5078 Qui
879 5014 1159 5082 gentilium
1200 5016 1527 5083 iuramentis
1560 5019 1750 5085 utitur,
1794 5020 2026 5087 punien-

514 5121 532 5155 ι
578 5105 717 5159 dus:
755 5120 881 5158 nam
919 5116 1258 5176 segregatnr.
1297 5125 1316 5160 ι
1382 5108 1714 5179 l’erspicuus.

952 5198 1261 5255 CANON
1329 5200 1491 5257 XCV.

444 5306 464 5340 ι
490 5286 619 5353 Eos,
639 5291 731 5362 qui
764 5301 924 5346 recta:
951 5292 1017 5348 de
1049 5292 1154 5349 ﬁde
1183 5296 1469 5350 sententiae
1493 5297 1785 5361 accedunt,
1807 5309 1861 5355 et
1888 5301 2024 5369 parti

2129 4592 2257 4644 κεφ.
2287 4574 2350 4641 δ’,
2375 4575 2543 4644 φησί·
2579 4578 2690 4639 Πᾶς
2724 4576 2945 4647 θεμιτὸς
2976 4580 3138 4649 ὅρκος
3164 4579 3224 4645 ἐξ
3254 4583 3550 4651 ἐπαγωγῆς
3578 4584 3717 4652 ὁμο·-

2131 4664 2243 4726 θεὶς
2276 4666 2633 4733 φυλάττεται,
2664 4668 2739 4731 ὡς
2769 4669 2826 4735 ἐξ
2875 4671 3293 4741 ἁντιδιαστολῆς
3327 4673 3593 4740 νοεῖσθαι,
3628 4674 3718 4727 ὅτι

2127 4757 2154 4807 ὁ
2182 4755 2445 4824 ἀθέμιτον
2510 4759 2671 4827 ὅρκον
2705 4760 2933 4829 ὀμόσας,
2992 4758 3105 4817 οἷον
3162 4765 3240 4835 μά
3276 4765 3368 4818 τὸν
3418 4766 3571 4837 ἥλιον
3619 4768 3719 4820 καὶ

2128 4847 2432 4914 τοιούτους,
2466 4850 2567 4903 οὐκ
2598 4853 3081 4922 ἀναγκασθήσεται
3135 4857 3371 4925 φυλάξαι
3411 4862 3601 4916 αὐτόν.

2128 5034 2355 5087 ΔΡΙΣΓ.
2400 5053 2419 5086 ι
2466 5035 2524 5088 ’0
2568 5036 2909 5108 Ἑλληνικοῖς
2933 5041 3119 5114 ὅρκοις
3149 5043 3477 5112 ὀμνύμενος,
3538 5048 3717 5100 ἐπιτι-

2358 5146 2377 5179 ι
2425 5130 2622 5198 μητέος
2647 5144 2663 5165 ο
2694 5131 3019 5202 ἀφορίζεται
3048 5134 3175 5205 γάρ.
3216 5153 3235 5187 ι
3271 5134 3501 5205 Σαφής.

2708 5224 2949 5277 ΚΛΝΩΝ
3012 5228 3125 5293 HE’.

2134 5326 2153 5360 ι
2198 5308 2339 5372 Τοὺς
2385 5312 2851 5384 προστιθεμένους
2913 5320 2978 5387 τῇ
3032 5318 3312 5391 ὀρθοδοξίᾳ
3368 5321 3445 5393 (7)
3489 5320 3583 5375 καὶ
3645 5323 3715 5395 τῇ

1674 5391 1873 5453 Guill.
1910 5396 2243 5479 Bevoregii
2282 5413 2471 5466 notae.

509 5485 605 5559 (7)7
626 5485 771 5552 Τοὺς
800 5488 1304 5556 προστιθεμένους
1338 5487 1413 5556 τῇ
1448 5488 1783 5559 όρθοόοξίᾳ.
1825 5494 1883 5548 lu
1919 5512 2017 5549 an-

436 5558 813 5611 notationibus
872 5561 938 5611 ad
998 5561 1289 5627 septimum
1354 5561 1608 5615 Secunda:
1664 5558 2020 5621 (Beumeuics:

438 5628 1128 5701 synodiConstantinopoli
1156 5631 1450 5701 celebratze
1472 5644 1739 5684 cauonein
1770 5634 2018 5701 pluribus

437 5695 817 5769 ostendimus,
878 5695 1039 5769 istum
1089 5713 1356 5751 canouem
1406 5699 1453 5751 ei
1511 5702 1721 5769 synodo
1770 5695 1913 5758 i'also
1949 5723 2020 5761 n-

440 5765 706 5834 scriptum
735 5780 877 5821 esse.
911 5765 1090 5821 Prima
1122 5780 1302 5823 autem
1336 5779 1388 5824 et
1422 5765 1579 5837 longe
1617 5773 1853 5829 maxima
1888 5791 2018 5845 pars

2120 5502 2288 5586 istius
2307 5506 2537 5586 canonis
2565 5507 2657 5563 liic
2689 5508 3280 5586 verbatimrepetitur;
3316 5520 3487 5573 multa
3517 5531 3707 5578 tamen

2122 5580 2329 5660 inserta
2372 5580 2491 5643 eius
2543 5580 2736 5660 synodi
2803 5580 3098 5660 mentione.
3155 5585 3309 5643 Unde
3365 5591 3714 5660 coniecimus

2123 5651 2611 5731 istumhcanonem,
2645 5651 2845 5731 velut_a
2874 5658 3117 5731 secunda
3140 5651 3487 5731 incuunenicai
3503 5666 3720 5731 synodo

2122 5722 2479 5797 etrestitutum
2505 5757 2518 5781 ,
2563 5722 2816 5797 priesenti
2853 5727 3088 5797 concilio
3138 5730 3473 5797 incognitum
3514 5722 3719 5791 fuisse.

2120 5780 2386 5840 l’rarterea
2420 5802 2484 5842 ex
2529 5780 2785 5847 universo
2818 5794 2938 5864 eius
2972 5780 3714 5870 contextu-observaviiinis;
