4062 6414
408 307 503 370 8H

477 436 492 465 1
540 416 717 488 μερίδι
745 418 850 471 τῶν
880 419 1203 489 σωζομένων
1234 418 1338 472 ἀπὸ
1366 419 1659 491 αἱρετικῶν
1684 420 1950 491 δεχόμεθα
1982 420 2028 479 Δ

474 528 491 557 1
536 511 679 564 κατὰ
712 513 809 581 τὴν
849 513 1320 581 ’ὑποτεταγμένην
1375 513 1694 565 ἀκολουθίαν
1748 531 1806 565 τε
1859 519 1951 566 καὶ

474 623 491 652 1
541 604 860 673 συνήθειαν·
902 605 1209 670 ’Λρειανοὺς
1250 604 1349 672 μὲν
1382 606 1475 657 καὶ
1510 607 1949 668 Μακεδονιανοὺς

472 715 489 745 1
537 699 631 749 καὶ
674 696 1072 761 Ναυατιανοὺς,
1119 686 1248 759 τοὺς
1280 697 1537 765 λέγοντας
1569 698 1805 759 ἑαυτοὺς
1834 700 1950 750 Κα-

472 805 490 837 ‹
537 786 753 857 θαροὺς,
791 788 884 840 καὶ
930 776 1295 858 Ἀριστεροὺς,
1359 790 1451 841 καὶ
1479 789 1601 845 τοὺς
1640 789 1949 857 Τεσσαρεσο

469 898 485 927 1
530 879 930 942 καιδεκατίτας,
1004 880 1171 950 ἤγουν
1240 879 1569 950 Τετραόίτας
1623 882 1987 933 καὶἈπολέ

471 988 488 1017 1
537 969 872 1039 λιναριστὰς,
921 970 1188 1040 δεχόμεθα
1240 971 1478 1033 διδόντας
1532 970 1823 1033 λιϐἐλλους,
1859 972 1951 1021 καὶ

472 1076 488 1108 1
534 1059 1026 1129 ἁναθεματξζοντας
1065 1062 1242 1114 πᾶσαν
1286 1062 1497 1131 αἵρεσιν
1527 1062 1599 1131 μὴ
1650 1060 1951 1131 φρονοῦσαν

473 1171 490 1200 1
539 1150 612 1212 ὠς
646 1153 831 1221 φρονεί
864 1154 893 1220 ἡ
929 1152 1059 1220 ἁγία
1109 1152 1205 1205 τοῦ
1239 1151 1371 1204 Θεοῦ
1408 1150 1663 1220 καθολικὴ
1695 1152 1788 1204 καὶ
1817 1151 1949 1203 ἁπο-

470 1259 488 1291 1
536 1241 755 1311 στολικὴ
806 1243 1122 1313 Ἐκκλησία,
1165 1244 1634 1315 σφραγιζομένους
1658 1244 1775 1313 ἦτοι
1806 1260 1952 1313 χριο-

470 1352 487 1384 1
539 1332 730 1402 μένους
769 1339 986 1404 πρῶτον
1030 1335 1107 1405 τῷ
1146 1336 1285 1406 ἁγίῳ
1323 1336 1477 1407 μύρῳ
1518 1335 1578 1387 τό
1607 1352 1667 1387 τε
1703 1335 1951 1404 μέτωπον

469 1445 486 1476 1
530 1427 624 1479 καὶ
656 1427 780 1489 τοὺς
807 1428 1121 1497 ὀφθαλμοὺς
1152 1431 1246 1481 καὶ
1274 1429 1371 1490 τὰς
1397 1430 1546 1498 ῥῖνας
1575 1430 1669 1479 καὶ
1692 1428 1753 1480 τὸ
1778 1428 1950 1498 στόμα

464 1537 486 1575 _1
532 1519 627 1570 καὶ
650 1519 717 1570 τὰ
743 1513 858 1573 ὦτα
880 1535 894 1551 ·
933 1519 1028 1573 καὶ
1056 1517 1447 1590 σφραγίζοντες
1475 1520 1672 1583 αὐτοὺς
1696 1519 1944 1590 λέγομεν·

466 1628 483 1659 1
533 1611 777 1679 Σφραγὶς
833 1612 1041 1682 δωρεᾶς
1100 1612 1417 1676 Πνεῦματος
1468 1611 1646 1679 ἁγίου.
1702 1613 1838 1683 Περὶ¹
1890 1614 1949 1666 δὲ

471 1721 486 1751 1
532 1701 642 1753 τῶν
706 1702 1199 1767 Παυλιανισάντων,
1253 1699 1369 1756 εἶτα
1421 1704 1841 1772 προσφυγόντων
1878 1708 1944 1775 τῇ

384 1796 387 1801 '
465 1811 483 1841 1
525 1792 785 1864 καθολικῇ
842 1795 1163 1865 Ἐκκλησία,
1216 1795 1339 1867 ὄρος
1387 1797 1694 1850 ἐκτέθειται
1743 1798 1946 1850 ἀναϐα-

462 1902 481 1934 1
526 1883 811 1950 πτίξεσθαι
833 1887 1027 1950 αὐτοὺς
1048 1889 1362 1952 ἐξάπαντος.
1385 1891 1747 1960 Εὐνομιανοὺς
1766 1890 1947 1956 μέντοι

465 2000 482 2025 1
530 1977 658 2039 τοὺς
706 1979 788 2039 είς
826 1978 959 2046 μίαν
1008 1981 1305 2034 κατάδυσιν
1361 1981 1813 2054 βαπτιζομένους,
1854 1986 1947 2039 καὶ

462 2086 483 2118 1
529 2069 910 2134 Μοντανιστὰς
944 2072 1071 2136 τοὺς
1096 2060 1329 2126 ἐνταῦθα
1358 2075 1681 2144 λεγομένους
1706 2076 1944 2145 Φρύγας,

462 2178 483 2211 1
528 2163 622 2215 καὶ
658 2162 1072 2229 Σαϐελλιανοὺς,
1109 2166 1200 2219 καὶ
1239 2167 1366 2228 τοὺς
1392 2168 1752 2238 υἱοπατορὶαν
1785 2169 1943 2234 δοξά-

459 2272 477 2302 1
526 2252 740 2320 ζοντας,
788 2255 879 2309 καὶ
912 2256 1074 2325 ἕτερά
1104 2269 1222 2311 τινα
1254 2258 1466 2328 χαλεπὰ
1493 2260 1796 2325 ποιοῦντας,
1851 2262 1945 2314 καὶ

460 2363 478 2394 1
522 2344 701 2407 πάσας
733 2347 828 2409 τὰς
865 2346 1030 2410 ἄλλας
1057 2348 1319 2418 αἱρέσεις,
1360 2349 1547 2419 ἐπειδὴ
1582 2350 1771 2403 πολλαί
1805 2355 1944 2404 εἱσιν

460 2456 479 2489 1
523 2418 1056 2506 ἐνταῦθαξμάλιστα
1082 2441 1130 2492 οί
1158 2439 1265 2493 ἀπὸ
1314 2441 1410 2509 τῆς
1464 2442 1723 2495 Γαλατῶν
1757 2442 1943 2514 χώρας

457 2549 475 2581 1
520 2530 870 2601 ὁρμώμενον
930 2532 1137 2594 πάντας
1166 2535 1290 2595 τοὺς
1337 2533 1431 2586 ἀπ’
1459 2534 1636 2587 αὐτῶν
1691 2536 1945 2600 θέλοντας

463 2641 481 2673 1
527 2622 913 2693 προστίθεσθαι
942 2627 1008 2693 τῇ
1044 2624 1321 2696 ὀρθοδοξίᾳ
1365 2625 1439 2689 ὡς
1491 2626 1764 2697 ’Έλληνας
1792 2628 1945 2698 δεχό-

460 2732 478 2764 1
531 2713 704 2782 μεθα·
735 2715 829 2766 καὶ
884 2714 983 2783 τὴν
1030 2716 1127 2783 μὲν
1182 2715 1407 2787 πρώτην
1439 2717 1653 2787 ἡμέραν
1682 2718 1944 2788 ποιοῦμεν

458 2827 475 2859 1
522 2807 719 2891 absab;
759 2807 1142 2877 Χριστιανοὺς,
1173 2808 1272 2877 τὴν
1302 2808 1358 2861 δὲ
1388 2808 1650 2880 δευτέραν
1679 2824 1945 2882 κατηχου-

458 2919 476 2949 1
526 2898 762 2968 μένους·
823 2895 944 2953 εἷτα
1000 2900 1100 2971 τὴν
1142 2900 1335 2971 τρίτην
1391 2901 1750 2972 ἑξορκίζομεν
1804 2906 1942 2971 μετὰ
1974 2930 1985 2941 ι

458 3010 476 3038 1
522 2990 614 3044 τοῦ
646 2993 895 3063 ὲμφυσᾷν
926 2997 1111 3063 τρίτον
1142 2994 1221 3056 εἱς
1269 2993 1329 3045 τὸ
1385 2994 1681 3064 πρόσωπον
1734 2996 1829 3049 καὶ
1861 2998 1943 3060 εἰς

459 3103 475 3133 1
523 3084 589 3136 τὰ
616 3076 750 3137 ὧτα⁶
786 3084 881 3138 καὶ
917 3082 1058 3137 οὕτω
1118 3084 1487 3155 κατηχοῦμεν,
1546 3088 1640 3139 καὶ
1680 3087 1941 3156 ποιοῦμεν
1968 3103 2012 3161 α

461 3196 479 3227 1
528 3176 797 3247 χρονίζειν
839 3178 920 3240 εἰς
976 3178 1079 3245 τὴν
1136 3177 1458 3246 ἐκκλησίαν,
1494 3178 1592 3231 καὶ
1638 3168 1943 3249 ἀκροᾶσθαι

461 3286 478 3317 1
527 3267 636 3319 τῶν
666 3268 924 3338 Γραφῶν,
951 3270 1047 3321 καὶ
1076 3269 1196 3321 τότε
1228 3268 1426 3332 αὐτοὺς
1454 3268 1813 3340 βαπτίζομεψ
1848 3276 1944 3326 καὶ

458 3377 475 3407 ‹
518 3357 639 3421 τοὺς
669 3359 1005 3428 Μανιχαίους
1053 3358 1110 3411 δὲ
1158 3360 1234 3429 (8)
1264 3360 1359 3412 καὶ
1386 3360 1521 3427 τοὺς,
1565 3360 1945 3416 Οὐαλεντινια-

459 3467 475 3496 1
522 3448 667 3513 νοὺς,
701 3451 794 3503 καὶ
812 3450 1239 3521 Μαρκιονιστὰς,
1263 3452 1502 3515 καὶτοὺς
1528 3452 1591 3504 ὲκ
1608 3453 1717 3505 τῶν
1740 3455 1943 3522 ὁμοίων

462 3560 481 3590 1
529 3542 812 3607 αἱρέσεων.
843 3543 885 3594 Τ
889 3544 981 3605 οὺς
1006 3543 1062 3596 δὲ
1089 3543 1488 3614 Νεστοριανοὺς
1517 3544 1625 3616 χρὴ
1659 3548 1832 3598 ποιεῖν
1860 3547 1942 3599 λι-

457 3652 475 3684 1
523 3633 763 3698 6έλλους,
800 3635 897 3687 καὶ
933 3635 1351 3705 ἀναθεματίζειν
1379 3636 1479 3707 τὴν
1512 3636 1726 3707 αἵρεσιν
1755 3640 1941 3693 αὐτῶν

457 3747 474 3777 1
518 3727 613 3779 καὶ
639 3727 935 3797 Νεστόριον
966 3726 1060 3780 καὶ
1097 3727 1343 3797 Εὐτυχέα
1373 3729 1470 3780 καὶ
1502 3729 1796 3800 Διόσκορον
1847 3734 1942 3784 καὶ

458 3839 475 3870 1
524 3818 782 3890 Σεὸἡρον,
813 3819 907 3871 καὶ
940 3819 1065 3882 τοὺς
1092 3819 1311 3882 λοιποὺς
1341 3820 1601 3888 ἐξάρχους
1629 3822 1736 3874 τῶν
1766 3824 1940 3875 τοιού-

457 3931 475 3962 1
518 3928 624 3965 των
655 3912 944 3979 αἱρέσεων,
974 3913 1069 3964 καὶ
1098 3912 1224 3974 τοὺς
1254 3912 1588 3983 φρονοῦντας
1613 3914 1682 3966 τὰ
1734 3915 1937 3975 αὐτῶν.

456 4023 471 4053 ι
521 4004 612 4055 καὶ
664 4002 843 4066 πάσας
895 4002 995 4065 τὰς
1048 3991 1608 4074 προσαναφερομένας
1662 4006 1935 4075 αίρέσειςο

454 4112 470 4144 1
518 4096 611 4147 καὶ
668 4094 809 4147 οὕτω
856 4094 1298 4164 μεταλαμϐάνειν
1354 4098 1453 4165 τῆς
1525 4098 1685 4165 ἁγίας
1738 4114 1932 4150 κοινω-

453 4207 471 4239 1
518 4187 652 4249 νίας.
704 4205 723 4238 ›
1070 4200 1075 4209 “

448 4280 642 4335 ΒΑΛΣ.
675 4282 812 4351 Περὶ
865 4280 959 4334 τοῦ
1012 4280 1233 4344 κανόνος
1268 4281 1461 4335 τούτου
1510 4284 1737 4354 ἑϐδόμου
1787 4287 1935 4347 ὄντος

371 4374 474 4442 τῆς
509 4375 895 4444 οίκουμενικῆς
945 4373 990 4443 β’
1042 4374 1259 4427 συνόδου
1295 4375 1495 4438 ἱκανῶς
1543 4378 1721 4429 ὲκεϊσε
1773 4379 1937 4449 ἐγρά-

1405 308 1485 366 IN
1526 309 1689 368 CAN.
1726 308 1863 367 XCV
1910 306 2119 368 CONC.
2165 308 2246 367 IN
2278 307 2598 367 TRULLO.

3512 301 3617 361 8ξὲ

2127 441 2144 473 1
2192 435 2379 476 eorum
2420 410 2520 490 'qni
2575 434 2637 473 ex
2692 418 2955 472 harreticis
3001 426 3308 482 servantur,
3368 416 3615 481 Subjecm

2128 531 2145 561 1
2192 510 2381 565 ordine
2431 518 2483 562 et
2533 507 2926 562 consuetudine
2980 507 3310 575 recipimus:
3381 506 3615 560 Arianos

2128 616 2145 647 1
2192 596 2408 666 quidem
2461 603 2515 649 et
2542 584 2960 649 Macedon'ianos
3008 604 3061 647 et
3112 591 3465 659 Novatianos,
3522 596 3614 661 qni

2132 707 2149 735 1
2196 687 2407 755 seipsos
2457 684 2723 740 Catharos
2781 684 3072 752 appellant,
3127 690 3182 737 et
3240 685 3514 739 Aristeros
3565 695 3620 739 et

2129 798 2146 826 1
2194 775 2711 841 Quartadecimanos
2758 789 2855 828 seu
2886 773 3193 829 Tetraditas
3240 787 3295 830 et
3336 778 3617 843 Apollina-

2128 871 2355 925 1'ristas
2415 870 2728 938 recipimus,
2774 870 2967 923 dantes
3013 868 3243 931 libellos,
3299 880 3353 924 et
3400 886 3615 925 onmem

2127 983 2143 1013 1
2197 963 2440 1018 lncresim
2482 962 3024 1026 anathematizantes,
3074 977 3194 1030 qua:
3223 978 3328 1016 non
3361 965 3521 1018 sentit
3553 956 3636 1016 ut'

2128 1073 2143 1103 1
2193 1055 2357 1108 sentit
2375 1064 2560 1108 sancta
2588 1054 2678 1108 Dei
2702 1053 3027 1108 universalis
3049 1062 3104 1105 et
3124 1056 3415 1121 apostolica
3439 1055 3622 1109 Eccle-

2128 1164 2143 1192 1
2189 1146 2290 1210 sia,
2338 1152 2527 1199 sancto
2574 1144 2804 1213 primum
2856 1144 3150 1199 chrismate
3201 1157 3254 1200 et
3300 1145 3531 1201 frontem
3567 1157 3620 1200 ct

2127 1256 2145 1284 1
2192 1236 2378 1290 oculos
2403 1246 2451 1290 et
2484 1251 2644 1290 nares
2676 1245 2729 1289 et
2758 1252 2820 1291 os
2853 1245 2906 1290 et
2931 1252 3093 1290 aures
3123 1236 3474 1307 consignatos
3507 1238 3621 1292 sive
3710 1266 3718 1289 ι

2125 1346 2142 1375 1
2191 1328 2473 1381 inunctos:
2508 1336 2562 1381 et
2600 1342 2694 1382 eos
2727 1328 3111 1397 consignantes
3146 1314 3399 1391 dicimus,
3435 1328 3621 1398 signa-

2128 1437 2145 1465 ι
2192 1418 2373 1472 culum
2405 1419 2533 1473 doni
2566 1418 2806 1487 Spiritus
2842 1418 3038 1473 sancti.
3092 1419 3167 1472 De
3208 1418 3273 1472 iis
3294 1408 3496 1483 autem,
3526 1422 3618 1489 qui

2125 1529 2142 1557 1
2192 1510 2437 1564 Pauliani
2465 1519 2668 1564 sectam
2721 1511 2894 1565 secuti
2945 1519 3092 1573 sunt,
3124 1509 3320 1564 deinde
3342 1512 3406 1563 ad
3427 1513 3621 1565 catho-

2127 1624 2143 1653 1
2193 1604 2349 1659 licam
2383 1604 2680 1659 Ecclesiam
2711 1606 3096 1673 confugerunt,
3133 1612 3398 1658 statutum
3434 1617 3516 1659 est
3564 1614 3622 1659 ut

2126 1718 2142 1749 1
2193 1699 2227 1751 ii
2261 1698 2483 1752 omnino
2526 1698 2949 1767 rebaptizentur.
2979 1696 3351 1752 Eunomianos
3380 1713 3619 1767 quoque,

2128 1811 2145 1841 1
2188 1790 2283 1860 qui
2315 1804 2419 1844 una
2444 1791 2795 1857 demersione,
2824 1790 3125 1859 haptizant,
3172 1801 3228 1845 ct
3260 1790 3619 1845 Montanistas

2133 1904 2149 1933 1
2199 1884 2293 1953 qui
2350 1883 2436 1937 hic
2483 1884 2746 1938 dicuntur
2789 1883 3029 1955 Phryges
3064 1896 3115 1938 et
3149 1885 3490 1939 Sabellianos
3524 1886 3618 1953 qui

2110 1976 2145 2025 Ἰ
2195 1974 2391 2029 Filium
2445 1975 2585 2030 idem
2646 1990 2765 2031 esse
2802 1991 2925 2029 cum
2972 1975 3131 2029 Patre
3175 1976 3513 2041 existimant,
3563 1986 3618 2029 et

2125 2083 2142 2114 1
2189 2065 2293 2119 alia
2326 2065 2573 2135 quaedam
2628 2067 2811 2135 gravia
2860 2067 3088 2133 faciunt,
3138 2077 3193 2121 et
3241 2084 3432 2125 omnes
3484 2069 3618 2121 alias

2132 2177 2148 2206 1
2197 2157 2453 2221 hzcreses,
2484 2161 2742 2230 quoniam
2779 2159 2931 2212 multi
2970 2160 3055 2213 hic
3091 2173 3240 2225 sunt,
3295 2171 3349 2215 et
3381 2163 3617 2214 maxime

2128 2272 2145 2302 1
2190 2253 2285 2321 qui
2310 2268 2376 2306 ex
2397 2251 2710 2306 Galatarum
2736 2254 2954 2322 regione
2981 2255 3208 2322 profecti
3238 2265 3399 2317 sunt;
3427 2270 3618 2308 Omnes

2138 2366 2153 2394 1
2202 2362 2269 2399 ex
2318 2346 2406 2408 iis,
2459 2345 2550 2413 qui
2593 2347 2658 2399 ad
2691 2354 2895 2399 rectam
2925 2347 2991 2399 de
3023 2346 3125 2400 ﬁde
3160 2348 3483 2400 sententiam
3520 2364 3617 2401 vo—

2125 2457 2143 2488 1
2192 2440 2308 2491 lunt
2341 2440 2623 2504 accedere,
2658 2437 2956 2493 utGraecos
2987 2442 3319 2509 recipimus:
3354 2451 3407 2494 et
3442 2442 3617 2509 primo

2134 2556 2150 2585 1
2197 2534 2413 2605 quidem
2458 2522 2545 2591 die
2574 2551 2669 2592 eos
2701 2536 3042 2595 Christianos
3077 2537 3326 2601 facimus,
3377 2540 3618 2593 secundo

2135 2645 2152 2676 1
2199 2637 2379 2682 autem
2403 2628 2860 2694 catechumenos;
2883 2628 3081 2683 deinde
3098 2630 3258 2684 tertio
3276 2630 3615 2698 adjuramus,

2132 2739 2149 2769 1
2198 2720 2357 2774 simul
2386 2720 2545 2773 etiam
2570 2731 2652 2773 ter
2678 2720 2730 2773 in
2760 2720 2952 2775 faciem
2982 2730 3033 2775 et
3056 2736 3216 2777 aures
3242 2723 3614 2791 inspirantes;

2036 2860 2037 2863 η
2130 2830 2148 2860 ‹
2193 2818 2247 2865 et
2274 2812 2690 2875 sie'initiamus,
2747 2821 2800 2867 et
2838 2812 2929 2865 diu
2965 2812 3017 2866 in
3056 2814 3287 2867 ecclesia
3320 2814 3522 2868 versari
3564 2824 3619 2868 et

2126 2921 2142 2950 1
2190 2902 2507 2971 Scripturas
2537 2904 2726 2958 audire
2755 2903 3006 2970 facimus,
3043 2913 3096 2959 et
3122 2914 3249 2959 tunc
3270 2905 3419 2974 ipsos
3442 2906 3618 2975 bapti-

2127 3015 2143 3044 1
2190 3010 2400 3049 zamus.
2456 2995 2596 3061 Quin
2627 2996 2791 3051 etiam
2816 2980 3164 3059 Manichaeos,
3195 3005 3248 3051 et
3279 2996 3620 3051 Valentinia-

2129 3100 2319 3157 1lnos,
2369 3094 2424 3142 et
2480 3088 2899 3152 Marcionistas,
2947 3098 3000 3142 et
3053 3090 3258 3144 similes
3309 3091 3618 3146 haereticos.

2128 3178 2547 3236 1~Nestorianos
2593 3174 2788 3235 autem'
2809 3192 3023 3250 oportet
3069 3184 3278 3237 libellos
3319 3183 3516 3248 facere,
3566 3196 3619 3239 ct

2128 3293 2145 3314 σ
2195 3274 2442 3329 ἣωτεείιη
2476 3289 2628 3329 suam
2680 3276 3160 3341 anathematizarc,
3214 3275 3617 3332 ct~Nestorium

2133 3388 2148 3417 1
2198 3376 2250 3423 et
2295 3366 2595 3439 Eutychem
2648 3376 2700 3422 ct
2755 3370 3070 3424 Dioscornm
3124 3382 3177 3426 ct
3228 3372 3511 3441 Severum,
3566 3384 3621 3428 ct

2133 3482 2150 3512 1
2197 3462 2434 3530 reliquos
2478 3463 2666 3516 talium
2744 3462 3022 3519 haereseon
3078 3465 3378 3535 principes,
3424 3477 3478 3523 et
3524 3470 3616 3537 qui

2128 3581 2144 3607 1
2192 3557 2377 3613 eadem
2414 3572 2537 3612 cum
2569 3559 2675 3613 illis
2706 3560 2967 3621 sentiunt,
3025 3570 3077 3612 et
3101 3577 3292 3616 omnes
3328 3565 3618 3630 praedictas

2127 3672 2142 3700 1
2189 3652 2422 3709 hazrcscs
2451 3671 2463 3707 :
2497 3662 2548 3707 ct
2575 3655 2653 3708 sic
2684 3670 2805 3709 csse
2824 3664 3027 3711 sanctae
3058 3658 3460 3713 communionis
3493 3675 3621 3729 par-

2122 3766 2138 3794 1
2188 3745 2397 3816 ticipes.
2412 3765 2432 3797 ι
2804 3748 2807 3751 ’

2123 4255 2318 4333 BA'LS.
2386 4277 2459 4331 De
2509 4277 2610 4339 boc
2662 4291 2892 4340 canone,
2946 4278 3038 4346 qui
3081 4284 3164 4331 ρει
3195 4278 3462 4346 septimus
3492 4279 3617 4331 uni~

2040 4372 2273 4427 versalis
2310 4371 2563 4426 secunda:
2595 4368 2812 4439 synodi,
2857 4371 2992 4423 satis
3022 4370 3132 4423 illic
3164 4370 3510 4439 scripsimus,
3560 4380 3619 4425 et

370 4436 575 4537 φαμεν,
615 4436 710 4520 καὶ
755 4468 816 4520 οὐ
850 4436 965 4538 ’χρή
1012 4468 1139 4537 περὶ
1172 4466 1283 4520 τῶν
1336 4436 1513 4521 aut:qu
1563 4436 1931 4537 παλιλλοχεῖν.

2045 4479 2154 4517 non
2186 4469 2403 4532 oportet
2437 4436 2641 4515 eadem-
2690 4468 2957 4529 repetere.
3038 4436 3301 4525 Quoniam
3336 4470 3513 4515 autem
3546 4464 3613 4516 ab

385 4557 543 4611 Ἐπεὶ
569 4559 624 4611 δὲ
656 4559 958 4628 προσετέθη
994 4560 1142 4630 παρὰ
1171 4561 1268 4626 τῆς
1298 4559 1517 4612 συνόδου
1548 4560 1754 4631 ταύτης
1785 4562 1931 4630 ὀφεί-

369 4648 487 4701 λειν
511 4649 609 4702 καὶ
638 4651 764 4711 τοὺς
793 4648 1124 4717 Μανιχαίους
1171 4652 1267 4703 καὶ.
1301 4650 1427 4713 τοὺς
1456 4649 1929 4715 Οὐαλεντίνιανοὺς

368 4741 628 4803 καὶτοὺς
655 4740 1084 4813 Μαρκιονιστὰς,
1146 4741 1240 4793 καὶ
1293 4742 1421 4805 τοὺς
1478 4743 1541 4794 ὲκ
1572 4742 1681 4795 τῶν
1727 4744 1929 4813 ὁμοίων

367 4831 656 4900 αἱρέσεων,
692 4832 834 4884 κατᾶ
864 4832 990 4894 τοὺς
1023 4831 1391 4900 Εὐνομιανοὺς
1424 4834 1516 4886 καὶ
1545 4835 1675 4897 τοὺς
1707 4836 1929 4888 Μοντα-

2043 4556 2142 4609 hac
2176 4552 2384 4626 synodo
2412 4552 2682 4621 adjectum
2713 4561 2817 4613 est,
2863 4551 3061 4605 debere
3091 4552 3253 4605 etiam
3290 4550 3615 4607 Manichzcos

2040 4662 2093 4705 ct
2122 4647 2537 4709 Valentinianos
2569 4655 2624 4698 et
2653 4643 3058 4706 Marcionistas.
3082 4654 3137 4698 et
3171 4646 3310 4701 alios
3340 4646 3612 4714 ejusmodi

2040 4741 2354 4803 haereticos,
2406 4736 2866 4808 quemadmodum
2905 4736 3272 4792 Eunomianos
3313 4747 3365 4792 et
3409 4739 3613 4791 Monta-

2031 4837 2248 4897 nistas,
2306 4830 2610 4900 baptizari;
2668 4827 3023 4883 Nestorianos
3087 4834 3267 4882 autem
3325 4844 3436 4882 sua:
3492 4830 3609 4885 lidei

1549 4930 1738 4992 Guill.
1782 4932 2107 5010 Beveregii
2149 4936 2338 4991 nota).

364 5031 536 5085 istum
580 5043 841 5083 canonem
881 5027 1176 5096 Epistolam
1226 5028 1403 5094 potius
1440 5045 1597 5097 quam
1650 5034 1925 5085 decretum

362 5098 584 5171 aliquod
614 5100 870 5168 synodale
898 5113 1052 5171 esse;
1089 5097 1286 5165 quippe
1316 5114 1424 5171 quo
1456 5101 1587 5152 nihil
1635 5104 1926 5157 constitui-

364 5167 478 5239 tur,
527 5171 621 5222 sed
650 5167 868 5221 tantum
917 5170 1136 5239 antiqua
1178 5167 1425 5234 quzedam
1476 5174 1812 5226 consuetudo
1872 5174 1923 5225 in

361 5238 635 5295 haereticis
670 5239 992 5306 recipiendis
1030 5238 1309 5291 recitatur.
1344 5239 1725 5306 (innjectnram
1760 5258 1823 5294 ex
1858 5258 1924 5295 en

359 5310 792 5365 verisimiliorem
825 5309 1075 5370 l‘eciintrs,
1107 5307 1249 5375 quod
1284 5309 1471 5379 eadem
1497 5314 1682 5373 verba,
1709 5328 1830 5379 quae
1852 5313 1924 5365 ibi

356 5390 419 5435 et
442 5383 525 5433 hic
556 5389 906 5451 usurpantur,
935 5382 985 5431 in
1009 5379 1233 5447 epiStola
1261 5378 1493 5451 quadam
1514 5380 1580 5431 ad
1605 5383 1922 5451 martyrium

355 5451 765 5506 Antiochenum
827 5448 1298 5516 Gonstantinoiioli
1361 5450 1561 5516 scripta
1630 5448 1924 5514 habeatur,

352 5537 483 5589 quae
516 5538 580 5575 ex
629 5516 817 5571 Jacobi
848 5520 1172 5577 Armachani
1202 5518 1298 5569 τοῦ
1335 5519 1634 5589 μακαρίτου
1667 5538 1794 5576 mss.
1831 5538 1927 5575 ex-

353 5588 567 5660 scripta
603 5590 885 5660 nobiscum
934 5589 1333 5641 communicata
1373 5589 1493 5645 fuit.
1535 5588 1615 5643 Ad
1664 5593 1953 5658 majorem'

354 5658 523 5717 istius
553 5662 629 5715 rei
669 5658 1206 5732 elucidationetn_'l1ie
1241 5661 1530 5714 observare
1568 5660 1747 5732 liceat,
1784 5662 1925 5732 quod

355 5744 495 5786 umc
541 5748 625 5785 me
673 5729 854 5794 latuit,
905 5730 1042 5781 hanc
1092 5728 1263 5797 ipsam
1313 5732 1597 5796 epistolam
1645 5746 1675 5785 a
1721 5728 1930 5788 Joanne

643 5825 905 5883 Pnnoc
956 5822 1073 5882 Gn.
1124 5817 1488 5885 CXXXVII.

2036 5030 2363 5087 Leunclavio
2417 5026 2468 5077 in
2513 5025 2664 5077 luris
2711 5023 3153 5078 Gnaeo-Romani
3206 5022 3345 5076 libro
3412 5031 3609 5091 quarto

2034 5119 2155 5171 pag.
2194 5098 2321 5159 290,
2374 5096 2501 5171 29!,
2535 5097 2733 5171 editam
2775 5110 2917 5171 esse,
2961 5094 3203 5171 ex-alio,
3239 5092 3424 5171 nescio
3479 5107 3608 5159 que,

2033 5164 2140 5226 ius.
2172 5171 2361 5225 codice
2395 5187 2408 5221 :
2438 5168 2573 5221 adeo
2605 5175 2661 5217 ut
2688 5166 2754 5217 de
2780 5165 3021 5231 epistolte
3050 5164 3208 5217 istius
3238 5164 3466 5216 veritate
3487 5180 3611 5217 cer-

2034 5245 2201 5295 tiores
2247 5240 2459 5292 ﬁamus.
2494 5238 2559 5290 Et
2604 5235 2820 5304 quidem
2854 5252 2974 5303 quae
3006 5235 3057 5286 in
3114 5236 3365 5302 praesenti
3403 5236 3643 5287 canone“

2031 5312 2405 5372 continentur,
2440 5323 2504 5362 ex
2549 5307 2634 5360 illa
2688 5306 2913 5374 epistola
2964 5306 3143 5371 pOtius
3191 5319 3352 5372 quam
3399 5319 3461 5356 ex
3513 5306 3609 5356 de-

2034 5394 2185 5437 ereto
2224 5381 2405 5447 aliquo
2440 5378 2632 5448 synodi
2674 5376 3294 5445 Constantinopolitanm
3320 5376 3608 5442 desumpta

2041 5454 2314 5505 videntur.

2106 5524 2180 5591 (8)
2218 5519 2327 5574 Καὶ
2359 5519 2499 5584 τοὺς
2531 5518 2902 5591 Μανιχαίους
3058 5515 3155 5591 llic
3176 5516 3452 5591 incipiunt
3487 5531 3609 5591 qua:

2034 5586 2273 5662 praesens
2325 5591 2616 5662 concilium
2650 5590 2717 5643 de
2744 5589 3033 5662 .haereticis
3078 5589 3131 5640 in
3174 5586 3469 5640 Ecclesium
3509 5586 3612 5662 Cn-

2037 5660 2295 5716 thnlicam
2332 5661 2657 5729 recipiendis
2697 5660 3022 5724 constituit;
3066 5666 3260 5726 praeter
3298 5672 3362 5708 ea
3395 5673 3515 5725 qua,»
3557 5660 3610 5711 in

2032 5733 2264 5804 cpistola
2297 5734 2548 5800 superius
2577 5739 2999 5787 commemorata
3022 5730 3399 5785 continentur.

3180 5825 3259 5881 2'7
