4062 6390
603 346 710 409 Ἠιίῖ

551 475 560 506 ε
607 483 652 518 ει
695 477 897 517 comam
950 457 1070 520 alit,
1117 468 1195 511 est
1241 462 1318 510 uti
1356 458 1725 527 ignominia".

556 535 568 594 ἰ
603 555 837 609 Mosaica
860 553 990 604 dicit
1014 551 1067 603 in
1099 550 1538 614 Denterouomio,
1575 549 1697 602 Non
1730 543 1929 617 facietis
1964 552 2165 604 cincin-

604 663 698 700 nos
758 647 810 696 in
843 643 1014 711 capite
1053 652 1238 694 restro.
1303 638 1439 692 Nota
1470 655 1597 708 ergo
1652 643 1786 707 haec,
1824 653 2042 712 propter
2071 659 2167 700 eos

600 721 696 806 qui
746 735 973 803 capillos
1013 739 1272 792 nectunt,
1333 731 1416 783 vel
1468 732 1769 800 implicant,
1807 733 1887 786 vel
1929 732 2164 801 tingunt,

602 829 683 883 vel
719 841 841 880 cum
893 839 1034 892 aqua
1078 821 1462 884 madefaciunt,
1519 823 1598 874 vel
1635 823 1816 891 aliquo
1870 823 1976 876 alio
2010 823 2168 876 modo

599 918 829 988 capillos
859 932 990 971 suos
1024 915 1300 984 pleniores
1329 913 1796 983 elegantioresque
1826 915 2052 978 iaciunt,
2085 917 2167 968 vel

586 1014 668 1066 iis
714 1010 923 1064 alienos
975 1012 1344 1061 connectunt:
1383 1005 1636 1060 similiter
1669 1015 1722 1058 et
1772 1015 1990 1074 propter
2047 1023 2164 1069 eos,

599 1103 690 1171 qui
717 1102 888 1153 instar
921 1098 1206 1150 mulierum
1262 1104 1466 1163 partes,
1517 1111 1638 1161 qua:
1679 1107 1806 1162 sunt
1829 1097 1976 1149 cii-ta
2009 1111 2165 1150 suum

597 1185 787 1255 caput,"
814 1173 1036 1244 ornant.
1195 1183 1202 1188 ’
2022 1177 2026 1188 ’

673 1279 923 1334 ZONAR.
983 1280 1288 1348 Quicunque
1321 1278 1372 1330 in
1405 1275 1673 1330 Christum
1719 1279 1980 1346 baptizatt
2014 1281 2160 1340 estis,

597 1391 826 1444 magnus
859 1373 1056 1425 Paulus
1086 1373 1180 1435 ait,
1220 1369 1491 1423 Christum
1543 1369 1811 1422 iuduistis.
1887 1371 1991 1434 Qui
2033 1385 2164 1424 vero

595 1468 782 1519 divino
835 1464 1102 1534 baptismo
1155 1461 1351 1532 initiati
1402 1460 1680 1515 Christum
1736 1461 2046 1526 induerunt,
2099 1464 2164 1515 ad

595 1558 743 1610 illius
773 1555 984 1609 vivendi
1016 1568 1260 1608 normam
1287 1567 1464 1606 mores
1487 1551 1851 1615 eutiformare,
1870 1568 2167 1622 omnesque

596 1649 870 1717 puritatis,
923 1644 1296 1713 temperantiae
1330 1654 1492 1712 atque
1540 1645 1864 1698 innocentiae
1909 1661 2166 1701 numeros

596 1741 841 1812 implere,
895 1756 995 1794 nec
1045 1753 1178 1791 vero
1219 1751 1402 1790 rerum
1438 1747 1778 1789 terrenarum
1815 1739 2036 1790 vanitati
2071 1739 2163 1789 ad-

1889 341 2163 402 TllEOD.
2209 342 2610 404 BALSAMON

1804 459 1972 512 Porro
2003 469 2052 510 et
2088 460 2165 510 lux

2274 460 2326 511 δὲ
2363 461 2456 512 καὶ
2488 465 2515 514 ὸ
2551 461 2722 530 μέγας
2777 461 3018 525 Παῦλος⁶
3069 461 3252 529 Ἀνὴρ
3290 460 3398 514 ἐὰν
3429 458 3602 529 κομᾷ,
3637 461 3845 531 ἀτιμία

3741 355 3848 416 8εὸ

2277 549 2436 617 αὐτῷ
2497 553 2649 606 ἐστι.
2699 555 2803 606 Καὶ
2832 557 2859 606 ὁ
2881 553 3170 615 δίωσαῖκδς
3198 552 3254 623 δὲ
3283 553 3448 620 νόμος
3504 552 3650 618 λέγει
3679 553 3735 603 ἐν
3767 555 3844 620 τῷ

2277 646 2676 716 Δευτερονομίῳ
2703 663 2717 679 ο
2761 648 2842 700 Οὐ
2899 645 3182 711 ποιήσετε
3235 649 3458 710 σισόην
3505 645 3573 698 ἐκ
3603 644 3713 712 τῆς
3749 664 3846 698 κε-

2276 735 2476 805 φαλῆς
2507 737 2691 801 ὑμῶν.
2724 739 3038 806 Σημείωσαι
3067 733 3160 790 οὖν
3195 735 3368 790 ταῦτα
3417 737 3504 788 διὰ
3539 737 3663 799 τοὺς
3703 736 3848 787 κλώο

2277 830 2470 888 υοντας
2519 825 2551 896 ἦ
2605 827 2904 888 πλέκοντας
2952 827 2985 896 ἢ
3047 825 3347 894 βάπτοντας
3384 823 3416 892 ἢ
3454 822 3594 892 μετὰ
3647 823 3846 885 ὕδατος

2279 916 2594 988 βρέχοντας,
2623 917 2655 987 ἢ
2689 916 2861 979 ἄλλως
2891 933 3007 977 πως
3056 913 3431 983 πληθύνοντας
3484 913 3579 965 καὶ
3634 912 3848 988 καλλω-

2276 1009 2532 1073 πίζοντας
2572 1009 2670 1071 τὰς
2702 1009 2906 1070 οἰκείας
2953 1008 3167 1076 τρίχας,
3202 1005 3234 1075 ἦ
3266 1005 3495 1067 ταύταις
3549 1003 3849 1074 ἀλλοτρίας

2277 1103 2664 1163 συνάπτοντας’
2689 1099 2950 1162 ὡσαύτως
3001 1101 3094 1151 καὶ
3122 1101 3246 1160 τοὺς
3280 1088 3642 1158 καλλύνοντας
3699 1102 3851 1152 κατὰ

2276 1195 2545 1262 γυναῖκας
2573 1193 2641 1244 τὰ
2671 1191 2805 1261 περὶ
2835 1193 2932 1260 τὴν
2965 1190 3210 1258 κεφαλὴν
3253 1191 3395 1258 μέρη
3423 1188 3626 1239 αὐτῶν.

2347 1285 2592 1338 ΖΩΝΑΡ.
2627 1285 2790 1336 Ὅσοι
2821 1285 2901 1344 εἰς
2929 1281 3188 1347 Χριστὸν
3225 1279 3641 1344 ἐϐαπτίσθητε,
3708 1279 3850 1344 Χριο

2277 1377 2430 1430 στὸν
2465 1376 2858 1437 ἐνεδύσασθε,
2891 1373 2918 1424 ὁ
2965 1373 3137 1442 μέγας
3202 1370 3407 1432 Παῦλός
3447 1387 3633 1438 φησιν.
3676 1371 3736 1421 Oi
3792 1369 3847 1421 δὲ

2276 1469 2360 1520 διὰ
2396 1468 2488 1519 τοῦ
2523 1467 2668 1519 θείου
2709 1465 3080 1534 βαπτίσματνς
3110 1463 3200 1514 τὸν
3231 1463 3463 1531 Χριστδν
3491 1461 3848 1528 ἐνδυσάμενοι

2275 1561 2396 1613 κατ’
2461 1563 2670 1614 ἐκεῖνον
2707 1559 2983 1629 ὀφείλουσι
3043 1555 3446 1619 πολιτεύεσθαι,
3511 1559 3603 1609 καὶ
3665 1559 3847 1608 πᾶσαν

2277 1653 2498 1720 ἁγνείαν
2533 1653 2624 1704 καὶ
2661 1649 3014 1719 σωφροσύνην
3045 1650 3281 1716 μετιέναι
3331 1650 3420 1700 καὶ
3477 1640 3846 1717 καθαρότητα,

2275 1746 2369 1796 καὶ
2428 1745 2607 1814 μὴτῇ
2666 1745 2764 1811 τῆς
2818 1741 2951 1812 ὕλης
2996 1740 3430 1810 προστετηκέναι
3487 1740 3841 1810 ματαιότητι,

593 1836 922 1891 hzerescere.
970 1842 1060 1885 aut
1114 1843 1455 1898 supervacuo
1505 1827 1774 1905 nimisque
1821 1828 2073 1883 allectum
2114 1840 2165 1882 et

2274 1837 2366 1888 καὶ
2400 1834 2458 1887 τὸ
2514 1834 2674 1902 σῶμα
2725 1834 2951 1898 κοσμεῖν
2979 1831 3249 1900 περιττῶς
3280 1847 3338 1882 τε
3374 1833 3464 1883 καὶ
3496 1831 3835 1898 περιέργως.

589 1940 822 1996 operoso
878 1922 1124 1992 corporis
1177 1923 1394 1974 ornatui
1449 1919 1728 1989 indulgere
1774 1919 1950 1974 decet.
2036 1921 2166 1986 Qua:

593 2032 758 2090 ροττο
794 2017 964 2085 magis
1021 2015 1268 2068 affectata
1313 2025 1815 2083 acsupervacanea
1865 2014 2162 2066 exornaudi

587 2112 840 2182 corporis
891 2109 1058 2173 ratio,
1117 2122 1280 2178 quam
1319 2123 1531 2171 eorum,
1558 2106 1648 2176 qui
1707 2106 1961 2174 capillum
1997 2107 2164 2159 variis

571 2206 824 2259 nexibus
857 2202 1163 2272 implicant,
1201 2201 1368 2253 inulta
1400 2208 1516 2252 arte
1545 2198 1866 2268 disponunt,
1897 2199 1950 2252 iu
1984 2209 2164 2269 partes

575 2297 860 2350 concinne
885 2293 1158 2355 dividunt,
1207 2305 1385 2360 eoque
1413 2290 1795 2344 imbecilliores
1826 2290 1878 2343 in
1914 2289 2016 2342 ﬁde
2045 2291 2163 2343 ani-

515 2419 522 2424 -
594 2405 733 2450 mos,
781 2388 989 2456 quiun
1042 2395 1322 2453 propterea
1354 2381 1420 2436 ad
1450 2383 1920 2448 intemperantiam
1953 2381 2165 2436 facilius

587 2480 938 2541 delabuntur,
964 2479 1110 2530 velut
1132 2475 1363 2539 quadam
1383 2488 1506 2527 esca
1529 2473 1810 2542 deceptos,
1834 2473 1887 2526 in
1917 2472 2162 2536 fraudem

589 2571 870 2626 alliciunt?
920 2571 1089 2638 Igitur
1126 2569 1297 2621 divini
1360 2567 1438 2620 illi
1492 2566 1680 2622 Patres
1733 2567 1953 2635 implexi
2008 2569 2165 2622 nodis

589 2675 823 2734 apteque
869 2678 933 2716 ac
982 2661 1230 2715 studiose
1280 2659 1568 2728 compositi
1616 2659 1796 2728 capilli
1845 2660 2164 2716 meminere.

587 2759 734 2812 Nihil
761 2759 903 2813 enim
953 2757 1122 2817 aliud,
1178 2765 1238 2808 ut
1266 2755 1500 2817 videtur,
1547 2755 1601 2807 in
1650 2764 1848 2808 ornatu
1880 2769 2162 2809 comarum

585 2869 654 2906 eo
691 2862 935 2921 tempore
966 2849 1313 2919 peccabatur.
1366 2846 1512 2901 Nihil
1545 2863 1736 2902 eorum
1770 2849 2000 2912 scilicet,
2046 2865 2167 2917 qua:

587 2943 798 3006 nostris
833 2940 1174 3008 temporibus
1202 2939 1256 2993 in
1283 2938 1482 3008 capillo
1513 2938 1775 3007 tingendo
1801 2940 2168 3010 (ingenuoque

588 3036 836 3088 homines
885 3034 1210 3097 elaborant;
1288 3030 1381 3099 qui
1441 3030 1658 3098 quidem
1711 3049 1871 3087 omne
1927 3034 2163 3087 studiqu

588 3142 746 3180 suum
778 3140 843 3179 eo
881 3124 1194 3187 conferunt,
1228 3132 1288 3178 ut
1317 3138 1530 3178 comam
1561 3124 1732 3185 alant,
1785 3141 1847 3178 ac
1880 3125 2157 3179 cincinno-
2190 3157 2234 3213 ο

587 3236 706 3272 rum
740 3217 1006 3278 limbi-ias,
1058 3216 1384 3271 leininartun
1426 3216 1557 3280 ritu,
1609 3219 1652 3272 si
1703 3218 1818 3271 tieri
1855 3217 2048 3286 possit,
2096 3219 2160 3268 ad

587 3323 780 3363 zonam
833 3323 1009 3376 usque
1063 3307 1376 3362 demittant.
1473 3307 1530 3361 In
1579 3323 1688 3377 quo
1723 3323 1828 3364 non
1880 3309 2055 3362 solum
2090 3309 2165 3362 illi

573 3400 845 3453 fuimirutn
896 3397 962 3453 de
1010 3414 1118 3452 non
1169 3397 1694 3467 tondeudo,capillo
1724 3397 1965 3470 “solliciti
2013 3409 2162 3462 sunt,

596 3490 694 3548 sed
751 3492 955 3553 etiam,
1020 3500 1377 3558 praeterquam
1437 3489 1582 3558 quod
1637 3487 1949 3542 ferramenti
2004 3504 2166 3544 oniue

586 3599 760 3654 genus
815 3598 843 3635 a
891 3582 1068 3652 capite
1127 3588 1401 3640 amoveut,
1449 3581 1632 3632 omnia
1689 3589 1946 3648 praeterea
1999 3598 2167 3635 coma:

587 3671 894 3727 nutriendae
962 3680 1054 3725 aut
1121 3669 1382 3740 augendae
1447 3670 1845 3724 medicamenta
1920 3673 2167 3728 studiose

534 3798 542 3807 ρ
588 3765 752 3817 nimis
805 3771 968 3830 atque
1025 3771 1285 3815 accurate
1337 3761 1696 3830 conquirunt.
1776 3761 2012 3832 Finguut
2062 3765 2163 3818 sibi

588 3852 786 3907 exinde
825 3853 1031 3915 crines,
1080 3851 1419 3914 calamistro,
1466 3867 1577 3922 quo
1609 3853 1776 3923 crispi
1804 3854 1958 3918 (iant,
1993 3854 2166 3908 intor-

590 3955 845 4011 quentes;
909 3947 1126 4014 tiugunt
1173 3958 1410 4012 quoque,
1465 3952 1524 3998 ut
1577 3943 1894 4008 ﬂavescunt,
1942 3954 1998 4000 et
2044 3947 2165 4000 auri

592 4041 828 4109 speciem
886 4038 1145 4092 referant.
1234 4036 1340 4090 Alii
1397 4051 1539 4106 aqua
1580 4035 1916 4092 madefactos
1964 4038 2017 4093 in
2053 4041 2166 4095 sole

591 4131 887 4198 explicant,
924 4128 1156 4196 ejusque
1181 4125 1349 4181 radiis
1382 4126 1580 4179 torreri
1617 4127 1925 4194 patiuntur,
1959 4136 2019 4180 ut
2050 4138 2166 4182 ater

596 4222 718 4274 inde
747 4218 1072 4289 capillorum
1099 4217 1250 4272 color
1275 4216 1618 4272 immutetur.

594 4313 875 4367 mentitam
893 4311 1195 4372 caesariem,
1221 4311 1404 4364 nativo
1427 4325 1488 4362 ac
1520 4310 1758 4378 ingenito
1777 4311 1928 4365 crine
1950 4312 2161 4377 abraso,

593 4402 846 4457 induunt.
910 4403 1086 4468 Atque
1110 4400 1224 4452 haec
1254 4398 1470 4466 quidem
1506 4399 1610 4452 hoc
1633 4408 1898 4466 tempore,
1927 4399 2090 4471 27!.
2112 4401 2164 4454 in

1703 4217 1844 4273 Sunt
1875 4219 2037 4274 etiam
2073 4221 2182 4288 qui

2257 1928 2330 1978 -Τὶ
2377 1926 2421 1976 δ’
2471 1925 2535 1978 ἂν
2564 1925 2772 1992 γένοιτο
2819 1921 3232 1990 περιεργότερον
3259 1937 3314 1972 τε
3369 1921 3464 1971 καὶ
3522 1921 3846 1988 περιττότε-

2271 2034 2357 2085 ρον
2389 2017 2649 2085 κόσμημα
2676 2015 2771 2068 τοῦ
2797 2015 2892 2076 τὰς
2919 2016 3108 2084 τρίχας
3140 2013 3237 2080 τῆς
3274 2012 3533 2081 ’κεφαλῆς
3595 2013 3844 2079 πλέκειν,

2268 2109 2357 2160 καὶ
2384 2103 2442 2161 εὖ
2465 2107 2756 2160 διατιθέναι
2779 2109 2868 2158 καὶ
2893 2105 3282 2168 διασκευάζειν,
3307 2087 3496 2172 δέλεαρ
3524 2104 3684 2156 αὑτὸν
3702 2107 3846 2158 άπά-

2266 2219 2363 2271 την
2399 2200 2752 2271 προτιθέντας
2802 2201 2920 2260 ταῖς
2943 2198 3287 2266 ἁστηρίκτοις
3325 2195 3460 2264 πρὸς
3507 2197 3605 2265 τὴν
3657 2197 3845 2248 πίστιν

2267 2293 2483 2362 ψυχαῖς,
2503 2291 2789 2345 κάντεῦθεν
2823 2289 2955 2358 πρὸς
2980 2288 3270 2342 ἀκολασίαν
3295 2289 3382 2340 εὐο
3395 2287 3594 2348 λίσθοις
3614 2289 3710 2353 ;-Οί
3741 2287 3845 2356 μὲν

2265 2385 2356 2437 οὖν
2398 2386 2528 2436 θεῖοι
2561 2384 2798 2452 Πατέρες
2835 2381 3026 2433 ἐκεῖνοι
3091 2382 3184 2432 τοῦ
3232 2380 3296 2434 δι’
3325 2380 3598 2449 ἐμπλοκῆς
3626 2380 3841 2430 εὐθετί-

2270 2473 2380 2534 ζειν
2403 2471 2498 2523 καὶ
2527 2470 2904 2532 διασκευάζειν
2933 2469 3030 2530 τὰς
3062 2471 3236 2536 κόμας
3270 2469 3634 2538 ἐμνήσθησαν.
3669 2467 3843 2520 Οὐδὲν

2267 2563 2377 2631 γὰρ
2407 2563 2592 2628 ἕτερον
2629 2561 2747 2612 τότε
2781 2561 2910 2628 περὶ
2957 2560 3053 2630 τὴν
3098 2562 3274 2628 κόμην
3317 2561 3483 2627 τισὶν,
3535 2561 3612 2623 ὡς
3662 2559 3837 2618 ἔοικε.

2272 2655 2691 2722 περιείργαστο,
2725 2649 2810 2706 οἷα
2841 2655 2936 2706 νῦν
2971 2656 3081 2714 τοῖς
3108 2651 3500 2722 τριχοϐάπταις
3529 2653 3623 2704 καὶ
3657 2669 3842 2721 τριχο-

2269 2745 2534 2805 πλάσταις
2587 2743 3011 2812 περιεργάζεται
3039 2785 3052 2806 ,
3093 2745 3274 2794 πᾶσαν
3302 2744 3536 2814 σπουδὴν
3571 2745 3803 2813 ποιουμέ
3823 2776 3838 2786 -

2269 2851 2384 2896 νοις
2443 2836 2640 2904 κομᾷν,
2697 2835 2790 2886 καὶ
2843 2835 3200 2901 γυναικώδεις
3251 2835 3440 2903 φέρειν
3494 2834 3838 2906 βοστρύχους

2269 2929 2432 2996 μέχρι
2461 2921 2738 2997 ζωστῆρος
2788 2928 3171 2994 καθιεμένους,
3224 2929 3272 2979 εί
3303 2929 3544 2982 δυνατόν.
3578 2927 3751 2982 Τοῦτο
3787 2931 3836 2982 δ’

2268 3026 2366 3074 οὐκ
2393 3023 2456 3072 ἐκ
2485 3021 2646 3089 μόνου
2677 3019 2771 3073 τοῦ
2805 3018 2880 3090 μὴ
2906 3020 3109 3088 κείρειν
3142 3020 3239 3085 τῆς
3275 3020 3451 3089 κόμης
3480 3021 3541 3072 τὸ
3566 3022 3827 3090 περιττόν

2271 3129 2456 3182 σφισιν
2483 3111 2926 3180 ἐπιτετήδευται,
2961 3111 3098 3164 ἀλλὰ
3125 3110 3258 3180 πρὸς
3281 3112 3338 3164 τὸ
3372 3113 3446 3180 μὴ
3468 3111 3685 3181 σίδηρον
3708 3114 3838 3166 ἀναο

2269 3203 2470 3255 ϐαίνειν
2504 3203 2596 3254 ἐπὶ
2634 3203 2730 3272 τῆς
2787 3201 3030 3268 κεφαλῆς
3069 3201 3270 3266 αὐτῶν,
3312 3202 3407 3256 καὶ
3457 3201 3677 3255 ἃπασαν
3727 3205 3832 3276 τὴν

2269 3295 2444 3364 κόμην
2479 3296 2700 3365 τρέφειν
2733 3295 2915 3354 αὐτοῖς
2947 3294 3210 3361 πεφυκὸς,
3238 3297 3332 3347 καὶ
3369 3294 3592 3364 βαθεῖαν
3659 3301 3841 3350 ποιεῖν

2267 3384 2686 3454 περιείργασται
2709 3398 2724 3413 ⁸
2756 3383 3083 3438 πλάττονταί
3122 3384 3183 3436 τέ
3214 3401 3393 3453 σφισιν
3438 3387 3495 3437 αἱ
3528 3387 3694 3454 κόμαι
3731 3405 3836 3439 καο

2267 3476 2464 3544 λάμοις
2500 3475 2882 3546 συνδούμεναι,
2923 3474 2988 3527 ἵν’
3023 3475 3213 3537 αὐταῖς
3261 3476 3483 3541 οῦλότης
3519 3479 3844 3546 προσγένη..

2266 3587 2354 3622 ται
2379 3585 2393 3598 °
2423 3570 2516 3620 καὶ
2551 3569 2838 3636 βάπτονται
2877 3569 2934 3621 δὲ
2963 3569 3030 3620 ἵν’
3061 3564 3172 3620 εἷεν
3205 3567 3392 3632 ξανθαὶ
3420 3569 3512 3621 καὶ
3538 3571 3846 3638 χρυσίζουο

2267 3678 2376 3714 σαι.
2410 3662 2471 3713 Οἱ
2509 3661 2565 3713 δὲ
2598 3661 2692 3713 καὶ
2718 3659 2870 3713 ὕδατι
2903 3661 2999 3728 τὴν
3031 3659 3192 3729 τρίχα
3220 3659 3316 3727 τῆς
3347 3659 3590 3728 κεφαλῆς
3615 3665 3848 3715 ποιοῦν-

2267 3771 2357 3816 τες
2383 3753 2668 3823 διάῦροχον
2695 3751 3092 3822 εἱληθερεῖσθαι
3126 3753 3333 3818 ταύτην
3363 3752 3421 3802 ἐν
3445 3753 3596 3822 ἀκμῇ
3628 3751 3838 3822 θέρους

2266 3841 2571 3910 ἀνέχονται,
2605 3840 2668 3894 ἵν’
2700 3841 2885 3902 αὐτοῖς
2916 3842 2974 3892 τὸ
3023 3841 3188 3907 μέλαν
3223 3840 3590 3911 μεταϐληθείη
3625 3843 3687 3894 τὸ
3718 3846 3835 3896 τῶν

2265 3933 2488 4003 τριχῶν.
2526 3934 2642 3984 Εἰσὶ
2676 3933 2722 3984 δ’
2753 3933 2802 3986 οἳ
2837 3934 2930 3985 καὶ
2961 3933 3147 3993 νόθους
3171 3933 3483 4000 πλοκάμους
3510 3935 3840 4003 περιτιθέα-

2267 4043 2351 4078 σιν
2380 4027 2618 4090 ὲαυτοῖς,
2669 4024 2767 4094 τὴν
2815 4025 3013 4092 ἐγγενῆ
3043 4041 3100 4074 τε
3153 4005 3244 4076 καὶ
3271 4025 3494 4094 συμφυῆ
3529 4025 3844 4096 ξυρώμενοι

2270 4115 2559 4186 τρίχωσιν.
2596 4115 2705 4169 Καὶ
2751 4117 2786 4186 ἠ
2833 4117 2928 4185 μὲν
2976 4115 3118 4184 κόμη
3165 4114 3256 4166 νῦν
3291 4115 3431 4167 οὓτω
3489 4119 3604 4179 τοῖς
3644 4118 3841 4170 πλείο-

2270 4227 2351 4260 σιν
2378 4207 2711 4271 εὑθετίζεταί
2741 4224 2799 4260 τε
2848 4207 2940 4259 καὶ
2968 4205 3373 4258 διεσκεύασται·
3414 4206 3557 4260 ἅπαν
3591 4208 3646 4259 δὲ
3676 4211 3842 4264 τοῦν-

2267 4301 2445 4352 αντίον
2504 4300 2632 4369 περὶ
2685 4299 2777 4350 τὸν
2839 4297 3072 4366 πώγωνα
3117 4298 3521 4368 διαπράττεται.
3585 4294 3679 4364 Οἷς
3733 4303 3842 4369 μὲν

2268 4395 2375 4462 γὰρ
2430 4391 2556 4460 ἄρτι
2587 4390 2646 4442 τὸ
2695 4393 2972 4459 νεοτήσιον
3019 4389 3178 4452 ἄνθος
3209 4389 3426 4457 φύεται,
3481 4390 3704 4459 ξυρᾶται
3737 4395 3841 4446 afa-

561 4525 568 4536 η
595 4489 976 4561 componendo
1009 4488 1366 4556 ornandoque
1397 4487 1611 4556 capillo,
1662 4505 1692 4540 a
1727 4488 1976 4555 plurimis
2006 4506 2162 4544 usur-

2269 4489 2416 4545 τίκα,
2451 4483 2539 4535 ἵνα
2577 4484 2650 4551 μὴ
2684 4483 2762 4544 εἰς
2797 4480 2971 4532 ἴουλον
3012 4484 3276 4552 καταστῇ,
3312 4483 3451 4535 ἀλλὰ
3482 4482 3698 4553 λειότης
3733 4485 3840 4535 αὑ-

593 4593 814 4655 pantur.
915 4582 1117 4634 Contra
1167 4592 1296 4631 vero
1359 4578 1581 4642 omnia,
1626 4579 1773 4648 quod
1826 4581 1892 4632 ad
1945 4580 2168 4636 barbam

537 4670 546 4679 ’
597 4677 813 4737 attinet,
849 4672 966 4728 ﬁeri
1002 4662 1358 4726 consuevere.
1423 4669 1633 4735 Quibus
1663 4673 1863 4726 etenim
1909 4673 2169 4742 juvenilis

596 4769 686 4821 ille
719 4767 977 4820 ﬂosculus
1005 4763 1240 4833 primum
1289 4761 1610 4827 innascitur,
1653 4762 1806 4817 illum
1837 4767 2044 4832 subito,
2101 4782 2168 4821 ne

506 4866 513 4880 '
597 4873 653 4914 ιιι
690 4857 998 4927 lanuginem
1036 4863 1340 4919 excrescat,
1398 4854 1492 4908 sed
1541 4855 1782 4924 ipsorum
1813 4856 1866 4910 in
1901 4856 2039 4912 facie
2075 4858 2168 4913 lae-

508 5001 510 5004 ,
597 4949 734 5002 vitas
759 4948 1025 5009 oberret,
1087 4947 1304 5014 sintque
1349 4945 1632 5000 mulierum
1672 4947 2064 5014 instar’teneri
2099 4965 2163 5005 ac

596 5040 808 5102 molles,
859 5036 1046 5090 abradi
1073 5035 1286 5106 jubeut.
1362 5036 1572 5102 Quibus
1605 5052 1734 5092 vero
1763 5037 1978 5107 longius
2004 5048 2163 5094 aetate

596 5125 866 5196 provectis
915 5125 1196 5179 densiores
1248 5123 1358 5178 fere
1414 5123 1506 5193 pili
1561 5135 1744 5180 mento
1803 5136 2159 5191 enascuntur,

595 5218 695 5281 illi,
726 5232 792 5270 ne
817 5215 1141 5270 demissiore
1169 5215 1335 5269 barba
1365 5214 1793 5284 conspiciantur,
1842 5231 1870 5270 a
1902 5219 2160 5271 novacula

593 5310 812 5381 quidem
864 5309 1176 5372 abstinent,
1246 5316 1401 5361 testae
1464 5323 1591 5361 vero
1639 5308 1809 5377 ignito
1853 5308 2156 5382 fragmento

597 5399 777 5453 barba:
824 5403 1060 5475 admoto,
1126 5398 1396 5468 quidquid
1442 5413 1471 5452 e
1523 5407 1704 5451 mento
1747 5399 1908 5453 altius
1955 5401 2157 5455 eminet

593 5497 1378 5566 depascuntur,'tantumque
1430 5488 1703 5556 linquunt,
1769 5497 1826 5541 ut
1885 5489 2155 5559 lanuginis

595 5585 756 5637 inodo
790 5584 1134 5652 pubescentis
1163 5580 1461 5637 similitudo
1501 5594 1796 5650 appareat;
1849 5597 1912 5637 ac
1946 5584 2056 5653 jam
2099 5586 2153 5638 in

670 5757 712 5788 ³⁷
745 5759 759 5810 l
793 5758 917 5812 Cor.
956 5757 1143 5821 “.14.

2265 4575 2373 4627 τῶν
2405 4575 2690 4644 ἐπιπρέπῃ
2716 4575 2835 4636 ταῖς
2865 4572 3042 4637 ὕψεσι,
3078 4572 3172 4623 καὶ
3226 4567 3337 4624 οἷον
3372 4574 3548 4625 εἰπεῖν
3580 4576 3841 4640 γυναικί-

2265 4667 2441 4730 ζοιντό
2472 4683 2532 4718 τε
2568 4667 2662 4718 καὶ
2693 4664 3113 4734 μαλακίζοιντο·
3151 4659 3231 4728 οἷς
3261 4665 3316 4717 δὲ
3349 4666 3610 4734 προήκων
3632 4666 3660 4716 ὁ
3695 4667 3841 4736 χρό-

2265 4775 2353 4821 νος
2383 4757 2525 4810 κατὰ
2553 4756 2876 4824 συστήματα
2909 4755 3102 4825 σχεδὸν
3147 4758 3292 4808 ποιεῖ
3340 4755 3439 4817 τὰς
3491 4754 3687 4825 τρίχας
3734 4756 3843 4808 τοῦ

2267 4848 2526 4918 πώγωνος
2555 4846 2808 4916 φύεσθαι,
2847 4847 2937 4899 ἵνα
2973 4849 3047 4918 μὴ
3079 4847 3180 4917 τὴν
3212 4847 3421 4917 ὑπήνην
3452 4847 3665 4914 φέροιεν
3696 4848 3838 4902 καθ.

2271 4943 2532 5011 ειμένην,
2571 4932 2716 4992 οὗτοι
2763 4939 3054 5008 ἀπέχονται
3112 4940 3209 5010 μὲν
3267 4938 3452 5008 ξυροῦ,
3503 4940 3758 5009 κεράμου
3793 4940 3840 4994 δ’

2265 5033 2383 5084 ἐστὶ
2419 5030 2678 5102 θραῦσμα
2729 5029 2987 5100 ἄνθραξιν
3043 5030 3454 5100 ὲκπυρούμενον
3510 5035 3575 5102 τῇ
3643 5033 3838 5104 sum

2265 5121 2662 5191 προσφέρουσι,
2690 5121 2785 5174 καί⁵
2808 5121 2998 5174 τούτου
3031 5120 3120 5173 τοῦ
3186 5121 3444 5188 πώγωνος
3500 5122 3647 5176 ἅπαν
3670 5126 3835 5179 ,ἐκτεο

2264 5212 2461 5282 φροῦσι
2498 5213 2558 5264 τὸ
2621 5213 3014 5283 αἰωρούμενον,
3049 5212 3295 5272 λείπουσι
3333 5214 3387 5266 δὲ
3418 5213 3695 5280 τοσοῦτον,
3753 5216 3836 5280 ὡς

2263 5304 2439 5356 δοκεῖν
2466 5303 2590 5373 ἄρτι
2616 5303 2707 5356 τὸν
2738 5303 2911 5356 ἴουλον
2937 5304 3171 5372 φύεσθαι
3197 5319 3209 5330 ⁸
3243 5304 3336 5356 καὶ
3369 5305 3492 5368 τοὺς
3524 5307 3604 5369 εἰς
3625 5293 3840 5376 ἄνδρας

2265 5392 2363 5463 ἤδη
2396 5393 2720 5456 τελέσαντας
2757 5394 3058 5454 νεανίσκοις
3092 5395 3327 5446 ἑοικέναι
3358 5395 3590 5464 πρώτοις
3622 5397 3834 5468 ὑπηνή-

2263 5506 2406 5549 ταις.
2440 5489 2624 5542 Ταῦτα
2654 5491 2709 5542 δὲ
2731 5490 2790 5541 οὐ
2823 5492 2932 5550 τοῖς
2956 5491 3176 5560 τυχοῦσι
3212 5490 3394 5559 μόνοις
3423 5491 3838 5561 ἐπιτηδεύεται,

2265 5581 2400 5636 ἀλλὰ
2435 5583 2528 5636 καλ⁸
2582 5585 2692 5644 τοῖς
2728 5568 2989 5653 ὕπερλίαν
3039 5584 3241 5646 αὐτοῖς.
3297 5583 3457 5636 Ὅθεν
3502 5584 3844 5658 κατενεχθέδ
