4062 6430
517 396 616 464 851

1683 407 1687 418 '
1775 395 2048 456 THEOD.
2085 393 2314 452 BALSA
2325 395 2477 455 ΜοΝ

3636 395 3747 459 852

521 513 649 566 niis.
735 509 1022 580 Propterea
1055 512 1222 575 enim,
1273 527 1372 567 nec
1403 515 1516 580 lege
1555 514 1768 580 quidem
1799 520 2078 574 caverunt,

2186 509 2472 562 ϐάλλεσθαι
2504 510 2726 574 τούτους
2766 511 2871 564 ἀπὸ
2905 511 3014 564 τῶν
3045 511 3209 574 ναῶν,
3259 510 3334 570 ὡς
3369 511 3570 574 είδότες
3597 508 3744 567 εἶναι

521 611 578 655 ut
610 587 682 656 ex;
737 606 952 672 templis
1006 605 1359 674 ejicerentur,
1422 606 1567 675 quod
1627 605 1678 660 id
1728 612 1876 660 esset
1928 615 2077 658 extra

518 713 734 751 omnem
787 700 1234 754 controversiam.
1287 699 1553 765 Quoniam
1589 708 1792 761 autem,
1840 700 1928 767 qui
1982 697 2081 750 ba-

521 789 647 841 beut
692 789 974 852 ecclesias.
1029 790 1190 860 275
1224 793 1633 844 catechumenia
1680 805 1895 859 quoque
1941 788 2082 843 deti-

518 885 666 940 nent,
698 880 955 934 dixerunt
983 881 1340 951 Patres,quod
1370 899 1476 936 non
1510 885 1682 937 solum
1719 884 1784 934 ab
1814 882 2078 944 ecclesiis,

518 970 611 1023 sed
659 971 823 1025 ctialn
867 988 894 1024 a
945 975 1370 1030 eateclnuueniis
1419 975 1778 1045 expellentur.
1852 974 2082 1028 l’ulchre

517 1072 696 1114 autem
727 1065 1016 1117 admodum
1044 1067 1395 1120 ecclesiarum
1431 1068 1765 1119 mentionem
1795 1081 1900 1120 non
1939 1065 2080 1118 fece-

516 1161 668 1219 runt,
726 1155 818 1208 sed
853 1170 1136 1210 sacrorum
1189 1157 1455 1212 locorum.
1517 1160 1650 1213 Cum
1681 1157 1904 1212 muliere
1935 1159 2078 1210 enim

518 1247 573 1299 in
605 1247 853 1301 ecclesiis
894 1249 1139 1304 habitare
1182 1261 1262 1303 est
1309 1252 1542 1306 maxime
1579 1251 1802 1320 impium
1842 1267 1855 1303 :
1889 1260 1944 1306 et
1982 1265 2080 1302 nec

519 1333 772 1390 Patribus
802 1339 1019 1405 quidem
1053 1341 1197 1392 venit
1228 1341 1282 1394 in
1319 1348 1577 1400 mentem,
1633 1339 1749 1393 fore
1782 1348 1840 1391 ut
1872 1339 1939 1392 ab
1971 1339 2082 1392 ullo

519 1434 628 1480 tam
668 1428 890 1496 impium
926 1429 1104 1483 scelus
1128 1430 1480 1498 suscipiatur.
1529 1427 1688 1481 Fiunt
1716 1436 1896 1481 autem
1927 1441 2080 1481 sacra

517 1519 635 1574 loca
664 1521 995 1586 communia,
1038 1536 1132 1590 per
1164 1523 1400 1590 turpium
1441 1531 1494 1574 et
1527 1521 1744 1575 minime
1770 1520 2082 1574 decentinm

519 1620 774 1666 cantuum
819 1613 1385 1678 connnunicationem,
1435 1630 1502 1668 cx
1550 1629 1614 1667 eo
1641 1612 1782 1682 quod
1811 1627 1931 1666 cum
1965 1626 2084 1664 mu-

520 1703 744 1760 lieribus
777 1705 828 1757 in
859 1704 925 1759 iis
961 1712 1264 1766 maneatur,
1309 1714 1364 1760 et
1399 1720 1494 1773 per
1526 1705 1845 1759 cellularum
1875 1702 1953 1756 vel
1983 1717 2080 1756 co-

519 1798 807 1866 quinarum
838 1808 892 1850 et
942 1797 1171 1851 aliorum
1212 1797 1479 1866 ejusmodi
1529 1799 1978 1853 exstructionem.
2006 1797 2080 1849 Ac

520 1890 744 1943 canonis
796 1889 1013 1962 quidem
1070 1899 1536 1959 transgressores,
1601 1891 1645 1944 si
1696 1888 1806 1942 sint
1860 1887 2076 1956 quidem

523 1983 743 2045 clerici,
802 1983 1150 2051 deponendos
1204 1985 1558 2037 decernunt:
1619 1981 1788 2035 laicus
1837 1995 1962 2034 vero
1987 1995 2081 2034 ex-

519 2071 1023 2126 communicandos.
1083 2072 1222 2142 Lege
1252 2083 1306 2127 et
1335 2086 1454 2142 cap.
1482 2073 1547 2126 12
1576 2073 1660 2126 tit.
1695 2072 1850 2139 primi
1910 2072 2002 2124 lib.
2040 2069 2082 2123 V

520 2167 664 2237 quod
700 2163 932 2237 positum
970 2175 1052 2221 est
1083 2166 1136 2220 in
1168 2152 1615 2236 interpretatione
1647 2166 1714 2221 88
1776 2180 1899 2219 can.
1973 2163 2083 2219 Nec

519 2261 615 2316 tibi
651 2261 984 2315 contrarium
1018 2274 1140 2314 esse
1172 2259 1439 2321 videatur,
1487 2258 1628 2324 quod
1677 2257 1869 2313 doceat
1896 2257 2081 2312 termi-

519 2370 620 2410 nos
665 2354 905 2410 ecclesiae
965 2369 1087 2410 esse
1126 2353 1340 2407 lavacra
1396 2361 1450 2405 et
1501 2353 1685 2406 hortos
1733 2362 1785 2405 et
1844 2351 2084 2419 porticus

519 2449 664 2513 eius,
717 2458 769 2501 et
797 2454 1076 2516 propterea
1115 2462 1217 2500 non
1255 2460 1414 2514 posse
1443 2445 1751 2514 quempiam
1784 2459 1847 2498 ex
1897 2443 1960 2496 iis
1989 2457 2084 2496 eos

521 2537 862 2604 abstrahere,
921 2537 1013 2606 qui
1071 2537 1200 2590 illuc
1258 2536 1673 2603 confugerunt:
1735 2534 1789 2586 in
1823 2549 1888 2586 eo
1941 2533 2083 2585 enim

520 2630 639 2687 solo
675 2630 924 2683 videntur
971 2645 1091 2684 csse
1135 2640 1310 2698 partes
1360 2629 1624 2682 ecclesiae.
1709 2625 1886 2694 Ipsum
1941 2626 2083 2679 enim

523 2734 685 2793 caput
716 2723 767 2777 in
805 2723 870 2776 iis
913 2730 966 2776 et
1012 2721 1250 2775 dormire
1299 2731 1351 2773 et
1395 2733 1641 2774 comesse
1677 2715 1894 2786 quoque
1931 2733 2087 2785 posse

523 2814 806 2870 decernit:
841 2827 960 2883 qum
987 2811 1204 2881 quidem
1239 2813 1288 2864 in
1327 2811 1527 2878 templo
1557 2809 1670 2862 ﬁeri
1710 2809 2082 2877 prohibentur.

525 2907 605 2960 Ac
649 2905 964 2960 vicesimum
1023 2903 1238 2973 quidem
1299 2903 1529 2970 primum
1579 2899 1823 2969 ejusdem
1876 2901 1998 2955 libri
2034 2907 2088 2953 et

524 2999 609 3051 tit.
641 3005 803 3065 caput
833 3002 884 3048 et
914 2994 982 3050 ab
1011 2993 1242 3048 ecclesia
1275 3031 1290 3053 ,
1323 3002 1376 3047 et
1402 2993 1468 3047 ab
1495 2991 1615 3061 ejus
1655 2991 1873 3055 finibus,
1903 2999 2086 3044 extra-

528 3089 734 3143 hendos
763 3103 884 3142 esse
911 3087 1154 3142 decernit
1179 3086 1500 3147 homicidas,
1526 3085 1802 3138 adulteras
1827 3092 1881 3138 et
1905 3093 2088 3152 rapto-

523 3192 634 3232 res.
697 3175 978 3245 Ejusmodi
1032 3176 1176 3229 enim
1228 3175 1538 3229 hominibus
1587 3175 1766 3228 nullus
1816 3182 1899 3228 est
1951 3170 2158 3241 asyliC

528 3271 718 3322 locus:
756 3268 1038 3333 quoniam,
1079 3265 1275 3334 inquit,
1323 3279 1428 3318 non
1467 3266 1554 3328 iis,
1613 3265 1706 3340 qui
1743 3263 1940 3329 iniuria
1979 3260 2091 3314 alli-

528 3362 702 3426 ciunt,
742 3359 834 3414 sed
864 3359 929 3413 iis
957 3359 1048 3427 qui
1083 3357 1282 3424 injuria
1310 3356 1636 3421 adiciuntur,
1661 3354 1803 3421 leges
1826 3352 2089 3406 auxilium

527 3453 733 3507 ferunt.
800 3450 940 3520 Lege
960 3433 1019 3504 et
1046 3451 1113 3503 7‘5
1143 3450 1274 3519 imp.
1316 3449 1524 3504 domini
1552 3446 1750 3502 Leonis
1779 3445 2090 3514 Philosophi

525 3543 823 3606 Novellam,
873 3558 993 3611 quae
1033 3557 1126 3598 eos
1177 3539 1622 3596 etiam'similiter
1668 3537 1855 3606 punit,-
1893 3537 1988 3605 qui
2036 3539 2088 3589 in

528 3633 966 3704 catechumcniis,
996 3633 1228 3689 habitari
1269 3633 1606 3703 permittunt.

599 3723 848 3780 ZONAR.
890 3725 1180 3780 Sacrorum
1245 3725 1486 3778 locorum
1558 3724 1798 3788 nomine,
1849 3740 1953 3778 non
2001 3723 2090 3776 hic

529 3817 754 3888 templa,
790 3817 882 3871 sed
912 3817 1200 3886 adiunctas
1241 3817 1458 3885 templis
1491 3815 1874 3878 habitationes,
1907 3817 2090 3883 qualia

530 3918 695 3973 sunt,
742 3922 860 3976 qua:
916 3909 1308 3962 catechnmcna
1352 3905 1746 3974 .appcllantur.
1815 3905 2088 3972 intelligit.

528 3999 718 4070 Neque
745 3999 890 4053 enim
927 3999 1221 4067 quisquam
1269 3996 1442 4050 audax
1477 3996 1613 4050 adeo
1645 3997 1830 4062 fuerit,
1867 4007 1924 4050 ut
1951 3997 2090 4049 intra

527 4091 697 4146 divini
768 4092 950 4158 templi
1005 4097 1156 4158 septa
1215 4104 1338 4142 cum
1403 4099 1572 4144 uxore
1631 4089 1878 4142 habitare
1940 4088 2086 4143 velit.

531 4185 590 4240 In
622 4183 827 4240 sedibus
863 4197 990 4238 vero
1037 4181 1250 4252 templis
1291 4182 1579 4250 adjunctis,
1620 4191 1675 4236 et
1723 4181 1778 4234 in
1828 4179 2092 4236 catechu-

532 4275 730 4331 meitiis
779 4274 1022 4328 nonnulli
1073 4274 1358 4344 degebant,
1399 4276 1490 4342 qui
1552 4274 1689 4337 forte
1725 4273 1891 4324 vitam
1950 4269 2091 4322 haud

532 4367 667 4422 satis
720 4376 873 4421 caste
925 4366 1242 4435 integreque
1277 4374 1522 4435 agerent,
1573 4366 1776 4434 quique
1808 4376 2090 4418 sacrorum

531 4459 773 4512 iocorum
839 4457 1156 4525 dignitatem
1201 4465 1637 4519 contemnerent,
1670 4471 1732 4508 ac
1763 4455 1816 4508 in
1864 4455 1931 4507 iis
1971 4454 2090 4508 sine

532 4547 871 4612 discrimine,
911 4547 1009 4602 hoc
1031 4557 1134 4612 est,
1157 4547 1290 4617 quid
1321 4548 1460 4604 inter
1483 4559 1698 4600 sacrum
1725 4554 1778 4597 et
1801 4543 2088 4613 profanum

532 4639 824 4694 interesset
870 4639 1094 4691 minime
1145 4637 1501 4695 aestimantes,
1556 4644 1932 4687 versarentur.
1986 4633 2090 4687 Eos

533 4727 698 4798 igitur
747 4728 996 4782 homines
1037 4743 1068 4781 e
1110 4723 1541 4780 catechumeniis
1570 4737 1744 4776 canon
1788 4722 2088 4791 ejiciendos

535 4830 658 4870 esse
701 4815 969 4878 decernit,
1010 4816 1215 4884 quique
1262 4828 1371 4880 non
1403 4813 1710 4882 paruerint,
1751 4812 2091 4879 depositione

448 4977 450 4980 ν
536 4909 767 4962 clericos
829 4927 842 4962 :
919 4911 1090 4962 laicos
1126 4921 1255 4959 vero
1293 4903 1668 4974 segregatione
1704 4905 1872 4958 teneri
1903 4905 2079 4973 jubet.

539 5001 668 5057 Suis
710 5017 838 5056 vero
899 4996 1274 5070 praerogativis
1316 4997 1574 5065 adjuncta
1625 5011 1844 5064 quoque
1916 4997 2092 5050 sacris

534 5092 741 5148 aedibus
771 5092 892 5146 loca
927 5097 1118 5142 ornata
1159 5086 1350 5150 fuisse,
1403 5102 1466 5140 ex
1505 5087 1572 5141 iis
1619 5087 1776 5140 facile
1824 5096 2045 5155 apparet
2070 5124 2088 5148 ,

533 5199 656 5252 qua
685 5181 1013 5237 duodecimo
1051 5178 1366 5247 caphtituli
1422 5179 1585 5247 primi
1632 5177 1756 5231 libri
1791 5178 1969 5244 quinti
2013 5179 2093 5232 sic

533 5278 826 5332 habentur.
887 5271 1208 5341 Quicunque
1262 5271 1328 5324 ad
1367 5271 1656 5326 ecclesiam
1724 5269 2089 5339 confugerint,

541 5382 714 5435 usque
743 5365 808 5418 ad
843 5363 942 5417 fori
978 5363 1180 5432 publici
1207 5363 1472 5417 terminos
1501 5361 1795 5416 securitate
1820 5361 2090 5425 fruantur;

534 5465 651 5516 sive
679 5462 731 5512 in
781 5459 1133 5513 interioribus
1165 5459 1419 5522 lavacris,
1461 5456 1576 5512 sive
1609 5455 1804 5520 herbis,
1852 5464 1945 5509 aut
1999 5456 2096 5509 do-

2183 600 2314 652 αύτὺ
2352 601 2740 668 ἀναμφίϐολον.
2776 599 2900 656 Ὀτι
2935 601 2991 653 δὲ
3019 601 3216 671 ἢθελον
3271 602 3319 654 οἱ
3369 601 3616 670 ἔχοντες·
3641 604 3744 666 τὰς

2181 689 2514 760 ἐκκλησίας·
2559 691 2661 744 κᾶν
2705 694 2770 746 τὰ
2827 696 3262 762 κατηχουμενεϊα
3319 684 3593 764 κατέχειν,
3651 693 3732 748 εἷ·-

2185 801 2283 835 πον
2334 786 2380 835 οἱ
2433 785 2676 853 Πατέρες
2726 785 2800 848 ὡς
2829 785 2888 837 ού
2929 787 3091 853 μόνον
3118 784 3225 837 ἀπὸ
3268 786 3375 836 τῶν
3410 785 3744 855 ἐκκλησιῶν,

2182 876 2319 928 ἀλλὰ
2357 878 2449 930 καὶ
2486 877 2594 932 ἀπὸ
2621 877 2730 930 τῶν
2761 878 3239 946 κατηχουμενείων
3274 878 3361 930 ἵνα
3405 877 3742 942 ἐξωθῶνται.

2184 967 2383 1029 Καλῶς
2415 969 2473 1020 δὲ
2513 969 2612 1022 ούκ
2645 969 2999 1039 ἐμνήσθησαν
3031 969 3337 1038 ἐκκλησιῶν
3365 1009 3380 1030 ,
3409 969 3544 1020 ἀλλὰ
3578 969 3748 1037 ἱερῶν

2183 1057 2379 1110 τόπων.
2408 1059 2480 1110 Τὸ
2511 1058 2618 1126 γὰρ
2652 1061 2983 1130 καταμένειν
3013 1063 3147 1132 μετὰ
3175 1060 3430 1127 γυναικὸς
3460 1062 3516 1112 ἐν
3543 1062 3748 1130 ἐκκλη-

2185 1154 2275 1226 σίᾳ
2312 1155 2672 1209 ἀσεϐέστατόν
2701 1158 2816 1209 ἐστι
2845 1173 2861 1190 ⁸
2896 1157 2988 1209 καὶ
3011 1157 3131 1210 ούδέ
3169 1158 3248 1220 εἰς
3276 1156 3573 1226 ἐνθύμησιν
3606 1154 3748 1226 ἦλθε

2181 1251 2294 1310 τοίς
2325 1249 2569 1320 Πατρὰσι
2606 1250 2941 1319 τολμηθῆναι
2972 1251 3108 1313 ὅλως
3145 1251 3297 1320 παρά
3327 1268 3471 1313 τινος
3500 1251 3750 1304 τοιοῦτον

2183 1341 2462 1412 ἀσέὸημα.
2509 1344 2956 1396 Κοινοποιοῦνται
2989 1345 3044 1397 δὲ
3069 1359 3072 1361 ‘
3096 1346 3144 1396 οί
3175 1346 3308 1408 ἱεροὶ
3334 1345 3485 1397 τόποι
3519 1345 3610 1397 διὰ
3645 1345 3750 1397 τοῦ

2184 1435 2512 1504 καταμένειν
2556 1436 2694 1504 μετὰ
2730 1437 3008 1504 γυναικῶν
3041 1437 3128 1490 διὰ
3160 1437 3440 1504 ἀλαλαγῆς
3469 1438 3750 1507 μελισμάε-

2183 1539 2290 1583 των
2316 1524 2642 1592 ἀσχημόνων
2675 1527 2767 1577 καὶ
2798 1527 3098 1595 ἀπρεπῶν,
3150 1527 3242 1579 καὶ
3275 1527 3362 1580 διὰ
3394 1529 3749 1596 κατασκευῆς

2186 1616 2562 1682 παρακελλίων
2593 1616 2624 1685 ἢ
2657 1618 2988 1686 μαγειρείων
3015 1618 3046 1690 ῆ
3076 1618 3250 1673 ἄλλων
3283 1620 3558 1674 τοιούτων.
3602 1621 3746 1683 Τοὺς

2186 1707 2754 1777 μέντοι’παρα6άτας
2808 1709 2896 1761 τοῦ
2958 1697 3222 1775 κανόνος,
3277 1710 3574 1780 κληρικοὺς
3640 1713 3745 1781 μὲν

2182 1800 2362 1861 ὖντας,
2399 1799 2778 1868 καθαιρεῖσθαι
2807 1800 3152 1872 διορίζονται,
3189 1802 3408 1864 λαῖκοὺς
3444 1803 3520 1864 δὲ,
3551 1803 3746 1872 ἀφορί-

2183 1888 2393 1952 ζεσθαι.
2434 1890 2772 1958 ’Λνάγνωσον
2820 1893 2913 1944 καὶ
2946 1892 3005 1943 τὸ
3058 1897 3124 1962 ιβ’
3170 1910 3294 1960 κεφ.
3345 1892 3437 1945 τοῦ
3471 1900 3518 1946 α’
3557 1894 3745 1946 τίτλου

2181 1981 2275 2034 τοῦ
2308 1988 2347 2033 ε’
2398 1981 2626 2051 βιϐλίου,
2665 1983 2800 2052 ὅπερ
2838 1983 3191 2054 κατεστρώθη
3223 1986 3300 2045 είς
3327 1986 3423 2053 τὴν
3445 1985 3750 2055 ἑρμηνείαν

2183 2075 2276 2126 τοῦ
2320 2081 2409 2143 πη⁹
2458 2076 2700 2141 κανόνος,
2756 2078 2847 2129 καὶ
2899 2077 2972 2147 μὴ
3001 2077 3299 2148 ἐναντιωθῇ
3332 2095 3454 2153 σοι,
3491 2079 3746 2133 διδάσκον

2183 2169 2306 2236 ὅρια
2336 2167 2436 2236 τῆς
2463 2168 2757 2236 ἐκκλησίας
2775 2165 2914 2221 εἶναι
2934 2170 2998 2223 τὰ
3026 2170 3226 2239 λουτρὰ
3256 2173 3345 2224 καὶ
3379 2173 3503 2234 τοὺς
3536 2172 3750 2239 κήπους

2185 2257 2279 2310 καὶ
2318 2257 2420 2319 τὰς
2447 2257 2608 2320 στοὰς
2647 2257 2869 2326 ταύτης,
2912 2257 3004 2310 καὶ
3049 2259 3135 2312 διά
3176 2260 3332 2312 τοῦτο
3368 2260 3438 2327 μὴ
3483 2260 3748 2312 δύνασθαί

2183 2365 2306 2401 τινα
2333 2348 2584 2416 ἀφέλκειν
2617 2350 2680 2402 ἐκ
2705 2349 2908 2402 τούτων
2931 2350 3057 2412 τοὺς
3083 2351 3444 2419 πρόσφυγας.·
3479 2351 3747 2418 κατὰγάρ

2185 2441 2346 2494 τοῦτο
2390 2444 2482 2495 καὶ
2525 2443 2690 2510 μόνον
2724 2442 2942 2496 δοκοῦσι
2971 2445 3066 2496 καὶ
3113 2443 3285 2497 ταῦτα
3324 2445 3421 2510 τῆς
3451 2444 3751 2514 ἐκκλησίας

2191 2538 2354 2610 μέρη.
2402 2534 2556 2587 Ἐπεί
2603 2536 2769 2601 τοίγε
2798 2535 2895 2587 καὶ
2921 2536 3051 2588 αὐτὸ
3081 2536 3142 2589 τὸ
3183 2554 3306 2604 κεφ.
3354 2537 3644 2607 διορίζεται
3687 2538 3747 2589 ἐν

2185 2629 2396 2688 τούτοις
2419 2628 2513 2678 καὶ
2548 2626 2748 2679 ὑπνοῦν
2789 2629 2882 2678 καὶ
2931 2626 3134 2679 ἐσθίειν
3159 2665 3173 2690 ,
3215 2628 3358 2695 ἅπερ
3390 2629 3470 2689 είς
3495 2628 3584 2679 τὸν
3619 2629 3747 2679 νανιν

2185 2717 2538 2786 ἐκωλύθησαν
2572 2715 2840 2785 γίνεσθαι.
2875 2717 2947 2768 Τὸ
2977 2718 3156 2786 μέντοι
3187 2724 3271 2770 κα⁹
3306 2735 3430 2786 κεφ.
3455 2717 3549 2771 τοῦ
3574 2717 3743 2771 αὑτοῦ

2190 2809 2398 2879 βιϐλίου
2431 2810 2525 2861 καὶ
2555 2809 2736 2861 τίτλου
2775 2808 2866 2860 καὶ
2896 2809 3003 2860 ἀπὸ
3047 2812 3146 2878 τῆς
3195 2809 3490 2879 ἐκκλησίας
3519 2811 3612 2862 καὶ
3638 2811 3744 2862 ἀπὸ

2185 2901 2294 2954 τῶν
2324 2902 2466 2971 ὅρων
2493 2901 2699 2970 ταύτης
2739 2899 2978 2965 ἐξέλκειν
3009 2899 3300 2968 διορίζεται
3333 2903 3461 2965 τοὺς
3488 2902 3746 2972 ἀνδροφό-

2155 3010 2331 3060 ,νους.
2386 2993 2520 3056 τοὺς.
2569 2993 2791 3062 μοιχοὺς
2843 2994 2938 3044 καὶ
2992 2994 3116 3054 τοὺς
3152 2992 3429 3063 ἅρπαγας.
3479 2996 3604 3056 Τοῖς
3635 2995 3745 3064 γὰρ

2189 3087 2447 3149 τοιούτους
2483 3087 2646 3148 τόπος
2673 3085 2901 3148 ἀσυλίας
2933 3085 3032 3138 οὐκ
3066 3087 3212 3138 ἔστιν
3237 3103 3250 3118 ³
3289 3087 3432 3150 Ὅτι,
3475 3088 3658 3158 φησιν,
3684 3089 3745 3140 οὐ

2193 3184 2304 3242 τοῖς
2364 3178 2663 3238 ἀδικοῦσιν,
2710 3177 2847 3230 ἀλλὰ
2899 3177 3011 3239 τοῖς
3055 3177 3432 3248 ἀδικουμένοις
3484 3179 3533 3229 οί
3592 3180 3748 3246 νόμοι

2195 3271 2504 3340 βοηθοῦσιν.
2591 3267 2901 3336 Ἀνόιγνωθι
2942 3270 3038 3322 καί¹
3093 3269 3191 3339 τὴν
3245 3275 3322 3336 ογ*
3382 3269 3601 3338 Νεαρὰν
3651 3269 3748 3321 τοῦ

2195 3363 2461 3432 βασιλέως
2493 3379 2558 3415 κυ
2572 3363 2666 3432 ροῦ
2689 3363 2915 3425 Λέοντος
2943 3359 3037 3414 τοῦ
3068 3360 3360 3429 Φιλοσόφου
3379 3401 3395 3426 ,
3433 3361 3750 3430 παρομοίως

2134 3501 2140 3508 .
2194 3457 2528 3520 κολάζουσαν
2548 3456 2643 3509 καὶ
2665 3456 2792 3518 τοῦς
2824 3455 3219 3524 ἐπιτρέποντας
3241 3453 3337 3523 τὴν
3366 3455 3446 3516 είς
3479 3452 3544 3504 τὰ
3577 3469 3754 3521 κατηο

2193 3552 2482 3620 χουμενεῖα
2508 3548 2812 3602 κατοικίαν.

2263 3726 2508 3782 ΖΩΝΑΡ.
2575 3727 2776 3792 Ἱερους
2833 3733 3029 3790 τόπους
3071 3729 3132 3779 οὐ
3174 3729 3301 3792 τοὺς
3359 3726 3535 3790 θείους
3581 3729 3774 3792 ναοὺς

2191 3819 2424 3872 ἐνταῦθα
2457 3821 2652 3884 καλεῖ,
2706 3821 2843 3874 ἀλλά
2888 3823 2988 3884 τὰς
3028 3822 3155 3890 περὶ
3189 3821 3386 3884 αὐτοὺς
3436 3820 3753 3883 κατοικίας,

2191 3906 2280 3963 οἷά
2319 3913 2424 3964 είσι
2475 3912 2543 3964 τὰ
2605 3912 2875 3981 λεγόμενα
2930 3913 3336 3982 κατηχούμενα.
3403 3913 3588 3976 Οὐδεὶς
3638 3911 3757 3982 γὰρ

2191 4000 2366 4065 οὕτως
2415 4001 2480 4055 ἂν
2518 4003 2605 4072 εἴη
2639 4003 2958 4072 τολμητίας,
3001 4003 3077 4066 ὡς
3128 4003 3278 4064 ἐντὸς
3305 4003 3435 4056 ναοῦ
3477 4007 3758 4058 συνοικεῖν

2193 4095 2434 4162 γαμετῇ.
2491 4093 2580 4146 Ἐν
2634 4092 2836 4154 οἰκίαις
2877 4093 2934 4145 δὲ
2974 4093 3117 4146 πάνυ
3172 4094 3550 4164 συνημμέναις
3601 4098 3761 4158 ναοῖς

2193 4186 2289 4237 καὶ
2315 4187 2374 4236 ἐν
2401 4188 2514 4248 τοῖς
2537 4190 2677 4256 κατη
2685 4202 2778 4255 χου
2789 4185 2970 4255 μένοις
2996 4185 3175 4255 ῷκονν
3220 4187 3366 4247 τινὲς
3412 4187 3484 4255 μὴ
3532 4202 3589 4237 σε
3600 4184 3761 4254 μνῶξ

2194 4279 2324 4338 ἴσως
2352 4277 2615 4342 βιοῦντες,
2647 4278 2740 4330 καὶ
2764 4279 3250 4347 καταφρονητικῶς
3282 4277 3426 4348 εἶχον
3459 4279 3590 4346 περὶ
3622 4279 3761 4342 τοὺς

2191 4369 2390 4429 τόπους
2416 4368 2541 4430 τοὺς
2575 4368 2773 4438 ἱεροὺς,
2803 4367 3132 4434 ἀδιακρίτως
3159 4367 3432 4427 οἰκοῦντες
3454 4368 3511 4418 ἐν
3543 4367 3756 4429 αὐτοῖς,

2193 4460 2316 4512 ἀντὶ
2337 4459 2429 4510 τοῦ
2451 4459 2526 4526 μὴ
2555 4458 2956 4520 διαστέλλοντες
2989 4458 3121 4526 μηδὲ
3140 4458 3561 4527 διαχωρίζοντες
3585 4460 3651 4527 μέ
3662 4475 3760 4511 σον

2197 4549 2354 4615 ἁγίου
2377 4589 2390 4609 ,
2424 4549 2518 4600 καὶ
2551 4547 2794 4616 βεϐήλου.
2851 4545 2989 4606 Τοὺς
3032 4545 3127 4598 οὖν
3158 4546 3328 4609 οὕτως
3359 4547 3580 4616 ἔχοντας
3618 4547 3759 4612 ἐξω-

2194 4639 2402 4694 θεῖσθαι
2432 4639 2539 4692 τῶν
2567 4639 2986 4708 κατηχουμένων
3005 4642 3031 4690 ό
3060 4639 3235 4690 κανὼν
3265 4639 3624 4702 διατάττεται,
3659 4643 3764 4691 καὶ

2193 4732 2318 4794 τοὺς
2352 4731 2424 4799 μὴ
2462 4730 2829 4798 φυλάττοντας
2855 4730 3019 4782 αὐτὸν
3040 4772 3053 4794 ,
3099 4721 3392 4797 κληρικοὺς
3425 4730 3522 4798 μὲν
3555 4729 3762 4781 καθαι-

2197 4825 2280 4892 ρεῖ
2314 4840 2324 4852 ·
2353 4821 2576 4894 λαῖκοὺς
2605 4820 2661 4871 δὲ
2691 4821 2962 4888 ἀφορίζει.
2991 4821 3113 4874 Ὅτι
3143 4820 3198 4872 δὲ
3222 4821 3400 4873 καὶτὰ
3418 4819 3764 4887 συγκείμενα

2194 4916 2306 4975 τοῖς
2331 4913 2492 4974 θείοις
2525 4915 2672 4974 ναοῖς
2710 4912 3022 4982 προνομίων
3052 4910 3348 4976 ἀξιοῦνται,
3385 4911 3518 4979 φησι
3555 4911 3615 4963 τὸ
3646 4912 3760 4964 δω-

2194 5005 2418 5057 δέκατον
2453 5003 2750 5071 κεφάλαιον
2802 5005 2894 5056 τοῦ
2942 5003 3155 5074 πρώτου
3203 5003 3381 5057 τίτλον
3437 5005 3526 5056 τοῦ
3577 5010 3616 5056 ε’
3670 5005 3761 5074 βι-

2193 5095 2361 5154 ὅλίου,
2395 5094 2644 5164 περιέχον
2673 5094 2844 5157 οὕτως
2867 5112 2881 5125 ι
2906 5096 3084 5165 Μέχρι
3110 5095 3218 5146 τῶν
3253 5096 3346 5147 ἐπὶ
3363 5097 3459 5165 τῆς
3489 5096 3762 5164 δημοσίας
3791 5107 3802 5116 ·

2192 5185 2399 5254 ἀγορᾶς
2450 5186 2547 5252 τῆς
2598 5186 2896 5255 ἐκκλησίας
2931 5187 3073 5252 ὅρων
3102 5187 3164 5237 τὸ
3193 5186 3432 5254 ἀσφαλὲς
3479 5187 3760 5257 ἐχέτωσαν

2191 5278 2239 5328 oi
2274 5277 2682 5346 προσφυγόντες
2709 5280 2824 5337 τοῖς
2851 5276 3152 5346 ὲνδοτέροις
3168 5278 3434 5346 λουτροῖς,
3464 5277 3496 5348 ἦ
3532 5279 3754 5345 κήποις,

2193 5366 2226 5440 ᾗ
2280 5367 2610 5435 οἰκήμασιν,
2666 5367 2699 5436 ἢ
2756 5370 2959 5431 στοαῖς,
3010 5367 3042 5436 ἢ
3097 5368 3289 5430 αὐλαῖς
3312 5369 3615 5438 χρώμενοι,
3659 5371 3757 5421 καὶ

2196 5455 2598 5509 κωλυέσθωσαν
2650 5457 2800 5520 ἐντὸς
2839 5456 2932 5509 τοῦ
2974 5458 3102 5511 ναοῦ
3139 5459 3342 5512 ὑπνοῦν
3372 5461 3403 5525 ἧ
3453 5461 3656 5514 ἐσθίειν

534 5557 735 5619 nribus,
789 5564 883 5609 aut
921 5555 1242 5622 porticibus.
1299 5562 1393 5605 aut
1457 5551 1596 5605 aulis
1664 5538 2085 5606 conimorehtur.
2146 5550 2330 5620 Neque
2376 5552 2626 5623 cuiquam
2686 5556 2826 5609 intra
2892 5555 3060 5625 ipsius
3105 5560 3284 5630 templi
3331 5561 3466 5616 flues
3517 5564 3751 5618 cubandi

532 5651 708 5704 cibive
743 5649 988 5703 sumendi
1030 5648 1119 5701 fiat
1151 5646 1402 5703 facultas.

529 5742 761 5816 ARIST.
822 5760 841 5791 ι
882 5741 1049 5797 Uxori
1097 5741 1366 5804 addictus,
1400 5751 1453 5794 et
1484 5756 1579 5813 per
1631 5750 1997 5836 contemptum
2038 5741 2091 5793 in

607 5851 627 5883 ι
666 5832 864 5908 templo
897 5848 1194 5899 manens,e
1243 5832 1875 5896 catecltunteniis‘etiani
1907 5833 2090 5904 expel-

2198 5745 2418 5798 ΔΡΙΣΤ.
2523 5762 2540 5794 t
2620 5743 2677 5796 '0
2734 5743 3080 5810 ὑπογύναιος,
3135 5733 3227 5798 κάι
3270 5749 3757 5818 καταφρονητικῶς

2273 5856 2290 5888 ι
2344 5837 2519 5904 μένων
2551 5838 2606 5890 ἐν
2638 5835 2715 5906 τῷ
2743 5835 2874 5903 ναῷ,
2900 5836 3206 5900 ἐξωθείσθω
3231 5839 3326 5893 καὶ
3351 5841 3458 5894 τῶν
3489 5858 3756 5914 κατηχουο
