4062 6446
431 395 538 452 855

1718 389 1988 451 THEOD.
2034 339 2430 453 BALSAMON
2475 433 2482 441 .
2581 441 2583 445 .

3549 395 3653 459 855

433 513 675 580 legitime
722 512 894 580 prima
947 508 1220 578 sponsalia
1250 509 1491 564 solverit.
1541 507 1606 562 Et
1636 511 1749 563 haec
1776 510 1990 578 quidem

2113 511 2319 580 τρὼτην
2348 513 2642 582 μνηστείαν
2673 513 2852 570 ἔλυσε.
2897 514 3005 568 Καὶ
3039 516 3146 570 ἀπὺ
3172 515 3270 584 μὲν
3298 515 3391 568 τοῦ
3427 517 3654 581 κανόνος

438 620 501 656 ex
543 603 796 674 praesenti
853 617 1084 657 canone.
1151 601 1320 656 Multo
1354 610 1534 657 autem
1568 603 1741 672 magis
1770 604 1817 658 is
1846 617 1990 657 nunc

437 705 497 751 ut
533 695 745 750 adulter
774 693 1244 756 condemnabitnr,
1283 694 1500 763 quando
1523 709 1594 749 ex
1629 694 1854 750 illustris
1891 696 1992 748 im-

437 784 927 851 peratorisfdomini
960 784 1131 838 Alexii
1162 783 1420 839 Conmeni
1443 786 1747 840 veneranda
1773 783 1992 840 Novella

436 875 504 928 de
532 875 904 943 sponsalibus,
937 863 1222 943 sponsalia
1269 875 1382 930 fere
1421 876 1474 929 in
1517 878 1774 932 omnibus
1821 878 1997 948 perte-

437 966 538 1020 ctis
579 968 786 1034 nuptiis
826 968 1198 1036 aequivalent:
1251 982 1354 1023 nec
1385 968 1510 1024 aliis
1551 970 1724 1024 modis
1769 973 1994 1026 solvun-

437 1069 550 1124 tur,
584 1076 747 1128 quam
785 1061 986 1131 quibus
1015 1061 1124 1129 jam
1166 1061 1464 1131 perfectum
1511 1060 1839 1116 distrahitur
1879 1077 1995 1117 ma-

435 1152 777 1206 trimonium.
838 1152 916 1207 Ne
969 1153 1183 1209 mireris
1241 1163 1460 1218 autem,
1497 1151 1687 1207 Patres
1752 1153 1887 1206 nihil
1929 1152 1998 1208 de

440 1246 672 1300 muliere
717 1245 1005 1304 statuisse.
1052 1246 1107 1300 Si
1157 1247 1203 1300 is
1248 1246 1393 1301 enim
1439 1246 1684 1317 punitur,
1730 1248 1823 1314 qui
1878 1259 1997 1301 eam

437 1339 609 1403 ducit,
663 1341 757 1409 qui
811 1338 954 1393 forte
1001 1341 1080 1394 uti
1123 1347 1302 1409 potest
1349 1347 1614 1408 praetextu
1657 1340 1998 1409 ignorantia',

439 1434 612 1486 multo
669 1435 842 1503 magis
870 1433 1137 1503 punietur-
1175 1411 1392 1497 mulier,
1433 1448 1556 1504 quae
1591 1433 1729 1488 nihil
1763 1433 1870 1487 tale
1903 1447 1999 1501 po-

437 1532 548 1580 test
604 1526 804 1592 dicere,
854 1526 980 1580 dnm
1025 1525 1157 1580 vivit
1185 1525 1306 1596 ejus
1337 1540 1595 1595 sponsus.
1647 1524 1741 1579 Ille
1781 1522 1997 1592 quidem

443 1618 700 1686 punietur
761 1629 819 1673 ut
857 1619 1094 1682 adulter,
1158 1621 1252 1688 qui
1299 1629 1433 1674 cum’
1482 1618 1636 1674 alteri
1675 1619 1997 1686 desponsam

439 1725 563 1765 esse
600 1711 786 1777 sciret,
835 1728 953 1766 eam
1023 1727 1248 1766 uxorem
1293 1710 1529 1768 duxerit.
1575 1709 1768 1767 Mulier
1817 1717 1999 1764 autem

441 1804 937 1871 quomodocumque
975 1819 1034 1858 se
1059 1819 1145 1859 res
1181 1803 1397 1866 habeat,
1443 1812 1502 1856 ut
1536 1801 1778 1857 adultera
1812 1803 1998 1868 punie-

439 1905 552 1951 tur.
610 1894 749 1962 Quid
804 1897 982 1950 vero?
1036 1896 1138 1963 Qui
1183 1899 1237 1951 in
1290 1895 1623 1951 matrimonii
1683 1895 1997 1949 societatem

440 1987 672 2043 alienam
729 2003 984 2057 sponsam
1014 1989 1184 2052 ducit,
1246 1999 1305 2043 ut
1356 1988 1566 2044 adulter
1606 1987 1874 2057 punitur:
1917 1985 2008 2054 qni

440 2095 568 2133 vero
602 2096 724 2134 Clllll
782 2097 844 2138 ea
899 2082 1202 2137 fornicatus
1275 2093 1381 2144 est,
1437 2097 1544 2136 non
1593 2080 1805 2136 adulter
1847 2078 2043 2168 puni:

441 2172 575 2226 tur?
625 2171 856 2229 Salutio.
925 2173 1051 2228 Sive
1103 2175 1155 2228 in
1223 2175 1610 2238 matrimonio,
1683 2172 1798 2230 sive
1841 2171 2011 2227 forni-

440 2265 648 2320 catorie
703 2267 828 2336 quis
877 2282 1000 2322 cum
1050 2282 1155 2332 ea,
1191 2283 1312 2338 qum
1362 2267 1587 2323 alterius
1629 2279 1712 2322 est
1769 2279 2004 2335 sponsa,

441 2356 622 2412 sciens
661 2373 776 2412 rem
809 2357 1080 2421 habuerit,
1116 2369 1177 2416 ut
1216 2361 1431 2415 adulter
1463 2361 1709 2429 punitur.
1741 2359 1836 2416 ille
1862 2361 2006 2414 enim

441 2450 620 2512 solus,
655 2449 746 2518 qui
781 2452 1056 2519 sponsalia
1092 2453 1388 2521 ignoravit,
1416 2462 1478 2508 ut
1510 2451 1812 2507 fornicator
1846 2451 2007 2519 puni-

441 2550 552 2596 tur.
580 2542 848 2609 Adjicitur
871 2551 1052 2597 autem
1084 2546 1279 2599 canoni
1307 2586 1322 2608 ,
1374 2545 1439 2597 ad
1468 2543 1804 2599 matrimonii
1832 2543 2007 2598 socie-

446 2640 607 2686 tatem
648 2632 884 2702 aliquem
933 2635 1162 2689 alterius
1202 2651 1452 2701 sponsam
1511 2651 1737 2690 uxorem
1783 2634 2004 2697 ducere,

445 2733 668 2794 propter
690 2740 911 2780 causam
949 2727 1100 2794 prius
1135 2729 1466 2783 declaratam
1503 2731 1555 2782 in
1599 2729 1870 2799 principio
1922 2729 2006 2782 in-

444 2817 877 2885 terpretationis.
937 2818 1001 2872 Et
1058 2823 1170 2873 haec
1207 2803 1426 2889 quidem
1475 2821 1542 2876 de
1593 2822 1818 2876 muliere
1850 2822 2004 2876 alteri

447 2908 719 2978 desponsa
775 2909 918 2965 dicta
975 2923 1123 2967 sunt.
1172 2911 1225 2966 Si
1275 2912 1417 2967 enim
1473 2929 1580 2968 non
1625 2923 2008 2982 processerunt

448 2999 750 3066 sponsalia,
782 3002 874 3070 sed
897 3013 1165 3058 conventa
1191 3018 1365 3072 poenae
1389 3004 1748 3074 stipulatione
1773 3008 2006 3073 munita,

450 3089 757 3157 eujusmodi
806 3103 968 3190 sunt;
1009 3110 1131 3163 quae
1163 3095 1328 3149 hodie
1361 3095 1492 3150 ﬁunt
1520 3097 1857 3152 matrimonii
1889 3099 2006 3152 vin—

2034 1865 2133 1924 8':

2094 602 2266 655 ταῦτα
2305 619 2316 632 ·
2355 603 2531 672 πολλῷ
2567 604 2624 658 δὲ
2655 604 2819 659 πλέον
2851 606 3090 677 σήμερον
3115 605 3192 668 ὡς
3219 606 3405 677 μοιχὸς
3426 606 3455 658 6
3478 608 3657 661 τοιοῦ-

2096 712 2186 758 τος
2215 697 2705 768 κατακριθήσεται,
2747 699 2879 752 ὅταν
2917 698 3025 751 ἀπὸ
3053 699 3316 769 τῆς,περι
3359 682 3680 769 μνηστείας

2096 790 2481 860 προσκυνητῆς
2506 791 2726 860 Νεαρᾶς
2749 789 2842 843 τοῦ
2890 790 3136 858 ἀοιδίμου
3184 789 3343 857 ἀγίου
3387 788 3656 858 βασιλέως

2096 879 2265 950 κυροῦ
2284 879 2518 945 Ἀλεξίου
2538 883 2632 934 τοῦ
2653 881 2939 952 Κομνηνοῦ
2967 883 2999 952 ή
3029 881 3290 952 μνηστεία
3318 881 3458 934 κατά
3475 881 3656 935 πάντα

2099 972 2285 1042 σχεδὸν
2326 969 2634 1044 ἰσοδυναμεῖ
2659 976 2735 1044 τῷ
2760 974 2950 1044 τελείῳ
2981 969 3149 1044 γάμῳ’
3175 988 3189 1002 ⁸
3234 973 3330 1030 καὶ
3369 974 3542 1037 ἄλλως
3589 974 3655 1027 οὑ

2097 1064 2307 1130 λύεται,
2343 1069 2393 1120 εί
2428 1067 2503 1135 μὴ
2535 1066 2659 1121 καθ’
2683 1067 2776 1130 οὓς
2805 1067 3044 1137 τρόπους
3081 1067 3176 1120 καὶ
3203 1067 3264 1120 τὸ
3305 1067 3511 1119 τέλειον
3537 1067 3660 1119 δια-

2101 1155 2302 1208 σπᾶται
2334 1156 2686 1211 συνοικέσιον.
2735 1157 2825 1226 Μὴ
2863 1157 3148 1228 θαυμάσῃς
3191 1157 3249 1210 δὲ
3282 1157 3364 1210 ὅτι
3393 1157 3524 1226 περὶ
3557 1157 3661 1226 τῆς

2099 1249 2360 1312 γυναικὸς
2383 1250 2484 1304 οὐκ
2511 1249 2919 1320 ἑθεσμοθετήθη
2948 1267 3002 1302 τι
3035 1249 3190 1316 παρά
3226 1250 3337 1303 τῶν
3375 1249 3656 1320 Πατέρων.

2101 1338 2164 1390 Εί
2195 1339 2304 1407 γὰρ
2337 1337 2626 1402 κολάζεται
2674 1340 2702 1392 6
2745 1339 2952 1409 ταύτην
3005 1339 3304 1410 ἀγόμενος,
3358 1338 3660 1402 δυνάμενος

2103 1430 2234 1494 ἴσως
2288 1431 2690 1501 προϐάλλεσθαι
2755 1433 2850 1486 καὶ
2903 1433 3149 1500 ἄγνοιαν,
3201 1430 3383 1500 πολλῷ
3423 1430 3585 1482 πλέον
3621 1431 3657 1499 ή

2099 1524 2237 1595 γυνὴ
2268 1524 2721 1598 τιμωρηθήσεται
2767 1527 2800 1596 ή
2853 1525 3016 1595 μηδὲν
3066 1523 3307 1578 τοιοῦτον
3339 1525 3515 1576 εἰπεῖν
3549 1521 3659 1586 EE:-

2103 1617 2346 1686 σχύουσα
2403 1617 2607 1683 ζῶντος
2661 1618 2758 1672 τοῦ
2818 1620 3129 1688 μνηστῆρος
3191 1618 3382 1686 αὐτῆς.
3424 1616 3666 1676 Ἐκεῖνος

2105 1711 2288 1781 μέντοι
2323 1711 2399 1775 ὡς
2430 1711 2619 1782 μοιχὸς
2651 1710 3121 1781 τιμωρηθήσεται,
3151 1711 3179 1762 6
3208 1709 3266 1760 ὲν
3310 1707 3517 1777 είδήσει
3565 1705 3666 1774 τὴν

2109 1803 2596 1874 μεμνηστευμένην
2629 1803 2799 1874 ἑτέρῳ
2825 1804 3082 1872 γαμήσας
3115 1817 3130 1831 ⁶
3155 1802 3186 1868 ἡ
3214 1801 3271 1853 δὲ
3292 1801 3452 1867 γυνὴ,
3489 1797 3564 1860 ὡς
3597 1797 3668 1850 ἂν

2111 1895 2207 1966 ἔχῃ
2239 1897 2300 1948 τὸ
2330 1895 2588 1964 πρᾶγμα,
2612 1894 2689 1957 ὡς
2727 1893 2982 1964 μοιχαλὶς
3017 1891 3446 1960 κολασθήσεται.
3491 1887 3557 1938 Τί
3585 1887 3667 1949 δέ,

2121 1991 2180 2044 ’0
2203 1988 2303 2060 μὲν
2331 1988 2408 2052 είς
2435 1987 2611 2057 γάμου
2643 1986 2929 2040 κοινωνίαν
2957 1984 3225 2054 ἀγόμενος
3253 1981 3351 2052 τὴν
3381 1980 3671 2060 ἀλλοτρίαν

2113 2082 2356 2154 μνηστὴν
2379 2081 2454 2145 ὡς
2479 2079 2669 2152 μοιχὸς
2692 2077 2982 2144 κολάζεται
3000 2119 3015 2142 ,
3050 2079 3080 2132 6
3109 2077 3168 2130 δὲ
3196 2073 3503 2154 πορνεύσας
3528 2072 3670 2142 μετά

2107 2175 2314 2244 ταύτης
2342 2175 2402 2227 οὐ
2434 2176 2755 2246 τιμωρεῖται
2779 2173 2855 2236 ὡς
2879 2169 3064 2241 μοιχός
3089 2186 3105 2236 ;
3139 2167 3349 2232 Λύσις.
3381 2165 3504 2218 Εἴτε
3530 2163 3672 2218 κατὰ

2109 2271 2290 2339 γάμου
2335 2269 2647 2331 κοινωνίαν,
2691 2268 2801 2321 εἴτε
2848 2263 3122 2336 πορνικῶς
3151 2260 3448 2330 συμφθαρῇ
3479 2275 3563 2321 τις
3613 2259 3672 2308 ἐν

2109 2362 2317 2432 εἱδήσει
2347 2360 2488 2432 μετὰ
2523 2361 2622 2431 τῆς
2652 2359 2822 2430 ἑτέρῳ
2851 2353 3362 2426 μεμνηστευμένης,
3385 2352 3462 2415 ὡς
3481 2349 3672 2421 μοιχὸς

2111 2456 2418 2522 κολάζεται.
2455 2453 2632 2517 Μόνος
2660 2453 2770 2524 γὰρ
2821 2453 2850 2504 ὁ
2889 2450 3166 2519 ἀγνοήσας
3213 2446 3313 2516 τὴν
3373 2444 3673 2516 μνηστείαν

2110 2551 2185 2613 ὠς
2215 2550 2410 2618 πόρνος
2433 2547 2783 2617 τιμωρεῖται.
2811 2542 3145 2612 Πρόσκειται
3177 2538 3234 2592 δὲ
3273 2538 3352 2606 τῷ
3380 2536 3570 2589 κανόνι
3609 2533 3672 2586 τδ

2112 2642 2249 2711 πρὸς
2285 2641 2466 2711 γάμου
2495 2633 2779 2692 κοινωνίαν
2808 2634 3108 2703 ἀγαγέσθαι
3137 2629 3261 2686 τινὰ
3293 2631 3391 2698 τὴν
3421 2627 3516 2681 τοῦ
3554 2626 3672 2679 ἑτέ-

2116 2732 2533 2805 ρουνμνηστὴν,
2569 2731 2661 2785 διὰ
2713 2731 2810 2800 τὴν
2855 2722 3191 2798 δηλωθεῖσαν
3245 2722 3428 2778 αἰτίαν
3479 2724 3536 2775 ἑν
3600 2722 3666 2791 τῇ

2111 2830 2250 2898 ἀρχῇ
2279 2828 2376 2895 τῆς
2406 2824 2722 2894 ἑρμηνείας.
2759 2822 2868 2877 Καὶ
2896 2818 3070 2872 ταῦτα
3135 2815 3234 2888 μὲν
3283 2814 3412 2885 περὶ
3466 2829 3670 2883 μεμνη-

2115 2920 2418 2990 στευμένης
2451 2919 2623 2990 ἑτέρῳ
2651 2914 2930 2984 γυναικός.
2960 2911 3024 2965 Εἰ
3062 2911 3170 2982 γάρ
3201 2910 3263 2962 οὒ
3290 2908 3496 2977 προέϐη
3535 2921 3670 2974 μνη-

2114 3014 2291 3080 στεία,
2325 3013 2462 3067 ἀλλὰ
2493 3009 2787 3082 συμφωνία
2814 3008 2960 3062 δόσει
2995 3003 3300 3076 προστίμου
3334 3013 3670 3068 κατωχυρω-

2118 3108 2276 3179 μένη,
2335 3102 2426 3160 οἷά
2483 3103 2709 3166 είσι,τά
2760 3103 3002 3172 σήμερον
3061 3097 3324 3165 γινόμενα
3375 3086 3673 3179 δεσμοτικὰ

452 3183 571 3236 cula
598 3200 613 3248 ;
646 3200 754 3239 non
783 3165 1041 3254 puniielttr
1070 3190 1192 3257 quis
1219 3203 1284 3242 ex
1317 3204 1400 3249 eo,
1431 3204 1538 3258 quo
1557 3201 1711 3260 pacta
1740 3199 2008 3248 conventa

2117 3165 2332 3273 γάρτία,
2365 3199 2423 3252 οὐ
2453 3165 3015 3268 τιμωρηθήσετϋαίττις
3043 3192 3105 3242 ἐκ
3135 3189 3345 3246 τούτου,
3387 3185 3462 3246 ὡς
3494 3165 3674 3252 παρᾶο

451 3284 826 3345 transgressus
852 3281 946 3342 sit,
970 3291 1025 3335 et
1056 3297 1175 3335 cum
1205 3283 1307 3336 alia
1337 3297 1569 3352 persona
1602 3283 2009 3337 matrimonium

451 3370 808 3424 contraxerit.
871 3372 1024 3427 Scias
1079 3384 1284 3435 autem,
1346 3375 1492 3443 quod
1543 3391 1572 3428 a
1611 3376 1728 3446 lege
1781 3374 2016 3429 Mosaica

449 3463 725 3527 sponsalia
803 3479 899 3532 pro
969 3467 1173 3538 nuptiis
1239 3469 1654 3534 reputabantur,
1707 3479 1761 3522 et
1815 3484 2015 3538 sponsa

453 3571 591 3608 uxor
635 3557 1038 3623 nominabatur,
1075 3569 1126 3611 et
1159 3561 1203 3614 si
1247 3561 1488 3612 vii-alter
1515 3576 1633 3613 eam
1666 3561 1924 3624 ducebat,
1961 3572 2019 3614 ut

452 3647 675 3701 adulter
711 3650 1056 3716 puniebatur.
1107 3653 1241 3706 Dicit
1283 3654 1426 3707 enini
1475 3655 1555 3706 lex
1597 3654 1649 3706 in
1689 3652 1866 3708 Veteri
1911 3653 2016 3708 Te-

451 3749 774 3797 stamento:
815 3743 879 3797 Et
914 3744 1205 3799 Immitiavit
1255 3761 1472 3800 uxorem
1535 3749 1852 3814 proximi”,
1899 3750 2018 3818 ejus

453 3837 953 3907 scilicet-sponsam
991 3837 1378 3907 devirginavit.
1418 3839 1596 3892 Porro
1644 3848 1836 3894 sancta
1884 3857 2020 3910 quo-

456 3945 561 3998 que
591 3928 753 4001 Virgo
783 3940 838 3984 et
887 3929 978 3984 Dei
1027 3930 1221 3996 Mater,
1252 3931 1439 3985 itidem
1485 3930 1705 3999 Josephi
1749 3949 1886 3987 uxor
1922 3949 2018 4002 ap-

448 4021 648 4088 pellata
679 4029 782 4076 est.
821 4021 963 4075 Dicit
993 4023 1139 4077 enim
1173 4022 1420 4077 divinum
1448 4032 1502 4078 et
1526 4038 1746 4077 sacrum
1773 4027 2020 4096 Evange-

449 4116 604 4178 lium,
648 4112 730 4166 Ne
756 4115 942 4166 timeas
985 4115 1214 4181 arcipere
1259 4115 1485 4168 Mariam
1511 4131 1728 4171 uxorem
1781 4128 1926 4172 tuam
1951 4121 2016 4172 ⁴⁰.

449 4207 592 4274 Lege
643 4220 696 4259 et
742 4205 813 4260 9'5
844 4205 1130 4260 Novellazn
1190 4207 1537 4275 imperatoris
1568 4207 1773 4262 domini
1823 4209 2017 4265 Leonis

451 4297 788 4368 Philosophi,
824 4314 945 4365 quae
978 4299 1112 4353 solvi
1144 4287 1424 4367 sponsalia
1475 4300 1701 4366 statuit,
1751 4302 1798 4356 si
1830 4311 2017 4371 postea

449 4388 647 4445 mulier
691 4406 981 4460 praegnans
1037 4391 1256 4443 inventa
1309 4391 1474 4445 fuerit
1555 4407 1620 4444 ex
1685 4393 2021 4459 praededente

448 4482 611 4535 alieni
636 4483 864 4535 seminis
902 4484 1252 4550 susceptione

927 4665 1113 4719 Altera
1148 4643 1542 4730 interpretatio.

520 4758 657 4813 Nota
689 4773 753 4813 ex
786 4757 1383 4828 prmccdenti‘canone,
1415 4759 1561 4826 quod
1600 4766 1654 4811 et
1697 4768 1822 4813 ante
1854 4759 2024 4828 impc-

449 4851 649 4906 ratoris
679 4851 885 4905 domini
920 4849 1095 4903 Alexii
1118 4849 1382 4904 Comneni
1416 4849 1695 4906 Novellain
1719 4854 2020 4917 sponsalia,

451 4945 559 4998 nisi
599 4944 804 5012 justam
854 4942 926 4995 ob
953 4957 1174 4996 causam
1201 4983 1216 5006 ,
1273 4935 1380 4996 non
1423 4943 1846 4999 dissolvebatur.
1891 4945 2023 4998 Pro—

460 5045 642 5102 pterea
677 5035 822 5089 enim
858 5035 910 5087 in
945 5034 1197 5088 adulterii
1236 5035 1448 5089 crimen
1488 5036 1784 5102 incidebat,
1815 5039 1908 5107 qui
1939 5039 2022 5091 vel

454 5127 837 5192 fornicatione,
865 5127 945 5180 vel
983 5128 1332 5181 matrimonio
1385 5129 1610 5182 alterius
1639 5144 1854 5197 sponsa:
1889 5145 2022 5183 con-

449 5221 680 5290 junctus
746 5229 850 5274 est.
909 5218 1016 5274 Sed
1069 5229 1121 5274 et
1181 5222 1282 5274 hoc
1325 5228 1589 5289 praeterea
1647 5221 2022 5291 scias,'quod

455 5314 629 5367 sancti
686 5312 897 5376 Patres,
955 5322 1012 5366 ut
1062 5313 1138 5364 ait
1195 5327 1394 5374 canon,
1451 5326 1598 5375 eum,
1645 5313 1738 5379 qui
1798 5315 2024 5368 alterius

457 5422 717 5477 sponsam
748 5407 800 5459 in
833 5407 1254 5459 matrimonium
1299 5406 1474 5469 ducit,
1511 5403 1767 5457 adulterii
1801 5409 2022 5462 crimini

524 5524 568 5555 ³⁹
607 5523 759 5577 Deut.
795 5539 925 5584 χχιι,
957 5521 1047 5575 24.
1125 5522 1171 5552 ⁸ο
1195 5519 1387 5572 Matth.
1419 5533 1457 5578 ι,
1499 5517 1598 5568 ΞΟ.

2122 3296 2344 3350 ϐαίνων·
2370 3294 2437 3347 τά
2489 3290 2950 3360 συμφωνούμενα,
2993 3285 3088 3338 καὶ
3125 3280 3498 3335 συναλλάττων
3559 3273 3674 3344 μεθ’

2119 3391 2308 3457 ἑτέρου
2339 3384 2631 3456 προσώπου
2657 3383 2854 3451 γάμον.
2881 3379 2918 3431 Γ
2925 3379 3116 3431 ίνωσκε
3141 3375 3196 3428 δὲ
3221 3375 3300 3425 ὅτι
3332 3371 3428 3424 καὶ
3457 3368 3563 3422 ἀπὸ
3582 3363 3675 3418 τοῦ

2072 3539 2080 3549 ,
2121 3478 2416 3535 Μωσαῖκοῦ
2447 3477 2616 3546 νόμου
2649 3477 2681 3544 ἡ
2729 3471 2994 3543 μνηστεία
3014 3469 3106 3531 ’ὡς
3136 3467 3313 3536 γάμος
3360 3461 3636 3529 ἐλογίζετο
3663 3472 3677 3488 ³

2122 3575 2216 3624 καὶ
2243 3573 2275 3641 ἡ
2305 3569 2518 3640 μνηστὴ
2544 3565 2758 3638 γαμετὴ
2790 3561 3214 3631 κατωνομάζετο
3237 3601 3251 3623 ,
3281 3557 3378 3611 καὶ
3412 3558 3442 3610 ὁ
3474 3553 3678 3618 ταύτην

2121 3664 2389 3732 ἀγόμενος
2429 3661 2614 3729 ἕτερος
2673 3656 2811 3728 ἀνὴρ
2850 3657 2926 3720 ὡς
2963 3655 3148 3724 μοιχὸς
3181 3649 3495 3712 ἐκολάζετο.
3542 3645 3676 3711 Φησι

2121 3758 2230 3826 γὰρ
2254 3757 2281 3809 6
2309 3755 2468 3824 νόμος
2516 3754 2574 3804 ἑν
2613 3754 2679 3821 τῇ
2714 3749 2928 3818 [Ιαλαιᾷ
2952 3764 2966 3779 ο
3011 3745 3118 3801 Καὶ
3147 3743 3517 3798 ἐταπείνωσε
3569 3737 3677 3803 τὴν

2123 3847 2375 3918 γυναῖκα
2413 3845 2520 3898 τοῦ
2560 3843 2831 3912 πλησίον
2855 3881 2869 3906 ,
2925 3841 3094 3910 ἤγουν
3126 3835 3542 3905 διεπαρθένευσε
3583 3828 3683 3897 τὴν

2125 3941 2370 4012 μνηστὴν
2399 3937 2612 3990 τούτου.
2647 3935 2755 3986 Καὶ
2785 3935 2818 4001 ἡ
2862 3932 2995 4000 ἁγία
3036 3927 3312 3998 Παρθένος
3344 3925 3439 3978 καὶ
3469 3921 3678 4012 Θεομήῖ

2124 4008 2236 4101 τωρ
2262 4029 2403 4083 οὕτω
2431 4026 2569 4096 γυνὴ
2593 4024 2684 4077 τοῦ
2721 4021 2916 4092 Ἰωσὴφ
2939 4019 3294 4090 ἐχρημάτισε.
3324 4013 3462 4075 Φησὶ
3491 4011 3600 4078 γὰρ
3625 4008 3680 4060 τὲ

2123 4123 2266 4174 θεῖον
2305 4119 2399 4171 καὶ
2455 4117 2595 4186 ἱερὸν
2644 4112 2971 4181 εὐαγγέλιον
2997 4124 3010 4139 ⁸
3047 4108 3138 4172 Μὴ
3181 4103 3451 4175 φοϐηθῇς
3500 4118 3660 4168 παρα

2122 4211 2329 4268 λαϐεῖν
2357 4210 2589 4278 Μαρίαν
2621 4207 2736 4275 τὴν
2767 4201 3022 4273 γυναῖκά
3060 4216 3197 4254 σου.
3243 4191 3540 4261 Ἀνάγνωθι
3590 4190 3682 4242 καὶ

2123 4283 2220 4374 τὴν
2283 4301 2368 4369 ιιγ’
2421 4300 2638 4366 Νεαρὰν
2689 4295 2781 4350 τοῦ
2821 4295 3085 4365 βασιλέως
3121 4288 3290 4360 κυροῦ
3327 4289 3552 4345 Λέοντος
3583 4281 3682 4374 *τοῦ

2122 4371 2444 4461 Φιλοσόφου,
2504 4387 2885 4455 διοριζομένην
2939 4381 3162 4435 λύεσθαι
3208 4379 3309 4468 τὴν
3368 4371 3683 4468 μνηστείαν,

2125 4483 2221 4535 ἐὰν
2275 4480 2413 4550 μετά
2450 4477 2658 4546 ταύτην
2709 4476 2741 4544 ἡ
2792 4473 2929 4542 γυνὴ
2983 4467 3260 4538 φωραθείη
3303 4467 3682 4532 ἐγκυμονοῦσα

2060 4575 2098 4627 D
2126 4579 2187 4628 ἐκ
2225 4549 2604 4642 προῦποδοχῆς
2632 4565 2928 4634 ἀλλοτρίων
2975 4549 3331 4640 σπερμάξων.

2560 4660 2767 4729 Ἑτέρα
2795 4656 3076 4725 ἑρμήνενα
3123 4654 3259 4724 (ll).

2198 4759 2517 4828 Σημείωσαι
2549 4755 2655 4807 ἀπὸ
2679 4751 2776 4804 τεῦ
2805 4750 3070 4823 παρόντος
3108 4746 3332 4805 κανόνος
3354 4743 3437 4794 ὅτι
3461 4739 3557 4792 καὶ
3585 4734 3690 4807 πρὸ

2125 4855 2224 4922 τῆς
2245 4851 2463 4918 Νεαρόἰς
2487 4847 2579 4902 τοῦ
2607 4843 2873 4916 βασιλέως
2898 4840 3068 4910 κυροῦ
3085 4837 3324 4903 Ἀλεξίου
3347 4834 3439 4887 τοῦ
3472 4835 3690 4900 Κομνη-

2131 4946 2222 4999 νοῦ
2257 4948 2358 4999 οὐκ
2409 4944 2596 4996 ἐλύετο
2635 4943 2667 5011 ἡ
2705 4941 3007 5010 μνηστεία,
3069 4937 3118 4988 εἱ
3175 4934 3250 5005 μὴ
3295 4931 3401 4987 ἀπὸ
3456 4929 3694 4995 εὐλόγων

2131 5045 2344 5094 αἰτίων,
2387 5037 2484 5089 Διὰ
2531 5037 2639 5105 γὰρ
2682 5035 2840 5086 τοῦτο
2891 5033 2987 5084 καὶ
3041 5029 3120 5098 τῷ
3149 5028 3250 5096 τῆς
3298 5023 3543 5096 μοιχείας
3589 5021 3692 5074 ὐπ-

2129 5133 2357 5184 έπιπτεν
2400 5130 2706 5198 ἐγκλήματι
2757 5129 2785 5181 ὁ
2845 5124 3249 5191 συναπτόμενος
3333 5113 3610 5186 πορνικῶς
3657 5113 3692 5182 ἢ

2133 5225 2391 5292 γαμικῶς
2444 5226 2509 5293 τῇ
2560 5222 2731 5292 ἑτέρῳ
2781 5215 3248 5290 μεμνηστευμένῃ
3283 5227 3297 5240 ⁸
3354 5212 3588 5278 γίνωσκε
3637 5206 3694 5258 δὲ

2132 5317 2227 5370 καὶ
2259 5315 2422 5384 τοῖιτο
2456 5316 2536 5367 ὅτι
2572 5315 2620 5366 οί
2675 5313 2774 5381 μὲν
2826 5311 2974 5377 ἅγιοι
3012 5309 3280 5375 Πατέρες,
3333 5302 3408 5365 ὡς
3453 5302 3482 5352 ὁ
3515 5297 3696 5352 κανών

2134 5426 2292 5480 φησι,
2343 5407 2420 5478 τῷ
2447 5411 2544 5479 τῆς
2590 5405 2836 5476 μοιχείας
2872 5401 3180 5470 ἐγκλήματι
3219 5392 3696 5454 καθυποὸάλλουσι

1643 5633 1838 5693 Gutll.
1871 5630 2192 5709 Beveregii
2237 5638 2400 5693 notae

531 5759 641 5822 (Η)
680 5757 876 5824 Ἑτέρα
906 5759 1202 5825 ἑρμηνεία.
1243 5755 1390 5809 lianc
1414 5755 1636 5809 alteram
1672 5754 1832 5822 hujus
1863 5767 2027 5806 cano-

455 5827 545 5883 tris
583 5829 1102 5905 interpretatitenem
1161 5843 1259 5896 ms.
1307 5835 1493 5881 nostro
1535 5825 1824 5881 Bodleiano
1860 5825 2023 5879 dchc-

2134 5773 2253 5811 mus
2287 5775 2300 5810 :
2331 5771 2505 5826 neque
2534 5756 2674 5810 enim
2695 5755 2760 5808 .in
2791 5751 2896 5807 alio
2929 5751 3143 5822 quovis,
3169 5754 3430 5819 quantum
3465 5744 3692 5808 scimus,
3720 5819 3728 5836 λ

2073 5887 2079 5894 ,
2133 5836 2324 5883 exstat.
