4062 6452
420 398 523 453 839

495 530 513 563 ι
550 512 698 566 nium
733 512 972 566 membra
1006 513 1073 566 ab
1123 513 1479 569 oﬂcrentibus
1534 517 1820 584 accipere;
1881 515 1976 570 sed
2008 530 2051 581 Α

496 622 513 653 ιι
547 603 612 657 iis
661 603 770 657 sint
801 604 1069 668 contenti,
1126 621 1245 672 qme
1298 606 1546 660 σπειρηιί
1599 607 1715 661 visa
1754 607 1976 672 fuerint,

495 715 512 744 ι
552 677 817 760 ejusmodi
852 696 1129 751 oblatione
1174 707 1329 751 extra
1357 697 1653 754 Ecclesiam
1687 699 1828 755 facta
1861 717 1875 752 :
1933 700 1979 755 si

497 810 513 837 ι
545 790 669 856 quis
695 798 878 842 autem
912 791 1015 843 boc
1046 804 1153 843 non
1189 789 1407 859 fecerit,
1439 800 1780 861 segregetur.
1816 810 1835 843 ι

489 965 684 1020 BALS.
746 967 888 1025 Scis.
938 970 1083 1037 quod
1112 985 1235 1024 cum
1268 970 1446 1026 Moses
1472 968 1984 1041 jussisset—lsraeli-

419 1061 511 1123 tis,
546 1076 658 1114 sua:
690 1075 755 1113 ex
804 1060 1038 1132 Egypto
1095 1064 1427 1132 egreSsionis
1482 1076 1747 1134 tempore,
1780 1080 1978 1134 agnum

419 1150 742 1215 interficere,
772 1160 822 1205 et
853 1152 970 1219 ejus
1007 1154 1271 1221 sanguine
1301 1154 1586 1245 domorum
1612 1165 1794 1224 postes
1822 1155 1982 1209 inun-

417 1254 564 1306 gere.
597 1232 674 1303 ιιι,
709 1239 851 1308 quod
900 1256 964 1295 ex
1016 1232 1519 1311 primogenitorum'
1554 1246 1981 1300 exterminatore

416 1331 782 1399 impendebat,
842 1324 1143 1403 periculum
1194 1334 1538 1401 etl‘ugerent:
1594 1336 1798 1391 Judaais
1852 1338 1979 1393 hinc

418 1422 591 1475 visum
627 1433 731 1486 est,
768 1439 862 1491 per
892 1426 1015 1493 agni
1074 1435 1128 1479 et
1177 1426 1408 1480 aliorum
1459 1429 1819 1497 quorumdam
1855 1431 1977 1483 ani-

419 1514 641 1591 malium
674 1516 1031 1581 sacrificium,
1074 1517 1238 1571 Deum
1288 1519 1613 1588 quibusdam
1649 1521 1839 1576 diebus
1867 1523 1981 1591 pla-

419 1622 563 1660 care.
600 1606 775 1678 Ipsum
812 1618 991 1664 autem
1024 1610 1352 1666 sacriﬁcium
1381 1613 1435 1667 in
1470 1616 1579 1670 alio
1608 1616 1825 1686 quidem
1859 1618 1980 1671 loco

420 1698 582 1752 [iebat
610 1716 645 1753 τι
682 1700 735 1753 in
764 1700 870 1754 alio
901 1710 1080 1755 autem
1115 1703 1496 1773 coquebantur
1528 1722 1721 1763 carnes
1755 1719 1809 1763 et
1841 1708 1979 1762 divi-

417 1790 707 1848 debantur.
726 1794 952 1862 Aliquas
972 1809 1101 1864 ergo
1124 1806 1303 1864 partes
1334 1800 1582 1855 animalis
1601 1801 1741 1871 quod
1770 1802 1978 1856 sacrm-

416 1883 673 1947 cabatur,
755 1889 1131 1944 sacerdotibus
1200 1899 1418 1960 propter
1464 1893 1676 1962 aliquas
1736 1897 1973 1953 rationes

417 1974 733 2037 aﬂ'crebant.
787 1979 855 2033 de
908 1981 1108 2050 quibus
1165 1998 1273 2037 non
1332 1994 1417 2038 est
1462 1986 1674 2041 dicendi
1738 1998 1970 2059 tempus.

415 2067 681 2132 Quoniam
713 2070 877 2141 2'78
902 2080 1079 2126 autem
1114 2073 1355 2131 didicere
1386 2078 1560 2132 sancti
1590 2079 1801 2143 Patres.
1832 2082 1975 2150 quod

416 2161 469 2213 in
504 2160 883 2216 Armeniorum
917 2166 1136 2233 regione
1181 2182 1276 2236 per
1330 2170 1581 2225 animalia
1619 2173 1834 2241 quidem
1867 2191 1975 2230 non

416 2250 552 2306 ﬁunt
590 2255 882 2321 sacriﬁcia,
940 2259 1031 2310 sed
1067 2260 1315 2314 carnium
1376 2269 1558 2330 partes
1609 2264 1750 2318 intra
1807 2267 1977 2322 altare

415 2356 747 2413 coquuntur,
782 2357 835 2402 et
861 2364 924 2403 ex
959 2350 1024 2404 iis
1054 2350 1219 2406 frusta
1248 2354 1513 2422 quaedam,
1565 2357 1771 2413 scilicet
1805 2375 1977 2414 mem-

415 2433 514 2487 bra
563 2446 837 2505 separata,
886 2440 1050 2509 pedes
1102 2440 1240 2497 forte
1293 2453 1347 2498 et
1395 2455 1581 2514 caput,
1634 2449 1715 2502 vel
1771 2451 1976 2521 aliquid

414 2523 707 2593 ejusmodi.
742 2531 1122 2587 sacerdotibus
1173 2547 1325 2588 more
1352 2535 1668 2591 Judaeorum
1720 2539 1974 2609 oﬂerunt,

415 2624 743 2683 statuerunt,
775 2636 873 2676 nec
903 2623 957 2675 in
984 2622 1143 2677 altari
1176 2625 1422 2679 carnium
1450 2631 1687 2694 membra
1722 2646 1977 2702 coquere,

418 2724 519 2763 nec
548 2720 701 2765 extra
738 2712 914 2782 ipsum
957 2715 1091 2771 tales
1137 2727 1417 2787 separatas
1449 2733 1628 2789 partes
1677 2727 1978 2782 sacerdOti-

416 2802 521 2857 itus
589 2803 783 2860 oll‘erre
832 2823 895 2861 ex
957 2810 1177 2878 antiqua
1239 2815 1629 2871 consm-tudine
1678 2828 1974 2889 oportere:

416 2891 508 2946 sed
536 2892 801 2962 ejusmodi
833 2912 1065 2965 cessare,
1113 2910 1166 2955 et
1197 2903 1508 2960 sacerdotes
1542 2898 1587 2959 a'
1620 2906 1775 2965 laicis
1825 2912 1977 2966 obla-

415 2984 616 3039 tionem
654 2988 931 3058 suscipere
985 2992 1204 3061 debere,
1258 2996 1311 3049 in
1371 2998 1784 3072 quibuscunque
1815 3005 1977 3062 rebus

413 3082 469 3128 et
498 3078 792 3146 generibus
826 3082 928 3151 ipsi
964 3084 1255 3140 voluerint.
1320 3086 1390 3142 Ut
1420 3099 1503 3145 est
1556 3101 1738 3148 autem
1777 3096 1974 3151 verisi—

1684 401 1961 462 THEOD.
1993 395 2395 459 BALSAMON

2169 530 2186 561 ι
2237 510 2596 580 ἀφωρισμὲνα
2627 509 2807 578 κρεῶν
2844 509 2978 579 μέλη
3013 511 3163 580 παρὰ
3201 506 3310 562 τῶν
3341 528 3645 581 προσαγαν-

2165 624 2181 655 ι
2225 623 2333 657 των
2359 604 2680 673 λαμϐάνειν,
2723 604 2839 657 ἀλλ’
2886 599 2968 675 οἷς
3011 603 3216 674 ἀρεσθῇ
3260 608 3287 657 ὁ
3322 608 3643 675 προσάγων,

2162 715 2179 746 ‹
2225 694 2435 756 τούτοις
2463 695 2839 764 ἀρκείσθωσαν
2862 730 2883 759 ,
2913 695 3017 760 ἔξω
3045 698 3142 765 τῆς
3169 691 3495 767 Ἐκκλησίας
3546 702 3646 769 τῆς

2170 806 2187 838 ι
2234 787 2491 856 τοιαύτης
2519 787 2811 858 γινομένης
2835 790 3206 859 προσαγωγῆς
3231 806 3247 821 °
3276 791 3325 842 εί
3358 792 3415 845 δέ
3444 809 3529 855 τις
3567 793 3645 863 μὴ

2160 901 2179 932 ι
2226 881 2387 934 τοῦτο
2421 884 2570 951 ποιῇ,
2611 880 2975 949 ἁφοριζέσθω.
3023 900 3041 934 ι

2153 975 2349 1027 ΒΑΛΣ.
2376 971 2536 1036 Οἶδας
2574 974 2655 1027 ὅτι
2691 976 2786 1028 τοῦ
2825 975 3102 1037 Μωῦσέως
3143 964 3646 1043 κελεύσαντος-Χτοῖς

2097 1067 2455 1135 Ἰσραηλίταις
2485 1066 2629 1121 κατὰ
2655 1068 2744 1121 τὸν
2765 1067 2960 1135 καιρὸν
2981 1067 3081 1136 τῆς
3106 1068 3214 1121 ἀπὸ
3240 1069 3339 1137 τῆς
3362 1070 3642 1137 Αἰγύπτου

2083 1158 2411 1222 ἐξελεύσεως
2433 1158 2614 1212 αὐτῶν
2643 1162 2943 1227 σφαγιάσαι
2984 1160 3177 1228 ἀμνὸν,
3214 1161 3310 1213 καὶ
3341 1162 3531 1231 χρίσαι
3555 1165 3647 1218 διὰ

2082 1249 2175 1301 τοῦ
2228 1250 2464 1317 αἵματος
2518 1244 2803 1318 τὰςιρλιὰς
2838 1252 2947 1303 τῶν
2988 1251 3186 1304 οίκιῶν
3243 1254 3445 1315 αὐτῶν,
3495 1255 3645 1319 ὅπως

2082 1338 2297 1406 φύγωσι
2347 1340 2437 1393 τὸν
2483 1342 2547 1393 ὲκ
2597 1340 2693 1393 τοῦ
2740 1340 3067 1410 ὀλοθρευτοῦ
3117 1342 3226 1394 τῶν
3278 1346 3641 1412 πρωτοτόκων

2082 1429 2343 1495 κίνδυνον,
2373 1432 2621 1485 δέδοκται
2644 1432 2797 1499 παρὰ
2837 1432 3107 1495 Ἰουδαίοις
3135 1434 3221 1487 διὰ
3247 1434 3437 1497 Θυσίας
3465 1438 3642 1503 άμνοῦ

2086 1519 2185 1572 καὶ
2238 1518 2417 1573 ἄλλων
2460 1520 2624 1573 τινῶν
2676 1519 2829 1584 ζώων
2874 1519 3216 1585 ὲξιλεοῦσθαι
3259 1522 3350 1575 τὸν
3404 1524 3537 1576 Θεὸν
3583 1526 3644 1577 ἐν

2081 1611 2315 1681 ἡμέραις
2348 1611 2510 1664 τισίν.
2544 1612 2609 1664 Ἥ
2643 1610 2700 1665 δὲ
2733 1590 3060 1679 θυσίαάὖτη
3097 1614 3157 1665 ἐν
3187 1614 3331 1683 ἄλλῳ
3362 1616 3460 1685 μὲν
3491 1618 3646 1685 τόπῳ

2080 1699 2306 1766 ἐγίνετο,
2334 1701 2389 1751 ἐν
2422 1700 2630 1771 ἑτέροις
2659 1700 2715 1754 δὲ
2741 1701 2809 1755 τὰ
2841 1701 2977 1770 κρέα
2999 1702 3178 1772 ὲψείτο
3209 1702 3304 1757 καὶ
3331 1706 3646 1775 ἐμερίζετο.

2082 1789 2216 1845 Τινὰ
2263 1791 2395 1859 γοῦν
2433 1794 2573 1861 μέρη
2623 1793 2715 1845 τοῦ
2766 1793 3032 1862 θυομένου
3086 1795 3228 1859 ζὼου
3271 1799 3386 1859 τοῖς
3432 1798 3646 1865 ἱερεῦσι

2082 1883 2419 1952 προσήγοντο
2446 1884 2534 1937 διὰ
2562 1885 2751 1951 λόγους
2777 1887 2953 1947 τινὰς,
2986 1888 3111 1956 περὶ
3137 1881 3210 1941 ὧν
3244 1888 3344 1941 οὐκ
3376 1889 3491 1943 ἔστι
3520 1908 3642 1945 και-

2084 1976 2178 2045 ρὸς
2204 1976 2408 2041 λέγειν.
2451 1976 2603 2029 Ἐπεὶ
2628 1976 2684 2029 δὲ
2722 1977 3108 2047 μεμαθήκασιν
3132 1980 3181 2032 οί
3208 1980 3352 2049 ἆγιοι
3400 1982 3647 2052 Πατέρες

2081 2065 2156 2128 ὼς
2190 2068 2248 2118 ὲν
2276 2071 2340 2136 τῇ
2376 2068 2531 2138 χώρα
2562 2069 2668 2121 τῶν
2713 2069 3009 2140 Ἀρμενίων
3040 2072 3221 2126 θυσίαι
3257 2073 3354 2141 μὲν
3377 2074 3465 2127 διὰ
3489 2075 3647 2138 ζώων

2083 2158 2143 2210 οὐ
2176 2159 2438 2226 γίνονται,
2472 2158 2615 2230 μέρη
2654 2159 2709 2213 δὲ
2750 2161 2927 2229 κρεῶν
2952 2161 3103 2225 ἐντὸς
3132 2162 3225 2215 τοῦ
3252 2164 3645 2235 θυσιαστηρίου

2082 2247 2324 2316 ἕψονται,
2378 2252 2471 2303 καὶ
2521 2253 2585 2304 ἐκ
2637 2251 2841 2304 τούτων
2886 2253 3243 2322 ἀφαιρέματά
3278 2273 3436 2317 τινα,
3477 2259 3647 2327 ἤγουν

2085 2341 2443 2411 ἀφωρισμένα
2498 2343 2656 2414 μέλη,
2702 2345 2876 2417 πόδας
2930 2345 3094 2414 τυχὸν
3148 2347 3240 2398 καὶ
3293 2348 3556 2418 κεφαλὴν,
3609 2350 3643 2419 ἦ

2083 2433 2270 2503 ἕτερόν
2297 2451 2350 2485 τι
2397 2433 2656 2496 τοιοῦτον,
2693 2439 2805 2495 τοῖς
2855 2436 3091 2506 ἱερεῦσιν
3134 2439 3437 2502 Ἰουδαϊκῶς
3472 2458 3645 2511 προσα-

2084 2526 2328 2592 ἁγουσιν,
2363 2525 2587 2594 ὥρισαν,
2621 2530 2756 2598 μήτε
2784 2530 2932 2592 ἐντὸς
2955 2530 3046 2582 τοῦ
3075 2530 3463 2602 θυσιαστηρίου
3498 2534 3635 2603 μέλη

2086 2617 2263 2685 κρεῶν
2316 2617 2582 2684 ἕψεσθαι,
2647 2620 2781 2689 μήτε
2841 2621 2997 2683 ἐκτὸς
3044 2622 3210 2675 αὑτοῦ
3269 2626 3645 2693 προσάγεσθαι

2084 2706 2308 2762 τοιαῦτα
2367 2711 2749 2785 ἁφωρισμένακν
2789 2711 2921 2782 μέλη
2977 2714 3087 2775 τοῖς
3143 2713 3345 2783 ἱερεῦσι
3398 2718 3535 2769 κατὰ
3584 2717 3645 2769 τὸ

2085 2800 2254 2853 πάλαι
2285 2801 2517 2872 κρατοῦν
2550 2801 2668 2863 ἔθος
2698 2819 2713 2833 ’
2740 2802 2874 2855 ἀλλὰ
2902 2803 3000 2871 τὴν
3040 2807 3451 2874 τοιουτότροπον
3474 2822 3641 2878 προσ-

2056 2876 2303 2971 ξαγωγὴν
2362 2894 2644 2962 σχολάσαι,
2674 2896 2767 2948 καὶ
2790 2895 3096 2961 δεξιοῦσθαι
3137 2899 3264 2960 τοὺς
3290 2900 3455 2968 ἱερεῖς
3491 2876 3641 2972 παρὰ

2083 2982 2192 3035 τῶν
2249 2983 2473 3048 λαῖκῶν,
2524 2988 2581 3038 ὲν
2624 2981 2707 3049 οἷς
2750 2981 2896 3040 οὗτοι
2938 2987 3184 3041 θέλουσιν
3230 2990 3399 3042 είδεσί
3449 3009 3503 3043 τε
3549 2992 3643 3044 καὶ

2086 3076 2393 3144 πράγμασι.
2475 3077 2562 3139 Ὠς
2617 3078 2758 3131 ἔοικε
2812 3078 2869 3131 δὲ
2908 3079 2998 3131 διὰ
3047 3078 3145 3149 τὴν
3189 3083 3642 3153 κρατήσασανίέν

411 3168 563 3235 mile,
638 3182 861 3243 propter
930 3180 1380 3236 consuetudinem
1430 3199 1550 3254 qua:
1598 3186 1651 3240 in
1699 3187 1973 3246 Armeniis

2097 3167 2399 3236 Ἀρμενίοις
2434 3169 2720 3238 συνήθειαν
2759 3159 3032 3222 ἐνέδωκαν
3078 3167 3158 3223 οί“
3185 3172 3426 3243 Πατέρες
3477 3193 3645 3243 προσ-

415 3260 667 3329 obtinuit,
704 3280 1088 3323 concesserunt
1134 3275 1309 3328 sancti
1344 3275 1554 3342 Patres,
1592 3290 1651 3333 ut
1707 3282 1829 3336 laici
1887 3298 1977 3338 sa-

415 3351 733 3408 cerdotibus
782 3356 1040 3413 offerrent
1106 3378 1226 3430 quae
1276 3363 1375 3433 ipsi
1425 3360 1642 3424 vellent.
1673 3373 1826 3439 Apud
1875 3390 1976 3428 nos

415 3444 560 3498 enim
591 3461 750 3503 nemo
782 3452 995 3520 cogitur
1027 3453 1233 3524 aliquid
1267 3457 1576 3527 huiusmodi
1632 3463 1823 3520 facere.
1881 3466 1975 3520 Di-

416 3539 556 3592 xerit
587 3551 766 3596 autem
803 3546 1095 3615 quispiam,
1128 3552 1424 3618 quomodo,
1472 3570 1592 3610 cum
1642 3574 1812 3612 canon
1868 3570 1977 3615 tra-

412 3642 526 3689 etet
551 3635 619 3690 de
646 3636 858 3695 duobus
882 3656 1003 3711 quae
1032 3642 1084 3696 in
1109 3647 1483 3702 Armeniorum
1509 3651 1724 3719 regione
1756 3654 1973 3721 fiebant,

414 3725 482 3781 de
514 3730 815 3797 coquenﬂis
850 3734 1063 3790 scilicet
1112 3740 1359 3793 carnium
1398 3744 1655 3799 membris
1712 3747 1761 3800 in
1793 3728 1973 3815 altari,

413 3829 467 3874 et
500 3820 567 3875 de
593 3821 784 3880 frustis
832 3827 1205 3885 sacerdotibus
1262 3831 1312 3885 in
1369 3833 1613 3888 Ecclesia
1663 3836 1973 3907 oﬂ‘erendis,

362 3912 367 3921 '
416 3912 587 3968 solam
618 3917 862 3970 carnium
895 3918 950 3972 in
991 3918 1235 3997 Ecclesia,
1262 3923 1588 3980 oblationem
1627 3926 1815 3987 Patres
1845 3948 1972 4002 pro-

414 4004 748 4061 hibuerunt?
778 4007 1017 4065 Salutio.
1050 4009 1105 4065 In
1136 4013 1403 4070 altaribus
1450 4017 1698 4073 carnium
1735 4025 1973 4079 membra

412 4110 648 4166 coquere
680 4100 824 4170 apud
854 4100 1196 4157 Christianos
1229 4114 1315 4159 est
1346 4111 1570 4164 omnino
1616 4112 1971 4181 prohibitum,

411 4203 476 4243 ex
509 4206 616 4261 quo
640 4206 736 4261 per
768 4194 1022 4249 animalia
1055 4197 1288 4251 cessavit
1318 4203 1649 4257 sacrilicium
1678 4221 1692 4261 :
1748 4218 1799 4261 et
1842 4223 1973 4276 pro-

411 4291 596 4351 pterea
627 4285 695 4340 de
724 4301 790 4339 eo
822 4287 1073 4344 Patribus
1108 4289 1290 4344 dicere
1322 4308 1426 4345 non
1462 4295 1668 4361 placuit
1697 4316 1710 4351 :
1748 4300 1889 4353 unde
1919 4308 1973 4354 et.

411 4375 480 4429 de
511 4376 641 4431 solis
689 4377 897 4445 frustis,
950 4395 1069 4449 qum
1122 4383 1500 4439 sacerdotibus
1533 4386 1853 4452 offeruntur,
1888 4391 1970 4445 lex

412 4468 730 4530 constituit;
765 4486 955 4541 nempe
984 4488 1106 4526 cum
1134 4474 1200 4527 de
1235 4489 1299 4528 eo
1332 4475 1503 4529 solum
1534 4482 1709 4549 capite
1746 4484 1972 4551 quaestio

410 4561 661 4617 instituta
693 4574 861 4619 esset.

479 4741 734 4800 ZONAR.
793 4739 1143 4802 Hebrzeorum
1199 4751 1472 4817 instituto,
1523 4754 1832 4826 quicunque
1882 4773 1969 4811 sa-

409 4833 768 4902 criﬁcaverat,
800 4846 853 4889 et
887 4847 1120 4891 mactato
1152 4841 1369 4894 animali
1403 4847 1771 4910 pectusculnm
1808 4848 1969 4902 alias~

408 4942 516 4996 que
569 4928 814 4996 ejusdem
874 4930 1129 4985 animalis
1178 4934 1498 5002 particulas,
1554 4951 1660 4989 non
1717 4938 1835 4992 sine
1875 4954 1971 4993 sua

410 5020 650 5089 quidque
674 5021 881 5076 ratione
908 5018 1239 5095 latentisque
1266 5030 1512 5097 mysterii
1545 5031 1966 5099 signiﬁcatione,

412 5111 786 5168 sacerdotibus
809 5114 1127 5171 oﬂ'erebant.
1159 5120 1303 5189 Apud
1330 5122 1618 5179 Armenios
1647 5139 1773 5178 vero
1824 5125 1969 5177 nulla

396 5204 626 5269 .quidem
682 5207 937 5261 animalia
964 5209 1419 5279 immolabantur,
1459 5215 1727 5283 siquidem
1765 5215 1851 5266 illa
1884 5231 1972 5268 sa-

412 5297 692 5351 criﬁcandi
741 5300 1078 5355 consuetudo
1112 5303 1548 5360 Christianorum
1577 5306 1784 5374 legibus
1835 5307 1970 5361 sub-

413 5387 521 5444 lata
582 5388 722 5444 fuit:
782 5391 874 5446 sed
910 5394 1052 5447 intra
1096 5398 1269 5451 altare
1300 5398 1541 5452 decoctis
1591 5399 1873 5462 carnibus,
1907 5416 1971 5453 ex

412 5480 481 5536 iis
512 5476 658 5536 certa
711 5498 773 5538 ac
805 5485 1025 5541 deﬁnita
1077 5489 1324 5557 quaedam
1362 5489 1743 5545 sacerdotibus
1778 5492 1971 5559 largie-

414 5574 633 5630 bantur.
672 5577 843 5643 Quam
876 5580 1096 5647 quidem
1130 5582 1607 5649 consuetudinem,
1644 5583 1842 5652 quippe
1873 5582 1970 5637 Ju-

416 5664 656 5723 dzeorum
714 5683 889 5721 mores
947 5666 1122 5722 adhuc
1186 5670 1535 5733 redolentem,
1587 5671 1823 5740 synodus
1874 5670 1974 5723 da-

419 5766 567 5807 mnat
590 5795 606 5820 ,
643 5772 705 5809 ac
738 5773 928 5812 carnes
973 5760 1192 5828 quidem
1251 5762 1303 5815 in
1334 5760 1570 5815 Ecclesia
1596 5776 1852 5830 coquere,
1882 5771 1975 5816 aut

419 5844 476 5897 in
509 5846 694 5900 eadem
739 5848 956 5903 definita
994 5851 1083 5905 illa
1136 5853 1505 5909 sacerdotibus
1551 5850 1731 5906 oﬂ‘erri
1786 5860 1969 5909 vetat:

2082 3259 2235 3325 ἀγειν
2271 3261 2396 3323 τοὺς
2430 3261 2647 3325 λαῖκοὺς
2698 3265 2807 3325 τοῖς
2853 3262 3057 3332 ἱερεῦσι
3092 3265 3157 3317 τὰ
3206 3266 3390 3330 αὐτοῖς
3421 3269 3638 3336 αἱρετά.

2084 3351 2220 3422 Παρ’
2273 3354 2405 3422 ἡμῖν
2460 3353 2567 3423 γὰρ
2629 3354 2806 3417 οὐδεὶς
2863 3355 3233 3429 ἀναγκάζεται
3288 3358 3532 3412 τοιοῦτόν
3584 3378 3639 3413 τι

2082 3446 2275 3498 ποιεῖν.
2308 3445 2464 3497 Είποι
2493 3444 2549 3497 δέ
2584 3462 2690 3507 τις,
2726 3445 2843 3507 πῶς
2873 3445 2965 3497 τοῦ
2998 3446 3221 3508 κανόνος
3247 3446 3640 3515 διαλαμϐάνον-

2078 3551 2176 3599 τας
2206 3536 2335 3608 περὶ
2378 3537 2470 3591 δύο
2515 3537 2676 3591 τινῶν
2718 3539 3021 3608 γινομένων
3047 3539 3128 3602 είς
3157 3539 3258 3609 τὴν
3296 3540 3480 3610 χώραν
3528 3542 3639 3593 τῶν

2092 3630 2415 3701 Ἀρμενίων,
2447 3631 2615 3701 ἤγουν
2650 3633 2779 3702 περὶ
2803 3632 2896 3685 τοῦ
2931 3632 3159 3703 ἕψεσθαι
3206 3634 3338 3703 μέλη
3368 3635 3547 3703 κρεῶν
3578 3637 3639 3689 ἐν

2077 3724 2189 3785 τοῖς
2220 3720 2654 3797 θυσιαστηρίοις,
2686 3723 2778 3774 καὶ
2809 3721 3058 3792 περὶτοῦ
3093 3723 3242 3783 ἐντὸς
3273 3723 3369 3792 τῆς
3408 3723 3640 3792 Ἐκκλη-

2078 3814 2202 3876 σίας
2241 3814 2620 3884 προσάγεσθαι
2651 3815 2763 3876 τοῖς
2790 3812 3033 3883 ἱερεῦσιν
3065 3813 3422 3883 ἁφαιρέματα
3464 3815 3639 3879 κάτω,

2079 3907 2249 3977 μόνην
2289 3905 2389 3978 τὴν
2434 3906 2518 3960 ἐπ’
2562 3906 2855 3977 ἐκκλησίας
2911 3910 3273 3976 προσαγωγὴν
3304 3909 3417 3960 τῶν
3455 3909 3638 3978 κρεῶν

2075 4003 2124 4054 οἱ
2148 4000 2390 4066 Πατέρες
2418 4000 2731 4066 ἐκώλυσαν;
2764 3999 2976 4065 Λύσις.
3008 4000 3080 4053 Τὸ
3111 4001 3168 4053 ἐν
3198 4002 3310 4063 τοῖς
3339 4003 3641 4070 θυσιαστη-

2078 4096 2214 4164 ρίοις
2253 4093 2388 4162 μέλη
2414 4093 2592 4164 κρεῶν
2619 4092 2868 4161 ἕψεσθαι,
2900 4093 3078 4161 πάντη
3102 4091 3254 4161 παρὰ
3288 4094 3638 4162 Χριστιανοῖς

2074 4185 2471 4256 ἀπηγόρευται,
2507 4184 2689 4251 ὲξότου
2718 4185 2749 4255 ἡ
2776 4182 2863 4237 διὰ
2891 4184 2999 4237 τῶν
3026 4182 3179 4248 ζώων
3206 4184 3415 4253 ἐπαύθη
3450 4184 3637 4248 θυσία,

2074 4281 2168 4331 καὶ
2192 4279 2280 4331 διὰ
2305 4279 2461 4331 τοῦτο
2499 4279 2677 4331 εἰπεῖν
2718 4278 2847 4347 περὶ
2886 4278 3052 4331 αὑτοῦ
3084 4280 3195 4342 τοῖς
3224 4278 3515 4347 Πατράσιν
3535 4278 3638 4330 οὐκ

2074 4372 2255 4441 ἔδοξεν
2279 4390 2292 4403 ·
2320 4372 2443 4425 ὅθεν
2470 4371 2564 4425 καὶ
2593 4371 2721 4439 περὶ
2747 4371 2926 4441 μόνων
2955 4371 3065 4425 τῶν
3100 4371 3494 4441 ἀφαιρεμάτων
3526 4372 3640 4425 τῶν

2073 4440 2187 4529 ἒτοῖς
2223 4465 2427 4535 ἱερεῦσι
2454 4465 2885 4532 προσαγομένων
2913 4464 2945 4533 ἡ
2990 4462 3329 4532 θεσμοθεσία
3369 4464 3593 4530 γέγονεν
3620 4504 3636 4527 ,

2003 4585 2049 4642 D
2077 4560 2151 4621 ὡς
2209 4560 2401 4612 τούτου
2454 4559 2596 4628 τάχα
2646 4556 2739 4609 τοῦ
2790 4556 3088 4624 κεφαλαίου
3124 4556 3208 4617 ἐἰς
3238 4556 3319 4609 ἔτι
3347 4558 3639 4618 πίπτοντος

2074 4653 2213 4721 ὑπὲρ
2256 4652 2500 4722 ζήτησιν.

2145 4746 2386 4797 ΖΩΝΑΡ.
2442 4747 2502 4797 Οἱ
2558 4746 2775 4809 θύοντες
2808 4745 2957 4815 παρὰ
3024 4742 3296 4805 Ἰουδαίοις
3361 4744 3639 4811 προσῆγον

2073 4839 2186 4899 τοῖς
2217 4838 2456 4906 ἱερεῦσιν
2487 4840 2549 4890 ἐκ
2576 4837 2670 4890 τοῦ
2708 4838 3009 4907 τεθυμένον
3043 4836 3182 4899 ζώου
3229 4836 3289 4887 τὸ
3329 4836 3638 4902 στηθύνιον,

2075 4931 2169 4982 καὶ
2215 4930 2378 5003 ἕτερα
2424 4930 2518 4984 τοῦ
2570 4929 2710 4993 ζώου
2758 4931 2897 5001 μέρη
2932 4930 2965 4984 ἃ
2993 4930 3086 4983 καὶ
3133 4928 3325 4995 λόγους
3366 4924 3530 4997 εἶχον,
3568 4929 3636 4979 δι’

2074 5021 2169 5085 οὒς
2201 5025 2564 5094 προσήγοντο,
2601 5024 2697 5076 καὶ
2724 5023 3048 5091 ἁναγωγάς.
3088 5022 3244 5089 Παρὰ
3276 5021 3332 5073 δὲ
3360 5024 3469 5083 τοῖς
3509 5022 3635 5089 Ἀρ-

2078 5114 2284 5183 μενίοις
2311 5112 2466 5177 ζώων
2499 5115 2596 5182 μὲν
2634 5114 2815 5168 θυσίαι
2858 5115 2957 5168 οὐκ
3010 5115 3369 5182 ὲπράττοντο,
3414 5114 3535 5165 ἐπεὶ
3574 5113 3637 5164 τὸ

2077 5207 2191 5270 ζῶα
2225 5206 2526 5276 προσάγειν
2560 5208 2639 5270 εἰς
2681 5206 2877 5260 θυσίαν
2929 5207 3310 5275 ἀπηγόρευται
3345 5209 3456 5267 τοῖς
3498 5206 3637 5273 Χριε

2078 5301 2312 5361 στιανοῖς
2347 5317 2360 5329 '
2394 5300 2617 5369 ἕψοντες
2648 5300 2703 5352 δὲ
2733 5300 2872 5367 κρέα
2900 5298 2993 5351 τοῦ
3030 5299 3424 5368 θυσιαστηρίου
3461 5298 3636 5361 ἐντὸς,

2076 5389 2138 5455 ἐξ
2163 5393 2387 5444 ἐκείνων
2438 5392 2718 5462 προσῆγον
2764 5394 2876 5454 τοῖς
2912 5390 3149 5459 ἱερεῦσιν
3183 5391 3465 5460 ὡρισμένα
3495 5393 3636 5442 τινά.

2078 5484 2254 5552 Ὅπερ
2283 5482 2358 5544 ὡς
2392 5482 2678 5535 Ἰουδαϊκὸν
2724 5482 2924 5534 κωλύει
2956 5482 2988 5551 ἡ
3021 5481 3236 5542 σύνοδος
3264 5500 3277 5512 ·
3309 5482 3403 5535 καὶ
3437 5483 3495 5533 τὸ
3540 5480 3640 5547 μὲν

2074 5573 2225 5643 ἕψειν
2252 5575 2309 5626 ἐν
2341 5574 2608 5644 ἐκκλησίᾳ
2630 5615 2646 5638 ,
2681 5574 2712 5645 ἢ
2762 5573 3042 5643 ὡρισμένα
3074 5575 3374 5644 προσάγειν
3404 5576 3461 5625 ἐν
3501 5575 3636 5642 αὑτῇ

2075 5668 2190 5727 τοῖς
2244 5665 2486 5735 ἱερεῦσιν
2528 5666 2864 5735 ἀπαγορεύει
2894 5684 2906 5695 ·
2942 5668 3000 5717 τὸ
3031 5667 3087 5719 δὲ
3119 5668 3416 5736 προσάγειν
3451 5667 3639 5729 αὐτοῖς

2074 5756 2163 5812 οἷα
2194 5761 2287 5810 καὶ
2315 5759 2413 5811 ὅσα
2442 5762 2491 5810 οἱ
2532 5760 2901 5828 προσάγοντες
2952 5760 3254 5827 βούλονται,
3281 5763 3386 5824 ἔξω
3424 5762 3519 5827 τῆς
3544 5760 3639 5810 ὲκ-

2078 5852 2307 5922 κλησίας
2336 5852 2523 5920 ἐφίησι
2551 5866 2561 5878 ·
2603 5852 2697 5903 καὶ
2729 5851 2887 5904 τοῦτο
2916 5852 2969 5904 δὲ
3018 5854 3227 5918 πάντως
3259 5853 3344 5906 διὰ
3380 5855 3473 5921 τὴν
3506 5869 3638 5922 κτα-
