4062 6470
488 413 587 477 861

1524 419 1605 479 IN
1646 420 1815 481 CAN.
1855 422 1894 481 C
1934 423 2139 488 CONC.
2174 428 2251 489 ΙΝ
2294 430 2619 491 TRULLO.

3613 425 3718 489 862

484 525 735 592 τήσασαν
770 526 900 595 παρ’
932 526 1156 590 ἐκείνοις
1187 528 1479 599 συνήθειαν
1502 530 1709 598 ἐφῆκεν
1739 531 1771 600 ἡ
1809 529 2027 592 σύνοδος

2163 536 2465 603 promiscue
2502 552 2633 591 vero
2665 552 3002 607 quzrcunque
3033 537 3250 591 demum
3282 534 3570 587 oderentes
3605 551 3716 583 ma-

497 616 881 701 ’Λφαίρεμαδὲ
909 618 969 668 τὸ
1001 620 1406 688 προσαγόμενον
1448 619 1681 688 λέγεται,
1712 620 1786 683 ὡς
1824 620 1887 673 ἐκ
1946 619 2039 672 τοῦ

486 707 608 760 ὅλου
636 707 872 777 θύματος
906 709 1039 778 ἁφαι
1048 711 1142 778 ρού
1153 728 1336 779 μενον.

2147 623 2347 709 lueriut
2397 634 2550 679 extra
2605 627 2897 680 Ecclesiam
2961 625 3242 686 oderendi,
3284 624 3445 690 idque
3493 635 3715 690 prorsus

2166 719 2431 770 nveterati
2465 718 2608 788 apud
2642 733 2736 773 eos
2773 719 2941 771 moris
2980 719 3159 772 habita
3209 719 3443 778 ratione,
3478 723 3716 783 potestn-

400 868 411 881 ο
484 813 591 857 tem
624 804 773 860 facit.
804 805 905 860 Per
945 807 1251 877 Ἀφαίρεμα
1280 823 1442 875 porro
1473 808 1526 862 id
1558 810 1697 876 quod
1741 808 2026 864 olTerentes
2064 807 2370 883 largiuntur
2406 813 2632 884 intelligi
2666 814 2849 878 debet,
2883 830 2943 867 ex
2972 828 3036 867 eo
3072 813 3298 878 scilicet,
3332 810 3473 881 quod
3506 824 3536 861 a
3603 818 3716 861 toto

483 900 704 951 mactati
741 899 991 951 animalis
1021 916 1246 968 corpore
1277 901 1614 956 abstractum
1648 902 1739 965 sit,
1793 902 2148 971 appellatione
2176 900 2427 959 deducta.

483 991 710 1044 ΑΡΙΣΤ.
774 1011 792 1041 ‹
842 992 1148 1055 Ἰουδαϊκῶς
1187 1012 1329 1058 τινες
1359 997 1415 1047 ἐν
1451 998 1616 1065 ἱεροῖς
1652 997 1839 1066 ἕψουσι
1885 998 2042 1067 κρέα.

564 1104 581 1133 ι
637 1085 734 1145 Ὃς
771 1084 929 1137 τοῦτο
969 1084 1060 1138 οὖν
1122 1089 1567 1159 συγχωρήσειεν,
1618 1090 1649 1159 ἦ
1708 1089 1845 1161 λάϐῃ
1886 1108 1937 1141 τι
1987 1090 2044 1155 ἐξ

566 1194 579 1208 ν
625 1175 829 1237 αὐτῶν,
890 1176 987 1246 οὐχ
1035 1178 1213 1247 ἱερεύς
1254 1197 1266 1210 ⁸
1316 1183 1362 1232 εξ
1394 1181 1449 1234 δέ
1491 1199 1576 1243 τις
1612 1182 1825 1234 οἴκοθεν
1883 1181 2041 1248 ἄγοι,

559 1289 576 1320 ι
626 1269 709 1320 ὅδε
744 1270 886 1322 κατὰ
919 1270 982 1322 τὸ
1017 1271 1250 1340 ἀρέσκον
1280 1272 1357 1342 τῷ
1406 1275 1738 1342 προσάγοντι
1793 1273 2004 1327 λαϐέτω
2025 1313 2039 1338 ,

561 1381 580 1413 ι
629 1361 733 1426 ἔξω
806 1363 903 1431 τῆς
972 1364 1270 1434 ἐκκλησίας
1336 1366 1626 1437 γινομένης
1692 1366 1793 1436 τῆς
1870 1384 2037 1437 προσ-

557 1473 575 1504 ι
623 1455 866 1525 αγωγῆς.
896 1476 914 1508 ι

554 1547 711 1611 Τινὲς
763 1551 820 1601 ἐν
872 1552 937 1619 τῇ
986 1551 1095 1604 τῶν
1137 1552 1442 1621 Ἀρμενίων
1490 1552 1645 1622 χώρᾳ
1682 1553 1816 1622 μέλη
1864 1552 2042 1621 κρεῶν

483 1643 705 1711 ἕψοντες
744 1646 800 1695 ὲν
827 1646 941 1706 τοῖς
970 1645 1133 1715 ίεροῖς
1163 1644 1333 1706 οἴκοις
1361 1645 1654 1714 προσῆγον,
1687 1644 2043 1715 ἀφωρισμένα

480 1733 601 1785 τινὰ
644 1733 849 1786 τούτων
899 1738 1011 1798 τοῖς
1051 1733 1288 1804 ἱερεῦσιν
1365 1735 1673 1798 Ἰουδαϊκῶς
1732 1735 2037 1797 ποιοῦντες.

492 1826 664 1881 Τοῦτο
694 1827 824 1895 γοῦν
863 1829 911 1880 οἰ
940 1830 1181 1899 Πατέρες
1212 1829 1475 1899 μαθόντες
1508 1830 1811 1898 γινόμενον,
1859 1829 2036 1882 κωλύ-

2145 996 2372 1055 ARIST.
2416 1020 2433 1053 ι
2466 1004 2722 1057 nonnulli
2760 1018 2913 1077 more
2944 1000 3171 1056 Judaieo
3196 1014 3391 1053 carnes
3416 1013 3470 1050 tn
3496 995 3713 1063 templis

2218 1110 2234 1140 ι
2266 1106 2526 1161 coquunt.
2562 1095 2663 1159 Qui
2698 1095 2860 1162 igitur
2910 1094 3011 1147 hoc
3051 1092 3386 1162 permiserit,
3434 1091 3516 1144 vel
3550 1090 3711 1158 quip-

2215 1207 2232 1237 ι
2269 1187 2408 1256 piam
2458 1204 2522 1241 ex
2556 1189 2663 1242 illis
2692 1185 2983 1265 acceperit,
3034 1198 3137 1236 ιιοιι
3189 1191 3273 1235 est
3308 1182 3586 1233 habendus
3619 1196 3710 1234 sa-

2217 1304 2233 1334 ι
2271 1282 2505 1337 cerdos:
2543 1282 2587 1335 si
2616 1282 2739 1349 quis
2767 1287 2944 1333 autem
2976 1292 3074 1330 sua
3104 1286 3298 1345 sponte
3326 1273 3538 1336 offeret,
3569 1275 3708 1342 ipse,

2215 1398 2232 1428 ι
2266 1375 2410 1445 quod
2469 1371 2727 1428 offerenti
2784 1371 3071 1442 placuerit,
3126 1368 3376 1436 accipiat,
3433 1366 3709 1419 oblatimie

2216 1483 2234 1526 ὰ
2264 1485 2415 1529 extra
2447 1471 2732 1526 ecclesiam
2767 1469 2932 1521 facta.
2969 1484 2987 1516 ι

2210 1566 2443 1633 Quidam
2477 1566 2529 1618 in
2579 1561 2956 1617 Armeniorum
2993 1558 3214 1627 regione
3250 1554 3498 1609 carnium
3536 1566 3707 1604 mem-

2139 1661 2238 1717 bra
2286 1666 2580 1727 coquentes
2634 1656 2686 1709 in
2741 1653 2913 1707 sacris
2963 1650 3173 1704 aedibus
3220 1645 3539 1705 offerebant,
3572 1656 3707 1696 nou-

2144 1752 2292 1827 nulla
2316 1765 2501 1805 eorum
2529 1754 2776 1814 separata
2805 1742 3118 1797 Iudaeorum
3151 1754 3301 1793 more
3322 1734 3705 1790 sacerdotibus

2144 1845 2551 1900 distribuentes.
2586 1839 2697 1893 lloc
2741 1838 2926 1905 itaque
2961 1835 3160 1888 factum
3197 1830 3369 1884 fuisse
3401 1827 3710 1896 intelligen-

480 1936 600 1972 ουσι
628 1918 909 1986 γίνεσθαι,
942 1922 1036 1973 καὶ
1074 1923 1500 1989 προστάττουσι,
1551 1923 1624 1993 μὴ
1670 1924 1869 1989 ἐξεῖναι
1925 1926 2035 1987 τοῖς

2143 1946 2224 1992 tes
2246 1935 2458 2000 Patres,
2490 1933 2725 2002 amplius
2759 1930 2870 1984 ﬁeri
2914 1925 3231 1998 prohibent,
3257 1921 3563 1992 jubentque
3592 1932 3702 1970 nou

482 2010 720 2080 ίερεῦσιν
752 2012 1035 2082 ὡρισμένα
1065 2014 1198 2083 μέλη
1230 2015 1409 2084 κρεῶν
1431 2015 1703 2079 ἀπαιτεῖν,
1739 2014 1857 2068 ἀλλ’
1888 2016 2033 2069 ὲκεί-

478 2119 591 2164 νοις
618 2105 930 2172 ἀρκεῖσθαι,
977 2099 1058 2167 οίς
1100 2107 1392 2175 ἀρέσκεται
1423 2108 1449 2159 ὁ
1481 2107 1773 2177 προσάγων
1795 2125 1808 2138 ο
1848 2107 1944 2177 τὴν
1978 2108 2035 2161 δὲ

477 2196 845 2266 προσαγωγὴν
876 2198 1084 2251 τούτων
1115 2200 1219 2264 ἔξω
1253 2202 1351 2270 τῆς
1393 2202 1691 2273 ἐκκλησίας
1746 2202 1993 2271 γίνεσθαι
2020 2219 2034 2235 ·

478 2292 526 2342 εἰ
557 2290 611 2341 δὲ
648 2291 743 2360 μὴ,
770 2292 1126 2361 ἀφορίζεσθαι
1158 2295 1249 2346 τὸν
1283 2294 1465 2358 ἄλλως
1508 2293 1786 2350 ποιοῦντα.

1066 2386 1304 2439 ΚᾹΝΩΝ
1355 2389 1428 2442 Ρ’.

480 2493 501 2526 ι
551 2477 613 2529 ΟΖ
644 2477 936 2545 ὀφθαλμοί
972 2494 1086 2532 σου
1118 2481 1261 2547 ὀρθὰ
1282 2480 1700 2544 βλεπέτωσαν,
1724 2480 1844 2535 καὶί
1866 2482 2031 2550 πάσῃ
2088 2462 2091 2469 ’

555 2585 571 2615 ι
617 2567 860 2635 φυλακῇ
892 2567 1053 2635 τήρει
1084 2569 1209 2635 σὴν
1235 2569 1503 2637 καρδίαν,
1545 2591 1562 2621 ι
1602 2572 1634 2635 ἡ
1668 2570 1833 2637 Σοφία
1854 2570 2034 2623 διακε-
2100 2607 2112 2617 .

548 2677 568 2709 ί
614 2659 829 2713 λεύετῖι
857 2677 873 2695 ’ν
908 2661 1105 2732 ῥᾳδίως
1143 2646 1250 2733 γάρ
1278 2662 1345 2715 τὰ
1378 2663 1585 2717 ἑαυτῶν
1610 2664 1702 2717 ἐπὶ
1726 2664 1824 2733 τὴν
1856 2662 2033 2733 ψυχὴν

549 2770 568 2802 ι
614 2753 670 2803 αἰ
706 2754 797 2805 τοῦ
834 2756 1086 2824 σώματος
1112 2744 1389 2824 αἰσθήσεις
1420 2757 1768 2826 εἰσκρίνουσι,
1805 2756 1916 2819 Τὰς
1940 2757 2032 2809 οὖν

551 2863 569 2896 ι
616 2847 716 2913 τὴν
744 2846 935 2914 ὅρασιν
970 2846 1478 2917 καταγοητευούσας
1535 2849 1773 2916 γραφάς,
1834 2850 1943 2901 εἴτε
1976 2853 2031 2901 ὲν

554 2958 570 2989 ι
622 2938 840 3003 πίναξιν
872 2940 983 2990 εἴτε
1016 2938 1187 3001 ἄλλως
1214 2957 1331 3002 πως
1357 2940 1773 3008 ἁνατιθεμένας,
1817 2942 1909 2993 καὶ
1941 2940 2031 2992 τὸν

545 3052 563 3083 ι
608 3032 731 3085 νοῦν
784 3032 1115 3102 φθειρούσας
1164 3034 1257 3086 καὶ
1310 3033 1742 3102 κινούσαςνπρὸς
1797 3037 1863 3086 τὰ
1924 3035 2030 3086 τῶν

549 3145 568 3177 ί
620 3125 861 3196 αἰσχρῶν
898 3126 1101 3195 ἡδονῶν
1140 3126 1570 3196 ὑπεκκαύματα,
1609 3126 1858 3197 οὐδαμῶς
1924 3126 2031 3179 ἀπὸ

548 3237 567 3270 σ
612 3202 704 3271 τού
747 3217 841 3271 νῦν
868 3218 1163 3287 οἰῳδήποτε
1197 3218 1383 3288 τρόπῳ
1409 3220 1825 3288 προστάσσομεν
1867 3222 2030 3288 ὲγχα-

548 3335 565 3364 ι
617 3311 909 3382 ράττεσθαι
936 3278 951 3341 ;
984 3278 1032 3365 εἰ
1063 3312 1118 3363 δέ
1153 3278 1246 3374 τις¹
1266 3278 1425 3365 τοῦ-το
1454 3278 2028 3389 πράττειν-ἐπιχειρή-
2054 3278 2103 3343 c

545 3426 563 3458 ε
616 3424 718 3471 σοι,
748 3405 1115 3474 ἀφοριζέσθω.

538 3500 732 3551 ΒΛΛΣ.
767 3496 963 3569 Πρώτη
989 3498 1097 3551 τῶν
1119 3497 1425 3567 αἰσθήσεων
1459 3486 1490 3565 ἦ
1539 3495 1725 3567 ὅρασίς
1747 3497 1881 3559 ἐστι,
1934 3500 2029 3548 καὶ

466 3593 756 3661 ὀφείλομεν
778 3593 867 3646 διὰ
889 3593 1092 3661 ταύτης
1124 3592 1217 3645 ἐπὶ
1248 3594 1353 3645 πᾶν
1387 3592 1591 3660 ἀγαθὸν
1617 3590 1948 3659 ὀδηγεῖσθαι·
1967 3590 2026 3641 οὐ

472 3689 580 3756 μὴν
603 3687 667 3739 δι’
694 3686 862 3751 αὐτῆς
896 3688 1037 3738 κατὰ
1072 3686 1163 3738 τὸν
1200 3688 1520 3755 προπάτορα
1572 3684 1880 3755 προδιδόναι
1931 3683 2028 3740 τὰς

466 3780 680 3842 ἐντολὰς
704 3779 796 3832 τοῦ
815 3778 967 3832 Θεοῦ.
997 3797 1014 3829 ι
1057 3773 1175 3830 Είδε
1200 3777 1327 3847 γὰρ,
1372 3797 1391 3829 ι
1420 3778 1552 3849 φησὶ
1605 3778 1875 3837 κάκεῖνος,
1916 3795 1934 3827 ι
1967 3776 2027 3827 τὸ

468 3870 630 3940 φυτὸν
649 3870 724 3933 ὡς
744 3868 960 3939 ὡραῖον,
988 3870 1078 3921 καὶ
1096 3867 1369 3937 ἠπατήθη,
1397 3868 1491 3920 καὶ
1507 3866 1811 3935 ἕφαγε,’κα“ι
1833 3864 1910 3934 τῷ
1936 3864 2028 3916 θα-

465 3966 611 4031 νάτῳ
628 3959 877 4026 ὑπόδὶκος
898 3964 1140 4032 γέγονεν.
1155 3982 1172 4013 ι
1209 3960 1360 4025 Ἐπεὶ
1382 3962 1557 4016 τοίνυν
1582 3961 1725 4024 τινὲς
1743 3962 2023 4030 ἐρωτομα-

466 4056 703 4123 νοῦντες,
724 4058 816 4109 καὶ
834 4059 959 4127 περί
977 4057 1077 4126 τὴν
1109 4056 1613 4127 βιοτὴν’ἀδιάφοροι,
1642 4058 1698 4107 ὲν
1723 4054 1958 4121 πίναξιν,
1989 4054 2022 4124 ἢ

467 4150 524 4200 ἐν
555 4147 778 4215 τείχοις,
818 4148 851 4218 ἢ
879 4148 936 4198 ὲν
969 4145 1149 4205 ἄλλοις
1188 4147 1329 4198 τισὶν
1354 4146 1553 4198 εἴδεσιν
1594 4145 1860 4209 εἰκόνιζον
1890 4147 2025 4216 ἐρω-

464 4237 624 4300 τίδια,
655 4238 687 4307 ἢ
713 4238 805 4290 καί
834 4255 954 4290 τινα
989 4236 1226 4307 μυσαρὰ,
1249 4238 1396 4298 ὅπως
1419 4236 1516 4300 τὰς
1548 4239 1818 4305 σαρκικάς
1848 4235 2025 4289 αὐτῶν

465 4328 761 4398 ἐπιθυμίας
795 4328 884 4381 διὰ
920 4329 1020 4397 τῆς
1055 4328 1191 4397 πρὸς
1214 4327 1385 4381 ταῦτα
1408 4328 1650 4395 ὁράσεως
1681 4328 2024 4395 ὲκπεραίνω-

470 4438 576 4486 σιν,
617 4420 825 4489 ὥρισαν
852 4421 899 4471 οἰ
925 4421 1070 4487 amt
1098 4418 1358 4490 Πατέρες,
1389 4419 1723 4489 χρησάμενοι
1758 4420 1852 4472 καὶ
1884 4436 2019 4489 μαρ-

463 4513 677 4583 τυρίαις
699 4515 1020 4581 γραφικαῖς,
1051 4506 1309 4581 σχο)άσαι
1345 4509 1519 4562 ταῦτα
1546 4512 1911 4577 παντάπασιν,
1948 4512 2023 4574 ὡς

2138 2030 2303 2083 licere
2335 2024 2712 2082 sacerdotibus
2744 2030 2992 2090 separata
3026 2017 3275 2071 carnium
3334 2012 3703 2073 membrare-

2141 2135 2385 2191 poscere,
2442 2118 2551 2187 sed,
2592 2117 2699 2171 illis
2731 2114 3081 2183 acquiescere
3118 2123 3238 2177 quae
3286 2103 3534 2159 oﬂ'erenti
3584 2101 3700 2170 pla-

2137 2226 2295 2279 cent;
2348 2226 2534 2266 eorum
2601 2217 2777 2263 autem
2833 2206 3163 2267 oblationem
3219 2208 3370 2255 extra
3420 2194 3703 2251 ecclesiam

2138 2306 2252 2360 fieri
2280 2322 2293 2357 :
2352 2303 2436 2358 sin
2469 2302 2670 2363 minus,
2716 2296 2987 2367 segregari
3027 2294 3214 2356 istum,
3243 2290 3335 2360 qui
3364 2289 3519 2342 aliter
3553 2284 3702 2339 facit.

2664 2408 2828 2478 279
2858 2403 3082 2460 CANON
3118 2403 3180 2457 c.

2140 2528 2157 2559 ι
2219 2506 2372 2561 Oculi
2442 2504 2517 2558 tui
2591 2512 2738 2558 recta
2786 2499 3087 2567 aspiciant,
3144 2504 3196 2548 et
3255 2494 3401 2548 omni
3459 2489 3703 2547 custodia

2210 2619 2228 2651 ι
2277 2611 2431 2653 serva
2475 2612 2569 2650 cor
2619 2602 2770 2647 tuum
2828 2591 2894 2655 ",
2951 2589 3103 2659 jubet
3158 2582 3429 2663 Sapientia
3464 2601 3478 2649 ;
3512 2596 3705 2655 corpo-

2210 2713 2226 2743 ι
2283 2692 2357 2746 ris
2407 2689 2551 2743 enim
2599 2700 2792 2739 sensus
2846 2697 2943 2737 sua
2999 2679 3152 2733 facile
3219 2679 3273 2730 in
3327 2676 3561 2730 animam
3617 2675 3699 2726 in-

2164 2804 2230 2837 .‹
2296 2781 2550 2836 fundunt.
2614 2776 2862 2858 Picturas
2918 2786 3069 2840 ergo,
3130 2783 3252 2839 quae
3309 2769 3494 2821 oculos
3566 2779 3703 2833 pra:-

2199 2897 2216 2927 ι
2281 2873 2575 2941 stringunt,
2637 2855 2751 2925 sive
2803 2868 2856 2921 in
2910 2862 3131 2927 tabulis,
3193 2862 3322 2916 sive'
3350 2859 3456 2912 alio
3506 2855 3700 2924 quovis

2201 2988 2218 3019 ι
2279 2969 2435 3021 modo
2489 2964 2636 3026 ﬁant,
2690 2966 3025 3016 et‘mentem
3083 2959 3466 3018 corrumpunt,
3507 2958 3562 3002 et
3628 2946 3696 3000 ad

2166 3080 2218 3111 ιι
2273 3057 2506 3127 turpium
2541 3053 2877 3123 voluptatum
2935 3056 3151 3103 movent
3201 3043 3489 3106 incendia,
3547 3040 3698 3094 nullo

2210 3173 2227 3204 ι
2288 3149 2448 3205 modo
2500 3148 2754 3214 deinceps
2785 3141 3013 3211 exprimi
3042 3140 3312 3209 juliemus.
3345 3134 3401 3188 Si
3444 3133 3564 3201 quis
3601 3146 3697 3183 au-
3770 3200 3777 3203 Α

2209 3265 2227 3293 ι
2266 3252 2372 3301 tem
2403 3243 2507 3297 hoc
2534 3240 2714 3295 facere
2744 3249 3030 3308 aggressus
3074 3231 3257 3296 fuerit,
3292 3228 3615 3296 deponatur.
3655 3239 3675 3271 ι

2200 3507 2396 3562 BALS.
2448 3506 2662 3562 Primus
2712 3514 2970 3558 sensuum
3021 3505 3105 3552 est
3139 3495 3307 3555 visus,
3358 3501 3409 3542 et
3442 3503 3534 3557 per
3567 3500 3691 3540 eum

2130 3602 2388 3658 debemus
2440 3599 2506 3654 ad
2566 3611 2726 3652 omne
2763 3594 2905 3664 quod
2941 3582 3149 3645 bonum
3181 3598 3264 3642 est
3298 3583 3485 3639 deduci
3522 3600 3534 3635 :
3586 3594 3690 3632 non

2130 3704 2310 3749 autem
2343 3707 2436 3761 per
2466 3693 2667 3761 ipsum,
2695 3684 3153 3757 quemadmodum
3182 3688 3235 3733 et
3268 3684 3453 3731 uoster
3484 3673 3692 3741 primus

2129 3795 2301 3858 pater,
2341 3786 2435 3839 Dei
2471 3790 2731 3852 praecepta
2769 3779 3018 3849 prodere.
3051 3772 3197 3826 Vidit
3226 3771 3393 3827 enim.
3436 3765 3610 3834 inquit
3639 3774 3692 3817 et

2128 3881 2239 3946 ille,
2275 3879 2550 3939 arborem,
2581 3872 2725 3945 quod
2757 3871 2981 3943 pulchra
3012 3873 3180 3926 esset,
3210 3871 3263 3917 et
3296 3861 3687 3927 deceptus.est,

2127 3982 2181 4028 et
2233 3970 2489 4034 comedit,
2544 3976 2599 4022 et
2652 3966 2754 4021 sub
2813 3962 3006 4017 mortis
3057 3966 3381 4029 potestatem
3432 3954 3687 4005 redactus

2127 4073 2211 4120 est
2242 4064 2308 4114 “.
2343 4060 2610 4126 Quoniam
2640 4071 2770 4131 ergo
2801 4052 3042 4108 nonnulli
3078 4051 3270 4103 insano
3304 4058 3491 4099 amore
3521 4039 3689 4108 capti,

2126 4167 2179 4212 et
2209 4157 2370 4210 vitam
2407 4152 2761 4221 negligentem
2794 4153 3038 4215 agentes,
3066 4144 3120 4196 in
3153 4139 3373 4201 tabulis,
3410 4134 3492 4187 vel
3520 4131 3685 4195 etiam

2126 4250 2179 4303 in
2229 4244 2549 4317 parietibus,
2584 4240 2667 4295 vel
2702 4239 2755 4293 in
2789 4236 3059 4306 aliquibus
3091 4233 3212 4287 aliis
3256 4230 3443 4291 rebus,
3470 4222 3686 4291 cupidi-

2127 4355 2224 4395 nes
2273 4315 2560 4409 quosdam,
2614 4332 2698 4387 vel
2743 4331 2906 4385 etiam
2942 4328 3045 4382 alia
3082 4324 3298 4395 quidem
3348 4314 3687 4374 exsecranda

2126 4432 2509 4501 depingeliant,
2573 4434 2632 4479 ut
2694 4421 2942 4478 carnales
3000 4433 3129 4473 suas
3206 4412 3527 4483 cupiditates
3587 4421 3682 4476 per

2126 4534 2315 4573 eorum
2382 4523 2659 4585 aspectum
2726 4518 3083 4581 peragerent;
3139 4512 3448 4561 statuerunt
3508 4496 3685 4554 sancti

466 4606 944 4675 καταγοητεύοντα
1005 4606 1125 4672 ἦτοι
1175 4603 1463 4657 ἀπατῶντα
1516 4604 1614 4673 τὴν
1661 4605 1871 4674 ὅρασιν,
1928 4604 2021 4656 καὶ

2132 4614 2340 4673 Patres,
2365 4609 2660 4680 Scriptura;
2705 4620 2922 4675 quoque
2978 4599 3304 4657 testimoniis
3349 4603 3586 4655 utentes,
3621 4603 3683 4642 ea

464 4699 828 4769 εἰσκρίνοντα,
870 4698 988 4767 ἦτοι
1024 4697 1404 4762 εἰσϐάλλοντα,
1444 4696 1522 4759 εἰς
1561 4697 1660 4768 τὴν
1694 4696 1873 4767 ψυχὴν
1917 4693 2035 4750 πᾶν¹

465 4791 588 4842 εἴτι
615 4790 804 4850 κακὸν,
831 4791 923 4843 καὶ
943 4791 1203 4858 παραίτια
1227 4788 1357 4841 ὄντα
1384 4786 1625 4858 αἰσχρῶν
1656 4788 1751 4840 καὶ
1774 4789 2026 4858 ἀσέμνων

466 4882 859 4954 τολμημάτων,
930 4882 1025 4934 καὶ
1063 4881 1483 4951 διαφθειρόντων
1539 4881 1599 4932 τὸ
1658 4878 1779 4932 κατ’
1842 4881 2024 4934 εἰκόνα

463 4975 598 5029 Θεοῦ
629 4993 643 5007 ο
687 4976 813 5035 τοὺς
847 4972 903 5026 δὲ
938 4972 1179 5025 τοιοῦτόν
1225 4990 1278 5025 τι
1321 4973 1696 5042 τολμήσαντας
1723 4969 1845 5023 καθ’
1885 4972 2022 5024 οἰον-

461 5071 649 5138 δήτινα
696 5067 894 5139 τρόπον
950 5064 1284 5127 ὑπευθύνους
1343 5061 1482 5117 εἰναι
1556 5064 1866 5136 ἁφορισμῷ.
1913 5066 2023 5133 Ση-

466 5162 698 5230 μείωσαι
727 5158 884 5211 τοῦτο
913 5175 927 5190 ο
979 5159 1129 5231 παρὰ
1166 5158 1276 5226 γὰρ
1320 5157 1490 5219 οἴκοις
1542 5156 1813 5209 πλουσίων
1862 5157 2022 5224 τινῷν

462 5253 524 5303 ού
563 5251 722 5320 μόνον
775 5250 971 5320 γραφαὶ
1022 5247 1268 5303 τοιαῦται
1299 5248 1391 5300 καὶ
1447 5246 1618 5301 ταῦτα
1654 5250 2022 5319 χρυσόπαστοι

465 5318 604 5410 μετὰ
659 5342 834 5408 πάσης
870 5318 1261 5411 ἀσχημοσύνης
1296 5318 1730 5405 ὲξεικονίζονται,
1756 5342 1888 5396 άλλά
1926 5343 2022 5396 καὶ

461 5433 553 5486 διὰ
589 5434 828 5500 γυψίνων
898 5433 1447 5500 κατασκευασμάτων
1520 5434 2017 5506 στηλογραφοῦνται

457 5526 904 5598 ἀνθρωπόμορφα
932 5528 1306 5597 εἰκονίσματα.

530 5709 772 5763 ΖΩΝΑΡ.
815 5707 1034 5777 Γραφάς
1086 5725 1253 5798 τινες,
1327 5709 1448 5779 ἦτοι
1514 5707 1830 5781 ζωγραφίας
1885 5714 2013 5766 dog-

464 5897 505 5932 δ’
539 5896 697 5955 Prov.
730 5910 802 5959 Iv,
834 5894 922 5951 25.
1001 5894 1043 5927 “
1071 5896 1205 5952 Gen.
1250 5913 1329 5963 ιιι,
1360 5895 1411 5951 6.
2008 5923 2036 5933 -

2128 4706 2351 4761 omnino
2417 4717 2634 4769 cessare
2694 4708 2966 4769 oportere,
3033 4703 3221 4763 utpote
3277 4704 3397 4758 quae
3456 4698 3677 4740 sensum

2126 4799 2509 4868 praestringunt
2552 4808 2649 4849 seu
2685 4793 2897 4855 fallunt,
2927 4796 2981 4841 et
3013 4788 3066 4841 in
3116 4782 3349 4838 animam
3387 4775 3680 4832 infundunt

2123 4906 2215 4944 seu
2248 4888 2544 4941 immittunt
2574 4899 2734 4938 omne
2751 4882 2970 4943 malum,
2992 4879 3345 4947 turpibusque
3372 4880 3424 4929 et
3452 4870 3682 4924 inhone-

2121 4983 2220 5036 stis
2270 4978 2519 5048 inceptis,
2573 4989 2798 5046 quazque
2846 4972 2942 5026 Dei
2975 4972 3261 5041 imaginem
3299 4967 3674 5029 corrumpunt,

2121 5088 2342 5128 causam
2388 5070 2670 5141 praebent:
2699 5083 2792 5121 eos
2822 5075 3023 5129 autem,
3058 5063 3149 5132 qui
3186 5060 3289 5114 tale
3325 5054 3455 5126 quid
3485 5050 3678 5122 quovis

2119 5165 2283 5221 modo
2336 5162 2519 5216 ausuri
2573 5168 2724 5221 sunt,
2786 5172 2906 5211 esse
2967 5150 3327 5224 segregationi
3384 5145 3673 5221 obnoxios.

2118 5257 2253 5312 Nota
2303 5257 2447 5311 hoc:
2512 5255 2567 5307 in
2602 5251 2805 5305 aedibus
2839 5249 2983 5303 enim
3017 5244 3372 5317 quorumdam
3420 5238 3671 5299 divitum,

2118 5365 2225 5404 non
2277 5348 2452 5403 solum
2491 5343 2757 5414 ejusmodi
2801 5343 3048 5414 picturae,
3096 5352 3280 5406 eaaque
3312 5347 3447 5388 auro
3480 5328 3675 5382 distiu—

2121 5448 2242 5502 ctae,
2277 5453 2400 5493 cum
2439 5412 2585 5491 omini
2619 5432 2951 5501 turpitudine
2983 5412 3344 5497 edingunlur;
3379 5422 3473 5479 sed
3506 5419 3669 5474 etiam

2016 5564 2027 5577 ι
2122 5547 2218 5603 per
2248 5545 2473 5602 gypseas
2505 5537 2829 5593 structuras,
2864 5523 3145 5579 hominum
3176 5512 3671 5589 reprazsentatrices

2123 5624 2404 5692 imagines,
2443 5620 2842 5676 describuntur.

2190 5711 2436 5768 ZONAR.
2467 5712 2709 5783 Γραφὰς,
2737 5710 2839 5765 hoc
2867 5713 2951 5763 est
2976 5703 3219 5776 picturas
3247 5698 3433 5756 habitu
3458 5698 3668 5752 invere-
