4062 6458
381 361 484 424 8θῖ
1626 360 1902 424 ΤΠΕΟΙ).
1939 359 1979 418 Ι]

2081 360 2338 420 SAMON
2356 395 2371 417 ι
3491 361 3594 422 864

381 470 562 524 eundo
595 471 648 525 in
679 471 976 541 parietibus
1010 487 1073 526 ac
1108 472 1307 526 tabulis
1357 470 1521 541 aliqui
1557 471 1939 531 eﬂ‘ormabant.
1970 505 1979 528 Α

2081 488 2231 534 .νους,
2269 475 2325 526 ἐν
2379 472 2576 542 τοίχοις
2609 473 2701 526 καὶ
2741 471 2952 536 πίναξιν
2983 470 3365 540 ὲνεχὰραττον,
3395 471 3453 522 αἳ
3482 474 3606 532 τοὺς

385 578 616 629 quarum
667 575 918 632 aspectus
966 566 1029 618 ad
1082 567 1403 633 voluptates,
1468 563 1605 618 facta
1659 563 1938 628 obscaena,

386 653 795 725 ﬂagitiosasque
849 655 1104 711 libidines
1155 658 1434 712 excitaret.
1468 656 1573 712 Eas
1631 673 1759 727 ergo
1804 673 1942 726 quo-

387 762 603 816 cunque
656 746 776 803 loco
857 762 1034 802 canon
1091 748 1339 803 adhiberi
1393 757 1555 815 vetat,
1609 764 1674 804 ac
1716 749 1944 820 repetito

385 838 550 891 etiam
591 853 657 892 ex
695 838 866 892 sacris
904 837 1126 895 Litteris
1177 841 1504 903 testimonio,
1539 857 1659 911 quae
1706 840 1946 897 externis

390 929 667 995 sensibus,
705 929 879 985 oculis
914 932 1168 986 nimirum
1210 932 1350 987 forte
1379 943 1472 988 aut
1505 933 1749 1001 auribus,
1785 949 1948 988 usur-

388 1036 608 1090 pamus,
673 1023 727 1075 in
793 1022 1034 1077 animum
1102 1024 1260 1079 facile
1326 1024 1655 1089 transfundi,
1714 1025 1816 1080 hoc
1863 1035 1949 1080 est

387 1116 652 1170 insinuari
714 1126 874 1185 atque
933 1117 1192 1183 immitti,
1248 1116 1424 1172 docet.
1481 1116 1844 1183 Quamobrem
1897 1125 1952 1172 et

389 1222 506 1272 eos,
557 1210 650 1278 qui
702 1209 971 1277 ejusmodi
1017 1209 1293 1280 quidpiam
1328 1209 1666 1276 admiserint,
1702 1223 1952 1279 segrega-

391 1301 540 1355 tione
572 1302 881 1368 puniendos
915 1317 1038 1356 esse
1071 1302 1334 1368 decernit.
1793 1311 1795 1316 '

387 1389 613 1447 ARIST.
655 1411 674 1444 ι
734 1392 965 1447 Pictura;
1010 1409 1130 1463 qua:
1176 1395 1240 1446 ad
1293 1394 1471 1464 turpia
1522 1401 1798 1463 aspectum
1841 1410 1950 1447 mo-

465 1502 482 1532 ι
525 1493 670 1545 vent,
724 1500 829 1536 non
887 1494 1011 1538 sunt
1066 1485 1344 1555 piugendae
1390 1485 1528 1554 :qui
1562 1495 1741 1540 autem
1774 1495 1957 1542 trans-
2027 1514 2034 1526 -

468 1593 488 1626 ι
524 1576 786 1644 greditur,
815 1588 1182 1646 segregatum

466 1667 620 1722 Oculi
653 1668 729 1719 tui
763 1678 902 1722 recta
944 1670 1225 1737 aspiciant,
1261 1677 1311 1723 et
1346 1671 1489 1742 omni
1521 1671 1755 1723 custodia
1788 1688 1957 1725 serves

391 1777 482 1813 cor
517 1771 686 1826 tuum,
724 1761 1002 1831 Sapientia
1046 1763 1218 1831 jubet.
1267 1763 1605 1833 Quapropter
1635 1762 1826 1819 Patres
1859 1781 1956 1820 ne-

394 1853 694 1905 cess;trium
717 1853 1056 1920 judicarunt,
1087 1855 1327 1924 picturas
1359 1859 1410 1910 in
1442 1857 1639 1911 tabulis
1663 1869 1754 1910 aut
1787 1859 1960 1927 parie-

393 1945 535 1999 tibus
563 1946 626 1998 ad
663 1947 839 2014 turpia
873 1955 1151 2002 moventes
1173 1957 1474 2016 aspectum,
1497 1956 1550 2003 et
1580 1958 1814 2003 mentem
1847 1964 1965 2002 eor-

394 2045 704 2106 rumpentes
757 2038 870 2092 ﬁeri
921 2039 1231 2107 prohibere.
1263 2039 1365 2106 Qui
1400 2039 1504 2094 hoc
1561 2053 1740 2096 autem
1789 2051 1965 2095 trans-

393 2143 613 2196 gressus
649 2129 828 2196 fuerit,
859 2145 982 2185 eum
1018 2131 1290 2201 segregari
1325 2132 1538 2200 jubent.

1002 2309 1234 2366 CANON
1272 2311 1357 2364 Cl.

405 2418 424 2451 ι
463 2400 674 2471 Corpus
723 2402 926 2458 Christi
979 2413 1033 2460 et
1091 2407 1352 2474 templum
1411 2423 1535 2463 esse
1594 2409 1868 2464 hominem
1901 2411 1966 2464 ad

477 2511 496 2543 ι
539 2493 825 2564 imaginem
897 2495 988 2549 Dei
1073 2505 1317 2550 creatum
1375 2497 1482 2552 alta
1555 2515 1686 2556 voce
1751 2502 1969 2571 procla-

436 2598 498 2664 ,ι
540 2593 652 2636 mat
738 2583 957 2638 divinus
1046 2586 1341 2654 Apostolus
1404 2587 1472 2641 ”.
1538 2588 1765 2644 Omnem
1840 2606 1969 2662 ergo

478 2690 496 2722 ι
540 2672 793 2727 sensilem
834 2684 1142 2729 creaturam
1194 2693 1460 2746 superans
1491 2680 1559 2744 is,
1610 2683 1702 2751 qui
1759 2683 1965 2737 saluta-

479 2781 500 2814 ι
536 2762 581 2816 ri
617 2765 868 2833 passione
891 2767 1168 2821 coalestem
1204 2768 1518 2838 dignitatem
1549 2785 1631 2827 est
1662 2784 1966 2841 assecutus,

489 2874 508 2906 ι
551 2865 604 2911 et
650 2857 925 2912 Clu-istum
955 2860 1152 2915 bibens
1200 2870 1255 2916 et
1298 2849 1608 2927 comedens,
1640 2876 1854 2922 teternze
1887 2869 1969 2922 vi-

488 2963 508 2996 ι
545 2957 609 3000 ne
632 2962 857 3018 prorsus
881 2949 1190 3018 adaptatur,
1217 2953 1450 3006 animam
1474 2961 1527 3008 et
1560 2970 1755 3024 corpus
1780 2957 1974 3012 divina:

489 3058 504 3087 ι
549 3039 734 3107 gratia;
781 3042 1199 3110 participatione
1227 3043 1578 3102 sanctiﬁcans
1621 3048 1869 3114 :Quare,
1927 3052 1971 3105 si

484 3149 501 3179 ι
539 3130 663 3198 quis
717 3131 1049 3187 iunnaculati
1101 3135 1346 3205 corporis
1391 3136 1445 3190 in
1477 3142 1696 3209 synaxis
1733 3149 1976 3211 tempore
2006 3163 2048 3224 ς

490 3241 506 3271 ι
537 3237 658 3278 esse
679 3223 947 3293 particeps
968 3226 1220 3292 voluerit,
1243 3227 1424 3296 etjatn
1446 3240 1733 3301 antequam
1757 3232 1871 3301 ejus
1891 3235 1981 3290 tiat

494 3333 514 3366 ‹
552 3318 882 3382 communio,
917 3334 1111 3373 manus
1144 3320 1197 3374 in
1224 3322 1405 3376 crucis
1447 3323 1672 3378 formam
1719 3326 1980 3396 ﬁgurans,

496 3428 512 3459 ι
559 3409 640 3462 sic
687 3410 903 3466 accedat
934 3421 988 3466 et
1047 3413 1236 3481 gratiae
1259 3416 1691 3472 communionem
1728 3418 1980 3490 accipiat.

499 3521 516 3552 (
579 3501 681 3556 Eos
713 3505 880 3565 enim.
917 3504 1008 3574 qui
1039 3521 1102 3560 ex
1152 3521 1286 3562 auro
1347 3510 1432 3564 vel
1486 3525 1550 3564 ex
1605 3511 1709 3564 alia
1742 3512 1983 3566 ‘materia

493 3615 510 3646 ι
547 3597 788 3666 quredam
842 3598 961 3652 loco
1005 3615 1198 3656 manus
1245 3611 1581 3672 receptacula
1627 3604 1882 3668 eliiciunt,
1919 3605 1984 3658 ad

488 3705 506 3736 ι
545 3685 711 3740 divini
747 3688 988 3742 muneris
1015 3692 1431 3761 susceptionem,
1464 3702 1518 3749 et
1539 3710 1634 3764 per
1661 3695 1774 3766 ipsa
1798 3696 1986 3750 imma-

497 3797 514 3829 ι
554 3780 785 3834 culatam
870 3787 1306 3840 communionem
1384 3788 1675 3856 recipiunt,
1767 3790 1988 3845 minime

498 3892 517 3922 ι
558 3873 911 3935 admittimus,
942 3886 1002 3930 ut
1031 3871 1034 3874 ’
1061 3877 1150 3945 qui
1198 3864 1548 3933 inanimaiam
1592 3881 1989 3954 subjectamque

497 3981 515 4013 ι
570 3965 851 4036 materiam
894 3965 988 4021 Dei
1037 3966 1258 4037 imagini
1304 3969 1592 4039 prmferant
1619 3975 1706 4026 ssi
1738 3977 1858 4046 quis
1889 3992 1987 4029 au-

497 4073 516 4106 ‹
577 4066 682 4111 tem
739 4058 1131 4126 deprehensus-
1172 4060 1334 4115 fuerit
1379 4065 1776 4122 immaculatam
1827 4069 1990 4138 280

499 4169 518 4201 ι
577 4153 1010 4208 communionem
1061 4153 1128 4209 iis
1195 4155 1526 4225 impertiens,
1577 4160 1667 4229 qui
1724 4160 1988 4227 ejusmodi

495 4260 514 4293 ι
552 4245 890 4313 receptacula
938 4245 1169 4301 afferunt
1226 4258 1280 4302 et
1314 4248 1427 4317 ipse
1465 4264 1791 4322 segregetur,
1837 4263 1890 4308 et
1922 4253 1966 4308 is

479 4353 498 4384 ‹
537 4337 626 4404 qui
656 4337 832 4392 aﬂ‘ert.
869 4357 886 4389 ι

501 4427 696 4484 BALS.
736 4430 805 4486 lis
840 4434 1178 4503 temporibus
1209 4435 1406 4492 divites
1447 4440 1670 4509 quidam
1704 4456 1990 4510 pauperes,

433 4527 492 4575 ut
531 4531 614 4579 est
660 4526 973 4595 verisimile,
1016 4531 1325 4598 irridentes,
1371 4548 1433 4587 ex
1481 4547 1614 4586 auro
1654 4534 1738 4587 vel
1771 4543 1996 4603 argento

435 4615 520 4668 vel
559 4615 738 4687 aliqua
790 4619 895 4675 alia
947 4624 1130 4691 specie
1175 4640 1300 4679 vasa
1347 4640 1442 4678 seu
1483 4627 1820 4693 receptacula
1855 4641 1999 4679 cnn—

437 4712 733 4772 struentes,
785 4718 1048 4779 praetextu
1097 4716 1377 4783 religionis
1421 4726 1475 4769 et
1506 4725 1682 4770 metus
1749 4718 1864 4778 Del,
1897 4717 1987 4772 .iis

435 4795 599 4852 velttti
632 4801 883 4859 manibus
911 4807 1226 4873 utebantur,
1259 4817 1313 4863 et
1343 4816 1750 4866 sacrosanctum
1789 4807 2000 4863 Domini

512 4984 558 5016 ”
585 4985 629 5040 Il
660 4987 794 5044 Cor.-
819 5006 894 5056 vt,
929 4991 1016 5046 i6.

2043 565 2279 638 ὁρῶντας
2320 565 2668 632 ἐξεκαλοῦντο
2693 565 2831 638 πρὸς
2883 563 3074 635 ἡδονὰς
3112 565 3205 615 καὶ
3261 561 3488 631 πράξεις
3525 563 3613 614 αἰ-

2046 658 2238 728 σχρὰς,
2259 657 2353 710 καὶ
2399 657 2533 727 πρὸς
2590 658 2880 724 ἐπιθυμίας
2895 656 3145 728 ἠρέθιζον
3165 655 3451 724 σαρκικάς.
3475 655 3616 706 Tati-

2043 765 2141 810 τας
2173 746 2265 801 οὖν
2301 751 2328 802 ό
2355 749 2535 803 κανὼν
2593 752 2650 803 ὲν
2697 750 2868 802 οὐδενὶ
2890 752 3037 818 τόπῳ
3059 747 3305 818 γίνεσθαι
3323 750 3617 817 συγχωρεῖ,

2049 841 2149 903 τάς
2187 858 2247 893 τε
2283 840 2558 911 γραφικάς
2583 842 2888 912 μαρτυρίας
2919 842 3202 910 παράγων,
3231 843 3320 892 κα“ι
3339 839 3512 904 λέγων
3541 837 3617 900 ὡς

2052 932 2248 1003 ῥᾳδίως
2311 933 2367 987 αἱ
2421 934 2704 1004 αἰσθήσεις
2759 936 2826 988 τὰ
2901 935 2967 988 δι’
3028 933 3208 986 αὐτῶν
3274 929 3524 1000 ὁρώμενα
3577 928 3613 999 ἦ

2051 1024 2354 1094 ἀκουόμενα
2383 1026 2543 1096 τυχὸν
2568 1025 2928 1098 εἰσκρινουσιν
2961 1025 3054 1078 ἐπὶ
3101 1025 3198 1091 τὴν
3233 1020 3432 1092 ψυχὴν,
3495 1018 3616 1072 ἀντὶ

2051 1115 2142 1168 τοῦ
2198 1116 2528 1180 είσωοοῦσιν,
2561 1117 2858 1185 εἰσάγουσι.
2909 1117 2998 1170 At?)
3060 1116 3152 1169 καὶ
3212 1113 3336 1177 τοὺς
3396 1110 3614 1163 τοιαῦτα

2051 1208 2336 1272 ποιοῦντας
2372 1209 2584 1274 κολάζει
2613 1211 2922 1282 ἀφορισμῷ.

2061 1391 2282 1444 ΛΡΙΣΤ.
2323 1410 2341 1441 ι
2391 1391 2454 1444 Αἱ
2515 1391 2651 1462 πρὸς
2707 1391 2775 1445 τά
2803 1392 3001 1460 αἰσχρὰ
3031 1392 3276 1444 κινοῦσαι
3306 1393 3405 1462 τὴν
3433 1392 3623 1462 ὅρασιν

2135 1503 2154 1537 ι
2200 1485 2410 1554 γραφαὶ
2440 1483 2826 1558 ἀζωγράφητοι
2850 1502 2864 1517 ·
2899 1485 2928 1537 ὁ
2953 1485 3010 1538 δὲ
3040 1484 3394 1562 παραϐαίνων
3423 1485 3623 1556 ἀφορί-

2134 1594 2153 1628 ι
2199 1573 2370 1638 ζεται.
2386 1592 2403 1624 ι

2136 1673 2198 1722 Οἱ
2231 1667 2528 1738 ὀφθαλμοί
2554 1684 2670 1722 σου
2708 1666 2850 1734 ὀρθὰ
2869 1665 3290 1733 βλεπέτωσαν,
3328 1667 3427 1718 καί
3457 1665 3626 1732 πάσῃ

2064 1737 2310 1827 φυλαχθῇ
2339 1757 2501 1825 τήρει
2529 1756 2652 1824 σὴν
2677 1756 2950 1823 καρδίαν,
2974 1757 3008 1827 ἡ
3035 1757 3203 1825 Σοφία
3230 1756 3624 1810 διακελεύεται.

2069 1855 2163 1920 ate
2191 1853 2347 1904 τοῦτο
2386 1849 2519 1917 γοῦν
2553 1848 2673 1900 δέον
2714 1848 2936 1918 ἔκριναν
2965 1849 3012 1900 οἱ
3038 1849 3274 1918 Πατέρες
3297 1847 3358 1900 τὸ
3388 1849 3446 1899 ὲν
3473 1848 3632 1900 πίνα-

2067 1947 2148 2013 ξιν
2179 1944 2212 2015 ἢ
2249 1943 2305 1997 ὲν
2336 1943 2536 2010 τοίχοις
2589 1941 2836 2010 γίνεσθαι
2867 1941 3186 2012 ζωγραφίας
3236 1943 3369 2010 πρὸς
3430 1941 3632 2010 αἰσχρά

2067 2041 2319 2098 κινούσας
2357 2037 2455 2106 τὴν
2488 2036 2695 2105 ὅρασιν,
2752 2035 2844 2086 καλ¹
2889 2032 3315 2102 διαφθειρούσας
3351 2031 3442 2084 τὸν
3483 2031 3628 2093 νοῦν,

2065 2131 2410 2186 κωλύεσθαι·
2446 2127 2536 2180 τον
2565 2126 2618 2180 δὲ
2661 2125 3063 2180 παραϐαίνοντα
3106 2124 3264 2178 τοῦτο
3297 2122 3630 2194 προσέταξαν

2064 2220 2448 2295 ἀφορίζεσθαι.

2658 2313 2901 2369 ΚᾹΝΩΝ
2931 2314 3050 2368 PA'.

2021 2432 2028 2442 -
2075 2429 2093 2460 ι
2144 2410 2310 2480 Σῶμα
2333 2409 2569 2479 Χριστοῦ
2601 2409 2713 2478 (12)
2746 2407 2840 2462 καὶ
2864 2408 2995 2460 ναὸν
3016 2403 3106 2457 τὸν
3132 2403 3255 2458 κατ’
3286 2401 3472 2456 εἰκόνα
3494 2401 3628 2454 Θεοῦ
3710 2395 3714 2402 ’

2153 2522 2170 2553 ι
2214 2502 2500 2556 κτισθέντα
2529 2502 2817 2573 ἄνθρωπον
2850 2502 2876 2553 ό
2899 2499 3040 2562 θεῖος
3088 2488 3412 2560 ’Λπόστολος
3464 2514 3630 2566 μεγαο

2147 2615 2164 2647 ι
2216 2593 2473 2664 λοφώνως
2491 2592 2776 2647 ἀποκαλεῖ.
2801 2590 2987 2661 Πάσης
3005 2585 3096 2642 οὖν
3118 2590 3382 2668 αἰσθητῆς
3405 2587 3638 2651 κτίσεως
3697 2591 3700 2594 ’

2153 2705 2170 2734 ι
2215 2685 2606 2754 ὑπερκείμενος
2633 2685 2660 2736 ό
2692 2681 2770 2752 τῷ
2797 2681 3047 2751 σωτηρίῳ
3071 2678 3234 2732 πάθει
3263 2678 3357 2732 τοῦ
3386 2677 3636 2748 οὐρανίου

2149 2799 2167 2829 ι
2202 2777 2384 2847 ,τυχὼν
2426 2775 2756 2846 ἀξιώματος,
2790 2776 2884 2828 καὶ
2920 2775 3114 2826 ἐσθίων
3163 2772 3257 2826 καὶ
3293 2771 3461 2823 πίνων
3506 2771 3640 2838 Χρι-

2151 2890 2167 2921 ι
2215 2869 2360 2932 στὸν,
2391 2868 2525 2940 πρὸς
2559 2868 2702 2938 ζωὴν
2729 2867 2818 2920 διὰ
2854 2866 3052 2928 παντὸς
3101 2860 3510 2932 μεθαρμόζεται
3538 2861 3638 2930 τὴν

2153 2981 2170 3012 ι
2210 2961 2399 3024 ἀΐδιον,
2417 2961 2559 3031 ψυχῇ
2587 2960 2679 3011 καὶ
2704 2958 2915 3027 σώματι
2947 2955 3159 3027 μεθέξει
3180 2956 3279 3020 τῆς
3306 2954 3455 3014 θείας
3482 2953 3640 3019 ἀγια-

2152 3070 2168 3098 ι
2216 3049 2439 3119 ζόμενος
2492 3049 2748 3119 χάριτοςο
2788 3045 2950 3106 ὥστε,
3007 3045 3060 3097 ετ
3112 3061 3192 3106 τις
3229 3042 3322 3095 τοῦ
3370 3043 3640 3112 ἀχράντου

2155 3161 2172 3191 ι
2223 3141 2476 3208 σώματος
2515 3141 2804 3210 μετασχεῖν
2836 3138 2894 3189 ὲν
2919 3135 2995 3206 τῷ
3021 3133 3419 3205 τῆςσυνάξεως
3445 3132 3639 3202 βουλη-

2158 3254 2174 3285 ι
2221 3233 2340 3304 θείη
2365 3233 2563 3302 καιρῷ,
2597 3232 2693 3284 καὶ
2731 3229 3042 3301 ἔμπροσθεν
3082 3227 3245 3282 αὐτοῦ
3268 3229 3334 3297 τῇ
3384 3226 3646 3297 μετουσίᾳ

2158 3346 2175 3377 ι
2216 3324 2493 3394 γενέσθαι,
2543 3323 2639 3386 τάς
2687 3324 2872 3393 χεῖρας
2921 3320 3274 3392 σχηματίζων
3337 3320 3415 3380 είς
3477 3317 3647 3370 τύπον

2084 3451 2087 3455 -
2159 3439 2178 3471 ι
2226 3417 2482 3489 σταυροῦ,
2511 3416 2655 3469 οὕτω
2681 3417 2920 3486 προσίτω
2950 3415 3044 3468 καὶ
3069 3413 3309 3484 δεχέσθω
3338 3411 3434 3483 τὴν
3459 3428 3648 3464 κοινω-

2161 3529 2178 3560 ‹
2225 3509 2341 3562 νίαν
2375 3501 2484 3574 τῆς
2505 3506 2750 3575 χάριτος.
2787 3507 2926 3569 Τοὺς
2959 3507 3067 3575 γὰρ
3103 3506 3166 3556 ὲκ
3187 3502 3392 3574 χρυσοῦ
3422 3503 3455 3567 ἢ
3483 3501 3647 3576 ἀλλης

2162 3622 2179 3654 ι
2227 3602 2360 3672 ὕλης
2393 3603 2511 3654 ἀντὶ
2551 3599 2730 3671 χειρός
2779 3615 2900 3650 τινα
2929 3596 3111 3667 δοχεῖα
3143 3593 3649 3657 κατασκευάζοντας

2126 3692 2131 3698 ’
2164 3716 2180 3747 ι
2230 3696 2364 3762 πρὸς
2395 3695 2494 3764 τὴν
2524 3693 2618 3747 τοῦ
2651 3692 2798 3746 θείου
2854 3689 3030 3761 δώρου
3091 3687 3386 3758 ὑποδοχὴν,
3445 3687 3540 3739 καὶ
3579 3684 3650 3737 δι’

2166 3811 2182 3842 ι
2241 3789 2421 3842 αὐτῶν
2459 3789 2556 3858 τῆς
2599 3785 2872 3857 ἀχράντου
2926 3782 3215 3844 κοινωνίας
3272 3780 3648 3850 ἀξιουμένους,

2167 3905 2183 3934 ι
2230 3882 2482 3950 οὐδαμῶς
2514 3877 2875 3950 προσιέμεθα,
2903 3875 2977 3938 ὡς
3010 3872 3395 3944 προτιμῶντας
3418 3871 3516 3940 τῆς
3557 3868 3650 3920 τοῦ

2166 3995 2185 4025 ι
2224 3973 2361 4026 Θεοῦ
2416 3972 2623 4033 εἰκόνος
2669 3971 2768 4038 τὴν
2815 3967 3022 4038 ἄψυχον
3081 3965 3213 4035 ῦλην
3280 3964 3372 4016 καὶ
3435 3961 3655 4031 ὑποχεί-

2167 4088 2186 4120 ι
2231 4084 2368 4138 ριον.
2403 4067 2465 4118 Εἰ
2504 4065 2562 4118 δέ
2610 4081 2694 4126 τις
2748 4062 2859 4130 ἁλῷ
2913 4061 3012 4130 τῆς
3057 4058 3329 4128 ἀχράντου
3368 4054 3655 4116 κοινωνίας

2170 4181 2188 4212 ι
2237 4158 2550 4230 μεταδιδοὺς
2577 4158 2689 4218 τοῖς
2744 4153 2973 4208 τοῖαῦτα
3023 4152 3204 4222 δοχεῖα
3261 4151 3651 4221 προσφέρουσι,

2169 4276 2186 4306 ι
2231 4253 2327 4307 καὶ
2373 4251 2532 4311 αὐτὸς
2562 4246 2926 4319 ἀφοριςὲσθω,
2966 4244 3062 4298 καὶ
3111 4247 3140 4297 ὁ
3181 4244 3353 4296 ταῦτα
3399 4243 3659 4312 ἐπιφερό-

2019 4372 2068 4433 D
2168 4364 2186 4396 ι
2239 4360 2414 4414 μενος.
2467 4359 2484 4392 ι

2164 4437 2360 4491 ΒΛΛΣ.
2381 4433 2533 4490 Κατά
2559 4433 2684 4496 τοὺς
2707 4432 2827 4486 τότε
2850 4432 3075 4502 καιροὺς
3104 4429 3349 4483 πλούσιοί
3363 4415 3526 4491 τινες,
3547 4428 3656 4479 τῶν

2097 4531 2463 4600 πενεστέρων,
2496 4528 2570 4589 ὡς
2601 4526 2764 4591 ἔοικε,
2817 4524 3314 4594 καταμωκώμενοι,
3362 4525 3425 4576 ὲκ
3452 4521 3655 4591 χρυσοῦ

2095 4622 2398 4695 ἢάργύρου
2451 4621 2482 4690 ἢ
2533 4619 2690 4672 ἄλλου
2721 4619 2866 4679 τινὸς
2917 4617 3094 4677 εἴδους
3153 4611 3658 4675 κατασκευάζοντες

2097 4717 2276 4786 δοχεῖα
2302 4716 2358 4766 ὲν
2413 4713 2762 4783 προσχήματι
2808 4708 3093 4768 εὐλαϐείας
3135 4707 3228 4759 καὶ
3283 4704 3452 4773 φόϐου
3497 4701 3658 4763 Θεοῦ,

2099 4805 2336 4878 ἐχρῶντο
2363 4803 2571 4867 τούτοις
2597 4802 2728 4856 ὡσεὶ
2758 4801 2931 4872 χερσὶ,
2973 4800 3068 4852 καὶ
3089 4798 3149 4852 τὸ
3189 4799 3459 4866 ἄχραντον
3499 4794 3658 4862 σῶμα

1640 5083 1832 5146 Guill.
1865 5084 2194 5164 Beveregii
2236 5089 2423 5145 notae.

519 5185 628 5254 (l2)
652 5189 824 5261 Σῶμα
848 5188 1122 5261 Χριστοῦ.
1158 5189 1544 5261 Constantinus
1575 5189 2000 5261 llarmenonolns

447 5255 593 5329 bunc
637 5255 901 5329 canbneni
946 5261 998 5312 in
1055 5259 1194 5313 hanc
1227 5259 1508 5329 Epitomen
1552 5261 1780 5327 redegit,
1821 5259 1879 5313 Ὀ
1909 5259 1999 5312 τοῦ

448 5327 716 5394 ἀχράντου
747 5328 1181 5398 μεταληψόμενος
1201 5327 1526 5383 Δεσποτικοῦ
1558 5331 1826 5399 σώματοτ,
1854 5331 1901 5382 ει
1928 5329 2002 5398 μὴ

448 5402 548 5470 τοις
575 5401 761 5470 χεῖρας
787 5400 1039 5470 ἐκτείνων
1067 5402 1161 5452 καὶ
1187 5402 1540 5470 σταυροειδῶς
1567 5401 1915 5468 σχηματίζων
1946 5401 2002 5470 ὲν

451 5463 633 5543 animi;
650 5469 892 5543 _6_é.)(0t-.:o1
915 5469 1049 5543 ἀλλά
1071 5488 1174 5523 τινι
1208 5463 1418 5540 δοχέὶῳ,
1447 5463 1789 5543 ἀφορίζεσθω
1813 5471 1906 5543 σῦν
1926 5469 2003 5537 τῷ

456 5538 804 5600 μεταδιδόντι.
856 5541 958 5604 Qui
1002 5538 1393 5596 immaculetun
1445 5538 1626 5606 corpus
1677 5540 2002 5592 Dominicum

452 5618 780 5674 percepturus
819 5621 924 5670 est,
959 5612 1004 5664 si
1037 5628 1138 5665 non
1176 5629 1361 5666 manus
1399 5613 1697 5671 extendens,
1731 5619 1779 5660 et
1812 5613 1864 5661 in
1896 5625 2001 5660 mo-

455 5674 580 5728 dum
608 5681 779 5733 crucis
815 5683 1178 5749 conformans,
1221 5685 1325 5736 illis
1360 5684 1487 5752 ipsis
1533 5683 1587 5734 id
1628 5680 1881 5752 accipiat,
1913 5680 2002 5752 sed

459 5752 780 5820 receptaculo
800 5754 1043 5820 quodam.
1071 5750 1388 5820 segregemr,
1410 5769 1515 5805 una
1542 5767 1657 5804 cum
1683 5766 1761 5812 co,
1793 5751 1880 5815 qui
1905 5750 2004 5820 int-

465 5818 679 5873 vertivit.
734 5818 998 5878 ln'ouatn
1047 5818 1321 5892 Epitcmen
1374 5824 1535 5892 hujus
1581 5821 1799 5877 cauernis
1842 5819 1999 5873 selin-

2789 5141 2792 5162 ί

2100 5187 2282 5243 liastes
2317 5187 2428 5241 haec
2463 5184 2737 5246 observat,
2774 5179 3176 5242 Εύλαὸούμενοί
3211 5197 3355 5240 τινες
3384 5177 3544 5247 δῆθεν
3571 5176 3660 5229 διὰ

2097 5259 2205 5310 τῶν
2246 5255 2446 5327 χειρῶν
2489 5256 2586 5327 τὴν
2635 5254 2913 5327 ἀναφορὰν
2956 5251 3241 5327 δέξᾼινιιιθαι,⁸
3275 5248 3662 5327 σκεύη-χρυσᾶ

2099 5318 2516 5388 κατεσκεύαζον,
2544 5318 2590 5394 ’ἢ
2627 5318 2864 5394 ἀργυρᾶ,
2900 5323 2993 5375 καὶ
3029 5323 3115 5394 διὰ
3151 5318 3358 5394 τούτων
3397 5319 3660 5394 ἐδέχοντο.

2099 5398 2269 5450 Τοῦτο
2299 5395 2391 5448 οὖν
2419 5387 2648 5459 ἀναιρεῖ,
2670 5387 3002 5462 ’τιμιώτατον
3020 5391 3234 5444 πάντων
3259 5389 3431 5462 λέγων
3452 5389 3542 5439 τὸν
3570 5387 3665 5439 ἄν·

2101 5467 2314 5536 θρωπον
2344 5463 2501 5518 εἶναι.
2537 5461 2807 5518 Nimirum
2838 5479 2953 5515 cum
2992 5462 3205 5528 quidam
3239 5461 3481 5536 manibus
3517 5472 3661 5536 reue:

2105 5525 2285 5591 rentur
2315 5535 2625 5592 oblationem
2654 5536 2894 5608 recipere,
2933 5525 3095 5608 attreq
3124 5546 3249 5608 uasa
3273 5525 3662 5608 parabanturei

2107 5617 2371 5675 argentea,
2422 5622 2512 5676 per
2563 5622 2676 5672 quin
2726 5599 2875 5676 illam
2929 5601 3273 5676 accipiebant.
3338 5599 3449 5650 Hoc
3507 5599 3663 5676 igitur

2107 5670 2509 5751 abbletﬂcqnbn]
2536 5670 2792 5751 imminent
2814 5675 2988 5727 dicens
3013 5672 3246 5751 omnium
3269 5685 3378 5751 esse
3401 5670 3663 5751 pretiosis-

2109 5739 2316 5802 δὶηιιιηὶῖ
2349 5739 2674 5815 llarmcnop.
2709 5745 2838 5815 cpit.
2868 5759 2991 5798 can.
3026 5749 3158 5798 sect.
3193 5741 3244 5805 5,
3280 5742 3364 5794 tit.
3399 5739 3452 5793 ἓ.
