4062 6384
345 348 451 412 865

1439 326 1516 387 1N
1559 325 1728 385 CAN.
1770 324 1840 383 Cl
1878 320 2087 382 CONC.
2122 317 2205 378 IN
2247 278 2585 376 Tauno.

3461 257 3587 360 865‘

345 464 440 517 τοῦ
479 458 681 530 Κυρίου
718 455 810 505 καὶ
867 447 1001 500 Θεοῦ
1057 451 1152 500 καὶ
1201 443 1453 512 Σωτῆρος
1507 441 1664 513 ἡμῶν
1727 435 1953 506 Ἰησοῦέ

2057 431 2197 486 .Dei
2253 439 2306 485 et
2358 422 2666 481 Servatoris
2714 421 2885 476 nostri
2937 418 3064 473 .lesu
3117 415 3320 470 Christi
3369 429 3568 482 corpus

2517 518 2528 528 .
2611 518 2623 528 .
2707 522 2720 530 .
2864 527 2951 530 se
2995 513 3042 530 ._
3223 507 3544 530 ,μεηελιώμ

305 541 308 544 ’
351 551 586 625 Χριστοῦ
619 547 758 602 κατὰ
785 546 877 598 τὸν
910 540 1101 612 καιρὸν
1129 541 1229 606 τῆς
1262 537 1422 604 ἁγίας
1466 532 1818 606 μεταλήψεως
1854 535 1907 584 ἐν

2014 534 2213 580 sancta:
2258 518 2655 574 conmunionis
2705 522 2952 582 tempore
2995 513 3047 564 in
3099 511 3176 564 cis
3222 507 3570 574 recipiebant.

353 599 909 708 αὲτοῖς-ύπεδέχοντο.
949 599 1058 686 Καὶ
1085 599 1324 700 ἀρχῆθεν
1353 599 1610 699 μὲν-ίσως
1640 599 1909 692 ἐπενοήθη

2060 627 2081 669 t
2137 614 2205 668 ab
2261 610 2419 665 initio
2470 607 2688 676 quidem
2742 606 2842 658 hoc
2898 605 3129 656 fortasse
3175 614 3204 654 a
3252 599 3574 668 quibusdam

350 738 511 790 τοῦτο
544 733 696 802 παρά
723 745 884 782 τινων
927 726 993 778 δι’
1037 721 1340 783 εὐλάϐειαν,
1409 718 1734 788 νομιζόντων
1771 714 1912 784 τάχα

359 829 432 900 μὴ
472 826 607 880 εἶναι
631 824 784 886 ἀξίαν
817 823 894 882 εἰς
922 816 1184 885 ὑποδοχὴν
1226 814 1318 866 τοῦ
1341 809 1626 881 Κυριακοῦ
1665 808 1913 879 σώματος

352 899 454 990 τὴν
507 920 678 988 χεῖρακ
703 916 802 984 τὴν
854 912 1170 978 ἁπτομένην
1218 906 1309 959 καὶ
1343 903 1583 975 αἰσχρῶν
1621 916 1783 954 τινων
1822 899 1914 950 καὶ

357 1010 590 1074 ἀναξίων
610 1025 626 1040 ·
661 1005 852 1073 καιροῦ
877 1005 931 1056 δὲ
959 1001 1256 1071 προϊόντος,
1284 1000 1361 1059 εἰς
1378 993 1611 1065 ψυχικὴν
1645 991 1916 1045 ἀπώλειαν

363 1104 660 1173 μετέπεοε)
723 1101 756 1164 ἡ
791 1096 1065 1159 εὐλάϐεια,
1111 1092 1184 1153 ὡς
1244 1089 1351 1142 τῶν
1407 1086 1703 1140 ποιούντων
1748 1082 1919 1136 ταῦτα

361 1194 666 1264 ζητούντων
696 1188 1067 1258 προτιμᾶσθαι
1100 1201 1206 1236 των
1234 1179 1598 1244 πενεστέρων,
1631 1176 1722 1228 καὶ
1748 1175 1920 1234 ἄλλως

362 1281 864 1350 ἀλαζονευομένων.
921 1277 1078 1330 Ἐπεὶ
1107 1276 1236 1342 γοῦν
1281 1271 1424 1333 ἔδοξε
1456 1270 1611 1321 τοῦτο
1659 1270 1768 1328 τοῖς
1814 1269 1922 1318 lla—

361 1377 526 1446 τράσι
566 1374 856 1443 παραίτιον
897 1370 1208 1424 σκανδάλων
1252 1363 1480 1426 πολλῶν,
1522 1361 1656 1414 ἀλλὰ
1695 1359 1798 1429 μὴν
1830 1358 1923 1410 καὶ

365 1468 682 1538 ὑϐριστικὸν
717 1466 809 1518 τοῦ
834 1465 1102 1534 ἡμετέρου
1130 1460 1400 1530 σώματος,
1435 1455 1530 1509 τοῦ
1580 1453 1699 1508 κατ’
1745 1453 1926 1505 εἰκόνα

367 1560 503 1612 Θεοῦ
542 1557 895 1618 πλασθέντος,
935 1551 1086 1606 εἷπον
1116 1553 1191 1614 ὼς
1226 1549 1320 1603 τοῦ
1361 1546 1595 1619 μεγάλου
1633 1545 1927 1598 ἀποστόλου

370 1653 582 1707 Παύλου
615 1647 1014 1708 ἀποκαλοῦντος
1045 1645 1135 1698 τὸν
1159 1643 1446 1713 ἄνθρωπον
1501 1640 1660 1709 σῶμα
1693 1634 1929 1706 Χριστοῦ

371 1745 467 1797 καὶ
492 1743 677 1795 εἰκόνα
711 1739 864 1803 Θεοῦ,
899 1739 994 1791 καὶ
1017 1736 1218 1799 παντὸς
1251 1733 1549 1802 κτίσματος
1577 1729 1929 1800 τιμιώτερον,

2017 716 2242 779 propter
2277 705 2532 774 pietatem
2585 700 2946 766 excogitatum
2987 705 3092 756 est,
3131 695 3358 746 fortasse
3393 691 3580 746 existi-

2019 794 2299 852 mantibus
2358 803 2577 843 manum
2634 803 2740 842 non
2788 801 2908 840 esse
2958 785 3176 852 dignam
3238 782 3579 836 Dominicom

2021 901 2216 956 corpus
2254 883 2554 951 suscipere,
2591 893 2710 949 qua:
2751 878 2931 948 turpia
2985 876 3230 946 quietiam
3275 885 3330 929 et
3357 875 3580 942 indigna

2027 980 2221 1048 tangit.
2267 973 2602 1029 Procedente
2636 979 2812 1025 autem
2841 979 3104 1037 tempore,
3137 968 3204 1020 ad
3234 966 3429 1020 anima:
3464 979 3586 1034 pcr-

2025 1071 2220 1125 niciem
2294 1082 2560 1124 conversa
2608 1072 2690 1118 cst
2741 1064 2934 1132 pietas,
2990 1069 3175 1130 utpote
3227 1060 3295 1113 iis
3345 1057 3436 1128 qui
3497 1058 3584 1110 illa

2025 1151 2257 1226 faciunt,
2303 1156 2718 1229 pauperioribus
2757 1153 3000 1224 praeferri
3030 1150 3418 1222 quaerentibus,
3451 1158 3504 1202 et
3531 1163 3589 1202 se

2027 1255 2230 1324 alioqui
2279 1258 2598 1320 arroganter
2626 1256 2680 1304 et
2725 1247 3022 1301 insolenter
3060 1245 3413 1314 iactantibus.
3446 1241 3592 1308 Quo-

2029 1349 2178 1401 niam
2210 1359 2340 1414 ergo
2380 1343 2483 1396 hoc
2514 1341 2718 1396 sanctis
2757 1338 3007 1393 Patribus
3038 1337 3335 1391 multorum
3368 1337 3595 1391 scanda-

2034 1443 2209 1493 lorum
2260 1445 2314 1491 et
2351 1435 2801 1490 oll‘endiculorum
2855 1445 3076 1486 causam
3119 1428 3381 1498 praebere,
3437 1433 3496 1480 ut
3542 1435 3596 1480 et

2033 1532 2087 1586 in
2129 1541 2375 1586 nostrum
2423 1545 2640 1602 quoque
2666 1507 2912 1597 'corpus,
2957 1524 3024 1578 ad
3069 1523 3356 1592 imaginem
3391 1519 3489 1602 Dei
3522 1518 3600 1573 fa-

2033 1635 2202 1688 ctum,
2253 1623 2704 1680 contumeliosum
2763 1618 2885 1675 ess'e
2940 1619 3122 1672 visum.
3170 1624 3272 1679 est,
3323 1615 3600 1679 dixerunt,

2040 1718 2185 1787 quod
2216 1733 2340 1772 cum
2372 1732 2599 1785 magnus
2629 1715 2907 1784 apostolus
2939 1713 3141 1766 Paulus
3167 1725 3366 1780 corpus
3392 1709 3601 1766 Christi

371 1837 447 1896 ὡς
479 1834 572 1886 καὶ
599 1831 916 1899 ἀξιούμενον
949 1827 1045 1899 τῆς
1081 1829 1188 1880 τῶν
1246 1827 1404 1878 θείων
1451 1822 1806 1891 ἁγιασμάτων
1835 1837 1932 1890 μευ

2057 1822 2091 1866 ιι
2125 1811 2218 1864 Dei
2253 1811 2566 1880 imaginem,
2604 1820 2658 1864 et
2690 1808 2882 1878 quavis
2917 1814 3166 1861 creatura
3201 1804 3602 1872 pretiosiorem,

371 1926 676 1996 ταλήψεως,
741 1921 1036 1977 κάντεῦθεν
1085 1919 1230 1973 κατά
1300 1934 1360 1970 τε
1413 1916 1591 1986 ψυχὴν
1649 1914 1936 1984 καὶσῶμα

373 2013 882 2084 άγιαζόμενον,-ούκ
908 2007 1181 2079 ὀφείλουσί
1204 2025 1346 2070 τινες
1370 2004 1745 2076 προτιμᾶσθαι
1773 2000 1937 2056 αὑτοῦ

375 2110 445 2161 τὰ
484 2111 546 2162 ὲκ
583 2105 788 2177 χρυσοῦ
812 2106 906 2158 καί
949 2120 1110 2156 τινων
1143 2103 1346 2172 ἑτέρων
1381 2100 1582 2153 ὑλικῶν
1635 2098 1818 2168 ἄψυχα
1846 2094 1940 2151 καὶ

377 2201 665 2272 ὑποχείρια
695 2199 808 2268 εἴδη
831 2214 846 2230 ο
888 2198 920 2267 ἢ
961 2197 1067 2266 μὴν
1097 2197 1220 2257 τοὺς
1262 2194 1412 2266 παρὰ
1446 2191 1617 2245 ταῦτα
1653 2192 1940 2251 ποιοῦντας

380 2291 757 2363 ἀφορίζεσθαι,
803 2289 1042 2360 δηλονότι
1095 2287 1292 2350 αὐτούς
1344 2305 1402 2339 τε
1449 2285 1576 2348 τοὺς
1628 2282 1942 2352 χρωμένους

379 2384 642 2446 τοιούτοις
670 2381 816 2434 τισὶν
838 2381 1039 2441 ῦλικοίς
1065 2380 1142 2441 εἰς
1167 2379 1430 2448 ὑποδοχὴν
1455 2376 1548 2429 τοῦ
1581 2375 1829 2443 σώματος
1851 2371 1944 2424 τοῦ

382 2474 643 2544 Χριστοῦ,
687 2474 782 2526 καὶ
819 2472 945 2534 τοὺς
991 2469 1370 2541 μεταδιρόντας
1393 2468 1582 2520 τούτου
1611 2467 1816 2526 αὐτοῖς.
1856 2464 1946 2534 Μὴ

382 2561 667 2634 θαυμάσῃς
699 2561 780 2626 δὲ,
823 2559 956 2629 μηδὲ
999 2560 1282 2629 ἐρωτήσῃς
1310 2557 1408 2628 τὴν
1459 2557 1660 2620 αἰτίαν,
1700 2556 1766 2608 δι’
1793 2557 1858 2626 ἢν
1889 2555 1948 2608 ἐν

384 2670 525 2706 τισιν
552 2627 868 2720 ἐκκλησίαις
909 2651 1252 2721 μεταδίδοται
1293 2651 1405 2712 τοῖς
1433 2648 1640 2714 λαῐκοῖς
1690 2651 1749 2702 τὸ
1797 2647 1951 2716 ἅγιον

388 2747 548 2816 σῶμα
567 2747 662 2799 τοῦ
690 2746 952 2818 Χριστοῦ,
971 2747 1064 2800 καὶ
1089 2745 1190 2796 οὐκ
1215 2744 1578 2814 ἐγχειρίζεται
1607 2741 1816 2804 τούτοις
1839 2741 1950 2812 (15)

389 2839 530 2892 κατὰ
567 2839 666 2909 τὴν
705 2839 800 2891 τοῦ
836 2844 1062 2898 κανόνος
1097 2837 1426 2906 περίληψιν·
1467 2837 1650 2899 πίστις
1680 2835 1790 2905 γὰρ
1818 2834 1952 2905 ὀρθὴ

390 2935 480 2986 καὶ
506 2933 668 3001 φόϐος
701 2932 834 2984 Θεοῦ
866 2933 960 2985 καὶ
996 2931 1249 2984 εὐλάϐεια
1277 2929 1585 2990 ἀνύποπτος
1623 2926 1781 2980 τοῦτο
1811 2933 1964 2996 παρ-⁸
1997 2949 2000 2951 λ

393 3024 611 3086 ἑδωκεν,
665 3025 785 3094 οὐχὶ
840 3023 901 3076 τὸ
951 3025 1056 3077 τῶν
1115 3025 1321 3074 λαῖκων
1361 3020 1598 3085 ἀνάξιον.
1630 3017 1854 3088 Νομίζω
1898 3018 1954 3070 δὲ

394 3114 500 3167 ὑπὸ
527 3114 620 3170 τοῦ
661 3115 928 3184 παρόντος
965 3105 1188 3173 κανόνος
1219 3111 1533 3165 ἁλίσκεσθαι
1567 3109 1692 3173 τοὺς
1722 3093 1956 3179 προϐαλ-

394 3206 656 3273 λομένους
705 3204 992 3274 ἀξιώματα
1031 3204 1122 3256 καὶ
1156 3207 1287 3273 γένη
1345 3202 1486 3255 κατὰ
1517 3201 1606 3255 τὸν
1646 3201 1746 3270 τῆς
1765 3200 1956 3267 ,ἁγίας

399 3297 758 3368 μεταλήψεως
785 3300 997 3368 καιρὸν,
1023 3295 1321 3367 ζητοῦντας
1353 3295 1746 3366 προτιμᾶσθαι.

467 3476 712 3528 ΖΩΝΑΡ.
743 3474 897 3535 Τινὲς
937 3473 1004 3526 δι’
1027 3473 1313 3526 εὐλάϐειαν
1337 3473 1476 3542 τάχα
1522 3473 1615 3526 καί
1659 3473 1824 3545 τιμὴν
1853 3473 1961 3526 τῶν

401 3569 563 3622 θείων
601 3567 788 3638 δώρων
811 3567 991 3636 δοχεῖά
1027 3584 1147 3619 τινα
1186 3565 1393 3636 χρύσεα
1445 3565 1476 3635 ἢ
1533 3565 1592 3631 ἐξ
1624 3565 1791 3638 ἄλλης
1830 3551 1961 3635 ῦλης

402 3663 510 3714 τῶν
543 3661 854 3728 πολυτίμων
898 3649 1201 3727 ποιοῦντες,
1250 3662 1306 3713 ἐν
1361 3659 1590 3723 ἐκείνοις
1639 3659 1880 3730 ἐδέχοντο
1904 3659 1965 3712 τὺ

401 3756 668 3822 ἄχραντον
710 3751 870 3819 σῶμα
903 3750 996 3804 τοῦ
1031 3752 1260 3820 Κυρίου,
1291 3753 1382 3804 καὶ
1413 3752 1581 3813 οὓτως
1626 3752 1791 3804 αὐτοῦ
1839 3769 1966 3821 μετ-

405 3845 729 3912 ελάμϐανον.
765 3843 995 3913 Ὅπερή
1031 3842 1268 3904 σύνοδος,
1305 3841 1409 3894 κᾶν
1448 3841 1514 3894 δι’
1549 3841 1829 3894 εὐλάϐειαν
1856 3842 1966 3908 ἐγί-

405 3954 544 4000 νετο,
565 3937 663 3987 οὐκ
685 3933 923 4000 ἐδέξατο.
958 3933 1164 3993 Παντὸς
1189 3933 1297 4001 γὰρ
1325 3931 1585 4002 αἰσθητοῦ
1638 3933 1965 4004 πράγματος

405 4028 734 4096 τιμιώτερον
783 4027 997 4094 ἡγεῖται
1023 4025 1114 4076 τὸν
1148 4022 1454 4094 ἄνθρωπον,
1511 4023 1585 4087 ὡς
1620 4023 1754 4076 Θεοῦ
1797 4026 1965 4078 εἰκόνι

405 4119 790 4190 τετιμημένον,
823 4119 915 4169 καὶ
937 4116 1094 4186 σῶμα
1127 4114 1362 4184 Χριστοῦ
1389 4115 1678 4184 γενόμενον
1712 4117 1804 4169 καὶ
1841 4118 1968 4168 ναὸν

408 4211 543 4264 Θεοῦ
586 4211 724 4263 κατὰ
764 4210 854 4262 τὸν
879 4210 1019 4261 θεῖον
1051 4208 1346 4261 ἀπόστολον
1377 4207 1610 4260 Παῦλον.
1669 4209 1820 4260 Ἑπεί
1854 4203 1967 4274 οῦν,

411 4303 594 4371 φησιν,
642 4302 967 4370 ὑπέρκειται
1025 4298 1208 4368 πάσης
1259 4300 1490 4362 κτίσεως
1539 4298 1822 4370 αἰσθητῆς,
1877 4299 1970 4352 καὶ

410 4395 604 4448 ἐσθίων
625 4396 720 4447 καὶ
744 4393 914 4445 πίνων
943 4391 1179 4461 Χριστὸν
1196 4390 1282 4443 διὰ
1310 4391 1410 4455 τῆς
1441 4391 1720 4453 κοινωνίας
1749 4392 1970 4460 ἁγιάζε·

2041 1903 2313 1956 bominem
2353 1911 2530 1966 vocet,
2574 1911 2633 1955 ut
2665 1902 2756 1970 qui
2792 1901 3100 1954 divinorum
3134 1908 3602 1952 sacramentorum

2037 1993 2454 2064 participatione
2505 1994 2699 2060 dignus
2734 1991 3017 2053 habeatur,
3060 1998 3115 2044 et
3147 2005 3211 2043 ex
3250 2003 3313 2042 eo
3341 1997 3394 2044 et
3423 1989 3604 2042 anima

2040 2093 2095 2140 et
2127 2099 2354 2155 corpore
2385 2084 2756 2140 sanctificetur
2777 2122 2792 2148 ,
2826 2099 2931 2138 non
2962 2083 3159 2138 debent
3191 2083 3306 2148 ulli,
3339 2083 3607 2138 inanima-

2045 2186 2130 2232 tas
2169 2186 2222 2248 et
2273 2177 2548 2246 subjectas
2600 2177 2835 2246 species,
2898 2191 2965 2229 cx
3015 2189 3148 2230 auro
3179 2185 3231 2230 et
3284 2175 3610 2245 quibusdam

2009 2269 2168 2323 .aliis
2204 2267 2576 2323 materialibus
2625 2267 2820 2334 factas,
2851 2268 2901 2322 ei
2945 2268 3201 2338 praeferre
3234 2284 3248 2322 :
3283 2267 3364 2320 vel
3412 2268 3611 2336 alioqui

2046 2365 2082 2418 ii
2111 2364 2353 2434 quidem,
2380 2363 2471 2433 qui
2503 2371 2700 2433 praeter
2737 2363 2852 2417 hzec
2883 2361 3113 2423 faciunt,
3149 2371 3524 2432 segregantur,
3555 2367 3614 2414 et

2048 2457 2085 2510 ii
2125 2457 2356 2520 scilicet,
2406 2457 2501 2526 qui
2555 2454 2827 2525 ejusmodi
2863 2453 3242 2508 materialibus
3275 2453 3340 2506 ad
3370 2455 3617 2521 corporis

2047 2547 2251 2603 Christi
2300 2549 2699 2618 susceptionem
2731 2555 2979 2611 utuntur,
3012 2555 3067 2601 et
3111 2547 3201 2614 qui
3235 2547 3314 2600 eis
3349 2544 3451 2598 hoc
3486 2561 3619 2615 pra:-

2053 2645 2205 2698 bent.
2260 2639 2339 2696 Ne
2387 2641 2605 2696 mireris
2645 2650 2846 2706 autem,
2898 2653 2997 2693 nec
3047 2651 3268 2692 causam
3321 2636 3618 2706 rogaveris,

2052 2743 2277 2806 propter
2327 2749 2488 2803 quam
2525 2733 2577 2787 in
2609 2731 2931 2803 quibusdam
2977 2731 3226 2786 ccclesiis
3256 2731 3416 2786 datur
3468 2732 3621 2788 laicis

2056 2837 2310 2883 sanctum
2345 2826 2550 2882 Christi
2585 2842 2808 2897 corpus,
2839 2840 2937 2880 nec
2965 2825 3044 2880 eis
3078 2826 3132 2880 in
3165 2843 3327 2880 manu
3369 2828 3620 2892 traditur,

2056 2927 2116 2974 ut
2143 2921 2246 2974 hoc
2273 2932 2484 2974 canone
2513 2918 2821 2973 continetur
2851 2936 2865 2971 :
2905 2925 3048 2972 recta
3076 2917 3220 2972 enim
3268 2917 3400 2974 fides
3449 2927 3500 2973 et
3530 2919 3622 2974 Dei

2057 3015 2242 3079 timor,
2301 3023 2356 3068 et
2406 3015 2473 3068 ab
2515 3015 2658 3067 omni
2705 3012 3018 3082 suspicione
3068 3011 3242 3066 aliena
3281 3013 3472 3082 pictas,
3523 3015 3627 3070 hoc

2060 3107 2302 3172 tradidit,
2350 3121 2455 3159 non
2495 3104 2765 3159 laicorum
2798 3103 3115 3172 indignitas.
3154 3105 3420 3160 Existimo
3444 3115 3625 3161 autem

2062 3202 2166 3256 hoc
2193 3213 2403 3254 canone
2433 3212 2528 3254 eos
2557 3198 2800 3268 coargui,
2829 3199 2920 3267 qui
2948 3198 3300 3252 auctoritates
3329 3214 3422 3253 seu
3450 3198 3629 3269 digni-

2068 3301 2211 3348 tates
2287 3292 2612 3363 generisque
2681 3291 3023 3344 nobilitatem
3096 3289 3352 3361 allegant,
3426 3303 3689 3360 sanctae.

2068 3385 2467 3440 communionis
2516 3391 2781 3454 tempore,
2816 3395 2869 3439 et
2906 3385 3145 3454 praponi
3178 3394 3451 3455 quaerunt.

2140 3476 2392 3532 ZONAR.
2437 3471 2694 3568 Nonnulli
2725 3478 2994 3548 religione
3036 3477 3176 3532 forte
3205 3478 3441 3539 adducti,
3471 3487 3525 3533 et
3551 3493 3635 3534 sa—

2067 3587 2288 3626 crorum
2323 3572 2586 3625 donorum
2635 3570 3005 3634 veneratione,
3034 3573 3359 3641 quibusdam
3392 3582 3634 3643 recepta-

2073 3665 2212 3718 culis
2266 3678 2333 3717 cx
2367 3677 2502 3717 auro
2537 3663 2710 3717 aliave
2741 3662 2898 3716 multi
2941 3665 3101 3733 pretii
3147 3666 3372 3720 materia
3417 3681 3638 3738 compa-

2071 3759 2226 3817 ratis,
2257 3754 2670 3831 immaculatum
2697 3753 2904 3808 Domini
2933 3769 3134 3823 corpus
3157 3757 3432 3826 excipere,
3459 3774 3635 3830 eaque

2073 3847 2284 3898 ratione
2333 3845 2737 3899 communicare
2789 3845 2937 3900 soliti
3004 3854 3154 3900 sunt.
3209 3846 3365 3912 Quod
3416 3851 3635 3918 quidem
3681 3848 3685 3858 “

2075 3938 2200 3991 licet
2229 3950 2258 3990 a
2295 3936 2554 4006 religione
2583 3935 2912 4005 profectum,
2947 3946 3126 3990 tamen
3159 3919 3401 4008 synodus
3432 3943 3636 4010 impro-

2073 4029 2242 4082 bavit.
2283 4026 2378 4081 Rei
2428 4043 2663 4096 namque
2695 4028 2930 4086 cuilibet
2949 4029 3160 4092 sensili,
3195 4029 3435 4086 hominis
3464 4033 3641 4103 digni-

2076 4129 2261 4185 tatem,
2297 4119 2390 4188 qui
2428 4117 2708 4179 nimirum,
2741 4127 2796 4172 et
2821 4118 3001 4172 divina
3035 4119 3268 4189 imagine
3300 4105 3637 4187 nobilitatus,

2076 4221 2129 4266 et
2175 4225 2297 4264 cum
2352 4209 2566 4262 Christo
2598 4207 2762 4263 unius
2791 4210 3036 4277 corporis
3069 4227 3209 4264 nexu
3248 4213 3556 4282 copulatus,
3587 4230 3641 4272 et

2075 4302 2243 4357 divini
2285 4300 2515 4370 apostoli
2565 4298 2717 4353 Pauli
2762 4301 3075 4368 testimonio
3112 4305 3372 4372 templum
3410 4305 3502 4360 Dei
3533 4318 3639 4374 est,

2077 4396 2236 4466 longe
2267 4392 2568 4463 anteponit.
2601 4391 2870 4459 Quoniam
2907 4394 3072 4465 igitur
3108 4395 3153 4450 is
3187 4398 3274 4450 cui
3308 4413 3467 4454 sacra
3528 4418 3642 4472 my-

411 4505 501 4539 ται
530 4486 675 4557 ψυχῇ
708 4503 765 4538 τε
807 4487 904 4539 καὶ
937 4485 1152 4554 σώματι
1190 4485 1218 4536 ὁ
1257 4485 1364 4534 τῶν
1405 4484 1763 4552 άγιασμάτων
1793 4484 1953 4547 ἀξιού·

2080 4487 2246 4543 steria
2297 4484 2796 4549 communicantur,
2844 4499 3169 4552 quacunque
3217 4487 3402 4541 sensili
3447 4498 3642 4542 natura

339 4575 346 4584 ’
418 4597 599 4650 μενος,
675 4582 726 4632 εῐ
779 4595 860 4643 τις
923 4583 979 4632 ὲν
1025 4575 1204 4648 καιρῷ
1265 4576 1537 4640 συνάξεως
1591 4573 1835 4644 βούλεται
1879 4577 1973 4630 τοῦ

415 4671 691 4742 ἀχράντου
725 4670 977 4740 σώματος
1015 4669 1364 4742 μεταλαϐεῖν,
1395 4670 1637 4740 προσίτω
1672 4670 1770 4732 τὰς
1794 4673 1979 4742 χεῖρας

416 4769 686 4830 ἐκτείνας,
725 4768 820 4817 καὶ
856 4766 1201 4834 σχηματίσας
1234 4767 1313 4828 είς
1350 4765 1522 4818 τύπον
1571 4753 1834 4837 σταυροῦ,
1880 4767 1978 4820 καὶ

415 4865 478 4918 οὗ
491 4883 562 4917 τω
589 4861 823 4932 δεχέσθω
855 4861 952 4927 τὴν
981 4861 1266 4913 κοινωνίαν
1291 4861 1390 4930 τῆς
1423 4859 1645 4931 χάριτος
1655 4903 1668 4928 9
1699 4863 1766 4933 ἣν
1797 4864 1930 4932 ήμῖν
1953 4861 1981 4914 δ

420 4957 625 5027 Κύριος
652 4956 733 5017 εἰς
770 4949 1043 5020 ἁγιασμὸν
1081 4951 1398 5021 ἐχαρίσατο.
1452 4951 1639 5016 Οὐδεὶς
1683 4953 1791 5023 γάρ
1831 4953 1980 5018 ἄξιος

423 5050 632 5118 άληθῶς
661 5051 778 5101 ἐστι
817 5047 918 5115 τῆς
965 5042 1130 5097 αὐτοῦ
1182 5044 1560 5116 μεταλήψεωε,
1603 5047 1738 5100 ἀλλὰ
1777 5047 1979 5109 πάντες

426 5141 607 5210 χάριτι
659 5141 830 5205 αὐτῆς
867 5134 1194 5205 άξιούμεθα,
1237 5137 1374 5188 καθὸ
1428 5138 1520 5190 καὶ
1583 5139 1765 5210 χάριτί
1815 5141 1982 5209 ὲσμεν

428 5236 760 5302 σεσωσμένοι
787 5229 928 5285 κατὰ
952 5229 1044 5282 τὸν
1070 5228 1244 5298 μέγαν
1275 5228 1500 5283 Παῦλον.
1525 5231 1662 5294 Τοὺς
1675 5233 1730 5284 δὲ
1756 5231 1983 5286 τοιαῦτα

425 5327 600 5395 ὅοχεία
642 5315 987 5396 κομίζοντας,
1032 5323 1124 5374 καὶ
1163 5318 1231 5374 δι’
1263 5319 1441 5371 αὐτῶν
1491 5319 1742 5390 δέχεσθαι
1791 5322 1978 5393 βουλο-

2081 4581 2425 4654 praestantior
2471 4584 2576 4646 est,
2631 4593 2696 4632 ac
2744 4577 2871 4632 dum
2920 4577 3199 4633 Christum
3249 4581 3540 4637 manducat
3590 4593 3644 4635 ct

2077 4677 2234 4743 bibit,
2287 4689 2351 4728 ea
2403 4670 2787 4746 communione
2843 4671 3030 4725 animo
3086 4673 3290 4742 pariter
3333 4681 3386 4727 ct
3419 4689 3646 4743 corpore

2079 4777 2304 4826 sanctus
2325 4755 2585 4834 “efficitur,
2616 4766 2660 4821 si
2696 4766 2818 4835 quis
2847 4765 3055 4821 interea
3087 4766 3211 4820 dum
3245 4781 3399 4821 sacra
3427 4771 3648 4840 synaxis

2081 4863 2378 4930 peragitur,
2433 4855 2844 4912 immaculatum
2901 4871 3102 4925 corpus
3156 4856 3435 4928 suscipere
3481 4869 3622 4912 amet

2087 4951 2444 5024 exporrectis,
2496 4958 2657 5020 atque
2692 4951 2752 5004 in.
2793 4947 2973 5004 crucis
3021 4947 3241 5004 modum
3296 4951 3650 5007 conformatis

2089 5045 2338 5100 manibus
2360 5043 2641 5114 procedat,
2662 5050 2724 5097 ac
2749 5042 2822 5097 ita
2844 5041 3060 5098 demum
3089 5047 3274 5116 gratiae
3299 5047 3651 5101 communio-

2088 5153 2235 5201 nem,
2263 5149 2428 5206 quam
2495 5131 2756 5188 Dominus
2801 5133 2958 5190 nobis
2990 5134 3056 5189 ad
3087 5137 3327 5190 animum
3363 5139 3652 5191 sanctitate

2089 5229 2440 5285 imbuendum
2487 5226 2728 5290 donavit,
2779 5226 3027 5296 accipiat.
3080 5228 3153 5282 Ea
3200 5229 3464 5300 siquidem
3507 5244 3651 5283 com-

2091 5324 2366 5385 munione,
2397 5337 2556 5377 nemo
2585 5336 2769 5377 revera
2798 5321 2990 5391 dignus
3019 5329 3120 5388 est,
3147 5322 3238 5377 sed
3267 5337 3328 5376 ea
3359 5321 3530 5391 digni,
3556 5327 3653 5392 per'

1651 5418 1846 5480 Guill.
1881 5418 2199 5497 Bereregii
2245 5424 2431 5480 notae.

503 5523 611 5588 (15)
659 5523 764 5576 Καὶ
809 5526 916 5576 οὐκ
953 5521 1327 5592 ἐγχειρίζεται
1368 5519 1619 5592 τούτοις.
1667 5521 1849 5592 lunuit
1896 5525 1984 5580 hic

431 5595 712 5648 lialsamon
751 5591 1062 5662 praesentem
1104 5591 1363 5648 canouem
1400 5591 1450 5642 in
1485 5593 1758 5662 nonnullis
1805 5591 1984 5648 Eccle-

431 5671 526 5720 siis
556 5663 673 5731 ejus
698 5659 889 5715 diebus
919 5676 1025 5714 non
1077 5664 1422 5718 observatum
1453 5673 1594 5731 esse.
1630 5659 1827 5729 Utpote
1858 5665 1982 5731 qui-

436 5739 534 5789 bus
565 5729 961 5787 sacramentum
995 5747 1103 5791 που
1135 5733 1189 5786 in
1225 5746 1418 5784 manus
1450 5729 1689 5785 fidelium
1725 5729 1979 5788 traditum

435 5818 539 5870 est,
589 5803 678 5859 sed
727 5806 778 5856 in
811 5803 1146 5869 receptaculo
1198 5806 1428 5872 quodam
1472 5799 1535 5854 iis
1580 5799 1911 5870 impertitum
1966 5821 1978 5855 :

2087 5525 2227 5592 quod
2264 5521 2437 5592 Grzeci
2465 5521 2652 5592 λαϐίδα
2683 5530 2914 5585 vocant;
2945 5521 3107 5592 latine
3135 5520 3384 5592 Cochlear
3414 5536 3520 5592 non
3551 5522 3650 5574 im-

2091 5590 2285 5648 merito
2318 5591 2523 5647 audiat.
2553 5590 2722 5659 Hujus
2760 5593 3014 5660 frequens
3046 5591 3097 5644 in
3134 5590 3460 5660 Eucltologio
3500 5608 3651 5660 meu-

2091 5666 2166 5717 tio
2189 5663 2448 5726 occurrit,
2479 5671 2539 5716 ut
2570 5657 3227 5732 inpagesauctificatormn
3259 5657 3495 5732 "Iurgia,
3532 5657 3648 5715 εἶτα

2090 5733 2266 5793 λαϐὼν
2304 5732 2400 5804 τὴν
2429 5734 2588 5800 ἁγίαν
2624 5732 2813 5786 λαϐίδα
2835 5771 2850 5798 ,
2884 5730 3079 5799 βάπτεν.
3118 5733 3286 5803 αὐτὴν
3309 5737 3366 5787 έν
3397 5730 3476 5802 τῷ
3510 5734 3648 5803 ἁγίῳ

2090 5806 2301 5873 αι’ματι.
