4062 6454
302 296 441 387 ’867
1568 309 1843 371 THEOD.
1901 308 2299 369 BALSAMON
3459 310 3565 377 868

336 453 591 525 gratiam,
622 466 811 507 omnes
835 446 1120 508 efﬁcimur,
1146 442 1602 513 quemadmodum
1626 454 1675 496 et
1704 439 1903 511 gratia,
1933 488 1940 501 ,

1957 448 1979 503 ι
2013 438 2207 507 μένους
2233 439 2330 505 τὴν
2353 438 2638 493 κοινωνίαν
2666 441 2739 503 ὡς
2773 437 3155 510 προτιμῶντας
3179 437 3280 505 τῆς
3309 435 3403 492 τοῦ
3424 438 3561 493 Θεοῦ

336 556 398 599 ut
450 545 512 601 D.
563 545 764 599 Paulus
799 546 1050 605 testatur,
1110 539 1300 595 salvati
1352 551 1559 592 sumus.
1616 532 1719 599 Qui
1773 545 1898 585 vero

2005 531 2220 595 εἰκόνος
2259 533 2358 603 τὴν
2382 532 2587 602 ἄψυχον
2617 533 2773 604 ὕλην,
2808 536 3165 605 ἀφορίζεσθαι
3196 542 3223 592 ὁ
3250 537 3431 591 κανὼν
3470 536 3557 587 λέ-

334 641 604 708 ejusmodi
660 641 1000 708 receptacula
1050 651 1231 692 secum
1292 631 1547 692 aderunt,
1602 629 1780 697 iisque
1829 622 1899 678 ad

1648 642 1780 697 sque
1829 622 1899 678 ad
2010 639 2097 691 γει
2120 624 2214 675 καὶ
2251 625 2377 687 τοὺς
2404 624 2595 677 τούτου
2635 627 3013 695 μεταδιδόντας
3048 632 3252 694 αὐτοῖς.

334 736 769 790 cmnmunionem
830 730 1229 803 percipiendam
1286 728 1361 780 uti
1414 724 1625 786 volunt,
1685 720 1886 791 quippe
1925 717 2018 787 qui
2051 726 2320 786 expertem
2353 718 2519 773 animi
2566 722 2844 775 materiam
2884 721 2973 776 Dei
3046 726 3266 793 imagini
3328 733 3557 795 antepo-

334 838 485 889 nant,
534 842 596 881 ac
639 842 735 880 eos
769 841 988 895 quoque
1030 822 1117 890 qui
1165 820 1272 875 illis
1304 819 1382 873 sic
1410 812 1761 887 poscentibus
1802 806 2220 877 impertiverint,
2253 810 2625 879 segregatione
2652 826 2826 866 canon
2858 814 3035 882 puniri
3064 815 3240 883 jubet.

336 918 564 973 AltlST.
628 937 645 969 ‹
683 917 875 971 Manus
923 917 977 997 in
1008 914 1188 969 crucis
1217 911 1442 980 ﬁguram
1468 904 1775 975 componit,
1804 901 1898 969 qui

2002 900 2219 955 ΑΡΙΣΤ.
2269 918 2287 952 t
2337 903 2446 965 Τάς
2490 904 2749 972 παλάμας
2782 907 2861 968 είς
2897 910 3127 978 σταυρὸν
3157 913 3317 964 τυποῖ
3349 914 3377 965 ὁ
3399 931 3564 982 μετα-

409 1032 426 1063 ι
486 1011 871 1066 eucharistiam
933 993 1247 1076 sumpturus
1296 1014 1397 1066 est,
1442 1016 1506 1055 ac
1549 1015 1644 1053 ore
1700 994 1899 1057 sumit;

2079 1012 2096 1043 ι
2152 993 2476 1077 ληψόμενος,
2526 996 2621 1047 καὶ
2672 997 2963 1067 λαμϐάνων
3013 1000 3091 1069 τῷ
3142 1005 3406 1073 στόματι·
3450 1008 3477 1058 ὁ
3508 1008 3564 1060 δὲ

412 1124 428 1154 ι
472 1105 563 1170 qui
614 1118 744 1156 vero
777 1099 1179 1170 receptaculum
1214 1110 1463 1159 aureum,
1496 1092 1581 1144 vel
1614 1091 1763 1142 alius
1785 1090 1899 1139 nia-

2078 1103 2098 1137 r
2143 1086 2345 1156 δοχεῖον
2380 1093 2618 1157 χρυσοῦν
2659 1089 2689 1159 ἢ
2739 1091 2799 1155 ἐξ
2846 1092 3012 1160 ἄλλης
3048 1093 3181 1163 ὖλης
3229 1096 3351 1148 ἀντὶ
3385 1100 3564 1168 χειρὸς

408 1216 424 1246 ‹
471 1198 617 1250 teria:
644 1210 836 1248 manus
860 1195 973 1246 vice
1010 1199 1296 1260 praeparat,
1325 1185 1691 1254 segregandus
1714 1190 1815 1234 est.
1851 1197 1869 1230 ι

1259 1199 1296 1252 ι,
1325 1185 1691 1254 segregandus
1714 1190 1815 1234 est.
1851 1197 1869 1230 ι
2078 1196 2097 1229 ι
2148 1179 2427 1243 σκευάζων
2455 1182 2801 1249 ἀφοριστέος.
2840 1201 2857 1231 ι

403 1288 598 1353 Homo,
632 1289 697 1342 ad
748 1286 839 1340 Dei
875 1284 1284 1339 similitudinem
1330 1288 1564 1341 creatus,
1606 1283 1691 1328 est
1730 1282 1899 1349 supra
2622 1266 2637 1283 θ
2892 1274 2897 1279 ·

338 1400 554 1437 omnem
602 1392 904 1435 creaturam
957 1376 1289 1436 sensibilem,
1340 1380 1392 1424 et
1422 1366 1622 1423 Christi
1676 1377 1895 1430 corpus,

2076 1358 2263 1426 Πάσης
2328 1362 2426 1429 τῆς
2489 1358 2752 1430 αἰσθητῆς
2799 1365 3031 1427 κτίσεως
3081 1368 3339 1420 ἐπέκεινα
3368 1371 3395 1422 ὁ
3425 1371 3563 1424 κατά

337 1486 393 1529 et
425 1474 681 1543 templum
724 1481 808 1525 est
837 1469 989 1537 juxta
1022 1466 1264 1521 divinum
1307 1461 1643 1530 Apostolum.
1685 1455 1741 1510 Si
1775 1455 1897 1524 quis

2003 1452 2188 1504 εἰκόνα
2218 1453 2352 1505 Θεοῦ
2376 1455 2618 1517 κτισθεὶς
2653 1455 2940 1526 ἄνθρωπος
2974 1460 3068 1511 καὶ
3129 1460 3285 1529 σῶμα
3320 1463 3561 1531 Χριστοῦ

346 1571 643 1637 itaque‘se
699 1563 897 1617 divinae
952 1555 1350 1612 communionis
1407 1552 1719 1622 participem
1779 1562 1897 1602 esse

2002 1548 2096 1598 καὶ
2135 1547 2258 1609 ναός
2289 1547 2405 1599 ἐστι
2437 1546 2576 1598 κατὰ
2603 1549 2691 1599 τὸν
2730 1548 3067 1602 Ἀπόστολον.
3101 1552 3168 1603 Εἴ
3195 1556 3285 1614 τις
3313 1554 3441 1620 γοῦν
3464 1558 3565 1626 τῆς
3594 1594 3597 1599 ι

338 1660 510 1727 cupit,
561 1670 787 1724 eamque
824 1669 929 1706 non
965 1667 1059 1705 ore
1107 1649 1323 1717 accipit,
1353 1655 1412 1700 ut
1459 1659 1652 1697 manus
1680 1657 1811 1697 suas
1842 1640 1895 1693 in

2002 1638 2151 1695 θείας
2192 1639 2477 1700 κοινωνίας
2509 1641 2799 1709 μετασχεῖν
2825 1640 3141 1711 βουληθείη,
3182 1648 3277 1696 καὶ
3324 1646 3383 1697 ού
3425 1646 3564 1719 λάϐῃ

339 1751 520 1806 crucis
570 1748 797 1801 formam
852 1745 1110 1814 ﬁgurans,
1145 1742 1237 1796 sed
1288 1737 1684 1815 receptaculum
1720 1734 1895 1803 quod-
1931 1758 1943 1812 ι

1962 1764 1970 1809 ε
2001 1729 2173 1815 αὐτὴν
2206 1729 2284 1798 τῷ
2324 1731 2577 1799 στόματι,
2613 1730 2687 1789 ὡς
2710 1733 2766 1783 ἐν
2800 1733 2956 1803 τύπῳ
3013 1735 3247 1803 σταυροῦ
3301 1740 3566 1807 σχηματί-

339 1848 461 1897 dam
512 1856 734 1895 aureum
788 1848 880 1891 aut
913 1853 978 1892 ex
1033 1836 1138 1889 alia
1205 1812 1430 1885 materia
1489 1828 1646 1898 281
1705 1840 1897 1909 manus

2006 1837 2104 1882 σας
2144 1812 2244 1881 τὰς
2274 1824 2461 1890 χεῖρας
2504 1820 2689 1886 αὐτοῦ,
2733 1823 2867 1876 ἀλλὰ
2916 1825 3121 1899 δοχεῖόν
3151 1843 3202 1879 τι
3236 1829 3492 1898 χρυσοῦν,
3528 1830 3559 1900 ἢ

339 1937 457 1989 loco
500 1932 740 1994 conﬁcit,
799 1940 858 1984 ut
894 1940 994 1998 per
1037 1926 1166 1980 Illud
1216 1925 1455 1979 divinum
1502 1924 1703 1975 donum
1755 1916 1899 1970 acci-

2002 1912 2062 1976 ὲξ
2100 1914 2264 1982 ἄλλης
2292 1913 2421 1982 ὕλης
2450 1916 2853 1969 κατασκευάσει
2895 1920 3017 1971 ἀντὶ
3060 1919 3262 1988 χειρὸς,
3305 1920 3446 1973 ὥστε
3493 1922 3562 1975 δι’

339 2038 511 2098 perct,
561 2014 831 2092 illiusque
868 2020 1286 2091 participatione
1338 2016 1628 2069 haberetur
1676 2010 1896 2080 dignus,

2003 2006 2167 2058 αὑτοῦ
2194 2006 2253 2058 τὸ
2282 2007 2423 2059 θεῖον
2449 2007 2707 2072 δέξασθαι
2739 2010 2932 2079 δῶρον,
2964 2012 3056 2063 καὶ
3081 2013 3179 2079 τῆς
3206 2014 3562 2082 μεταλήψεως

336 2097 391 2171 et
423 2116 564 2182 'ipse
595 2114 770 2183 et‘qui
825 2111 1082 2182 mysteria
1131 2108 1179 2163 ei
1226 2106 1389 2161 tradit
1439 2101 1810 2173 segregabitur
1838 2107 1898 2151 ut

2001 2097 2207 2168 ταύτης
2258 2098 2561 2169 ἀξιωθῆναι
2591 2116 2605 2130 ·
2658 2102 3091 2173 ἀφορισθήσεται
3144 2105 3314 2168 αὐτὸς
3398 2108 3491 2157 καὶ
3535 2108 3562 2159 ὁ

338 2208 429 2277 qui
475 2207 827 2259 inanimatam
862 2194 1270 2271 subjectamque
1336 2197 1616 2252 materiam
1644 2192 1739 2248 Dei
1764 2192 1901 2245 ima-

2006 2187 2345 2257 μεταδιδοὺς,
2380 2189 2453 2251 ὡς
2486 2191 2863 2261 προτιμῶντες
2900 2195 2997 2262 τῆς
3038 2193 3130 2247 τοῦ
3161 2195 3296 2249 Θεοῦ
3354 2198 3562 2261 εἰκόνος

336 2300 451 2371 gini
482 2298 800 2369 praeferunt.

2000 2281 2098 2351 τὴν
2134 2280 2340 2352 ἄψυχον
2368 2282 2498 2354 ὓλην
2535 2287 2625 2337 καὶ
2658 2285 2988 2355 ὑποχείριον.

918 2423 1149 2481 CANON
1189 2423 1300 2495 Cll.
1884 2410 1885 2417 ‘

1884 2410 1885 2417 “
2592 2415 2831 2468 ΚΑΝΩΝ
2885 2412 2996 2470 PB'.

341 2584 362 2618 ί
404 2566 628 2636 Oportet
667 2575 845 2619 autem
876 2577 992 2628 eos,
1023 2561 1118 2632 qui
1146 2559 1392 2616 solvendi
1437 2568 1491 2615 et
1540 2558 1752 2630 ligandi
1800 2571 1900 2627 po-

2006 2570 2024 2601 (
2072 2551 2159 2603 Δεῖ
2189 2549 2245 2601 δέ
2279 2550 2411 2612 τοὺς
2434 2550 2683 2616 ἐξουσίαν
2714 2550 2861 2604 λύειν
2889 2554 2980 2606 καὶ
3008 2553 3225 2623 δεσμεῖν
3248 2562 3400 2627 παρὰ
3425 2559 3560 2613 Θεοῦ

418 2677 436 2710 ι
473 2666 725 2713 testatem
784 2671 813 2709 a
845 2656 955 2709 Deo
986 2670 1267 2725 accepere,
1322 2654 1531 2724 peccati
1581 2652 1895 2722 qualitatem

2077 2662 2094 2692 ε
2140 2641 2400 2704 λαϐόντας
2440 2644 2661 2696 σκοπεῖν
2707 2642 2805 2714 τὴν
2834 2644 2932 2712 τῆς
2976 2646 3251 2714 ἁμαρτίας
3299 2651 3563 2721 ποιότητα

419 2771 437 2801 ‹
478 2742 854 2814 considerare,
904 2756 957 2802 et
988 2749 1104 2815 ejus
1139 2748 1230 2817 qui
1264 2746 1507 2816 peccavit
1554 2744 1622 2799 ad
1669 2760 1897 2799 conver-

2074 2754 2091 2786 ι
2140 2735 2233 2788 καὶ
2287 2736 2382 2805 τὴν
2433 2735 2526 2811 τοῦ
2588 2732 2971 2806 ἡμαρτηκότος
3029 2740 3164 2810 πρὸς
3192 2732 3559 2815 ’ἐπιστροφὴν

415 2841 686 2921 “sionem
741 2847 1051 2909 promptum
1120 2835 1385 2899 studium,
1454 2842 1507 2888 et
1572 2834 1652 2889 sic
1704 2832 1896 2887 morbo

2074 2849 2092 2877 ι
2137 2830 2495 2899 ἑτοιμότητα,
2552 2832 2645 2883 καὶ
2678 2830 2818 2883 οὕτω
2868 2833 3204 2903 κατάλληλον
3252 2838 3351 2907 τὴν
3400 2838 3558 2910 θερα-

415 2952 433 2983 ‹
469 2931 880 2986 convenientem
938 2928 1128 2982 aﬁ‘erre
1181 2927 1507 2982 medicinam
1560 2942 1573 2978 :
1616 2940 1681 2979 ne
1736 2922 1782 2977 si
1837 2922 1894 2977 in

2072 2942 2091 2975 ‹
2139 2923 2298 2976 πείαν
2347 2922 2645 3007 προσάγειν
2676 2923 2753 2992 τῷ
2790 2924 3204 2995 άρῤωστήματι,
3240 2928 3326 2981 ἵνα
3362 2929 3436 2999 μὴ
3490 2933 3556 3001 τῇ

422 3043 439 3073 ι
480 3033 731 3091 utroque
766 3020 1215 3075 immoderatione
1263 3027 1473 3081 utatur,
1518 3017 1597 3072 ab
1653 3017 1771 3086 ejus
1803 3017 1892 3085 qui

2072 3035 2089 3066 ι
2138 3014 2373 3085 ἀμετρίᾳ
2421 3015 2542 3068 καθ’
2573 3015 2832 3087 ἑκάτερον
2881 3016 3185 3087 χρώμενος,
3217 3021 3559 3092 ἀποσφαλείη
3615 3014 3620 3027 ’

416 3137 433 3167 ι
478 3115 690 3170 laborat
721 3114 895 3169 salute
925 3113 1159 3167 excidat.
1193 3110 1309 3165 Non
1362 3113 1508 3165 enim
1546 3108 1776 3178 simplex
1808 3115 1894 3163 est
1921 3093 1962 3150 (ἶ

1956 3096 1962 3147 ἶ
2071 3128 2089 3159 ι
2136 3108 2268 3178 πρὸς
2311 3110 2409 3176 τὴν
2462 3109 2736 3179 σωτηρίαν
2794 3108 2886 3161 τοῦ
2938 3110 3255 3179 κάμνοντος.
3309 3115 3384 3167 Οὐ
3449 3117 3560 3184 γάρ

416 3226 434 3258 ι
474 3207 699 3260 morbus
734 3205 962 3275 peccati,
996 3204 1090 3258 sed
1123 3203 1302 3257 varius
1357 3212 1409 3255 et
1440 3197 1810 3263 multiformis,
1840 3207 1893 3253 et

2071 3222 2087 3252 ι
2135 3202 2279 3271 ἁπλῆ
2312 3201 2410 3270 τῆς
2442 3201 2716 3271 ἁμαρτίας
2747 3202 2780 3267 ή
2815 3202 2991 3267 νόσος,
3021 3203 3159 3257 ἀλλὰ
3190 3206 3407 3275 ποικίλη
3464 3211 3558 3263 καὶ

415 3318 433 3349 ι
475 3298 672 3352 multas
700 3294 1027 3350 incommodi
1063 3295 1387 3363 propagines
1432 3290 1745 3361 germinans
1779 3305 1793 3342 :
1827 3305 1894 3343 ex

2071 3313 2089 3345 ι
2135 3293 2453 3362 πολυειδὴς,
2489 3293 2583 3344 καὶ
2616 3292 2813 3355 πολλὰς
2846 3294 2943 3361 τῆς
2977 3293 3180 3363 βλάϐης
3228 3297 3325 3360 τὰς
3374 3314 3555 3369 παρα-

412 3409 430 3437 ε
469 3388 670 3456 quibus
713 3386 913 3437 malum
944 3384 1177 3436 multum
1206 3381 1555 3445 diﬁ‘unditur,
1585 3388 1638 3434 et
1665 3380 1893 3436 ulterius

2071 3407 2088 3438 ι
2136 3386 2339 3453 φυάδας
2370 3384 2763 3454 βλαστάνουσα,
2790 3384 2848 3448 ἐξ
2879 3379 2952 3438 ὧν
2984 3385 3043 3437 τὸ
3084 3387 3254 3441 κακὸν
3300 3389 3391 3440 ἐπὶ
3421 3391 3554 3443 πολὺ

412 3498 427 3524 ι
468 3475 833 3544 progreditur,
867 3473 1041 3527 donec
1076 3473 1286 3527 viribus
1326 3473 1598 3528 medentis
1636 3475 1893 3543 reprima-

2072 3501 2087 3531 ι
2134 3479 2397 3549 διαχεῖται
2432 3475 2527 3529 καὶ
2558 3476 2747 3541 πρόσω
2809 3478 3002 3546 βαίνει,
3040 3480 3229 3548 μέχρις
3282 3481 3348 3535 ἂν
3395 3484 3553 3552 σταίη

411 3589 427 3616 ι
467 3575 572 3619 tur.
606 3563 809 3629 Quare,
844 3565 939 3633 qui
976 3562 1260 3617 medicinae
1295 3563 1580 3617 scientiam
1614 3566 1665 3617 in
1692 3565 1891 3632 spiritu

2072 3592 2089 3623 ι
2133 3575 2199 3643 τῇ
2234 3570 2460 3640 δυνάμει
2506 3570 2600 3622 τοῦ
2650 3569 3067 3639 θεραπεύοντος.
3104 3571 3268 3624 Ὥστε
3315 3572 3407 3625 τὸν
3459 3574 3555 3644 τὴν

415 3677 430 3708 ι
473 3656 785 3727 proﬁtetur,
816 3664 1027 3725 oportet
1057 3672 1181 3711 eum
1214 3657 1448 3725 primum
1476 3656 1594 3726 ejus
1628 3657 1720 3727 qui
1770 3674 1893 3727 pec-

2072 3685 2089 3715 ι
2140 3663 2387 3733 ἰατρικὴν
2420 3664 2476 3715 ὲν
2507 3661 2787 3739 πνεύματι.
2812 3664 3121 3732 ἐπιστήμην
3176 3665 3557 3734 ἐπιδεικνύμε-

412 3771 431 3801 ‹
473 3753 616 3804 cavit
648 3749 989 3804 aﬁectionem
1021 3748 1395 3812 considerare,
1431 3760 1507 3814 et,
1559 3750 1673 3804 sive
1704 3763 1894 3819 vergat

2074 3776 2092 3808 ι
2138 3773 2226 3809 νον
2272 3756 2535 3824 πρότερον
2568 3755 2674 3825 χρὴ
2703 3753 2800 3823 τὴν
2831 3755 2923 3807 τοῦ
2965 3757 3349 3826 ἡμαρτηκότος
3374 3758 3555 3812 διάθε-

413 3863 432 3894 ι
477 3842 543 3897 ad
580 3844 892 3907 sanitatem,
950 3843 1065 3897 sive
1119 3851 1305 3895 contra
1361 3844 1597 3913 propriis
1647 3843 1894 3898 moribus

2072 3868 2089 3899 ι
2139 3864 2222 3901 σιν
2257 3845 2708 3911 ἐπισκέπτεσθαι,
2770 3848 2864 3898 καὶ
2897 3847 3007 3899 εῐτε
3042 3847 3177 3916 πρὸς
3207 3848 3307 3919 τὴν
3341 3850 3556 3924 ὑγίειαν

413 3957 429 3984 ι
474 3945 729 4003 provocet
755 3935 807 3987 in
842 3949 898 3989 se
932 3934 1205 3998 morbum,
1244 3937 1508 4004 aspicere,
1538 3944 1591 3990 et
1619 3938 1891 4006 quomodo

2071 3962 2088 3993 ε
2132 3940 2365 4010 νεύει,ἢ
2406 3938 2714 3992 τούναντίον
2759 3938 2844 3991 διὰ
2904 3939 3011 3991 τῶν
3064 3940 3282 3992 οἰκείων
3336 3941 3555 4009 τρόπων

318 4014 331 4021 ”
407 4047 424 4078 ι
460 4028 576 4097 ejus
608 4044 723 4097 quae
750 4026 1034 4081 intercedit
1061 4028 1184 4081 vita:
1212 4029 1552 4096 rationisque
1586 4044 1771 4083 curam
1801 4046 1893 4099 ge-

2042 4018 2086 4086 η(
2134 4030 2525 4101 προσκαλεῖται
2588 4027 2709 4081 καθ’
2785 4027 2981 4079 ἑαυτοῦ
3061 4027 3121 4080 τὸ
3190 4028 3551 4099 ἀρρώστημα,

412 4134 430 4165 ι
470 4126 594 4170 rat:
625 4125 679 4170 et
732 4115 781 4170 si
831 4116 1037 4170 artilici‘
1089 4133 1194 4171 non
1248 4101 1571 4183 reluctatur,
1627 4129 1680 4173 et
1737 4121 1892 4175 ulcus
1966 4114 1985 4123 ’

1966 4114 1985 4123 ’
2071 4146 2088 4175 ι
2134 4114 2358 4192 ἐφορᾷν,
2385 4121 2531 4183 ὅπως
2564 4135 2622 4170 τε
2652 4118 2751 4187 τῆς
2781 4119 2838 4170 ὲν
2870 4117 2945 4187 τῷ
2978 4117 3179 4188 μεταξὺ
3239 4125 3549 4186 προνοεῖται

414 4225 433 4257 ‹
468 4207 663 4261 animae
716 4216 877 4276 auget
933 4223 1029 4277 per
1102 4207 1479 4277 impositorum
1532 4210 1893 4264 medicamen-v

2038 4236 2045 4245 ι
2070 4236 2088 4266 ί
2133 4210 2499 4280 ἀναστροφῆς,
2536 4209 2630 4263 καὶ
2660 4210 2707 4260 εἰ
2734 4208 2808 4278 μὴ
2832 4206 2909 4278 τῷ
2949 4211 3165 4283 τεχνίτῃ
3192 4212 3551 4277 άντιπαλαίει,

410 4314 431 4347 ι
468 4308 648 4352 torum
680 4299 1062 4367 adjectionem,
1086 4299 1167 4354 sic
1197 4315 1413 4370 quoque
1442 4301 1889 4367 misericordiam,

2069 4329 2086 4358 ε
2110 4305 2303 4359 καὶτὸ
2335 4303 2433 4373 τῆς
2461 4301 2636 4371 ψυχῆς
2664 4300 2818 4364 ἕλκος
2845 4300 2933 4353 διὰ
2982 4302 3077 4370 τῆς
3107 4302 3213 4354 τῶν
3245 4305 3556 4373 ὲπιτιθεμέ-

411 4408 431 4441 ‹
470 4399 632 4461 prout
666 4392 863 4461 dignus
895 4401 1003 4457 est,
1034 4394 1324 4462 impertiri.
1357 4393 1582 4448 Omnem
1620 4395 1763 4448 enim
1791 4409 1895 4482 ra-.
1916 4436 1963 4495 ι)

1947 4440 1963 4493 )
2076 4421 2092 4452 ι
2139 4416 2243 4451 νων
2268 4394 2573 4466 φαρμάκων
2595 4392 2815 4457 αὐξάνει
2871 4396 3253 4464 προσαγωγῆς,
3289 4393 3381 4448 καὶ
3408 4395 3551 4449 οὕτω

408 4499 427 4532 ι
472 4482 673 4537 tionem
708 4483 807 4535 init
849 4482 1008 4546 Deus,
1060 4483 1216 4550 isque
1263 4483 1349 4536 cui
1392 4484 1684 4553 pastoralis
1723 4470 1963 4539 tradi-.U

1949 4470 1963 4492 ’
2070 4510 2088 4542 ι
2134 4490 2226 4541 τὸν
2255 4485 2401 4539 ἔλεον
2426 4482 2544 4536 κατ’
2565 4482 2718 4546 ἀξίαν
2741 4486 3077 4553 ἐπιμετρεῖν.
3113 4485 3225 4546 Πᾶς
3259 4487 3365 4554 γὰρ
3397 4486 3553 4554 λόγος

372 4638 380 4653 ι
414 4591 431 4623 ‹
472 4579 561 4626 tus
586 4582 669 4626 est
690 4574 1051 4643 principatus,
1077 4584 1135 4628 ut
1160 4582 1431 4626 errantem
1460 4589 1614 4627 ovem
1642 4575 1891 4644 reducat,

2067 4604 2084 4635 ι
2132 4580 2247 4650 Θεῷ
2307 4574 2521 4644 καὶτῷ
2580 4577 2679 4646 τὴν
2745 4576 3103 4645 ποιμαντικὴν
3160 4577 3550 4647 ἐγχειρισθέντι

412 4687 429 4715 ι
471 4665 624 4729 etei,
658 4681 777 4735 quae
810 4674 894 4720 est
934 4682 962 4718 a
1020 4674 1272 4735 serpente
1326 4666 1629 4732 vulnerata,
1679 4669 1893 4724 medea-

2066 4695 2084 4726 ι
2138 4670 2435 4742 ἡγεμονίαν
2460 4669 2521 4721 τὸ
2585 4666 2933 4737 πλανώμενον
2958 4667 3223 4735 πρόϐατον
3279 4670 3555 4737 ἐπαναγα-

414 4777 430 4807 ‹
477 4764 587 4821 tur,
641 4769 694 4812 et
748 4773 922 4827 neque
976 4772 1072 4825 per
1128 4756 1529 4825 desperationis
1591 4760 1889 4830 prmcipitia

2069 4786 2087 4818 ι
2130 4768 2265 4833 γεῖν,
2310 4761 2405 4815 καὶ⁹
2448 4758 2653 4832 τρωθὲν
2718 4758 2823 4809 ὑπὸ
2844 4757 2935 4810 τοῦ
2977 4758 3156 4825 ὄφεως
3211 4759 3548 4826 ἐξιάσασθαι,

416 4867 434 4899 ι
477 4849 739 4917 impellat,
774 4864 871 4901 nec
922 4849 986 4901 ad
1017 4847 1137 4901 vita:
1191 4847 1600 4903 dissolutionem
1653 4862 1709 4917 et
1757 4867 1891 4907 con-

2067 4877 2083 4908 ι
2126 4857 2219 4908 καὶ⁸
2275 4854 2414 4923 μήτε
2463 4851 2604 4905 κατὰ
2628 4850 2889 4921 κρημνῶν
2911 4849 3121 4920 ὠθῆσαι
3150 4850 3248 4919 τῆς
3299 4852 3550 4919 ἀπογνώ-

423 4962 441 4994 ι
487 4951 750 5011 temptum
804 4939 973 4993 fraena
1032 4941 1288 4994 relaxet:
1352 4940 1448 4995 sed
1504 4942 1606 4997 alia
1671 4944 1889 5014 quidem

2070 4967 2086 4997 ι
2134 4962 2290 5008 σεως,
2322 4947 2458 5013 μήτε
2487 4943 2576 4994 τὸν
2603 4941 2817 5012 χαλινὸν
2849 4926 3128 4995 ἐπιδοῦναι
3167 4941 3301 5004 πρὸς
3323 4944 3420 5011 τὴν
3454 4941 3548 4995 τοῦ

414 5056 431 5086 ι
471 5034 695 5088 omnino
729 5033 959 5096 ratione,
992 5031 1105 5085 sive
1162 5047 1258 5100 per
1309 5035 1520 5087 acriora
1579 5043 1633 5088 et
1686 5036 1891 5089 astrin-

2070 5057 2085 5087 ι
2134 5035 2247 5106 βίου
2304 5032 2520 5086 ἑκλυσίν
2562 5049 2620 5082 τε
2672 5033 2764 5085 καὶ
2822 5033 3265 5101 καταφρόνησινο
3322 5032 3437 5085 ἀλλ’
3490 5035 3548 5085 ἐν

411 5149 427 5177 ι
463 5125 667 5197 gentia,
698 5124 815 5178 sive
844 5137 936 5191 per
982 5123 1229 5177 molliora
1283 5134 1336 5177 et
1388 5126 1593 5181 leniora
1650 5127 1891 5181 mediea-

2073 5146 2091 5179 ι
2137 5127 2307 5196 ὲτέρῳ
2352 5123 2537 5193 τρόπῳ
2587 5123 2820 5185 πάντως,
2852 5123 2959 5176 εῐτε
2979 5122 3067 5175 διὰ
3088 5123 3193 5175 τῶν
3219 5122 3547 5193 αὐστηροτέ-

413 5237 431 5268 ‹
474 5223 674 5289 menta,
699 5214 967 5269 aﬁ‘ectioni
998 5217 1233 5280 resistat,
1257 5226 1310 5271 et
1336 5217 1399 5271 ad
1445 5219 1639 5271 ulceris
1684 5218 1890 5273 obduc-

2069 5239 2086 5269 ι
2138 5234 2243 5285 ρων
2265 5233 2321 5267 τε
2349 5215 2441 5267 καὶ
2465 5200 2789 5283 στυφὸντων,
2812 5214 2921 5266 εἴτε
2951 5212 3041 5267 διὰ
3066 5212 3173 5265 τῶν
3199 5212 3545 5281 άπαλοτέρων

414 5331 431 5362 ι
469 5312 670 5365 tionem
713 5309 1010 5375 adnitatur,
1063 5310 1274 5367 fructus
1329 5312 1661 5381 poenitentia:
1690 5311 1888 5367 exami-

2066 5330 2084 5362 ι
2130 5329 2188 5365 τε
2219 5310 2312 5363 καὶ
2348 5302 2664 5377 πραοτέρων
2686 5306 3010 5376 φαρμάκων,
3049 5306 3189 5357 κατὰ
3216 5304 3311 5357 τοῦ
3346 5306 3545 5367 πάθους

415 5424 431 5454 ι
475 5407 646 5468 nans',
693 5411 747 5458 et
785 5402 1055 5471 sapienter
1105 5402 1431 5471 dispensans
1490 5413 1542 5456 et
1581 5404 1889 5473 gubernans

2072 5423 2089 5454 ι
2132 5403 2343 5472 στῆναι,
2372 5404 2466 5453 καὶ
2505 5400 2640 5471 πρὸς
2683 5397 3006 5451 συνσύλωσιν
3039 5395 3132 5449 τοῦ
3166 5397 3359 5460 ἕλκους
3418 5398 3548 5450 ἀντ-

332 5546 339 5553 ,
414 5517 431 5545 ι
471 5486 767 5559 hominem,
807 5495 898 5563 qui
935 5493 1001 5547 ad
1033 5494 1376 5564 superiorem
1426 5494 1885 5551 illuminationem

2066 5518 2083 5546 ε
2129 5492 2513 5563 αγωνίσασθαι,
2552 5492 2675 5552 τοὺς
2699 5490 2797 5560 τῆς
2828 5489 3114 5559 μετανοίας
3147 5490 3387 5559 καρποὺς
3407 5491 3549 5543 δοκι-

417 5607 435 5637 (
472 5596 720 5642 vocatur.
752 5585 863 5640 Nos
910 5588 1055 5641 enim
1094 5597 1324 5656 utraque
1363 5587 1506 5642 scire
1555 5598 1785 5657 oportet,
1837 5599 1890 5644 et

2070 5608 2087 5639 ι
2133 5587 2351 5657 μάζοντι
2408 5586 2502 5639 καὶ
2538 5582 2908 5654 οἰκονομοῦντι
2943 5583 3121 5651 σοφῶς
3152 5583 3241 5637 τὸν
3284 5582 3421 5653 πρὸς
3447 5581 3546 5651 τὴν

416 5698 434 5729 ι
474 5694 593 5748 qua:
626 5686 753 5736 sunt
786 5678 983 5733 summi
1006 5679 1171 5747 juris,
1201 5688 1256 5733 et
1287 5696 1406 5747 qua:
1436 5688 1567 5735 sunt
1593 5690 1888 5737 consuetu—

2068 5700 2085 5730 ι
2131 5681 2242 5735 ἄνω
2270 5676 2686 5746 λαμπροφορίαν
2714 5674 3051 5744 καλούμενον
3078 5675 3385 5745 ἄνθρωπον.
3419 5674 3546 5741 Ἀμ-

418 5789 435 5819 ι
476 5771 640 5838 diuis,
671 5772 727 5827 in
750 5771 823 5847 iis
873 5781 1075 5835 autem,
1108 5772 1199 5841 qui
1229 5780 1473 5829 extrema
1518 5788 1628 5830 non
1685 5775 1879 5829 admit-

2066 5794 2084 5826 ι
2131 5772 2332 5844 φότερα
2384 5772 2563 5826 τοίνυν
2602 5768 2817 5824 ἐιδέναι
2851 5768 2997 5839 ἡμᾶς
3045 5767 3169 5839 χρὴ,
3200 5768 3292 5819 καὶ
3323 5766 3386 5820 τὰ
3446 5763 3550 5833 τῆς
