2031 3227
213 147 265 177 871

832 142 969 172 THEOD.
991 142 1187 173 BALSAMON

1769 141 1822 173 872

213 210 277 233 vero
291 209 339 234 per
354 207 501 230 consuetas
520 207 548 230 et
563 202 685 230 mitiores
700 201 859 232 medicinas,
883 201 991 236 quando

1049 201 1090 237 τὴν
1118 202 1252 238 ὑποδοχὴν
1281 202 1334 229 τῶν
1372 202 1517 236 ἐπιτιμίων
1548 201 1745 236 ἰατρευόμενοι.
1774 201 1821 231 Εἰς

214 251 243 280 ii,
267 249 367 282 quibus
388 240 521 275 medicina
545 248 700 280 adhibetur,
726 247 759 274 ad
782 254 878 282 pmnas
904 248 991 274 susei-

213 295 326 329 piendas
343 294 422 328 paulo
440 294 564 321 duriores
591 293 702 321 fuerim.
725 293 765 320 Ad
784 293 840 319 haec
862 283 992 319 consueta

213 341 285 368 enim
300 347 379 366 nemo
403 340 544 367 restiterit.
571 339 618 366 llis
638 339 816 366 consimiliter
832 339 910 373 jubet
936 345 992 364 ma‘

195 395 202 398 κ
213 393 282 421 gnus
298 392 406 420 quoque
419 385 536 413 Basilius
553 386 580 413 in
595 386 676 413 tertio
690 393 740 413 suo
755 393 871 413 canone.

250 431 375 458 ZONAR.
391 431 458 459 Cum
475 431 509 458 de
522 432 615 459 multis
631 440 662 459 ac
678 431 762 459 variis
782 431 928 458 multarum
947 438 993 465 ge-

215 478 328 506 neribus
346 479 467 513 synodus
479 478 650 510 disseruerit,
675 486 795 512 suasque
809 477 924 512 singulis
936 477 993 504 cri-

218 524 335 551 minibus
352 530 447 558 pmnas
464 525 584 559 vicissim
610 524 716 551 debitas
741 523 923 555 constituerit,
943 522 994 549 hoc

213 571 321 596 demunt
338 577 442 596 canone
455 570 645 604 episcoporum
660 570 764 604 judicio
784 570 912 597 universa
933 576 994 603 per—

215 616 299 643 misit.
316 615 371 642 Nec
400 623 465 643 vero
495 617 582 643 solum
607 616 641 643 de
665 622 835 650 peccatorum
865 614 994 650 qualitate

213 663 375 697 gz‘aviorane
390 669 425 688 an
445 663 546 689 leviora
571 662 634 694 sint,
656 661 844 696 cogitandum,
870 660 917 688 sed
935 660 993 695 ejus

215 715 323 742 quoque
341 709 386 742 qui
403 707 536 743 peccavit,
554 707 733 740 affectionem,
756 712 783 735 et
804 706 939 741 quomodo
956 706 991 733 ad

216 754 405 788 pmiiitentiatn
422 755 588 789 disponitur,
611 762 644 780 au
661 754 766 781 scilicet
781 754 812 780 ad
831 761 862 781 ea
877 752 994 781 remedia

215 807 275 834 quae
297 800 472 827 acritnmtiam
501 800 731 835 acerbitatemque
764 800 892 832 habeant,
920 799 995 826 exci-

217 846 317 881 pienda
333 846 369 872 sit
386 850 508 880 paratus,
525 853 558 872 an
575 853 639 872 vero
656 846 824 873 curationem
851 845 941 881 mollis
963 851 994 871 ac

217 893 309 927 Segnis
326 893 436 919 animus
461 893 630 925 reformidet,
652 891 865 928 inspiciendum.
890 898 994 925 proque

217 938 390 965 affectionum
407 939 550 969 varietate.
573 939 708 966 diversam
734 938 862 965 curanda;
884 937 996 972 aegritu-

216 985 288 1012 dinis
320 984 452 1011 rationem
478 984 621 1011 iueundam
651 991 712 1011 esse
748 984 926 1017 demonstrat,
963 990 996 1009 ne

216 1029 325 1056 duobus
356 1028 426 1056 forte
450 1029 544 1055 eodem
571 1029 685 1055 crimine
709 1028 860 1059 obstrictis,
880 1034 994 1062 quorum

217 1077 286 1103 alter
304 1077 337 1102 ad
355 1075 469 1102 luendas
489 1075 574 1102 errati
593 1082 687 1110 pmnas
702 1079 811 1109 paratus
828 1075 874 1107 sit,
893 1074 997 1109 segnio-

219 1130 275 1149 rem
295 1129 324 1149 se
343 1122 411 1149 alter
428 1129 459 1148 ac
476 1121 621 1148 tardiorem
636 1121 764 1155 prmbcat,
781 1121 827 1155 qui
849 1124 996 1155 utrumque

218 1167 367 1194 curandum
381 1167 514 1201 suscepit,
531 1166 553 1193 si
573 1166 658 1193 totius
675 1165 779 1200 peccati
804 1169 925 1200 spectata
955 1171 997 1191 ra-

218 1214 290 1240 tione
320 1213 413 1240 eadem
430 1212 539 1247 utrique
551 1211 672 1239 remedia
689 1211 841 1238 curationis
856 1211 996 1243 adhibeat,

221 1260 328 1286 aberret
342 1258 461 1293 longius,
479 1265 511 1285 ac
525 1258 669 1292 aegrotanti
686 1258 800 1285 salutent
829 1257 925 1284 aﬂ‘erre
943 1265 996 1284 non

221 1307 257 1332 ita
286 1304 365 1331 facile
381 1305 478 1339 possit.
505 1304 573 1331 Nam
591 1304 636 1331 ille
662 1304 771 1338 quidem
796 1305 875 1337 alter,
903 1304 934 1330 ad
948 1311 998 1330 ex~

222 1350 321 1385 pianda
343 1351 459 1377 crimina
476 1350 586 1377 strenue
600 1355 722 1385 paratus,
736 1350 817 1377 etiam
833 1350 854 1377 si
875 1351 999 1377 acerbior

221 1397 324 1423 homini
357 1403 436 1431 poma
454 1394 553 1423 ltienda
583 1397 629 1426 sit.
659 1404 711 1423 non
740 1396 888 1428 recusabit,
916 1405 998 1431 seque

220 1447 306 1469 totum
332 1443 406 1470 illius
424 1451 438 1470 a
459 1450 513 1478 quo
540 1443 640 1477 regitur
661 1443 805 1474 voluntati,
831 1443 998 1479 arbitrioque

222 1489 377 1522 permittet;
394 1481 474 1516 'alter
503 1496 569 1516 vero
592 1489 638 1524 qui
668 1488 742 1515 nullo
771 1496 801 1516 se
829 1490 998 1524 paenitentiae

222 1543 314 1562 amore
333 1535 475 1562 incensum
489 1536 628 1567 ostendat,
645 1536 780 1562 acriorem
806 1543 997 1570 quamcunque

1041 248 1128 274 ταῦτα
1139 248 1192 282 γὰρ
1206 249 1239 274 τὰ
1256 247 1357 282 συνήθη
1373 248 1421 274 οὐκ
1446 247 1478 274 ἄν
1504 257 1544 279 τις
1565 247 1720 281 ἀντισταίη.
1747 246 1822 280 Παρ-

1043 294 1143 329 ομοίως
1156 293 1184 320 δὲ
1199 294 1302 325 τούτοις
1310 294 1525 335 παρακελεύεται
1547 293 1593 320 καὶ
1605 294 1618 320 ό
1638 294 1724 329 μέγας
1744 293 1824 319 Βατί-

1043 340 1124 382 λειοςλ
1141 341 1170 367 ἐν
1183 341 1221 375 τῷ
1236 343 1259 374 γ’
1271 340 1363 367 κανόνι
1380 340 1472 368 αὐτοῦ.

1080 430 1199 456 ΖΩΝΑΡ.
1226 429 1292 466 Περὶ
1317 429 1421 456 πολλῶν
1453 428 1595 463 ἐπιτιμίων
1623 429 1669 454 καὶ
1688 428 1824 464 διαφόρων

1044 476 1215 510 διαλεχθεῖσι
1247 476 1263 509 ἡ
1286 475 1403 507 σύνοδος,
1428 475 1474 501 καὶ
1496 476 1550 501 τῶν
1576 475 1824 510 ἁπαριθμηθὲντων

1044 523 1220 557 πταισμάτων
1256 522 1361 556 ἑκάστῳ
1392 519 1423 547 τὸ
1463 515 1628 555 κατάλληλον
1665 521 1824 553 ἀποτάξασα.

1043 569 1196 595 τελευταῖον
1223 568 1266 595 διὰ
1292 569 1337 594 τοῦ
1369 568 1503 603 παρόντος
1532 568 1643 598 κανόνος
1666 567 1697 593 τὸ
1715 568 1767 594 πᾶν
1789 569 1822 602 τῇ

1044 614 1133 650 κρίσει
1157 614 1210 640 τῶν
1222 614 1378 640 ἐπισκόπων
1392 613 1509 640 ἀνέθετο.
1527 613 1581 639 Καὶ
1592 613 1690 647 χρῆναί
1705 622 1772 648 φησι
1787 614 1824 649 μὴ

1022 654 1031 700 ί
1046 661 1126 695 μόνον
1137 659 1184 695 τὴν
1195 660 1324 694 ποιότητα
1338 661 1388 694 τῆς
1404 659 1541 694 ἁμαρτίας
1551 661 1670 691 σκοπεῖν,
1686 660 1709 685 εί
1720 660 1825 694 μεγάλη

1044 707 1123 741 τυχὸν
1131 707 1182 747 ἐἴη
1202 708 1218 743 ἢ
1238 707 1345 741 μετρία,
1362 707 1429 733 ἀλλὰ
1445 707 1491 732 καὶ
1506 707 1554 741 τὴν
1572 706 1617 747 τοῦ
1635 707 1826 742 ἡμαρτηκότος

1044 753 1174 785 διάθεσιν,
1192 754 1239 780 καὶ
1253 753 1326 784 ὅπως
1344 753 1411 787 πρὸς
1430 754 1480 788 τὴν
1497 744 1642 787 μετάνοιαν
1663 753 1825 779 διατίθεται·

1045 801 1069 826 εί
1086 800 1201 833 ἑτοίμως
1215 800 1270 834 ἔχει
1284 800 1382 834 δηλαδὴ
1398 799 1523 832 δέξασθαι
1536 800 1669 834 φάρμακα
1690 799 1827 833 στύροντα

1046 847 1093 872 καὶ
1117 845 1305 879 πικραίνοντα,
1333 845 1349 880 ἢ
1384 845 1575 880 μαλακώτερον
1597 845 1751 877 διάκειται,
1780 844 1828 870 καὶ

1048 892 1216 927 νωθρότερον
1228 891 1295 926 πρὸς
1306 891 1354 926 τὴν
1366 891 1524 926 θεραπείαν,
1543 892 1589 917 καὶ
1603 891 1674 917 οὕτω
1690 890 1829 925 κατάλλη-

1046 938 1092 964 λον
1104 939 1301 974 προσάγειν-τὸ
1320 939 1406 972 ἴαμα·
1427 938 1472 964 ἵνα
1497 938 1545 973 μὴ,
1573 937 1618 964 δύο
1639 938 1719 972 τυχὸν
1730 937 1784 963 τῶν
1800 937 1829 963 τὸ

1047 985 1112 1012 αὐτὸ
1126 984 1344 1019 ἁμαρτησάντων
1372 984 1474 1016 ὄντων,
1502 984 1609 1010 καὶτοῦ
1641 984 1690 1017 μὲν
1715 983 1827 1018 ἑτοίμου

1046 1031 1226 1065 τυγχάνοντος
1259 1031 1326 1065 πρὸς
1353 1030 1509 1064 μετάνοιαν,
1535 1029 1636 1055 τοῦ.δὲ
1659 1028 1828 1064 νωθρότερον

1047 1077 1229 1112 διακειμένου,
1244 1077 1257 1102 ὁ
1268 1075 1425 1111 θεραπεύων
1441 1076 1539 1107 αὐτοὺς
1557 1075 1624 1110 πρὺς
1638 1075 1667 1101 τὸ
1676 1075 1828 1110 ἁμάρτημα

1048 1123 1127 1158 μόνον
1145 1122 1315 1155 ἀποϐλέπων,
1329 1123 1377 1148 καὶ
1392 1122 1514 1156 ἑκατέρῳ
1528 1121 1617 1147 αὐτῶν
1634 1121 1735 1155 ὁμοίως
1754 1120 1827 1155 χρώ-

1048 1178 1138 1205 μενος,
1155 1168 1323 1203 ἁποσφαλείη
1341 1168 1407 1203 πρὸς
1428 1167 1476 1203 τὴν
1491 1167 1628 1202 σωτηρίαν
1646 1167 1693 1193 τοῦ
1707 1167 1828 1200 κάμνον-

1047 1225 1102 1248 τος.
1126 1216 1154 1241 'U
1170 1216 1218 1249 μὲν
1238 1215 1290 1250 γὰρ
1310 1215 1425 1249 ἑτοίμως
1443 1214 1511 1248 ἔχων
1527 1214 1594 1248 πρὸς
1607 1213 1656 1248 τὴν
1674 1213 1831 1246 μετάνοιαν,

1047 1264 1099 1290 κᾶν
1111 1263 1312 1297 αὐστηρότερον
1329 1262 1371 1297 εῖη
1389 1261 1419 1287 τὸ
1444 1261 1590 1295 ἐπιτίμιον,
1617 1260 1724 1293 δέξεται
1737 1260 1828 1291 τοῦτο,

1047 1309 1094 1335 καὶ
1123 1308 1218 1334 ἑαυτὸν
1240 1307 1374 1342 ὑποθήσει
1388 1306 1427 1342 τῷ
1458 1306 1505 1332 τοῦ
1524 1307 1605 1334 αὐτὸν
1624 1306 1830 1341 οῖκονομοῦντος

1048 1354 1213 1388 θελήματι·
1239 1354 1253 1379 ὸ
1289 1352 1317 1379 δὲ
1359 1353 1396 1387 μὴ
1431 1351 1586 1387 θερμότητα
1614 1352 1720 1383 δεικνὺς
1763 1352 1831 1386 προς

1037 1398 1193 1439 ¹μετάνοιαν
1212 1397 1431 1432 ἀποδυσπετήσει
1456 1396 1524 1430 πρὸς
1550 1396 1583 1423 τὰ
1601 1396 1672 1423 πάνυ
1697 1395 1831 1430 στύφοντα

1047 1442 1192 1478 φάρμακα,
1209 1443 1257 1470 καὶ
1269 1443 1299 1469 οὐ
1315 1442 1394 1478 μόνον
1412 1442 1461 1468 οὐκ
1479 1442 1629 1476 ἰαθήσεται,
1643 1441 1709 1468 ἀλλὰ
1721 1442 1770 1467 καὶ
1791 1442 1832 1472 εἰς

1049 1491 1209 1524 ἀπόγνωσιν
1246 1489 1311 1521 ἴσως
1351 1487 1480 1523 ἐμπεσὼν
1509 1489 1627 1523 χείροσιν
1655 1487 1832 1513 ﬂammast-rat

1048 1536 1248 1571 πλημμελείαις

221 1582 381 1610 medicinam
398 1583 542 1611 tastidiose
557 1588 676 1617 respuet,
693 1590 782 1617 neque
796 1583 878 1610 modo
891 1583 1003 1610 morbos
1024 1591 1076 1611 non
1093 1584 1220 1619 depellet,
1248 1584 1295 1611 sed
1314 1581 1503 1617 desperatione
1530 1581 1645 1609 fortasse
1682 1580 1769 1607 victus
1803 1579 1832 1607 in

221 1629 343 1657 i‘acinora
355 1631 438 1657 etiam
455 1630 580 1665 graviora
596 1631 788 1665 praecipitabit.

256 1675 398 1711 Multiplex
417 1676 488 1703 enim
507 1681 562 1708 est,
576 1676 705 1711 inquiunt
721 1676 827 1707 Patres,
855 1678 1000 1711 aclvarius

220 1721 325 1755 peccati
353 1720 483 1753 morbus,
513 1721 668 1756 multasque
702 1722 865 1756 propagines
900 1723 1001 1750 erroris

220 1766 334 1797 emittit,
351 1774 382 1793 ex
396 1766 495 1801 quibus
511 1767 612 1793 utalum
634 1767 714 1801 longe
738 1767 847 1802 lateque
871 1768 1002 1794 diﬂundi-

223 1817 276 1844 tur,
306 1812 358 1840 hoc
384 1816 445 1845 est,
474 1813 555 1841 latius
578 1818 707 1848 evagatur
728 1821 760 1841 ac
789 1814 884 1849 serpit,
916 1814 1002 1841 donec

228 1866 349 1893 eousque
363 1859 536 1893 processerit,
554 1864 588 1890 ιιι,
603 1860 683 1886 etiam
698 1861 859 1887 medicinam
872 1860 1002 1888 adhibere

222 1904 357 1938 cupientis
369 1905 447 1939 longe
461 1909 570 1939 superet
583 1904 750 1932 facultatem.
760 1905 889 1938 Proimlc,
906 1907 941 1933 sit
956 1906 1000 1933 illa

222 1951 322 1985 prima,
342 1951 441 1985 inquit,
463 1951 615 1986 spiritualis
627 1952 725 1979 medici
740 1960 817 1983 cura,
833 1957 862 1979 ut
874 1960 936 1979 eum
953 1953 1001 1986 qui

222 1996 356 2030 peccavit,
373 1996 600 2030 quemadmodum
625 1997 715 2024 animo
740 1997 852 2025 affectus
875 1998 921 2030 sit,
942 1997 1003 2025 dili-

223 2045 318 2076 genter
329 2041 465 2076 inspiciat,
481 2049 515 2068 an
533 2042 714 2070 ardentiorem
729 2048 793 2078 agat-
805 2044 1001 2078 pteniteutiam,

223 2091 250 2114 et
265 2088 408 2115 sanitatem
426 2093 544 2122 appetat,
561 2095 594 2114 an
611 2093 717 2121 contra,
742 2097 848 2116 morum
871 2090 1003 2124 improbi-

224 2136 279 2159 tate
289 2133 414 2159 morbum
434 2141 513 2160 suum
531 2133 646 2167 ipsemet
666 2138 782 2169 augeat;
807 2141 862 2162 tum
876 2143 1000 2169 quasnam

224 2177 343 2206 hominis
358 2183 420 2213 post
433 2179 581 2206 admissum
603 2179 709 2207 facinus
725 2181 787 2207 vitae
802 2181 871 2207 ratio
897 2188 929 2207 ac
949 2187 1005 2207 ιηο⁴

1091 1675 1236 1709 Πολυειδὴς
1259 1674 1324 1709 γὰρ,
1354 1674 1437 1708 φασιν
1451 1674 1475 1699 ot
1490 1673 1619 1707 Πατέρες.
1649 1671 1697 1698 καὶ
1723 1671 1833 1706 ποικίλη

1053 1723 1101 1757 τῆς
1113 1721 1251 1756 ἁμαρτίας
1267 1721 1281 1755 ᾗ
1294 1720 1381 1753 νόσος,
1394 1721 1441 1746 καὶ
1470 1719 1568 1751 πολλὰς
1593 1717 1773 1753 παραφυάδας
1783 1717 1834 1752 τῆς

1054 1767 1155 1802 βλάϐης
1169 1766 1367 1801 βλαστάνουσα,
1402 1765 1430 1798 ἐξ
1446 1762 1483 1792 ὧν
1505 1764 1694 1799 παραφυάδων
1707 1765 1738 1790 τὸ
1750 1763 1834 1790 κακὸν

1053 1814 1195 1848 διαχεῖται,
1214 1812 1378 1838 πλατύνεται
1396 1812 1399 1817 “
1414 1811 1513 1846 δηλαδὴ
1534 1811 1580 1837 καὶ
1596 1810 1790 1845 πρόεισιν,ἓως
1803 1810 1834 1835 ἂν

1054 1859 1173 1887 τοιοῦτον
1185 1860 1308 1894 γένηται,
1338 1858 1408 1884 ὥστε
1432 1858 1583 1893 ὑπερνικᾷν
1600 1859 1645 1883 καὶ
1665 1859 1714 1891 τὴν
1728 1857 1774 1882 τοῦ
1793 1856 1835 1882 θε-

1055 1904 1218 1941 ραπεύοντος
1230 1904 1355 1935 δύναμιν.
1375 1903 1423 1929 Διὰ
1440 1903 1537 1934 ταῦτα,
1553 1904 1628 1937 φησὶ,
1643 1904 1688 1928 τδν
1716 1910 1834 1936 πνευμα-

1053 1951 1128 1981 τικὸν
1142 1950 1234 1984 ἰατρὸν
1250 1950 1289 1975 δεῖ
1305 1949 1413 1985 πρῶτον
1431 1949 1479 1984 τὴν
1501 1949 1547 1974 τοῦ
1571 1948 1761 1984 ἡμαρτηκότος
1780 1948 1834 1974 διὰ-

1055 1998 1129 2024 θεσιν
1143 1996 1324 2023 κατασκοπεῖν
1338 1995 1393 2022 εἴτε
1409 1995 1514 2030 θερμῶς
1530 1996 1664 2030 μετανοεῖ,
1677 1994 1723 2021 καὶ
1741 1996 1836 2028 ὑγείας

1054 2044 1193 2079 ὀρέγεται,
1214 2043 1269 2069 εἴτε
1283 2042 1382 2077 μᾶλλον
1406 2042 1454 2077 τὴν
1470 2042 1546 2067 νόσον
1562 2041 1636 2074 αὔξει
1654 2041 1714 2067 καθ’
1736 2041 1835 2067 ἑαυτοῦ

1054 2090 1098 2116 διὰ
1108 2089 1215 2124 τρόπων
1239 2088 1348 2121 κακίαν,
1379 2089 1427 2126 καὶ
1451 2088 1508 2119 πῶς
1541 2088 1608 2122 μετὰ
1632 2089 1682 2123 τὴν
1697 2087 1836 2122 ἁμαρτίαν

1055 2135 1255 2170 ἀναστρέφεται
1267 2135 1313 2160 καὶ
1327 2133 1392 2168 βιοῖ,
1407 2134 1453 2160 καὶ
1471 2135 1495 2159 εἰ
1513 2133 1550 2167 μὴ
1564 2132 1603 2168 τῷ
1628 2132 1736 2168 τεχνίτῃ
1756 2133 1837 2158 ἀντι-

1056 2180 1194 2214 παλαίσει,
1221 2181 1291 2215 ὅπερ
1305 2181 1411 2214 γίνεται
1431 2180 1477 2206 ἐπὶ
1491 2179 1545 2205 τῶν
1562 2179 1661 2212 μανίαν
1675 2179 1836 2205 νοσούντων.

223 2223 292 2257 dus;
312 2231 346 2251 an
373 2232 434 2251 cum
469 2225 566 2252 medici
594 2226 710 2252 artiiicio
738 2226 862 2260 ipsemet,
894 2226 998 2253 insania

1060 2228 1173 2255 Ἐκεῖνοι
1196 2225 1254 2262 γὰρ
1263 2228 1318 2258 τοῖς
1338 2225 1509 2262 ἰατρεύουσιν
1525 2226 1622 2256 αὐτοὺς
1648 2224 1838 2260 ἀνθίστανται,

223 2274 410 2304 correptorum
427 2279 511 2303 more,
530 2272 713 2307 colluctctttr;
737 2271 774 2297 illi
794 2273 865 2298 enim
884 2272 1003 2299 medicis

225 2316 414 2347 adversantur,
437 2318 621 2350 salutariaque
642 2317 708 2350 ipsis
734 2306 929 2343 iuedicameula
956 2318 1004 2344 ad-

227 2359 350 2386 hibentes
367 2361 510 2394 repellunt.
528 2359 595 2386 lllud
622 2367 729 2394 quoque
755 2360 850 2387 sedulo
882 2362 1005 2390 animad-

224 2410 327 2437 vertat;
355 2414 387 2432 ne
406 2408 474 2433 forte
490 2406 586 2432 animm
601 2406 679 2433 ulcus
693 2407 749 2440 ipsa
764 2406 905 2435 curatione
922 2409 1007 2436 medi-

224 2455 464 2486 camentorumque
504 2451 675 2485 appositioue
711 2452 871 2486 crudescat;
909 2454 1000 2489 itaque

224 2498 322 2529 oleum,
341 2502 370 2524 ut
400 2496 570 2531 aegritudinis
601 2496 671 2524 ratio
696 2498 855 2531 postulabit,
885 2499 1002 2526 medica-

225 2542 323 2569 mentis
348 2540 507 2568 admisceat.
527 2540 574 2568 Est
589 2542 691 2569 veroid
709 2542 781 2576 quod
808 2544 874 2570 dicit
899 2544 998 2578 hujus-

226 2589 314 2621 modi;
330 2595 391 2615 esse
419 2586 546 2613 nimirum
574 2595 589 2613 a
614 2588 749 2622 spirituali
775 2589 881 2616 medico
900 2594 1002 2617 attente

227 2632 455 2662 considerandum
471 2633 627 2667 aegrotantis
649 2633 791 2667 affectum;
809 2640 839 2661 ut
855 2642 903 2662 nec
926 2644 1000 2668 eum,

226 2681 273 2716 qui
290 2683 404 2713 angusto
418 2679 568 2714 pusilloque
583 2680 673 2707 animo
691 2681 739 2712 sit,
751 2682 1002 2710 vehementioribus

226 2725 353 2754 remediis
368 2729 473 2759 urgeat,
489 2733 522 2753 ne
535 2726 656 2754 vulneris
679 2727 842 2759 molestiam,
859 2728 1002 2762 desperata

225 2772 259 2798 ab
277 2776 309 2798 eo
336 2771 486 2803 curatione,
514 2771 603 2798 adhuc
625 2773 710 2807 magis
738 2774 876 2808 intendat;
904 2783 1003 2810 neque,

226 2823 305 2850 quem
333 2815 517 2849 asperioribus
539 2817 743 2846 medicamentis
769 2818 891 2847 sufﬁcere
916 2828 997 2855 posse

226 2861 400 2892 intellexerit,
417 2862 444 2890 in
459 2869 491 2890 eo
512 2863 633 2891 curando
654 2863 824 2892 facilioribus
842 2858 944 2898 utatur,
970 2874 1003 2894 ex

1051 2274 1097 2300 καὶ
1115 2274 1165 2300 οὐκ
1177 2273 1243 2299 ὲῶσι
1255 2273 1441 2308 προσαγαγεῖν
1455 2273 1547 2303 αὐτοῖς
1566 2271 1600 2298 τὰ
1629 2273 1748 2306 σωτήρια
1769 2271 1837 2305 φάρ-

1058 2327 1142 2353 μακα.
1157 2319 1274 2345 Σκοπεῖν
1298 2318 1326 2344 δὲ
1342 2319 1390 2345 καὶ
1403 2318 1491 2349 τοῦτο,
1524 2318 1629 2352 μήποτε
1648 2317 1779 2352 ἰατρεύων
1790 2317 1839 2342 καὶ

1057 2365 1189 2400 φάρμακα
1223 2364 1369 2400 προσάγων
1384 2363 1428 2390 διὰ
1450 2364 1499 2399 τῆς
1523 2363 1672 2394 ἐπιθέσεως
1684 2363 1772 2389 αὐτῶν
1788 2363 1840 2388 αὑ-

1057 2409 1123 2444 ξάνῃ
1135 2408 1165 2436 τδ
1179 2408 1258 2440 ἕλκος
1275 2410 1306 2435 τὸ
1318 2409 1445 2443 ψυχικὸν,
1459 2409 1508 2436 καὶ
1533 2409 1607 2436 οὕτω
1622 2410 1667 2435 τον
1685 2409 1759 2435 ἔλεον
1770 2417 1824 2435 κατ

1050 2455 1130 2488 ἀξίαν
1157 2455 1328 2490 ἐπιμετρείν.
1346 2455 1378 2481 '0
1398 2455 1426 2482 δὲ
1450 2455 1523 2489 λέγει
1558 2455 1636 2482 τοῦτό
1670 2456 1742 2490 ἐστιν
1760 2463 1767 2470 ·
1796 2455 1840 2482 ὃτι

1055 2500 1199 2536 προσέχειν
1211 2501 1252 2527 δεῖ
1270 2500 1314 2527 τὸν
1329 2502 1513 2535 πνευματικὸν
1545 2502 1637 2536 ίατρδν
1654 2503 1686 2536 τῇ
1718 2500 1838 2527 διαθέσει

1053 2547 1100 2573 τοῦ
1112 2547 1270 2580 κάμνοντος,
1298 2546 1346 2572 καὶ
1362 2550 1431 2581 μήτε
1448 2547 1486 2581 τῷ
1499 2547 1661 2581 μικροψύχῳ
1688 2546 1839 2573 ἐπιτιθέναι

1057 2592 1192 2627 στύφοντα
1208 2594 1355 2627 φάρμακα,
1374 2593 1418 2619 ἵνα
1432 2593 1469 2628 μὴ
1486 2593 1585 2627 μᾶλλον
1614 2593 1719 2628 αὐξήσῃ
1747 2593 1778 2618 τὸ
1793 2592 1853 2618 ἓλ-ι

1057 2646 1114 2669 κος,
1135 2638 1372 2673 ἀπαγορεύσαντος
1389 2638 1455 2672 πρὸς
1480 2639 1529 2672 τὴν
1544 2638 1691 2672 θεραπείαν
1720 2638 1836 2671 ἐκείνου,

1058 2678 1126 2718 μήτε
1139 2684 1176 2717 τῷ
1191 2684 1332 2719 δυναμένῳ
1350 2684 1384 2710 τα
1398 2684 1588 2720 αὑστηρότερα
1614 2684 1739 2719 δέχεσθαι
1750 2684 1837 2719 μαλα-

1056 2730 1176 2765 κώτερον
1187 2730 1400 2765 προσφέρεσθαι,
1429 2729 1498 2756 ὥστε
1521 2730 1565 2756 διὰ
1589 2731 1637 2765 τὴν
1657 2730 1836 2765 μαλακότητα

1054 2777 1109 2802 τῶν
1124 2777 1271 2811 ἐπιτιμίων
1287 2777 1436 2811 ἐμπίπτειν
1449 2777 1552 2803 ἐκεῖνον
1568 2779 1608 2808 είς
1623 2777 1652 2803 τὸ
1669 2777 1734 2803 αὐτὸ
1750 2778 1835 2807 πάθος

1056 2823 1102 2849 καὶ
1113 2823 1152 2854 εἰς
1177 2823 1268 2857 μεῖζον
1286 2817 1361 2855 ἴσως·
1374 2823 1430 2849 ἀλλ’
1440 2824 1600 2859 ἐπιμετρεῖν
1610 2824 1655 2850 τὸν
1669 2824 1743 2850 ἔλεον
1768 2822 1836 2850 κατ’

1056 2868 1144 2901 ἀξίαν,
1177 2869 1260 2903 ἤγουν
1273 2869 1358 2896 ἐλεεῖν
1370 2869 1486 2896 ’ἑκαστον
1518 2869 1600 2901 ἀξίως
1609 2871 1659 2904 τῆς
1675 2870 1757 2897 αὐτοῦ
1780 2870 1837 2897 δια-
