4062 6390
408 342 510 404 873

1441 333 1519 391 IN
1561 329 1727 390 CAN-
1771 329 1878 388 Cll
1910 326 2117 388 CONC.
2156 327 2238 390 IN
2279 326 2605 388 TRULLO.

3554 327 3659 392 874

409 458 634 519 θέσεως,
695 455 791 508 καὶ
841 452 1164 523 ὲλαφρύνειν
1223 449 1323 520 μὲν
1365 465 1442 518 τῳ
1495 443 1821 518 μικροψύχῳ
1874 441 2003 512 τὴν,

2106 458 2185 510 [ιιο
2220 442 2372 496 illum
2406 457 2579 513 pinnae
2609 442 2800 498 levitas
2830 445 2882 499 in
2909 443 3156 502 eamdem
3188 447 3271 502 vel
3313 447 3475 503 etiam
3521 465 3647 517 gra-

409 548 746 618 ὲπιτίμησιν,
775 545 1029 617 βαρύνειν
1057 543 1114 596 δὲ
1140 541 1218 612 τῷ
1269 538 1635 613 μεγαλοψύχῳ
1664 535 1856 606 αὐτὴν,
1876 535 1974 587 καὶ

410 641 696 710 ἀμφότερα
719 638 786 691 δι’
824 636 971 689 ἔλεον
1005 637 1176 688 ποιεῖν
1197 651 1210 666 ο
1244 633 1332 686 ἴνα
1382 631 1474 684 τὸν
1539 632 1639 701 μὲν
1686 627 1976 697 ἐκκαθάρῃ

409 733 504 785 τοῦ
541 731 737 801 ῥύπου,
762 729 839 799 τῷ
867 729 921 780 δὲ
951 727 1024 798 μὴ
1048 726 1271 798 ὲπιξὲσῃ
1305 724 1366 777 τὸ
1390 723 1632 794 τραῦμα,
1671 719 1764 769 καὶ
1795 719 1979 786 χεῖρον

411 825 470 875 τὸ
504 822 660 884 ἕλκος
697 821 1023 891 ἐργάσηται.

2086 536 2288 589 viorem
2321 550 2518 589 noxam
2561 550 2755 590 rursus
2786 537 3029 608 impellat
3060 553 3079 594 :
3125 540 3222 595 sed
3256 555 3380 596 esse
3424 542 3656 597 misera-

2088 627 2292 681 tionem
2327 627 2625 697 unicuique
2673 643 2772 698 pro
2812 631 3019 685 meritis
3073 631 3514 702 impertiendam,
3550 636 3657 690 hoc

2090 729 2171 771 est
2203 733 2300 788 pro
2332 733 2419 782 ea,
2459 735 2583 787 qua:
2605 720 2657 773 in
2686 722 2916 791 singulis
2953 723 3117 778 fuerit
3146 725 3312 779 animi
3344 727 3658 790 aii’ectionc.

2094 811 2168 864 ita
2209 812 2647 881 uniuscujusque
2679 814 3080 881 miscrendum;
3123 824 3177 871 et
3223 820 3389 872 animi
3443 820 3664 888 quidem

415 915 724 986 abjectioris
779 915 1074 977 hominem,
1128 911 1333 966 leviore
1381 925 1560 980 poena,
1629 909 1809 977 magni
1860 921 1988 961 vero
2059 895 2291 974 spiritus
2349 917 2404 961 et
2463 916 2729 972 erectum,
2790 895 3458 980 graviorﬁpuniendum;
3505 916 3669 984 idque

414 1025 586 1071 totum
624 1008 1013 1067 misericordia:
1056 1005 1432 1069 tribuendum,
1465 1012 1523 1058 ut
1558 1003 1627 1056 ah
1656 1002 1830 1057 altero
1859 1001 2078 1070 quidem
2113 1001 2424 1068 squalorem
2456 1011 2512 1054 et
2592 1005 2785 1057 sordes
2870 1004 3169 1075 abstergat,
3243 1007 3468 1062 alterius
3537 1023 3668 1063 vero

415 1108 616 1165 vulnus
657 1120 726 1159 ne
760 1101 1055 1171 scalpendo
1081 1099 1262 1153 adhuc
1293 1099 1470 1168 magis
1496 1105 1804 1165 exasperet.

495 1203 560 1255 Ἡ
593 1202 702 1270 γὰρ
735 1200 884 1252 πᾶσα
925 1197 1145 1267 φροντὶς
1178 1194 1272 1247 καὶ
1297 1191 1500 1260 σπουδὴ
1641 1207 1700 1242 τε
1751 1189 1871 1258 Θεῷ
1900 1188 1994 1241 καὶ

418 1295 495 1365 τῷ
534 1292 722 1363 ψυχῶν
775 1290 992 1358 ποιμένι
1038 1287 1198 1340 τοῦτό
1252 1289 1390 1348 ὲστι,
1452 1286 1512 1337 τὸ
1546 1283 1608 1336 τὸ
1638 1281 1992 1349 πλανώμενον

419 1386 692 1456 πρόϐατον
732 1382 1124 1448 ἐπαναγαγεῖν,
1156 1379 1250 1431 καὶ
1285 1377 1347 1430 τὸ
1381 1374 1711 1447 φαρμαχθὲν
1746 1373 1851 1427 ὐπδ
1898 1371 1992 1425 τοῦ

417 1480 591 1548 ὂψεως
638 1475 983 1543 ἐξιάσασθαι,
1053 1472 1148 1524 καὶ
1192 1470 1333 1542 μήτε
1377 1468 1466 1522 δια
1533 1469 1637 1536 τῆς·
1686 1464 1992 1535 αὐστηρίας

418 1574 627 1642 ὼθῆσαι
659 1571 798 1623 κατὰ
855 1564 1104 1636 κρημνοῦ
1144 1562 1244 1632 τῆς
1299 1558 1674 1628 ἐπιγνώσεως,
1729 1556 1866 1627 μήτε
1903 1553 1992 1607 διά

419 1663 752 1733 χαυνότητος
780 1658 992 1712 καὶτῶν
1020 1653 1393 1724 ἁπαλωτέρων
1414 1650 1726 1720 φαρμάκων
1746 1647 1992 1700 ἐνδοῦναι

421 1753 569 1824 αὐτῷ
621 1751 712 1805 τὸν
753 1748 992 1820 χαλινὸν,
1055 1746 1131 1807 ὡς
1180 1745 1353 1810 ἵππῳ,
1403 1742 1545 1795 ὥστε
1611 1742 1840 1811 σκιρτᾷν
1898 1740 1992 1794 καὶ

2167 1184 2360 1241 Omnis
2412 1187 2678 1256 siquidem
2729 1196 2841 1241 tum
2902 1190 3076 1259 ipsius
3140 1191 3230 1246 Dei
3269 1202 3384 1248 tum
3434 1198 3670 1266 pastoris

2098 1276 2404 1329 animarum
2440 1291 2570 1330 cura
2603 1287 2657 1332 et
2684 1278 2924 1332 studium
2975 1283 3027 1334 in
3077 1295 3144 1335 eo
3179 1283 3414 1350 positttm
3453 1294 3557 1350 est,
3609 1298 3670 1345 ut

2097 1369 2438 1425 errabundas
2481 1385 2612 1426 oves
2665 1372 2718 1425 in
2775 1387 2927 1427 suam
2975 1375 3264 1430 stationem
3318 1387 3551 1445 revocet,
3600 1395 3668 1436 ac

2099 1461 2368 1529 serpentis
2400 1475 2609 1516 veneno
2645 1462 2868 1518 infer-tis
2905 1463 3201 1521 salutarem
3249 1467 3416 1524 faciat
3449 1471 3670 1527 medici-

2101 1567 2250 1615 nam,
2293 1569 2393 1608 uec
2424 1555 2505 1608 vel
2535 1554 2838 1611 acerbitate
2873 1557 3038 1612 nimia
3069 1559 3124 1612 in
3161 1572 3431 1631 praerupta
3476 1563 3676 1634 despe-

2100 1644 2330 1698 rationis
2357 1645 2623 1715 impellat,
2663 1649 2747 1703 vel
2807 1649 3141 1722 indulgentia
3180 1666 3246 1708 ac
3300 1655 3668 1710 remediorum

2101 1731 2363 1790 facilitate
2392 1737 2632 1794 habenas
2656 1740 3084 1809 quodammodo,
3124 1745 3280 1815 quasi
3314 1762 3474 1816 equo,
3504 1745 3668 1819 283

423 1847 540 1917 βίον
584 1843 810 1897 ἔκλυτον
870 1841 990 1911 ζῇν,
1039 1838 1175 1891 ἀλλὰ
1238 1836 1492 1889 σπεύδειν
1547 1835 1866 1904 ἀντιστῆναι
1917 1833 1996 1904 τῷ

2106 1825 2164 1879 ad
2195 1825 2470 1882 lasciviam
2509 1829 2858 1902 solutumque
2889 1833 3010 1889 vitae
3037 1851 3209 1906 genus
3241 1815 3479 1894 remittat

423 1936 589 1990 πάθει
628 1933 736 1986 εἴτε
761 1930 828 1983 δι’
862 1927 1164 1998 αὐστηρίας
1197 1924 1305 1977 εἴτε
1329 1923 1418 1976 διὰ
1454 1923 1786 1992 πραότητος,
1818 1921 1895 1983 ὡς
1933 1921 1999 1974 ἂν

421 2028 710 2086 διαθέσεως
737 2021 834 2093 ἔχῃ
903 2019 1038 2088 πρὸς
1096 2016 1235 2070 αὐτὰ
1267 2015 1295 2068 ὁ
1327 2013 1792 2085 θεραπευόμενος.
1823 2013 1999 2065 Τοῦτο

421 2118 470 2175 δ’
497 2119 675 2178 ἔσται,
713 2116 761 2167 εί
791 2110 1076 2182 δοκιμάζει
1107 2109 1201 2162 καὶ
1225 2103 1703 2175 καταστοχάζεται
1735 2103 1862 2167 τοὺς
1900 2103 2000 2172 τῆς

428 2205 714 2278 μετανοίας
743 2202 922 2256 αὐτῶν
959 2199 1228 2270 καρποὺς,
1281 2204 1375 2250 καὶ
1405 2197 1718 2263 οἰκονομεῖν
1745 2194 1837 2246 τὸν
1863 2192 2000 2262 πρὸς

423 2302 522 2369 τὴν
551 2299 665 2353 ἄνω
717 2291 1165 2364 λαμπροφορίαν,
1217 2288 1384 2358 ἤγουν
1443 2285 1543 2358 τὴν
1584 2284 1692 2338 τῶν
1749 2283 2000 2353 οὐρανῶν

425 2391 703 2463 βασιλείαν
769 2385 1106 2453 καλούμενον
1178 2380 1490 2450 ἄνθρωπον.
1551 2376 1864 2447 Ἀμφότερα
1908 2369 2002 2429 οὖν

427 2485 697 2552 ἐνδέχεται
732 2481 880 2549 ἡμᾶς
927 2476 1238 2547 γινώσκειν,
1287 2476 1452 2540 φασιν
1499 2471 1547 2522 oi
1613 2472 1715 2540 τῆς
1781 2467 2003 2521 συνόδου

427 2578 691 2646 Πατὲρες,
714 2573 808 2626 καὶ
830 2572 896 2625 τά
919 2572 1017 2638 τῆς
1042 2567 1352 2640 ἀκριϐείας,
1378 2566 1471 2619 καὶ
1489 2564 1559 2617 τά
1581 2564 1678 2633 τῆς
1710 2562 2002 2633 συνηθείας

426 2671 460 2741 ἢ
496 2666 863 2738 συμπαθείας.
903 2663 1208 2731 Γράψονται
1236 2660 1344 2728 γὰρ
1371 2658 1466 2711 καὶ
1501 2655 1814 2724 ἀμφότερα,
1837 2653 2004 2724 ἧγουν

427 2763 519 2815 καὶ
547 2762 648 2813 ὅσα
675 2760 706 2828 ἡ
741 2756 999 2825 ἀκρίϐεια
1037 2752 1312 2823 βούλεται,
1344 2751 1438 2802 καὶ
1468 2750 1569 2802 ὅσα
1601 2747 1660 2800 τὸ
1714 2743 2004 2814 συμπαθὲς

427 2854 651 2908 ἀπαιτεῖ
706 2849 982 2917 εὐκαίρως
1019 2847 1116 2899 καὶ
1170 2846 1266 2898 σὺν
1296 2841 1569 2913 διακρίσει
1632 2839 1940 2909 γινόμενον·
1967 2838 2003 2909 ἢ

429 2947 498 3001 τά
539 2947 638 3016 τῆς
702 2941 1016 3012 συνηθείας,
1043 2939 1212 3007 ἥγουν
1239 2938 1307 2990 τὰ
1353 2934 1450 2988 τοῦ
1480 2934 1640 2997 ἔθους
1695 2932 1791 2986 τοῦ
1827 2931 2005 3002 χρόνῳ

428 3036 855 3109 δοκιμασθέντος
896 3032 989 3086 καὶ
1037 3028 1449 3103 βεϐαιωθέντος,
1492 3027 1522 3080 ὃ
1575 3026 1671 3080 καὶ
1724 3026 1800 3087 ὡς
1839 3024 2006 3094 νόμον

431 3132 655 3203 κρατεῖν
683 3128 774 3182 καὶ
822 3127 872 3180 οί
902 3125 1039 3179 θεῖοι
1086 3121 1329 3186 κανόνες,
1364 3123 1460 3174 καὶ
1494 3122 1544 3174 οί
1594 3122 1694 3189 τῆς
1724 3118 2001 3181 πολιτείας
2031 3152 2075 3209 C

431 3226 586 3294 νόμοι
618 3219 920 3275 κελεύουσι.
970 3217 1078 3270 Καὶ
1107 3217 1135 3269 ό
1164 3215 1339 3285 μέγας
1378 3213 1434 3266 δὲ
1469 3212 1747 3274 Βασίλειος
1777 3209 2004 3266 ἐπὶτῶν

436 3319 512 3387 μὴ
535 3310 979 3382 καταδεχομένων
1022 3309 1119 3370 τὴν
1147 3306 1426 3376 ἀκρότητα
1455 3306 1566 3358 τῶν
1597 3303 2009 3371 παραδοθέντων

433 3407 620 3460 τύπων
684 3402 912 3456 ἔπεσθαι
941 3403 1006 3471 τῇ
1042 3397 1302 3470 συνηθείᾳ
1357 3396 1586 3460 ἐδίδαξε.
1653 3395 1765 3464 Τὴν
1806 3393 1919 3447 άνω
1950 3392 2009 3447 δὲ

433 3500 881 3570 λαμπροφοριαν,
927 3488 1104 3555 εἶπεν,
1146 3493 1229 3545 ὃτι
1257 3494 1370 3552 τοῖς
1405 3488 1571 3550 θείοις
1621 3487 1866 3556 [Ιατράσι
1915 3485 2011 3538 καὶ

433 3592 774 3652 διδασκάλοις
816 3586 1064 3658 βασιλεία
1090 3584 1199 3637 τῶν
1219 3581 1470 3652 οὐρανῶν
1523 3579 1629 3649 πρὸ
1659 3579 1770 3631 τῶν
1827 3577 2004 3632 ἄλλων

435 3689 467 3754 ἡ
493 3681 756 3752 ἑλλαμψις
793 3682 1066 3749 κέκριται,
1096 3677 1131 3746 ἡ
1161 3678 1224 3728 ἐκ
1246 3674 1342 3744 τῆς
1369 3672 1521 3734 θείας
1545 3669 1783 3739 φύσεως,
1817 3668 1911 3720 καὶ
1942 3665 2004 3720 τὸ

435 3777 622 3846 νοῆσαι
689 3772 1034 3840 τελεώτερον.

2101 1920 2252 1975 vitiis
2283 1922 2574 1988 obsistere,
2607 1925 2852 1980 adhibita
2900 1928 2981 1982 vel
3030 1931 3357 1987 austeritate
3404 1935 3488 1989 vel
3534 1935 3672 1990 leui-

2103 2019 2232 2076 tate,
2275 2027 2373 2083 pro
2420 2013 2561 2084 ejus,
2615 2030 2776 2085 quem
2826 2019 3125 2073 curandum
3165 2025 3488 2092 susceperit,
3542 2024 3672 2080 ail'e-

2101 2105 2280 2160 ctione
2312 2105 2628 2160 contendat.
2656 2106 2810 2173 Quod
2839 2110 3058 2180 quidem
3087 2110 3158 2166 ita
3200 2111 3311 2178 ﬁet,
3339 2113 3383 2166 si
3425 2115 3667 2184 ipsorum

2100 2198 2439 2268 paenitentia:
2465 2197 2675 2257 fructus
2702 2203 3101 2259 cxaminaverit
3128 2213 3183 2260 et
3211 2206 3504 2277 diligenter
3533 2225 3669 2264 con-

2103 2288 2462 2356 sideraverit;
2494 2294 2831 2365 proindcque
2863 2297 3138 2353 hominem
3168 2299 3236 2354 ad
3287 2302 3672 2358 illustratiouis

2101 2393 2353 2448 superna:
2380 2382 2707 2448 claritatem,
2742 2385 2809 2439 ad
2845 2400 3068 2456 regnum
3124 2389 3386 2444 nimirum
3443 2395 3673 2448 caeleste

2105 2483 2382 2535 vocatum,
2439 2475 2732 2545 regendum
2781 2477 2885 2530 sibi
2939 2477 3440 2552 moderandumque
3488 2484 3672 2538 susci-

2105 2563 2240 2631 piat.
2275 2563 2390 2619 Duo
2423 2565 2589 2635 igitur
2622 2568 2733 2632 illa,
2763 2568 3022 2640 inquiunt
3068 2573 3262 2643 synodi
3300 2573 3513 2640 Patres,
3545 2576 3673 2631 licet

2106 2656 2264 2712 nobis
2304 2671 2660 2728 cognoscere,
2704 2667 2819 2714 tum
2856 2676 2919 2714 ea
2951 2677 3070 2732 quae
3099 2665 3298 2718 summi
3340 2665 3482 2733 juris
3521 2679 3671 2736 sunt,

2106 2757 2219 2802 tum
2253 2765 2314 2803 ea
2360 2764 2482 2819 quae
2531 2752 2917 2806 consuetudini
2959 2753 3076 2808 sive
3114 2737 3502 2812 misericordim
3570 2763 3672 2814 tri-

2108 2840 2370 2894 bttuutur.
2414 2840 2658 2910 Utraque
2689 2844 2833 2897 enim
2883 2843 3106 2912 scriptis
3135 2849 3537 2910 “commendata
3578 2867 3676 2905 ex-

2106 2940 2287 2994 Slattt;
2314 2941 2367 2985 et
2399 2947 2461 2985 ea
2488 2935 2767 2995 nimirum.
2801 2949 2920 3002 quae
2970 2937 3171 2990 summi
3220 2936 3362 3005 juris
3414 2943 3677 2998 severitas

2106 3019 2296 3089 exigit,
2329 3028 2384 3072 et
2416 3037 2558 3091 qum,
2592 3025 2852 3092 temporis
2883 3027 3297 3096 opportunitate
3347 3041 3562 3085 servata
3587 3037 3677 3101 ju-

2106 3113 2360 3182 dicioque
2402 3115 2670 3181 adhibito,
2702 3118 3107 3175 commiseratio
3133 3121 3375 3190 postulat
3406 3140 3422 3178 :
3448 3126 3527 3180 vel
3555 3141 3677 3194 quae

2107 3207 2472 3271 consuetudo,
2504 3223 2622 3263 mos
2665 3209 2918 3266 videlicet
2954 3211 3235 3268 hominum
3268 3218 3531 3286 temporis
3560 3219 3679 3272 diu-

2111 3301 2368 3356 turnitate
2420 3301 2681 3371 probatus
2720 3303 3190 3376 contirmatusque
3236 3305 3503 3378 deposcit.
3541 3309 3676 3365 Nam

2108 3407 2170 3447 ea
2205 3408 2426 3462 quoque
2461 3392 2637 3449 instar
2687 3392 2841 3464 legis,
2903 3405 3015 3450 tum
3069 3412 3353 3454 sacrorum
3397 3415 3674 3456 canonum

2110 3487 2343 3539 decretis
2371 3493 2485 3537 tttm
2517 3483 2756 3539 civilium
2784 3485 2946 3542 etiam
2979 3487 3156 3558 legunt
3185 3492 3679 3549 constitutionibus

2114 3576 2345 3628 obtinet.
2381 3573 2609 3644 Magnus
2637 3589 2855 3645 quoque
2906 3575 3140 3632 Basilius
3180 3580 3233 3634 in
3284 3580 3372 3646 iis,
3419 3581 3512 3651 qui
3558 3597 3679 3652 pce-

2115 3682 2308 3721 narum
2361 3669 2709 3722 severitatent
2761 3669 3005 3737 antiquis
3060 3669 3311 3725 formulis
3363 3689 3680 3741 expressam

2115 3773 2222 3811 non
2281 3756 2607 3821 admittunt,
2653 3761 2988 3826 sequendam
3044 3773 3167 3813 esse
3221 3764 3676 3820 consuetudinem

436 3845 622 3923 docuit
680 3862 1109 3920 lilustrationem
1159 3871 1324 3927 porro
1378 3867 1670 3925 supernam
1728 3850 1888 3916 dixit,
1936 3863 2006 3904 eo
2059 3845 2209 3918 quod
2269 3861 2496 3916 regnum
2549 3849 2814 3903 cuslorum
2871 3849 2927 3903 in
3007 3848 3369 3908 illustratione
3423 3857 3678 3929 quadam,

437 3960 491 4014 in
523 3958 712 4029 primis
744 3971 808 4012 ex
842 3963 1036 4008 natura
1053 3949 1236 4005 divina
1257 3955 1564 4013 emanaute,
1591 3961 1655 4000 ac
1711 3942 2034 4015 perfectiore
2085 3939 2176 3993 Dei
2236 3939 2569 4011 cognitione,
2617 3943 2788 3997 sancti
2823 3940 3009 3999 Patres
3042 3959 3105 3998 ac
3135 3944 3385 4004 doctores
3427 3955 3672 4019 positum

434 4072 558 4111 esse
583 4055 991 4124 judicaverunt.

435 4145 660 4204 ΔΡΙΣΤ.
720 4164 740 4199 ι
791 4144 860 4198 Ἦ
903 4145 1005 4212 τῆς
1059 4141 1338 4213 ἁμαρτίας
1381 4136 1478 4191 ἐπὶ
1520 4136 1657 4190 πᾶσι
1712 4135 2003 4186 σκοπείται

2106 4130 2329 4186 ARIST.
2371 4149 2391 4183 ι
2438 4130 2655 4186 Peccati
2705 4132 2943 4202 qualitas
2973 4132 3027 4187 in
3079 4133 3334 4190 omnibus
3364 4134 3681 4195 considera.

515 4259 535 4294 ι
576 4238 818 4309 ποιότης,
845 4236 939 4292 καὶ
970 4237 1002 4306 ὴ
1041 4230 1352 4304 ἐπιστροφὴ
1371 4229 1676 4300 καθορᾶται
1702 4242 1716 4255 ⁸
1745 4227 1837 4278 καὶ
1858 4222 2004 4298 οὕτω

512 4350 532 4385 ‹
577 4333 860 4403 μετρεῖται
891 4328 953 4380 τὸ
977 4327 1148 4388 ἕλεος.
1183 4342 1202 4377 ι

507 4425 590 4480 Τὰ
621 4425 721 4494 μὲν
750 4420 1005 4490 ιπιτίμια
1034 4415 1119 4486 ἐφ’
1151 4414 1369 4483 ἑκάστῳ
1401 4409 1762 4482 ἁμαρτήματι
1799 4407 2009 4478 ὥρισαν

2182 4245 2201 4279 ι
2236 4237 2346 4294 tur,
2375 4238 2429 4282 et
2463 4227 2749 4284 conversio
2798 4228 3148 4298 perspicitur.
3208 4227 3274 4285 Et
3327 4232 3410 4286 sic
3468 4231 3682 4286 miseri-

2187 4337 2205 4370 ‹
2236 4317 2423 4373 cordia
2461 4333 2719 4374 mensura
2754 4319 3086 4391 disponitur.
3127 4338 3146 4374 ι

2181 4406 2377 4466 Ptenas
2407 4409 2624 4479 quidem
2665 4409 2865 4481 cuique
2920 4420 3144 4482 peccato
3188 4412 3530 4469 adhibendas
3579 4414 3680 4468 de-

438 4520 491 4573 οι
521 4513 784 4586 ιἸατέρες.
811 4512 925 4582 Τὴν
956 4509 1012 4563 δὲ
1040 4508 1218 4579 κρίσιν
1251 4506 1432 4561 πᾶσαν
1469 4503 1724 4560 ἀνέθεντο
1755 4501 1888 4571 πρὸς
1914 4499 2003 4552 τὸν

2111 4509 2400 4556 creverunt
2431 4499 2643 4556 Patres.
2675 4501 2780 4557 Sed
2799 4511 2970 4556 totum
2987 4502 3256 4573 judicium
3280 4504 3329 4559 ei
3361 4505 3681 4575 relinquunt

413 4613 538 4685 ’τὴν
567 4606 817 4674 ἐξουσίαν
855 4603 1002 4672 παρὰ
1028 4600 1164 4654 Θεοῦ
1200 4597 1433 4652 λαϐόντα
1460 4594 1556 4649 τοῦ
1577 4595 1799 4662 δεσμεῖν
1828 4609 1887 4645 τε
1913 4592 2008 4685 καὶ

440 4680 590 4758 λύειν
615 4718 630 4734 ⁸
661 4702 810 4762 ὅπως
845 4695 1008 4757 αὐτὸς
1038 4696 1134 4748 καὶ
1179 4692 1279 4760 τὴν
1322 4689 1589 4759 ποιότητα
1630 4687 1880 4757 σκοπήσῃ
1910 4680 2006 4736 τοῦ

439 4795 863 4868 ἁμαρτήματος,
906 4788 998 4841 καὶ
1049 4785 1146 4856 τὴν
1179 4779 1515 4853 ἐπιστροφὴν
1550 4777 1645 4832 τοῦ
1693 4774 2010 4849 ἡμαρτηκόο

440 4905 552 4953 τος,
584 4887 680 4939 καὶ
702 4881 872 4944 οὕτως
902 4877 1252 4947 ὲπιμετρήσῃ
1278 4874 1336 4927 τὸ
1369 4872 1538 4938 ἔλεος,
1576 4869 1676 4942 τὴν
1705 4869 2008 4940 θεραπείαν

443 4979 736 5049 προσάγων
789 4969 1127 5039 κατάλληλον
1174 4966 1253 5035 τῷ
1297 4965 1722 5036 ἁρῤωστήματι.
1791 4961 1849 5012 ὐ
1898 4959 2009 5028 γὰρ

442 5075 548 5133 πᾶς
581 5072 739 5137 λόγος
769 5066 847 5138 τῷ
879 5062 1000 5132 Θεῴ
1025 5061 1120 5114 καὶ
1149 5057 1228 5127 τῷ
1250 5059 1351 5128 τὴν
1380 5053 1744 5126 ποιμαντικὴν
1766 5052 2014 5119 ἐγκεχει-

447 5164 685 5238 ρισμένῳ
725 5154 1027 5230 ἡγεμονίαν
1060 5152 1118 5205 ὲν
1168 5148 1346 5217 τούτῳ
1373 5148 1523 5238 ἐστὶ,
1573 5148 1631 5238 ὲν
1665 5145 1744 5214 τῷ
1772 5145 1832 5238 re
1873 5149 2012 5197 πλα-

443 5234 686 5323 νώμενον
716 5247 988 5320 πρόϐατον
1020 5239 1416 5307 ἐπαναγαγεῖν,
1447 5237 1539 5289 καὶ
1571 5237 1645 5305 μὴ
1693 5234 1834 5288 κατὰ
1868 5249 2010 5304 κρη-

449 5345 598 5418 μνῶν
627 5341 841 5410 ὠθῆσαι
885 5339 988 5406 τῆς
1031 5330 1430 5400 ἀπογνώσεως,
1479 5327 1572 5379 καὶ
1598 5326 1699 5418 τὸν
1727 5324 2010 5418 τρωθέντα

445 5415 554 5493 ὐπὸ
585 5433 682 5488 τοῦ
710 5431 888 5499 θφεως
917 5425 1264 5493 ἐξιάσασθαι,
1299 5422 1408 5475 εἴτε
1440 5418 1528 5472 διὰ
1554 5416 1660 5470 τῶν
1681 5415 2013 5487 αὐστηροτέ-

449 5549 558 5604 ρων
584 5544 642 5582 τε
666 5526 759 5578 καὶ
787 5520 1119 5589 στυφόντων,
1143 5516 1251 5569 εἴτε
1277 5513 1363 5568 διὰ
1389 5513 1494 5567 τῶν
1523 5509 1890 5580 ἁπαλωτέρων
1920 5509 2014 5561 καὶ

453 5622 656 5696 πραοτέ
664 5634 772 5688 ρων
804 5612 1136 5684 φαρμάκων.

687 5820 954 5882 Ρλτιιθι..
995 5811 1108 5872 Gn.
1153 5814 1316 5880 CXX
1332 5813 1508 5872 .‘il’ll.

2113 4591 2207 4661 qui
2245 4590 2445 4662 ligandi
2494 4599 2548 4644 et
2577 4590 2822 4645 solvendi
2856 4598 3178 4660 potestatem
3233 4605 3262 4644 a
3297 4590 3404 4646 Deo
3446 4591 3679 4661 accepit,

2116 4691 2175 4737 ut
2228 4683 2320 4737 ille
2353 4692 2407 4738 et
2441 4683 2652 4753 peccati
2703 4682 3018 4738 censiderct
3067 4683 3407 4752 qualitatem,
3460 4691 3515 4737 et
3558 4681 3680 4750 ejus

2113 4775 2208 4844 qui
2266 4777 2514 4845 peccavit
2543 4775 2984 4839 conversionem,
3021 4781 3077 4828 et
3122 4774 3202 4829 sic
3242 4773 3676 4829 misericordiam

2118 4881 2375 4920 mensura
2407 4866 2687 4934 disponat,
2744 4865 3005 4920 medelam
3038 4867 3230 4922 morbo
3261 4865 3680 4922 convenientem

2117 4959 2404 5013 adhibens.
2441 4959 2629 5014 Omnis
2651 4960 2798 5013 enim
2831 4959 2969 5012 ratio
2993 4957 3100 5013 Deo
3121 4967 3176 5013 et
3200 4959 3248 5014 ei
3272 4957 3360 5013 cui
3389 4959 3680 5030 pastoralis

2119 5051 2352 5106 traditur
2391 5051 2751 5121 principatus,
2782 5049 2836 5104 in
2891 5065 2957 5105 eo
2988 5061 3094 5114 cst.
3129 5061 3186 5104 ut
3213 5061 3488 5107 errantem
3519 5069 3676 5112 ovem

2119 5145 2369 5208 reducat,
2421 5149 2476 5197 et
2513 5157 2624 5196 non
2667 5143 2722 5196 itt
2773 5141 3177 5212 desperationis
3230 5143 3530 5213 praecipitia
3580 5144 3683 5204 im.

2120 5234 2303 5301 pellat,
2327 5242 2380 5286 et
2405 5247 2434 5284 a
2460 5239 2712 5301 serpente
2735 5220 3078 5286 vulneratum
3101 5234 3428 5298 medicetur,
3450 5234 3565 5290 sive
3587 5247 3684 5312 pe;

2117 5324 2331 5378 acriora
2385 5331 2440 5376 et
2478 5323 2857 5390 astringentia,
2892 5323 3007 5378 sive
3060 5337 3156 5393 per
3209 5322 3457 5381 molliora
3504 5331 3560 5380 et
3609 5319 3718 5385 le-'

2118 5416 2269 5470 niura
2296 5428 2362 5470 mu
2386 5414 2717 5470 diramenta.

3297 5808 3368 5870 28
