4062 6396
469 382 572 445 831

1488 386 1565 446 lN
1613 384 1780 447 CAN.
1822 383 1878 442 ll
1917 380 2185 443 SYNODI
2228 382 2341 444 νη
2367 382 2724 444 CECUMEN.

3603 376 3735 443 882’

466 512 584 551 σου
611 472 700 564 sic
730 499 836 552 τὸν
861 497 1046 553 αἰῶνα
1072 519 1084 530 ·
1145 499 1474 554 συνέτισόν
1500 517 1577 568 με
1598 541 1611 563 ,
1647 499 1743 552 καί
1768 498 2040 565 ζήσομαι.

2155 494 2378 559 divitiis,
2440 512 2546 551 non
2608 495 2788 548 minus
2832 492 3102 557 videlicet,
3168 507 3230 545 ac
3285 491 3331 548 si
3395 491 3714 546 divitiarum

472 590 579 641 Καὶ
605 591 682 651 είς
705 589 795 642 τὸν
813 590 1034 662 αἰῶναὴ
1057 592 1370 662 προφητικὴ
1399 591 1552 661 φωνὴ
1580 589 1880 643 ἐντέλλεται
1908 592 2038 658 ἡμῖν

472 679 761 746 φυλάττειν
790 681 857 734 τὰ
888 682 1165 753 μαρτύρια
1194 682 1288 736 τοῦ
1316 682 1474 748 Θεοῦ,
1504 684 1597 736 καὶ
1630 682 1727 753 ζῇν
1752 683 1807 734 ἐν
1835 681 2042 744 αὐτοῖς,

472 769 720 837 δηλονότι
751 771 1115 842 ἁκραδάντοις
1159 774 1255 827 καὶ
1301 771 1622 835 ἁσαλεύτοις
1650 771 1892 841 μένουσι.
1926 770 2042 821 Ζῶ-

476 878 580 930 μεν
603 864 713 932 γὰρ
736 864 793 915 ὲν
814 868 930 927 τοῖς
963 864 1056 918 τοῦ
1087 865 1224 919 Θεοῦ
1262 865 1607 937 μαρτυρίοις,
1648 864 1779 917 ὅταν
1812 863 2043 916 ἀσάλευ-

474 971 542 1007 τα
570 955 740 1008 ταῦτα
800 956 1041 1023 μιὲνωσι⁹
1091 958 1167 1029 μὴ
1212 957 1667 1029 παραδαινόμενα
1722 955 1850 1026 παρ’
1884 954 2042 1025 ἡμῶν

480 1045 616 1114 μηδὲ
674 1048 1032 1119 ἀθετοῦμενα.
1103 1049 1440 1121 ’Δκράδαντα
1470 1048 1527 1101 δὲ
1568 1048 1637 1102 τὰ
1665 1048 2045 1116 ὲστηριγμένα

477 1136 573 1189 καὶ
604 1136 679 1207 μὴ
734 1138 932 1207 ῥᾳδίως
979 1140 1274 1209 κινούμενα
1325 1139 1594 1208 λέγονται.
1643 1139 1831 1210 Κράδη
1878 1139 1985 1206 γὰρ
2014 1140 2045 1192 ὁ

476 1223 668 1289 κλάδος
688 1224 903 1293 λέγεται
938 1228 1036 1297 τῆς
1077 1229 1268 1298 συκῆς,
1304 1229 1362 1291 ὃς
1400 1228 1632 1298 ἀσθενής
1686 1231 1800 1281 ἐστι
1833 1230 1923 1279 καὶ
1951 1230 2041 1280 εὐ·

477 1316 650 1378 κόλως
683 1318 1077 1388 συνθλὼμενος.
1130 1321 1190 1372 '0
1217 1320 1347 1387 γοῦν
1401 1320 1793 1391 ἑστηριγμένος
1846 1318 2045 1390 καὶμὴ

475 1408 715 1471 εὐκόλως
770 1411 1085 1479 κινούμενος
1138 1412 1469 1482 ἀκράδαντος
1501 1411 1740 1479 λέγεται.
1793 1407 1924 1465 Εἶτα
1949 1413 2044 1463 καὶ

476 1501 568 1552 τὸν
600 1502 841 1570 Μιυῦσῆν
872 1505 1107 1570 παράγει
1138 1503 1389 1570 λέγοντα,
1425 1505 1506 1558 ὃτι
1551 1504 1654 1557 Ἐν
1679 1502 1902 1570 αὐτοῖς,
1933 1506 2044 1566 τοῖς

478 1592 643 1654 θείοις
674 1592 875 1664 δηλαδὴ
918 1595 1299 1666 διατάγμασιν,
1340 1598 1451 1650 οὐκ
1501 1597 1634 1650 ἔστι
1673 1597 2042 1662 προσθεῖναι,

479 1686 578 1739 καί
602 1687 671 1750 ἐξ
695 1687 894 1740 αὐτῶν
942 1690 1053 1741 οὐκ
1082 1689 1254 1743 ἔστιν
1303 1688 1553 1758 ἀφελεῖν
1579 1705 1593 1720 ο
1627 1689 1721 1742 καὶ
1749 1690 1875 1749 τοὺς
1914 1691 2049 1741 ἁπο-

480 1780 721 1845 στὸλους,
757 1782 849 1833 τὸν
878 1782 977 1850 μὲν
999 1783 1097 1853 τὴν
1128 1781 1314 1836 πίστιν
1369 1780 1704 1852 θερμότατον
1737 1782 1942 1851 Πέτρον
1991 1783 2048 1832 ἐν

477 1868 664 1935 αὺτοῖς
689 1850 1063 1943 καυχώμενον,
1092 1876 1187 1928 καὶ
1226 1850 1482 1930 εἰπόνταέ
1534 1878 1637 1941 Εἰς
1665 1874 1705 1928 ἃ
1729 1850 2050 1942 ἑπιθυμοῦ-
2080 1850 2125 1907 Β

476 1981 583 2017 σιν
632 1964 874 2033 ἄγγελοι
929 1966 1302 2034 παρακύψαι,
1359 1967 1518 2021 ἅτινά
1547 1969 1706 2028 είσιν,
1742 1965 1818 2028 ὡς
1844 1965 2049 2027 ἐκεῖνός

478 2072 667 2125 φησιν,
702 2056 739 2109 ἃ.
781 2055 876 2108 νῦν
915 2058 1190 2127 ἀνηγγέλη
1249 2060 1382 2128 ἡμῖν
1428 2058 1520 2112 διὰ
1552 2058 1660 2110 τῶν
1686 2056 2049 2124 εὐαγγελισα-

480 2144 657 2214 μένων
687 2147 819 2213 ἡμῖν
846 2149 903 2197 ἐν
925 2146 1203 2216 Πνεύματι
1233 2148 1373 2218 ἁγίῳ
1394 2163 1410 2179 °
1465 2148 1513 2200 εί
1547 2147 1639 2200 καί
1666 2163 1812 2207 τινες
1846 2146 2049 2215 ἑτέρως

476 2236 800 2306 ἐξηγοῦνται
832 2237 890 2289 τὸ
922 2238 1282 2291 ἀποστολικδν
1324 2238 1482 2291 τοῦτο
1511 2237 1673 2309 ῥητόν
1698 2254 1711 2267 ·
1748 2240 1840 2289 τὸν
1872 2237 1927 2289 δὲ
1961 2236 2050 2288 τὸν

478 2328 636 2398 ζῆλον
671 2329 836 2381 πολὺν
863 2329 1072 2382 Παῦλον
1101 2329 1342 2398 βοῶνταο
1379 2329 1505 2383 Κᾶν
1528 2330 1784 2398 ἅγγελος
1806 2331 2050 2398 εὐαγγε-

476 2420 704 2487 λίζηται
739 2422 877 2489 ὑμῖν
904 2424 1038 2489 παρ’
1065 2421 1096 2475 ὃ
1136 2422 1522 2489 παρελάϐετε,
1576 2420 1841 2489 ἀνάθεμα
1872 2420 2049 2474 ἔστω.

483 2510 589 2562 Καὶ
616 2511 709 2562 ἐπὶ
736 2510 948 2572 τούτοις
970 2513 1270 2579 ἐπάγουσιν
1299 2511 1350 2564 al.
1384 2512 1475 2565 τὸν
1509 2512 1707 2565 κανόνα
1730 2510 1920 2563 τοῦτον
1956 2511 2050 2562 ἐκ·

466 2601 695 2669 θέμενοι
740 2603 842 2665 ὅτι,
876 2602 1082 2655 τούτων
1128 2602 1301 2665 οὕτως
1333 2604 1503 2656 ὄντων
1550 2605 1645 2656 καὶ
1687 2604 2050 2674 διαμαρτυρο-

485 2691 659 2761 μένων
682 2694 834 2762 ἡμῖν,
859 2694 1257 2764 ἀγαλλιώμενοι
1309 2695 1397 2747 ἐπ’
1432 2694 1634 2758 αὐτοῖς,
1666 2695 1741 2756 ὡς
1770 2696 1822 2746 εί
1847 2712 1930 2757 τις
1955 2693 2049 2747 εῦ-

483 2802 566 2855 ροι
605 2786 777 2838 σκῦλα
818 2786 985 2839 πολλά
1011 2786 1306 2851 (καὶτοῦτο
1326 2787 1388 2841 τὸ
1420 2788 1746 2856 Δαυῖδικόν).
1783 2788 1965 2843 Σκῦλα
1992 2789 2050 2841 δὲ

482 2877 549 2930 τὰ
576 2879 689 2940 τοῖς
731 2880 943 2947 νεκροῖς
971 2881 1084 2940 τοῖς
1111 2880 1169 2931 ἐν
1194 2879 1415 2950 πολέμῳ
1439 2879 1665 2933 πεσοῦσι
1693 2882 2050 2951 περικείμενα
2124 2880 2127 2883 ’

482 2966 752 3035 λέγονται,
804 2970 912 3021 εἴτε
948 2968 1173 3039 ὲσθῆτές
1224 2970 1384 3033 εἰσιν,
1436 2971 1547 3023 εἴτε
1590 2970 1751 3035 ὅπλα,
1805 2972 1916 3024 εἴτε
1966 2988 2050 3035 τις

483 3061 705 3130 κόσμος.
744 3061 817 3114 Τὸ
848 3059 1187 3130 ὑπερϐάλλον
1223 3057 1318 3115 οὖν
1345 3060 1435 3113 διὰ
1464 3060 1652 3114 τούτου
1681 3061 1711 3113 ό
1766 3062 2050 3130 προφήτης

2146 586 2295 640 omni
2320 588 2477 657 copia
2526 587 2890 656 varietateque
2919 586 3276 649 allluerimus,
3310 584 3394 639 vel
3429 585 3473 639 si
3500 584 3709 638 divitiis

2146 679 2405 735 omnibus
2441 681 2495 734 in
2529 696 2698 733 unum
2731 679 2933 744 locum,
2971 678 3016 733 si
3051 679 3163 731 ﬁeri
3213 686 3399 747 posset
3466 676 3732 731 collectis

2148 769 2355 837 perfrui
2392 770 2577 823 datum
2611 778 2777 824 esset.
2810 768 2874 822 Et
2914 784 3173 822 rursum:
3234 767 3502 822 Mandasti
3545 766 3718 833 justi-

2148 862 2280 915 tiam
2334 863 2635 915 testimonia
2699 871 2791 915 tua
2850 863 2904 915 in
2951 862 3228 926 sa'rulum,
3291 860 3616 914 intellectum
3644 858 3732 911 da-

2147 952 2297 1013 mihi,
2316 961 2364 1006 et
2402 954 2571 1006 vivam
2592 952 2661 1006 “.
2691 952 2759 1006 Et
2792 953 2844 1005 iu
2871 952 3128 1006 saeculum
3150 953 3460 1006 testimonia
3488 950 3579 1004 Dei
3599 965 3717 1004 ser-

2149 1056 2277 1097 vare
2307 1043 2622 1113 prophetica
2657 1059 2790 1098 voce
2820 1044 3102 1111 jubemur,
3127 1058 3191 1097 ac
3252 1043 3304 1097 iu
3341 1043 3472 1113 ipsis
3513 1044 3723 1103 vivere,

2152 1134 2226 1187 ita
2256 1136 2464 1191 scilicet
2489 1148 2545 1190 ut
2574 1135 2726 1191 ﬁrma
2751 1136 2860 1197 illa,
2883 1137 3315 1204 inconcussaque
3336 1141 3717 1204 permaneant.

2152 1225 2308 1281 Tunc
2330 1229 2474 1282 enim
2516 1230 2568 1282 in
2629 1229 2720 1283 Dei
2779 1229 3108 1284 testimoniis
3168 1227 3419 1290 vivimus,
3468 1242 3595 1279 eum
3655 1242 3719 1279 ea

2152 1322 2377 1377 immota
2410 1326 2596 1379 stabili
2630 1325 2886 1395 vestigio.
2926 1325 3077 1379 nullo
3110 1333 3301 1377 nostro
3330 1324 3474 1374 facto
3523 1320 3720 1375 violata

2149 1424 2244 1469 aut
2267 1425 2599 1486 contempta,
2624 1417 2899 1482 nituntur;
2926 1416 3235 1486 ἀκράδαντα
3262 1430 3496 1481 namque
3525 1413 3726 1467 dicun-

2152 1517 2263 1571 tur,
2289 1523 2412 1577 qum
2444 1509 2600 1563 ﬁrmo
2627 1510 2758 1563 nixu
2788 1511 3013 1570 luerent,
3050 1523 3153 1561 nec
3183 1508 3256 1561 ita
3290 1506 3447 1559 facile
3477 1519 3722 1559 commo-

2149 1597 2264 1651 veri
2300 1608 2553 1667 possunt.
2586 1600 2683 1653 Est
2720 1600 2864 1653 enim
2902 1599 3076 1668 κραδή
3104 1598 3243 1652 ﬁcus
3273 1611 3458 1650 ramus
3492 1604 3649 1648 tener
3672 1604 3726 1645 et

2152 1687 2386 1760 fragilis.
2414 1691 2517 1758 Qui
2548 1691 2715 1762 igitur
2752 1691 2828 1745 ita
2865 1690 3143 1745 stabilitas
3163 1698 3271 1752 est,
3308 1699 3367 1741 ut
3402 1686 3549 1741 haud
3577 1684 3729 1751 facili

2153 1784 2370 1853 negotio
2400 1785 2604 1838 moveri
2630 1792 2818 1854 queat,
2851 1784 3190 1852 ἁκράδαντος
3238 1781 3573 1835 nominatur.
3612 1778 3739 1833 Μοι

2152 1888 2267 1929 Seni
2293 1875 2492 1929 deinde
2545 1877 2817 1944 producit.
2858 1876 2950 1944 qui
3011 1875 3077 1928 ad
3130 1888 3218 1940 ea,
3273 1872 3456 1926 divina
3508 1870 3724 1925 decreta

2153 1966 2430 2031 videlicet,
2457 1966 2602 2022 Nihil
2637 1944 2788 2030 addi.
2818 1984 2920 2025 nec
2953 1968 3024 2022 ab
3080 1968 3150 2022 iis
3190 1965 3486 2035 quidquam
3521 1963 3725 2017 auferri

2154 2060 2321 2117 licere
2369 2062 2600 2117 allirmat
2639 2063 2707 2117 ⁵⁸.
2761 2062 2899 2115 Tum
2958 2075 3025 2115 ex
3084 2057 3459 2128 apostolorum
3507 2069 3728 2125 quoque

2155 2170 2407 2219 numero,
2464 2157 2699 2226 primum
2762 2154 2988 2220 quidam
3035 2152 3307 2205 immenso
3355 2148 3479 2203 ﬁdei
3541 2162 3728 2201 aii-ore

2153 2250 2474 2319 ﬂagrantem
2527 2248 2747 2303 Petrum
2804 2248 2978 2312 illum,
3010 2246 3305 2313 magniﬁce
3364 2260 3423 2298 se
3488 2244 3542 2296 in
3592 2242 3728 2310 ipsis

2154 2343 2467 2397 ell‘ereutem
2494 2357 2509 2405 ;
2542 2342 2594 2394 in
2616 2358 2731 2410 qum
2744 2339 3051 2394 desiderant
3077 2339 3150 2401 “,
3184 2336 3381 2405 inquit,
3408 2335 3582 2407 angeli
3608 2351 3733 2404 pro-

2155 2435 2352 2498 spicere
2378 2435 2446 2494 ⁵⁸,
2478 2449 2600 2503 quae
2625 2443 2777 2497 sunt,
2821 2441 2879 2485 ut
2936 2431 3029 2493 ille
3064 2430 3163 2493 ait,
3206 2444 3270 2482 ea
3304 2443 3424 2495 qua:
3477 2426 3726 2481 nuntiata

2153 2536 2283 2579 sunt
2328 2526 2484 2580 nobis
2536 2541 2630 2593 per
2659 2540 2753 2578 eos
2794 2522 2886 2593 qui
2924 2519 3445 2591 evangelizavcrunt
3482 2517 3721 2570 nobisin

2156 2615 2362 2687 Spiritu
2406 2624 2629 2679 sancto;
2667 2614 2921 2684 quamvis
2956 2612 3051 2666 alii
3084 2611 3233 2665 hunc
3259 2610 3493 2679 apostoli
3546 2610 3729 2663 locum

2152 2709 2315 2762 aliter
2371 2707 2668 2776 explicent.
2714 2706 2920 2761 Deinde
2979 2706 3208 2760 Paulum
3252 2705 3427 2758 multo
3480 2703 3600 2758 zelo
3645 2704 3729 2757 in-

2157 2816 2402 2864 censum,
2425 2801 2513 2869 qui
2549 2800 2629 2854 sic
2646 2799 3060 2854 obtestabatur:
3089 2798 3168 2853 vel
3196 2797 3258 2854 Si
3276 2798 3496 2868 angelus
3525 2815 3733 2852 annuit-

2156 2893 2245 2946 εἰει
2282 2892 2449 2955 vobis,
2480 2901 2669 2959 prwter
2701 2891 2756 2944 id
2776 2891 2915 2962 quod
2940 2891 3234 2960 accepistis,
3260 2890 3547 2944 anathema
3564 2891 3631 2944 sit
3660 2892 3727 2944 ⁸⁷.

2155 2983 2392 3038 Proinde
2448 3002 2568 3039 cum
2633 2984 2789 3049 haec,
2835 2984 3090 3054 inquiunt
3136 2985 3367 3038 canonis
3420 2994 3679 3038 auctores
3710 3024 3726 3045 ,

2154 3072 2320 3149 286
2344 3078 2417 3132 ita
2444 3079 2746 3133 constituta
2777 3078 2911 3142 sint,
2952 3077 3223 3148 nobisque
3279 3084 3499 3139 testata,
3552 3077 3609 3130 in
3648 3077 3719 3133 iis

483 3152 718 3224 ἐδήλωσε
765 3154 864 3221 τῆς
887 3153 1283 3221 ἀγαλλιάσεως.
1336 3152 1399 3207 Οί
1430 3154 1537 3222 γὰρ
1568 3153 1694 3216 τοὺς
1723 3153 1783 3207 ὲν
1828 3151 2048 3223 πολέμῳ

2155 3172 2525 3235 exsultantes,
2556 3170 2696 3226 sicut
2713 3170 2808 3241 qui
2854 3170 3061 3226 invenit
3094 3170 3267 3241 spolia
3316 3169 3484 3225 multa
3517 3169 3592 3241 (et
3621 3167 3731 3226 hoe

482 3246 748 3307 πεσόντας
780 3245 1137 3323 σκυλεύοντες
1188 3245 1550 3315 νενεμηκὸτες
1596 3246 1661 3299 ἂν
1690 3246 1924 3306 νοοῖντο,
1958 3245 2052 3297 καὶ

481 3337 589 3390 τῶν
618 3338 876 3389 ἐναντίων
901 3337 1100 3407 ὑπερτε
1112 3339 1394 3405 ρὴσαντες,
1419 3338 1514 3391 καὶ
1530 3338 1725 3407 διπλῆν
1759 3338 1856 3407 τὴν
1883 3338 2055 3405 ἀγαλ-

482 3425 663 3478 λίασιν
686 3428 892 3497 ἔχουσι,
924 3428 1024 3497 τὴν
1052 3427 1151 3497 μὲν
1175 3427 1261 3481 διὰ
1286 3429 1385 3498 τὴν
1418 3429 1597 3498 νίκην,
1646 3428 1744 3500 τὴν
1772 3428 1827 3481 δὲ
1850 3429 1937 3482 διὰ
1960 3431 2052 3482 τὸν

485 3517 736 3581 πλοῦτον,
792 3517 853 3570 ὃν
882 3519 945 3571 ὲκ
974 3517 1084 3571 τῶν
1116 3518 1327 3572 σκύλων
1356 3521 1666 3588 συνήγαγον
1687 3538 1700 3552 ο
1752 3520 1925 3583 οὕτως
1958 3518 2054 3573 οὗν

484 3610 577 3664 καὶ
607 3613 787 3679 ἡμεῖς,
812 3613 859 3664 οί
891 3605 1290 3681 Πατέρεςοῦτοί
1314 3629 1501 3679 φασιν,
1537 3612 1899 3683 ἀγαλλόμενοι
1926 3614 2055 3676 τοὺς

484 3701 663 3763 θείους
702 3703 930 3765 κανόνας
960 3702 1435 3772 ὲνστερνιζόμεθα,
1481 3706 1600 3756 ἀντὶ
1634 3706 1749 3766 τοῦ,
1784 3708 2057 3774 ἀγαπητι-

484 3794 599 3856 κῶς
646 3778 910 3865 δεχόμεθα
945 3796 1037 3849 καὶ
1090 3796 1577 3867 κατασπαζόμεθα.
1633 3795 1739 3861 Οὓς
1779 3798 1886 3868 γὰρ
1917 3801 2055 3865 ἀγα-

484 3894 701 3963 πῶμεν,
733 3894 863 3961 περὶ
894 3896 962 3946 τὰ
994 3894 1189 3964 στέρνα
1235 3896 1355 3956 ταῖς
1402 3893 1760 3963 περιπλοκαῖς
1813 3892 2056 3955 τιθέντες

483 3988 973 4058 κατασπαζόμεθα,
1010 3989 1042 4057 ἢ
1073 3989 1192 4040 ἀντὶ
1220 3987 1337 4051 τοῦ,
1394 3987 1701 4059 ἐγκαρδίως
1749 3987 2016 4056 φιλοῦμεν
2037 4003 2050 4017 ’

482 4080 614 4150 περὶ
651 4078 720 4133 τὰ
766 4079 967 4149 στέρνα
1000 4080 1110 4150 γὰρ
1146 4080 1180 4148 ἡ
1242 4078 1439 4148 καρδία
1474 4078 1654 4148 ἡμῶν.
1683 4080 1794 4133 Καὶ
1828 4079 2055 4149 ὁλόκλη-

483 4190 579 4244 ρον
611 4175 705 4227 καὶ
734 4173 1030 4226 ἀσάλευτον
1083 4173 1182 4242 τὴν
1214 4171 1397 4225 αὐτῶν
1446 4170 1713 4241 διαταγὴν
1751 4170 2053 4242 τηροῦμεν,

483 4252 635 4331 φασί.
693 4264 1173 4336 Κρατυνομένων,
1233 4264 1404 4334 ἡγουν
1460 4263 1911 4333 ὲπικυρουμένων
1958 4261 2056 4314 καὶ

483 4358 885 4430 βεϐαιουμένων
926 4358 1036 4411 τῶν
1069 4355 1398 4410 ἐκτεθέντων
1434 4355 1540 4409 ὑπὸ
1575 4355 1687 4408 τῶν
1722 4355 1895 4422 ἁγίων
1921 4355 2059 4407 ἁπο-

483 4453 709 4516 στόλων,
732 4453 829 4506 καὶ
856 4452 965 4505 τῶν
1008 4451 1068 4516 ἓξ
1098 4448 1495 4519 οἰκουμενικῶν
1530 4449 1785 4512 συνόδων,
1816 4447 1912 4501 καὶ
1943 4446 2055 4499 τῶν

481 4546 624 4599 κατὰ
651 4546 847 4607 τόπους
887 4541 1403 4610 συναθροισθεισῶν,
1460 4541 1556 4597 καὶ
1584 4539 1693 4594 τῶν
1736 4539 1910 4609 ἁγίων
1942 4540 2055 4592 Πα-
2087 4521 2130 4579 Ῑ)

482 4640 658 4708 τέρων
691 4636 874 4707 ἡμῶν,
934 4634 1133 4705 δηλαδὴ
1191 4635 1302 4688 τῶν
1348 4634 1501 4695 ἐκτὸς
1557 4633 1789 4686 συνόδων
1822 4632 2056 4695 κανόνας

483 4729 903 4783 .ὲκτεθεικό·ιτων⁹
943 4729 1144 4790 πάντες
1180 4727 1287 4797 γὰρ
1317 4728 1383 4779 ὲκ
1412 4724 1505 4779 τοῦ
1541 4724 1707 4778 αὑτοῦ
1740 4721 2055 4794 Πνεύματος

483 4818 640 4886 ἁγίου
669 4817 1029 4886 φωτισθέντες
1056 4817 1147 4870 τὸν
1173 4817 1301 4872 νοῦν
1336 4815 1543 4888 ὥρισαν
1574 4816 1643 4870 τὰ
1676 4816 2053 4888 συμφέροντα,

485 4913 576 4965 καὶ
609 4911 809 4971 πάντα,
848 4910 1001 4978 φασὶ,
1028 4908 1151 4960 κατ’
1180 4909 1425 4973 ἐκείνους
1454 4908 1550 4962 καὶ
1576 4909 1738 4979 ἡμεῖς
1769 4908 2057 4977 ποιοῦμεν.

483 5002 592 5066 Οὓς
612 5002 722 5073 γὰρ
750 5002 948 5054 ἐκεῖνοι
974 4999 1454 5076 ἀναθεματίξουσι,
1496 5001 1589 5055 καὶ
1639 5001 1804 5071 ἡμεῖς
1825 5015 1842 5033 ·
1881 4997 1976 5062 οὒς
1998 4997 2057 5051 δὲ

486 5094 827 5166 ἁφορίζουσι,
854 5099 947 5147 καὶ
975 5094 1130 5163 ἡμεῖς
1157 5105 1174 5122 ⁸
1213 5088 1294 5155 οἷς
1316 5093 1373 5146 δὲ
1402 5093 1718 5164 ἐπιτιμῶσι,
1755 5092 1849 5146 καὶ
1869 5094 2055 5162 ἡμεῖς·

486 5188 859 5261 ἀφιλάργυρος
889 5185 998 5255 γὰρ
1019 5186 1047 5239 ὁ
1069 5184 1289 5253 τρόπος,
1311 5184 1641 5254 ἀρκούμενοι
1658 5188 1770 5247 τοῖς
1792 5184 2050 5254 παροῦσι.

485 5281 559 5335 Τὸ
592 5280 692 5352 μὲν
725 5279 889 5350 ῥητὸν
921 5278 1277 5333 ἀποστολικόν
1310 5292 1324 5307 ⁸
1358 5278 1661 5348 ἐχρήσαντο
1711 5279 1767 5331 δὲ
1802 5279 1974 5348 τούτῳ
1999 5277 2053 5331 οἱ

484 5372 584 5442 τῆς
609 5370 849 5435 συνόδου,
871 5370 1180 5443 δηλοῦντες,
1212 5359 1391 5439 οἶμαι,
1423 5369 1507 5422 ὅτι
1542 5368 1695 5422 οὐδὲν
1726 5368 1889 5423 πλέον
1936 5373 2051 5434 τοῖς

486 5463 619 5534 παρ’
649 5461 871 5515 ἐκείνων
908 5464 1210 5531 διαταγείσι
1260 5460 1488 5531 θέλομεν
1537 5462 1699 5530 ἡμεῖς
1731 5460 2056 5532 προσθεῖναι

485 5561 573 5615 διὰ
603 5559 907 5630 φιλοδοξίαν
952 5562 1444 5632 ἀπληστευόμενοι,
1497 5558 1572 5622 ὡς
1604 5560 1654 5612 οἱ
1716 5559 2051 5631 φιλάργυροι

485 5656 573 5711 ἀεὶ
601 5653 916 5725 ζητοῦντες,
954 5648 1034 5716 οἷς
1069 5655 1269 5725 ἔχουσι,
1301 5653 1648 5725 προστιθέναι
1669 5668 1683 5684 ο
1717 5652 2053 5725 ἀλλ’ἁρκού-

2154 3262 2472 3318 Davidicmn
2532 3264 2663 3335 est).
2710 3264 2900 3334 Spolia
2934 3279 3065 3318 vero
3104 3264 3372 3317 dicuntur
3399 3277 3485 3327 ea,
3521 3260 3727 3331 quibus

2154 3356 2329 3425 qui-iu
2364 3357 2506 3410 bello
2538 3356 2785 3410 cecidere
2813 3355 2987 3409 induti
3029 3366 3177 3419 sunt,
3230 3364 3343 3409 tum
3378 3361 3580 3415 vestes,
3610 3360 3730 3407 tun:

2155 3463 2329 3512 arma,
2356 3458 2469 3502 tum
2495 3447 2762 3518 quidquid
2795 3447 2861 3500 ad
2891 3457 3144 3502 ornatum
3174 3446 3359 3515 aliquo
3390 3444 3552 3500 modo
3595 3459 3726 3514 per-

2153 3543 2324 3598 tinet:
2373 3541 2463 3596 hic
2517 3556 2647 3610 ergo
2705 3541 2906 3595 latitia:
2972 3538 3403 3611 magnitudinem
3454 3536 3731 3607 Propheta

2156 3634 2579 3693 demonstravit,
2607 3633 2744 3686 Nam
2764 3633 2859 3703 qui
2891 3632 3198 3688 interfectis
3254 3632 3305 3685 in
3360 3630 3507 3685 bello
3555 3626 3732 3697 spolia

2156 3725 2474 3789 detrahunt,
2500 3725 2792 3779 victoriam
2826 3732 3146 3793 reportasse
3184 3738 3247 3777 ac
3277 3722 3591 3792 superiores
3630 3720 3730 3773 ad-

2157 3815 2414 3869 versariis
2452 3812 2623 3869 fuisse
2663 3812 3069 3882 intelliguntur,
3121 3812 3474 3883 geminaque,
3529 3809 3726 3880 partim

2156 3905 2228 3961 ob
2272 3905 2562 3960 victoriam
2622 3896 2737 3975 qua
2788 3905 2945 3975 potiti
2981 3914 3134 3968 sunt,
3169 3904 3369 3971 partim
3427 3904 3498 3955 ob
3542 3902 3724 3970 spolia

2156 3999 2359 4068 quibus
2402 4008 2530 4052 sunt
2556 3997 2738 4063 ditati,
2765 3999 3047 4067 voluptate
3096 3996 3483 4068 perfruuntur.
3523 3995 3726 4049 Eodem

2156 4064 2320 4145 modo
2377 4104 2478 4146 nos
2533 4104 2789 4160 quoque,
2846 4064 3003 4143 aiunt
3042 4064 3273 4151 Patres:
3316 4085 3730 4151 exsultabundi,

2158 4182 2375 4238 divinos
2403 4197 2647 4237 canones
2678 4181 2997 4251 pectoribus
3035 4168 3419 4242 admovemus,
3464 4179 3569 4232 hoc
3626 4185 3731 4239 est,

2158 4274 2450 4344 perlibenti
2525 4273 2712 4327 animo
2783 4273 3130 4342 accipimus,
3190 4280 3247 4327 et
3308 4269 3729 4338 amplectimur;

2158 4380 2297 4436 quos
2327 4367 2471 4420 enim
2505 4366 2809 4435 diligimus,
2841 4378 3063 4436 pectora
3093 4363 3339 4418 brachiis
3376 4361 3610 4431 amplexi
3644 4375 3735 4413 sa-

2158 4458 2439 4525 lutamus;
2483 4458 2567 4512 vel
2599 4457 2796 4513 intimo
2833 4458 3021 4512 cordis
3066 4455 3265 4511 aﬁ'ectu
3314 4453 3599 4523 diligimus
3625 4451 3735 4521 (est

2159 4551 2474 4622 namquein
2503 4559 2727 4620 pectore
2770 4538 2956 4606 cordis
3015 4550 3220 4618 locus),
3271 4561 3575 4615 eorumque
3604 4559 3735 4598 eon-

2161 4645 2469 4702 Stitutiouis
2495 4645 2805 4708 universas,
2840 4659 3017 4710 neque
3057 4643 3165 4697 ulla
3201 4657 3266 4696 e-x
3327 4647 3494 4710 parte
3525 4636 3735 4692 labefa-

2160 4748 2340 4794 ctatas
2360 4752 2778 4803 conservatuus,
2804 4737 3083 4806 inquiunt,
3118 4748 3185 4788 ac
3217 4732 3523 4787 retinemus
3557 4729 3739 4794 ;ratis

2162 4828 2375 4884 scilicet
2413 4841 2479 4883 ae
2526 4827 2871 4882 conﬁrmatis
2925 4825 2997 4879 iis
3048 4822 3381 4887 canonibus,
3416 4830 3530 4875 tum
3594 4834 3735 4888 quos

2163 4925 2341 4977 sancti
2365 4921 2621 4992 apostoli,
2673 4928 2787 4973 tum
2853 4933 2992 4988 quos
3050 4915 3427 4977 mctnuenicm.
3486 4928 3738 4983 qttnsque

2166 5015 2294 5070 item
2328 5014 2532 5069 locales
2570 5012 2791 5084 synodi,
2826 5026 2968 5082 quos
3000 5009 3168 5065 etiam
3219 5016 3373 5062 extra
3434 5006 3740 5077 synodicos

2163 5115 2471 5161 conventus
2524 5104 2702 5160 sancti
2762 5102 2956 5159 Patres
3010 5101 3187 5156 nostri
3238 5097 3482 5154 edidere.
3532 5094 3735 5150 Omnes

2161 5212 2421 5266 namque,
2448 5197 2695 5264 ejusdem
2724 5196 2900 5250 sancti
2927 5192 3168 5263 Spiritus
3193 5191 3406 5245 lumine
3439 5187 3735 5249 illustrati,

2162 5288 2316 5343 utilia
2353 5289 2669 5350 decrevere,
2698 5301 2763 5341 ac
2806 5284 3015 5347 omnia,
3056 5281 3340 5353 inquiunt,
3390 5294 3454 5334 ex
3513 5278 3733 5332 illorum

2168 5382 2442 5439 institutis
2472 5396 2574 5437 nos
2621 5395 2848 5451 quoque
2914 5378 3221 5434 sancimus.
3260 5372 3412 5440 Quos
3477 5371 3622 5424 enim
3658 5369 3737 5424 illi

2166 5476 2537 5537 anathemate,
2596 5481 2690 5526 aut
2748 5471 3137 5542 depositione,
3182 5477 3277 5521 aut
3332 5462 3733 5533 segregatione,

2164 5572 2261 5617 aut
2284 5561 2405 5615 aliis
2432 5561 2608 5631 poenis
2636 5560 2898 5623 alliciunt,
2929 5558 3053 5613 illos
3077 5554 3267 5611 eodem
3300 5568 3529 5623 prorsus
3553 5552 3737 5605 multae

2163 5667 2367 5724 genere
2405 5668 2505 5709 nos
2540 5668 2760 5723 quoque
2788 5653 3135 5706 damnamus.
3162 5646 3286 5703 Sint
3313 5644 3516 5701 etenim
3550 5657 3741 5698 mores

559 5831 602 5866 ³²
624 5831 668 5889 ll
701 5828 827 5887 Cor.
859 5845 956 5895 xu,
981 5829 1032 5885 4.
1104 5829 1309 5885 “Psal.
1347 5845 1541 5897 cxvut,
1578 5826 1695 5883 158.
1776 5828 1995 5885 "Deut.
2019 5842 2091 5894 tv,
2123 5827 2178 5882 2.
2258 5828 2345 5884 "'1
2376 5826 2519 5884 Patr.
2549 5846 2588 5892 t,
2628 5827 2711 5881 l5.
2790 5826 2833 5860 ³⁷
2865 5825 3042 5882 Galat.
3073 5842 3112 5889 t.
3149 5825 3201 5880 9.
