4062 6384
396 369 501 431 883
1681 385 1939 445 THEUD
2004 388 2403 452 BALSAMON
3538 390 3645 455 88‘

395 476 518 529 sine
547 478 798 542 avaritia,
824 481 1065 536 contenti
1099 486 1485 555 praesentibus,
1530 486 1706 559 inquit
1734 492 1969 560 Aposto-

2076 496 2215 564 μεθα
2240 498 2352 563 τοῖς
2382 500 2641 568 παροῦσι,
2699 504 2807 565 τοῖς
2844 501 2992 573 παρά
3023 503 3132 556 τῶν
3160 500 3335 572 ἀγίων
3385 498 3648 575 ηατέρων

397 568 507 625 Ius.
543 570 676 638 Qua:
699 574 920 643 quidem
963 578 1127 633 verba
1158 582 1353 650 synodi
1414 591 1674 640 auctores
1729 598 1961 656 usurpa-

2073 588 2315 659 δηλονότι
2344 594 2663 663 ὁρισθεῖσιν.

395 682 543 733 vere,
589 670 742 736 illud,
778 680 839 726 ut
900 673 1161 742 arbitror,
1202 677 1534 743 indicantes,
1588 695 1647 736 se
1687 682 1823 736 nihil
1873 684 2085 740 Scilicet
2137 687 2203 741 ad
2227 705 2289 744 ea
2344 706 2466 762 quae
2520 694 2633 764 jam
2695 692 2763 751 ab
2836 695 3077 766 antiquis
3128 689 3387 750 Patrihus
3433 691 3644 749 consti-

394 768 676 863 unisum
733 766 1022 823 ambitio“
1087 773 1373 831 su'demes
1403 776 1725 848 adi'mgere,
1766 792 2061 836 avarorum
2086 800 2257 850 more,
2297 789 2391 858 qui
2422 789 2488 845 ad
2551 800 2614 846 ea
2673 802 2795 861 quae
2840 790 3123 863 pOSSident
3178 791 3378 861 aliquid
3446 789 3648 846 addere

391 854 617 912 assidue
644 863 1028 919 contendunt:
1112 868 1207 925 sed
1276 873 1663 941 praesentibus,
1754 875 1821 930 iis
1882 876 2140 933 nimirum
2199 854 2328 951 qua}.
2371 901 2399 938 a
2466 890 2672 945 sanctis
2724 854 2980 945 Ρειιιίῑιηιε
3030 888 3250 945 deﬁnita
3307 896 3456 955 sunt,
3524 902 3649 943 esse

388 960 697 1008 contentos.
798 954 803 961 ’

387 1040 617 1101 ARlST.
652 1067 670 1100 ‹
708 1044 963 1106 Canones
993 1052 1234 1118 divinos,
1259 1070 1581 1115 sanctorum
1616 1077 1813 1132 nempe
1836 1078 1968 1130 apo-

472 1150 491 1183 ι
540 1138 837 1203 stolorum,
876 1142 1214 1211 Synodorum
1243 1162 1337 1201 sex
1364 1151 1968 1212 meumenicartini,ncc

466 1246 485 1277 ι
529 1238 637 1283 non
674 1231 1009 1300 topicarum,
1049 1237 1238 1306 utique
1287 1250 1341 1293 et
1392 1252 1709 1297 sanctorum
1743 1243 1964 1298 Patrum

469 1334 487 1371 ι
522 1328 842 1378 nostrorum
888 1326 955 1381 ab
1014 1330 1381 1393 unoscilicet
1423 1342 1478 1387 et
1532 1334 1724 1390 eodem
1755 1336 1965 1405 Spiritu
2045 1328 2056 1342 ’

467 1430 485 1461 ι
526 1420 720 1468 sancto
780 1414 1193 1486 inspiratorum,
1261 1419 1495 1478 libenter
1556 1424 1959 1495 amplectimur.

468 1522 485 1554 ι
523 1501 633 1559 Eos
690 1504 862 1576 igitur
893 1512 1033 1578 quos
1088 1511 1124 1564 ii
1162 1513 1727 1583 anathematizarunt,
1780 1525 1835 1572 et
1870 1510 1970 1572 n08

468 1612 488 1646 ι
525 1594 1095 1666 anathematizamus;
1147 1617 1288 1672 quos
1348 1607 1748 1675 deposuerunt,
1800 1604 1969 1678 depo-

467 1702 485 1738 t
530 1687 751 1751 nimus;
809 1704 952 1761 quos
1011 1706 1396 1765 segregarunt,
1456 1713 1857 1769 segregamus;
1917 1709 1972 1755 et

471 1798 491 1829 ‹
534 1794 675 1851 quos
704 1782 884 1852 pinnis
919 1783 1299 1852 subiecerunt,
1333 1790 1555 1845 eosdem
1581 1798 1635 1844 et
1670 1806 1771 1846 nos
1795 1792 1972 1861 poenis

469 1891 489 1922 ε
521 1869 870 1943 subiicimus.
910 1890 928 1926 ι

461 1930 702 2036 Septima
730 1964 850 2021 hare
884 1969 1135 2038 Synodus
1197 1930 1443 2025 secundo
1473 1973 1525 2026 in
1571 1971 1747 2028 Nicaea
1792 1974 1963 2029 lube-

1997 1894 2045 1954 B

2072 1064 2296 1119 ΑΡΙΣΤ.
2338 1084 2355 1117 ι
2390 1063 2526 1130 Τοὺς
2558 1056 2733 1130 θείους
2768 1066 3000 1130 κανόνας
3037 1066 3321 1129 ἀσπασίως
3365 1067 3640 1136 ὲνστερνι-

2144 1176 2160 1207 ι
2206 1159 2431 1226 ζόμεθα,
2453 1162 2561 1213 τῶν
2585 1179 2644 1213 τε
2686 1162 2854 1227 ἁγίων
2887 1161 3221 1222 ἀποστόλων,
3242 1160 3351 1212 τῶν
3378 1159 3435 1225 ἒξ
3468 1160 3644 1211 οίκουο

2147 1269 2164 1299 ι
2207 1251 2443 1317 μενικῶν
2501 1252 2769 1317 συνόδων,
2817 1252 2911 1305 καὶ
2957 1252 3066 1305 τῶν
3115 1250 3377 1315 τοπικῶν,
3425 1248 3561 1320 πρὸς
3585 1240 3644 1302 δὲ

2150 1356 2168 1389 ι
2204 1339 2297 1391 καὶ
2326 1339 2435 1393 τῶν
2461 1342 2630 1409 ἁγίων
2688 1342 2944 1409 Πατέρων
2982 1341 3157 1411 ἡμῶν,
3191 1341 3266 1403 ὡς
3312 1340 3370 1405 ἐξ
3404 1340 3520 1403 ἐνὸς
3548 1340 3646 1394 καὶ

2149 1450 2167 1479 ι
2204 1432 2298 1485 τοῦ
2358 1434 2519 1489 αὐτοῦ
2572 1434 2727 1504 ἁγίου
2792 1433 3108 1505 Πνεύματος
3167 1433 3644 1504 ὲμπνευσθέντων.

2144 1544 2164 1577 ι
2208 1526 2315 1591 Οὓς
2365 1526 2460 1582 οὖν
2510 1530 2949 1601 ἀνεθεμάτισαν,
3006 1527 3506 1598 ἀναθεματίζομεν⁹
3549 1525 3646 1578 καὶ

2149 1635 2166 1667 ι
2202 1616 2298 1680 οὓς
2361 1617 2652 1685 καθεῖλον,
2719 1620 3131 1692 καθαιρούμεν⁶
3178 1618 3271 1681 οὓς
3332 1616 3647 1685 ἀφώρισαν,

2151 1730 2169 1761 t
2213 1711 2588 1780 ἀφορίζομεν
2648 1711 2743 1766 καὶ
2799 1702 2893 1777 οὒς
2939 1711 3317 1782 ἐπετίμησαν,
3376 1709 3647 1776 ἐπιτιμώο

2150 1823 2167 1848 ⁴
2213 1822 2332 1874 μεν.
2374 1822 2393 1855 ι

2141 1986 2265 2040 Ἐπὶ
2300 1984 2716 2039 Κώνσταντίνου
2746 1982 2838 2037 τοῦ
2875 1983 3100 2052 ἑγγόνου
3133 1982 3231 2037 τοῦ
3270 1982 3647 2053 τρισκαταρά-

392 2062 578 2130 batur,
615 2066 717 2119 sub
750 2064 1117 2123 Constantino
1173 2073 1499 2125 exsecrandi
1564 2073 1828 2142 impiique
1859 2070 1967 2127 Co-

2073 2098 2162 2132 του
2194 2081 2288 2133 καὶ
2341 2078 2626 2148 θεομισοῦς
2677 2072 3059 2147 Κοπρωνύμου
3119 2077 3213 2131 καὶ
3274 2077 3513 2146 Εἰρήνης
3546 2075 3645 2143 τῆς

390 2164 645 2231 pronymi
683 2170 901 2232 nepote.
926 2171 983 2219 et
1019 2162 1179 2220 irene
1205 2174 1381 2220 matre
1436 2166 1556 2236 ejus
1605 2183 1672 2222 ex
1732 2164 1967 2221 Athenis

390 2250 670 2315 oriunda,
742 2252 1092 2325 congregatis
1159 2256 1394 2310 consilio
1449 2266 1504 2311 et
1577 2256 1967 2311 adhortatione

394 2332 611 2396 Tarasii
671 2340 1077 2414 archiepiscopi
1155 2346 1789 2417 Constantinopolitani,
1859 2358 1970 2402 tre-

394 2434 575 2488 rentis
604 2437 887 2506 setaginta
960 2438 1168 2508 septem
1222 2436 1480 2496 Patribus
1531 2438 1754 2496 divinis.
1821 2441 1970 2495 Con-

390 2534 594 2582 ventus
653 2538 838 2583 autem
901 2545 1092 2584 eorum
1148 2538 1267 2586 erat
1330 2532 1598 2588 adversus
1666 2535 1964 2604 imaginum

392 2614 586 2675 hostes
641 2612 758 2675 sive
814 2615 1265 2677 Christianorum
1326 2637 1702 2689 accusatores,
1765 2637 1819 2681 et
1868 2644 1966 2683 eos

395 2710 947 2771 anathematizarunt
975 2735 990 2772 :
1016 2718 1279 2772 Ecclesia:
1309 2727 1490 2774 autem
1522 2720 1809 2790 antiquum
1842 2722 1965 2789 ejus

393 2812 652 2861 ornatum
694 2810 1081 2874 restituerunt,
1136 2818 1372 2876 eamque
1419 2814 1717 2884 imaginum
1764 2814 1968 2869 habere

398 2900 807 2968 expressiones,
836 2904 891 2956 et
931 2902 1157 2959 relative
1206 2919 1300 2960 eas
1327 2907 1569 2961 salutare
1623 2917 1772 2961 recte
1827 2906 1961 2959 (ιι-η-

394 2984 658 3045 nierum:
690 2995 807 3062 pari
834 3000 963 3049 vero
994 2994 1214 3051 ratione
1245 2997 1412 3049 etiam
1480 2997 1667 3052 erucis
1720 2997 1965 3050 honora-

392 3079 524 3139 bilis
578 3085 794 3140 adorari
854 3086 1083 3157 figuram
1129 3106 1143 3142 :
1212 3090 1608 3157 amplectentes
1660 3101 1714 3144 et
1764 3090 1968 3144 contir-

393 3176 607 3233 man'tes
636 3176 749 3231 tum
777 3194 993 3234 summa
1031 3174 1195 3236 laude
1246 3182 1720 3250 praedicandorum
1751 3192 1804 3238 et
1835 3199 1965 3238 san-

388 3274 614 3323 ‘rtorttm
647 3268 1055 3337 apostolorum,
1106 3281 1220 3327 tum
1273 3288 1366 3328 sex
1425 3284 1741 3328 sanctorum
1781 3274 1969 3328 conci-
1996 3246 2043 3311 ο

392 3361 590 3416 liorum
630 3364 993 3429 generalium,
1024 3382 1079 3420 et
1131 3366 1294 3419 etiam
1326 3367 1744 3435 provincialium
1804 3360 1971 3421 cano-

392 3468 527 3522 nes;
560 3456 615 3510 et
650 3464 746 3511 eos
780 3457 873 3526 qui
912 3459 981 3512 ab
1032 3458 1144 3512 illis
1198 3458 1650 3513 anathematizati
1710 3459 1968 3524 fuissent,

396 3538 936 3603 anathematizarunt
995 3552 1048 3604 et
1089 3546 1216 3621 ipsi,
1286 3558 1341 3605 et
1378 3551 1732 3621 depositione
1758 3552 1829 3605 ob
1869 3550 1969 3604 aii-

393 3642 542 3712 qtiod
578 3644 789 3697 crimen
819 3644 1132 3708 damnatos,
1166 3638 1422 3713 similiter
1453 3654 1506 3697 et
1549 3644 1652 3713 ipsi
1709 3643 1970 3699 condem-

394 3740 621 3797 narunt,
653 3745 973 3805 segregatos
1017 3745 1198 3790 autem
1266 3712 1645 3806 segregarunt,
1674 3742 1729 3789 et
1788 3736 1968 3804 poenis

396 3823 679 3894 subjectos
748 3827 1054 3895 aequalibus
1103 3829 1284 3898 poenis
1355 3829 1751 3896 subiecerunt;
1836 3826 1971 3882 nihil

392 3917 621 3971 omnino
653 3919 742 3982 iis,
769 3934 889 3988 qua:
919 3918 1129 3977 Sanctis
1171 3923 1438 3992 apostolis
1472 3932 1522 3977 et
1547 3920 1751 3976 divinis
1789 3914 1972 3976 Patri-

392 4003 500 4061 bns
530 4008 782 4075 exposita
810 4018 864 4063 et
895 4002 1116 4065 decreta
1149 4000 1400 4073 inerunt,
1436 4006 1517 4065 vel
1568 4007 1837 4069 addentes
1884 4008 1971 4065 vel

394 4092 804 4158 subtrahentes.

915 4196 1079 4269 237
1106 4194 1334 4253 canon
1366 4190 1431 4252 il.

404 4303 424 4337 ι
467 4284 738 4352 Quoniam
797 4288 1093 4358 psallentes
1129 4282 1245 4344 Deo
1290 4291 1753 4362 repromittimus.
1784 4290 1843 4347 In
1885 4293 1974 4359 ju-

481 4398 500 4430 ι
544 4380 979 4437 stilicationihus
1005 4382 1114 4436 tuis
1142 4382 1470 4449 meditabor,
1517 4399 1626 4438 non
1677 4384 1976 4439 obliviscar

482 4490 499 4521 ι
533 4471 881 4542 eloquiorum
912 4480 1134 4528 tuorum
1162 4492 1177 4529 :
1212 4489 1404 4528 omnes
1435 4474 1656 4543 quidem
1712 4476 1979 4533 Christia-

474 4579 493 4611 ο
530 4575 629 4615 nos
661 4562 762 4630 hoc
782 4570 1005 4617 servare
1037 4562 1465 4618 saluberrimum
1494 4572 1604 4631 est;
1666 4580 1763 4622 eos
1793 4575 1973 4623 autem

482 4675 499 4705 ι
530 4657 809 4727 praecipue
836 4658 931 4728 qui
976 4657 1376 4712 sacerdotalem
1444 4652 1770 4729 dignitatem
1828 4663 1973 4716 obti~

476 4767 495 4799 ι
536 4748 685 4802 nent.
775 4748 1143 4816 Quamobrem
1211 4748 1599 4817 decernimus,

472 4858 490 4891 ι
529 4832 772 4910 quidem,
795 4841 890 4912 qui
921 4839 988 4894 ad
1028 4841 1396 4912 epiScopaIem
1452 4846 1680 4913 gradum
1732 4856 1815 4901 est
1846 4854 1976 4918 pro-

473 4953 492 4984 ‹
530 4933 846 5003 vehendus,
881 4933 1212 4989 Psalterium
1275 4938 1500 4994 omnino
1561 4955 1749 5008 nosse,
1800 4952 1860 4996 ut
1908 4957 1971 4997 ex

476 5043 495 5077 ι
537 5041 602 5077 eo
630 5042 849 5081 omnem
881 5041 1103 5095 quoque
1150 5042 1311 5081 suum
1350 5028 1613 5084 clericunt
1636 5031 1710 5083 ita
1750 5032 1971 5086 institui

475 5137 493 5168 ε
528 5131 782 5173 moneat:
818 5134 848 5171 a
884 5118 1316 5189 metropolitano
1345 5126 1532 5175 autem
1568 5123 1705 5177 bene
1763 5124 1973 5179 etiami-

471 5229 489 5259 ‹
530 5209 672 5271 nari,
710 5225 777 5263 an
812 5206 1103 5263 ad‘sacros
1140 5224 1381 5268 canones
1411 5211 1706 5281 diligenter
1750 5228 1816 5270 ac
1845 5224 1970 5271 cum

470 5320 488 5351 ‹
529 5302 995 5368 perscrutatione,
1030 5317 1139 5356 non
1192 5310 1374 5357 autem
1426 5302 1604 5358 obiter
1652 5305 1971 5377 cursimque

468 5410 488 5443 ς
524 5392 782 5461 legendos
846 5403 1098 5461 prompto
1157 5404 1463 5463 paratoque
1522 5395 1595 5450 sit
1651 5398 1861 5463 animo,
1913 5407 1969 5452 et

466 5504 482 5535 ι
528 5500 747 5539 sacrum
804 5487 970 5541 etiam
1028 5476 1390 5560 Evangelium
1446 5496 1501 5542 et
1536 5489 1734 5543 librum
1794 5492 1964 5545 divini

470 5595 488 5626 ι
521 5570 773 5647 Apostoli
812 5594 1148 5649 omnemque
1202 5579 1446 5632 divinam
1496 5578 1880 5650 Scripturam;
1911 5593 1967 5638 et

462 5688 480 5720 ι
520 5670 572 5722 in
605 5670 807 5727 divinis
841 5670 1130 5743 praeceptis
1173 5673 1406 5739 versari,
1444 5684 1499 5728 et
1543 5677 1805 5746 populum
1856 5678 1963 5733 sibi

464 5777 482 5808 ι
522 5762 883 5817 commissum
920 5765 1140 5820 docere.
1176 5763 1395 5821 Nostrae
1426 5768 1574 5821 enim
1635 5767 1963 5824 hicrarchize

460 5867 479 5903 ι
520 5852 846 5910 substantia:
914 5863 1043 5911 sunt
1102 5855 1321 5929 eloquia
1386 5859 1655 5916 divinitus
1715 5861 1960 5929 tradita,

1677 4754 1980 4823 quemlibet
2052 4756 2058 4766 ’

2072 2173 2278 2243 μητρὸς
2332 2170 2502 2225 αὐτοῦ
2553 2172 2650 2242 τῆς
2681 2171 2741 2237 ἐξ
2796 2170 3041 2239 Ἀθηνῶν
3074 2172 3107 2240 ἡ
3154 2167 3409 2238 παροῦσαι
3434 2166 3639 2235 ἑϐδόμη

2068 2267 2258 2334 γέγονε
2281 2265 2501 2325 σύνοδος
2537 2267 2595 2316 ἐν
2630 2265 2833 2331 Νικαία
2876 2264 2937 2316 το
2966 2263 3237 2332 δεύτερον,
3276 2261 3646 2315 συνελθόντων

2072 2358 2348 2429 συμϐουλῇ
2404 2360 2499 2410 καὶ
2538 2359 2858 2428 παραινέσει
2903 2355 3180 2425 Ταρασίου
3206 2354 3648 2426 ’ἀρχιεπισκόπου

2069 2450 2694 2513 Κωνστανττνουπόλεως
2719 2450 3046 2519 τριακοσίων
3075 2448 3340 2521 ἐξήκοντα
3362 2449 3500 2501 ἑπτά
3531 2447 3651 2499 θεο-

2072 2547 2255 2617 φόρων
2298 2547 2575 2617 Πατέρων.
2646 2544 2709 2597 Ἦ
2749 2539 2805 2599 δὲ
2865 2544 3174 2605 συνέλευσις
3222 2543 3425 2597 τούτων
3455 2542 3648 2608 γέγονε

2070 2639 2212 2693 κατὰ
2240 2639 2350 2691 τῶν
2405 2638 2779 2707 εἰκονομάχων
2834 2628 2952 2706 ἦτοι
2986 2634 3645 2705 Χριστιανοκατηγόρων·

2070 2735 2166 2785 καὶ
2187 2732 2411 2793 τούτους
2443 2730 2862 2800 ἀνεθεμάτισαν.
2896 2730 2976 2801 Τῇ
3012 2729 3068 2783 δὲ
3098 2729 3397 2798 Ἐκκλησία
3425 2727 3515 2779 τὴν
3550 2729 3651 2796 ἀρ-

2070 2828 2222 2896 χαῖον
2249 2826 2419 2893 αὐτῆς
2444 2826 2646 2891 κόσμον
2682 2824 3078 2882 ἀποδεδώκασι,
3113 2823 3208 2874 καὶ
3242 2822 3337 2883 τὰς
3369 2820 3648 2879 εἰκονικὰς

2070 2919 2449 2980 ἀνα-υπώσεις
2485 2916 2629 2987 ἔχειν
2660 2916 2849 2985 αὐτὴν.
2888 2915 2979 2967 καὶ
3004 2912 3266 2983 σχετικῶς
3301 2911 3647 2976 ἀσπάζεσθαι

2072 3012 2298 3071 ταύτας,
2330 3008 2509 3072 καλῶς
2538 3008 2859 3078 διωρίσαντο
2886 3024 2899 3037 ·
2932 3006 3193 3067 ὡσαύτως
3227 3004 3283 3057 δὲ
3316 3004 3408 3057 καὶ
3440 3004 3530 3056 τὸν
3557 3004 3652 3055 τύ-

2073 3122 2174 3157 πον
2201 3103 2296 3157 τοῦ
2329 3102 2513 3172 τιμίου
2548 3101 2974 3173 προσκυνεῖσθαι
3030 3099 3294 3172 σταυροῦ·
3328 3099 3650 3166 ἀσπασάμε-

2075 3213 2156 3249 νοι
2202 3197 2294 3248 καὶ
2351 3194 2716 3263 κρατύναντες
2744 3192 2870 3255 τούς
2900 3210 2959 3243 τε
2996 3189 3103 3244 τῶν
3135 3187 3510 3259 πανευφὴμων
3558 3189 3652 3241 καὶ

2075 3289 2247 3356 ἁγίων
2277 3288 2593 3340 ἀποστόλων
2633 3286 2885 3347 κανόνας,
2939 3283 3048 3336 τῶν
3099 3301 3156 3335 τε
3190 3283 3364 3350 ἁγίων
3400 3282 3653 3346 οἰκούμε-

2074 3379 2241 3433 νικῶν
2275 3376 2336 3442 ἓξ
2370 3377 2626 3440 συνόδων,
2663 3376 2758 3427 καὶ
2796 3375 2905 3426 τῶν
2944 3373 3197 3445 τοπικῶς
3242 3371 3655 3441 συναθροισθει-

2076 3471 2225 3523 σῶνο
2272 3468 2522 3530 καὶτοὺς
2575 3467 2675 3537 μὲν
2728 3458 3264 3537 ἀναθεματισθέντας
3327 3464 3420 3518 ὑπ’
3468 3463 3651 3517 αὐτῶν

2075 3559 2529 3633 ἀναθεματίζουσι
2557 3561 2650 3612 καὶ
2686 3559 2841 3612 αὐτοί
2863 3573 2878 3588 ·
2909 3559 3036 3622 τοὺς
3063 3556 3119 3610 δὲ
3143 3556 3459 3626 καθαιρέσει
3478 3556 3564 3607 διά
3598 3573 3651 3608 τι

2078 3659 2327 3724 πταῖσμα
2357 3651 2816 3723 κατακριθέντας,
2869 3649 3132 3711 ὡσαύτως
3172 3649 3265 3703 καί
3293 3641 3441 3701 οὗτοι
3476 3665 3650 3700 κατα-

2073 3745 2393 3809 δικάζουσι’
2440 3747 2565 3806 τοὺς
2587 3744 2644 3796 δὲ
2684 3741 3103 3812 ἀφωρισμένως
3149 3737 3507 3810 ἀφορίζουσιο
3555 3738 3651 3791 καὶ

2074 3838 2203 3902 τοὺς
2223 3836 2521 3907 ἐπιτιμίοις
2549 3835 3131 3902 καθυποϐαλλομένους
3151 3831 3481 3900 ἐπιτιμῶσιν
3532 3830 3654 3883 ἐπί-

2078 3949 2201 4001 σης,
2235 3930 2398 4001 μηδέν
2420 3946 2473 3982 τι
2503 3926 2885 3999 προστιθέντες
2910 3924 2943 3996 ἢ
2977 3924 3337 3994 ὑφαιροῦντες
3367 3921 3476 3976 τῶν
3505 3920 3654 3990 παρά

2074 4017 2184 4072 τῶν
2214 4004 2386 4087 ἀγῖων
2432 4016 2746 4071 ἀποστόλων
2792 4016 2885 4069 καὶ
2920 4016 3030 4068 τῶν
3074 4013 3350 4082 θεοφόρων
3394 4013 3655 4083 Πατέρων

2076 4104 2407 4163 ἐκτεθέντων
2438 4111 2531 4163 καὶ
2552 4108 2901 4180 ὁρισθέντων.

2682 4198 2922 4255 ΚΛΝΩΝ
2981 4199 3055 4255 Β’.

2088 4314 2107 4347 ι
2151 4282 2483 4367 Ἐπειδήπερ
2539 4292 2837 4365 ψάλλοντες
2894 4291 3307 4363 συντασσόμεθα
3357 4291 3437 4364 τῷ
3499 4291 3657 4362 Θεῷ,

2159 4408 2178 4440 ι
2220 4388 2311 4440 Ἐν
2344 4388 2456 4450 τοῖς
2509 4386 2845 4456 δικαιώμασί
2891 4404 2984 4440 σου
3031 4386 3339 4457 μελετήσω,
3385 4386 3486 4439 οὐκ
3538 4386 3663 4437 ἑπι-

2160 4496 2179 4530 ι
2222 4478 2461 4549 λήσομαι
2500 4479 2612 4531 τῶν
2660 4477 2836 4545 λόγων
2863 4494 2958 4529 σου
2988 4492 3005 4510 ο
3047 4495 3066 4529 ι
3122 4476 3332 4539 πάντας
3368 4475 3469 4546 μὲν
3521 4476 3661 4545 Χρι-

2162 4591 2181 4624 ι
2226 4572 2479 4633 στιανοὺς
2504 4554 2665 4623 τοῦτο
2696 4568 2990 4639 φυλάττειν
3034 4569 3327 4638 σωτήριον,
3362 4566 3483 4619 κατ’
3509 4566 3663 4630 ἐξαί-

2160 4681 2179 4716 t
2227 4678 2382 4732 ρετον
2442 4661 2501 4715 δὲ
2558 4660 2688 4723 τοὺς
2749 4660 2848 4731 τὴν
2905 4654 3187 4728 ἱερατικὴν
3239 4656 3662 4727 ἀμπεχομένους

2158 4772 2177 4807 ι
2219 4750 2402 4819 ἀξίαν.
2450 4752 2617 4808 ’Ὅθεν
2656 4751 2913 4823 ὁρίζομεν
2957 4755 3136 4806 πάντα
3182 4749 3275 4803 τὸν
3318 4746 3663 4820 προάγεσθαι

2159 4868 2177 4902 ι
2222 4844 2488 4920 μέλλοντα
2515 4848 2596 4910 είς
2618 4840 2711 4900 τὸν
2737 4840 2835 4917 τῆς
2862 4846 3171 4916 ἐπισκοπῆς
3195 4842 3404 4915 βαθμὸν
3438 4842 3660 4907 πάντως

2161 4962 2181 4995 ‹
2220 4940 2314 4996 τὸν
2370 4938 2626 5011 ψαλτῆρα
2669 4937 2986 5006 γινώσκειν,
3014 4934 3099 4990 ἵνα
3128 4937 3202 4998 ὡς
3239 4938 3303 4991 ἐκ
3333 4936 3521 4990 τούτου
3561 4936 3662 4987 καὶ

2155 5053 2174 5087 ι
2217 5034 2399 5088 πάντα
2462 5028 2555 5085 τὸν
2600 5029 2725 5084 κατ’
2772 5031 2935 5084 αὐτὸν
2982 5028 3183 5098 κλῆρον
3236 5026 3381 5080 οὕτω
3429 5024 3658 5096 νουθετῇ

2157 5146 2178 5179 ς
2221 5122 2479 5198 μυεῖσθαι
2506 5139 2522 5157 ⁸
2576 5122 2969 5191 ἀνακρίνεσθαι
3005 5120 3063 5174 δὲ
3111 5120 3373 5189 ἀσφαλῶς
3412 5119 3516 5174 ὑπὸ
3559 5118 3659 5171 τοῦ

2155 5236 2174 5272 ι
2218 5214 2645 5289 μητροπολίτου,
2681 5214 2732 5267 εί
2777 5213 3076 5284 προθύμως
3106 5210 3219 5281 ἔχει
3254 5210 3656 5280 ἀναγινώσκειν

2150 5328 2170 5362 ι
2214 5307 2585 5381 ἐρευνητικῶς
2645 5306 2740 5362 καὶ
2807 5306 2870 5359 οὐ
2941 5303 3358 5373 παροδευτικῶς
3403 5302 3529 5365 τούς
3591 5319 3654 5355 τε

2152 5423 2171 5456 ι
2215 5394 2393 5473 ἱεροὺς
2432 5402 2684 5464 κανόνας,
2731 5400 2826 5454 καὶ
2868 5398 2929 5451 το
2969 5397 3126 5464 ἆγιον
3162 5396 3518 5465 Εὐαγγέλιον,
3550 5395 3655 5463 τήν

2150 5513 2170 5546 ε
2211 5512 2271 5549 τε
2295 5495 2387 5547 τοῦ
2421 5490 2565 5546 θείου
2606 5490 2930 5546 Ἀποστόλου
2963 5489 3165 5559 βίϐλον,
3202 5492 3295 5541 καὶ
3328 5492 3510 5542 πᾶσαν
3552 5487 3653 5557 τὴν

2148 5602 2167 5639 t
2206 5584 2364 5639 θείαν
2409 5583 2637 5655 Γραφήν
2667 5600 2681 5615 ο
2728 5581 2823 5634 καὶ
2870 5580 3014 5634 κατά
3055 5580 3123 5634 τὰ
3166 5572 3289 5633 θεῖα
3335 5579 3653 5649 ἐντάλματα

2149 5698 2169 5730 ι
2209 5677 2672 5748 ἀναστρέφεσθαι,
2723 5675 2818 5729 καὶ
2868 5673 3145 5729 διδάσκειν
3186 5674 3279 5727 τὸν
3316 5673 3441 5726 κατ’
3484 5669 3650 5726 αὑτὸν

2148 5792 2167 5824 ι
2210 5772 2359 5828 λαόν.
2395 5772 2566 5824 Οὐσία
2599 5771 2709 5841 γάρ
2734 5771 2833 5839 τῆς
2869 5770 2993 5824 καθ’
3022 5771 3172 5839 ἡμᾶς
3209 5767 3494 5840 ίεραρχίσς
3530 5766 3654 5819 ἐστὶ

2151 5888 2171 5921 ι
2214 5866 2278 5919 τὰ
2341 5856 2713 5935 θεοπαράδοτα
2766 5863 2947 5932 λόγια,
2993 5863 3164 5919 ἤγουν
3224 5863 3254 5914 ἡ
3314 5859 3423 5913 τῶν
3486 5857 3653 5911 θείων
