4062 6392
376 380 494 457 ³885

467 527 486 560 ‹
529 509 762 581 Γραφῶν
812 507 1047 579 ἀληθινή
1100 505 1405 576 ἐπιστήμη,
1474 498 1656 565 καθὼς
1714 502 1743 553 ὁ
1798 499 2051 568 μὲγαςΑ

466 623 482 651 ι
527 603 846 671 ἀπεφήνατο
886 599 1189 662 Διονύσιος.
1224 599 1285 651 Εἰ
1321 597 1379 651 δὲ
1430 588 1834 666 ἀμφισϐητοίη,
1880 592 1976 645 καὶ

466 712 485 742 α
534 693 606 762 μὴ
634 692 920 762 ἀσμενίζοι
948 690 1093 745 οὕτω
1120 693 1295 745 ποιεῖν
1320 708 1380 742 τε
1408 690 1506 743 καὶ⁸
1556 687 1856 749 διδάσκειν,
1901 683 1977 753 μὴ

474 804 489 833 ι
535 782 973 853 χειροτονείσθω.
1010 785 1157 852 Ἔφη
1201 784 1309 852 γὰρ
1355 780 1717 852 προφητικῶς
1746 779 1774 830 ὁ
1799 776 1929 839 Θεός
1960 793 1975 806 ⁸

464 896 482 927 ι
527 877 598 929 Σὺ
629 875 925 945 ἐπίγνωσιν
975 875 1203 940 ἀπώσω,
1250 872 1407 942 κάγὼ
1447 870 1742 941 ἀπώσομαι
1789 869 1850 922 σὲ
1882 866 1975 943 τοῦ

469 989 486 1019 ε
533 968 607 1038 μὴ
639 964 948 1039 ἱερατεύειν
982 980 1093 1022 μοι.
1134 987 1154 1022 ι

463 1146 661 1204 ΒΛΛΣ.
690 1148 906 1214 Εἱδότες
938 1151 988 1203 οί
1018 1152 1167 1220 ἀγιοι
1203 1151 1452 1221 Πατέρες
1477 1151 1579 1217 ἶότι
1608 1148 1697 1203 διὰ
1723 1148 1821 1221 τήν
1869 1148 1978 1202 τῶν

393 1243 765 1312 εἰκονομάχων
820 1242 1033 1314 αἵρεσιν
1077 1245 1126 1297 οῖ
1166 1244 1390 1303 πλείους
1433 1244 1619 1297 πιστοὶ
1662 1243 1978 1313 ἐξηγροικί-

393 1333 624 1403 σθησαν,
670 1334 745 1397 ὡς
788 1334 1103 1404 φεύγοντες,
1155 1337 1250 1390 καὶ
1298 1338 1371 1407 μὴ
1415 1336 1706 1406 δυνάμενοι
1745 1336 1849 1389 κᾶν
1900 1337 1979 1399 είς

392 1425 516 1493 ὄψιν
552 1425 860 1495 ἀνθρώπων
907 1427 1183 1497 ἔρχεσθαι,
1228 1424 1381 1481 εἷπον
1405 1427 1481 1490 ὡς
1507 1429 1602 1480 καὶ
1639 1427 1845 1489 πάντες
1879 1427 1981 1496 μὲν

395 1519 718 1587 Χριστιανοὶ
750 1520 1158 1587 ἀναγκάζονται
1206 1521 1307 1587 τὴν
1350 1502 1502 1573 θείαν
1529 1520 1752 1589 Γραφὴν
1784 1521 1979 1588 ἀναγι-

394 1611 627 1663 νὼσκειν
654 1610 792 1680 μετὰ
819 1610 1047 1681 ἐρεύνης
1077 1627 1091 1638 ·
1124 1612 1306 1684 πολλῷ
1327 1613 1386 1665 δὲ
1419 1613 1583 1665 πλέον
1604 1614 1651 1665 οἱ
1674 1613 1976 1683 ἀρχιερεῖς,

394 1703 447 1754 οί
493 1705 629 1771 πρὸς
659 1704 719 1755 τὸ
755 1698 1030 1758 διδάσκειν
1060 1706 1152 1758 τὸν
1179 1706 1271 1758 ὑπ’
1306 1704 1503 1768 αὐτοὺς
1540 1706 1671 1758 λαὸν
1716 1706 1981 1774 τεταγμέ-

396 1810 500 1846 νοι.
554 1792 642 1846 Διὸ
682 1796 775 1846 καὶ
815 1793 1027 1862 ὥρισαν
1059 1794 1133 1865 μὴ
1170 1793 1347 1858 ἄλλως
1375 1795 1498 1847 τινὰ
1526 1793 1977 1865 χειροτονεῖσθαι,

1396 392 1471 450 lN
1518 381 1683 449 CAN.
1724 388 1780 446 ιι
1825 385 2099 445 ΞΥΝΟΒΙ
2130 386 2237 447 vn
2280 388 2635 477 (acuum.

3545 370 3673 441 886‘

2160 521 2179 552 ‹
2220 503 2530 559 divinarum
2593 506 2804 559 scilicet
2866 500 3280 569 Scripturarum
3311 508 3441 549 vera
3478 495 3660 549 scien-

2159 615 2177 646 ι
2210 600 2324 663 tia;
2362 600 2506 653 sicut
2531 610 2582 654 et
2618 613 2848 665 magnus
2884 595 2960 647 ait
2996 591 3316 662 Dionysius.
3356 590 3415 642 Si
3471 594 3673 641 autem:

2159 707 2177 739 ς
2218 690 2420 747 dubius
2473 691 2641 746 animi
2715 688 2902 753 fuerit,
2973 693 3030 740 et
3081 697 3194 739 non
3266 681 3503 735 libenter
3543 680 3681 733 haec-

2158 801 2176 833 ι
2220 783 2399 837 facere
2466 794 2523 837 et
2574 784 2778 837 docere
2827 778 3108 839 voluerit,
3173 789 3281 827 non
3344 769 3656 825 ordinetur.

2158 893 2176 925 ι
2215 874 2539 945 Proplietice
2595 874 2744 929 enim
2807 871 2947 926 dixit
3004 869 3191 923 Deus:
3237 885 3255 917 ε
3287 863 3369 917 Τιι
3408 861 3660 932 repulisti

2159 986 2177 1019 ι
2216 968 2529 1028 scientiam,
2593 975 2647 1021 et
2682 980 2793 1039 ego
2847 974 2902 1020 te
2947 962 3212 1032 repellam
3274 974 3342 1013 ne
3385 958 3466 1013 sis
3522 954 3659 1011 mihi

2159 1080 2177 1112 σ
2209 1061 2464 1115 sacerdos
2497 1061 2565 1114 ⁸⁸.
2600 1080 2617 1112 ι

2160 1153 2357 1207 Βυλὸ.
2392 1153 2527 1209 Cum
2576 1154 2784 1209 scirent
2819 1149 2997 1205 sancti
3025 1148 3243 1206 Patres.
3267 1145 3417 1214 quod
3444 1151 3665 1213 propter

2081 1248 2381 1316 imaginum
2413 1247 2859 1300 adversariorum
2894 1236 3126 1296 lueresin
3163 1238 3475 1307 complures
3529 1235 3664 1289 iide-

2082 1341 2162 1395 les
2196 1342 2311 1395 lleri
2363 1350 2718 1409 agrestesque
2776 1342 3098 1392 evaserunt.
3159 1339 3219 1384 ut
3269 1330 3359 1398 qui
3400 1326 3661 1395 fugerint,

2081 1446 2134 1489 et
2189 1450 2255 1488 ne
2320 1434 2373 1488 in
2438 1432 2725 1486 immihmu
2783 1430 3001 1497 quidem
3060 1432 3417 1493 conspectum
3475 1421 3690 1476 venire-

2042 1525 2376 1588 -auderent,
2440 1524 2719 1586 dixerunt,
2756 1522 2900 1593 quod
2967 1528 3160 1573 omnes
3218 1516 3439 1586 quidem
3500 1514 3663 1567 Chri-

2082 1619 2246 1674 stiani
2322 1624 2598 1689 coguntur
2673 1630 2797 1670 cum
2880 1612 3361 1683 perscrutatione
3419 1608 3659 1662 divinam

2088 1711 2431 1780 SCripturam
2468 1710 2683 1775 legere;
2710 1712 2882 1762 multo
2911 1716 3092 1760 autem
3147 1706 3319 1774 magis
3360 1703 3662 1765 antistites,

2087 1804 2178 1871 qui
2220 1802 2285 1856 ad
2320 1800 2422 1855 sibi
2454 1801 2765 1868 subjectum
2792 1799 3047 1868 populum
3084 1798 3388 1851 docendum
3420 1792 3662 1848 ordinati

392 1883 444 1935 εί
499 1884 574 1954 μὴ
621 1885 712 1936 τὸν
746 1885 999 1954 ψαλτῆρα
1048 1887 1337 1953 γινώσκει,
1402 1887 1496 1937 καὶ
1555 1884 1982 1953 ἀνακρινόμενος

2088 1897 2237 1944 sunt.
2265 1878 2418 1942 Unde
2452 1890 2616 1942 etiam
2650 1887 2997 1950 definierunt,
3054 1901 3163 1940 non
3226 1887 3364 1940 alias
3416 1884 3675 1939 ordinarii

398 1974 504 2029 ὑπὸ
536 1979 629 2030 τού
661 1977 950 2047 μέλλοντος
979 1983 1310 2050 χειροτονεῖν
1346 1981 1535 2047 αὐτὸν,
1575 1982 1769 2033 ὁποίαν
1794 1980 1979 2048 ἔφεσιν

397 2069 511 2138 ἔχει
534 2072 659 2140 περὶ
690 2070 788 2141 τὴν
816 2072 1054 2142 μάθησιν
1082 2074 1183 2141 τῆς
1218 2072 1369 2138 θείας
1401 2075 1643 2145 Γραφῆς,
1668 2074 1979 2143 κατάθηται

397 2162 803 2231 ἐπιμεληθῆναι
830 2167 929 2231 τῆς
958 2165 1323 2235 ἀναγνώσεως
1356 2168 1468 2221 τῶν
1505 2168 1669 2238 ἱερῶν
1699 2170 1794 2222 καὶ
1818 2169 1981 2222 θείων

397 2254 646 2307 κανόνων
701 2256 793 2309 καὶ
840 2257 947 2309 τῶν
973 2258 1199 2320 λοιπῶν,
1242 2260 1383 2328 μετὰ
1442 2260 1673 2330 ἐρεύνης
1713 2262 1980 2332 δηλονότι,

399 2346 494 2396 καὶ
526 2346 586 2396 οὗ
638 2347 778 2398 κατὰ
808 2346 1042 2416 πάροδον
1072 2364 1086 2381 ·
1124 2351 1571 2422 ἀναστρέφεσθαι
1602 2353 1659 2405 δὲ
1704 2354 1801 2406 καὶ
1838 2355 1983 2408 κατὰ

397 2437 467 2488 τὰ
502 2435 619 2489 θεῖα
652 2440 984 2508 ἐντάλματα,
1027 2445 1121 2495 καὶ
1158 2444 1434 2498 διδάσκειν
1464 2444 1559 2498 τοῦ
1594 2444 1802 2516 Κυρίου
1833 2447 1983 2513 λαὸν,

401 2530 497 2581 καὶ
521 2530 708 2592 ἁπλῶς
735 2523 873 2584 εἶναι
916 2534 1138 2603 ἕτοιμον
1178 2540 1262 2600 εἰς
1303 2537 1365 2590 τὸ
1411 2537 1686 2592 διδάσκειν
1723 2543 1817 2592 καὶ
1849 2541 1985 2593 ἀπο-

401 2620 686 2686 κρίνεσθαι
730 2624 797 2676 τὰ
833 2626 1019 2678 εἰκότα
1048 2629 1309 2697 περὶτῶν
1337 2630 1751 2700 θεοπαραδὸτων
1788 2633 1986 2700 λογίων

397 2712 509 2763 τῶν
566 2714 734 2768 ὄντων
798 2719 987 2772 οὐσίαν
1027 2720 1145 2789 ήτοι
1184 2722 1446 2778 σύστασιν
1505 2726 1601 2793 τῆς
1660 2722 1985 2798 ἱερωσύνης.

403 2805 561 2858 Εἴποι
583 2809 639 2860 δέ
659 2827 766 2874 τις,
792 2811 911 2873 Πῶς
934 2816 982 2865 0i
1013 2816 1157 2883 ἆγιοι
1182 2819 1426 2886 Πατέρες
1446 2819 1543 2871 οὐκ
1568 2810 1722 2872 εἶπον
1747 2819 1987 2888 ὀφείλειν

399 2906 831 2970 χειροτονεῖσθαι
881 2909 1007 2972 τοὺς
1059 2911 1267 2974 εἰδότας
1319 2912 1446 2974 τοὺς
1503 2915 1684 2983 ἱεροὺς
1731 2915 1981 2978 κανόνας,

399 2993 460 3041 τὸ
488 2991 641 3059 ἅγιον
668 2995 1006 3079 Εὐαγγέλιον
1035 3002 1127 3052 καὶ
1147 3001 1216 3053 τὰ
1236 3003 1425 3067 λοιπὰ,
1456 3000 1591 3056 ἀλλά
1621 3005 1747 3065 τοὺς
1775 3003 1986 3067 εἰδότας

404 3088 567 3150 μόνον
595 3087 685 3140 τὸν
719 3088 998 3161 ψαλτῆρα,
1030 3094 1126 3145 καὶ
1160 3094 1674 3163 ἐπαγγελλομένους
1715 3096 1986 3164 ἐπιμελη-

400 3173 560 3244 θῆναι
592 3179 686 3229 καὶ
738 3180 837 3248 τῆς
899 3180 1007 3233 τῶν
1056 3181 1262 3235 λοιπῶν
1297 3184 1586 3255 μαθήσεως
1619 3201 1634 3251 ;
1667 3186 1877 3252 Λύσις.
1909 3182 1983 3240 Τὸ

402 3270 500 3336 μὲν
525 3269 720 3323 είδέναι
748 3275 837 3325 τὸν
860 3273 1132 3345 ψαλτῆρα,
1155 3275 1232 3340 ὡς
1262 3278 1613 3350 ἀπῃτημένον
1635 3277 1693 3346 ἐξ
1715 3280 1980 3351 ἀνάγκης,

401 3362 656 3432 ἀπῃτήθη
685 3365 778 3417 καὶ
815 3367 968 3437 παρὰ
999 3369 1111 3421 τῶν
1137 3371 1315 3437 ἁγίων
1346 3372 1608 3441 Πατέρων
1636 3374 1984 3445 ὰσυμπαθῶς

399 3453 529 3511 τοὺς
584 3458 1014 3522 χειροτονεῖσθαι
1069 3459 1428 3526 ὀφείλοντας²
1493 3462 1603 3513 τῶν
1665 3463 1721 3516 δὲ
1780 3463 1983 3517 λοιπῶν

402 3541 562 3595 θείων
590 3544 937 3615 διδαγμάτων
968 3551 999 3619 ἡ
1030 3552 1337 3623 κατάληψις
1369 3554 1468 3607 οὐκ
1502 3554 1768 3625 ἐζητήθη,
1807 3556 1894 3610 διὰ
1923 3557 1984 3611 τδ

408 3633 481 3700 μὴ
533 3634 886 3705 ὀφειλόμενον
934 3637 1077 3696 εἶναι
1124 3646 1219 3697 καὶ
1264 3646 1394 3709 τοὺς
1436 3649 1604 3716 μήπω
1652 3649 1982 3714 ἀξιωθέντας

400 3724 786 3783 διδασκαλικοῦ
821 3732 1135 3801 ἀξιώματος
1161 3740 1283 3798 ταῖς
1321 3739 1601 3803 τοιαύταις
1640 3739 1981 3809 ἀναγνώσεσι

403 3816 626 3880 ἑαυτοὺς
661 3822 1007 3893 ἀπασχολεῖν,
1054 3828 1148 3880 καὶ
1194 3829 1393 3897 μᾶλλον
1438 3832 1581 3897 τότε,
1631 3824 1718 3884 ὅτε
1753 3834 1801 3885 οἱ
1846 3833 1982 3903 Χρι-

404 3915 609 3964 στιανοὶ
630 3917 926 3983 φυγαδείας
961 3920 1368 3989 κατεκρίνοντο.
1411 3924 1530 3976 ’Ὶνα
1558 3925 1608 3976 τί
1631 3925 1783 3993 γοῦν,
1805 3916 1979 3992 εἷπον,

403 4004 434 4055 ὁ
477 4004 583 4058 ἀπὸ
615 4008 724 4058 τῶν
755 4008 931 4063 ἄλλων
966 4010 1239 4081 βιωτικῶν
1267 4012 1398 4077 ἴσως
1424 4008 1702 4084 ἐργασιῶν
1743 4018 1826 4081 είς
1867 4035 1981 4088 χει-

405 4098 588 4151 τονίαν
640 4101 1139 4173 μετακαλούμενος,
1187 4106 1279 4158 καὶ
1328 4107 1416 4159 διὰ
1448 4108 1607 4161 τοῦτό
1641 4118 1699 4162 τε
1751 4109 1845 4163 καὶ
1891 4106 1982 4165 διὰ

401 4189 503 4258 τὴν
528 4190 636 4242 τῶν
665 4193 961 4262 όρθοδόξων
993 4196 1361 4269 στενωχορίαν
1390 4202 1977 4270 συγγνωμονούμενος,

400 4282 465 4334 οὐ
487 4287 917 4357 χειροτονηθείη,
941 4289 1015 4350 ὡς
1052 4289 1128 4358 μὴ
1152 4289 1292 4360 ἔχων
1321 4293 1629 4363 κατάληψιν
1650 4295 1851 4367 ἀκριϐῆ
1881 4298 1981 4367 τῆς

404 4374 552 4437 θείας
583 4378 843 4449 Γραφῆς;
874 4380 986 4444 Διὸ,
1036 4384 1222 4449 φασὶν,
1270 4385 1319 4435 εὶ
1356 4383 1492 4453 πρὸς
1523 4385 1727 4458 ταύτην
1759 4387 1980 4458 ἕτοιμός

401 4468 538 4532 ὲστι,
580 4474 674 4523 καὶ
704 4475 1100 4541 ἐπαγγέλλεται
1140 4474 1279 4544 μετᾶ
1312 4475 1609 4541 διαθέσεως
1638 4479 1980 4551 ἐπιμεληθῆ-

2082 1982 2423 2052 quempiam,
2453 1988 2617 2050 quam
2675 1980 2721 2033 si
2783 1982 2931 2034 norit
2979 1979 3326 2049 psalterium,
3368 1986 3423 2031 et
3477 1976 3547 2033 ab
3575 1994 3664 2038 eo,

2081 2075 2273 2144 quiest
2294 2075 2472 2143 ipsum
2499 2073 2879 2137 ordinaturus,
2897 2071 3262 2134 examinatus,
3290 2068 3566 2138 quodnam
3593 2067 3667 2121 sit

2084 2167 2203 2234 ejus
2234 2168 2288 2221 in
2316 2179 2563 2221 sanctam
2597 2167 2938 2236 Scripturam
2963 2162 3324 2228 desiderium,
3362 2170 3579 2216 asserat
3604 2175 3664 2213 sc

2085 2266 2372 2314 sacrorum
2418 2269 2475 2314 et
2532 2250 2841 2313 divinarum
2877 2262 3162 2311 canonum
3188 2268 3261 2309 ac
3320 2254 3663 2323 reliquorum

2089 2352 2313 2408 leCtioni
2341 2365 2565 2422 operam
2596 2352 2727 2406 dare
2760 2360 2887 2405 cum
2915 2350 3162 2423 diligenti
3189 2348 3401 2403 scilicet
3437 2346 3664 2401 investi-

2087 2448 2332 2509 gatione,
2369 2455 2421 2500 et
2475 2457 2585 2499 non
2635 2445 2855 2500 obiter:
2898 2444 3106 2498 versari
3161 2449 3343 2497 autem
3398 2440 3563 2495 etiam
3608 2439 3663 2491 iu

2085 2536 2291 2593 divinis
2327 2537 2637 2606 praeceptis,
2692 2536 2746 2589 et
2778 2536 2995 2589 Domini
3032 2534 3300 2604 pepulum
3336 2532 3575 2597 docere;
3609 2539 3667 2584 et

2085 2616 2229 2695 esse,
2269 2639 2329 2685 ut
2359 2629 2529 2685 semel
2560 2628 2766 2693 dicam,
2800 2635 3113 2697 promptum
3160 2625 3227 2679 ad
3272 2624 3579 2683 docendum
3613 2631 3668 2675 et

2088 2720 2554 2791 respondendum,
2591 2734 2714 2789 qua:
2742 2728 2873 2772 sunt
2896 2726 3291 2781 consentanea,
3327 2718 3393 2771 de
3425 2716 3662 2784 eloquiis

2089 2830 2117 2867 a
2149 2813 2262 2867 Deo
2317 2812 2556 2873 traditis,
2593 2818 2716 2881 quae
2761 2800 2982 2881 quidem
3033 2817 3162 2864 sunt
3222 2807 3534 2863 substantia
3569 2823 3665 2860 seu

2038 2920 2043 2921 ’
2089 2905 2418 2962 constitutio
2476 2903 2803 2959 sacerdotii.
2860 2901 3072 2956 Dixerit
3138 2911 3319 2956 autem
3369 2899 3667 2970 quISpiam,

2088 3006 2187 3053 cur
2213 2996 2388 3053 sancti
2422 2995 2613 3050 Patres
2646 3009 2753 3048 non
2807 2992 3070 3048 dixerunt
3127 3006 3224 3047 eos
3258 2992 3457 3047 debere
3515 2991 3668 3045 ordi-

2088 3090 2232 3153 nari,
2259 3089 2352 3158 qui
2389 3102 2607 3143 sacrum
2636 3099 2906 3140 canonem
2936 3092 3172 3146 norunt,
3203 3093 3457 3139 sanctum
3488 3081 3669 3136 Evan.

2088 3181 2311 3251 gelium,
2342 3187 2395 3234 et
2429 3178 2641 3248 reliqua
2670 3196 2684 3232 :
2724 3176 2820 3232 sed
2856 3190 2953 3232 eos
2978 3178 3071 3245 qui
3099 3175 3418 3244 psalterium
3448 3178 3683 3227 tantum-

2087 3278 2314 3339 norunt,
2340 3278 2395 3326 et
2428 3269 2765 3341 profitentur
2825 3280 2885 3324 se
2949 3268 3288 3338 reliquorum
3334 3278 3554 3337 quoque
3582 3265 3669 3321 di-

2084 3362 2414 3421 scendorum
2441 3376 2632 3419 curam
2680 3362 2914 3431 gerere?
2948 3360 3185 3416 Salutio.
3235 3360 3391 3415 Scire
3435 3360 3661 3427 quidem

2085 3458 2428 3526 psalterium,
2450 3464 2509 3511 ut
2531 3455 2851 3511 necessario
2888 3453 3238 3523 requisitum,
3268 3467 3385 3515 eos,
3408 3453 3502 3523 Qui
3525 3453 3677 3507 citra-

2084 3550 2251 3605 ullam
2284 3547 2824 3603 commiseratiouem
2844 3545 3090 3599 ordinari
3140 3545 3341 3599 debent
3381 3558 3413 3597 a
3463 3544 3668 3599 sanctis

2084 3657 2303 3712 quoque
2326 3640 2585 3695 Patribus
2610 3639 2948 3709 postulatum
2976 3646 3060 3694 cst
3087 3654 3099 3690 :
3122 3637 3454 3708 reliquarum
3484 3627 3667 3691 autem

2084 3734 2460 3789 doctrinarum
2521 3730 2941 3801 comprehensio
2992 3742 3096 3783 non
3160 3730 3562 3798 requirebatur,
3599 3744 3667 3784 eo

2083 3826 2229 3894 quod
2252 3825 2376 3894 jure
2402 3824 2541 3893 exigi
2576 3836 2683 3877 non
2716 3822 2927 3892 potest,
2969 3826 3028 3874 ut
3082 3822 3175 3891 qui
3207 3821 3442 3876 docendi
3479 3828 3691 3876 auctam

2085 3918 2309 3972 ritatem
2343 3922 2397 3971 et
2439 3930 2641 3969 munus
2676 3914 2924 3969 nonduin
2949 3922 3080 3969 sunt
3122 3914 3364 3968 assecuti
3413 3915 3471 3968 in
3512 3914 3665 3983 eius-

2084 4004 2231 4066 modi
2264 4010 2594 4065 lectionibus
2624 4016 2936 4073 versentur,
2956 4012 3011 4061 et
3040 4008 3276 4062 maxime
3296 4022 3362 4061 eo
3393 4010 3663 4079 tempore,

2082 4103 2305 4172 quando
2386 4099 2694 4155 Christiani
2764 4099 2942 4154 exsilii
3010 4113 3183 4168 poena
3235 4100 3662 4155 damnabantur.

2081 4194 2282 4261 Quidni
2316 4208 2467 4263 ergo,
2516 4191 2794 4256 dixerunt,
2841 4190 2936 4260 qui
2969 4191 3038 4246 ab
3070 4191 3216 4254 aliis,
3256 4190 3460 4261 quibus
3488 4193 3681 4249 victus-

2084 4276 2347 4357 paratur,
2392 4282 2639 4339 artificiis
2700 4283 2766 4337 ad
2831 4281 3244 4337 ordinationem
3311 4286 3662 4349 accersitur,

2081 4378 2282 4447 cuique
2330 4384 2639 4446 propterea.
2682 4384 2736 4429 et
2788 4386 3014 4445 propter
3073 4374 3510 4431 orthodoxorum
3562 4393 3662 4430 au-

2081 4471 2316 4543 gustius,
2351 4470 2511 4524 venia
2540 4469 2726 4535 datur,
2760 4468 3070 4534 ordinetur,
3113 4478 3171 4523 ut
3195 4470 3293 4540 qui
3331 4484 3439 4524 non
3467 4468 3663 4526 habeat

403 4578 493 4614 ναι
529 4564 627 4631 τῆς
664 4563 1024 4631 ἀναγνώσεως
1057 4567 1251 4636 αὐτῆς,
1297 4570 1805 4640 χειροτονοθήσεται
1834 4590 1848 4602 ·
1893 4574 1975 4627 ὅτι

2082 4573 2331 4621 exactam
2408 4561 2607 4631 divina:
2689 4561 2992 4631 Scriptum
3065 4562 3664 4633 comprehensionem?

407 4656 543 4723 μετὰ
572 4656 631 4707 τὸ
664 4656 1051 4727 ἀπαλλαγῆναι
1083 4661 1181 4727 τῆς
1215 4658 1325 4714 τῶν
1346 4661 1523 4715 ἄλλων
1552 4662 1854 4733 ὀχλήσεως,
1885 4667 1980 4719 καὶ

403 4748 765 4812 ἀναδέξασθαι
808 4750 870 4803 τὸ
914 4752 1298 4808 διδασκαλικὸν
1338 4754 1581 4826 ἀξίωμα,
1624 4756 1683 4822 ἐξ
1732 4757 1980 4829 ἀνάγκης

402 4839 463 4889 ού
498 4840 855 4911 καταισχύνει
884 4843 1208 4912 ἐπάγγελμα
1235 4862 1248 4875 ·
1291 4846 1427 4900 ἀλλὰ
1455 4846 1753 4918 γενήσεται
1789 4849 1978 4903 τούτου

404 4932 498 4983 καὶ
563 4931 749 5001 μόνου,
806 4930 898 4985 καὶ
945 4932 1146 5005 ῥαδίως
1191 4936 1304 5002 ἔξει
1355 4940 1454 5008 τήν
1519 4940 1833 5012 ἐπιστήμην
1880 4942 1980 5014 τῆς

404 5022 553 5084 θείας
585 5022 829 5096 Γραφῆς.

476 5290 720 5349 ΖΩΝΑΡ.
760 5296 976 5363 Πάντας
1011 5297 1110 5367 μὲν
1137 5298 1217 5352 δεῖ
1245 5301 1372 5364 τοὺς
1396 5305 1622 5367 πιστοὺς
1652 5304 1711 5356 ἐν
1741 5308 1856 5368 τοῖς
1881 5306 1976 5360 τοῦ

404 5383 540 5437 θεοῦ
591 5387 822 5457 μελετᾷν
860 5382 1221 5462 δικαιώμασι,
1258 5394 1353 5446 καὶ
1402 5395 1477 5463 μή
1522 5393 1975 5453 ἐπιλανθάνεσθαι

404 5478 511 5531 τῶν
541 5476 714 5546 λόγων
749 5482 914 5535 αὑτοῦ
948 5501 962 5515 ·
1008 5478 1305 5555 ἐξαιρέτως
1341 5480 1397 5540 δὲ
1448 5480 1574 5551 τούς
1606 5488 1666 5542 τὸ
1698 5490 1975 5559 ἱερατικὸν

402 5568 841 5639 ἀμπεχομένους,
860 5566 1263 5644 ἐνδεδυμένους,
1286 5579 1705 5649 περικειμένους
1728 5576 1969 5649 ἀξίωμα.

404 5662 494 5716 Διὸ
518 5663 611 5716 καὶ
633 5665 659 5715 ὁ
685 5661 865 5716 κανὼν
885 5652 1038 5731 οὗτος
1067 5665 1161 5723 τὸν
1189 5670 1270 5735 είς
1293 5670 1601 5744 ἐπισκοπὴν
1632 5656 1972 5747 προάγεσθαι

480 5838 525 5874 ⁸⁸
556 5842 693 5901 Osce
718 5817 875 5910 tv,.6.

2077 4657 2227 4718 Ideo,
2284 4656 2562 4725 inquiunt,
2598 4654 2644 4709 si
2696 4654 2765 4707 ad
2817 4668 2938 4709 eam
2982 4663 3207 4724 paratus
3265 4655 3363 4722 sit,
3411 4664 3465 4711 et
3497 4672 3554 4712 se
3591 4661 3658 4711 ad

2078 4764 2197 4804 eam
2228 4748 2519 4817 diligenter
2556 4745 2843 4816 legendam
2896 4759 3122 4816 operam
3182 4746 3490 4817 positurum
3527 4764 3659 4817 pro-

2079 4842 2320 4906 ﬁteatur,
2358 4839 2742 4894 ordinabitur:
2785 4836 2915 4908 quia
2970 4846 3264 4909 postquam
3303 4840 3373 4894 ab
3429 4840 3659 4895 aliarmn

2079 4949 2262 4990 rerum
2294 4931 2542 4986 molestia
2569 4938 2653 4986 εει
2692 4930 2986 4997 liberatus,
3022 4936 3077 4987 et
3126 4931 3362 4988 docendi
3410 4934 3662 4988 auctori-

2087 5034 2251 5082 tatem
2283 5022 2553 5092 suscepit,
2584 5020 2983 5093 professionem
3023 5026 3181 5081 suam
3219 5023 3493 5081 dedecore
3547 5042 3659 5081 non

2086 5117 2321 5182 afﬁciat;
2360 5112 2454 5172 sed
2485 5119 2539 5170 in
2597 5130 2664 5171 eo
2715 5116 2833 5171 solo
2885 5123 3139 5173 Versetur
3188 5132 3421 5175 necesse
3461 5126 3662 5185 est,et

2083 5211 2280 5266 divina:
2308 5208 2612 5278 Scriptura:
2640 5200 2927 5263 scientiam
2955 5209 3116 5264 facile
3138 5219 3489 5281 assequetur.

2153 5299 2408 5356 ZONAR.
2450 5300 2655 5355 Omnes
2682 5299 2901 5369 quidem
2967 5298 3157 5357 ﬁdeles
3209 5301 3267 5358 in
3314 5303 3661 5372 iustiﬁcatio-

2085 5395 2246 5448 nibus‘
2276 5384 2365 5445 Dei
2396 5384 2671 5455 meditari,
2701 5404 2802 5444 nec
2837 5389 2989 5444 illius
3033 5398 3353 5447 sermoitum
3407 5392 3657 5450 oblivisci

2083 5486 2272 5540 decet:
2300 5483 2390 5538 sed
2407 5497 2503 5537 eos
2539 5480 2790 5547 maxime,
2810 5480 2903 5551 q‘ui
2925 5482 3318 5538 sacerdotalem
3334 5483 3655 5554 dignitatem

2083 5578 2333 5632 obtinent
2360 5574 2475 5631 siVe
2509 5588 2571 5628 ea
2601 5573 2811 5644 praediti
2842 5580 3009 5645 atque
3031 5575 3212 5630 ornati
3242 5580 3391 5635 sunt.
3413 5577 3657 5645 Quicun-

2080 5687 2188 5744 que
2215 5668 2379 5741 igitur
2413 5663 2479 5723 ad
2518 5666 2894 5739 episcopatum
2923 5664 3087 5725 fuerit
3133 5668 3471 5741 evehendus,
3505 5671 3654 5731 hunc
