4062 6390
468 348 578 414 887

1744 360 2022 420 THEOD.
2065 361 2468 423 BALSAMON

3604 363 3715 426 888

470 475 718 528 prauam
739 474 867 519 can.
908 463 961 516 in
1005 464 1250 534 psalterii
1284 470 1597 541 cognitione
1625 483 1896 527 versatum
1918 490 2020 526 οδες-ι

2149 475 2412 545 μέλλοντα
2441 475 2657 530 κελεύει
2709 477 2798 537 τὸν
2849 476 3101 546 ψαλτῆρα
3155 475 3467 542 γινώσκειν,
3511 475 3599 530 ἵνα
3625 482 3722 530 καὶ

462 552 640 616 jubet,
671 563 727 605 ut
753 555 854 606 hoc
883 567 1044 624 pacto
1069 559 1137 611 ab
1167 560 1259 614 illo
1289 563 1526 632 populus
1558 579 1781 634 quoque
1811 566 2038 626 initiari.

468 644 571 696 hoc
602 653 687 699 est
711 646 902 701 eadem
950 651 1262 720 cognitione
1293 655 1462 709 imbui
1500 657 1694 711 discat.
1731 658 2038 712 Examinari

470 750 632 802 porro
666 737 816 793 illum
837 740 949 792 vult
973 744 1041 795 ab
1067 759 1133 796 eo
1167 759 1195 796 a
1229 761 1338 813 quo
1373 750 1769 803 rcuuntiaudus
1794 760 1902 812 est,
1930 769 2040 806 me-

465 827 824 895 tropolitano,
853 831 1022 901 288
1043 848 1111 886 an
1147 849 1338 890 sacros
1373 853 1636 902 c:mones,
1660 839 2036 908 Evangelium.

462 918 707 986 Apostoli
745 924 967 984 librum,
997 928 1180 980 omnia
1216 929 1453 998 denique
1477 933 1679 985 :livinte
1737 933 2037 1001 Scripturze

462 1023 821 1068 monumenta
848 1017 1128 1085 perlegere
1192 1021 1343 1074 velit.
1380 1023 1458 1075 Ac
1489 1021 1564 1078 ita
1610 1023 1830 1094 quidem
1861 1028 2038 1094 perle-

462 1118 613 1173 gere,
640 1115 700 1159 ut
736 1111 1049 1166 reconditas
1083 1111 1411 1182 abditasque
1442 1115 1672 1170 illorum
1735 1119 2036 1172 sententias

461 1206 759 1263 scrutetur,
800 1202 1165 1272 proindeque,
1219 1215 1274 1260 et
1314 1207 1757 1279 uniuscujusque
1812 1211 1887 1264 rei
1951 1226 2036 1264 ra-

462 1289 667 1342 tiooem
717 1290 1009 1361 intelligat,
1067 1304 1120 1348 ct
1155 1296 1355 1364 populo
1407 1297 1512 1352 sibi
1571 1300 1873 1353 commisso
1909 1315 2032 1353 eru-

460 1381 662 1435 clientlo
718 1384 790 1436 sit
867 1383 1143 1448 idoneus',
1196 1387 1486 1458 ipsumque
1562 1391 2032 1456 interrogantibus

460 1472 801 1540 respondere
866 1485 1129 1544 paratus;
1177 1478 1335 1547 juxta
1381 1481 1629 1536 divinum
1669 1483 2029 1551 Apostolum,

459 1566 555 1632 qui
598 1565 753 1634 jubet
786 1567 995 1632 ﬁdeles,
1029 1579 1250 1639 paratos
1276 1587 1400 1629 esse
1435 1590 1651 1645 semper
1700 1576 2030 1646 respondere

457 1657 608 1712 omni
665 1658 869 1726 petenti
930 1661 998 1714 ab
1063 1663 1196 1731 ipsis
1241 1666 1508 1720 rationem
1562 1667 1630 1720 tle
1690 1682 1774 1729 ea,
1811 1683 1933 1737 qua:
1976 1670 2026 1721 in

456 1749 616 1804 nobis
639 1759 745 1814 est,
769 1765 902 1820 spe:
938 1768 1046 1807 non
1073 1764 1254 1811 autem
1312 1758 1709 1828 perfunctorie,
1762 1763 1866 1816 hoc
1917 1771 2026 1828 est,

2145 567 2238 619 τὸν
2267 567 2469 620 οίκεῖον
2514 567 2690 631 οὕτως
2735 569 3038 640 ἐκπαιδεύῃ
3106 570 3361 639 μυεῖσθαι
3405 568 3552 628 λαὸν,
3597 571 3722 621 ἀντὶ

2144 657 2238 711 τοῦ
2287 658 2606 727 μανθάνειν.
2676 659 3092 730 Ἀνακρίνεσθαι
3145 659 3204 712 δέ
3255 659 3508 729 βούλεται
3552 658 3724 710 esse.»

2144 751 2296 820 παρά
2337 749 2432 803 τοῦ
2480 751 2766 820 μέλλοντος
2801 751 3180 822 χειροτονῆσαι
3231 752 3394 803 αὑτὸν
3441 767 3726 819 μητροπο-

2142 844 2313 904 λίτου,
2348 826 2394 894 εί
2425 842 2571 895 θέλει
2614 843 3016 910 ἀναγινώσκειν
3066 845 3194 906 τοὺς
3248 845 3428 912 ἱεροὺς
3460 845 3720 906 κανόνας.

2140 935 2200 987 τὸ
2257 933 2594 1002 Εὑαγγέλιον
2624 974 2639 998 ,
2693 935 2794 1004 τὴν
2835 934 2931 987 τοῦ
2981 935 3308 988 Ἀποστόλου
3359 935 3567 1006 βίϐλον,
3621 937 3721 990 καὶ

2140 1026 2324 1078 πᾶσαν
2355 1025 2453 1094 τὴν
2484 1025 2638 1078 θείαν
2669 1027 2913 1095 Γραφήν.
2941 1027 3365 1095 Ἀναγινώσκειν
3398 1028 3455 1080 δὲ
3488 1028 3720 1097 ἐρευνη-

2138 1118 2326 1181 τικῶς,
2370 1117 2512 1170 ὥστε
2557 1117 2759 1172 εἰδέναι
2800 1119 2890 1172 τὸν
2911 1119 3036 1172 νοῦν
3084 1120 3341 1183 ἑκάστου,
3389 1118 3486 1171 καὶ
3529 1119 3721 1172 ίκανὸν

2138 1208 2280 1264 εἶναι
2326 1212 2466 1282 πρὸς
2512 1211 2864 1266 διδασκαλίαν
2917 1211 3012 1264 τοῦ
3060 1209 3152 1263 ὑπ’
3184 1210 3352 1263 αὑτὸν
3404 1209 3557 1275 λαοῦ,
3617 1211 3720 1264 καὶ

2136 1304 2358 1372 ἕτοιμον
2392 1305 2526 1374 πρὸς
2568 1303 2865 1374 ἀπόκρισιν
2893 1304 3004 1365 τοῖς
3045 1301 3327 1372 ἐρωτῶσιν
3353 1301 3539 1366 αὐτὸν,
3574 1305 3719 1356 κατά

2135 1397 2227 1449 τὸν
2276 1395 2420 1449 θεῖον
2455 1394 2802 1459 Ἀπόστολον,
2836 1394 3284 1463 παραγγέλλοντα
3331 1395 3442 1452 τοῖς
3481 1398 3719 1458 πιστοῖς,

2135 1491 2222 1542 ῖνα
2274 1489 2490 1557 ἕτοιμοι
2548 1481 2682 1540 ὦσιν
2733 1487 2824 1540 ἀεὶ
2882 1487 3018 1558 πρὸς
3061 1485 3358 1553 ἀπολογίαν
3411 1487 3576 1537 παντὶ
3635 1485 3717 1555 τῷ

2134 1580 2380 1634 αἰτοῦντι
2420 1581 2618 1644 αὐτοὺς
2659 1578 2819 1647 λόγον
2861 1579 2991 1648 περὶ
3036 1579 3138 1648 τῆς
3185 1580 3243 1630 ἐν
3290 1579 3423 1646 ἡμῖν
3468 1579 3712 1641 ἐλπίδοξ,

2132 1672 2270 1726 ἀλλά
2321 1672 2396 1742 μὴ
2448 1669 2897 1741 παροδευτικῶς,
2967 1671 3137 1739 ἦγουν
3187 1668 3564 1738 ἀπροσέκτως,
3619 1673 3720 1722 καὶ⁵

2135 1765 2272 1836 μόνα
2318 1764 2386 1817 τά
2436 1765 2656 1833 ῥήματα
2687 1761 3064 1831 λέγονταλτῆς
3088 1761 3134 1813 δ’
3161 1761 3370 1823 ἐννοίας
3415 1762 3488 1831 μὴ
3539 1777 3720 1829 προσ-

454 1841 593 1896 alias
616 1857 705 1897 res
734 1859 925 1914 agens.
950 1857 1004 1901 et
1033 1849 1216 1903 verbis
1266 1852 1444 1905 solum
1508 1853 1808 1909 recitandls
1864 1868 2020 1908 occu-

2133 1857 2458 1925 απτόμενον.
2501 1857 2612 1908 Καὶ
2661 1856 2723 1909 ού
2772 1856 2932 1924 μόνον
2976 1852 3148 1916 οὕτως
3187 1852 3582 1919 ἀναγινώσκειν
3611 1852 3719 1922 τὴν

453 1941 640 1999 patus,
673 1935 952 1999 subiectas
976 1953 1107 1993 vero
1132 1943 1435 1996 sententias
1462 1945 1776 2014 cognitione
1817 1961 2030 2015 nequa-

453 2038 622 2089 quam
657 2026 959 2097 attingens.
988 2029 1101 2085 Nec
1131 2033 1305 2086 solum
1347 2034 1418 2087 ab
1444 2049 1511 2088 eo
1538 2049 1819 2091 sacrarum
1852 2035 2028 2091 Litte-

453 2131 640 2172 rarum
671 2120 935 2185 studium,
958 2124 1099 2191 quod
1156 2125 1420 2192 diximus,
1466 2128 1733 2196 postulari
1765 2146 1780 2194 ;
1837 2129 1932 2184 sed
1970 2139 2028 2182 ttt

453 2211 619 2280 vitanj
688 2220 952 2280 praeterea
1008 2228 1072 2268 ac
1109 2230 1291 2271 mores
1343 2216 1409 2271 ad
1474 2217 1612 2288 legis
1650 2219 1852 2273 divina:
1889 2235 2026 2290 prae-

452 2300 720 2370 scriptum
799 2318 1165 2373 normamque
1241 2317 1577 2377 componat,
1645 2310 1789 2381 exigi
1849 2315 2027 2380 placet

452 2409 629 2462 neque
663 2393 716 2448 id
758 2403 994 2461 tantum,
1039 2399 1134 2454 sed
1183 2406 1242 2452 ut
1297 2399 1350 2452 in
1407 2400 1711 2456 erudiendo
1765 2411 2023 2471 praeterea

451 2485 666 2540 credito
690 2485 795 2540 sibi
827 2489 1028 2558 populo
1082 2491 1354 2545 elaboret.
1419 2492 1560 2546 Sunt
1610 2493 1812 2548 etenim
1877 2497 2020 2562 ejus.

451 2589 573 2648 quas
635 2578 779 2648 apud
849 2595 951 2634 nos
1013 2591 1118 2645 est,
1172 2581 1496 2638 hierarehize
1570 2586 1914 2652 substantia,
1968 2599 2020 2641 ut

451 2684 684 2738 magnus
743 2669 1042 2741 Dionysius
1097 2673 1401 2740 indicavit,
1480 2675 1696 2746 eloquia
1752 2677 2023 2732 divinitus

450 2766 675 2829 tradita,
730 2765 836 2820 hoc
894 2774 1004 2830 est,
1072 2767 1382 2822 divinarum
1431 2767 1842 2841 Scripturarum
1895 2788 2019 2827 vera

446 2857 709 2929 cognitio.
747 2858 1062 2914 Substantla
1097 2875 1226 2916 vero
1260 2861 1586 2916 ltierarcbia:
1632 2865 1816 2919 divina
1871 2863 2022 2919 Scri-

446 2956 610 3019 ptura
641 2959 831 3004 vocata
856 2961 962 3015 est,
987 2951 1133 3021 quod
1171 2967 1236 3006 ex
1288 2951 1382 3006 illa
1442 2955 1700 3008 nimirum
1735 2964 1845 3010 tota
1898 2955 2020 3026 ejus

446 3042 770 3097 constitutio
794 3044 1048 3114 pendeat.
1087 3045 1163 3100 De
1210 3045 1523 3100 substantia
1580 3062 1765 3114 porro,
1816 3048 1884 3102 iis
1923 3046 2016 3117 qui

445 3141 602 3188 extra
655 3144 807 3197 sunt,
859 3135 962 3188 hoc
1017 3144 1264 3204 tempore
1318 3139 1474 3208 plura
1530 3139 1714 3194 dicere
1772 3140 2013 3194 alienum

445 3222 581 3278 mihi
604 3223 780 3278 visum
801 3234 905 3276 est.
935 3224 1030 3277 Vel
1065 3226 1212 3279 enim
1245 3227 1338 3292 qui
1369 3243 1428 3282 se
1478 3229 1544 3282 ad
1601 3229 2018 3296 c0gnoscendos

445 3329 687 3371 canones
714 3317 1001 3371 contulere
1033 3316 1246 3372 liberali
1297 3318 1548 3374 doctrina
1616 3323 1843 3391 expoliti
1864 3333 2016 3392 sunt,

442 3408 681 3478 ejusque
727 3409 1128 3476 deﬁnitionem,
1170 3421 1225 3465 et
1277 3428 1618 3483 quaecunque
1685 3416 1753 3469 de
1811 3415 1900 3468 illa
1961 3416 2015 3470 in

442 3502 884 3573 praedicamentis
915 3503 1228 3568 traduntur,
1256 3518 1496 3570 novere;
1527 3507 1634 3570 vel,
1671 3505 1714 3560 si
1742 3505 2011 3575 politioris

443 3591 765 3648 litteraturae
793 3595 964 3664 ignari
1013 3602 1165 3655 sunt,
1208 3593 1412 3648 frustra
1467 3595 1601 3657 illis,
1663 3611 2008 3667 quaecunque

446 3683 549 3738 hac
574 3683 642 3740 de
674 3700 734 3741 re
783 3687 888 3740 dici
935 3696 1188 3755 possunt,
1248 3687 1637 3744 inculcaveris.
1671 3688 1796 3745 Hac
1844 3690 2015 3760 igitur

2133 1949 2284 2002 Θείαν
2333 1947 2555 2018 Γραφὴν
2588 1947 2940 2001 ἀπαιτεῖσθαι
2988 1946 3173 2010 αὐτὸν,
3228 1943 3363 1997 ἀλλὰ
3419 1944 3513 1996 καὶ
3565 1945 3712 1996 κατὰ

2133 2043 2254 2096 θεῖα
2316 2041 2634 2109 ἐντάλματα
2683 2038 3124 2109 ἀναστρέφεσθαι
3187 2038 3285 2090 καὶ
3348 2037 3547 2105 βιοῦνο
3614 2039 3718 2088 καὶ

2129 2135 2248 2188 οὐδὲ
2278 2135 2435 2187 τοῦτο
2466 2135 2648 2202 μόνον,
2680 2131 2818 2184 ἀλλά
2868 2132 2962 2183 καὶ
2990 2129 3262 2182 διδάσκειν
3294 2127 3384 2180 τὸν
3413 2128 3504 2180 ὑπ’
3544 2125 3716 2180 αὐτὸν

2129 2227 2276 2279 λαόν.
2339 2226 2514 2279 υύσία
2566 2226 2676 2294 γάρ
2737 2224 2836 2291 τῆς
2910 2222 3035 2275 καθ’
3089 2223 3238 2289 ἡμᾶς
3303 2220 3590 2290 ίεραρχίας
3640 2219 3718 2271 τά

2129 2317 2508 2388 θεοπαράδοτά
2537 2317 2644 2369 είσι
2668 2314 2848 2382 λόγια,
2878 2314 3046 2384 ἤγουν
3077 2312 3110 2382 ὴ
3135 2311 3246 2364 τῶν
3284 2310 3444 2362 θείων
3475 2310 3719 2378 Γραφῶν

2126 2407 2359 2477 ἀληθινὴ
2384 2406 2689 2477 ἐπιστήμη,
2722 2405 2797 2469 ὼς
2847 2405 2875 2457 ὁ
2928 2402 3103 2473 μέγας
3150 2402 3470 2470 ἀπεφήνατο
3517 2402 3716 2453 Διονύς

2128 2520 2264 2564 σιος.
2304 2500 2476 2554 Ούσία
2501 2500 2556 2552 δὲ
2581 2499 2684 2567 τῆς
2717 2496 3004 2567 ίεραρχίας
3037 2494 3242 2565 ἐκλήθη
3269 2495 3302 2564 ἠ
3333 2493 3454 2545 θεία
3481 2493 3709 2562 Γραφῆν

2124 2589 2200 2652 ὡς
2260 2589 2520 2648 σύστασις
2562 2585 2786 2654 ταύτης.
2840 2587 3104 2653 ’Δκαιρον
3146 2585 3256 2654 γάρ
3307 2599 3398 2652 μοι
3450 2583 3716 2650 κέκριται

2122 2683 2185 2735 τὸ
2229 2680 2391 2733 πλέον
2442 2679 2616 2732 είπεῖν
2661 2695 2714 2740 τι
2741 2677 2870 2748 περὶ
2901 2675 3090 2739 οὐσίας
3120 2675 3264 2728 κατά
3289 2676 3418 2737 τοὺς
3454 2674 3580 2739 ἔξω.
3629 2675 3710 2728 Ἦ

2125 2776 2236 2844 γὰρ
2287 2772 2398 2825 τῶν
2445 2771 2828 2843 μετασχόντων
2884 2769 3137 2830 παιδείας
3194 2769 3243 2820 οἱ
3285 2769 3412 2830 τοὺς
3471 2769 3713 2828 κανόνας

2129 2867 2410 2936 μετιόντες
2441 2865 2573 2928 εἰσὶ,
2604 2864 2697 2916 καὶ
2724 2863 2900 2915 οἴδασι
2937 2862 3028 2913 τὸν
3057 2863 3185 2931 ὅρον
3211 2861 3442 2922 ταύτης,
3477 2860 3572 2912 καὶ
3602 2859 3710 2910 ὃσα

2123 2964 2182 3015 ἐν
2211 2955 2717 3029 ταῖςκατηγορίαις
2757 2956 2888 3024 περὶ⁵
2916 2956 3090 3024 αὐτῆς
3114 2955 3352 3023 εἴρηται,
3379 2953 3412 3023 ἢ
3439 2952 3704 3020 ἄγευστοι

2124 3051 2373 3114 παιδείας
2430 3050 2558 3113 εἰσὶ,
2621 3048 2718 3102 καὶ
2768 3048 2944 3114 μάτην
2990 3046 3088 3098 ὅσα
3137 3043 3203 3096 ἀν
3248 3060 3332 3106 τις
3373 3045 3517 3095 εἴποι
3561 3042 3707 3111 πρὸς

2123 3145 2372 3205 ἐκείνους
2418 3142 2752 3210 είρήσονται.
2783 3139 2845 3190 Ei
2881 3137 2982 3207 μὲν
3019 3131 3113 3188 οὖν
3147 3135 3322 3187 ταῦτα
3357 3133 3706 3202 ὑπισχνεῖται

2127 3236 2326 3295 ποιεῖν,
2353 3232 2449 3286 καὶ
2493 3230 2635 3283 οὕτω
2668 3228 2838 3299 βιοῦν,
2881 3229 2974 3280 καὶ
3013 3227 3138 3288 τοὺς
3164 3225 3361 3287 ἄλλους
3391 3223 3700 3296 ῥυθμίζειν,

2129 3320 2561 3395 χειροτονεῖσθαι
2595 3319 2759 3372 αὑτὸν
2797 3317 3116 3370 κελεύουσιν
3157 3316 3207 3368 οἱ
3248 3315 3488 3384 Πατέρες
3516 3329 3531 3344 ⁸
3563 3314 3611 3365 εί
3641 3311 3704 3366 δὲ

2126 3414 2478 3488 ἀμφιὸάλλοι,
2529 3413 2626 3465 καὶ
2681 3410 2758 3482 μὴ
2807 3408 3116 3478 ἀσμενίζοι,
3173 3406 3295 3457 ἀντὶ
3339 3403 3435 3457 τοῦ
3485 3403 3700 3474 ἀγαπᾷ,

2126 3506 2517 3580 προθυμεῖται,
2562 3502 2710 3556 οὕτω
2751 3502 2926 3554 ποιεῖν
2957 3500 3052 3552 καὶ
3079 3497 3376 3557 διδάσκειν,
3409 3494 3484 3565 μὴ
3513 3510 3704 3564 χειροο

2125 3596 2423 3659 τονεῖσθαι,
2459 3593 2556 3645 καὶ
2587 3591 2680 3645 ἐπὶ
2719 3590 2932 3650 τούτοις
2984 3589 3254 3657 ἐπάγουσι
3282 3586 3350 3638 τὰ
3380 3586 3702 3654 προφητικά

2124 3686 2365 3757 ῥήματα-

444 3777 714 3847 siquidem
746 3780 1038 3850 epierpns
1063 3795 1122 3835 se
1154 3781 1428 3836 facturum
1501 3783 1753 3852 recipiat,
1835 3784 2061 3854 ipseque
2086 3779 2230 3834 banc
2289 3780 2414 3832 vita:
2489 3788 2743 3830 normam
2818 3770 3096 3842 amplecti,
3164 3782 3276 3826 tum
3337 3771 3391 3825 in
3454 3768 3690 3823 aliorum

443 3886 663 3940 quoque
712 3873 954 3928 moribus
1027 3874 1426 3945 componendis
1479 3877 1720 3932 laborem
1783 3878 2064 3946 suscipere
2102 3890 2209 3938 non
2275 3879 2510 3934 recuset,
2574 3883 2696 3922 eum
2747 3865 2989 3921 ordinari
3037 3861 3228 3920 Patres
3304 3863 3540 3933 jubent:
3601 3860 3690 3915 sin

442 3961 644 4018 dubius
693 3962 762 4018 sit
812 3964 1000 4030 animi,
1044 3975 1098 4022 et
1172 3981 1280 4020 non
1340 3967 1571 4024 libenter
1627 3971 1886 4039 accipiat,
1952 3970 2055 4023 hoc
2116 3977 2224 4030 εει,
2284 3972 2450 4030 amet,
2491 3969 2545 4016 et
2595 3968 2850 4030 prompto
2905 3958 2979 4013 sit
3024 3957 3208 4011 animo
3259 3955 3332 4010 ita
3389 3954 3572 4010 facere
3634 3961 3694 4007 et

442 4056 658 4114 docere.
691 4070 796 4110 non
830 4055 1094 4112 ordinari.
1133 4056 1226 4112 His
1254 4068 1512 4128 pr.eterea
1544 4060 1822 4132 praplietze
1847 4062 2007 4117 verba
2043 4058 2371 4129 subjiciunt.

443 4185 671 4243 Αιιιετ.
725 4207 742 4241 ι
781 4189 883 4256 Qui
921 4189 1138 4246 futurus
1189 4201 1275 4247 est
1327 4191 1639 4263 episcopus,
1680 4193 2013 4249 Psalterium

523 4301 546 4332 ι
581 4290 806 4337 noscat:
852 4292 1169 4353 pernoscat,
1205 4283 1352 4351 quod
1411 4283 1564 4354 legit,
1595 4299 1706 4338 non
1746 4283 2014 4353 simplici-

519 4395 539 4429 ι
577 4384 684 4438 ter,
707 4374 802 4430 sed
843 4389 969 4430 cum
1001 4374 1459 4445 perscrutatione,
1507 4389 1700 4430 sacros
1752 4389 2012 4438 canones,

518 4485 538 4518 ι
576 4472 827 4520 sanctum
891 4463 1245 4534 Evangelium
1277 4501 1294 4529 ,
1348 4463 1594 4532 Apostoli
1665 4463 1906 4528 librum,
1957 4474 2013 4517 et

520 4556 813 4611 «divinam
868 4553 1210 4624 Scripturam
1282 4554 1630 4608 universam:
1667 4554 1751 4608 sin
1805 4555 2008 4617 minus.

515 4668 535 4702 ι
574 4665 642 4705 ne
670 4648 973 4703 ordinetur.

2120 4194 2342 4251 ΑΡΙΣΤ.
2410 4212 2428 4245 ι
2481 4195 2541 4245 Ὀ
2599 4189 2964 4260 γενησόμενος
3020 4201 3320 4248 επισκοπος
3374 4185 3697 4254 γινωσκέτω

2198 4307 2217 4340 ι
2259 4287 2320 4342 τὸ
2349 4286 2663 4356 Ψαλτήριον
2689 4300 2702 4315 ·
2729 4281 3139 4351 διαγινωσκέτω
3191 4281 3273 4333 ὅτι
3327 4277 3696 4346 ἀναγινώσκει

2197 4403 2214 4435 ι
2255 4380 2355 4450 οὐχ
2393 4379 2604 4443 ἁπλῶς,
2643 4375 2760 4429 ἀλλ’
2786 4372 3175 4446 ἐρευνητικῶς,
3206 4372 3334 4434 τοὺς
3372 4371 3552 4440 ἱεροὺς
3587 4386 3690 4423 κα-

2198 4493 2217 4525 ι
2257 4473 2437 4533 νόνας.
2474 4469 2535 4523 τὸ
2585 4469 2742 4536 ἅγιον
2778 4464 3133 4533 Εὐαγγέλιον,
3165 4463 3265 4532 τὴν
3293 4461 3386 4515 τοῦ
3429 4460 3695 4515 Ἀποστά-

2194 4585 2214 4617 ‹
2255 4567 2349 4618 λου
2382 4562 2584 4634 βίϐλον,
2619 4560 2714 4616 καὶ
2742 4561 2926 4610 πᾶσαν
2946 4556 3046 4623 τὴν
3071 4554 3222 4609 θείαν
3253 4552 3477 4626 Γραφήν
3505 4569 3522 4585 ο
3555 4553 3602 4604 εί
3633 4552 3698 4606 δι

2195 4678 2214 4710 ι
2258 4656 2354 4726 μὴ,
2391 4654 2466 4725 μὴ
2491 4649 2922 4724 χειροτονείσθω.
2969 4667 2986 4699 ι

512 4788 673 4849 Eum.
712 4787 805 4856 qui
831 4786 898 4840 ad
927 4785 1275 4854 episcopatus
1324 4787 1549 4851 gradum
1601 4788 2003 4856 promovendos

2182 4795 2286 4848 Τὸν
2329 4793 2589 4862 μέλλοντα
2629 4789 2708 4849 είς
2752 4787 2841 4839 τὸν
2871 4785 2969 4853 τῆς
3001 4783 3307 4849 ἐπισκοπῆς
3355 4780 3698 4851 προάγεσθαι

438 4891 548 4947 cst,
580 4890 796 4948 oportet
843 4879 1163 4950 psalterium
1229 4880 1454 4933 omnino
1513 4895 1736 4935 noscere
1769 4880 2012 4950 illudque

437 4969 815 5041 interpretari,
844 4980 905 5026 ut
928 4979 983 5025 et
1008 4969 1215 5023 clerum
1242 4985 1400 5024 sutnu
1432 4972 1511 5024 sic
1532 4971 1742 5025 discere
1764 4970 2008 5023 edoceat.

439 5065 616 5130 Quam
643 5063 931 5133 diligenter
983 5061 1147 5116 etiam
1182 5076 1209 5114 a
1253 5063 1676 5131 metropolitano
1707 5061 2008 5115 taxatniuari

437 5172 508 5211 an
542 5171 731 5210 sacros
753 5169 997 5208 canones
1022 5163 1282 5208 accurate
1316 5164 1497 5224 potest
1555 5156 1755 5221 legere,
1789 5161 1844 5207 et
1878 5169 2007 5207 san-

436 5250 601 5301 ctum‘
634 5245 1006 5316 Evangelium,
1044 5254 1098 5298 et
1135 5245 1305 5301 divini
1339 5247 1570 5316 apostoli
1605 5245 1754 5299 Pauli
1778 5246 2002 5300 librum.

437 5353 492 5393 et
527 5349 696 5394 totam
723 5337 1062 5405 Scripturam
1091 5337 1354 5400 divinam,
1397 5345 1452 5391 et
1498 5347 1736 5393 mentem
1787 5340 2006 5394 illorum

440 5430 791 5499 investigare.
835 5437 889 5484 et
925 5445 1046 5497 qua:
1073 5429 1278 5499 scripta
1311 5437 1437 5484 sunt
1468 5429 1790 5498 intelligere.
1823 5429 2006 5496 Quan-

440 5520 735 5588 doquidem
786 5536 916 5574 vera
952 5519 1259 5574 divinarum
1300 5519 1712 5589 Scripturarum
1775 5521 2006 5575 scientia

437 5621 523 5667 est
545 5613 868 5667 constitutio
890 5623 942 5663 et
959 5612 1072 5678 ipsa
1100 5611 1420 5665 hierarchiaa
1441 5613 1674 5665 essentia
1705 5613 2004 5666 secundum

441 5716 700 5770 magnum
732 5703 1090 5771 Dionysium:
1123 5710 1175 5756 et
1230 5703 1457 5757 scientia
1527 5706 1609 5758 sic
1655 5705 2006 5768 instructum,

441 5806 569 5850 cum
606 5793 849 5849 ordinari
871 5809 887 5848 ι
909 5793 992 5849 sin
1019 5795 1225 5863 minus,
1258 5810 1367 5853 non
1407 5795 1842 5852 ordinari.Dixit
1864 5798 2005 5852 enim

2115 4888 2346 4959 βαθμὸν,
2402 4886 2482 4937 δεῖ
2525 4883 2744 4943 πάντως
2787 4880 2880 4931 τὸν
2907 4877 3164 4947 ψαλτῆρα
3215 4873 3530 4941 γινώσκειν,
3593 4877 3697 4928 καὶ

2111 4976 2440 5048 ἑρμηνεύειν
2489 4972 2672 5032 αὑτὸν,
2726 4971 2816 5022 ἵνα
2846 4969 2942 5022 ml.
2988 4969 3078 5020 τὸν
3130 4966 3222 5020 ὑπ’
3269 4968 3433 5021 αὐτὸν
3489 4966 3698 5036 κλῆρον

2110 5070 2254 5123 οὕτω
2285 5064 2577 5135 μανθάνειν
2619 5061 2866 5132 διδάσκῃ.
2915 5056 3299 5122 Ἐξετάζεσθαι
3332 5057 3389 5109 δὲ
3430 5055 3696 5124 ἀσφαλῶς

2113 5158 2206 5208 καὶ
2227 5153 2333 5208 ὑπὸ
2360 5151 2453 5204 τοῦ
2487 5149 2908 5220 μητροπολίτου,
2932 5147 2982 5198 εί
3013 5145 3291 5214 ἐπιμελῶς
3314 5146 3537 5199 δύναται
3559 5147 3697 5210 τοὺς

2121 5247 2299 5315 ἱεροὺς
2342 5243 2574 5306 κανόνας
2605 5240 3024 5309 ἀναγινώσκειν,
3049 5239 3111 5290 τὸ
3135 5237 3290 5305 ἅγιον
3333 5237 3695 5306 Εὑαγγέλιον,
3723 5239 3728 5243 ’

2117 5340 2216 5405 τὴν
2243 5337 2338 5389 τοῦ
2370 5334 2516 5389 θείου
2545 5332 2843 5386 ἀποστόλου
2877 5331 3094 5383 Παύλου
3142 5329 3342 5399 βίὸλον,
3384 5331 3478 5384 καὶ
3508 5332 3695 5384 πᾶσαν

2119 5431 2215 5498 τὴν
2250 5428 2399 5479 θείαν
2418 5425 2660 5498 Γραφὴν,
2693 5421 2788 5475 καὶ
2823 5421 2913 5473 τὸν
2943 5419 3071 5472 νοῦν
3102 5420 3282 5474 αὐτῶν
3312 5423 3559 5491 ἐρευνᾷν,
3595 5423 3697 5477 καὶ⁵

2120 5521 2355 5574 συνιέναι
2386 5519 2452 5571 τὰ
2473 5517 2840 5589 γεγραμμένα
2872 5531 2885 5545 ⁸
2931 5514 3072 5567 διότι
3102 5513 3362 5576 σύστασις
3396 5515 3491 5567 καὶ
3527 5515 3691 5568 οὐσία

2117 5612 2218 5680 τῆς
2253 5607 2664 5679 ἀρχιερωσύνης
2706 5607 2740 5674 ἡ
2771 5605 2880 5657 τῶν
2907 5605 3072 5658 θείων
3096 5605 3330 5674 Γραφῶν
3360 5606 3508 5657 ἐστιν
3549 5605 3690 5675 ἁλη-

2117 5704 2238 5771 θινὴ
2287 5703 2585 5768 ἐπιστήμη,
2642 5697 2784 5750 κατὰ
2835 5696 2925 5748 τὸν
2983 5697 3163 5764 μέγαν
3218 5695 3534 5748 Διονύσιον·
3589 5699 3685 5748 καὶ

2115 5794 2286 5856 οὕτως
2322 5791 2512 5863 ἔχοντα
2547 5788 2799 5857 γνώσεως
2829 5786 3250 5860 χειροτονεῖσθαι
3289 5786 3452 5841 αὐτόν
3477 5803 3493 5819 ο
3537 5787 3588 5841 εἰ
3623 5786 3682 5842 δέ
