4062 6412
451 376 561 441 889

1423 374 1504 435 ΙΝ
1530 372 1692 434 CAN.
1729 372 1823 432 ΠΙ
1864 370 2134 432 SYNODI
2175 373 2285 453 VII
2324 372 2679 435 (ECUMEN.

3582 371 3688 435 890

457 485 555 558 μὴ,
604 484 680 556 μὴ
723 483 1165 556 χειροτονεῖσθαι.
1211 483 1342 536 Eine
1376 484 1486 552 γὰρ
1535 482 1565 533 ό
1609 480 1740 543 Θεὸς
1787 479 1877 533 διὰ
1925 478 2018 532 τοῦ

2124 480 2266 536 Deus
2299 497 2391 552 per
2419 484 2732 552 prophetam
2763 502 2778 538 :
2815 483 2895 537 Tu
2923 483 3194 537 scientiam
3226 481 3487 552 repulisti,
3511 492 3560 536 et
3590 500 3681 551 ego

455 581 740 650 προφήτου
764 595 778 610 ·
819 577 900 632 Σὺ
929 577 1260 646 ἐπίγνωσιν
1284 574 1526 640 ἀπώσω,
1572 571 1734 644 κάγὼ
1780 569 2019 628 ἀπώσο-

451 688 558 742 μαι
579 670 675 737 σὲ,
712 670 820 726 τοῦ
841 670 927 740 μὴ
957 670 1280 738 ἱερατεύειν
1300 686 1423 737 μοι.

882 819 887 826 ,
1063 761 1301 815 ΚΔΝΩΝ
1335 761 1407 817 Γ.

464 871 482 902 ι
530 853 720 905 Πᾶσαν
749 851 930 922 ψῆφον
952 853 1248 920 γινομένην
1280 851 1429 918 παρὰ
1457 847 1756 918 ἀρχόντων,
1791 845 2014 899 ἐπισκό-

534 962 553 995 ι
594 959 701 996 που
739 942 1176 1013 ἢπρεσϐυτὲρου
1218 942 1249 1010 ἦ
1286 941 1557 1004 διακόνου,
1600 939 1805 1008 ἄκυρον
1835 935 2022 1006 μένειν

533 1036 737 1090 exact:
776 1037 868 1088 τὸν
899 1036 1099 1087 κανόνα
1127 1034 1216 1085 τὸν
1242 1032 1472 1101 λέγοντα
1498 1047 1511 1063 ο
1548 1049 1566 1082 ι
1601 1031 1666 1083 Et
1685 1045 1770 1092 τις
1797 1027 2019 1080 ἐπίσκο-

529 1147 550 1182 ι
593 1145 717 1194 πος,
757 1127 1042 1198 κοσμικοῖς
1074 1126 1302 1195 ἄρχουσι
1337 1123 1702 1194 χρησάμενος,
1731 1119 1798 1173 δι’
1839 1118 2020 1174 αὐτῶν

537 1238 557 1273 ι
598 1220 874 1289 ἐγκρατὴς
909 1218 1209 1286 ἐκκλησίας
1231 1215 1482 1285 γένηται,
1512 1211 1882 1282 καθαιρείσθω
1925 1210 2021 1263 καὶ

533 1331 553 1364 ι
592 1311 959 1381 ἀφοριζέσθω,
987 1315 1078 1363 καὶ
1104 1309 1154 1361 ol
1179 1305 1562 1366 κοινωνοῦντες
1587 1303 1738 1374 αύτῴ
1764 1302 2014 1364 πάντες.»

523 1420 547 1454 ι
594 1404 686 1456 Δεῖ
721 1403 832 1474 γὰρ
872 1401 963 1455 τὸν
1010 1400 1275 1472 μέλλοντα
1305 1395 1732 1469 προὸιὸἀζεσθαι
1778 1396 1857 1457 είς
1901 1397 2020 1447 ἐπι⁹

529 1513 549 1546 ι
591 1495 825 1563 σκοπὴν,
884 1494 989 1546 ὑπὸ
1041 1491 1357 1545 ἐπισκόπων
1407 1488 1785 1560 ψηφίζεσθαι·
1839 1485 2022 1549 καθὼς

532 1604 552 1638 ι
593 1587 747 1654 παρὰ
778 1585 887 1637 τῶν
911 1584 1082 1650 ἁγίων
1122 1582 1384 1652 Πατέρων
1414 1580 1520 1633 τῶν
1555 1581 1612 1631 ἐν
1649 1578 1854 1649 Νικαία
1890 1577 2022 1648 ὤρι-

527 1695 546 1730 ι
593 1693 717 1729 σται
783 1679 842 1730 ὲν
892 1674 970 1744 τῷ
1017 1674 1202 1728 κανόνι
1238 1673 1316 1743 τῷ
1364 1672 1574 1742 λέγοντι
1604 1686 1620 1703 ⁶
1697 1670 2024 1724 Ἐπίσκοπον

529 1784 550 1819 ι
590 1765 860 1835 προσήκει
907 1765 1141 1835 μάλιστα
1179 1765 1279 1835 μὲν
1326 1763 1432 1817 ὑπὸ
1468 1763 1686 1818 πάντων
1726 1762 1836 1814 τῶν
1869 1762 1928 1814 ὲν
1953 1763 2019 1831 τῇ

529 1878 548 1913 ι
593 1834 831 1929 ἐπαρχίᾳ
890 1834 1302 1912 καθίστασθαι⁶
1364 1858 1413 1911 εί
1485 1857 1544 1911 δὲ
1607 1854 1867 1926 δυσχερὲς
1935 1852 2020 1924 εἴη
2055 1834 2096 1890 Β

526 1969 546 2002 ι
586 1951 745 2004 τοῦτο
797 1951 829 2020 ἢ
902 1951 991 2002 διὰ
1045 1949 1481 2018 κατεπείγουσαν
1533 1947 1783 2016 ἀνάγκην
1844 1947 1876 2016 ἢ
1936 1946 2022 2000 διὰ

532 2061 552 2095 ι
597 2044 769 2112 μῆκος
801 2031 942 2107 ὀδοῦ,
974 2041 1279 2106 ὲξάπαντος
1305 2045 1453 2112 τρεῖς
1474 2041 1568 2094 ἐπὶ
1596 2039 1658 2094 τὸ
1688 2039 1822 2094 αὐτὸ
1856 2055 2021 2092 συνα-

533 2154 553 2188 ι
596 2135 862 2204 γομὲνους
899 2134 1231 2204 (συμψήφων
1265 2133 1566 2204 γινομένων
1596 2133 1692 2186 καὶ
1719 2132 1830 2186 τῶν
1857 2132 2024 2186 ἀπόνο

533 2246 552 2279 ι
593 2242 704 2279 των
752 2227 848 2280 καὶ
890 2226 1287 2296 συντιθεμένων
1332 2225 1424 2282 διὰ
1469 2226 1858 2299 γραμμάτων),
1899 2227 2023 2278 τότε

535 2333 555 2366 ι
596 2314 696 2384 τὴν
745 2313 1078 2385 χειροτονίαν
1134 2313 1429 2369 ποιεῖσθαι.
1486 2315 1561 2368 Τὸ
1603 2315 1659 2368 δὲ
1705 2313 1871 2385 κῦρος
1913 2313 2023 2366 τῶν

539 2425 558 2459 ι
598 2408 902 2475 γινομένων
934 2404 1170 2459 δίδοσθαι
1203 2405 1327 2460 καθ’
1369 2405 1612 2478 ἑκάστην
1639 2405 1910 2476 ἐπαρχίαν
1944 2403 2024 2472 τῷ

532 2514 553 2547 ι
597 2496 989 2567 μητροπολίτῃ.
1032 2515 1051 2547 ι

529 2588 726 2642 ΒΛΛΣ.
772 2589 862 2640 Ἐν
893 2591 1011 2650 ταῖς
1065 2589 1301 2660 ἡμέραις
1349 2588 1448 2658 τῆς
1500 2586 1778 2659 παρούσης
1806 2587 2024 2641 συνόδου

457 2678 792 2749 ἐψηφίσαντό
847 2697 1013 2743 τινες,
1061 2680 1135 2743 ὡς
1172 2681 1374 2741 ἔοικεν.
1417 2679 1525 2734 ἀπὸ
1568 2680 1815 2747 ἐξουσίας
1857 2679 2023 2732 τινῶν

457 2770 1046 2842 παραδυναστευόντων
1113 2772 1446 2834 ὑπεναντίως
1502 2771 1582 2842 τῷ
1648 2771 1776 2843 περὶ
1828 2771 2022 2824 τούτου

457 2860 804 2930 ἀποστολικῷ
863 2861 1071 2913 κανᾶνι.
1105 2860 1198 2932 Μὴ
1245 2862 1558 2930 ἀνεχόμενοι
1611 2857 1708 2914 οὖν
1760 2861 1918 2914 τοῦτο
1973 2861 2024 2912 oi

457 2952 606 3022 ἅγιοι
637 2953 903 3021 Πατὲρες,
933 2949 1144 3020 ὥρισαν
1171 2954 1270 3020 τὴν
1295 2951 1552 3022 τοιαύτην
1596 2951 1778 3022 ψῆφον
1817 2951 2022 3022 ἄκυρον

456 3044 596 3098 εἶναι
625 3043 935 3107 ἀκολούθως
968 3044 1044 3113 τῷ
1073 3043 1292 3111 ῥηθέντι
1324 3044 1670 3114 ἀποστολικῷ
1701 3045 1906 3109 κανόνι,
1945 3045 2022 3113 τῷ

457 3135 819 3209 διοριζομένῳ
858 3138 993 3199 τοὺς
1035 3136 1176 3189 οὕτω
1226 3135 1594 3206 ψηφισθέντας
1639 3136 2022 3207 καθαιρεῖσθαι

459 3233 556 3286 καὶ
610 3229 990 3299 ἀφορίζεσθαι,
1052 3230 1180 3291 τοὺς
1234 3229 1291 3283 δὲ
1349 3231 1786 3300 κοινωνήσαντας
1839 3232 2021 3294 αὐτοῖς

457 3322 857 3393 ἁφορίζεσθαν
909 3322 1008 3391 τὴν
1056 3321 1240 3391 μέντοι
1286 3321 1468 3392 ψῆφον
1515 3323 1718 3390 ὀφείλει
1775 3325 2022 3392 γίνεσθαι

457 3413 600 3467 κατὰ
655 3412 746 3465 τὸν
797 3410 840 3464 δ’
890 3413 1095 3465 κανόνα
1120 3412 1228 3466 τῶν
1279 3412 1449 3481 ἁγίων
1500 3414 1758 3486 Πατέρων
1799 3417 1909 3469 τῶν
1964 3418 2022 3470 ὲν

455 3503 682 3576 Νικαίᾳ.
721 3504 832 3557 Καὶ
879 3503 1193 3571 ἀνάγνωσον
1222 3503 1315 3558 οὖν
1361 3505 1452 3559 τὸν
1500 3507 1742 3562 τοιοῦτον
1798 3507 2022 3576 κανόνα,

456 3598 552 3650 καὶ⁵
591 3597 684 3650 τὸν
722 3595 766 3650 λ’
803 3596 1006 3650 κανόνα
1046 3597 1158 3650 τῶν
1196 3598 1372 3664 ἁγίων
1413 3600 1745 3666 ἀποστόλων,
1782 3604 1876 3655 καὶ
1925 3601 2025 3665 τὰς

456 3689 755 3760 ἑρμηνείας
795 3688 1001 3743 αὐτῶν.
1045 3691 1110 3743 Τί
1138 3691 1216 3755 δὲ,
1246 3691 1356 3744 τῶν
1385 3692 1625 3745 κανόνων
1671 3694 1747 3764 μὴ
1787 3694 2022 3766 διοριζο-

461 3784 645 3851 μένων
697 3781 786 3834 διὰ
839 3782 1023 3851 ψήφου
1071 3783 1317 3850 γίνεσθαι
1385 3784 1482 3848 τὰς
1536 3787 1872 3856 χειροτονίας
1913 3787 2023 3841 τῶν

459 3876 850 3946 πρεσὸυτέρων
900 3877 996 3928 καὶ
1042 3874 1152 3929 τῶν
1196 3875 1480 3939 διακόνων,
1529 3876 1665 3930 ἀλλὰ
1700 3875 1862 3944 μόνον
1913 3876 2022 3930 τῶν

457 3968 797 4031 ἑπισκόπων,
849 3969 963 4031 πῶς
1010 3967 1040 4020 ό
1091 3969 1271 4022 κανών
1323 3985 1487 4038 φησιν
1536 3968 1877 4038 ἀκυροῦσθαι
1924 3969 2024 4034 τὰς

459 4061 608 4132 παρὰ
635 4061 911 4131 ἀρχόντων
951 4061 1240 4129 γινομένας
1269 4060 1482 4132 ψήφους
1518 4064 1856 4127 ἐπισκόπων,
1887 4080 2023 4134 πρε-

457 4155 616 4208 σϐυτέ
627 4171 734 4226 ρων
755 4154 850 4208 καὶ
877 4154 1140 4207 διακόνων
1163 4172 1177 4218 ;
1208 4155 1418 4221 Λύσις.
1451 4155 1606 4218 Τινὲς
1628 4151 1784 4208 εἷπον
1809 4156 1904 4209 καὶ
1926 4156 2024 4219 τὰς

455 4248 604 4316 τρεῖς
649 4247 980 4317 χειροτονίας
1033 4248 1126 4299 ἐπὶ
1174 4245 1293 4308 ἑνὸς
1326 4245 1620 4317 προσώπου
1650 4247 1886 4315 ὀφείλειν
1931 4248 2024 4300 ἐκ·

456 4340 854 4408 λαμϐάνεσθαι,
894 4340 988 4392 καὶ
1019 4339 1115 4407 τὴν
1151 4336 1293 4391 οὕτω
1328 4338 1628 4410 γενομένην
1659 4339 1839 4408 ψῆφον
1864 4340 2022 4410 χάριν

456 4430 612 4485 τοῦδέ
646 4447 812 4494 τινος,
858 4431 942 4496 ἐφ’
971 4423 1014 4497 ᾧ
1044 4430 1297 4498 γενέσθαι
1327 4431 1593 4495 διάκονον,
1627 4431 2019 4503 πρεσϐύτερον,

2124 584 2172 629 te
2229 576 2498 644 repellam,
2550 593 2612 629 ne
2651 578 2722 630 sis
2757 578 2885 630 mihi
2918 580 3190 630 sacerdos.

2711 749 2941 805 CANON
2989 751 3080 806 111.

2120 855 2144 917 ,ι
2182 840 2407 894 Omnem
2435 840 2760 894 electionem
2821 843 3067 911 episc0pi
3104 843 3186 896 vel
3241 843 3542 912 presbyteri
3597 842 3682 896 vel

2202 946 2221 980 ι
2260 929 2502 992 diaconi,
2533 948 2658 1001 qua:
2687 932 2744 985 ﬁt
2768 947 2797 984 a
2836 933 3280 1002 magistratibus,
3325 935 3531 988 irritam
3566 949 3681 986 ma-

2197 1039 2215 1072 ι
2256 1038 2408 1087 nere,
2453 1040 2520 1078 ex
2573 1039 2784 1079 canone
2835 1026 3085 1080 dicente:
3119 1025 3172 1080 Si
3211 1027 3331 1093 quis
3370 1027 3687 1096 episcopus,

2199 1131 2217 1164 ι
2258 1115 2609 1170 smcttlarilnts
2691 1116 3100 1187 magistratibus
3201 1132 3367 1181 usus,
3441 1133 3535 1185 per
3593 1132 3691 1170 eos

2199 1225 2218 1258 ι
2253 1208 2536 1262 ecclesiam
2564 1210 2889 1271 obtinuerit,
2930 1211 3238 1279 deponatur
3257 1219 3311 1264 et
3348 1219 3688 1280 segregetur,

2199 1319 2217 1352 ι
2251 1309 2306 1356 et
2341 1317 2534 1356 omnes
2580 1303 2673 1369 qui
2741 1319 2864 1358 cum
2898 1318 2961 1357 eo
3003 1303 3430 1357 communicant.
3463 1302 3690 1371 Oportet

2196 1411 2214 1444 ι
2250 1393 2396 1447 enim
2423 1409 2569 1455 eum,
2615 1393 2704 1457 qui
2758 1393 2824 1447 ad
2855 1395 3229 1462 episcopatum
3287 1395 3689 1462 promovendus

2197 1499 2216 1534 ι
2254 1491 2359 1547 est,
2395 1486 2462 1538 ab
2492 1485 2770 1553 episcopis
2794 1486 2959 1552 eligi;
2986 1485 3449 1556 quemadmodum
3494 1503 3522 1538 a
3559 1501 3689 1539 san-

2199 1595 2218 1629 ι
2257 1577 2366 1633 etis
2398 1577 2658 1633 Patribus
2691 1577 2883 1633 Nicaea:
2927 1578 3206 1634 deeretmn
3243 1589 3329 1636 est
3377 1581 3431 1634 in
3461 1594 3690 1643 canone,

2203 1689 2221 1723 ι
2264 1672 2354 1740 qui
2391 1672 2557 1726 dicit:
2588 1670 2916 1742 Episcopum
2946 1682 3165 1742 oportet
3192 1672 3430 1727 maxime
3469 1672 3691 1740 quidem

2201 1783 2221 1817 ι
2255 1765 2324 1819 ab
2355 1764 2630 1830 omnibus,
2655 1765 2746 1835 qui
2789 1774 2919 1820 sunt
2969 1764 3022 1819 in
3047 1765 3353 1834 provincia,
3383 1765 3641 1820 constitui
3673 1780 3688 1815 :

2204 1878 2224 1911 ι
2260 1858 2304 1915 si
2328 1866 2508 1913 autem
2542 1860 2646 1912 hoc
2703 1858 2920 1912 dillieile
2972 1859 3161 1922 luerit,
3219 1859 3300 1912 vel
3339 1866 3565 1928 propter
3600 1873 3694 1911 ur-

2206 1973 2224 2006 ι
2271 1962 2483 2024 gentem
2550 1955 2956 2016 necessitatem,
2991 1953 3072 2006 vel
3129 1965 3349 2021 propter
3389 1953 3485 2006 via:
3516 1953 3694 2021 longi-

2208 2062 2226 2096 ι
2265 2043 2532 2106 tudinem,
2595 2051 2707 2096 tres
2756 2045 2983 2098 omnino
3035 2044 3223 2098 eodem
3282 2046 3692 2108 convenientes,

2204 2136 2349 2202 «(iis
2405 2149 2659 2206 quoque,
2720 2134 2813 2204 qui
2871 2136 3105 2199 absunt,
3162 2134 3324 2189 simul
3369 2135 3691 2204 suﬂragium

2205 2240 2222 2273 ι
2261 2222 2563 2278 ferentibus
2591 2231 2646 2278 et
2677 2223 3115 2279 assentientibus
3145 2238 3242 2292 per
3296 2223 3527 2290 litteras)
3561 2233 3694 2278 tunc

2205 2333 2224 2368 ι
2268 2316 2448 2370 facere
2492 2316 2840 2370 electionem.
2899 2315 3101 2370 Eorum
3170 2327 3377 2378 autem,
3438 2330 3560 2384 qua:
3593 2329 3694 2384 per

2205 2425 2223 2459 ι
2264 2423 2702 2476 unamquamque
2771 2408 3108 2477 provinciam
3170 2409 3344 2472 liunt,
3400 2408 3694 2460 conﬁrma-

2206 2515 2224 2548 ι
2265 2498 2463 2552 tionem
2499 2499 2665 2552 tribui
2699 2499 3141 2567 metropolitano.
3173 2516 3192 2549 ι

2199 2587 2394 2644 BALS.
2433 2590 2700 2658 Tempore
2734 2591 3025 2658 praesentis
3087 2589 3282 2659 synodi
3349 2590 3694 2660 eligebantur

2129 2681 2372 2748 quidam,
2407 2691 2465 2734 ut
2513 2690 2596 2733 est
2621 2681 2938 2743 verisimile,
2993 2683 3352 2750 quorumdam
3406 2698 3690 2750 procerum

2131 2782 2400 2842 potestate
2456 2774 2620 2845 289
2675 2785 2866 2829 contra
2903 2791 3068 2845 quam
3134 2791 3347 2830 canone
3391 2778 3694 2844 apostolico

2131 2866 2390 2919 traditum
2416 2876 2519 2921 est.
2547 2865 2661 2921 Hoc
2691 2883 2822 2937 ergo
2853 2871 3026 2922 sancti
3055 2867 3244 2923 Patres
3270 2885 3380 2923 non
3409 2870 3690 2923 sustinen-

2130 2970 2230 3023 tes,
2271 2967 2603 3024 statuerunt,
2665 2959 2866 3012 dictam
2919 2961 3244 3015 electionem
3303 2976 3426 3015 esse
3478 2961 3691 3014 irritam

2131 3061 2531 3119 consequenter
2563 3050 2711 3106 dicto
2745 3052 3047 3121 apostolico
3079 3054 3298 3117 canoni,
3324 3055 3422 3122 qui
3446 3052 3694 3106 decernit

2130 3155 2226 3196 eos
2263 3143 2355 3211 qui
2390 3143 2470 3198 sic
2496 3143 2658 3198 electi
2720 3144 2941 3210 fuerint,
3005 3144 3359 3214 deponendos
3405 3154 3460 3199 et
3503 3162 3693 3215 segre-

2124 3230 2354 3300 gaudos,
2394 3247 2602 3302 eosque
2654 3234 3215 3291 excommunieandos
3267 3235 3361 3306 qui
3415 3251 3541 3290 cum
3581 3236 3690 3291 illis

2125 3323 2676 3380 communicaverint:
2718 3335 2932 3394 oportet
2969 3337 3148 3380 autem
3186 3326 3511 3381 electionem
3568 3326 3688 3381 lieri

2125 3425 2286 3482 prout
2336 3416 2451 3471 vult
2503 3432 2677 3471 canon
2722 3417 2756 3472 4
2811 3427 3127 3474 sanctorum
3190 3417 3414 3473 Patrum
3470 3419 3689 3474 concilii

2123 3504 2346 3562 Nicaani.
2374 3505 2438 3560 Et
2485 3507 2633 3562 illum
2662 3509 2848 3578 itaque
2881 3524 3144 3564 canonem
3175 3517 3231 3564 et
3263 3511 3332 3565 50
3361 3520 3682 3565 sanctorum

2124 3601 2498 3668 apostolorum
2581 3614 2878 3669 eorumque
2970 3601 3460 3670 interpretationes
3545 3602 3687 3672 lege.

2123 3690 2285 3759 Atqui
2320 3704 2444 3744 eum
2497 3706 2604 3744 non
2637 3693 2931 3745 decernant
2967 3706 3210 3747 canones
3240 3694 3689 3763 presbyterorum

2123 3790 2178 3836 et
2221 3781 2583 3838 diaconorum
2648 3784 3027 3838 ordinationes
3079 3785 3348 3839 electione
3395 3788 3537 3846 lieri.
3591 3788 3688 3840 sed

2123 3873 2300 3929 solum
2325 3877 2743 3944 episcoporum;
2775 3877 3053 3945 quomodo
3102 3877 3231 3931 dicit
3267 3892 3448 3932 canon
3503 3879 3691 3933 irritas

2123 3980 2246 4021 esse
2301 3965 2598 4020 electiones
2653 3965 3065 4034 episcoporum,
3118 3965 3573 4036 presbyterorum
3631 3974 3690 4020 et

2117 4054 2646 4124 diac0n0rum,quaa
2680 4057 2814 4110 ﬁunt
2852 4073 2880 4109 a
2940 4057 3394 4126 magistratibus?
3451 4057 3683 4111 Salutio.

2124 4145 2387 4201 Dicebant
2409 4147 2652 4216 quidam,
2679 4155 2791 4202 tres
2820 4146 3203 4202 ordinationes
3229 4149 3286 4203 in
3319 4163 3428 4202 una
3453 4164 3685 4216 persona

2124 4240 2352 4309 intelligi
2417 4239 2642 4305 debere,
2689 4249 2742 4296 et
2781 4255 2901 4294 eam
2962 4257 3085 4312 qum
3124 4242 3204 4296 sic
3253 4241 3313 4296 lit
3363 4241 3686 4296 electionem

2125 4332 2389 4400 alicujus,
2416 4347 2476 4383 ea
2503 4332 2570 4385 de
2602 4348 2765 4386 causa
2800 4342 2858 4386 ut
2889 4333 2984 4386 tiat
3025 4332 3315 4400 diaconus,
3376 4337 3686 4406 presbyter,

2127 4433 2182 4480 et
2211 4426 2294 4479 sic
2327 4425 2643 4495 episeOpus,
2680 4426 2886 4479 nullius
2908 4442 3031 4482 esse
3062 4428 3346 4483 momenti.
3406 4427 3511 4482 Alii
3541 4428 3688 4482 dice-

457 4526 550 4576 καὶ
595 4521 768 4585 οὕτως
815 4523 1136 4584 ἐπίσκοπον,
1192 4521 1395 4592 ἄκυρον
1435 4518 1573 4576 εἶναι
1599 4538 1612 4552 ·
1650 4523 1827 4593 ἕτεροι
1870 4517 2023 4576 εἷπον

2128 4516 2276 4578 baut,
2318 4516 2462 4586 quod
2485 4517 2791 4586 antiquitus
2821 4517 3118 4574 electiones
3160 4519 3364 4574 ﬁebant
3399 4535 3427 4572 a
3459 4521 3684 4590 populo,

456 4615 538 4666 ὅτι
569 4611 631 4665 τὸ
665 4611 898 4665 παλαιὸν
929 4616 982 4665 αἱ
1009 4612 1181 4682 ψῆφοι
1219 4613 1372 4682 παρὰ
1419 4613 1513 4668 τοῦ
1550 4614 1724 4683 δήμου
1759 4615 2018 4684 ἐγίνοντο,

458 4703 554 4755 καὶ
584 4699 913 4770 ἐψηφίζοντο
941 4703 1002 4754 οὐ
1033 4703 1193 4768 μόνον
1223 4703 1531 4766 ἐπίσκοποι,
1577 4704 1712 4757 ἀλλὰ
1750 4707 1846 4759 καὶ
1889 4723 2025 4776 πρε-

460 4794 714 4864 σϐύτεροι
737 4796 829 4846 καὶ
859 4793 1098 4845 διάκονοι
1125 4810 1140 4826 υ
1169 4796 1261 4847 καὶ
1291 4795 1378 4848 διὰ
1401 4795 1561 4847 τοῦτο
1588 4791 1742 4849 εἶπεν
1778 4799 1807 4851 ό
1842 4797 2023 4852 κανὼν

458 4887 558 4946 τὰς
582 4886 724 4938 κατὰ
751 4885 1070 4938 δυναστείαν
1116 4887 1442 4955 ἀρχοντικὴν
1483 4888 1775 4957 γινομένας
1807 4887 2022 4957 ψήφους

458 4976 776 5030 ἐπισκόπων
801 4975 834 5045 ἢ
870 4975 1255 5046 πρεσϐυτέρων
1289 4978 1323 5048 ἢ
1363 4979 1621 5033 διακόνων
1647 4978 1980 5048 ἁκυροῦσθαι
2008 4995 2025 5012 ’

458 5067 609 5122 ἄλλοι
661 5067 718 5120 δὲ
771 5064 946 5130 εἷπον,
997 5066 1071 5128 ὡς
1121 5067 1215 5118 ἐπὶ
1275 5068 1376 5137 μὲν
1417 5070 1713 5124 ἐπισκόπου
1766 5071 1799 5139 ἡ
1846 5070 2026 5141 ψῆφος

461 5160 602 5212 κατὰ
637 5160 1012 5230 κυριωνυμίαν
1047 5158 1269 5230 ἐρρέθη,
1307 5160 1401 5213 ἐπὶ
1433 5162 1489 5214 δὲ
1513 5153 1898 5232 “πρεσ6υτέρου
1929 5163 2024 5216 καὶ

458 5252 710 5304 διακόνου
768 5250 1261 5321 καταχρηστικῶςο
1325 5251 1447 5304 ἀντὶ
1515 5252 1622 5322 γὰρ
1691 5254 2024 5323 χειροτονίας

463 5340 735 5412 ὲξελήφθη
768 5356 784 5374 ο
831 5343 968 5413 ὅπερ
995 5341 1090 5396 καὶ
1119 5340 1244 5411 ἐμοὶ
1283 5339 1534 5412 ἀρέσκει,
1579 5341 1884 5413 εὐρίσκοντι
1931 5345 2025 5398 καὶ

460 5434 684 5504 ἐτέρους
713 5435 944 5497 κανόνας
972 5435 1068 5503 τὴν
1087 5432 1266 5502 ψῆφον
1290 5432 1413 5486 ἀντὶ
1440 5434 1771 5504 χειροτονίας
1811 5435 2020 5502 ἐκλαμ-

460 5524 815 5591 ϐανομένους.
862 5525 983 5578 Τῶν
1011 5525 1067 5578 δὲ
1103 5525 1381 5596 ἀρχόντων
1413 5525 1488 5595 μὴ
1531 5525 1842 5594 δυναμένων
1882 5524 2020 5588 ὂλως

2127 4613 2182 4660 et
2218 4606 2577 4676 eligebantur,
2637 4620 2746 4660 non
2807 4606 2984 4660 solum
3048 4607 3316 4678 episcopi,
3367 4610 3461 4663 sed
3516 4610 3682 4663 etiam

2127 4697 2428 4768 presbyteri
2457 4708 2509 4751 et
2545 4696 2800 4751 diaconi:
2855 4705 2912 4752 et
2957 4709 3249 4768 propterea
3296 4699 3434 4753 dixit
3464 4715 3682 4756 canon:

2127 4786 2257 4853 Quae
2320 4789 2674 4858 magistratus
2753 4789 3082 4845 auctoritate
3147 4790 3323 4853 liunt,
3387 4791 3687 4846 electiones

2128 4881 2507 4948 episcoporum
2540 4879 2627 4932 vel
2659 4880 3101 4950 presbyterorum
3154 4882 3240 4935 vel
3302 4881 3685 4947 diaconorum,

2128 4985 2236 5024 non
2260 4969 2458 5023 valere.
2485 4968 2589 5022 Alii
2623 4979 2805 5023 autem
2831 4970 3110 5034 dixerunt,
3143 4971 3288 5041 quod
3333 4973 3388 5025 in
3428 4973 3688 5041 episc0po

2125 5061 2344 5131 quidem
2383 5060 2578 5116 electio
2633 5062 2853 5130 proprie
2895 5061 3038 5115 dicta
3088 5071 3208 5125 est;
3271 5062 3328 5116 in
3365 5063 3686 5133 presbytero

2124 5162 2308 5209 autem
2337 5161 2391 5208 et
2416 5151 2651 5207 diacono
2686 5153 2951 5206 abusive:
3000 5167 3099 5222 pro
3146 5153 3496 5207 ordinatione
3534 5151 3679 5204 enim

2123 5254 2341 5315 accepta
2370 5251 2485 5310 est;
2517 5243 2665 5314 quod
2701 5244 2834 5297 mihi
2864 5258 3084 5314 quoque
3138 5244 3341 5314 placet,
3370 5258 3494 5297 cum
3531 5243 3682 5294 inve-

2125 5341 2270 5395 niam
2326 5338 2463 5392 alios
2524 5335 2686 5390 etiam
2754 5350 3017 5400 canones,
3065 5335 3159 5405 qui
3230 5333 3529 5388 electiones
3585 5345 3683 5399 pro

2123 5427 2466 5484 ordinatione
2515 5426 2814 5496 accipiunt.
2885 5425 3023 5482 Cum
3057 5435 3242 5482 autem
3296 5439 3406 5478 non
3467 5423 3680 5493 possint

2123 5521 2347 5576 omnino
2380 5520 2728 5591 magistratus
2749 5519 3130 5591 episcoporum
3148 5517 3372 5589 eligere,
3403 5515 3679 5587 quomodo

1676 5640 1834 5701 Guill
1851 5686 1865 5700 .
1909 5637 2228 5716 Beveregii
2273 5646 2460 5700 notae.

533 5744 644 5811 (18)
688 5743 832 5811 Τοὺς
857 5744 924 5797 δὲ
975 5745 1463 5814 κοινωνήσαντας
1500 5744 1703 5810 αὐτοῖς
1738 5744 2002 5813 ἀφορίζε-

463 5818 625 5870 σθαι.
660 5815 786 5871 Haec
812 5816 974 5871 verba
1006 5817 1059 5872 in
1091 5814 1388 5872 Parisiensi
1429 5815 1668 5871 editione
1700 5816 2006 5872 desiderata

2110 5759 2176 5798 ex
2203 5758 2309 5797 ms.
2336 5741 2631 5798 Bodleiano
2662 5738 3062 5809 supplevimus,
3083 5739 3172 5797 cui
3201 5736 3674 5797 Amerbacltiauus

2118 5829 2242 5869 cum
2271 5812 2491 5869 Tiliano
2523 5810 2875 5882 suﬂ'ragatur.
