4062 6404
360 345 465 412 8‘31

1546 347 1828 410 THEOD.
1870 348 2272 411 BALSAMON

3491 342 3600 408 892

347 458 599 515 decernit
631 464 805 514 canon
842 468 902 514 ut
924 474 1046 530 quae
1072 460 1141 514 ab
1173 459 1242 515 iis
1279 459 1416 514 iiunt
1468 460 1769 515 electiones
1798 460 1913 515 sint

2023 460 2359 531 ψηφίζεσθαι
2410 458 2770 525 ἐπισκόπους,
2823 462 2942 524 πῶς
2995 460 3024 514 6
3067 457 3250 513 κανὼν
3303 454 3603 527 διορίζεται

348 549 555 603 ἰτηιωῖ
579 549 810 604 Salutio.
844 552 917 605 De
944 552 1334 617 electionibus,
1360 566 1481 620 qua!
1507 567 1537 605 a
1580 552 1913 617 inagistrali-

344 642 448 695 bus
480 643 556 693 vel
586 644 930 711 principibus
965 643 1116 707 iiuut,
1154 659 1261 697 non
1292 643 1540 698 decernit
1594 644 1683 697 hic
1707 660 1912 708 canon,

348 734 439 783 se-d
474 736 540 784 de
571 736 937 790 electionibus
993 739 1404 802 episcoporum,
1441 752 1559 804 qtne
1614 736 1913 804 principum

349 840 442 876 seu
475 828 889 892 magistratuum
920 836 1194 896 potestate
1222 830 1567 896 procedunt:
1601 840 1653 882 et
1705 830 1772 882 de
1807 829 1918 882 ele-a

347 919 619 970 «tionibus
668 934 765 972 seu
822 919 1272 975 ordinationibus
1326 922 1776 990 presbyterorum
1833 923 1916 976 Vel

347 1008 732 1074 diaconorum,
792 1026 914 1080 quae
968 1011 1136 1064 simili
1193 1012 1355 1080 jussu
1413 1012 1733 1082 procedunt.
1778 1013 1917 1066 Dicit

345 1113 493 1165 ergo,
529 1102 672 1169 quod
704 1104 917 1155 etiamsi
944 1104 1203 1168 Opinione
1253 1118 1316 1157 ac
1367 1105 1549 1172 specie
1595 1106 1663 1158 ab
1694 1105 1914 1158 antisti-

350 1191 525 1255 tibus,
549 1208 717 1261 penes
750 1208 891 1260 quos
930 1207 1013 1249 est
1038 1197 1270 1264 eligendi
1309 1207 1567 1265 potestas,
1601 1198 1753 1259 ﬂant,
1780 1206 1919 1267 quio-

347 1286 495 1337 niam
559 1298 739 1341 tamen
804 1294 1045 1356 potentia
1075 1304 1139 1344 ac
1175 1291 1223 1342 vi
1281 1293 1609 1359 procedunt,
1653 1293 1914 1344 iulirmari

345 1374 545 1429 debent
574 1386 628 1431 et
657 1380 876 1433 resolvi.

428 1467 677 1523 ZONAR.
734 1470 897 1527 Vetus
956 1474 1155 1526 malum
1204 1474 1525 1543 improbitas
1555 1486 1656 1529 est.
1695 1476 1759 1529 Et
1792 1482 1919 1527 vero

349 1557 594 1626 antiquis
638 1561 803 1613 etiam
854 1564 1191 1630 temporibus
1245 1569 1425 1634 alioua
1484 1578 1672 1621 contra
1739 1567 1915 1633 legum

350 1650 666 1706 sanctiones
693 1655 1150 1717 admittebantur.
1178 1670 1241 1712 ac
1277 1659 1553 1729 principes
1575 1661 1697 1722 viri,
1729 1670 1919 1729 poten-

348 1740 657 1809 tiaitnperii
686 1746 832 1808 freti,
884 1747 1180 1816 episcOpo’s
1228 1750 1523 1818 elige’bant,
1576 1761 1630 1804 et
1682 1752 1912 1820 presby-

2022 551 2366 623 ἀκυροῦσοαι
2414 552 2515 616 τὰς
2549 552 2705 621 παρὰ
2755 552 2966 605 τούτων
3009 552 3304 620 γινομένας
3338 550 3599 618 ψήφουςς

2018 647 2227 710 Λύσις.
2258 646 2331 698 Οὐ
2359 647 2487 712 περὶ
2515 645 2713 714 ψήφων
2744 644 2901 709 παρὰ
2936 645 3215 715 ἀρχόντων
3242 641 3543 710 γινομένων
3574 643 3603 693 ὀ

2017 735 2198 788 κανὼν
2228 736 2497 799 θεσπίζει,
2530 736 2665 789 ἀλλὰ
2698 738 2826 805 περὶ
2853 735 3049 804 ψήφων
3087 736 3427 794 ἐπισκόπων,
3462 752 3595 801 προ-

2017 828 2318 881 ϐαινουσῶν
2334 829 2473 881 κατὰ
2496 828 2739 893 ἐξουσίαν
2759 827 3101 899 άρχοντικὴν,
3126 828 3223 879 καὶ⁵
3246 844 3311 879 πε
3320 828 3374 896 ρὶ
3398 826 3599 894 ψήφων

2018 922 2136 990 ἦτοι
2164 920 2511 990 χειροτονιῶν
2541 920 2931 990 πρεσϐυτέρων
2969 921 3002 992 ἢ
3033 920 3319 982 διακόνων,
3361 921 3602 988 προϐαι-

2021 1010 2227 1065 νουσῶν
2272 1013 2411 1084 κατά
2465 1013 2710 1066 κέλευσιν
2751 1014 2967 1084 ὁμοίαν.
3008 1015 3149 1081 Φησὶ
3190 1012 3320 1080 γοῦν
3354 1012 3603 1076 ὠςν⁴κᾶν

2018 1106 2095 1172 τῷ
2145 1100 2323 1158 δοκεῖν
2368 1109 2518 1174 παρὰ
2562 1107 2671 1159 τῶν
2721 1109 2950 1175 ἐχόντων
2994 1107 3244 1172 ἐξουσίαν
3298 1105 3602 1175 ἀρχιερέων

2018 1199 2299 1261 γίνωνται,
2337 1199 2449 1250 ἀλλ’
2482 1202 2608 1253 ὲπει
2636 1199 2780 1253 κατὰ
2821 1200 3145 1254 δυναστείαν
3185 1184 3281 1253 καὶ
3311 1199 3436 1267 βίαν
3467 1218 3600 1267 προ·

2022 1288 2322 1350 ϐαίνουσιν,
2360 1290 2672 1358 ὀφείλουσιν
2710 1291 3049 1363 ἀκυροῦσθαι
3106 1291 3201 1343 καὶ
3246 1291 3596 1345 ἀναλύεσθαι.

2088 1476 2333 1547 ΖῼΝΑΡ.
2394 1475 2606 1529 Παλαιὰ
2664 1478 2697 1546 ἡ
2758 1477 2946 1530 κακία.
3013 1475 3289 1542 Ἐγίνοντο
3336 1479 3447 1545 γὰρ
3505 1478 3601 1531 καὶ

2020 1564 2188 1617 πάλαι
2244 1565 2460 1633 ᾶθεσμά
2505 1582 2665 1630 τινα,
2725 1568 2817 1619 καὶ
2881 1566 3143 1637 ἄρχοντες
3188 1571 3256 1637 τῇ
3310 1567 3600 1637 δυναστείᾳ

2021 1654 2353 1725 Θαρροῦντες
2384 1655 2719 1723 ἐψηφίζοντο
2752 1657 3111 1719 ἐπισκόπους,
3158 1662 3253 1710 καὶ
3293 1658 3600 1725 πρεσϐυτέ-

2025 1761 2150 1812 ρους
2175 1747 2266 1797 καὶ
2281 1746 2560 1810 διακόνους
2585 1747 2960 1814 προσέτασσον
2982 1748 3251 1815 γίνεσθαι.
3281 1748 3466 1800 Ταῦτα
3503 1748 3598 1800 οὖν

349 1839 497 1885 teros
528 1846 617 1903 _ae
671 1834 934 1889 diaconos
980 1837 1092 1890 ﬁeri
1142 1854 1240 1906 pro
1297 1849 1566 1908 potestate
1619 1818 1905 1905 iubebant.

2023 1839 2044 1908 ἡ
2069 1837 2281 1901 σύνοδος
2304 1837 2525 1903 κωλύει,
2542 1842 2633 1892 τὸν
2654 1841 3005 1895 άποστολικδν
3025 1842 3227 1895 κανόνα
3245 1859 3317 1893 πα
3327 1844 3596 1910 ράγουσαο

348 1918 491 1975 Nihil
523 1924 687 1992 igitur
717 1927 987 1993 ejusmodi
1021 1932 1267 1999 synodus
1312 1932 1366 1984 in
1402 1943 1683 2000 posterum
1745 1934 1911 1988 licere

2023 1928 2072 1989 ὃς
2100 1929 2191 1979 τὸν
2218 1930 2284 1980 δι’
2331 1932 2610 2001 ἀρχόντων
2659 1933 2906 2002 ἐγκρατῆ
2952 1934 3246 2002 γενόμενον
3303 1935 3598 2002 ἐκκλησίας

347 2013 611 2078 decernit,
662 2019 982 2088 profertque
1031 2023 1395 2097 apostolicum
1429 2036 1725 2088 canonem,
1772 2039 1902 2093 quo,

348 2104 393 2158 si
434 2106 556 2174 quis
578 2108 865 2177 episcopus
896 2113 1311 2181 magistratuum
1373 2128 1541 2181 opera
1609 2114 1910 2168 Ecclesiam

348 2195 878 2265 obtinuerit,’illum
937 2203 1279 2274 depositione
1313 2206 1479 2261 simul
1535 2220 1599 2259 ac
1641 2220 1896 2275 segrega-

351 2285 501 2340 tione
551 2288 777 2359 (magno
832 2292 1092 2347 videlicet
1117 2294 1407 2363 supplicio,
1444 2296 1534 2365 qui
1587 2297 1639 2350 id
1699 2297 1908 2363 fecerit,

346 2377 573 2447 dignum
608 2384 984 2454 existimans),
1013 2401 1119 2440 nec
1180 2387 1331 2440 illum
1364 2397 1600 2451 tantum,
1640 2389 1735 2442 sed
1789 2390 1910 2459 qui-

346 2483 562 2538 cunque
587 2472 653 2525 ab
680 2477 923 2545 ejusdem
965 2479 1358 2533 communione
1388 2495 1500 2533 non
1554 2483 1907 2545 abstinuerit,

2013 2022 2309 2074 ὲπίσκοπον
2336 2021 2588 2092 καθαιρεῖ
2607 2024 2719 2093 ἅμα
2753 2026 2847 2078 καὶ
2868 2026 3137 2096 ἀφορίζει,
3165 2025 3409 2094 μεγάλης
3424 2042 3599 2094 τιμω-

2017 2112 2138 2183 ρίας
2160 2112 2327 2178 ἀξιῶν
2348 2114 2436 2166 τὸν
2458 2114 2615 2168 τοῦτο
2638 2116 2916 2180 ποιοῦντα,
2938 2118 3035 2171 καὶ
3061 2117 3160 2170 οὑκ
3182 2119 3387 2170 ἐκεῖνον
3417 2116 3600 2185 μόνον,

2014 2204 2150 2257 ἀλλὰ
2172 2206 2264 2257 καὶ
2287 2206 2412 2267 τοὺς
2439 2205 2833 2269 κοινωνοῦντας
2851 2207 3019 2277 αὐτῷ.
3038 2206 3239 2276 Ὀρίξει
3264 2206 3321 2258 δὲ
3350 2206 3455 2259 ὑπὸ
3482 2209 3604 2259 ὲπι-

2018 2296 2235 2347 σκόπων
2282 2296 2375 2347 τὸν
2428 2296 2510 2358 είς
2570 2297 2877 2364 ἐπισκοπὴν
2924 2296 3371 2367 προαχθήσεοθαι
3425 2294 3596 2365 ψηφί-

2018 2387 2207 2452 ζεσθαι
2250 2389 2533 2457 μέλλοντα,
2580 2389 2671 2441 καὶ
2708 2387 2980 2459 μέμνηται
3014 2388 3111 2443 τοῦ
3141 2390 3401 2458 τετάρτου
3439 2389 3597 2441 κανό-

2018 2494 2107 2539 νος
2138 2476 2247 2530 τῶν
2279 2479 2335 2531 ὲν
2368 2479 2413 2530 Ν
2423 2479 2573 2550 ικαία
2595 2481 2768 2546 ἁγίων
2790 2481 3069 2551 Πατέρων,
3098 2480 3158 2542 ὃς
3185 2481 3428 2551 ὲξηγήθη
3460 2485 3592 2537 ἐκεῖ.

346 2565 528 2632 puniri
565 2567 739 2632 jubet.
773 2570 855 2623 Ab
910 2572 1185 2642 episcopis
1228 2582 1410 2628 autem
1464 2586 1613 2640 eum,
1670 2576 1763 2645 qui
1828 2576 1895 2629 ad
1920 2573 2299 2643 episcopatum
2359 2575 2680 2630 mouendus
2740 2585 2848 2640 est,
2911 2576 3213 2630 renuntiari
3278 2577 3472 2644 placet,
3533 2593 3597 2630 ac

345 2659 525 2724 quarti
557 2662 827 2715 canonisa
852 2666 1058 2718 sanctis
1090 2664 1346 2720 Pati-ibus
1382 2669 1436 2720 in
1467 2667 1681 2723 Niczena
1706 2667 1917 2738 synodo
1950 2666 2080 2721 editi
2117 2665 2447 2721 mentionem
2485 2660 2753 2737 utijungit,
2786 2670 2879 2737 qui
2912 2669 3112 2723 ibidem
3169 2668 3497 2733 explicatur.

350 2766 373 2801 ι
402 2748 628 2806 ARIST.
662 2752 856 2809 Omnis
895 2756 1093 2811 electio
1126 2772 1157 2811 a
1200 2759 1560 2816 saecularibus
1614 2762 1909 2830 magistra-

776 2864 795 2897 ι
823 2846 970 2901 tibus
998 2847 1138 2902 farta
1175 2849 1325 2904 irrita
1349 2851 1440 2905 sit.
1464 2870 1482 2904 ι

422 2932 481 2986 In
524 2934 711 2991 multis
735 2940 1048 2994 eanonibus
1070 2940 1292 3002 dicitur,
1343 2942 1488 3011 quod
1537 2944 1606 2998 ab
1650 2945 1907 2999 omnibus

345 3027 620 3097 cujusque
668 3029 964 3099 provinciae
1012 3035 1290 3104 episcopis
1327 3036 1396 3108 (si
1434 3038 1652 3106 quidem
1716 3037 1829 3092 ﬁeri
1857 3038 1910 3091 id

2020 2760 2240 2816 ΑΡΙΣΤ.
2304 2776 2323 2812 ι
2367 2761 2521 2813 Πᾶσα
2571 2761 2751 2829 ψῆφος
2821 2758 2925 2812 ὑπὸ
2980 2758 3262 2829 κοσμικῶν
3314 2760 3596 2829 ἀρχόντων

2438 2870 2457 2904 ι
2498 2851 2759 2921 γινομένη
2788 2851 2990 2917 ἄκυρος
3021 2851 3181 2905 ἔστω.
3214 2869 3232 2901 ι

2106 2947 2195 2997 Ἐν
2228 2944 2445 3006 πολλοῖς
2474 2943 2582 2995 τῶν
2622 2944 2865 2996 κανόνων
2897 2944 3113 3012 εἴρηται
3154 2943 3213 2993 τὸ
3244 2940 3349 2993 ὑπὸ
3375 2942 3593 2995 πάντων

2020 3038 2129 3087 τῶν
2159 3036 2478 3089 ἐπισκόπων
2510 3034 2746 3099 ἑκάστης
2789 3033 3057 3101 ἐπαρχίας
3089 3031 3330 3097 ὀφείλειν
3361 3031 3592 3099 ψηφίζε-

348 3120 547 3192 potest)
593 3121 717 3192 eligi
756 3123 937 3187 debet,
988 3129 1077 3196 qui
1110 3129 1176 3181 ad
1225 3130 1600 3200 episcopatum
1658 3139 1743 3187 est
1784 3146 1908 3201 pro-

2023 3127 2143 3177 σθαι
2178 3126 2313 3195 (εἴγε
2338 3124 2495 3176 τοῦτο
2529 3123 2775 3189 δυνατὸν)
2814 3123 2907 3174 τὸν
2967 3121 3227 3192 μέλλοντα
3262 3124 3339 3182 είς
3370 3124 3591 3175 ἐπισκοο

349 3214 697 3268 intuendus:
753 3216 839 3269 sin
901 3220 1101 3284 minus,
1134 3234 1163 3273 a
1222 3222 1396 3275 tribus
1448 3222 1639 3276 saltem
1694 3224 1910 3292 episco-

345 3304 451 3371 p‘s,
516 3304 832 3361 absentibus
884 3311 1045 3362 etiam
1102 3326 1199 3380 per
1251 3314 1457 3367 litteras
1507 3316 1765 3382 sud‘ragia
1807 3333 1907 3370 sua

345 3391 669 3451 ferentibus.
750 3395 1117 3457 Saecularibus
1171 3412 1350 3457 autem
1430 3407 1771 3474 principibus
1832 3408 1912 3459 uti

344 3486 663 3553 quemlibet,
691 3498 746 3542 et
794 3498 890 3558 per
917 3508 1010 3547 eos
1054 3493 1312 3550 Ecclesiae
1358 3497 1589 3562 alicujus
1621 3509 1910 3567 possesso—

348 3593 459 3630 rem
484 3578 618 3643 ﬁeri,
651 3597 756 3635 non
813 3586 973 3638 modo
1017 3588 1290 3642 infirmum
1331 3598 1434 3655 est,
1466 3591 1559 3645 sed
1592 3598 1643 3645 et
1690 3591 1905 3659 deposi-

345 3672 545 3726 tionem
584 3684 637 3727 et
690 3680 1117 3745 segregatiouem
1165 3680 1213 3734 ei
1252 3681 1425 3747 aii'ert,
1476 3683 1568 3751 qui
1625 3682 1715 3737 tali
1753 3685 1911 3737 modo

346 3765 711 3821 sacerdotium
745 3770 1000 3823 obtinuit.

838 3864 1001 3935 290
1053 3865 1280 3921 canon
1326 3869 1420 3923 iV.

352 3960 375 4004 d
413 3951 598 4008 Pramo
626 3956 874 4011 verilatis
907 3974 1140 4026 niagnus
1170 3959 1370 4016 Paulus
1421 3961 1635 4017 divinus
1678 3970 1902 4032 aposto—

425 4064 444 4097 ι
486 4048 591 4111 lus,
648 4052 941 4116 quemdam
989 4053 1153 4105 veluti
1213 4069 1478 4109 cauonem
1552 4054 1908 4125 Ephesiorum

423 4148 442 4188 ι
488 4140 822 4210 presbyteris
847 4143 1155 4218 imponens,
1190 4145 1270 4199 vel
1303 4149 1572 4201 universa:
1617 4149 1795 4216 potius
1820 4163 1910 4201 sa-

425 4248 445 4282 t
479 4231 747 4288 cerddtaii
783 4235 1142 4298 multitudini,
1184 4236 1263 4293 sic
1332 4238 1501 4294 libere
1537 4240 1715 4294 dixit:
1766 4257 1784 4290 ι
1810 4239 1916 4292 Ar-

424 4342 443 4374 ι
481 4332 699 4396 genium
738 4328 821 4382 vel
863 4340 1055 4382 aurum
1096 4331 1177 4385 vel
1208 4342 1410 4387 vestem
1448 4332 1651 4386 nullius
1706 4346 1914 4385 concu-

423 4434 446 4469 ι
482 4418 614 4487 pivi,
681 4422 863 4474 omnia
921 4422 1083 4479 vobis
1136 4426 1372 4487 ostendi,
1411 4424 1555 4492 quod
1594 4430 1806 4491 oportet
1835 4423 1913 4475 sic

2024 3218 2132 3285 πὴν
2160 3216 2592 3287 προὸιὸάζεσθαι
2620 3230 2632 3245 '
2665 3217 2712 3267 εί
2764 3214 2821 3268 δὲ
2859 3215 2954 3285 μὴ,
3010 3215 3111 3267 κᾶν
3143 3215 3246 3267 ύπδ
3272 3216 3440 3284 τριῶν
3473 3217 3592 3267 ἐπι-
3693 3208 3700 3219 ’

2023 3312 2260 3368 σκόπων,
2297 3308 2605 3378 συμψήφων
2632 3309 2935 3375 γινομένων
2966 3311 3060 3360 καὶ
3091 3308 3201 3359 τῶν
3235 3307 3481 3360 ἁπάντων
3506 3307 3593 3359 διὰ

2022 3401 2386 3470 γραμμάτων.
2437 3400 2509 3451 Τὸ
2564 3400 2620 3451 δὲ
2682 3401 2972 3467 κοσμικοίς
3027 3400 3252 3468 ἄρχουσι
3284 3397 3593 3467 χρήσασθαί

2021 3511 2163 3557 τινα,
2202 3496 2296 3545 καὶ
2325 3493 2391 3545 δι’
2430 3492 2607 3546 αὐτῶν
2644 3492 2943 3557 ἐκκλησίας
2983 3491 3126 3555 τινὸς
3166 3493 3410 3561 ἐγκρατῆ
3439 3492 3594 3559 γενέ-

2024 3583 2171 3647 σθαι,
2231 3586 2292 3637 ού
2357 3586 2517 3654 μόνον
2565 3586 2716 3638 ἐστὶν
2775 3584 3093 3653 ιὶνίσχυρον⁹
3155 3583 3289 3635 ἀλλὰ
3336 3584 3598 3652 καθαίρε-

2024 3696 2109 3730 σιν
2154 3680 2249 3731 κα“ι
2288 3677 2595 3746 άφορισμδν
2640 3676 2840 3744 ὲπάγει
2890 3677 2964 3746 τῷ
3003 3675 3435 3745 τοιουτοτρόπως
3476 3660 3594 3745 ’τῆς

2022 3772 2322 3843 ἱερωσύνης
2344 3771 2582 3841 τυχόντι.

2612 3856 2865 3921 ,ΚΑΝΩΝ
2924 3860 2997 3914 At

2025 3969 2047 4007 ι
2106 3956 2165 4009 '0
2197 3952 2371 4025 κῆρυξ
2424 3955 2524 4024 τῆς
2551 3953 2809 4023 ἀληθείας
2839 3954 2867 4005 6
2897 3952 3072 4021 μέγας
3124 3950 3334 4014 Παῦλος
3376 3953 3404 4003 6
3454 3952 3596 4015 θεῖος

2100 4068 2118 4099 ‹
2163 4048 2483 4109 ἀπόστολος,
2529 4047 2693 4098 οἱονεὶ
2724 4044 2928 4097 κανόνα
2969 4044 3141 4107 τιθεὶς
3172 4047 3284 4106 τοῖς
3330 4044 3594 4111 Ἐφεσίων

2044 4164 2059 4185 ο
2099 4156 2117 4193 t
2160 4140 2576 4209 πρεσϐυτέροις,
2629 4138 2829 4208 μᾶλλον
2881 4136 2938 4190 δὲ
2985 4138 3080 4189 καὶ
3124 4138 3289 4190 παντὶ
3333 4137 3596 4207 ἱερατικῷ

2099 4248 2117 4282 ι
2161 4230 2510 4301 πληρώματι,
2533 4230 2707 4292 οὕτως
2736 4228 3151 4300 ὲπαρῥησιάσθη
3180 4229 3353 4282 εἰπών
3376 4250 3387 4263 ·
3417 4250 3436 4282 ι
3472 4231 3597 4302 Ἀρ-

2100 4341 2121 4374 ‹
2161 4322 2352 4392 γυρίου
2385 4323 2418 4393 ἢ
2460 4322 2686 4391 χρυσίου
2732 4321 2763 4391 ἢ
2797 4320 3095 4390 ἱματισμοῦ
3136 4322 3352 4385 οὐδενὸς
3392 4324 3593 4377 ὲπεθύυ

2104 4430 2122 4465 t
2167 4430 2343 4483 μησα,
2368 4414 2545 4465 πάντα
2569 4413 2827 4478 ὑπέδειξα
2855 4414 3004 4483 ὑμῖν,
3038 4414 3123 4466 ὅτι
3156 4414 3331 4478 οὕτως
3360 4415 3595 4468 κοπιῶνε

426 4527 446 4559 ι
481 4510 795 4567 laborantes
858 4514 1109 4568 infirmus
1164 4516 1461 4582 suscipere.
1504 4514 1636 4566 dare
1694 4511 1908 4565 beatius

2090 4522 2109 4556 ι
2150 4519 2250 4567 τας
2294 4506 2377 4557 δεῖ
2432 4505 2935 4574 ἁντιλαμὸἀνεσθαι
2994 4505 3104 4558 τῶν
3175 4505 3590 4571 ἀσθενούντων,

426 4615 447 4651 ι
479 4612 643 4669 quam
708 4602 949 4671 recipere
1003 4604 1380 4659 existimantes
1434 4604 1503 4655 ⁵³.
1547 4618 1565 4651 ι
1637 4600 1909 4665 Quocirca

424 4709 444 4743 ι
482 4705 580 4746 nos
610 4693 677 4746 ab
715 4709 780 4748 eo
814 4695 993 4749 edocti
1032 4694 1352 4755 statuimus,
1395 4707 1460 4745 ne
1525 4694 1702 4761 turpis
1767 4692 1907 4746 lucri

428 4801 448 4833 ι
490 4785 665 4851 gratia
702 4787 994 4857 episcopus
1025 4784 1414 4839 excusationes
1447 4783 1498 4836 in
1540 4785 1780 4854 peccatis
1810 4801 1912 4841 exo'

428 4891 451 4926 ε
485 4876 969 4943 cogitans,aurum
1009 4875 1092 4930 vel
1121 4883 1400 4944 argentum
1431 4874 1512 4930 vel
1548 4876 1711 4930 ullam
1743 4876 1908 4931 aliam

432 4985 452 5019 ι
494 4971 728 5037 speciem
788 4971 855 5024 ab
900 4971 990 5034 iis,
1020 4966 1115 5037 qui
1175 4965 1278 5023 sibi
1335 4966 1589 5034 subsunt,
1644 4971 1914 5039 episeopis

429 5078 448 5110 ι
480 5059 565 5113 vel
619 5059 840 5114 clericis
897 5058 978 5112 Vel
1016 5060 1307 5114 monachis
1362 5061 1564 5129 exigat.
1593 5057 1730 5114 Dicit
1768 5065 1913 5116 enim

428 5168 448 5201 ι
488 5153 814 5223 Apestnius:
850 5169 869 5201 ι
909 5148 1103 5217 lnjusti
1141 5164 1365 5221 regnum
1417 5152 1505 5205 Dei
1569 5162 1676 5206 neu
1727 5153 1912 5221 possi-

431 5261 450 5294 ι
487 5244 728 5299 debuut:
761 5258 859 5297 nec
895 5244 1096 5298 debent
1129 5244 1283 5298 liberi
1343 5242 1663 5313 parentibus
1696 5248 1915 5302 tilesau-s

434 5352 453 5385 ι
497 5352 613 5390 rum
650 5348 864 5404 parare,
898 5335 989 5389 sed
1022 5346 1270 5405 parentes
1318 5336 1501 5394 liberis
1531 5340 1597 5391 ⁸ο.
1626 5357 1644 5391 ι
1676 5334 1733 5393 Si
1786 5341 1911 5408 quis

435 5446 454 5479 ι
493 5434 621 5492 ergo
656 5438 749 5496 per
774 5430 1115 5481 exactimiem
1142 5430 1284 5495 auri,
1314 5432 1396 5484 vel
1427 5428 1659 5499 alicujus
1686 5431 1914 5485 alterius

438 5536 456 5568 (
492 5518 714 5586 speciei,
746 5518 829 5570 vel
858 5528 1076 5587 propter
1096 5520 1333 5588 aliquam
1355 5520 1631 5590 propriam
1662 5519 1912 5574 ai'i'ectiod

436 5627 454 5659 ‹
495 5626 611 5663 nem
636 5627 661 5661 ει
702 5610 1008 5677 ministerio
1054 5628 1241 5666 arcere
1305 5612 1559 5666 inventus
1588 5611 1790 5675 fuerit,
1819 5611 1909 5667 vel

2091 4614 2111 4648 ι
2158 4596 2428 4665 μακάριον
2450 4598 2790 4666 ἡγουμένους
2813 4598 2871 4648 τὸ
2910 4596 3111 4650 διδόναι
3137 4598 3168 4667 ἢ
3212 4599 3534 4667 λαμϐάνειν.
3566 4619 3586 4652 ι

2095 4708 2115 4742 ι
2156 4689 2246 4741 Διὸ
2276 4690 2371 4742 καὶ
2397 4691 2560 4758 ἡμεῖς
2609 4688 2876 4758 μαθόντες
2915 4689 3048 4758 παρ’
3093 4690 3259 4743 αὐτοῦ
3309 4689 3587 4761 ὁρίζομεν,

2094 4801 2112 4836 ι
2158 4781 2281 4852 μηδ’
2306 4782 2445 4845 ὅλως
2469 4780 2879 4851 αίσχροκερδὼς
2903 4781 3238 4834 ἐπινοεῖσθαι
3271 4783 3587 4844 ἐπίσκοπον,

2098 4892 2117 4926 ι
2155 4874 2630 4944 προφασιζόμενον
2664 4872 2966 4942 προφάσεις
2987 4875 3045 4925 ἐν
3072 4873 3392 4943 ἁμαρτίαις,
3424 4875 3589 4941 ἀπαι-
3628 4906 3629 4909 η

2095 4984 2115 5018 t
2157 4967 2505 5038 τεῖνχρυσδν
2560 4965 2592 5037 ἦ
2643 4962 2887 5036 ἄργυρον
2939 4965 2971 5035 ἢ
3024 4966 3212 5037 ἕτερον
3262 4962 3399 5028 εἶδος
3459 4968 3586 5028 τοὺς

2095 5076 2115 5110 t
2161 5058 2251 5111 ὑπ’
2293 5059 2457 5111 αὐτὸν
2500 5056 2788 5119 τελοῦντας
2821 5057 3153 5120 ἐπισκόπους
3199 5057 3233 5127 ἢ
3289 5057 3587 5127 κληρικοίις

2096 5169 2115 5203 t
2155 5150 2190 5221 ἢ
2230 5149 2522 5219 μοναχούς.
2568 5151 2706 5218 Φησὶ
2758 5150 2867 5219 γὰρ
2910 5152 2937 5202 ὀ
2972 5148 3342 5211 Ἀπόστολος’
3383 5166 3402 5200 ι
3448 5149 3586 5201 Ἀδιο

2095 5263 2115 5295 ‹
2157 5259 2242 5296 κοι
2296 5243 2579 5310 βασιλείαν
2626 5244 2763 5296 Θεοῦ
2796 5245 2855 5296 οὐ
2910 5243 3383 5311 κληρονομήσουσι
3417 5258 3431 5273 ο
3489 5236 3585 5294 καὶ

2097 5355 2117 5388 t
2158 5337 2259 5389 οὐκ
2286 5336 2492 5403 ὀφείλει
2518 5337 2586 5388 τά
2620 5337 2784 5389 τέκνα
2821 5338 2931 5396 τοῖς
2960 5334 3174 5403 γονεῦσι
3209 5334 3582 5405 θησαυρίζειν,

2029 5444 2037 5450 ’
2098 5438 2119 5483 ι
2162 5427 2278 5481 ἀλλ’
2335 5429 2383 5480 οἱ
2433 5430 2608 5495 γονεῖς
2644 5432 2755 5490 τοῖς
2802 5427 3029 5485 τέκνοις.
3074 5445 3091 5477 ι
3132 5425 3197 5478 El'
3247 5442 3331 5487 τις
3370 5423 3465 5478 οὖν
3516 5422 3585 5477 δι’

2099 5539 2122 5572 ε
2161 5519 2455 5587 ἀπαίτησιν
2488 5519 2754 5591 χρυσοῦῆ
2803 5520 2994 5589 ἑτέρου
3040 5519 3180 5582 τινὸς
3231 5518 3426 5581 εἴδους,
3475 5518 3584 5570 είτε

2097 5631 2120 5666 r
2157 5613 2245 5667 διά
2292 5629 2411 5666 τινα
2470 5612 2801 5668 ίδιοπάθειαν
2856 5610 3108 5682 εὑρεθείη
3159 5611 3438 5681 ἀπείργων
3486 5608 3585 5679 τῆς

515 5786 562 5821 ’θ
591 5787 781 5845 Actor.
812 5804 903 5856 xx,
930 5786 1015 5854 '55,
1048 5788 1135 5844 35.
1215 5789 1260 5823 “
1289 5790 1307 5844 I
1337 5789 1463 5845 Cor.
1505 5804 1581 5857 vr,
1625 5789 1690 5856 9;
1725 5788 1766 5844 il
1804 5786 1943 5879 Cor.
1982 5804 2078 5860 xu,
2112 5790 2200 5847 it.
