4062 6410
360 348 469 415 895

1555 329 1834 407 mmo.
1870 343 2271 408 BALSAMON

3479 344 3589 412 896

362 461 635 530 majorem
672 467 1024 530 potestatem,
1070 468 1127 517 et
1175 469 1357 533 potest
1409 462 1479 518 de
1534 462 1606 519 iis
1662 463 1830 520 rebus
1868 472 1926 517 ut

2033 462 2149 516 σίαν
2169 463 2265 516 καὶ
2292 460 2574 533 δυναμένῳ
2613 460 2825 532 διαιτᾷν
2852 461 2965 525 τοῖς
2988 457 3271 524 τοιοῦτοις.
3302 459 3466 529 Ζήτει
3496 462 3594 516 καὶ

361 553 529 623 iudex
569 568 924 617 cognoscere.
959 553 1156 621 Quaere
1184 564 1241 609 et
1293 570 1417 610 can.
1454 557 1542 621 Π,
1577 559 1664 612 tit.
1724 558 1775 617 1.
1827 557 1921 612 lib.

364 662 451 711 ιιι,
481 645 647 701 Basil.
680 661 801 715 quae
829 646 1051 716 quidem
1090 656 1177 702 est
1224 646 1452 704 Novella
1484 652 1803 714 Justiniani,
1848 654 1928 707 sic

366 739 594 793 dicens:
627 735 897 793 Omnibus
926 750 1112 794 autem
1161 742 1436 810 episcopis
1471 743 1553 796 vel
1589 743 1928 813 presbyteris

364 828 771 895 interdicimus,
804 846 874 884 ne
913 833 1224 901 quempiam
1251 849 1280 887 a
1313 844 1502 889 sancta
1533 828 1928 891 communione

366 931 677 990 segregent,
694 922 1013 993 priusquam
1042 940 1206 978 causa
1240 935 1458 980 ostensa
1493 928 1677 992 fuerit,
1709 938 1929 997 propter

364 1030 529 1080 quam
557 1016 921 1072 ecclesiastici
955 1032 1199 1073 canones
1236 1021 1339 1075 hoc
1359 1020 1555 1087 iubent
1584 1022 1735 1077 ﬁeri:
1766 1023 1924 1093 291

365 1104 409 1159 si
443 1105 569 1174 quis
599 1115 779 1162 autem
811 1121 1012 1177 praeter
1044 1109 1166 1163 haec
1208 1125 1238 1164 a
1304 1119 1497 1166 sancta
1542 1115 1931 1170 comuiunione

366 1198 677 1267 quempiam
735 1202 1099 1269 separaverit,
1135 1201 1225 1256 ille
1268 1202 1512 1270 quidem,
1538 1207 1693 1273 quia
1740 1215 1928 1262 sancta

367 1290 756 1345 communione
794 1291 999 1359 injuste
1020 1305 1311 1362 separatus
1340 1304 1444 1358 est.
1478 1297 1657 1351 soluta
1706 1313 1933 1368 separa-

369 1378 574 1432 tionea
607 1381 800 1448 majori
831 1381 1098 1448 antistite,
1158 1394 1351 1441 sancta
1400 1388 1794 1444 communione
1843 1391 1929 1446 di-

374 1485 515 1538 gnus
567 1472 935 1527 existimetur.
991 1474 1094 1541 Qui
1159 1486 1341 1530 autem
1416 1479 1624 1547 iniuste
1693 1480 1929 1551 aliquem

371 1570 560 1615 sancta
585 1564 978 1619 communione
1012 1565 1231 1635 privare
1281 1583 1450 1625 ausus
1508 1578 1613 1635 est,
1673 1573 1931 1629 omnibus

373 1651 548 1705 modis
572 1668 600 1705 a
633 1654 935 1720 sacerdote,
967 1658 1056 1712 cui
1104 1666 1186 1713 est
1239 1659 1545 1728 subjectus,
1599 1672 1752 1720 tanto
1792 1676 1930 1720 tem-

371 1744 522 1810 por'e,
553 1754 819 1812 quantum
852 1746 899 1801 is
929 1747 1067 1802 satis
1102 1764 1225 1805 esse
1282 1752 1503 1815 viderit,
1546 1756 1931 1813 communione

372 1834 711 1898 movebitur;
742 1845 803 1891 ut
833 1842 978 1908 quod
1032 1841 1241 1908 injuste
1288 1842 1439 1909 fecit,
1468 1846 1619 1915 juste
1667 1849 1929 1918 patiatur.

371 1917 506 1975 Nota
541 1935 863 1990 praesentem
895 1942 1191 1993 canonem,
1221 1935 1314 2001 qui
1340 1948 1503 2002 parua
1531 1936 1752 1993 talionis
1779 1939 1933 2005 punit

370 2013 680 2083 episcopos,
704 2018 797 2086 qui
832 2021 1009 2088 turpis
1034 2031 1279 2090 quaestus
1321 2027 1518 2094 gratia,
1567 2028 1653 2082 vel
1712 2042 1934 2101 propter

373 2103 610 2170 privatas
644 2106 983 2171 affectiones.
1013 2127 1079 2166 ex
1110 2114 1227 2169 suis
1261 2115 1474 2185 aliquos
1502 2129 1808 2190 segregant.
1848 2123 1933 2177 vel

374 2196 578 2264 templa
612 2197 896 2256 claudunt.
931 2201 1113 2268 Quare
1140 2204 1232 2273 qui
1264 2207 1347 2261 sic
1381 2211 1712 2279 segregavit,
1751 2227 1932 2281 segre~

372 2292 608 2360 gahitur.
632 2293 735 2360 Qui
766 2308 950 2352 autem
984 2301 1254 2368 templum
1303 2303 1528 2368 clausit,
1585 2305 1711 2377 plus
1765 2323 1932 2377 quam

373 2387 751 2453 segregatione
772 2391 1053 2458 punietur.
1078 2390 1158 2447 Ne
1207 2394 1414 2451 dixeris
1456 2406 1638 2453 autem
1698 2415 1795 2470 per
1843 2417 1934 2454 ar-

372 2487 693 2544 gumentum
728 2495 758 2534 a
791 2485 1071 2567 contrario
1119 2496 1398 2555 sumptum
1428 2504 1536 2543 non
1589 2493 1771 2559 puniri
1816 2493 1931 2563 epi-

374 2584 626 2639 scopum,
649 2574 739 2641 qui
763 2590 872 2629 non
897 2586 1114 2644 propter
1139 2584 1295 2647 turpe
1323 2581 1536 2634 lucrum
1562 2582 1645 2635 vel
1666 2583 1933 2653 privatam

374 2660 743 2731 affectionem,
783 2666 877 2721 sed
904 2666 1029 2734 jure
1057 2678 1311 2740 segregat
1343 2672 1559 2740 aliquos
1590 2676 1675 2729 vel
1731 2675 1933 2745 templa

375 2753 624 2808 claudit:
663 2756 756 2810 sed
781 2769 1162 2827 argumentum
1195 2776 1225 2815 a
1280 2763 1563 2818 contrario
1625 2768 1815 2835 accipe
1866 2766 1937 2822 ad

379 2843 526 2898 solas
567 2847 994 2916 segregationes.
1034 2849 1342 2921 Episcopus
1375 2854 1546 2918 enim,
1569 2854 1660 2924 qui
1690 2871 1755 2910 ex
1796 2872 1937 2926 qua-

378 2949 602 3003 cunque.
657 2939 773 2993 sive
816 2939 963 3008 jnsta
1011 2943 1126 2998 sive
1177 2945 1379 3013 injusta
1420 2961 1611 3012 causa,
1676 2950 1936 3019 templum

377 3027 608 3090 claudit,
645 3030 925 3098 punietur,
960 3041 1017 3087 ut
1056 3034 1188 3089 mihi
1221 3036 1443 3105 quidem
1498 3038 1737 3107 videtur,
1793 3040 1937 3097 sicut
1965 3093 1981 3101 -

376 3118 630 3184 superius
656 3122 860 3178 dictum
892 3134 997 3179 est.

856 3214 1036 3269 Altera
1072 3217 1464 3286 interpretatio.

450 3299 695 3357 Prasens
743 3305 963 3375 quidem
1010 3318 1244 3378 quartus
1295 3326 1470 3365 canon
1525 3313 1594 3367 ab
1646 3314 1798 3370 omni
1840 3330 1938 3371 ex-

376 3394 620 3458 actione,
663 3399 840 3465 turpis
873 3398 1009 3453 lucri
1041 3401 1242 3470 gratia,
1272 3403 1506 3459 clericos
1562 3405 1777 3466 liberat.
1816 3421 1939 3475 qum

379 3485 448 3539 ab
481 3487 843 3549 antistitibus.
892 3495 985 3561 qui
1044 3492 1181 3546 locis
1241 3505 1504 3564 praesunt,
1568 3498 1933 3567 excogitatur.

381 3574 694 3629 Secundum
734 3587 938 3643 autem,
981 3582 1223 3646 tertium,
1266 3592 1525 3651 quartum
1570 3597 1624 3640 et
1679 3587 1935 3656 quintum

377 3678 546 3737 Caput
576 3668 670 3724 lib.
699 3685 779 3735 ιιι,
809 3672 894 3727 tit.
925 3675 979 3735 3,
1004 3674 1225 3731 Basilio.
1263 3692 1441 3746 neque
1482 3688 1807 3735 metatorum
1834 3681 1937 3736 da-

376 3761 645 3829 tionibus,
665 3779 840 3835 neque
865 3768 1137 3834 personali
1171 3785 1416 3833 munere,
1451 3772 1531 3827 vel
1564 3773 1691 3829 ullis
1711 3775 1938 3829 omnino

379 3854 610 3923 publicis
635 3858 895 3912 oneribus
924 3859 1155 3915 clericos
1180 3862 1439 3919 astrictos
1469 3881 1593 3920 esse
1610 3865 1935 3933 decernunt,

379 3945 474 3999 Sed
507 3955 635 4001 nota
672 3949 884 4016 publica
917 3952 1118 4005 tributa
1153 3968 1327 4023 eaque
1357 3957 1475 4010 sola
1528 3959 1784 4026 pendere.
1813 3957 1936 4014 Jam

378 4051 510 4090 vero
553 4037 697 4101 inter
751 4038 1110 4105 imperatores
1142 4043 1505 4101 celebraudus
1530 4048 1785 4104 dominus
1822 4048 1938 4103 Ma-

380 4130 507 4183 nuel
541 4130 877 4195 Comncnus,
915 4147 1012 4201 per
1038 4133 1243 4188 Bullam
1285 4136 1516 4192 Auream
1580 4154 1769 4194 mense
1797 4140 1931 4196 Feb.

384 4221 690 4279 indictione
721 4241 817 4289 vu,
854 4240 951 4279 an.
980 4225 1126 4281 6600
1186 4228 1465 4294 emissam,
1507 4231 1783 4287 concessit
1814 4246 1936 4287 om-

382 4313 545 4372 nibus
573 4316 971 4382 sacerdotibus,
1007 4323 1098 4387 qui
1151 4317 1329 4373 ubivis
1369 4318 1651 4376 Romaniae
1668 4321 1937 4377 .locorum

383 4406 651 4472 assident,
680 4416 735 4462 et
763 4409 977 4477 publica
1041 4423 1198 4464 sacra
1250 4420 1536 4481 peragunt,
1580 4428 1689 4467 non
1757 4414 1935 4468 solum

382 4500 451 4552 ab
479 4499 628 4553 omni
656 4514 823 4554 onere
853 4501 1071 4569 publico
1122 4507 1540 4559 excusationem
1575 4507 1800 4569 habere,
1836 4510 1932 4564 sed

379 4590 544 4642 etiam
594 4589 1001 4645 immunitatem
1062 4591 1428 4662 jugationum.
1505 4593 1637 4652 Post
1708 4598 1935 4668 aliquod

382 4688 566 4736 autem
613 4690 831 4751 tempus
871 4684 953 4738 eis
985 4698 1200 4753 quoque
1254 4686 1487 4755 largitus
1541 4697 1626 4744 est
1679 4690 1939 4747 immuni-

382 4782 549 4828 tatem
585 4774 780 4843 capitis
844 4778 1046 4846 quarti,
1088 4778 1305 4834 etiamSi
1342 4795 1451 4835 non
1513 4781 1627 4836 sint
1657 4799 1724 4838 ex
1780 4783 1940 4855 juga-

380 4863 532 4918 tione
552 4881 674 4933 qua!
702 4868 771 4921 ait
804 4869 887 4924 eis
917 4867 1118 4924 dantur
1171 4870 1397 4926 tributa.
1432 4872 1636 4931 Dictam
1694 4885 1873 4932 autem
1903 4894 1933 4934 a

380 4955 617 5026 publicis
648 4961 969 5017 muneribus
1002 4962 1418 5019 excusationem
1443 4964 1593 5022 dedit
1648 4968 1928 5035 omnibus,

383 5049 476 5119 qui
509 5049 563 5104 in
595 5053 972 5120 personalibus
1012 5054 1400 5131 ecclesiasticis
1418 5064 1475 5113 et
1520 5061 1924 5116 monasteriali-

2028 568 2156 620 κεφ.
2208 552 2277 617 ιζ’
2339 552 2435 606 τοῦ
2469 558 2527 608 α’
2561 554 2744 606 τίτλου
2784 551 2877 606 τοῦ
2918 558 2967 622 γ’
3004 552 3209 624 βιβλίου
3239 554 3348 607 τῶν
3376 553 3590 607 Βασιλι-

2028 645 2163 706 κῶν,
2193 647 2331 717 ὅπερ
2351 646 2467 699 ἐστὶ
2494 646 2683 717 Νεαρά
2711 646 3165 709 ’1ουστινιάνειος,
3196 646 3356 710 λέγον
3383 645 3589 707 οὕτως’

2029 738 2172 791 Πᾶσι
2201 737 2256 790 δὲ
2298 738 2412 800 τοῖς
2440 724 2764 801 ἐπισκόποις
2793 737 2886 790 καὶ
2917 736 3311 806 πρεσϐυτέροις
3344 738 3590 804 ἀπαγορ-

2029 827 2228 896 εύομεν
2279 828 2356 894 μὴ
2402 830 2687 898 ἀφορίζειν
2736 829 2859 883 τινὰ
2911 830 3008 900 τῆς
3069 829 3235 895 ἀγίας
3282 828 3588 891 κοινωνίας,

1990 920 1993 923 ’
2031 919 2163 985 πρὶν
2182 920 2332 973 αίτία
2373 920 2561 993 δειχθῇ
2584 921 2653 973 δι’
2678 922 2747 992 ἢν
2775 923 2825 974 οί
2856 921 3150 991 ἐκκλησίας
3187 919 3409 981 κανόνες
3433 918 3592 972 τοῦτο

2031 1010 2281 1078 γίνεσθαι
2333 1011 2645 1065 κελεύουσιν
2675 1029 2689 1042 ο
2725 1014 2774 1064 εἰ
2822 1013 2886 1067 δὲ
2934 1030 3018 1076 τις
3080 1012 3232 1078 παρά
3278 1010 3451 1063 ταῦτα
3493 1011 3591 1079 τῆς

2032 1103 2195 1172 ἁγίας
2256 1104 2537 1168 κοινωνίας
2593 1104 2816 1174 χωρίσει
2869 1106 3031 1166 τινὰ,
3086 1106 3290 1165 ἐκεῖνος
3358 1103 3475 1168 μὲν,
3531 1101 3592 1164 ὃς

2031 1194 2231 1253 ἀδίκως
2275 1196 2373 1263 τῆς
2427 1194 2587 1260 ἁγίας
2636 1196 2920 1258 κοινωνίας
2979 1195 3277 1265 ἐχωρίσθη,
3328 1193 3591 1258 λυομένου

2030 1284 2129 1337 τοῦ
2167 1284 2447 1356 χωρισμοῦ
2480 1286 2586 1339 ὑπὸ
2621 1285 2715 1339 τοῦ
2766 1285 3011 1350 μείζονος
3058 1285 3270 1356 ίερέως,
3302 1284 3401 1354 τῆς
3429 1283 3593 1351 ἁγίας

2033 1375 2305 1441 ἀξιούσθω
2335 1377 2641 1441 κοινωνίας.
2685 1378 2745 1431 '0
2803 1378 2861 1431 δὲ
2911 1377 3114 1441 ἀδίκως
3159 1378 3280 1430 τινὰ
3304 1377 3405 1446 τῆς
3432 1376 3594 1444 ἁγίας

2032 1468 2316 1531 κοινωνίας
2347 1470 2580 1538 χωρίσαι
2607 1469 2907 1539 τολμήσας,
2952 1470 3087 1522 πᾶσι
3115 1468 3338 1538 τρόποις
3359 1467 3464 1533 ὑπὸ
3486 1466 3584 1520 τοῦ

2033 1559 2245 1630 ἱερέως,
2269 1561 2359 1628 ὑφ’
2398 1561 2459 1614 δν
2494 1561 2773 1625 τέτακται,
2812 1560 3210 1632 χωρισθήσεται
3257 1558 3357 1629 τῆς
3403 1549 3597 1611 κοινω-

2033 1649 2170 1713 νίας,
2202 1651 2291 1719 ἐφ’
2315 1650 2438 1704 ὅσον
2470 1651 2661 1721 χρόνον
2714 1651 2918 1714 ἐκεῖνος
2948 1650 3135 1722 συνίδῃ
3157 1666 3172 1682 ο
3204 1650 3291 1703 ἴνα
3314 1650 3450 1721 ὅπερ
3483 1647 3599 1701 ἀδί-

2034 1760 2144 1805 κως
2172 1743 2417 1806 ἐποίησε,
2438 1743 2657 1807 δικαίως
2681 1743 2968 1813 ὑπομείνῃ.
2998 1742 3313 1811 Σημείωσαι
3337 1741 3427 1794 τὸν
3459 1758 3600 1811 παρ-

2034 1835 2162 1888 όντα
2188 1836 2406 1899 κανόνα,
2440 1834 2527 1889 διὰ
2560 1834 2956 1897 ταυτοπαθείας
2978 1833 3276 1897 κολάζοντα
3327 1832 3455 1896 τοὺς
3475 1836 3599 1884 ὲπι-

2035 1928 2289 1989 σκόπους,
2323 1927 2447 1989 τοὺς
2473 1927 2615 1980 κατὰ
2644 1926 2917 1995 πρόφασιν
2947 1925 3388 1995 αἰσχροκερδείας
3411 1924 3443 1993 ἢ
3470 1924 3602 1977 ίδιο-

2034 2017 2259 2080 παθείας
2292 2015 2649 2086 ἀφορίζοντας
2701 2017 2766 2069 ὲκ
2809 2016 2918 2070 τῶν
2964 2016 3054 2069 ὑπ’
3084 2015 3281 2079 αὐτούς
3343 2032 3518 2079 τινας,
3565 2017 3598 2085 ἦ

2034 2111 2251 2171 κλείσας
2278 2108 2443 2172 ναούς
2462 2123 2477 2139 ⁸
2506 2108 2645 2162 ὥστε
2668 2110 2695 2161 6
2729 2106 2901 2171 οὕτως
2924 2108 3206 2177 ἀφορίσας,
3239 2106 3599 2180 ἀφορισθήσε-

2032 2220 2124 2257 ται
2148 2222 2162 2236 ·
2195 2203 2224 2255 6
2270 2201 2327 2255 δὲ
2364 2202 2584 2265 κλείσας
2621 2200 2750 2256 ναὸν
2780 2201 2874 2254 καὶ
2925 2201 3105 2253 πλεῖον
3149 2201 3245 2254 τοῦ
3290 2202 3601 2272 ἀφορισμοῦ

2034 2295 2450 2365 κολασθήσεται.
2506 2294 2599 2366 Μὴ
2646 2294 2809 2368 είπῃς
2857 2295 2913 2347 δὲ
2959 2294 3017 2358 ἐξ
3068 2294 3477 2365 ἀντιδιαστολῆς
3523 2294 3602 2363 μὴ

2034 2386 2359 2452 κολάζεσθαι
2401 2386 2493 2441 τὸν
2549 2387 2869 2448 ἐπίσκοπον,
2896 2384 2988 2438 τὸν
3020 2384 3094 2457 μὴ
3146 2386 3234 2439 διὰ
3280 2386 3605 2457 αίσχροκέρ-

2033 2481 2182 2532 δειαν
2227 2480 2259 2549 ἢ
2290 2480 2376 2532 διὰ
2413 2478 2744 2532 ἱδιοπὰθειαν
2766 2518 2782 2541 ,
2836 2477 2950 2530 ἀλλ’
3003 2478 3239 2545 εὐλόγως
3272 2478 3604 2549 ἀφορίζοντά

2033 2586 2209 2635 τινας,
2234 2569 2268 2638 ἢ
2291 2569 2541 2623 κλείοντα
2572 2568 2733 2632 ναούς
2762 2568 2873 2640 (20)
2892 2585 2907 2600 ο
2936 2568 3071 2625 ἀλλά
3103 2569 3164 2623 τὸ
3189 2570 3247 2635 ἐξ
3271 2569 3605 2624 ἀντιδιαστο-

2034 2663 2131 2731 λῆς
2194 2661 2425 2716 ὲκλαὸοὖ
2483 2662 2567 2723 είς
2601 2662 2794 2730 μόνους
2831 2663 2957 2724 τοὺς
3006 2660 3380 2731 ἀφορισμούςο
3431 2662 3459 2712 6
3492 2662 3602 2730 γὰρ

2037 2754 2232 2809 κλείων
2271 2754 2397 2807 ναὸν
2429 2754 2724 2816 ἐπίσκοπος
2748 2754 2805 2819 ἐξ
2830 2752 3156 2823 οίουδήτινος
3181 2753 3404 2821 εὐλόγου
3438 2752 3470 2824 ἢ
3496 2770 3600 2805 πα-

2040 2847 2267 2919 ραλόγου
2319 2847 2543 2918 τρόπου,
2571 2847 2647 2911 ὡς
2677 2847 2801 2919 ἐμοὶ
2836 2847 3004 2913 δοκεῖ,
3037 2846 3435 2920 κολασθήσεται
3458 2846 3598 2918 (2|),

2037 2940 2112 3004 ὡς
2144 2940 2351 2995 ἀνωθεν
2386 2940 2628 3011 εἴρηται.
3520 2978 3521 2981 η

2554 3212 2758 3280 Ἑτέρα
2794 3212 3095 3282 ἑρμηνεία.

2120 3309 2180 3363 ’0
2209 3309 2308 3381 μὲν
2356 3309 2547 3378 παρὼν
2576 3306 2618 3361 δ’
2662 3309 2842 3361 κανὼν
2886 3307 3217 3362 ἀπαλλάττει
3241 3309 3365 3372 τοὺς
3400 3308 3595 3378 κληρι-

2036 3404 2166 3465 κοὺς
2198 3402 2379 3470 πάσης
2406 3399 2821 3470 αἰσχροκερδῶς
2844 3400 3179 3465 εἰσπράξεως
3205 3400 3600 3469 ὲπινοουμὲνης

2037 3496 2188 3566 παρά
2212 3495 2321 3548 τῶν
2350 3492 2489 3547 κατά
2529 3492 2731 3553 τόπους
2770 3492 3070 3561 ἀρχιερέων
3092 3508 3107 3525 ο
3151 3492 3211 3546 τὸ
3248 3492 3305 3547 δὲ
3336 3494 3405 3563 β’,
3439 3499 3507 3562 γ’,
3558 3494 3601 3546 δ’

2039 3605 2165 3654 κεφ.
2196 3583 2291 3640 τοῦ
2318 3585 2367 3653 γ’
2392 3583 2572 3637 τίτλου
2621 3583 2715 3637 τοῦ
2749 3582 2797 3650 γ’
2860 3582 3070 3652 βιϐλίου
3136 3584 3244 3637 τῶν
3296 3584 3599 3640 Βασιλικῶν

2036 3678 2348 3750 διορίζεται,
2385 3678 2521 3745 μήτε
2576 3678 2823 3745 μετάτων
2853 3676 3055 3738 δόσεσι,
3087 3677 3224 3746 μήτε
3277 3684 3599 3750 προτωπικῇ

2037 3767 2346 3837 λειτουργίᾳ
2387 3766 2523 3835 μήτε
2568 3763 2752 3827 ἁπλῶς
2794 3764 3152 3835 οίαισδήτισιν
3194 3765 3481 3834 ἐπηρείοις
3506 3765 3603 3834 δη·-

2042 3860 2330 3929 μοσιακαῖς
2386 3856 2512 3920 τοὺς
2559 3854 2851 3925 κληρικοὺς
2884 3853 3223 3918 ὑποκεῖσθαι,
3250 3854 3383 3908 ἀλλά
3424 3857 3516 3909 καὶ
3535 3857 3603 3910 τὰ

2037 3950 2353 4017 ἐγνωσμένα
2416 3946 2724 4015 δημοσιακὰ
2780 3945 3085 4014 τελέσματα
3143 3948 3238 3997 καὶ
3313 3945 3452 4015 μόνα
3517 3962 3603 3998 τε-
3713 3935 3720 3941 ’

2038 4042 2149 4095 λείν
2196 4041 2342 4112 (2‘2)'
2375 4037 2491 4093 ἀλλ’
2543 4040 2571 4091 6
2625 4037 2956 4105 ἀείμνηστος
3004 4036 3061 4089 ὲν
3096 4036 3375 4105 βασιλεῦσι
3410 4037 3598 4109 κύριος

2037 4132 2295 4203 Μανουὴλ
2330 4133 2359 4186 6
2385 4130 2671 4199 Κομνηνὸς
2701 4130 2789 4182 διὰ
2815 4128 3208 4199 χρυσοὸούλλου
3241 4130 3600 4195 ἀπολυθέντος

2038 4228 2180 4282 κατὰ
2205 4227 2295 4280 τὸν
2338 4225 2700 4295 Φεϐρουάριον
2729 4220 2873 4291 μῆνα
2904 4221 3005 4290 τῆς
3055 4223 3100 4287 ζ’
3144 4224 3473 4285 ίνδικτιῶνος
3505 4225 3601 4277 τοῦ

2041 4328 2129 4391 ςχ¹
2189 4321 2343 4384 ἔτους
2403 4318 2830 4388 ἐφιλοτιμήσατο
2897 4317 3028 4369 πᾶσι
3094 4318 3205 4380 τοῖς
3263 4319 3602 4389 ὁπουδήποτε

2038 4418 2148 4471 τῶν
2177 4417 2370 4489 χωρῶν
2392 4416 2491 4485 τῆς
2530 4415 2833 4484 Ῥωμανίας
2884 4415 3355 4485 προσκαθημένοις
3398 4418 3603 4486 ίερεῦσι

2041 4511 2133 4563 καὶ
2148 4509 2497 4580 δημοσιακοῖς
2528 4508 2795 4568 τελεσταῖ,
2814 4505 2933 4562 οὖσι
2984 4510 3058 4578 μὴ
3091 4509 3251 4579 μόνον
3282 4507 3600 4574 ὲξκουσείαν

2040 4605 2219 4672 πάσης
2249 4604 2585 4672 δημοσιακῆς
2618 4601 2901 4671 ἐπηρείας,
2932 4601 3069 4656 ἀλλά
3104 4603 3197 4657 καὶ
3235 4604 3476 4659 ἀτέλειαν
3506 4603 3600 4657 τοῦ

2039 4696 2404 4763 ζευγολογίου.
2434 4695 2588 4749 Μετὰ
2625 4694 2681 4747 δέ
2713 4710 2834 4747 τινα
2860 4695 3049 4764 καιρὸν
3080 4696 3453 4767 ἀπεχαρίσατο
3472 4697 3601 4749 toxi-

2038 4805 2149 4849 τοις
2176 4786 2312 4856 μετά
2343 4787 2505 4856 δοχῆς
2537 4784 2782 4838 ἀτέλειαν
2828 4803 2956 4856 κεφ.
2984 4785 3047 4849 δ’,
3076 4787 3176 4840 κᾶν
3219 4788 3293 4857 μὴ
3344 4789 3450 4851 ἀπὸ
3478 4791 3605 4853 ζευ-

2039 4879 2288 4948 γολογίου
2317 4872 2417 4931 ὦσι
2454 4878 2521 4931 τὰ
2539 4877 2791 4947 διδόμενα
2827 4880 2977 4949 παρὰ
3009 4880 3215 4933 τούτων
3228 4882 3597 4952 τελεσμάτων.

2042 4972 2153 5042 Τὴν
2180 4971 2235 5024 δὲ
2259 4969 2516 5040 ῥηθεῖσαν
2542 4968 2850 5039 φιλοτιμίαν
2894 4973 2992 5038 τῆς
3029 4971 3340 5038 ὲξκουσείας
3373 4972 3479 5025 τῶν
3509 4973 3597 5043 δη-

2033 5063 2307 5136 μοσιακῶν
2332 5062 2604 5132 ἑπηρειῶν
2647 5064 3020 5136 ἀπεχαρίσατο
3050 5068 3143 5119 καὶ
3193 5070 3305 5131 τοῖς
3358 5071 3414 5121 ἐν
3466 5069 3603 5124 πᾶσι

1588 5170 1783 5235 Guill.
1817 5174 2143 5256 Beveregii
2176 5179 2360 5238 notae;

455 5297 567 5365 (ΞΟ)
623 5298 693 5351 Ἣ
743 5299 1060 5364 κλείοντος
1116 5301 1323 5366 ναούς.
1396 5302 1523 5356 Post
1605 5303 1718 5358 haec
1762 5304 1928 5360 verba

382 5366 709 5444 Parisiensis
742 5369 913 5444 editio
941 5368 1114 5444 addit,
1153 5370 1323 5444 ἧγουν
1354 5372 1428 5444 μὴ
1462 5372 1928 5444 παραχωροῦντας

382 5387 709 5423 rartstensts
742 5387 913 5422 eutuo
941 5387 1114 5453 auutt,
1153 5387 1323 5493 qLow
1354 5387 1428 5454 p.71
1456 5389 1927 5456 παραχωρουντας

378 5438 775 5504 δοξολογείσθαι
800 5439 1017 5502 αὐτους,
1064 5453 1151 5491 seu
1240 5457 1357 5493 eum
1381 5459 1434 5494 ut
1458 5443 1538 5495 Im
1574 5444 1784 5497 laudari
1824 5461 1927 5497 non

382 5511 600 5585 sinunt;
631 5523 750 5585 qua:
776 5509 894 5585 i_sti_s
929 5508 1106 5585 verbis
1125 5509 1435 5585 jn‘capone
1467 5513 1818 5585 respondent,
1851 5512 1925 5585 μή

380 5578 715 5653 γίνεσθαιηὲν
743 5577 900 5653 αὐτῇ
919 5578 1018 5642 τὰς
1056 5576 1153 5653 τοῦ
1177 5579 1312 5653 βεοῦ
1352 5576 1715 5653 λειτουργίας.

454 5648 581 5719 (ειλ
608 5649 715 5719 Καὶ
757 5648 967 5719 πλεῖον
1011 5648 1115 5701 τοῦ
1136 5649 1495 5719 Δἀφορισμοῦ
1535 5648 1927 5719 ’κολασθήσε-

385 5734 498 5791 tot.
546 5717 743 5791 Editiog
769 5717 1090 5791 Parisiensis
1134 5717 1315 5791 legit._
1344 5721 1447 5791 οὐκ
1502 5717 1928 5791 ἀφορισθήσεται

394 5788 575 5860 μόνον,
623 5788 760 5843 ἁλλά
801 5788 1060 5852 πλειόνως
1126 5788 1563 5861 κολασθήσεται,
1601 5788 1703 5845 non
1744 5788 1918 5845 solum

2036 5311 2415 5381 segregabitur,
2454 5310 2545 5364 sed
2567 5312 2725 5366 etiam
2757 5313 2924 5381 magis
2946 5312 3210 5378 punietur.

2103 5380 2217 5448 (22)
2257 5382 2428 5434 Mdra
2457 5382 2673 5437 τελεῖν.
2701 5380 3219 5449 [ιοροίειξιιιιοιιιὶυιη
3247 5383 3415 5437 editio
3450 5383 3596 5438 Pari-

2034 5448 2385 5521 sieusis‘sie
2422 5450 2600 5513 habet,
2659 5452 2719 5504 '0
2752 5448 2965 5521 μέντοιξ
2984 5452 3243 5517 κραταιὸς
3296 5456 3389 5505 καὶ
3435 5454 3588 5521 ἅγιος

2032 5519 2189 5594 ᾑμῷν
2216 5517 2500 5594 Δβασιλεὺς
2545 5520 2671 5594 διάῳ
2714 5517 3180 5594 χρυσουσοιίλλου-
3218 5517 3596 5594 προσκυνητνοῦ

2032 5582 2404 5673 ἀπολυθέντας
2427 5582 2570 5673 κατα
2604 5582 3137 5673 μῆνᾶἶιξεβρουάριον
3170 5582 3496 5673 ἰνδίκξιιρνος
3520 5593 3587 5657 ζ’,

2030 5658 2454 5728 εφιλοτιμήσατο
2475 5657 2630 5726 πᾶσι,
2661 5657 2769 5716 etc.
2789 5657 2860 5715 Ut
2883 5657 2935 5716 in
2956 5657 3061 5717 ins.
3085 5660 3595 5724 uostrozBodletauo

2035 5725 2125 5781 hic
2150 5725 2438 5799 impresso.
