4062 6456
443 381 546 447 891
1561 387 1640 449 IN
1686 387 1852 448 CAN.
1884 387 1958 449 IV
1992 389 2269 452 SYNODI
2297 391 2404 452 vn
2435 394 2785 458 (ECUMEN.
3573 405 3680 469 898

443 499 813 573 προσωπικοῖς
870 499 1341 569 ἐκκλησιαστικόῒς
1408 500 1502 553 καὶ
1552 501 1990 572 μοναστηριακοῖι

2115 503 2218 557 bus
2237 505 2508 570 assident,
2547 509 2960 578 sacerdotibus;
2992 512 3088 567 sed
3149 514 3502 585 publicorum
3557 524 3683 592 qui-

443 594 916 675 προσκαθημένοις
943 592 1145 663 ἱερεῦσι
1169 608 1183 622 ο
1217 593 1358 663 πλὴν
1395 592 1503 646 τῶν
1533 592 1634 662 μὲν
1656 594 1990 664 δημοσιακῶτ

2115 594 2237 649 dem
2292 599 2638 654 sacerdotum
2694 604 3056 669 quantitatem
3103 604 3479 678 descriptione
3537 610 3682 670 facta

444 688 633 758 ἱερέων
664 688 764 756 τὴν
796 687 1066 757 ποσότητα
1087 687 1175 741 διὰ
1224 689 1555 760 ἀπογραφῆς
1606 688 2008 761 ἑστενοχώρησε

438 781 530 835 διὰ
553 781 651 850 τὴν
674 780 835 850 δοχὴν
862 780 973 834 τῶν
1023 780 1494 851 συμπαθηθέντων
1532 781 1880 851 τελεσμάτων
1911 782 2010 837 αύ-

438 872 570 935 τῶν,
630 872 772 925 ὥστε
810 875 889 935 είς
944 873 1004 926 τό
1057 872 1186 942 ἑξῆς
1235 872 1313 943 μὴ
1366 871 1733 938 αὐξάνεσθαιο
1794 873 1920 936 τοὺς
1950 873 2008 927 δὲ

440 961 826 1030 προσωπικοὺς
871 964 965 1017 καὶ
990 963 1210 1026 λοιποὺς
1243 964 1408 1034 ἱερεῖς
1433 964 1533 1016 οὐκ
1582 964 1839 1035 εὐδόκησε
1870 964 2008 1018 ἀπο-

438 1056 715 1124 γραφῆναι
740 1056 974 1119 πάντως,
1020 1055 1109 1108 διὰ
1137 1055 1196 1107 τδ
1228 1054 1364 1126 μηδὲ
1384 1055 1619 1123 ὀφείλειν
1648 1055 1893 1123 γίνεσθαι
1918 1054 2004 1108 δο-

437 1148 537 1218 χὴν
567 1149 705 1218 ὑπὲρ
732 1147 959 1201 τούτων.
993 1148 1102 1201 Καὶ
1158 1148 1299 1216 μετά
1331 1164 1483 1211 τινας
1514 1148 1761 1218 χρόνους,
1815 1146 2006 1217 ἱερέων

435 1239 598 1293 τινῶν
617 1240 964 1310 δημοσιακῶν
989 1241 1424 1309 ὑπερϐαινόντων
1453 1242 1550 1312 τὴν
1578 1242 1851 1308 ποσότητα
1870 1240 2001 1304 τῶν,

434 1332 508 1395 ὡς
539 1331 777 1402 εἴρηται,
829 1335 1126 1401 γεγονυιῶν
1159 1334 1518 1405 ἀπογραφῶν,
1573 1336 1666 1388 καὶ
1697 1334 2005 1403 ἑλκομένων

435 1429 514 1490 εἱς
553 1425 805 1480 ἀπόδοσιν
834 1427 1099 1496 πλωῖμων
1132 1426 1225 1482 καὶ
1260 1426 1461 1480 λοιπῶν
1491 1427 1842 1497 δημοσιακῶν
1872 1429 2006 1491 ἐπη-

439 1518 616 1587 ρειῶν,
656 1518 979 1588 ὑπεμνήσθη
1010 1520 1038 1570 6
1083 1519 1342 1588 κραταιὸς
1380 1520 1475 1573 καὶ
1531 1520 1683 1586 ᾶγιος
1718 1518 1877 1587 ἡμῶν
1908 1517 2005 1585 βα·-

436 1609 612 1673 σιλεὺς
637 1610 787 1680 παρὰ
818 1610 911 1664 τοῦ
963 1612 1082 1663 τότε
1111 1612 1419 1679 άγιωτάτου
1456 1610 1797 1681 πατριάρχου
1832 1608 2001 1680 κυροῢ

433 1704 635 1764 Λουκᾶ,
691 1706 786 1758 καὶ
819 1704 1158 1775 συνεξητήθη
1193 1704 1332 1759 κατὰ
1379 1704 1679 1774 πρόσταξιν
1713 1703 2002 1773 βασιλικὴν

433 1796 481 1846 εἱ
512 1793 828 1864 βοηθοῦνται
867 1796 915 1846 οἱ
938 1793 1169 1847 τοιοῦτοι
1211 1795 1535 1865 δημοσιακοὶ
1571 1796 1735 1863 ἱερεῖς
1758 1795 1867 1849 ἀπὸ
1905 1795 1999 1849 τοῦ

2113 685 2172 759 in
2235 695 2527 758 angustum
2584 691 2795 763 redegit
2839 702 3063 765 propter
3112 701 3527 769 susceptionem
3596 705 3677 761 eis

2114 791 2501 835 eoneessorum
2565 783 2938 855 vectigalium,
2986 796 3047 843 ut
3105 789 3366 862 deinceps
3415 808 3523 848 non
3577 812 3678 849 au-

2112 878 2340 940 geatur:
2375 864 2692 942 personales
2714 887 2896 933 autem
2944 889 2999 935 et
3051 880 3294 961 reliquos
3356 887 3677 944 sacerdotes

2112 976 2224 1017 non
2253 953 2373 1020 esse
2401 966 2798 1025 describendas
2826 972 2875 1025 ei
2908 972 3086 1027 visum
3112 984 3198 1030 est
3256 956 3502 1041 omnino,
3537 995 3680 1050 quo-

2110 1052 2257 1109 niam
2287 1056 2434 1112 nulla
2460 1074 2559 1129 pro
2595 1062 2661 1113 iis
2684 1076 2808 1117 esse
2834 1064 3061 1120 deberet
3092 1069 3312 1137 penitus
3374 1074 3675 1140 susceptio.

2106 1143 2247 1199 Cum
2288 1157 2468 1203 autem
2521 1152 2802 1221 aliquanto
2860 1165 2984 1225 post
3035 1166 3303 1229 tempore,
3360 1164 3677 1221 sacerdotes

2108 1237 2326 1309 quidem
2358 1239 2582 1309 publici,
2613 1244 2704 1312 qui
2741 1248 3102 1314 quantitatem
3151 1250 3446 1320 factarum,
3481 1267 3539 1309 ut
3597 1257 3680 1310 di-

2108 1340 2258 1385 ctum
2287 1340 2393 1397 est,
2428 1332 2868 1405 descriptionum
2916 1341 3278 1409 excedebant,
3334 1347 3402 1399 ad
3454 1349 3676 1402 nautica

2108 1422 2365 1477 solvenda
2415 1433 2471 1477 et
2528 1426 2739 1496 reliqua
2795 1444 2962 1483 onera
3015 1432 3239 1501 publica
3270 1426 3676 1507 traherentur,

2107 1514 2475 1578 commonitus
2510 1526 2594 1571 est
2629 1527 2825 1587 potens
2869 1530 2922 1574 et
2964 1534 3191 1580 sanctus
3243 1535 3435 1581 noster
3497 1530 3675 1599 impe-

2110 1612 2256 1656 rator
2285 1606 2695 1661 asanctiSsimo
2721 1618 2853 1665 tunc
2905 1616 3168 1682 temporis
3220 1617 3531 1686 patriarcha
3575 1622 3675 1676 do-

2107 1695 2254 1748 mino
2280 1693 2443 1763 Luca,
2482 1707 2537 1752 et
2565 1701 2861 1767 quaesitum
2893 1713 2977 1758 est
3008 1706 3166 1773 jussu
3194 1710 3546 1779 imperatoris
3592 1728 3664 1769 an

2107 1786 2160 1839 bi
2196 1788 2395 1858 publici
2423 1792 2736 1847 sacerdotes
2775 1809 2803 1846 a
2826 1795 2968 1849 dicta
2996 1798 3175 1853 Aurea
3202 1798 3353 1853 Bulla
3385 1803 3670 1871 jurentur,

432 1884 689 1955 ῥηθέντος
741 1885 1157 1955 χρυσοδούλλου,
1198 1864 1291 1949 εἱς
1326 1887 1387 1939 τὸ
1412 1886 1829 1951 ὲξκουσεύεσθαι
1857 1888 1990 1951 τέως

2100 1884 2153 1930 et
2194 1878 2428 1946 publicis
2456 1881 2721 1938 oneribus
2758 1884 2977 1939 interim
3008 1899 3373 1944 excusentur:
3407 1894 3671 1963 synodice

428 1977 538 2032 ἀπὸ
564 1977 673 2031 τῶν
709 1977 1058 2048 δημοσιακῶν
1110 1980 1383 2050 ἑπηρειῶν
1405 1995 1419 2011 ⁸
1449 1976 1749 2046 διεγνὼσθη
1792 1979 1998 2031 συνοδι-

428 2067 541 2129 κῶς
571 2068 714 2138 ἔχειν
739 2069 862 2130 τοὺς
889 2068 1167 2132 τοιούτους
1193 2070 1356 2140 ἱερεῖς
1391 2071 1529 2133 τέως
1552 2071 1650 2139 τὴν
1678 2070 1994 2134 ἐξκουσείαν

427 2160 534 2216 ἀπδ
572 2161 680 2213 τῶν
720 2160 1012 2232 ὲπηρειῶν.
1062 2157 1194 2213 Εἷπε
1249 2160 1358 2229 γὰρ
1398 2162 1431 2227 ἡ
1481 2160 1614 2227 ἁγία
1667 2159 1884 2223 σύνοδος
1911 2160 1993 2212 ὄτι

427 2256 522 2307 καὶ
582 2254 689 2306 ἀπὸ
748 2256 841 2307 τοῦ
900 2252 1209 2323 προοιμίου,
1256 2252 1391 2307 ἀλλὰ
1425 2252 1532 2322 μὴν
1582 2253 1676 2306 καὶ
1730 2253 1840 2305 άπὸ
1895 2253 1989 2306 τοῦ

426 2347 845 2414 ὲξκουσεύεσθαι
903 2347 1111 2409 πάντας
1171 2346 1299 2409 τοὺς
1369 2344 1759 2414 προσωπικοὺς
1821 2345 1991 2417 ἱερεῖς

434 2439 566 2509 μηδὲ
596 2438 1084 2506 ἀπογραφομένους
1122 2438 1448 2504 παρίσταται
1482 2434 1727 2506 ἐναργῶς
1759 2436 1860 2507 τὴν
1891 2437 1990 2507 βα-

428 2529 641 2600 σιλικὴν
667 2530 988 2598 εὐεργεσίαν
1027 2529 1162 2597 πρὸς
1193 2528 1399 2589 πάντας
1429 2528 1827 2597 ὑφαπλωθῆναι
1855 2530 1987 2592 τοὺς

427 2622 621 2693 ἱερεῖς·
670 2621 854 2676 ἄδικον
877 2620 922 2674 δ’
950 2619 1179 2688 ἔφασαν,
1216 2620 1314 2674 καὶ
1344 2619 1444 2689 τῆς
1492 2620 1781 2689 βασιλικῆς
1823 2622 1985 2693 εὐερ-

426 2713 619 2783 γεσίας
668 2712 973 2782 ἀλλότριον,
1003 2710 1227 2774 τούτους
1274 2710 1392 2781 μὲν,
1432 2711 1511 2781 τῷ
1542 2712 1787 2782 δημοσίῳ
1818 2713 1987 2783 μηδὲν

358 2862 363 2867 ί
427 2804 905 2876 ώεισφέροντας,
934 2802 1355 2870 ἑξκουσεύεσθαι
1402 2802 1490 2856 διά
1545 2805 1645 2873 τὴν
1693 2804 1859 2877 τιμὴν
1886 2806 1989 2877 τῆς

426 2899 727 2969 ἱερωσύνης
748 2914 763 2929 ·
794 2897 1038 2960 ἐκείνους
1058 2896 1139 2960 δὲ,
1170 2896 1428 2959 τελεστὰς
1461 2897 1622 2959 ὄντας
1672 2896 1766 2951 τοῦ
1811 2898 1984 2969 δημο-

427 2992 563 3056 σίου,
595 2982 1022 3061 ὲπηρεάζεσθαι,
1052 2988 1148 3042 καὶ
1187 2988 1285 3058 τὴν
1331 2990 1394 3041 ἐκ
1442 2988 1540 3059 τῆς
1576 2990 1875 3060 ἱερωσύνης
1907 2991 1984 3062 μὴ

425 3085 569 3155 ἐχειν
600 3081 949 3153 περίθαλψιν,
980 3080 1109 3135 ἀλλά
1150 3080 1293 3134 κατὰ
1340 3080 1466 3143 τοὺς
1516 3080 1735 3144 λαῖκοὺς
1765 3081 1986 3136 εὐθύνε-

425 3177 571 3231 σθαι.
610 3174 721 3228 Καὶ
749 3174 1022 3243 ἀνάγνωθι
1044 3173 1106 3227 τὸ
1137 3172 1281 3228 κατά
1316 3173 1406 3227 τὸν
1445 3173 1664 3278 Ἰούλιον
1701 3176 1848 3245 μῆνα
1868 3176 1980 3278 ’τῆς
2011 3215 2057 3278 C

423 3275 474 3322 a'
496 3267 826 3330 ἱνδικτιῶνος
854 3265 951 3319 τοῦ
990 3270 1102 3335 ςχ’,
1127 3266 1282 3330 ἔτους
1318 3267 1544 3333 γεγονὸς
1586 3267 1749 3337 χάριν
1790 3266 1981 3319 τούτου

426 3358 698 3412 συνοδικὸν
731 3374 797 3426 ση
806 3357 1042 3427 μείωμα.
1802 3354 1805 3357 ’

496 3451 739 3506 ΖΩΝΑΡ.
781 3449 856 3504 Τδ
885 3451 1134 3503 ἀπαιτεῖν
1162 3447 1253 3501 τὸν
1299 3448 1560 3521 ἀρχιερέα
1607 3450 1732 3513 τοὺς
1761 3449 1855 3504 ὑπ’
1888 3451 1989 3504 αὑ-

422 3545 514 3597 τὸν
536 3543 733 3596 διδόναι
762 3558 815 3593 τι
840 3540 989 3610 αὐτῷ
1016 3540 1193 3612 πάντη
1223 3539 1420 3595 κωλύει
1459 3541 1489 3594 6
1537 3540 1739 3607 κανὼν,
1775 3544 1869 3596 καὶ
1894 3544 1986 3596 τὸν

427 3636 598 3706 μέγαν
628 3633 838 3687 Παῦλον
889 3632 1097 3699 εἰσάγει
1141 3633 1401 3700 λέγονταο
1453 3634 1745 3700 Χρυσίου,
1784 3635 1822 3704 ἢ
1879 3636 1988 3703 dp-

422 3727 653 3794 γυρίου,
685 3724 723 3793 ἣ
779 3725 1097 3792 ἱματισμοῦ
1145 3725 1393 3789 οὐδενὸς
1419 3724 1789 3795 ἐπεθύμησα,
1820 3728 1987 3780 τύπον

425 3817 615 3869 ἑαυτὸν
647 3816 741 3869 καὶ
774 3815 1075 3884 ὑπόδειγμα
1119 3814 1254 3867 πᾶσι
1292 3809 1524 3880 διδόντα,
1564 3816 1647 3868 ὅτι
1690 3816 1830 3870 οὕτω
1878 3817 1987 3887 χρὴ

422 3914 549 3972 τοὺς
580 3908 803 3970 πιστοὺς
862 3904 1287 3976 ἀνατρέφεσθαι,
1317 3907 1412 3958 καὶ
1462 3907 1769 3970 κοπιῶντας
1828 3910 1980 3962 ἀντι·

423 3998 796 4066 λαμϐάνεσθαι
847 3996 955 4049 τῶν
1016 3995 1296 4049 ἀσθενῶν*
1357 3998 1601 4064 ἀσθενεῖς
1639 4001 1873 4054 ἐνταῦθα
1920 4001 1983 4054 οὐ

420 4090 546 4152 τοὺς
589 4086 874 4150 νοσοῦντας
917 4086 1113 4157 δηλῶν,
1149 4087 1283 4143 ἀλλὰ
1342 4089 1545 4152 πάντας
1577 4092 1702 4153 τοὺς
1736 4090 1986 4161 ὁπωσδή-

421 4198 547 4235 ποτε
579 4180 864 4249 δεομένους
898 4178 1102 4243 ὲλέους.
1122 4179 1180 4231 Εἰ
1205 4179 1261 4232 δὲ
1286 4181 1421 4234 πᾶσι
1452 4180 1622 4234 ταῦτα
1650 4181 1978 4246 ἐντέλλεται,

420 4271 600 4342 πολλῷ
632 4271 832 4342 μᾶλλον
860 4270 925 4325 ἂν
953 4273 1065 4333 τοῖς
1094 4271 1414 4332 ἐπισκόποις
1444 4261 1797 4343 άρμόσουσιν.
1834 4273 1983 4346 Ὀρί-

421 4366 503 4431 ζει
532 4362 625 4419 οὖν
657 4366 731 4436 μὴ
763 4369 1067 4435 προφάσεις
1114 4363 1484 4433 πλαττόμενον
1532 4365 1602 4417 δι’
1657 4368 1983 4438 αἰσχροκερ-

358 4510 361 4513 ,
418 4458 566 4510 δειαν
598 4456 692 4509 τὸν
744 4456 1042 4510 ἐπίσκοπον
1094 4457 1344 4508 ἀπαιτεῖν
1394 4457 1501 4509 ἀπὸ
1545 4457 1653 4511 τῶν
1691 4458 1787 4512 ὑπ’
1818 4461 1981 4512 αὐτὸν

2104 1968 2389 2024 delinitum
2416 1981 2521 2035 est,
2578 1973 2711 2029 tales
2772 1977 3091 2034 sacerdotes
3138 1984 3550 2038 excusationem
3601 1988 3671 2041 ab

2103 2060 2362 2114 oneribus
2387 2060 2607 2117 habere.
2637 2060 2785 2117 Dixit
2816 2067 2966 2120 ettim
2999 2080 3195 2123 sancta
3220 2073 3485 2140 synodus,
3518 2075 3668 2143 quod

2102 2161 2158 2206 et
2186 2166 2252 2206 ex
2281 2155 2571 2222 prooemio.
2603 2166 2737 2211 etex
2772 2172 2837 2212 eo
2885 2159 3071 2227 ctiam,
3122 2163 3267 2233 quod
3319 2180 3509 2221 omnes
3570 2181 3667 2222 ac-

2099 2253 2366 2300 cusantur
2456 2249 2773 2317 personales
2857 2255 3174 2307 sacerdotes
3261 2257 3479 2312 etiamsi
3551 2274 3663 2314 non

2100 2338 2527 2405 describantur,
2591 2341 2875 2399 evidenter
2959 2346 3308 2413 ostenditur,
3387 2351 3669 2420 imperiale

2101 2428 2427 2486 beneﬁcium
2459 2434 2523 2487 ad
2553 2448 2745 2490 omnes
2765 2437 2982 2491 extendi
3019 2442 3357 2495 sacerdotes.
3395 2444 3665 2513 lnjustum

2100 2530 2283 2576 autem
2319 2538 2439 2578 esse
2478 2525 2754 2589 dicebant,
2780 2536 2835 2581 et
2872 2528 2942 2583 ab
2992 2530 3255 2600 imperiali
3308 2535 3667 2590 beneﬁcentia

2098 2613 2360 2681 alienum,
2383 2625 2441 2671 ut
2484 2618 2579 2688 qui
2628 2620 2849 2687 publico
2897 2621 3116 2690 quidem
3161 2625 3298 2677 nihil
3350 2624 3661 2692 conferunt,

2097 2718 2324 2777 propter
2344 2710 2632 2763 sacerdotii
2664 2712 2922 2766 honorem
2949 2726 3316 2770 excusentnr:
3345 2717 3421 2771 illi
3452 2730 3664 2787 autem,

2093 2801 2190 2872 qui
2249 2801 2469 2872 publico
2492 2802 2831 2867 deserviunt,
2884 2807 3288 2875 Opprimantur,
3355 2816 3410 2863 et
3464 2826 3533 2865 ex
3572 2825 3663 2865 sa-

2098 2893 2344 2947 cerdotio
2372 2909 2478 2948 non
2507 2895 2748 2949 habeant
2787 2898 3067 2964 solatium,
3108 2899 3203 2953 sed
3235 2898 3460 2968 perinde
3499 2916 3565 2956 ac
3615 2901 3665 2958 si

2096 2994 2282 3040 essent
2318 2986 2462 3052 laici,
2508 2986 2564 3039 in
2598 2986 2810 3056 judicio
2870 2999 3156 3045 vexentur.
3212 2991 3279 3044 Et
3338 2992 3453 3062 lege
3510 3007 3657 3059 eam,

2095 3092 2218 3146 quae
2254 3077 2305 3131 in
2333 3076 2477 3131 Julio
2518 3094 2705 3134 mense
2733 3080 2908 3149 prima
2951 3081 3258 3138 indictione
3313 3098 3460 3139 anno
3509 3084 3657 3142 6600

2095 3168 2236 3225 facta
2263 3180 2367 3236 est,
2394 3172 2462 3225 de
2496 3177 2594 3226 hac
2626 3188 2683 3227 re
2712 3174 3158 3232 declarationem.

2157 3441 2318 3512 292
2333 3442 2583 3499 ZONAR.
2608 3444 2827 3516 Aliquid
2852 3448 3169 3520 episcopum
3189 3451 3274 3506 sui
3296 3454 3656 3511 emolumenti

2093 3545 2259 3586 causa
2287 3553 2314 3585 ει
2345 3534 2449 3589 sibi
2473 3536 2736 3604 subjectis
2778 3539 2997 3609 exigere
3057 3540 3145 3595 hic
3204 3558 3380 3599 canon
3429 3550 3658 3603 omnino

2092 3633 2259 3689 vetat,
2299 3627 2912 3695 magnumquePaulum
2952 3634 3024 3685 ita
3078 3634 3146 3688 de
3201 3650 3261 3690 se
3336 3640 3652 3705 loquentem

2094 3712 2330 3770 inducit:
2365 3719 2590 3781 Aurum,
2622 3731 2717 3772 aut
2749 3731 3051 3788 argentum,
3087 3734 3181 3776 aut
3218 3736 3410 3779 vestem
3452 3730 3655 3783 nullius

2092 3808 2396 3874 Concupivi;
2430 3816 2489 3862 ut
2547 3825 2648 3863 suo
2704 3811 2945 3879 ipsemet
2970 3816 3246 3883 exetnplo,
3290 3820 3543 3874 onmibus
3586 3822 3653 3875 ad

2051 3894 2417 3950 “innitendum
2466 3900 2791 3969 proposito,
2855 3901 3111 3956 eumdem
3166 3894 3290 3960 vita:
3361 3921 3582 3962 cursum
3621 3925 3653 3965 a

2094 3988 2343 4042 tidelihus
2396 3988 2784 4056 retinendum,
2863 4007 2925 4046 ac
2984 3995 3210 4050 assidue
3260 3996 3653 4057 laborantibus

2090 4076 2429 4130 inﬁrmorum
2472 4092 2661 4133 curam
2712 4081 3118 4148 suscipiendam
3175 4099 3298 4140 esse
3341 4103 3687 4151 commones

2089 4167 2706 4223 faceretzinﬁrmornm
2763 4174 3159 4242 appellatione,
3192 4181 3294 4230 hoc
3347 4177 3489 4243 loco,
3539 4198 3651 4238 non

2088 4261 2181 4330 qui
2206 4260 2396 4315 morbo
2435 4261 2620 4331 aliquo
2656 4272 2937 4327 tenentur,
2965 4266 3057 4320 sed
3099 4282 3291 4323 attines
3331 4270 3428 4340 qui
3480 4272 3651 4329 mise-

2088 4351 2321 4406 ricordia
2404 4355 2908 4425 quoinodocunque
2965 4356 3251 4426 indigent,
3306 4362 3642 4433 intelligens.

2088 4444 2241 4511 Quod
2274 4444 2319 4501 si
2354 4444 2467 4501 haec
2508 4434 2795 4502 universis
2830 4448 2910 4505 ita
2973 4452 3312 4522 prmeipitur,
3368 4471 3430 4509 ea
3478 4459 3653 4514 multo

418 4551 586 4602 ὅντων
623 4548 963 4613 ἐπισκόπων,
998 4544 1355 4617 κληρικῶν,ἢ
1390 4547 1658 4617 μοναχῶν,
1690 4540 1913 4618 χρυσον,

2094 4541 2555 4597 accommodatius
2575 4542 2851 4613 episcopis
2875 4544 3273 4603 arbitrabimur
3332 4552 3647 4608 convenire.

417 4643 676 4712 ἄργυρον,
691 4629 732 4710 ’ἢ
756 4640 942 4708 ἕτερον
959 4634 1117 4702 εἶδος.
1145 4639 1359 4701 Ἄδικος
1386 4639 1514 4709 γὰρ,
1538 4641 1719 4710 φησὶν,
1744 4642 1777 4712 ἡ
1800 4641 1982 4695 τοιαύ-

416 4752 483 4806 τη
509 4735 805 4803 ἀπαίτησις
830 4748 843 4761 ο
876 4732 1069 4786 ἄδικοι
1096 4732 1165 4784 δὲ
1185 4732 1519 4796 βασιλείαν
1551 4733 1698 4787 Θεοῦ
1733 4735 1803 4788 οὐ
1834 4740 1982 4801 κλη-

2089 4632 2294 4688 Statuit
2324 4632 2513 4703 igitur,
2587 4649 2656 4688 ne
2706 4636 2838 4706 quid
2901 4638 3222 4709 episcopus,
3286 4646 3460 4712 turpis
3511 4643 3649 4699 lucri

2085 4726 2255 4795 gratia
2274 4726 2767 4781 commentitiarum
2799 4744 3093 4785 causarum
3123 4732 3387 4798 obtentu,
3448 4748 3478 4788 a
3517 4735 3651 4791 sub-

411 4825 851 4895 ρονομήσουσι.
891 4824 1001 4876 Καὶ
1059 4824 1171 4877 οὐκ
1234 4825 1461 4893 ὀφείλει
1504 4824 1575 4877 τὰ
1624 4822 1808 4878 τέκνα
1855 4825 1979 4891 τοῖς

2094 4817 2237 4879 iectis
2262 4816 2366 4871 sibi
2408 4819 2708 4888 episcopis,
2747 4821 2967 4876 clericis
3007 4834 3105 4877 aut
3157 4826 3471 4893 monachis,
3529 4827 3650 4883 sive

416 4918 661 4988 γονεῦσι
689 4916 1086 4986 θησαυρίζειν.
1110 4917 1247 4971 ἀλλ’
1269 4920 1323 4971 οἱ
1350 4916 1547 4987 γονεῖς
1575 4917 1699 4983 τοῖς
1727 4919 1980 4983 τέκνοις.

418 5011 528 5063 Καὶ
560 5008 733 5062 ταῦτα
776 5008 831 5062 δὲ
861 5005 1192 5061 ἀποστολικᾶι
1223 5010 1290 5060 τά
1337 5008 1495 5078 ῥητά.
1525 5009 1585 5061 Et
1627 5008 1763 5076 γοῦν
1814 5011 1979 5062 ἀπαι-

418 5100 526 5153 τῶν
554 5116 638 5161 τις
670 5098 966 5159 ἐπίσκοπος
1018 5096 1141 5158 τοὺς
1173 5094 1264 5147 ὑπ’
1292 5095 1453 5149 αὑτὸν
1476 5095 1794 5165 οἱονδὴποτε
1829 5095 1976 5165 πρᾶ-

386 5208 558 5261 ,γμα,
613 5190 709 5243 καὶ
743 5190 817 5259 μὴ
875 5186 1144 5250 εὐπειθεῖς
1179 5187 1448 5256 εὑρίσκων
1472 5189 1688 5249 αὐτοὺς,
1723 5186 1979 5256 ἀφορίσει

418 5283 611 5344 αὐτοὺς
635 5280 669 5350 ἢ
703 5281 770 5333 δι’
802 5279 1105 5350 ὲμπάθειαν
1131 5277 1343 5345 ἑτέραν,
1369 5275 1401 5346 ἢ
1428 5275 1633 5329 κλείσει
1659 5275 1806 5338 ναὸν,
1839 5272 1981 5327 ὥστε

422 5374 495 5444 μὴ
515 5372 760 5441 γίνεσθαι
784 5374 843 5425 ὲν
870 5371 1018 5441 αὐτῷ
1040 5371 1136 5432 τὰς
1171 5367 1502 5438 ἱερουργίας,
1530 5371 1610 5429 εἰς
1633 5365 1980 5439 ἀναίσθητον,

415 5467 507 5519 τὸν
544 5466 672 5520 ναὸν
705 5464 927 5535 δηλαδὴ,
957 5464 1055 5535 τὴν
1108 5462 1281 5533 ὀργὴν
1313 5460 1502 5524 αὑτοῦ,
1538 5461 1604 5533 ἢν
1637 5459 1842 5530 μανίαν
1888 5460 1978 5515 διὰ

415 5558 475 5608 τὸ
502 5558 644 5611 πάνυ
673 5557 900 5626 σφοδρόν
935 5558 1030 5608 καὶ
1057 5555 1366 5624 παράλογον
1408 5553 1712 5622 ὠνόμασεν,
1740 5552 1981 5622 ἐπιπέμ-

419 5665 557 5714 πων,
591 5647 913 5718 ἀναίσθητός
943 5646 1078 5709 ἐστι,
1118 5643 1275 5714 φησὶ,
1334 5646 1428 5697 καὶ
1484 5646 1551 5715 τῇ
1608 5641 1982 5712 ταυτοπαθεὶᾳ

416 5740 788 5807 ὑποκείσεται,
815 5740 984 5810 ἤγουν
1039 5738 1488 5811 ἀφορισθήσεται,
1522 5736 1617 5789 καὶ
1662 5735 1690 5789 ὃ
1745 5737 1972 5807 ἐποίησε

380 5896 383 5900 Α
416 5831 564 5901 πάθῃ
596 5834 623 5885 6
681 5832 778 5901 μὲν
814 5830 1109 5893 ἐπίσκοπος
1167 5840 1313 5901 παρα
1343 5826 1738 5901 μητροπολὶτου
1780 5826 1972 5895 αὐτοῦ,

2082 4924 2303 4975 aurum,
2355 4909 2473 4965 sive
2528 4918 2812 4981 argentum
2845 4950 2863 4976 .
2923 4914 3041 4969 sive
3116 4918 3262 4971 aliud
3316 4918 3648 4988 quidpiam,

2083 5002 2283 5071 exigat.
2346 5000 2552 5070 lnjusta
2604 5002 2750 5057 enim
2811 5005 3108 5076 ejusmodi,
3162 5009 3361 5079 inquit,
3431 5012 3652 5066 exactio

2080 5104 2200 5148 est:
2267 5091 2458 5161 injuin
2502 5108 2659 5160 porro
2722 5111 2940 5164 regnum
2984 5097 3080 5153 Dei
3130 5117 3234 5155 non
3286 5104 3650 5168 possidebunt.

2080 5183 2267 5255 Neque
2288 5199 2416 5238 vero
2443 5184 2624 5238 debent
2651 5186 2753 5254 ﬁlii
2777 5190 3086 5254 parentibus
3126 5192 3403 5248 thesauros
3462 5211 3650 5249 recon-

2086 5275 2231 5340 dam,
2261 5276 2349 5329 sed
2374 5285 2614 5344 parentes
2651 5276 2800 5342 ﬁliis,
2825 5279 2963 5333 idem
2993 5281 3069 5335 ait
3091 5282 3409 5352 Apostolus.
3438 5285 3494 5339 Si
3522 5285 3650 5354 quis

2083 5370 2248 5441 igitur
2276 5370 2566 5439 episcopus
2591 5372 2842 5427 subditos
2869 5389 3022 5438 suos,
3049 5377 3192 5444 quod
3219 5377 3268 5431 ei
3334 5393 3446 5432 rem
3504 5392 3646 5446 qua-

2082 5462 2407 5532 lemcunque
2427 5462 2642 5517 demum
2675 5466 3104 5543 postulantium:
3123 5466 3649 5538 obtemperaverint,

2082 5554 2165 5608 vel
2191 5553 2296 5607 alia
2357 5553 2612 5622 quapiam
2666 5557 2836 5609 animi
2900 5558 3310 5627 perturbatione
3360 5559 3641 5626 incitatus.

2082 5650 2352 5716 segreget,
2394 5645 2478 5700 vel
2507 5646 2794 5716 templum,
2826 5661 3108 5701 sacrorum
3162 5648 3516 5719 celebrationi
3541 5652 3648 5706 im-

2079 5736 2382 5807 pediendae,
2421 5736 2707 5804 clauserit,
2750 5738 2808 5791 in
2840 5753 2953 5792 rem
2986 5753 3153 5794 sensu
3177 5740 3479 5806 carentem,
3508 5749 3650 5799 tem-

2082 5830 2229 5901 plum
2248 5829 2475 5897 scilicct,
2491 5828 2629 5886 iram
2649 5843 2810 5902 quant
2824 5844 2892 5899 co
2908 5831 3054 5899 quod
3068 5832 3359 5890 vehemens
3371 5842 3427 5889 et
3438 5834 3648 5908 absque
