4062 6418
385 379 492 442 899
1612 368 1893 430 THEOD.
1920 368 2323 432 BALSAMON
3524 363 3633 428 900

392 489 609 556 ratione
643 490 899 555 suscepta
927 482 998 536 sit
1039 480 1277 536 furorem
1310 479 1621 551 appellavit,
1654 478 1966 557 eﬂundens,
2000 518 2008 542 ι

2082 484 2100 535 5
2126 481 2183 534 δὲ
2214 480 2618 551 μητροποῖίτης
2651 472 2821 549 ποιρὲ
2853 477 2951 532 τοῦ
2997 477 3357 548 πατριάρχου,
3386 467 3469 538 οἷς
3501 474 3635 530 ὑπό-

384 598 550 639 sensu
586 586 706 653 ipse
733 594 942 640 carere,
962 575 1164 646 inquit,
1195 572 1598 627 existimandus
1629 580 1735 635 est,
1772 585 1958 640 paena-

2082 588 2296 636 ιεινται,
2340 580 2434 624 και
2470 571 2790 640 επιστρίψει
2819 571 2848 621 ὁ
2880 572 3043 633 πόνος
3071 568 3239 629 αὑτοῦ
3269 569 3351 631 είς
3383 566 3635 637 κεφαλὴν

386 690 494 747 que
542 662 790 741 talionis,
847 674 952 727 hoc
1004 677 1099 726 est
1143 665 1539 752 segregatione,
1577 663 1952 730 damnabitur,

2082 664 2247 728 ιύτοῦ,
2284 664 2360 726 ῶς
2385 662 2704 733 παρασάτου
2764 662 2983 732 ἐντολῆς
3023 661 3161 723 θεοῦ
3195 659 3289 714 καὶ
3334 658 3446 713 τῶν
3484 660 3627 715 ἀποφ

389 769 648 839 quodque
687 769 805 837 ipse
837 764 987 828 fecit,
1039 763 1329 833 episcopus
1369 751 1592 828 quidem
1646 769 1677 807 a
1711 768 1815 809 suo
1846 771 1958 809 me-

2082 755 2322 810 ττολικῶν
2356 755 2673 820 διατάξεων.
2700 755 2811 810 Καὶ
2842 754 2973 835 ,ἑξῆς
3006 753 3188 823 τίθησι
3217 754 3288 809 τὰ
3342 751 3436 806 τοῦ
3470 766 3635 821 κορω-

390 840 745 933 tropolitano,
808 858 1263 927 metropolitanus
1295 862 1473 908 autem
1539 868 1569 907 a
1625 848 1958 923 patriarcha,

2082 848 2224 917 ραίου
2258 847 2366 902 τῶν
2390 847 2707 902 ἀποστόλων
2742 846 2950 917 Πέτρου
2986 846 3149 917 ῥητὰ,
3172 846 3209 900 ἀ
3242 847 3300 899 ὲν
3339 847 3406 914 τῇ
3434 843 3633 915 πρώτῃ

387 952 588 1021 quibus
624 952 996 1020 subjiciuntur
1042 949 1303 1019 patietur,
1340 954 1395 1000 et
1441 952 1748 999 revertetur
1806 943 1958 994 labor

2082 937 2170 989 τῶν
2197 936 2515 991 Καθολικῶν
2553 936 2720 990 αὐτοῦ
2747 936 3082 993 Ἐπιστολῶν
3114 939 3449 1006 γέγραπται.

388 1040 562 1111 ipsius
605 1040 657 1095 in
688 1049 854 1110 caput
881 1039 1023 1109 ejus,
1062 1039 1266 1110 quippe
1297 1036 1391 1106 qui
1448 1035 1538 1089 Dei
1588 1032 1863 1087 mandatis
1904 1038 1958 1085 et
1993 1029 2484 1085 constitutionibus
2538 1029 2852 1098 apostolicis
2930 1042 3274 1097 nequaquam
3358 1030 3641 1095 obtempe-

387 1138 611 1192 raverit.
651 1135 783 1190 Post
815 1136 930 1189 haec
964 1150 1115 1201 vero,
1150 1133 1525 1202 apostolorum
1548 1120 1821 1203 eorypliaei
1853 1126 1994 1181 Petri
2025 1127 2213 1197 verba,
2237 1142 2302 1180 ex
2333 1127 2506 1197 ipsius
2554 1126 2727 1195 prima
2762 1124 3002 1195 Epistola
3059 1124 3361 1187 Catholica,
3397 1124 3636 1193 subiit-it.

386 1226 613 1287 ARIST.
688 1244 707 1278 ι
743 1226 1073 1289 Statuimus,
1136 1232 1195 1277 ut
1251 1223 1544 1293 episcopus
1603 1215 1824 1283 aurum,
1868 1225 1963 1271 attt

2082 1214 2287 1269 lPlZT.
2335 1234 2355 1267 ι
2401 1216 2687 1288 Ὀρίζομεν
2736 1218 2860 1286 μηδ’
2908 1215 3048 1279 ὅλως
3084 1216 3458 1285 ὲπιλογεῖσθαι
3509 1222 3635 1275 ἐπί-

463 1342 481 1374 (
513 1331 824 1391 argentum,
881 1318 968 1371 vel
1017 1317 1162 1371 aliud
1224 1316 1505 1386 quidpiam
1549 1315 1620 1369 ab
1664 1313 1959 1383 episcopis,

466 1432 485 1465 ι
515 1412 731 1467 clericis
768 1418 860 1463 aut
899 1408 1187 1463 monachis
1250 1407 1352 1462 sibi
1419 1406 1685 1476 subjectis
1743 1406 1963 1475 exigere

461 1526 481 1559 ‹
525 1519 870 1579 nequaquam
913 1502 1213 1570 excogitet.
1247 1498 1452 1573 Siquis
1504 1500 1674 1568 igitur
1696 1513 1792 1567 per
1819 1496 1961 1562 auri,

469 1619 487 1652 ι
526 1611 616 1651 aut
649 1597 789 1650 alius
840 1595 1085 1661 cujusvis
1124 1594 1197 1646 rei
1248 1594 1542 1654 actionem,
1582 1593 1663 1645 vel
1711 1590 1807 1662 per
1840 1606 1964 1660 pro-

473 1709 490 1741 ι
532 1688 707 1759 priam
775 1668 930 1741 suam
982 1683 1353 1746 all‘ectiouem,
1390 1681 1705 1754 quempiam
1739 1695 1807 1735 ex
1866 1678 1962 1744 iis,

470 1801 488 1835 ι
527 1785 617 1851 qui
649 1779 751 1833 sibi
792 1776 1184 1847 subjiciuntur.
1225 1775 1439 1829 clericis
1472 1789 1501 1828 a
1558 1788 1841 1829 sacrorum
1875 1786 1966 1826 ce-

467 1890 487 1924 ι
525 1871 830 1925 lebratioue
862 1882 1076 1932 arcere,
1109 1867 1194 1920 vel
1262 1864 1635 1918 venerandum
1674 1864 1960 1931 templum,
1993 1857 2035 1914 Β

468 1983 485 2015 ι
529 1979 595 2016 ne
625 1976 793 2015 sacra:
822 1959 873 2012 in
900 1974 965 2012 eo
988 1955 1082 2010 Dei
1120 1955 1520 2010 celebrationes
1550 1954 1678 2007 llant
1712 1952 1968 2007 claudere

475 2073 493 2106 ι
534 2054 792 2108 inventus
836 2049 1023 2105 fuerit.
1077 2049 1181 2119 legi
1214 2047 1443 2100 talionis
1487 2046 1803 2114 subjicitur.
1834 2042 1966 2098 Pet-

465 2170 484 2201 ι
514 2164 609 2203 rus
664 2149 808 2202 enim
854 2143 1150 2214 Apostolus
1195 2141 1370 2195 dicit:
1409 2157 1429 2192 ι
1461 2138 1675 2193 Pascite
1703 2137 1800 2193 Dei
1851 2153 1972 2208 gre-

469 2258 488 2293 ι
526 2255 670 2315 gem,
708 2253 813 2291 non
865 2251 931 2291 ex
971 2232 1322 2294 necessitate,
1365 2231 1459 2286 sed
1512 2228 1856 2291 voluntarie,
1912 2235 1969 2282 et

470 2349 493 2385 ι
529 2329 831 2387 secundum
875 2327 1067 2390 Deum,
1095 2340 1202 2378 non
1228 2321 1406 2392 turpis
1436 2320 1575 2375 lucri
1624 2320 1824 2388 gratia,
1870 2318 1969 2374 sed

468 2440 489 2476 ι
526 2427 780 2492 prompto
838 2417 1059 2471 animo:
1097 2430 1202 2469 non
1232 2424 1292 2468 ut
1325 2416 1379 2467 in
1422 2415 1627 2467 clerum
1663 2411 1971 2466 dominium

474 2534 492 2569 ι
529 2521 890 2575 exercentes;
924 2510 1018 2565 sed
1051 2519 1110 2562 ut
1154 2506 1435 2576 exemplar
1470 2504 1652 2575 gregis
1689 2504 1845 2558 facti.
1875 2519 1894 2554 ι

462 2604 664 2659 Punire
689 2611 745 2656 et
774 2612 1063 2668 segregare
1097 2595 1167 2649 ob
1223 2594 1327 2648 hoc
1376 2607 1409 2646 a
1448 2592 1626 2646 sacris
1659 2589 1971 2645 canonibus

2135 1324 2155 1360 ι
2204 1323 2406 1361 σκοπον
2451 1311 2704 1362 ἀπαιτεῖν
2738 1308 3026 1378 χρυσὸν,ἢ
3075 1308 3399 1379 ἀργυροι,ἢ
3444 1310 3637 1377 ἕτερον

2136 1422 2156 1455 ι
2200 1399 2361 1468 εἶδος,
2407 1406 2533 1467 τοὺς
2564 1405 2659 1458 ὑπ’
2690 1404 2853 1458 αὑτὸν
2902 1405 3255 1468 ἐπισκόπους,
3284 1406 3313 1474 ἢ
3346 1405 3642 1473 κληρικοὺς

2147 1511 2166 1545 ι
2212 1494 2246 1563 ῆ
2284 1493 2577 1563 μοναχούς.
2617 1496 2682 1546 Et
2711 1512 2794 1559 τις
2824 1490 2916 1548 οὖν
2952 1494 3019 1546 δι’
3053 1491 3358 1563 ἀπαίτησιν
3409 1494 3636 1565 χρυσοῦ,

2147 1604 2166 1638 t
2213 1586 2247 1656 ἢ
2276 1586 2462 1657 ἑτέρου
2496 1586 2692 1651 είδους,
2729 1586 2761 1655 ἢ
2796 1587 2885 1639 διά
2920 1605 3045 1641 τινα
3081 1588 3442 1653 ίδιοπάθειαν,
3477 1590 3641 1658 εὑρε-

2142 1698 2162 1732 ι
2205 1679 2324 1750 θείη
2380 1680 2662 1749 ἁπείργων
2712 1679 2812 1748 τῆς
2859 1680 3226 1751 λειτουργίας,
3272 1685 3305 1754 ἢ
3363 1683 3644 1753 ἀφορίζων

2143 1792 2162 1826 ι
2208 1773 2330 1826 τινὰ
2369 1772 2480 1827 τῶν
2525 1773 2619 1825 ὑπ’
2655 1772 2819 1827 αὐτὸν
2865 1773 3228 1845 κληρικῶν.ῆ
3285 1776 3487 1833 σεπτὸν
3516 1778 3648 1837 ναὸν

2142 1882 2162 1917 ι
2212 1864 2430 1929 κλείων,
2480 1866 2554 1936 μὴ
2588 1866 2837 1933 γίνεσθαι
2878 1868 2936 1920 ἐν
2981 1867 3131 1937 αὑτῷ
3189 1870 3288 1930 τὰς
3341 1869 3493 1939 ἱερὰς
3545 1868 3647 1931 τοῦ

2153 1974 2172 2008 ι
2212 1957 2349 2011 Θεοῦ
2406 1959 2789 2029 λειτουργίαςο
2818 1960 2885 2031 τῇ
2934 1961 3306 2031 ταυτοπαθείᾳ
3357 1963 3650 2015 ὑποκείσε-

2151 2066 2173 2099 ι
2215 2065 2345 2101 ται·
2375 2049 2509 2119 φησι
2547 2051 2657 2120 γὰρ
2700 2052 2904 2121 Πέτρος
2933 2053 2961 2104 ό
2990 2052 3295 2114 ἀπόστολος
3320 2068 3334 2082 θ
3378 2072 3397 2104 ι
3433 2053 3649 2122 Ποιμά-

2151 2155 2170 2189 t
2215 2152 2336 2192 νετε
2388 2141 2450 2192 τὸ
2512 2139 2762 2209 ποίμνιον
2806 2138 2900 2192 τοῦ
2956 2138 3091 2191 Θεοῦ
3146 2138 3221 2209 μὴ
3251 2140 3641 2207 ἀναγκαστῶς,

2152 2245 2172 2280 t
2213 2229 2329 2281 ἀλλ’
2356 2229 2639 2294 ἑκουσίως,
2673 2231 2772 2283 καὶ
2805 2230 2946 2283 κατά
2974 2230 3111 2285 Θεόν
3136 2246 3151 2261 ·
3200 2228 3277 2302 μὴ
3312 2231 3647 2299 αίσχροκερρ

2158 2337 2179 2373 ι
2220 2319 2502 2385 δῶ;,ἁλλά
2535 2319 2832 2391 προθύμως
2854 2337 2866 2349 ·
2908 2322 2983 2391 μὴ
3018 2320 3094 2383 ὡς
3146 2321 3647 2392 κατακυριεύοντες

2102 2438 2107 2441 τ
2159 2433 2178 2467 ι
2223 2414 2332 2466 τῶν
2384 2413 2626 2483 κλήρων,
2686 2414 2799 2467 ἀλλ’
2851 2412 2927 2478 ὡς
2985 2417 3151 2479 τύπος
3215 2414 3492 2486 γινόμενοι
3548 2416 3646 2473 τοῦ

2153 2524 2173 2559 ι
2222 2505 2497 2572 ποιμνίου.
2539 2522 2558 2555 ι

2163 2599 2239 2651 Τὸ
2266 2598 2526 2669 ἐπιτιμᾷν
2556 2597 2650 2650 καὶ
2695 2597 2977 2669 ἀφορίζειν
3005 2598 3095 2654 διὰ
3119 2598 3280 2653 τοῦτο
3304 2600 3459 2670 ἐδόθη
3492 2602 3645 2669 παρά

397 2692 721 2754 conceditur
761 2692 1057 2760 episcopis,
1122 2697 1180 2740 ut
1227 2686 1556 2739 clericorum
1621 2696 1847 2737 suorum
1918 2688 1976 2736 et

2082 2692 2184 2745 τῶν
2214 2690 2377 2761 ίερῶν
2410 2689 2652 2743 κανόνων
2680 2693 2794 2752 τοῖς
2832 2692 3180 2756 ἐπισκόποις,
3214 2694 3300 2753 ίνα
3332 2692 3399 2746 τὰ
3448 2696 3645 2748 ἐπταιο

396 2788 634 2844 aliorum
659 2785 857 2838 delicta
884 2778 1243 2850 spiritualiter
1269 2777 1434 2832 simul
1455 2785 1511 2830 et
1532 2782 1760 2847 paterno
1791 2773 1972 2829 corri-

398 2890 675 2948 gerentur.
707 2878 763 2930 Si
789 2875 882 2944 qui
914 2884 1094 2927 autem
1134 2881 1403 2941 potestate
1428 2884 1492 2925 ea
1555 2870 1868 2934 abutentes,
1899 2869 1972 2924 ob

401 2972 678 3051 propriam
712 2984 868 3025 suam
916 2964 1255 3036 passionem,
1285 2972 1381 3017 aut
1428 2964 1549 3017 auri
1600 2966 1680 3018 vel
1738 2963 1969 3019 alterius

401 3063 636 3133 alicujus
693 3063 771 3116 rei
842 3063 1206 3121 exactionem,
1262 3067 1552 3128 segregent
1599 3056 1818 3127 aliquos
1872 3062 1970 3110 aut

403 3154 583 3225 pinnis
622 3151 1023 3222 subjicientur:
1063 3158 1122 3202 ut
1162 3148 1397 3212 discant,
1444 3162 1550 3201 non
1586 3147 1707 3201 sine
1757 3147 1970 3202 ratione

402 3261 597 3316 punias
629 3259 871 3299 sumere.

1000 3419 1229 3477 CANON
1308 3420 1371 3475 ν.

406 3540 427 3573 ‹
468 3519 865 3589 Estpeccalltttt
901 3518 967 3572 ad
1002 3528 1253 3581 tuortem,
1285 3518 1504 3587 quando
1540 3525 1833 3587 peccantes
1870 3517 1975 3571 ali-

482 3631 499 3662 ι
532 3611 626 3682 qui
664 3619 919 3680 perstant
962 3624 1067 3662 non
1101 3608 1435 3678 corrigendi.
1483 3606 1596 3662 Hoc
1655 3617 1836 3662 autem
1888 3615 1975 3662 est

479 3722 499 3755 ι
538 3701 810 3765 deterius,
861 3701 1087 3771 quando
1129 3711 1184 3754 et
1220 3713 1404 3755 erecta
1455 3699 1670 3755 cervice
1704 3699 1971 3754 adversus

481 3814 499 3847 ι
533 3796 790 3864 pietatem
841 3804 895 3845 ct.
924 3792 1238 3865 religionem
1266 3794 1578 3861 insurgunt,
1610 3805 1976 3845 mammonant

478 3907 495 3939 ‹
528 3886 623 3943 Dei
642 3886 962 3941 oltedientiae
993 3886 1380 3955 prmferentes;
1418 3894 1471 3940 et
1518 3885 1643 3955 ejus
1675 3885 1979 3939 canonicas

489 3999 508 4032 ι
547 3981 975 4034 constitutiones
1032 3995 1139 4031 non
1184 3979 1442 4034 ferentes.
1508 3977 1562 4032 In
1606 3978 1674 4033 iis
1726 3993 1837 4032 non
1898 3986 1981 4031 est

477 4090 494 4121 ι
529 4069 789 4131 Dominus
817 4069 983 4134 Dens,
1009 4072 1120 4124 nisi
1155 4069 1299 4124 forte
1356 4069 1630 4125 httmiliati
1680 4085 1708 4123 a
1745 4084 1846 4126 suo
1876 4069 1977 4121 de-

482 4181 501 4211 ι
538 4163 665 4214 licro
693 4162 1050 4231 resipuerint.
1085 4159 1314 4232 Oportet
1339 4161 1484 4216 enim
1528 4176 1626 4216 eos
1668 4164 1842 4233 magis
1869 4160 1978 4215 Deo

484 4270 504 4301 ι
537 4253 873 4321 supplicare,
907 4261 961 4307 et
989 4269 1113 4309 cum
1163 4255 1333 4308 corde
1366 4255 1613 4308 contrito
1650 4255 1817 4322 hujus
1847 4269 1977 4324 pec-

481 4364 498 4393 ‹
531 4345 635 4396 cati
680 4345 1063 4398 remissionem
1093 4353 1147 4398 et
1187 4347 1653 4399 continuationem
1685 4358 1894 4415 petere,
1923 4354 1979 4399 et

488 4454 508 4485 ι
542 4452 647 4489 non
703 4437 770 4490 de
820 4436 1011 4490 illicita
1077 4440 1372 4492 donatione
1446 4453 1505 4491 se
1538 4438 1775 4505 jactare.
1835 4438 1978 4493 Deus

479 4549 498 4579 ι
534 4530 677 4582 enim
706 4545 873 4597 prope
912 4540 997 4583 est
1060 4530 1149 4594 iis,
1200 4532 1294 4598 qui
1350 4542 1476 4584 sunt
1523 4526 1749 4584 co'ntriti
1783 4534 1969 4587 corde.
2005 4562 2056 4622 Β

477 4640 495 4670 ‹
536 4618 638 4671 Eos
669 4634 822 4698 ergo,
855 4622 948 4690 qui
976 4637 1070 4690 per
1116 4623 1231 4675 auri
1284 4621 1636 4676 donationem
1686 4640 1745 4677 se
1801 4623 1974 4681 fuisse

486 4731 506 4763 ι
543 4713 594 4765 in
632 4713 878 4767 Ecclesia
941 4715 1274 4768 constitutos
1309 4715 1640 4783 gloriantur,
1692 4727 1746 4771 et
1798 4720 1849 4772 in
1912 4736 1975 4774 ea

488 4822 506 4854 ι
553 4804 799 4874 improba
826 4806 1224 4859 consuetudine
1243 4821 1393 4876 spem
1422 4807 1643 4873 habent,
1669 4827 1791 4880 quas
1815 4828 1842 4865 a
1866 4813 1976 4867 Deo

484 4914 503 4944 ‹
537 4906 592 4948 et
625 4880 694 4949 ab
726 4897 875 4949 omni
932 4899 1243 4953 sacerdotio
1283 4899 1508 4966 alienat,
1556 4902 1716 4973 293
1766 4916 1813 4959 et
1853 4906 1975 4961 ideo

483 5007 500 5037 ι
538 4987 853 5056 impudente
893 4988 1042 5047 vultu
1079 4997 1132 5043 et
1170 5006 1264 5042 ore
1329 5003 1538 5058 aperto,
1574 4974 1882 5064 probrosis
1922 5008 1977 5053 et

485 5096 506 5128 ι
545 5080 958 5134 contumeliosis
1007 5083 1188 5137 verbis
1228 5099 1345 5144 eos,
1386 5087 1477 5153 qui
1524 5099 1743 5158 propter
1794 5100 1971 5145 actam

487 5188 506 5221 ι
542 5186 604 5223 ex
644 5172 842 5223 virtute
880 5172 1041 5227 vitam
1078 5188 1107 5225 a
1154 5188 1343 5230 sancto
1377 5175 1581 5247 Spiritu
1630 5180 1815 5234 selecti
1844 5197 1970 5236 con-

485 5280 505 5312 ‹
540 5260 825 5330 stitutiqne
871 5272 1000 5316 sunt
1031 5265 1239 5334 absque
1297 5268 1415 5320 auri
1481 5268 1797 5341 largitione,
1826 5247 1864 5304 .'

487 5371 505 5404 ι
537 5352 807 5422 pendunt:
845 5356 1078 5424 primum
1106 5357 1323 5427 quidem
1348 5375 1445 5415 eos
1485 5363 1577 5430 qui
1614 5363 1715 5416 hoc
1767 5365 1975 5420 faciunt

485 5462 506 5495 ι
543 5445 793 5500 ultimum
830 5448 1033 5519 proprii
1070 5450 1279 5505 ordinis
1325 5452 1553 5527 gradum
1619 5469 1855 5522 sumere,
1888 5460 1972 5512 sin

489 5555 511 5589 ι
547 5548 726 5592 autent
801 5541 1227 5608 perseverarint,
1287 5542 1487 5596 inﬂicta
1541 5561 1759 5615 quoque
1815 5564 1974 5618 paena
2049 5540 2055 5546 ’

486 5645 508 5678 ι
539 5631 810 5703 corrigere
852 5631 1222 5686 decernimus.
1261 5629 1320 5687 Si
1354 5634 1479 5701 quis
1520 5644 1703 5690 autem
1743 5639 1794 5693 in
1823 5642 1974 5695 ordi-

486 5737 505 5768 ‹
545 5720 761 5776 natione
810 5723 1280 5792 bocquandoqne
1337 5725 1529 5787 fecisse
1583 5732 1733 5784 visus
1786 5731 1973 5797 fuerit,
2054 5734 2059 5739 ’

493 5825 513 5856 ι
542 5809 632 5862 ﬂat
665 5810 869 5866 ut'v’ult
905 5828 1087 5868 canon
1142 5814 1492 5886 apestolicus,
1550 5821 1654 5892 'qui
1695 5823 1863 5880 dicit:
1917 5824 1973 5882 Si
2053 5828 2056 5835 ’

1858 5272 1976 5326 'vili-
2054 5274 2065 5280 ’

2078 2781 2251 2851 σμένα
2288 2783 2442 2849 παρά
2464 2781 2570 2833 τῶν
2602 2780 2693 2834 ὐπ’
2746 2781 2941 2845 αὐτοὺς
2990 2783 3272 2853 κληρικῶν
3312 2784 3407 2845 καὶ
3437 2783 3644 2836 λοιπῶν

2081 2874 2471 2944 πνευματικῶς
2503 2872 2638 2943 ὁμοῦ
2688 2876 2783 2926 καὶ
2815 2875 3097 2945 πατρικῶς
3124 2875 3468 2939 διορθῶνται.
3501 2875 3563 2927 Εἰ
3587 2874 3646 2927 δέ

2079 2985 2244 3031 τινες,
2274 2968 2339 3037 τῇ
2378 2964 2598 3036 ἐξουσίᾳ
2627 2968 2802 3038 πάντη
2835 2967 3275 3038 καταχρώμενοι,
3318 2968 3651 3039 ἀφορίσουσί

2078 3079 2252 3123 τινας,
2278 3060 2311 3132 ἢ
2342 3061 2727 3129 ἐπιτιμήσουσι
2753 3059 2823 3114 δι’
2865 3061 3004 3115 ίδίαν
3034 3060 3368 3131 ἑμπάθειαν,
3400 3062 3430 3131 ἢ
3466 3062 3636 3115 ἀπαί-

2080 3169 2239 3222 τησιν
2288 3150 2583 3223 χρυσοῦ,ῆ
2627 3152 2817 3220 ἐτέρου
2864 3149 3010 3215 τινὸς
3058 3151 3252 3214 εἴδους,
3294 3150 3526 3213 δικαίως
3577 3152 3646 3220 τῇ

2004 3215 2053 3279 c
2085 3215 2459 3321 resumat-aveat;
2507 3215 2907 3297 ὑποπεσοῦνται
2954 3242 3041 3299 ἵνα
3089 3242 3308 3314 μάθωσι
3337 3242 3414 3314 μὴ
3443 3215 3657 3313 ἀλόγως

2081 3336 2359 3405 ἐπιτιμᾷν.

2117 3448 2120 3455 '
2356 3438 2359 3441 ’
2681 3428 2918 3483 ΚΑΝΩΝ
2966 3428 3040 3485 E'.

2084 3540 2104 3573 ι
2162 3522 2435 3592 Ἀμαρτία
2468 3522 2603 3590 πρὸς
2634 3518 2861 3577 θάνατόν
2907 3526 3081 3586 ἐστιν,
3129 3524 3262 3578 ὅταν
3292 3523 3440 3589 τινὲς
3466 3524 3632 3594 ἀμαρ-

2158 3632 2176 3665 ι
2216 3614 2468 3675 τάνοντες
2531 3613 2850 3679 ἀδιόρθωτοι
2910 3616 3159 3685 μείνωσι.
3213 3617 3287 3669 Τὸ
3335 3617 3392 3670 δὲ
3452 3617 3645 3670 τούτου

2155 3725 2175 3759 ι
2220 3711 2421 3779 χεῖρον,
2450 3710 2546 3762 ἐὰν
2570 3709 2997 3784 ,τραχηλιῶντες
3032 3697 3521 3774 κατεξανίστανται
3551 3709 3652 3777 τῆς

2153 3819 2172 3852 ι
2218 3801 2496 3863 εὐσεϐείας
2523 3803 2612 3855 καὶ
2654 3803 2752 3873 τῆς
2804 3801 3086 3872 ἀληθείας,
3116 3803 3524 3872 προτιμώμενοι
3556 3802 3648 3854 τὸν

2158 3912 2176 3945 ι
2229 3898 2543 3964 μαμμωνᾶν
2568 3897 2667 3964 τῆς
2697 3897 2792 3950 τοῦ
2822 3898 2959 3950 Θεοῦ
3006 3896 3392 3977 ὑπακοῆςηκαὶ
3426 3896 3532 3948 τῶν
3560 3915 3653 3948 κα-

2152 4006 2173 4040 ι
2219 3989 2449 4040 νονικῶν
2479 3989 2645 4042 αὐτοῦ
2668 3989 2973 4057 διατάξεων
3025 3992 3099 4064 μὴ
3154 3994 3549 4066 ἀντεχόμενοι·
3583 3992 3643 4049 ἐν

2154 4102 2172 4134 ι
2214 4082 2426 4144 τούτοις
2461 4082 2560 4136 οὐκ
2589 4082 2704 4136 ἔστι
2748 4082 2953 4156 Κύριος
2981 4086 3008 4137 ό
3035 4085 3190 4150 Θεὸς,
3237 4088 3287 4140 εί
3345 4089 3517 4159 μήπω
3549 4109 3648 4143 τα·

2153 4189 2172 4224 ι
2213 4173 2572 4236 πεινωθέντες
2603 4173 2698 4226 τοῦ
2735 4175 2867 4228 ίδίου
2919 4176 3238 4247 σφάλματος
3288 4180 3646 4251 ἀνανήψωσι-

2153 4284 2172 4318 ι
2219 4265 2325 4336 χρὴ
2348 4266 2458 4336 γὰρ
2497 4266 2697 4336 μᾶλλον
2726 4269 2929 4334 αὐτοὺς
2952 4271 3358 4342 προσέρχεσθαι
3389 4274 3465 4344 τῷ
3505 4274 3647 4344 Θεῷ,

2154 4372 2173 4406 t
2220 4357 2312 4406 καὶ
2344 4357 2485 4425 μετά
2518 4359 2992 4429 συντετριμμένης
3030 4360 3262 4431 καρδίας
3317 4363 3416 4433 τὴν
3452 4365 3648 4428 ἄφεσιν

2151 4464 2171 4498 ι
2217 4447 2412 4500 τούτου
2450 4449 2541 4501 τοῦ
2592 4450 2996 4520 ἁμαρτήματος
3028 4454 3122 4505 καὶ
3156 4454 3253 4522 τὴν
3290 4457 3646 4525 συγχώρησιν

2158 4557 2175 4589 ι
2226 4538 2519 4605 αἰτεῖσθαι,
2548 4541 2671 4610 οὐχὶ
2713 4541 3106 4613 ὲναόρύνεσθαι
3139 4547 3205 4615 τῇ
3240 4544 3464 4617 ἀθέσμῳ
3486 4547 3650 4601 δζσει.

2157 4651 2176 4685 ι
2226 4633 2422 4701 Ἐγγὺς
2463 4634 2570 4704 γὰρ
2631 4632 2837 4705 Κύριος
2873 4638 2988 4697 τοῖς
3041 4644 3534 4709 συντετριμμένοις
3579 4643 3648 4710 τῇ

2157 4745 2175 4777 ι
2224 4726 2458 4797 καρδίᾳ·
2502 4727 2628 4787 τοὺς
2662 4724 2753 4780 οὖν
2798 4730 3259 4798 ἐγκαυχωμένους
3308 4730 3397 4784 διὰ
3444 4732 3648 4795 δόσεως

2153 4836 2171 4870 ι
2211 4820 2436 4886 χρυσίου
2467 4819 2727 4888 τετάχθαι
2774 4820 2833 4872 ὲν
2884 4820 3209 4892 Ἐκκλησία,
3248 4823 3342 4873 καὶ
3369 4822 3546 4891 ταύτῃ
3573 4825 3641 4894 τῇ

2153 4927 2173 4960 ι
2220 4910 2434 4980 πονηρᾷ
2464 4910 2724 4980 συνηθείᾳ
2756 4911 3149 4977 ὲπελπίζοντας
3180 4916 3244 4982 τῇ
3281 4913 3644 4987 ἀλλοτριούσῃ

2154 5021 2172 5053 ι
2220 5004 2326 5055 ἀπὸ
2375 5000 2469 5057 τοῦ
2517 5003 2653 5056 Θεοῦ
2707 5006 2801 5058 καὶ
2855 5008 3037 5077 πάσης
3093 5007 3412 5077 ίερωσὺνης,
3444 5013 3536 5061 καὶ
3581 5012 3649 5062 ἐκ
3740 5070 3747 5073 γ

2151 5114 2172 5149 ι
2216 5098 2408 5150 τούτου
2466 5098 2679 5151 ἀναιδεῖ
2736 5101 3014 5171 προσώπῳ
3066 5103 3157 5153 καὶ
3212 5103 3645 5173 ἀπερικαλύπτῳ

2152 5207 2171 5241 t
2218 5192 2451 5261 στόματι
2507 5190 2879 5255 ὀνειδιστικοίς
2939 5193 3119 5261 λόγοις
3166 5196 3293 5255 τοὺς
3325 5196 3394 5248 δι’
3443 5200 3651 5266 ἀρετὴν

2149 5299 2169 5333 ι
2216 5282 2333 5352 βίον
2362 5283 2467 5337 ὑπὸ
2496 5284 2589 5336 τοῦ
2622 5285 2779 5353 ἁγίου
2814 5287 3136 5353 Πνεύματος
3190 5286 3517 5356 ἐκλεγέντας
3551 5291 3644 5343 καὶ

2151 5391 2171 5423 ι
2217 5377 2627 5442 καταταγέντας
2656 5377 2815 5441 ἐκτὸς
2844 5379 3041 5440 δόσεως
3069 5380 3299 5447 χρυσίου
3345 5383 3649 5451 ἀτιμαζονο

2151 5479 2171 5514 ι
2219 5479 2351 5527 τας·
2386 5465 2582 5535 πρῶτα
2621 5467 2721 5536 μὲν
2745 5467 2907 5519 τοῦτο
2942 5468 3233 5533 ποιοῦντας
3267 5473 3359 5525 τὸν
3412 5476 3643 5541 ἔσχατον

2149 5572 2169 5607 ι
2214 5553 2514 5627 λαμϐάνειν
2544 5557 2752 5628 βαθμὸν
2787 5557 2880 5611 τοῦ
2913 5560 3116 5613 οἰκείου
3144 5565 3433 5632 τάγματος
3460 5580 3473 5594 ⁸
3504 5568 3550 5618 εί
3583 5563 3641 5616 δὲ

2151 5666 2169 5699 ι
2212 5649 2545 5718 ὲπιμένοιεν,
2573 5651 2856 5721 ἐπιτιμίου
2911 5653 3285 5724 διορθοῦσθαι.
3340 5658 3403 5710 El
3441 5658 3498 5710 δέ
3555 5674 3640 5720 τις

2153 5757 2174 5792 ι
2213 5740 2308 5793 ἐπὶ
2365 5743 2673 5819 χειροτονίᾳ
2723 5747 2863 5817 φανῇ
2921 5764 3053 5800 ποτε
3109 5747 3271 5802 τοῦτο
3303 5750 3646 5819 πεποιηκὼς,

2157 5849 2175 5882 ι
2223 5831 2456 5900 γινέσθω
2522 5836 2665 5889 κατά
2712 5838 2805 5890 τὸν
2856 5839 3215 5896 ἀποστολικὸν
3275 5844 3501 5907 κανόνα,
3555 5844 3648 5896 τὸν
