4062 6386
423 351 525 418 901

1390 350 1470 411 IN
1502 349 1668 411 CAN.
1704 348 1752 412 V
1790 345 2071 408 SYNODI
2111 347 2215 410 νυ
2250 346 2607 409 (ECUMEN.

3562 351 3675 417 902
3692 338 3699 351 ’

498 482 519 516 ι
563 461 846 532 λέγονταιο
880 479 903 516 t
956 462 1024 517 ΕΙ
1064 478 1150 527 τις
1201 461 1502 523 ἐπίσκοπος
1560 460 1649 514 διὰ
1690 458 1996 530 χρημάτων

2176 475 2196 509 ι
2232 458 2358 528 quis
2394 458 2687 529 episcopus
2713 473 2809 529 per
2849 459 3111 530 pecunias
3152 460 3295 519 hanc
3348 461 3673 533 dignitatem

496 573 518 607 ι
560 554 665 623 τῆς
691 555 850 620 ἀξίας
873 555 1080 625 ταύτης
1107 555 1389 624 ἐγκρατὴς
1424 555 1675 624 γίνηται,
1698 552 1732 623 ἢ
1758 552 1997 623 «9:066-

498 664 519 700 ι
562 664 719 716 τερος
751 646 786 717 ἢ
809 647 1083 711 διάκονος,
1102 630 1487 716 καθαιρείσθω
1513 645 1609 699 καὶ
1641 642 1807 707 αὐτὸς
1835 642 1932 701 καὶ
1963 642 1996 697 ὀ

498 756 520 791 ι
566 739 986 810 χειροτονήσας,
1018 740 1114 793 καὶ
1142 739 1501 792 ἂκκοπτέσθω
1544 736 1901 791 παντάπασιν
1931 737 1998 795 ἐκ

498 848 519 884 ι
563 832 664 901 τῆς
725 831 1038 897 κοινωνίας,
1065 832 1141 895 ὡς
1196 832 1383 901 Σίμων
1428 833 1458 891 ὀ
1486 830 1678 897 Μάγος
1708 829 1803 882 ὑπ’
1860 827 1997 899 ἐμοῦ

501 940 521 974 ι
570 924 815 994 Πέτρουο
850 943 869 976 ι
903 924 1167 989 ὡσαύτως
1223 924 1319 977 καὶ
1359 924 1454 977 τὸν
1504 924 1763 993 δεύτερον
1789 926 1996 978 κανόνα

503 1035 521 1065 ι
568 1016 679 1069 τῶν
723 1017 781 1067 ὲν
828 1016 1133 1087 Χαλκηδόνι
1185 1019 1349 1071 ὁσίων
1393 1018 1655 1088 Πατέρων
1684 1016 1868 1087 ἡμῶν,
1902 1015 1997 1073 τὸν

506 1123 526 1156 ι
569 1104 800 1171 λέγοντα
824 1122 838 1141 ο
872 1105 937 1159 Εἰ
981 1123 1066 1167 τις
1093 1108 1391 1170 ἐπίσκοπος
1419 1108 1512 1160 ἐπὶ
1548 1108 1791 1177 χρήμασι
1821 1124 2000 1176 χειρο-

505 1217 522 1245 ι
568 1196 757 1247 τονίαν
808 1199 1111 1266 ποιήσοιτο,
1150 1198 1245 1251 καὶ
1293 1200 1376 1259 εἰς
1426 1200 1633 1267 πρᾶσιν
1690 1199 2000 1265 καταγάγοι

505 1302 525 1337 ι
568 1285 668 1356 τὴν
697 1287 950 1358 ἄπρατον
977 1291 1157 1358 χάριν,
1197 1291 1293 1343 καὶ
1324 1292 1695 1360 χειροτονήσοι
1743 1293 1832 1343 ἐπὶ
1863 1293 2001 1360 χρή·

503 1397 524 1430 ε
567 1395 733 1448 μασιν
764 1380 1065 1437 ἐπίσκοπον
1104 1382 1582 1453 ἢχωρεπίσκοπον
1618 1382 1650 1453 ἢ
1681 1384 2001 1455 πρεσϐύτε-

504 1491 523 1523 ι
572 1489 665 1543 ρον
693 1475 727 1543 ἢ
757 1472 1026 1541 διάκονον,
1058 1475 1093 1545 ἦ
1121 1492 1248 1529 τινα
1276 1474 1387 1528 τῶν
1421 1478 1482 1530 ἑν
1513 1475 1591 1546 τῷ
1624 1477 1812 1548 κλήρῳ
1834 1495 2003 1532 κατα-

503 1586 518 1614 ι
564 1565 984 1637 ριθμουμένων,
1043 1567 1076 1640 ἢ
1139 1568 1502 1638 προϐάλλοιτο
1552 1571 1650 1624 ἐπὶ
1710 1573 2000 1644 χρήμασιν

502 1675 520 1710 ι
565 1659 914 1729 οἰκονόμονῆ
951 1659 1169 1713 ἔκδικον
1220 1660 1254 1731 ἢ
1307 1662 1750 1733 παραμονάριον,
1791 1664 1824 1736 ἢ
1860 1665 2004 1729 ὅλως

503 1764 523 1797 r
562 1749 685 1802 τινὰ
710 1748 807 1802 τοῦ
839 1751 1090 1815 κανόνος,
1116 1750 1185 1805 δι’
1231 1753 1683 1822 αἰσχροκέρδειαν
1708 1755 1939 1819 οἰκείαν,
1975 1761 2003 1810 ὁ

504 1858 523 1888 ι
565 1840 725 1893 τοῦτο
769 1842 1148 1913 ἐπιχειρήσας,
1180 1820 1480 1913 ἐλεγχθεὶς,
1504 1820 1513 1822 7
1535 1845 1900 1899 κινδυνευέτω
1927 1849 2007 1910 είς

509 1951 527 1984 ι
565 1933 660 1986 τὸν
707 1936 914 1987 οἰκεῖον
974 1935 1229 2005 βαθμόν’
1285 1938 1382 1992 καὶ
1435 1939 1464 1992 ὀ
1517 1938 2005 2010 χειροτονούμενος

504 2044 523 2077 t
574 2026 748 2097 μηδὶν
779 2027 844 2078 ὲκ
870 2026 969 2096 τῆς
1003 2028 1128 2080 κατ’
1168 2029 1444 2099 ἐμπορίαν
1475 2029 1795 2098 ώερελείσθω
1823 2048 2005 2102 χειρο-

506 2136 526 2170 t
570 2118 817 2190 τονίαςῆ
871 2120 1171 2189 προϐολῆς·
1220 2120 1338 2175 ἀλλ’
1378 2123 1523 2178 ἔστω
1578 2125 1860 2197 ἀλλότριος
1907 2127 2009 2197 τῆς

505 2232 525 2266 ι
566 2212 725 2278 ἀξίας
752 2214 784 2285 ἢ
812 2214 907 2268 τοῦ
945 2218 1372 2287 φροντίσματος,
1405 2212 1579 2290 οὗπερ
1603 2221 1698 2273 ἐπὶ
1723 2221 2008 2291 χρήμασιν

506 2322 529 2358 ι
570 2303 783 2375 ἔτυχεν.
814 2307 876 2358 Εἰ
906 2307 963 2358 δέ
1021 2325 1104 2367 τις
1136 2311 1233 2362 καὶ
1288 2312 1592 2378 μεσιτεύων
1657 2313 1856 2384 φανείη
1910 2315 2009 2367 καὶ

507 2416 528 2450 ι
571 2400 685 2463 τοῖς
728 2398 904 2460 οὕτως
958 2402 1208 2472 αἰσχροῖς
1255 2403 1353 2457 καὶ
1397 2404 1682 2476 ἀθεμίτοις
1726 2406 2005 2479 λήμμασι,

505 2510 526 2545 ι
568 2495 661 2545 καὶ
724 2487 902 2560 οὗτος,
959 2495 1009 2546 εἰ
1065 2494 1169 2565 μὲν
1229 2497 1493 2569 κληρικὺς
1537 2499 1651 2571 εἰη,
1679 2499 1772 2553 τοῦ
1799 2503 2007 2554 οἰκείου

508 2601 528 2635 ι
574 2584 894 2638 ὲκπιπτίτω
935 2583 1148 2657 βαθμοῦ
1179 2602 1194 2617 '
1248 2588 1300 2641 εἰ
1351 2588 1409 2642 δὲ
1453 2588 1644 2653 λαῖκὸς
1679 2590 1713 2662 ἢ
1747 2593 2007 2663 μοναχὸς,

503 2692 524 2727 ι
572 2676 942 2747 άφοριζέσθω.
982 2698 1002 2732 ι

510 2765 710 2822 ΒΑΛΣ.
736 2767 1041 2832 Μέλλοντες
1068 2772 1119 2825 οί
1153 2772 1300 2841 ἅγιοι
1339 2774 1584 2848 Πατὲρες
1614 2778 1850 2836 κολάσαι
1879 2766 2008 2849 τοὺς

2179 569 2200 603 ι
2236 552 2309 607 sit
2359 560 2673 613 assecutus,
2734 553 2817 606 vel
2873 553 3178 624 presbyter,
3216 554 3297 607 vel
3359 554 3673 624 diaconus,

2176 658 2197 695 ι
2237 642 2549 713 deponatur
2574 655 2628 698 et
2664 645 2803 713 ipse,
2839 645 2973 701 etis
2998 645 3093 715 qui
3132 645 3429 712 ordinavit,
3490 656 3547 702 et
3576 664 3677 704 es-

2176 752 2199 787 t
2230 735 2510 791 seindatur
2568 737 2795 791 omnino
2823 724 2887 790 α’
2918 738 3331 804 communione,
3377 747 3437 799 ut
3477 739 3674 797 Simon

2186 845 2207 880 ι
2239 828 2426 898 Magos
2458 843 2489 882 a
2519 845 2604 884 me
2628 827 2823 885 Petro:
2864 838 2915 884 et
2959 844 3137 885 canon
3166 830 3203 884 2
3225 840 3541 889 sanctorum
3568 834 3680 889 Pa-
3714 884 3717 891 .

2185 938 2204 973 ι
2239 931 2385 976 trum
2405 923 2499 991 qui
2525 922 2874 977 Chalcedone
2919 933 3320 989 convenerunt,
3361 925 3453 995 qui
3502 924 3675 982 dicit:

2182 1030 2203 1065 t
2239 1013 2296 1067 Si
2333 1013 2460 1082 quis
2490 1014 2785 1083 episcopus
2824 1014 3071 1084 pecuniis
3096 1014 3497 1075 ordinationem
3532 1016 3680 1071 fece-

2180 1124 2201 1159 ι
2237 1106 2330 1172 rit,
2372 1116 2427 1162 et
2484 1108 2715 1177 gratiam
2759 1121 2866 1162 non
2920 1108 3168 1163 venalem
3225 1107 3280 1161 in
3344 1110 3678 1178 emptionem

2182 1217 2203 1253 ι
2239 1199 2545 1264 deduxerit,
2591 1210 2646 1255 et
2678 1199 2923 1270 pecuniis
2971 1199 3320 1259 ordinaverit
3339 1201 3680 1269 episcopum,

2190 1309 2211 1345 ι
2247 1276 2328 1347 vel
2360 1291 2835 1361 chorepiscopunt,
2872 1290 2955 1345 vel
2990 1290 3398 1361 presbyterum,
3452 1292 3533 1345 vel
3564 1290 3681 1345 dia-

2188 1401 2210 1437 t
2246 1398 2469 1445 conum,
2508 1384 2588 1437 vel
2616 1383 2856 1451 aliquem
2892 1398 3084 1439 eorum
3121 1381 3217 1452 qui
3246 1383 3300 1439 in
3354 1383 3499 1443 clero
3531 1398 3671 1438 cnu-

2184 1496 2205 1530 ι
2243 1484 2543 1539 metantur,
2562 1476 2645 1530 vel
2677 1474 2921 1547 pecuniis
2950 1477 3285 1545 promoverit
3310 1490 3685 1539 mconomum,

2184 1585 2203 1620 t
2238 1566 2324 1621 vel
2360 1565 2725 1631 defensorem,
2787 1566 2871 1623 vel
2906 1566 3223 1623 monasterii
3275 1566 3682 1628 administrum,

2183 1677 2203 1712 ι
2238 1659 2318 1713 vel
2344 1658 2572 1712 omnino
2636 1658 2875 1725 aliquem
2926 1672 2993 1712 ex
3038 1672 3270 1720 canone,
3321 1656 3500 1725 turpis
3550 1657 3687 1710 lucri

2184 1768 2204 1800 ι
2241 1749 2438 1817 gratia,
2472 1747 2567 1815 qui
2610 1751 2713 1803 hoc
2744 1763 3040 1817 aggressus
3069 1764 3194 1803 esse
3244 1747 3531 1803 convictus
3563 1747 3685 1801 fue-

2185 1860 2204 1894 t
2240 1842 2331 1905 rit,
2357 1842 2425 1895 de
2462 1843 2685 1909 proprio
2716 1840 2888 1910 gradu
2931 1841 3115 1901 veniat
3143 1840 3199 1894 in
3231 1840 3571 1908 periculum:
3627 1849 3682 1891 et

2183 1953 2203 1987 ι
2234 1937 2327 2006 qui
2366 1936 2674 1997 ordinatur,
2725 1949 2793 1987 ex
2840 1948 2902 1987 ea
2936 1933 3290 1988 ordinatione
3331 1933 3413 1986 vel
3467 1948 3688 2002 promo-

2182 2046 2201 2080 ι
2241 2028 2555 2096 tione,qua:
2587 2027 2766 2094 pretio
2795 2028 2926 2081 dato
2955 2028 3129 2085 instar
3165 2038 3489 2085 mercatura:
3538 2026 3685 2082 facta
3724 2036 3729 2041 '

2181 2139 2201 2173 ι
2234 2131 2318 2176 est
2344 2120 2482 2175 nihil
2513 2119 2775 2190 juvetur;
2818 2118 2914 2175 sed
2946 2119 3019 2181 sit
3045 2119 3265 2175 alienus
3321 2133 3349 2171 a
3417 2118 3688 2188 dignitate

2182 2230 2203 2265 ι
2241 2214 2321 2268 vel
2354 2228 2583 2268 munere
2611 2228 2707 2268 seu
2764 2213 3054 2269 curatione
3084 2226 3251 2281 quam
3317 2212 3567 2280 pecuniis
3593 2228 3683 2265 as-

2181 2325 2202 2358 ι
2239 2319 2467 2363 secutus
2495 2317 2601 2362 est.
2635 2308 2689 2360 Si
2727 2308 2853 2377 quis
2894 2318 3076 2361 autem
3106 2315 3161 2359 et
3193 2306 3369 2362 lucris
3393 2305 3530 2361 adeo
3565 2313 3687 2363 tur-

2192 2400 2405 2469 tpibus
2452 2409 2509 2452 et
2591 2398 2803 2453 illicitis
2842 2398 3179 2453 intercessor
3246 2410 3339 2457 seu
3405 2411 3690 2467 aequeSter

2185 2511 2203 2545 ι
2237 2493 2575 2563 apparuerit,
2609 2492 2698 2547 hic
2738 2507 2978 2563 quoque,
3007 2494 3055 2557 si
3079 2494 3149 2548 sit
3175 2494 3396 2562 quidem
3424 2494 3683 2557 clericus,

2182 2602 2202 2637 ι
2232 2596 2272 2637 ‘a
2310 2586 2532 2653 pr0prio
2579 2584 2750 2655 gradu
2807 2586 3022 2639 excidat
3052 2596 3080 2641 ἐ
3134 2585 3221 2640 sin
3268 2595 3449 2647 autem
3511 2585 3687 2643 laicus

2181 2695 2202 2729 ι
2235 2678 2320 2733 vel
2361 2678 2687 2742 monachus,
2716 2686 3053 2747 segregetur.
3078 2697 3095 2729 ι

2146 2769 2371 2825 «ΒΑιδ.
2429 2768 2617 2825 Sancti
2647 2768 2837 2824 Patres
2868 2770 3103 2831 clericos
3140 2770 3408 2839 punituri,
3441 2773 3532 2841 qui
3565 2773 3688 2843 pri-

431 2860 730 2929 κληρικοὺς
765 2866 892 2926 τοὺς
941 2863 1138 2943 πρῶτα
1166 2867 1265 2935 μὲν
1299 2850 1499 2921 ἑκοντι
1530 2872 1625 2924 καὶ
1659 2874 1803 2928 κατὰ
1853 2878 2009 2945 φιλό-

2121 2881 2255 2921 num
2310 2863 2529 2935 quidem
2581 2872 2777 2934 sponte
2824 2871 2879 2917 et
2929 2864 3013 2932 pia
3069 2873 3256 2936 mente
3303 2867 3564 2934 pecunias
3606 2866 3690 2923 vel

432 2948 553 3003 θεον
578 2952 805 3024 γνώμην
830 2955 1209 3025 προσάγοντας
1237 2958 1295 3012 ἐν
1325 2961 1450 3022 ταῖς
1484 2960 1840 3033 Ἐκκλησίαις
1868 2968 2008 3039 χρή-

2121 2958 2284 3028 tliqua
2319 2958 2426 3011 alia
2474 2956 2529 3011 in
2585 2954 2849 3011 ecclesias
2908 2953 3192 3019 aﬂ‘erunt;
3257 2966 3446 3025 postea
3504 2966 3688 3013 autem

432 3061 578 3114 ματα
609 3044 645 3117 ἢ
675 3046 840 3117 ἕτερά
873 3065 996 3103 τινα
1020 3065 1034 3079 ο
1066 3049 1298 3121 ὕστερον
1334 3053 1394 3106 δὲ
1424 3056 1887 3128 ἐγκαυχωμένους
1908 3064 2004 3118 ἐπὶ

2121 3062 2331 3121 propter
2379 3048 2727 3104 donationem
2784 3062 2844 3103 se
2889 3048 3137 3117 jactant,
3185 3059 3240 3102 et
3289 3050 3494 3119 primas
3530 3050 3692 3105 sedes

429 3139 497 3207 τῇ
531 3136 699 3207 δόσει,
727 3142 821 3194 καὶ
860 3141 1163 3212 ζητοῦντας
1204 3146 1611 3219 προκαθεδρίας
1662 3157 1756 3205 καὶ
1805 3171 2001 3221 προτι-

434 3230 652 3300 μήσεις,
690 3234 784 3288 καὶ
829 3234 1191 3302 ὀνειδίζοντας
1240 3240 1366 3303 τοὺς
1414 3241 1483 3295 δι’
1534 3246 1803 3319 ἁρετὴνῆ
1849 3252 2003 3323 ἐνέρ-

431 3336 588 3389 γειαν
618 3324 1005 3395 κληρωθὲντας
1035 3331 1177 3383 κατὰ
1204 3330 1338 3384 Θεὸν
1383 3333 1745 3404 συναδέλφους
1777 3341 1960 3395 αὐτῶν
1983 3357 2003 3377 ·

432 3414 743 3486 ἐχρήσαντο
802 3422 862 3473 ὲν
923 3423 1237 3491 προοιμίοις
1296 3426 1510 3501 ῥήματί
1565 3445 1671 3482 τινι
1738 3432 1847 3485 ἀπὸ
1903 3436 2003 3505 τῆς

432 3508 656 3579 πρώτης
689 3510 1001 3583 Καθολικῆς
1028 3513 1350 3585 Ἐπιστολῆς
1391 3519 1693 3574 ἀποστόλου
1725 3527 1816 3578 καὶ
1842 3527 2000 3596 εὐαγ-

433 3598 688 3668 γελιστοῦ
714 3602 990 3668 Ἰωάννου,
1033 3604 1267 3674 λέγοντιο
1314 3628 1332 3658 ι
1375 3608 1563 3663 Ἔστιν
1590 3613 1835 3685 ἁμαρτία
1864 3623 2001 3688 πρὸς

435 3689 688 3758 θάνατον,
732 3715 749 3747 ι
779 3696 951 3766 ῆγουν
998 3698 1245 3769 ἁμαρτία
1284 3700 1585 3771 θανάσιμος
1616 3705 1648 3774 ἢ
1680 3707 2005 3777 ἀδιόρθωτος

435 3787 530 3839 καὶ
556 3788 928 3859 ἁμετανόητος
949 3805 964 3820 ⁸
1000 3790 1095 3843 καὶ
1140 3790 1255 3844 ἔστι
1289 3793 1493 3865 ταύτης
1522 3797 1723 3868 χείρων
1750 3802 1781 3870 ἡ
1816 3803 1914 3855 σὺν
1939 3809 2003 3874 τῇ

434 3877 683 3948 ἁμαρτίᾳ
705 3878 969 3934 ἀναίδεια.
1004 3881 1162 3934 Ποῖον
1191 3882 1300 3953 γὰρ
1338 3885 1438 3956 ούχ
1484 3888 1803 3957 ὑπερϐαίνει
1836 3896 2005 3949 κακὸν

432 3967 495 4020 τὸ
522 3969 897 4040 προτιμᾶσθαι
935 3987 1058 4023 τινα
1094 3973 1195 4042 τῆς
1242 3975 1464 4045 ἐντολῆς
1504 3978 1600 4029 τοῦ
1644 3978 1780 4033 Θεοῦ
1814 3984 1883 4036 τά
1909 3986 2003 4038 τοῦ

436 4061 741 4129 μαμμωνιι,
778 4061 949 4130 ἤγουν
994 4062 1063 4114 τά
1116 4063 1399 4133 χρήματα,
1432 4066 1527 4117 καί
1555 4066 1737 4135 λέγειν
1770 4072 2005 4140 ὀφείλειν

432 4153 625 4204 τοῦτον
660 4152 727 4204 δι’
777 4152 813 4205 ἃ
868 4154 1189 4223 προσήγαγε
1242 4157 1661 4228 προτιμώτερον
1706 4160 1850 4216 εἶναι
1896 4166 2006 4220 τῶν

432 4243 609 4297 ἄλλων
662 4247 898 4308 πάντων,
932 4246 1041 4297 τῶν
1070 4248 1162 4297 καὶ
1201 4247 1483 4317 ἐνεργείας
1527 4250 1658 4314 ἴσως
1697 4255 1932 4324 ἐχόντων
1972 4258 2005 4329 ἢ

435 4336 530 4389 καὶ
553 4339 753 4406 ἀρετήν
780 4354 794 4402 ;
829 4338 966 4401 Τοὺς
995 4338 1128 4406 γοῦν
1159 4339 1302 4392 οὕτω
1350 4342 1709 4411 φρονοῦντας,
1746 4349 1843 4400 καὶ
1870 4348 2009 4414 ὅλως

432 4431 634 4493 δόσεως
658 4434 955 4503 χρημάτων
998 4434 1409 4503 μεμνημένους,
1438 4439 1533 4489 καὶ
1567 4438 1887 4506 ἐλπίζοντας
1917 4444 2006 4498 διὰ

432 4524 589 4577 τοῦτο
618 4527 990 4596 προτιμᾶσθαι
1028 4530 1179 4596 παρὰ
1202 4531 1328 4590 τοὺς
1358 4530 1608 4596 πολλοὺς,
1635 4534 1729 4601 ἀφ’
1759 4530 1823 4590 οὗ
1868 4538 2009 4606 μᾶλ-

433 4617 526 4669 λον
560 4617 908 4684 κατάγνωσις
945 4619 1234 4685 ἐπάγεται,
1273 4620 1368 4674 καὶ
1419 4620 1495 4684 ώς
1545 4624 2010 4693 άπερικαλύπτως

434 4710 797 4773 ὀνειδίζοντας
849 4710 977 4773 τοὺς
1032 4712 1299 4779 ἀδελφοὺς
1349 4714 1531 4766 αὐτῶν
1580 4716 1825 4789 διάίτὴν
1881 4720 2010 4789 ὑψο-

435 4805 587 4858 ποιὸν
619 4807 831 4869 πενίαν,
868 4806 1297 4871 ὑποϐιϐάζεσθαι
1341 4813 1421 4874 εἰς
1455 4809 1545 4864 τὸν
1570 4812 1797 4881 ἔσχατον
1840 4817 2008 4867 τόπον

435 4897 531 4949 τοῦ
568 4895 780 4966 βαθμοῦ
831 4896 1037 4960 αὐτῶν,
1087 4898 1173 4949 ἵνα
1226 4901 1676 4953 ταπεινωθώσιν⁶
1727 4902 1868 4955 εἰδὲ
1911 4903 2009 4956 καὶ

435 4990 610 5053 οὕτως
659 4990 972 5061 ὲπιμένοιεν
1004 4990 1081 5061 τῷ
1114 4992 1291 5062 κακῷ,
1339 4993 1700 5067 ἐπιτιμᾶσθαι
1756 4995 1897 5047 κατὰ
1949 4995 2011 5048 τὸ

434 5082 592 5145 δόξαν
621 5084 840 5147 πάντως
884 5082 962 5154 τῷ
1009 5085 1318 5153 ὲπισκόπῳ.
1361 5087 1472 5139 Καὶ
1514 5091 1687 5141 ταῦτα
1735 5086 1857 5157 μὲν,
1884 5088 2013 5141 ὀπό-

434 5188 538 5226 ταν
563 5190 645 5236 τις
674 5174 1015 5245 αὐθαιρέτως
1049 5176 1377 5251 προσαγάγῃ
1418 5179 1478 5229 ὲν
1507 5178 1803 5249 Ἐκκλησία
1827 5179 2010 5251 οίαδή-

436 5285 561 5321 τινα
593 5270 919 5339 πράγματα,
952 5268 1110 5322 ἆτινα
1139 5268 1234 5321 καὶ
1272 5269 1321 5321 οἰ
1371 5269 1745 5339 λαμϐάνοντες
1774 5270 2011 5341 ἀποκρι-

442 5361 718 5430 ματίστως
773 5360 1138 5430 λαμϐάνουσι,
1172 5364 1266 5415 καὶ
1319 5362 1367 5413 οί
1419 5360 1653 5426 διδόντες
1702 5362 2017 5427 ἀνευθύνως

438 5452 692 5506 διδόασιν.
753 5452 814 5505 El
862 5452 920 5506 δέ
980 5470 1086 5518 τις,
1127 5455 1314 5525 φησὶν,
1359 5453 1459 5505 οὐκ
1515 5452 1574 5517 ἐξ
1626 5455 1801 5524 ἀρχῆς
1868 5456 2008 5524 μετὰ

438 5544 694 5615 τοιαύτης
734 5544 1061 5614 αύθαιρέτου
1105 5544 1332 5616 γνώμης
1377 5546 1603 5616 ἐποίησε
1652 5545 1753 5617 τὴν
1800 5563 2011 5617 προσα-

438 5634 648 5707 γωγὴν,
676 5634 813 5690 ἀλλὰ
841 5634 931 5689 διὰ
976 5636 1038 5689 τὸ
1080 5635 1554 5709 χειροτονηθῆναι,
1587 5638 1619 5691 ὖ
1656 5636 2007 5710 κληρωθῆναι

521 5805 567 5836 ⁸⁸
589 5806 611 5859 ι
645 5803 809 5861 Joan.
846 5804 1001 5870 v.10.

2114 3144 2437 3215 prioresque
2469 3142 2707 3197 honores
2749 3150 3027 3209 quaerunt,
3083 3144 3135 3195 in
3177 3158 3272 3198 eos
3309 3145 3506 3214 probra
3543 3145 3692 3214 inge-

2116 3236 2433 3303 rentes.qui
2466 3230 2688 3304 propter
2709 3235 2961 3288 virtutem
2988 3236 3071 3289 vel
3103 3236 3373 3290 actionem
3401 3239 3453 3291 in
3485 3238 3690 3296 clerum

2115 3329 2381 3385 divinitus
2402 3328 2606 3397 recepti
2638 3336 2764 3381 sunt
2792 3325 3100 3389 confratres
3128 3329 3213 3381 sui
3237 3345 3251 3381 :
3288 3327 3434 3383 dicto
3455 3332 3691 3396 quodmt

2116 3423 2174 3478 in
2208 3420 2492 3492 prommiis
2536 3418 2619 3473 usi
2669 3426 2799 3474 sunt
2832 3433 2899 3472 ex
2923 3418 3095 3488 prima
3126 3418 3407 3472 Catholica
3451 3417 3692 3487 Epistola

2118 3512 2293 3569 sancti
2346 3508 2576 3589 apostoli
2624 3514 2680 3563 et
2731 3508 3083 3577 evangelista:
3139 3508 3388 3573 Joannis,
3438 3510 3693 3576 dicente;

2118 3603 2215 3657 Est
2245 3611 2514 3672 peccatum
2544 3602 2614 3654 ad
2642 3600 2935 3681 mortem“,
2978 3601 3189 3656 scilicet
3236 3612 3517 3670 peccatum
3552 3619 3696 3655 inor-

2116 3698 2223 3751 t:de
2274 3699 2421 3766 quod
2476 3703 2562 3749 est
2606 3694 2980 3764 incorrigibile
3030 3704 3083 3749 et
3131 3693 3294 3763 cujus
3341 3694 3487 3748 nulla
3520 3696 3695 3766 agitur

2116 3789 2467 3861 pmnitentia:
2522 3799 2574 3842 et
2631 3801 2697 3842 eo
2751 3786 2930 3840 adhuc
2986 3786 3227 3841 deterior
3272 3801 3394 3856 quae
3436 3794 3521 3842 est
3566 3802 3692 3843 cum

2117 3891 2343 3956 peccato
2371 3881 2726 3951 impudentia.
2812 3878 3100 3946 Quodnam
3141 3878 3288 3933 enim
3330 3880 3533 3933 malum
3583 3895 3691 3937 non

2119 3985 2365 4047 superat,
2420 3978 2466 4030 si
2501 3975 2623 4043 quis
2657 3985 3041 4038 mamtnonam,
3075 3971 3128 4035 id
3159 3980 3264 4035 est,
3297 3971 3559 4041 pecunias
3599 3969 3690 4025 Dei

2122 4066 2377 4121 mandato
2404 4063 2690 4134 praeferat:
2743 4070 2799 4117 et
2847 4060 3015 4126 dicat,
3067 4061 3269 4117 debere
3293 4077 3354 4117 se
3377 4062 3449 4116 ob
3475 4077 3537 4117 ea
3573 4077 3695 4131 quin

2119 4158 2322 4218 attulit,
2357 4156 2572 4211 caeteris
2598 4155 2721 4209 aliis
2752 4154 2959 4208 honore
2994 4152 3260 4223 praeferri,
3312 4153 3407 4223 qtti
3462 4154 3696 4213 fortasse

2119 4253 2363 4306 actiones
2394 4248 2598 4303 habent
2620 4257 2712 4298 aut
2737 4245 2899 4299 etiam
2933 4245 3232 4299 virtutem?
3290 4244 3394 4313 Eos
3419 4261 3568 4313 ergo,
3597 4247 3690 4315 qui

2094 4347 2192 4401 ita
2227 4343 2467 4398 sentiunt
2508 4351 2564 4395 et
2594 4338 2945 4409 pecuniarum
2978 4338 3219 4395 dationis
3248 4339 3473 4395 omnino
3502 4340 3697 4401 menti.

2118 4447 2337 4502 nerunt,
2372 4447 2428 4491 et
2453 4444 2676 4506 Sperant
2714 4443 2935 4504 propter
2964 4435 3014 4487 id
3050 4450 3109 4493 se
3138 4435 3279 4502 apud
3316 4435 3518 4488 multos
3554 4450 3691 4503 prter

2115 4532 2419 4604 ponendos,
2454 4545 2522 4585 ex
2561 4543 2670 4597 quo
2694 4527 2870 4596 major
2898 4528 3286 4581 condemnatio
3317 4525 3592 4597 sequitur,
3640 4534 3697 4582 et

2115 4632 2303 4695 aperto
2350 4623 2507 4692 quasi
2554 4636 2650 4676 ore
2687 4621 2801 4677 suis
2831 4619 3093 4673 fratribus
3141 4630 3537 4689 paupertatem,
3573 4636 3696 4687 quae

2117 4719 2183 4773 ad
2221 4720 2329 4771 alta
2379 4731 2476 4770 eos
2510 4713 2777 4784 provexit,
2827 4711 3183 4780 exprobrant,
3224 4711 3290 4763 ad
3328 4709 3579 4764 ultimum
3610 4711 3691 4764 sui

2117 4808 2319 4880 gradus
2349 4808 2529 4861 locum
2570 4804 2796 4869 dimitti,
2854 4813 2913 4855 ut
2954 4802 3342 4856 humiliantur:
3393 4801 3479 4856 sin
3514 4814 3693 4855 autem

2116 4903 2199 4957 sic
2226 4913 2443 4969 quoque
2468 4898 2521 4953 in
2552 4899 2695 4950 man
2720 4902 3088 4964 perseverent,
3127 4893 3305 4962 puniri
3340 4905 3398 4946 ut
3426 4893 3687 4963 episcopo

2114 4993 2340 5047 omnino
2391 4990 2566 5044 visum
2622 4987 2807 5042 fuerit.
2900 4986 2966 5043 Et
3018 4986 3136 5041 haec
3177 4985 3418 5055 quidem,
3473 4985 3695 5055 quando

2113 5083 2388 5155 quispiam
2426 5095 2521 5136 sua
2554 5086 2746 5148 sponte
2777 5078 2829 5130 in
2867 5077 3152 5131 ecclesiam
3186 5091 3273 5131 res
3309 5075 3521 5144 aliquas
3550 5076 3694 5128 tule-
3772 5090 3779 5099 λ

2115 5172 2221 5229 rit:
2256 5187 2394 5242 quas
2421 5178 2476 5225 et
2504 5171 2595 5239 qui
2629 5168 2925 5237 accipiunt,
2951 5168 3086 5221 citra
3121 5167 3289 5220 ullum
3315 5168 3691 5236 preejudicinm

2119 5268 2417 5336 accipiunt,
2454 5274 2508 5319 et
2535 5264 2626 5333 qui
2657 5260 2791 5317 dant
2826 5264 2875 5316 in
2912 5276 3129 5333 ptenatn
3164 5276 3272 5315 non
3306 5246 3577 5314 incidunt.
3636 5258 3691 5313 Si

2119 5358 2245 5429 quis
2292 5369 2494 5419 autem,
2545 5354 2739 5425 inquit,
2790 5355 2859 5410 ab
2910 5354 3065 5407 initio
3112 5369 3217 5407 non
3270 5353 3343 5405 ita
3388 5351 3592 5405 liberali
3640 5360 3693 5403 et

2120 5461 2313 5519 sponte
2341 5442 2590 5518 suscepta
2622 5447 2923 5510 voluntate,
2958 5446 3055 5501 sed
3087 5452 3144 5499 ut
3176 5443 3477 5507 ordinetur,
3522 5442 3606 5495 vel
3638 5443 3691 5494 in

2119 5544 2325 5599 clerum
2357 5548 2657 5609 cooptetur,
2706 5539 2790 5594 vel
2830 5538 3017 5607 aliquo
3046 5537 3151 5590 alio
3184 5534 3346 5592 modo
3376 5534 3430 5587 in
3455 5534 3691 5593 ecclesia

2116 5634 2373 5707 eligatur,
2403 5633 2738 5689 oblationem
2771 5630 2997 5689 fecerit:
3027 5630 3149 5686 tatis
3178 5628 3457 5698 puniatur,
3493 5627 3690 5682 utvult
