  <div class='ocr_page' id='page_1' title='image "/cluster/home/n/w/nwhite01/storage/ocr_20150623/137:no.1/coo.31924054870427/459.png"; bbox 0 0 4062 6386; ppageno 0'>
   <div class='ocr_carea' id='block_1_1' title="bbox 487 257 592 322">
    <p class='ocr_par' dir='ltr' id='par_1_1' title="bbox 487 257 592 322">
     <span class='ocr_line' id='line_1_1' title="bbox 487 257 592 322; baseline -0.019 0"><span class='ocrx_word' id='word_1_1' title='bbox 487 257 592 322; x_wconf 77' lang='lat'><strong>907</strong></span> 
     </span>
    </p>
   </div>
   <div class='ocr_carea' id='block_1_2' title="bbox 1775 256 2487 316">
    <p class='ocr_par' dir='ltr' id='par_1_2' title="bbox 1775 256 2487 316">
     <span class='ocr_line' id='line_1_2' title="bbox 1775 256 2487 316; baseline 0.003 -2"><span class='ocrx_word' id='word_1_2' title='bbox 1775 256 2053 316; x_wconf 75' lang='lat' dir='ltr'><strong>TllEUD.</strong></span> <span class='ocrx_word' id='word_1_3' title='bbox 2087 257 2174 314; x_wconf 83' lang='lat' dir='ltr'><strong>BA</strong></span> <span class='ocrx_word' id='word_1_4' title='bbox 2184 256 2487 316; x_wconf 77' lang='lat' dir='ltr'><strong>LSAMON</strong></span> 
     </span>
    </p>
   </div>
   <div class='ocr_carea' id='block_1_3' title="bbox 3639 263 3772 325">
    <p class='ocr_par' dir='ltr' id='par_1_3' title="bbox 3639 263 3772 325">
     <span class='ocr_line' id='line_1_3' title="bbox 3639 263 3772 325; baseline 0.03 -5"><span class='ocrx_word' id='word_1_5' title='bbox 3639 263 3772 325; x_wconf 65' lang='lat'><strong>&quot;.303</strong></span> 
     </span>
    </p>
   </div>
   <div class='ocr_carea' id='block_1_4' title="bbox 572 351 2044 446">
    <p class='ocr_par' dir='ltr' id='par_1_4' title="bbox 572 367 2044 446">
     <span class='ocr_line' id='line_1_4' title="bbox 572 367 2044 446; baseline -0.007 -17"><span class='ocrx_word' id='word_1_6' title='bbox 572 397 591 429; x_wconf 74' lang='grc' dir='ltr'>ι</span> <span class='ocrx_word' id='word_1_7' title='bbox 625 370 1076 446; x_wconf 53' lang='lat' dir='ltr'><strong>praeterquam.“</strong></span> <span class='ocrx_word' id='word_1_8' title='bbox 1114 369 1195 424; x_wconf 73' lang='lat' dir='ltr'><strong>rel</strong></span> <span class='ocrx_word' id='word_1_9' title='bbox 1229 369 1566 440; x_wconf 65' lang='lat' dir='ltr'><strong>necessitate</strong></span> <span class='ocrx_word' id='word_1_10' title='bbox 1599 375 1655 422; x_wconf 91' lang='lat' dir='ltr'><strong>et</strong></span> <span class='ocrx_word' id='word_1_11' title='bbox 1697 368 1847 436; x_wconf 79' lang='lat' dir='ltr'><strong>justa</strong></span> <span class='ocrx_word' id='word_1_12' title='bbox 1874 367 2044 435; x_wconf 78' lang='lat' dir='ltr'><strong>aliqu:</strong></span> 
     </span>
    </p>
   </div>
   <div class='ocr_carea' id='block_1_5' title="bbox 2152 351 3773 446">
    <p class='ocr_par' dir='ltr' id='par_1_5' title="bbox 2160 351 3773 440">
     <span class='ocr_line' id='line_1_5' title="bbox 2160 351 3773 440; baseline 0.004 -22"><span class='ocrx_word' id='word_1_13' title='bbox 2160 351 2164 355; x_wconf 47' lang='grc'><em>’</em></span> <span class='ocrx_word' id='word_1_14' title='bbox 2243 385 2260 418; x_wconf 83' lang='grc' dir='ltr'>ι</span> <span class='ocrx_word' id='word_1_15' title='bbox 2305 367 2577 434; x_wconf 78' lang='grc' dir='ltr'>γίνεσθαι,</span> <span class='ocrx_word' id='word_1_16' title='bbox 2610 367 2767 430; x_wconf 73' lang='grc' dir='ltr'>ἐκτὸς</span> <span class='ocrx_word' id='word_1_17' title='bbox 2791 368 3037 436; x_wconf 72' lang='grc' dir='ltr'>ἀνάγκης</span> <span class='ocrx_word' id='word_1_18' title='bbox 3066 369 3158 435; x_wconf 61' lang='grc' dir='ltr'>καὶ</span> <span class='ocrx_word' id='word_1_19' title='bbox 3180 369 3301 440; x_wconf 78' lang='grc' dir='ltr'>βίας</span> <span class='ocrx_word' id='word_1_20' title='bbox 3321 388 3411 422; x_wconf 89' lang='grc' dir='ltr'><strong>και</strong></span> <span class='ocrx_word' id='word_1_21' title='bbox 3439 388 3582 434; x_wconf 84' lang='grc' dir='ltr'>τινος</span> <span class='ocrx_word' id='word_1_22' title='bbox 3611 374 3773 424; x_wconf 75' lang='grc' dir='ltr'>εὐλό-</span> 
     </span>
    </p>
   </div>
   <div class='ocr_carea' id='block_1_6' title="bbox 563 457 2065 530">
    <p class='ocr_par' dir='ltr' id='par_1_6' title="bbox 563 457 2065 530">
     <span class='ocr_line' id='line_1_6' title="bbox 563 457 2065 530; baseline -0.007 -8"><span class='ocrx_word' id='word_1_23' title='bbox 563 491 582 522; x_wconf 83' lang='grc'><em>‹</em></span> <span class='ocrx_word' id='word_1_24' title='bbox 621 472 687 524; x_wconf 84' lang='lat' dir='ltr'><strong>de</strong></span> <span class='ocrx_word' id='word_1_25' title='bbox 719 481 908 529; x_wconf 84' lang='lat' dir='ltr'><strong>causa,</strong></span> <span class='ocrx_word' id='word_1_26' title='bbox 943 461 1172 517; x_wconf 81' lang='lat' dir='ltr'><strong>canonis</strong></span> <span class='ocrx_word' id='word_1_27' title='bbox 1206 463 1381 530; x_wconf 67' lang='lat' dir='ltr'><strong>pinnis</strong></span> <span class='ocrx_word' id='word_1_28' title='bbox 1407 460 1758 527; x_wconf 76' lang='lat' dir='ltr'><strong>subjiciatur.</strong></span> <span class='ocrx_word' id='word_1_29' title='bbox 1789 457 1939 512; x_wconf 86' lang='lat' dir='ltr'><strong>Cum</strong></span> <span class='ocrx_word' id='word_1_30' title='bbox 1968 475 2065 512; x_wconf 84' lang='lat' dir='ltr'><strong>au-</strong></span> 
     </span>
    </p>
   </div>
   <div class='ocr_carea' id='block_1_7' title="bbox 563 536 2066 622">
    <p class='ocr_par' dir='ltr' id='par_1_7' title="bbox 563 536 2066 622">
     <span class='ocr_line' id='line_1_7' title="bbox 563 536 2066 622; baseline -0.009 -7"><span class='ocrx_word' id='word_1_31' title='bbox 563 583 582 614; x_wconf 76' lang='grc' dir='ltr'><strong>ι</strong></span> <span class='ocrx_word' id='word_1_32' title='bbox 618 571 724 615; x_wconf 87' lang='lat' dir='ltr'><strong>tem</strong></span> <span class='ocrx_word' id='word_1_33' title='bbox 766 559 833 613; x_wconf 90' lang='lat' dir='ltr'><strong>de</strong></span> <span class='ocrx_word' id='word_1_34' title='bbox 870 536 1157 609; x_wconf 88' lang='lat' dir='ltr'><strong>canonicis</strong></span> <span class='ocrx_word' id='word_1_35' title='bbox 1180 564 1237 606; x_wconf 89' lang='lat' dir='ltr'><strong>et</strong></span> <span class='ocrx_word' id='word_1_36' title='bbox 1273 552 1608 622; x_wconf 78' lang='lat' dir='ltr'><strong>evangelicis</strong></span> <span class='ocrx_word' id='word_1_37' title='bbox 1644 555 1805 607; x_wconf 82' lang='lat' dir='ltr'><strong>rebus</strong></span> <span class='ocrx_word' id='word_1_38' title='bbox 1837 553 1932 606; x_wconf 80' lang='lat' dir='ltr'><strong>ﬁat</strong></span> <span class='ocrx_word' id='word_1_39' title='bbox 1973 567 2066 622; x_wconf 85' lang='lat' dir='ltr'><strong>sy-</strong></span> 
     </span>
    </p>
   </div>
   <div class='ocr_carea' id='block_1_8' title="bbox 565 645 2063 728">
    <p class='ocr_par' dir='ltr' id='par_1_8' title="bbox 565 645 2063 728">
     <span class='ocr_line' id='line_1_8' title="bbox 565 645 2063 728; baseline -0.007 -22"><span class='ocrx_word' id='word_1_40' title='bbox 565 674 583 706; x_wconf 79' lang='grc' dir='ltr'>ι</span> <span class='ocrx_word' id='word_1_41' title='bbox 622 652 819 712; x_wconf 89' lang='lat' dir='ltr'><strong>nodos,</strong></span> <span class='ocrx_word' id='word_1_42' title='bbox 844 664 984 716; x_wconf 85' lang='lat' dir='ltr'><strong>opus</strong></span> <span class='ocrx_word' id='word_1_43' title='bbox 1010 656 1093 700; x_wconf 85' lang='lat' dir='ltr'><strong>est</strong></span> <span class='ocrx_word' id='word_1_44' title='bbox 1127 654 1185 698; x_wconf 89' lang='lat' dir='ltr'><strong>ut</strong></span> <span class='ocrx_word' id='word_1_45' title='bbox 1209 645 1522 714; x_wconf 80' lang='lat' dir='ltr'><strong>congregati</strong></span> <span class='ocrx_word' id='word_1_46' title='bbox 1540 645 1783 713; x_wconf 89' lang='lat' dir='ltr'><strong>episc0pi</strong></span> <span class='ocrx_word' id='word_1_47' title='bbox 1812 658 2063 728; x_wconf 79' lang='lat' dir='ltr'><strong>magnam</strong></span> 
     </span>
    </p>
   </div>
   <div class='ocr_carea' id='block_1_9' title="bbox 564 737 2069 805">
    <p class='ocr_par' dir='ltr' id='par_1_9' title="bbox 564 737 2069 805">
     <span class='ocr_line' id='line_1_9' title="bbox 564 737 2069 805; baseline -0.008 -7"><span class='ocrx_word' id='word_1_48' title='bbox 564 767 583 798; x_wconf 72' lang='grc' dir='ltr'>ι</span> <span class='ocrx_word' id='word_1_49' title='bbox 623 760 811 800; x_wconf 86' lang='lat' dir='ltr'><strong>curam</strong></span> <span class='ocrx_word' id='word_1_50' title='bbox 843 754 899 794; x_wconf 89' lang='lat' dir='ltr'><strong>et</strong></span> <span class='ocrx_word' id='word_1_51' title='bbox 947 739 1284 805; x_wconf 69' lang='lat' dir='ltr'><strong>diligentiam</strong></span> <span class='ocrx_word' id='word_1_52' title='bbox 1323 745 1538 805; x_wconf 79' lang='lat' dir='ltr'><strong>gerant,</strong></span> <span class='ocrx_word' id='word_1_53' title='bbox 1576 747 1633 789; x_wconf 92' lang='lat' dir='ltr'><strong>ut</strong></span> <span class='ocrx_word' id='word_1_54' title='bbox 1687 737 1867 803; x_wconf 84' lang='lat' dir='ltr'><strong>divina</strong></span> <span class='ocrx_word' id='word_1_55' title='bbox 1903 745 1957 788; x_wconf 89' lang='lat' dir='ltr'><strong>et</strong></span> <span class='ocrx_word' id='word_1_56' title='bbox 1992 738 2069 788; x_wconf 89' lang='lat' dir='ltr'><strong>vi-</strong></span> 
     </span>
    </p>
   </div>
   <div class='ocr_carea' id='block_1_10' title="bbox 564 828 2064 906">
    <p class='ocr_par' dir='ltr' id='par_1_10' title="bbox 564 828 2064 906">
     <span class='ocr_line' id='line_1_10' title="bbox 564 828 2064 906; baseline -0.007 -16"><span class='ocrx_word' id='word_1_57' title='bbox 564 860 582 890; x_wconf 79' lang='grc'><strong>‹</strong></span> <span class='ocrx_word' id='word_1_58' title='bbox 619 841 776 892; x_wconf 76' lang='lat' dir='ltr'><strong>vilica</strong></span> <span class='ocrx_word' id='word_1_59' title='bbox 823 835 916 887; x_wconf 86' lang='lat' dir='ltr'><strong>Dei</strong></span> <span class='ocrx_word' id='word_1_60' title='bbox 985 831 1246 906; x_wconf 80' lang='lat' dir='ltr'><strong>mandata</strong></span> <span class='ocrx_word' id='word_1_61' title='bbox 1295 840 1612 884; x_wconf 70' lang='lat' dir='ltr'><strong>serventur.</strong></span> <span class='ocrx_word' id='word_1_62' title='bbox 1671 828 1730 881; x_wconf 89' lang='lat' dir='ltr'><strong>In</strong></span> <span class='ocrx_word' id='word_1_63' title='bbox 1781 829 1865 883; x_wconf 88' lang='lat' dir='ltr'><strong>eis</strong></span> <span class='ocrx_word' id='word_1_64' title='bbox 1917 830 2064 882; x_wconf 91' lang='lat' dir='ltr'><strong>enim</strong></span> 
     </span>
    </p>
   </div>
   <div class='ocr_carea' id='block_1_11' title="bbox 561 922 2069 992">
    <p class='ocr_par' dir='ltr' id='par_1_11' title="bbox 561 922 2069 992">
     <span class='ocr_line' id='line_1_11' title="bbox 561 922 2069 992; baseline -0.005 -10"><span class='ocrx_word' id='word_1_65' title='bbox 561 953 582 982; x_wconf 64' lang='grc' dir='ltr'><em>ς</em></span> <span class='ocrx_word' id='word_1_66' title='bbox 621 927 910 985; x_wconf 82' lang='lat' dir='ltr'><strong>servandis</strong></span> <span class='ocrx_word' id='word_1_67' title='bbox 967 935 1055 980; x_wconf 89' lang='lat' dir='ltr'><strong>est</strong></span> <span class='ocrx_word' id='word_1_68' title='bbox 1087 923 1380 977; x_wconf 69' lang='lat' dir='ltr'><strong>retributio</strong></span> <span class='ocrx_word' id='word_1_69' title='bbox 1437 923 1636 986; x_wconf 88' lang='lat' dir='ltr'><strong>multa,</strong></span> <span class='ocrx_word' id='word_1_70' title='bbox 1682 922 1944 992; x_wconf 89' lang='lat' dir='ltr'><strong>quoniam</strong></span> <span class='ocrx_word' id='word_1_71' title='bbox 1982 922 2069 975; x_wconf 93' lang='lat' dir='ltr'><strong>lu-</strong></span> 
     </span>
    </p>
   </div>
   <div class='ocr_carea' id='block_1_12' title="bbox 566 1015 2064 1090">
    <p class='ocr_par' dir='ltr' id='par_1_12' title="bbox 566 1015 2064 1090">
     <span class='ocr_line' id='line_1_12' title="bbox 566 1015 2064 1090; baseline -0.005 -15"><span class='ocrx_word' id='word_1_72' title='bbox 566 1048 581 1075; x_wconf 75' lang='grc' dir='ltr'><strong>ι</strong></span> <span class='ocrx_word' id='word_1_73' title='bbox 628 1036 797 1078; x_wconf 84' lang='lat' dir='ltr'><strong>cerua</strong></span> <span class='ocrx_word' id='word_1_74' title='bbox 866 1027 951 1074; x_wconf 91' lang='lat' dir='ltr'><strong>est</strong></span> <span class='ocrx_word' id='word_1_75' title='bbox 1016 1016 1357 1078; x_wconf 82' lang='lat' dir='ltr'><strong>mandatum,</strong></span> <span class='ocrx_word' id='word_1_76' title='bbox 1391 1015 1475 1090; x_wconf 80' lang='lat' dir='ltr'><strong>lex</strong></span> <span class='ocrx_word' id='word_1_77' title='bbox 1531 1030 1663 1070; x_wconf 85' lang='lat' dir='ltr'><strong>vero</strong></span> <span class='ocrx_word' id='word_1_78' title='bbox 1721 1015 1816 1070; x_wconf 80' lang='lat' dir='ltr'><strong>lux</strong></span> <span class='ocrx_word' id='word_1_79' title='bbox 1873 1023 1928 1068; x_wconf 89' lang='lat' dir='ltr'><strong>et</strong></span> <span class='ocrx_word' id='word_1_80' title='bbox 1977 1015 2064 1068; x_wconf 92' lang='lat' dir='ltr'><strong>via</strong></span> 
     </span>
    </p>
   </div>
   <div class='ocr_carea' id='block_1_13' title="bbox 564 1108 2064 1184">
    <p class='ocr_par' dir='ltr' id='par_1_13' title="bbox 564 1108 2064 1184">
     <span class='ocr_line' id='line_1_13' title="bbox 564 1108 2064 1184; baseline -0.005 -19"><span class='ocrx_word' id='word_1_81' title='bbox 564 1139 579 1165; x_wconf 73' lang='grc' dir='ltr'><strong>ε</strong></span> <span class='ocrx_word' id='word_1_82' title='bbox 614 1119 758 1179; x_wconf 65' lang='lat' dir='ltr'><strong>vitm,</strong></span> <span class='ocrx_word' id='word_1_83' title='bbox 808 1112 1058 1184; x_wconf 80' lang='lat' dir='ltr'><strong>probatio</strong></span> <span class='ocrx_word' id='word_1_84' title='bbox 1129 1117 1184 1163; x_wconf 86' lang='lat' dir='ltr'><strong>et</strong></span> <span class='ocrx_word' id='word_1_85' title='bbox 1240 1108 1574 1177; x_wconf 85' lang='lat' dir='ltr'><strong>disciplina;</strong></span> <span class='ocrx_word' id='word_1_86' title='bbox 1631 1115 1686 1162; x_wconf 89' lang='lat' dir='ltr'><strong>et</strong></span> <span class='ocrx_word' id='word_1_87' title='bbox 1745 1109 2064 1160; x_wconf 85' lang='lat' dir='ltr'><strong>mandatum</strong></span> 
     </span>
    </p>
   </div>
   <div class='ocr_carea' id='block_1_14' title="bbox 568 1197 2068 1265">
    <p class='ocr_par' dir='ltr' id='par_1_14' title="bbox 568 1197 2068 1265">
     <span class='ocr_line' id='line_1_14' title="bbox 568 1197 2068 1265; baseline -0.008 -3"><span class='ocrx_word' id='word_1_88' title='bbox 568 1233 585 1262; x_wconf 76' lang='grc' dir='ltr'><strong>ι</strong></span> <span class='ocrx_word' id='word_1_89' title='bbox 625 1208 842 1261; x_wconf 83' lang='lat' dir='ltr'><strong>Domini</strong></span> <span class='ocrx_word' id='word_1_90' title='bbox 885 1204 1154 1265; x_wconf 88' lang='lat' dir='ltr'><strong>lucidum,</strong></span> <span class='ocrx_word' id='word_1_91' title='bbox 1183 1201 1505 1255; x_wconf 85' lang='lat' dir='ltr'><strong>illuminans</strong></span> <span class='ocrx_word' id='word_1_92' title='bbox 1549 1200 1764 1254; x_wconf 88' lang='lat' dir='ltr'><strong>oculos.</strong></span> <span class='ocrx_word' id='word_1_93' title='bbox 1792 1197 1870 1252; x_wconf 84' lang='lat' dir='ltr'><strong>Ne</strong></span> <span class='ocrx_word' id='word_1_94' title='bbox 1906 1199 2068 1252; x_wconf 86' lang='lat' dir='ltr'><strong>liceat</strong></span> 
     </span>
    </p>
   </div>
   <div class='ocr_carea' id='block_1_15' title="bbox 573 1269 2070 1363">
    <p class='ocr_par' dir='ltr' id='par_1_15' title="bbox 573 1269 2070 1363">
     <span class='ocr_line' id='line_1_15' title="bbox 573 1269 2070 1363; baseline -0.005 -13"><span class='ocrx_word' id='word_1_95' title='bbox 573 1269 808 1353; x_wconf 46' lang='lat' dir='ltr'><strong>cautem</strong></span> <span class='ocrx_word' id='word_1_96' title='bbox 849 1295 1290 1363; x_wconf 69' lang='lat' dir='ltr'><strong>metropolitano,</strong></span> <span class='ocrx_word' id='word_1_97' title='bbox 1313 1309 1378 1345; x_wconf 83' lang='lat' dir='ltr'><strong>ex</strong></span> <span class='ocrx_word' id='word_1_98' title='bbox 1417 1292 1483 1345; x_wconf 93' lang='lat' dir='ltr'><strong>iis</strong></span> <span class='ocrx_word' id='word_1_99' title='bbox 1513 1299 1657 1360; x_wconf 58' lang='lat' dir='ltr'><strong>quae‘</strong></span> <span class='ocrx_word' id='word_1_100' title='bbox 1687 1306 1875 1345; x_wconf 77' lang='lat' dir='ltr'><strong>secum</strong></span> <span class='ocrx_word' id='word_1_101' title='bbox 1908 1290 2070 1344; x_wconf 74' lang='lat' dir='ltr'><strong>affert</strong></span> 
     </span>
    </p>
   </div>
   <div class='ocr_carea' id='block_1_16' title="bbox 576 1382 2063 1458">
    <p class='ocr_par' dir='ltr' id='par_1_16' title="bbox 576 1382 2063 1458">
     <span class='ocr_line' id='line_1_16' title="bbox 576 1382 2063 1458; baseline -0.002 -18"><span class='ocrx_word' id='word_1_102' title='bbox 576 1410 594 1440; x_wconf 72' lang='grc' dir='ltr'><strong>ι</strong></span> <span class='ocrx_word' id='word_1_103' title='bbox 630 1390 949 1458; x_wconf 84' lang='lat' dir='ltr'><strong>episcopus,</strong></span> <span class='ocrx_word' id='word_1_104' title='bbox 1003 1388 1087 1438; x_wconf 91' lang='lat' dir='ltr'><strong>vel</strong></span> <span class='ocrx_word' id='word_1_105' title='bbox 1141 1383 1456 1453; x_wconf 86' lang='lat' dir='ltr'><strong>jumentutn</strong></span> <span class='ocrx_word' id='word_1_106' title='bbox 1521 1383 1606 1437; x_wconf 86' lang='lat' dir='ltr'><strong>vel</strong></span> <span class='ocrx_word' id='word_1_107' title='bbox 1661 1382 1899 1452; x_wconf 71' lang='lat' dir='ltr'><strong>alitjuam</strong></span> <span class='ocrx_word' id='word_1_108' title='bbox 1951 1400 2063 1437; x_wconf 89' lang='lat' dir='ltr'><strong>rem</strong></span> 
     </span>
    </p>
   </div>
   <div class='ocr_carea' id='block_1_17' title="bbox 519 1474 2067 1554">
    <p class='ocr_par' dir='ltr' id='par_1_17' title="bbox 519 1474 2067 1554">
     <span class='ocr_line' id='line_1_17' title="bbox 519 1474 2067 1554; baseline -0.001 -22"><span class='ocrx_word' id='word_1_109' title='bbox 519 1545 533 1554; x_wconf 18' lang='grc' dir='ltr'>κ</span> <span class='ocrx_word' id='word_1_110' title='bbox 566 1503 581 1532; x_wconf 77' lang='grc' dir='ltr'><strong>ι</strong></span> <span class='ocrx_word' id='word_1_111' title='bbox 623 1482 784 1534; x_wconf 86' lang='lat' dir='ltr'><strong>aliam</strong></span> <span class='ocrx_word' id='word_1_112' title='bbox 828 1487 1036 1548; x_wconf 85' lang='lat' dir='ltr'><strong>petere.</strong></span> <span class='ocrx_word' id='word_1_113' title='bbox 1067 1475 1122 1530; x_wconf 92' lang='lat' dir='ltr'><strong>Si</strong></span> <span class='ocrx_word' id='word_1_114' title='bbox 1172 1476 1317 1528; x_wconf 90' lang='lat' dir='ltr'><strong>enim</strong></span> <span class='ocrx_word' id='word_1_115' title='bbox 1378 1475 1481 1528; x_wconf 84' lang='lat' dir='ltr'><strong>hoc</strong></span> <span class='ocrx_word' id='word_1_116' title='bbox 1528 1474 1726 1529; x_wconf 78' lang='lat' dir='ltr'><strong>fecisse</strong></span> <span class='ocrx_word' id='word_1_117' title='bbox 1779 1477 2067 1530; x_wconf 75' lang='lat' dir='ltr'><strong>convietus</strong></span> 
     </span>
    </p>
   </div>
   <div class='ocr_carea' id='block_1_18' title="bbox 567 1569 1491 1640">
    <p class='ocr_par' dir='ltr' id='par_1_18' title="bbox 567 1569 1491 1640">
     <span class='ocr_line' id='line_1_18' title="bbox 567 1569 1491 1640; baseline -0.004 -16"><span class='ocrx_word' id='word_1_118' title='bbox 567 1595 584 1624; x_wconf 74' lang='grc' dir='ltr'><strong>ε</strong></span> <span class='ocrx_word' id='word_1_119' title='bbox 627 1573 814 1638; x_wconf 80' lang='lat' dir='ltr'><strong>fuerit,</strong></span> <span class='ocrx_word' id='word_1_120' title='bbox 848 1571 1037 1626; x_wconf 84' lang='lat' dir='ltr'><strong>reddet</strong></span> <span class='ocrx_word' id='word_1_121' title='bbox 1065 1569 1491 1640; x_wconf 65' lang='lat' dir='ltr'><strong>quadruplum.»</strong></span> 
     </span>
    </p>
   </div>
   <div class='ocr_carea' id='block_1_19' title="bbox 2247 463 3771 535">
    <p class='ocr_par' dir='ltr' id='par_1_19' title="bbox 2247 463 3771 535">
     <span class='ocr_line' id='line_1_19' title="bbox 2247 463 3771 535; baseline 0.005 -23"><span class='ocrx_word' id='word_1_122' title='bbox 2247 480 2268 512; x_wconf 75' lang='grc' dir='ltr'>ι</span> <span class='ocrx_word' id='word_1_123' title='bbox 2311 476 2435 529; x_wconf 66' lang='grc' dir='ltr'><strong>τοι.)⁴</strong></span> <span class='ocrx_word' id='word_1_124' title='bbox 2483 463 2852 532; x_wconf 67' lang='grc' dir='ltr'>προφάσεως,</span> <span class='ocrx_word' id='word_1_125' title='bbox 2918 466 3031 526; x_wconf 89' lang='grc' dir='ltr'>τοῖς</span> <span class='ocrx_word' id='word_1_126' title='bbox 3082 468 3396 525; x_wconf 84' lang='grc' dir='ltr'>κανονικοῖς</span> <span class='ocrx_word' id='word_1_127' title='bbox 3458 467 3771 535; x_wconf 78' lang='grc' dir='ltr'><strong>ἐπιτιμίοις</strong></span> 
     </span>
    </p>
   </div>
   <div class='ocr_carea' id='block_1_20' title="bbox 2264 553 3778 627">
    <p class='ocr_par' dir='ltr' id='par_1_20' title="bbox 2264 553 3778 627">
     <span class='ocr_line' id='line_1_20' title="bbox 2264 553 3778 627; baseline 0.007 -26"><span class='ocrx_word' id='word_1_128' title='bbox 2264 572 2281 601; x_wconf 87' lang='grc'><strong><em>‹</em></strong></span> <span class='ocrx_word' id='word_1_129' title='bbox 2327 553 2658 606; x_wconf 70' lang='grc' dir='ltr'>ὑποκείσθω.</span> <span class='ocrx_word' id='word_1_130' title='bbox 2697 556 2810 622; x_wconf 74' lang='grc' dir='ltr'><strong>Τῆς</strong></span> <span class='ocrx_word' id='word_1_131' title='bbox 2835 555 2892 606; x_wconf 82' lang='grc' dir='ltr'><strong>δὲ</strong></span> <span class='ocrx_word' id='word_1_132' title='bbox 2922 556 3143 608; x_wconf 83' lang='grc' dir='ltr'><strong>συνόδου</strong></span> <span class='ocrx_word' id='word_1_133' title='bbox 3175 557 3478 627; x_wconf 77' lang='grc' dir='ltr'><strong>γενομένης</strong></span> <span class='ocrx_word' id='word_1_134' title='bbox 3506 561 3634 625; x_wconf 77' lang='grc' dir='ltr'>περὶ</span> <span class='ocrx_word' id='word_1_135' title='bbox 3667 577 3778 612; x_wconf 84' lang='grc' dir='ltr'>κα-</span> 
     </span>
    </p>
   </div>
   <div class='ocr_carea' id='block_1_21' title="bbox 2261 645 3774 720">
    <p class='ocr_par' dir='ltr' id='par_1_21' title="bbox 2261 645 3774 720">
     <span class='ocr_line' id='line_1_21' title="bbox 2261 645 3774 720; baseline 0.007 -25"><span class='ocrx_word' id='word_1_136' title='bbox 2261 665 2277 695; x_wconf 78' lang='grc' dir='ltr'>ι</span> <span class='ocrx_word' id='word_1_137' title='bbox 2322 645 2553 698; x_wconf 82' lang='grc' dir='ltr'>νονικῶν</span> <span class='ocrx_word' id='word_1_138' title='bbox 2585 649 2679 699; x_wconf 79' lang='grc' dir='ltr'><strong>καὶ</strong></span> <span class='ocrx_word' id='word_1_139' title='bbox 2706 648 3089 714; x_wconf 68' lang='grc' dir='ltr'>εὐαγγελικῶν</span> <span class='ocrx_word' id='word_1_140' title='bbox 3131 651 3500 720; x_wconf 71' lang='grc' dir='ltr'>πραγμάτων,</span> <span class='ocrx_word' id='word_1_141' title='bbox 3535 653 3617 705; x_wconf 77' lang='grc' dir='ltr'><strong>δεῖ</strong></span> <span class='ocrx_word' id='word_1_142' title='bbox 3649 657 3774 716; x_wconf 85' lang='grc' dir='ltr'>τοῖς</span> 
     </span>
    </p>
   </div>
   <div class='ocr_carea' id='block_1_22' title="bbox 2250 738 3772 816">
    <p class='ocr_par' dir='ltr' id='par_1_22' title="bbox 2250 738 3772 816">
     <span class='ocr_line' id='line_1_22' title="bbox 2250 738 3772 816; baseline 0.008 -28"><span class='ocrx_word' id='word_1_143' title='bbox 2250 757 2268 788; x_wconf 75' lang='grc' dir='ltr'>ι</span> <span class='ocrx_word' id='word_1_144' title='bbox 2315 738 2481 790; x_wconf 80' lang='grc' dir='ltr'>συναθ</span> <span class='ocrx_word' id='word_1_145' title='bbox 2493 738 2790 808; x_wconf 86' lang='grc' dir='ltr'>ροισθεῖσιν</span> <span class='ocrx_word' id='word_1_146' title='bbox 2818 752 3140 800; x_wconf 79' lang='grc' dir='ltr'>επισκοποις</span> <span class='ocrx_word' id='word_1_147' title='bbox 3165 745 3221 794; x_wconf 84' lang='grc' dir='ltr'>ὲν</span> <span class='ocrx_word' id='word_1_148' title='bbox 3264 744 3465 814; x_wconf 73' lang='grc' dir='ltr'>μελέτῃ</span> <span class='ocrx_word' id='word_1_149' title='bbox 3486 745 3581 796; x_wconf 65' lang='grc' dir='ltr'><strong>καὶ¹</strong></span> <span class='ocrx_word' id='word_1_150' title='bbox 3599 761 3772 816; x_wconf 84' lang='grc' dir='ltr'>φρον-</span> 
     </span>
    </p>
   </div>
   <div class='ocr_carea' id='block_1_23' title="bbox 2252 830 3769 903">
    <p class='ocr_par' dir='ltr' id='par_1_23' title="bbox 2252 830 3769 903">
     <span class='ocr_line' id='line_1_23' title="bbox 2252 830 3769 903; baseline 0.008 -22"><span class='ocrx_word' id='word_1_151' title='bbox 2252 850 2268 880; x_wconf 87' lang='grc' dir='ltr'><strong>ι</strong></span> <span class='ocrx_word' id='word_1_152' title='bbox 2309 831 2415 883; x_wconf 86' lang='grc' dir='ltr'>τίδι</span> <span class='ocrx_word' id='word_1_153' title='bbox 2463 830 2714 884; x_wconf 82' lang='grc' dir='ltr'>τίθεσθαι</span> <span class='ocrx_word' id='word_1_154' title='bbox 2765 832 2862 886; x_wconf 86' lang='grc' dir='ltr'><strong>τοῦ</strong></span> <span class='ocrx_word' id='word_1_155' title='bbox 2908 834 3278 903; x_wconf 82' lang='grc' dir='ltr'>φυλάττεσθαι</span> <span class='ocrx_word' id='word_1_156' title='bbox 3321 838 3421 900; x_wconf 78' lang='grc' dir='ltr'><strong>τὰς</strong></span> <span class='ocrx_word' id='word_1_157' title='bbox 3473 837 3628 902; x_wconf 88' lang='grc' dir='ltr'>θείας</span> <span class='ocrx_word' id='word_1_158' title='bbox 3663 841 3769 893; x_wconf 75' lang='grc' dir='ltr'>καὶ</span> 
     </span>
    </p>
   </div>
   <div class='ocr_carea' id='block_1_24' title="bbox 2250 922 3768 1001">
    <p class='ocr_par' dir='ltr' id='par_1_24' title="bbox 2250 922 3768 1001">
     <span class='ocr_line' id='line_1_24' title="bbox 2250 922 3768 1001; baseline 0.007 -29"><span class='ocrx_word' id='word_1_159' title='bbox 2250 940 2269 972; x_wconf 86' lang='grc'><strong><em>‹</em></strong></span> <span class='ocrx_word' id='word_1_160' title='bbox 2317 922 2619 986; x_wconf 79' lang='grc' dir='ltr'>ζωοποιοὺς</span> <span class='ocrx_word' id='word_1_161' title='bbox 2642 925 2864 988; x_wconf 76' lang='grc' dir='ltr'>ἐντολὰς</span> <span class='ocrx_word' id='word_1_162' title='bbox 2889 926 2985 979; x_wconf 87' lang='grc' dir='ltr'><strong>τοῦ</strong></span> <span class='ocrx_word' id='word_1_163' title='bbox 3005 927 3163 984; x_wconf 86' lang='grc' dir='ltr'>Θεοῦ.</span> <span class='ocrx_word' id='word_1_164' title='bbox 3196 923 3284 982; x_wconf 84' lang='grc' dir='ltr'>Ἐν</span> <span class='ocrx_word' id='word_1_165' title='bbox 3306 930 3412 998; x_wconf 82' lang='grc' dir='ltr'><strong>γὰρ</strong></span> <span class='ocrx_word' id='word_1_166' title='bbox 3438 929 3516 1001; x_wconf 80' lang='grc' dir='ltr'>τῷ</span> <span class='ocrx_word' id='word_1_167' title='bbox 3548 933 3768 1001; x_wconf 72' lang='grc' dir='ltr'>φυλάσ-</span> 
     </span>
    </p>
   </div>
   <div class='ocr_carea' id='block_1_25' title="bbox 2247 1013 3768 1091">
    <p class='ocr_par' dir='ltr' id='par_1_25' title="bbox 2247 1013 3768 1091">
     <span class='ocr_line' id='line_1_25' title="bbox 2247 1013 3768 1091; baseline 0.009 -27"><span class='ocrx_word' id='word_1_168' title='bbox 2247 1031 2264 1062; x_wconf 79' lang='grc' dir='ltr'>ι</span> <span class='ocrx_word' id='word_1_169' title='bbox 2312 1013 2502 1066; x_wconf 83' lang='grc' dir='ltr'>σεσθαι</span> <span class='ocrx_word' id='word_1_170' title='bbox 2552 1016 2722 1078; x_wconf 69' lang='grc' dir='ltr'>αὑτὰς</span> <span class='ocrx_word' id='word_1_171' title='bbox 2777 1019 3145 1083; x_wconf 81' lang='grc' dir='ltr'>ἁνταπόδοσις</span> <span class='ocrx_word' id='word_1_172' title='bbox 3187 1020 3382 1091; x_wconf 82' lang='grc' dir='ltr'>πολλὴ,</span> <span class='ocrx_word' id='word_1_173' title='bbox 3416 1022 3496 1076; x_wconf 86' lang='grc' dir='ltr'><strong>ὃτι</strong></span> <span class='ocrx_word' id='word_1_174' title='bbox 3541 1026 3768 1078; x_wconf 73' lang='grc' dir='ltr'>καὶλύ-</span> 
     </span>
    </p>
   </div>
   <div class='ocr_carea' id='block_1_26' title="bbox 2248 1293 3764 1378">
    <p class='ocr_par' dir='ltr' id='par_1_26' title="bbox 2248 1293 3764 1378">
     <span class='ocr_line' id='line_1_26' title="bbox 2248 1293 3764 1378; baseline 0.01 -38"><span class='ocrx_word' id='word_1_175' title='bbox 2248 1309 2267 1340; x_wconf 76' lang='grc' dir='ltr'>ι</span> <span class='ocrx_word' id='word_1_176' title='bbox 2315 1293 2631 1358; x_wconf 76' lang='grc' dir='ltr'>φωτίζουσα</span> <span class='ocrx_word' id='word_1_177' title='bbox 2678 1294 3013 1363; x_wconf 75' lang='grc' dir='ltr'>ὀφθαλμούς.</span> <span class='ocrx_word' id='word_1_178' title='bbox 3047 1299 3140 1370; x_wconf 79' lang='grc' dir='ltr'><strong>Μὴ</strong></span> <span class='ocrx_word' id='word_1_179' title='bbox 3178 1300 3325 1368; x_wconf 81' lang='grc' dir='ltr'>ἔχειν</span> <span class='ocrx_word' id='word_1_180' title='bbox 3351 1302 3408 1354; x_wconf 84' lang='grc' dir='ltr'>δὲ</span> <span class='ocrx_word' id='word_1_181' title='bbox 3455 1303 3640 1378; x_wconf 75' lang='grc' dir='ltr'>ᾇδειαν</span> <span class='ocrx_word' id='word_1_182' title='bbox 3668 1305 3764 1358; x_wconf 79' lang='grc' dir='ltr'><strong>τὸν</strong></span> 
     </span>
    </p>
   </div>
   <div class='ocr_carea' id='block_1_27' title="bbox 2249 1382 3766 1461">
    <p class='ocr_par' dir='ltr' id='par_1_27' title="bbox 2249 1382 3766 1461">
     <span class='ocr_line' id='line_1_27' title="bbox 2249 1382 3766 1461; baseline 0.009 -27"><span class='ocrx_word' id='word_1_183' title='bbox 2249 1403 2266 1434; x_wconf 81' lang='grc' dir='ltr'>ι</span> <span class='ocrx_word' id='word_1_184' title='bbox 2316 1386 2748 1456; x_wconf 80' lang='grc' dir='ltr'>μητροπολίτην,</span> <span class='ocrx_word' id='word_1_185' title='bbox 2796 1388 2856 1452; x_wconf 83' lang='grc' dir='ltr'>ἐξ</span> <span class='ocrx_word' id='word_1_186' title='bbox 2901 1382 2978 1440; x_wconf 84' lang='grc' dir='ltr'>ὦν</span> <span class='ocrx_word' id='word_1_187' title='bbox 3026 1391 3353 1461; x_wconf 78' lang='grc' dir='ltr'>ἐπιφέρεται</span> <span class='ocrx_word' id='word_1_188' title='bbox 3390 1393 3418 1445; x_wconf 81' lang='grc' dir='ltr'>ὁ</span> <span class='ocrx_word' id='word_1_189' title='bbox 3457 1393 3766 1456; x_wconf 76' lang='grc' dir='ltr'><strong>ἐπίσκοπος</strong></span> 
     </span>
    </p>
   </div>
   <div class='ocr_carea' id='block_1_28' title="bbox 2245 1478 3762 1554">
    <p class='ocr_par' dir='ltr' id='par_1_28' title="bbox 2245 1478 3762 1554">
     <span class='ocr_line' id='line_1_28' title="bbox 2245 1478 3762 1554; baseline 0.008 -26"><span class='ocrx_word' id='word_1_190' title='bbox 2245 1497 2262 1528; x_wconf 80' lang='grc' dir='ltr'>ι</span> <span class='ocrx_word' id='word_1_191' title='bbox 2314 1479 2434 1546; x_wconf 73' lang='grc' dir='ltr'>μετ’</span> <span class='ocrx_word' id='word_1_192' title='bbox 2456 1478 2644 1540; x_wconf 77' lang='grc' dir='ltr'>αὑτοῦ,</span> <span class='ocrx_word' id='word_1_193' title='bbox 2668 1479 2700 1550; x_wconf 79' lang='grc' dir='ltr'>ἢ</span> <span class='ocrx_word' id='word_1_194' title='bbox 2730 1481 2930 1550; x_wconf 79' lang='grc' dir='ltr'>κτῆνος</span> <span class='ocrx_word' id='word_1_195' title='bbox 2951 1482 2982 1553; x_wconf 83' lang='grc' dir='ltr'>ἢ</span> <span class='ocrx_word' id='word_1_196' title='bbox 3015 1484 3206 1554; x_wconf 83' lang='grc' dir='ltr'>ἓτερον</span> <span class='ocrx_word' id='word_1_197' title='bbox 3225 1481 3364 1549; x_wconf 80' lang='grc' dir='ltr'>εἶδος</span> <span class='ocrx_word' id='word_1_198' title='bbox 3385 1489 3643 1540; x_wconf 82' lang='grc' dir='ltr'><strong>ἀπαιτεῖν</strong></span> <span class='ocrx_word' id='word_1_199' title='bbox 3678 1503 3690 1514; x_wconf 91' lang='grc'><strong>·</strong></span> <span class='ocrx_word' id='word_1_200' title='bbox 3712 1491 3762 1540; x_wconf 81' lang='grc' dir='ltr'><strong>εί</strong></span> 
     </span>
    </p>
   </div>
   <div class='ocr_carea' id='block_1_29' title="bbox 2245 1572 3762 1652">
    <p class='ocr_par' dir='ltr' id='par_1_29' title="bbox 2245 1572 3762 1652">
     <span class='ocr_line' id='line_1_29' title="bbox 2245 1572 3762 1652; baseline 0.009 -32"><span class='ocrx_word' id='word_1_201' title='bbox 2245 1591 2264 1620; x_wconf 72' lang='grc' dir='ltr'><strong>ε</strong></span> <span class='ocrx_word' id='word_1_202' title='bbox 2311 1575 2418 1641; x_wconf 72' lang='grc' dir='ltr'>γὰρ</span> <span class='ocrx_word' id='word_1_203' title='bbox 2455 1572 2615 1626; x_wconf 83' lang='grc' dir='ltr'>τοῦτο</span> <span class='ocrx_word' id='word_1_204' title='bbox 2645 1574 2881 1647; x_wconf 77' lang='grc' dir='ltr'><strong>ἐλεγχθῇ</strong></span> <span class='ocrx_word' id='word_1_205' title='bbox 2912 1577 3262 1648; x_wconf 87' lang='grc' dir='ltr'>πεποιηκὼς,</span> <span class='ocrx_word' id='word_1_206' title='bbox 3293 1579 3762 1652; x_wconf 86' lang='grc' dir='ltr'>ἁποτίσειτετρα-</span> 
     </span>
    </p>
   </div>
   <div class='ocr_carea' id='block_1_30' title="bbox 2248 1663 2618 1717">
    <p class='ocr_par' dir='ltr' id='par_1_30' title="bbox 2248 1663 2618 1717">
     <span class='ocr_line' id='line_1_30' title="bbox 2248 1663 2618 1717; baseline 0.011 -5"><span class='ocrx_word' id='word_1_207' title='bbox 2248 1680 2266 1712; x_wconf 80' lang='grc' dir='ltr'>ι</span> <span class='ocrx_word' id='word_1_208' title='bbox 2309 1663 2556 1717; x_wconf 80' lang='grc' dir='ltr'>πλάσιον.</span> <span class='ocrx_word' id='word_1_209' title='bbox 2599 1684 2618 1716; x_wconf 73' lang='grc' dir='ltr'><strong>ι</strong></span> 
     </span>
    </p>
   </div>
   <div class='ocr_carea' id='block_1_31' title="bbox 556 1743 2044 1832">
    <p class='ocr_par' dir='ltr' id='par_1_31' title="bbox 556 1749 2044 1824">
     <span class='ocr_line' id='line_1_31' title="bbox 556 1749 2044 1824; baseline 0.003 -20"><span class='ocrx_word' id='word_1_210' title='bbox 556 1749 752 1804; x_wconf 81' lang='lat' dir='ltr'><strong>BALS.</strong></span> <span class='ocrx_word' id='word_1_211' title='bbox 786 1750 920 1805; x_wconf 89' lang='lat' dir='ltr'><strong>Cum</strong></span> <span class='ocrx_word' id='word_1_212' title='bbox 991 1750 1196 1804; x_wconf 77' lang='lat' dir='ltr'><strong>diversi</strong></span> <span class='ocrx_word' id='word_1_213' title='bbox 1241 1765 1484 1805; x_wconf 86' lang='lat' dir='ltr'><strong>canones</strong></span> <span class='ocrx_word' id='word_1_214' title='bbox 1523 1761 1802 1813; x_wconf 82' lang='lat' dir='ltr'><strong>statuant.</strong></span> <span class='ocrx_word' id='word_1_215' title='bbox 1843 1755 2044 1824; x_wconf 67' lang='lat' dir='ltr'><strong>quandi</strong></span> 
     </span>
    </p>
   </div>
   <div class='ocr_carea' id='block_1_32' title="bbox 2152 1743 3755 1832">
    <p class='ocr_par' dir='ltr' id='par_1_32' title="bbox 2241 1751 3755 1832">
     <span class='ocr_line' id='line_1_32' title="bbox 2241 1751 3755 1832; baseline 0.011 -30"><span class='ocrx_word' id='word_1_216' title='bbox 2241 1751 2441 1805; x_wconf 83' lang='grc' dir='ltr'><strong>ΒΑΛΣ.</strong></span> <span class='ocrx_word' id='word_1_217' title='bbox 2508 1755 2774 1810; x_wconf 87' lang='grc' dir='ltr'>Κανόνων</span> <span class='ocrx_word' id='word_1_218' title='bbox 2845 1757 3125 1830; x_wconf 67' lang='grc' dir='ltr'>διαιξόρων</span> <span class='ocrx_word' id='word_1_219' title='bbox 3187 1759 3578 1832; x_wconf 78' lang='grc' dir='ltr'><strong>διοριζομένων</strong></span> <span class='ocrx_word' id='word_1_220' title='bbox 3629 1764 3755 1819; x_wconf 70' lang='grc' dir='ltr'>πότε</span> 
     </span>
    </p>
   </div>
   <div class='ocr_carea' id='block_1_33' title="bbox 486 1843 2061 1914">
    <p class='ocr_par' dir='ltr' id='par_1_33' title="bbox 486 1843 2061 1914">
     <span class='ocr_line' id='line_1_33' title="bbox 486 1843 2061 1914; baseline -0.001 -16"><span class='ocrx_word' id='word_1_221' title='bbox 486 1847 600 1901; x_wconf 76' lang='lat' dir='ltr'><strong>fieri</strong></span> <span class='ocrx_word' id='word_1_222' title='bbox 629 1845 865 1898; x_wconf 85' lang='lat' dir='ltr'><strong>debeant</strong></span> <span class='ocrx_word' id='word_1_223' title='bbox 899 1843 1119 1914; x_wconf 88' lang='lat' dir='ltr'><strong>synodi,</strong></span> <span class='ocrx_word' id='word_1_224' title='bbox 1158 1854 1212 1897; x_wconf 90' lang='lat' dir='ltr'><strong>et</strong></span> <span class='ocrx_word' id='word_1_225' title='bbox 1241 1843 1334 1896; x_wconf 89' lang='lat' dir='ltr'><strong>alii</strong></span> <span class='ocrx_word' id='word_1_226' title='bbox 1367 1843 1590 1914; x_wconf 82' lang='lat' dir='ltr'><strong>quidem</strong></span> <span class='ocrx_word' id='word_1_227' title='bbox 1618 1847 1790 1900; x_wconf 84' lang='lat' dir='ltr'><strong>semel</strong></span> <span class='ocrx_word' id='word_1_228' title='bbox 1825 1848 1878 1901; x_wconf 90' lang='lat' dir='ltr'><strong>in</strong></span> <span class='ocrx_word' id='word_1_229' title='bbox 1916 1863 2061 1901; x_wconf 86' lang='lat' dir='ltr'><strong>anno</strong></span> 
     </span>
    </p>
   </div>
   <div class='ocr_carea' id='block_1_34' title="bbox 481 1937 2060 2008">
    <p class='ocr_par' dir='ltr' id='par_1_34' title="bbox 481 1937 2060 2008">
     <span class='ocr_line' id='line_1_34' title="bbox 481 1937 2060 2008; baseline 0.001 -17"><span class='ocrx_word' id='word_1_230' title='bbox 481 1937 778 1991; x_wconf 79' lang='lat' dir='ltr'><strong>convenire</strong></span> <span class='ocrx_word' id='word_1_231' title='bbox 836 1946 1088 2006; x_wconf 81' lang='lat' dir='ltr'><strong>oportere</strong></span> <span class='ocrx_word' id='word_1_232' title='bbox 1146 1937 1514 2004; x_wconf 78' lang='lat' dir='ltr'><strong>provinciales</strong></span> <span class='ocrx_word' id='word_1_233' title='bbox 1576 1939 2060 2008; x_wconf 53' lang='lat' dir='ltr'><strong>episcopos,.alii</strong></span> 
     </span>
    </p>
   </div>
   <div class='ocr_carea' id='block_1_35' title="bbox 479 2029 2060 2102">
    <p class='ocr_par' dir='ltr' id='par_1_35' title="bbox 479 2029 2060 2102">
     <span class='ocr_line' id='line_1_35' title="bbox 479 2029 2060 2102; baseline 0.001 -20"><span class='ocrx_word' id='word_1_234' title='bbox 479 2036 609 2084; x_wconf 67' lang='lat' dir='ltr'><strong>vero</strong></span> <span class='ocrx_word' id='word_1_235' title='bbox 644 2029 726 2084; x_wconf 88' lang='lat' dir='ltr'><strong>bis</strong></span> <span class='ocrx_word' id='word_1_236' title='bbox 750 2031 804 2082; x_wconf 93' lang='lat' dir='ltr'><strong>in</strong></span> <span class='ocrx_word' id='word_1_237' title='bbox 837 2031 1232 2102; x_wconf 53' lang='lat' dir='ltr'><strong>anno‘dicaot:</strong></span> <span class='ocrx_word' id='word_1_238' title='bbox 1265 2031 1350 2083; x_wconf 85' lang='lat' dir='ltr'><strong>hic</strong></span> <span class='ocrx_word' id='word_1_239' title='bbox 1375 2046 1574 2096; x_wconf 85' lang='lat' dir='ltr'><strong>canon,</strong></span> <span class='ocrx_word' id='word_1_240' title='bbox 1613 2031 1683 2085; x_wconf 88' lang='lat' dir='ltr'><strong>ob</strong></span> <span class='ocrx_word' id='word_1_241' title='bbox 1705 2033 1920 2088; x_wconf 88' lang='lat' dir='ltr'><strong>itineris</strong></span> <span class='ocrx_word' id='word_1_242' title='bbox 1945 2050 2060 2086; x_wconf 88' lang='lat' dir='ltr'><strong>mo-</strong></span> 
     </span>
    </p>
   </div>
   <div class='ocr_carea' id='block_1_36' title="bbox 478 2123 2058 2194">
    <p class='ocr_par' dir='ltr' id='par_1_36' title="bbox 478 2123 2058 2194">
     <span class='ocr_line' id='line_1_36' title="bbox 478 2123 2058 2194; baseline 0.004 -18"><span class='ocrx_word' id='word_1_243' title='bbox 478 2123 692 2178; x_wconf 87' lang='lat' dir='ltr'><strong>lestiam</strong></span> <span class='ocrx_word' id='word_1_244' title='bbox 734 2125 1031 2191; x_wconf 80' lang='lat' dir='ltr'><strong>episcOpis,</strong></span> <span class='ocrx_word' id='word_1_245' title='bbox 1085 2131 1340 2175; x_wconf 80' lang='lat' dir='ltr'><strong>octavum</strong></span> <span class='ocrx_word' id='word_1_246' title='bbox 1372 2138 1638 2176; x_wconf 86' lang='lat' dir='ltr'><strong>eanooem</strong></span> <span class='ocrx_word' id='word_1_247' title='bbox 1669 2132 1837 2178; x_wconf 77' lang='lat' dir='ltr'><strong>sextae</strong></span> <span class='ocrx_word' id='word_1_248' title='bbox 1861 2126 2058 2194; x_wconf 86' lang='lat' dir='ltr'><strong>synodi</strong></span> 
     </span>
    </p>
   </div>
   <div class='ocr_carea' id='block_1_37' title="bbox 476 2213 2057 2283">
    <p class='ocr_par' dir='ltr' id='par_1_37' title="bbox 476 2213 2057 2283">
     <span class='ocr_line' id='line_1_37' title="bbox 476 2213 2057 2283; baseline 0 -14"><span class='ocrx_word' id='word_1_249' title='bbox 476 2225 699 2269; x_wconf 88' lang='lat' dir='ltr'><strong>secutus</strong></span> <span class='ocrx_word' id='word_1_250' title='bbox 730 2222 838 2279; x_wconf 80' lang='lat' dir='ltr'><strong>est,</strong></span> <span class='ocrx_word' id='word_1_251' title='bbox 885 2214 980 2283; x_wconf 91' lang='lat' dir='ltr'><strong>qui</strong></span> <span class='ocrx_word' id='word_1_252' title='bbox 1013 2213 1268 2268; x_wconf 88' lang='lat' dir='ltr'><strong>decernit</strong></span> <span class='ocrx_word' id='word_1_253' title='bbox 1305 2227 1402 2268; x_wconf 90' lang='lat' dir='ltr'><strong>eos</strong></span> <span class='ocrx_word' id='word_1_254' title='bbox 1435 2215 1603 2268; x_wconf 85' lang='lat' dir='ltr'><strong>semel</strong></span> <span class='ocrx_word' id='word_1_255' title='bbox 1649 2215 1703 2268; x_wconf 90' lang='lat' dir='ltr'><strong>in</strong></span> <span class='ocrx_word' id='word_1_256' title='bbox 1733 2231 1880 2269; x_wconf 87' lang='lat' dir='ltr'><strong>anno</strong></span> <span class='ocrx_word' id='word_1_257' title='bbox 1919 2231 2057 2271; x_wconf 89' lang='lat' dir='ltr'><strong>coo-</strong></span> 
     </span>
    </p>
   </div>
   <div class='ocr_carea' id='block_1_38' title="bbox 472 2306 2056 2387">
    <p class='ocr_par' dir='ltr' id='par_1_38' title="bbox 472 2306 2056 2387">
     <span class='ocr_line' id='line_1_38' title="bbox 472 2306 2056 2387; baseline 0.003 -29"><span class='ocrx_word' id='word_1_258' title='bbox 472 2307 687 2376; x_wconf 64' lang='lat' dir='ltr'><strong>greguri</strong></span> <span class='ocrx_word' id='word_1_259' title='bbox 712 2315 995 2376; x_wconf 77' lang='lat' dir='ltr'><strong>oportere,</strong></span> <span class='ocrx_word' id='word_1_260' title='bbox 1041 2316 1095 2359; x_wconf 91' lang='lat' dir='ltr'><strong>et</strong></span> <span class='ocrx_word' id='word_1_261' title='bbox 1125 2308 1207 2360; x_wconf 84' lang='lat' dir='ltr'><strong>sic</strong></span> <span class='ocrx_word' id='word_1_262' title='bbox 1244 2306 1556 2387; x_wconf 81' lang='lat' dir='ltr'><strong>faciendum</strong></span> <span class='ocrx_word' id='word_1_263' title='bbox 1586 2321 1732 2371; x_wconf 89' lang='lat' dir='ltr'><strong>esse,</strong></span> <span class='ocrx_word' id='word_1_264' title='bbox 1774 2307 1881 2361; x_wconf 87' lang='lat' dir='ltr'><strong>nisi</strong></span> <span class='ocrx_word' id='word_1_265' title='bbox 1905 2324 2056 2378; x_wconf 66' lang='lat' dir='ltr'><strong>quas-</strong></span> 
     </span>
    </p>
   </div>
   <div class='ocr_carea' id='block_1_39' title="bbox 375 2387 2059 2468">
    <p class='ocr_par' dir='ltr' id='par_1_39' title="bbox 375 2387 2059 2468">
     <span class='ocr_line' id='line_1_39' title="bbox 375 2387 2059 2468; baseline 0.002 -18"><span class='ocrx_word' id='word_1_266' title='bbox 375 2429 382 2434; x_wconf 88' lang='lat'><strong>-</strong></span> <span class='ocrx_word' id='word_1_267' title='bbox 472 2399 595 2451; x_wconf 85' lang='lat' dir='ltr'><strong>dam</strong></span> <span class='ocrx_word' id='word_1_268' title='bbox 631 2400 712 2451; x_wconf 84' lang='lat' dir='ltr'><strong>vis</strong></span> <span class='ocrx_word' id='word_1_269' title='bbox 739 2439 757 2463; x_wconf 89' lang='lat'><strong>,</strong></span> <span class='ocrx_word' id='word_1_270' title='bbox 802 2399 884 2452; x_wconf 87' lang='lat' dir='ltr'><strong>vel</strong></span> <span class='ocrx_word' id='word_1_271' title='bbox 916 2400 1239 2464; x_wconf 76' lang='lat' dir='ltr'><strong>necessitas,</strong></span> <span class='ocrx_word' id='word_1_272' title='bbox 1294 2401 1376 2453; x_wconf 87' lang='lat' dir='ltr'><strong>vel</strong></span> <span class='ocrx_word' id='word_1_273' title='bbox 1408 2415 1580 2453; x_wconf 76' lang='lat' dir='ltr'><strong>causa</strong></span> <span class='ocrx_word' id='word_1_274' title='bbox 1614 2387 1912 2468; x_wconf 80' lang='lat' dir='ltr'><strong>probabilis</strong></span> <span class='ocrx_word' id='word_1_275' title='bbox 1959 2404 2059 2454; x_wconf 89' lang='lat' dir='ltr'><strong>im-</strong></span> 
     </span>
    </p>
   </div>
   <div class='ocr_carea' id='block_1_40' title="bbox 472 2491 2057 2560">
    <p class='ocr_par' dir='ltr' id='par_1_40' title="bbox 472 2491 2057 2560">
     <span class='ocr_line' id='line_1_40' title="bbox 472 2491 2057 2560; baseline 0.002 -15"><span class='ocrx_word' id='word_1_276' title='bbox 472 2491 784 2560; x_wconf 84' lang='lat' dir='ltr'><strong>pedimento</strong></span> <span class='ocrx_word' id='word_1_277' title='bbox 811 2491 1000 2552; x_wconf 76' lang='lat' dir='ltr'><strong>fuerit,</strong></span> <span class='ocrx_word' id='word_1_278' title='bbox 1023 2494 1322 2560; x_wconf 84' lang='lat' dir='ltr'><strong>quominus</strong></span> <span class='ocrx_word' id='word_1_279' title='bbox 1366 2495 1730 2558; x_wconf 70' lang='lat' dir='ltr'><strong>conveniant;</strong></span> <span class='ocrx_word' id='word_1_280' title='bbox 1779 2496 2057 2548; x_wconf 80' lang='lat' dir='ltr'><strong>antistites</strong></span> 
     </span>
    </p>
   </div>
   <div class='ocr_carea' id='block_1_41' title="bbox 423 2583 2055 2653">
    <p class='ocr_par' dir='ltr' id='par_1_41' title="bbox 423 2583 2055 2653">
     <span class='ocr_line' id='line_1_41' title="bbox 423 2583 2055 2653; baseline 0.004 -19"><span class='ocrx_word' id='word_1_281' title='bbox 423 2629 428 2634; x_wconf 90' lang='lat'><strong>.</strong></span> <span class='ocrx_word' id='word_1_282' title='bbox 469 2593 676 2646; x_wconf 79' lang='lat' dir='ltr'><strong>autent,</strong></span> <span class='ocrx_word' id='word_1_283' title='bbox 701 2583 794 2652; x_wconf 85' lang='lat' dir='ltr'><strong>qui</strong></span> <span class='ocrx_word' id='word_1_284' title='bbox 826 2598 933 2636; x_wconf 90' lang='lat' dir='ltr'><strong>non</strong></span> <span class='ocrx_word' id='word_1_285' title='bbox 972 2583 1044 2636; x_wconf 86' lang='lat' dir='ltr'><strong>ita</strong></span> <span class='ocrx_word' id='word_1_286' title='bbox 1075 2584 1311 2647; x_wconf 73' lang='lat' dir='ltr'><strong>faciunt,</strong></span> <span class='ocrx_word' id='word_1_287' title='bbox 1354 2585 1532 2653; x_wconf 62' lang='lat' dir='ltr'><strong>poenis</strong></span> <span class='ocrx_word' id='word_1_288' title='bbox 1583 2586 1870 2640; x_wconf 86' lang='lat' dir='ltr'><strong>canonicis</strong></span> <span class='ocrx_word' id='word_1_289' title='bbox 1925 2589 2055 2640; x_wconf 90' lang='lat' dir='ltr'><strong>sub-</strong></span> 
     </span>
    </p>
   </div>
   <div class='ocr_carea' id='block_1_42' title="bbox 463 2674 2052 2749">
    <p class='ocr_par' dir='ltr' id='par_1_42' title="bbox 463 2674 2052 2749">
     <span class='ocr_line' id='line_1_42' title="bbox 463 2674 2052 2749; baseline 0.004 -23"><span class='ocrx_word' id='word_1_290' title='bbox 463 2674 561 2743; x_wconf 88' lang='lat' dir='ltr'><strong>jici</strong></span> <span class='ocrx_word' id='word_1_291' title='bbox 590 2689 604 2735; x_wconf 86' lang='lat'><strong>;</strong></span> <span class='ocrx_word' id='word_1_292' title='bbox 643 2674 740 2734; x_wconf 80' lang='lat' dir='ltr'><strong>sed</strong></span> <span class='ocrx_word' id='word_1_293' title='bbox 775 2681 830 2726; x_wconf 83' lang='lat' dir='ltr'><strong>‘et</strong></span> <span class='ocrx_word' id='word_1_294' title='bbox 863 2674 1055 2728; x_wconf 88' lang='lat' dir='ltr'><strong>civiles</strong></span> <span class='ocrx_word' id='word_1_295' title='bbox 1105 2676 1481 2745; x_wconf 82' lang='lat' dir='ltr'><strong>magistratus,</strong></span> <span class='ocrx_word' id='word_1_296' title='bbox 1507 2676 1603 2746; x_wconf 88' lang='lat' dir='ltr'><strong>qui</strong></span> <span class='ocrx_word' id='word_1_297' title='bbox 1635 2677 1739 2732; x_wconf 90' lang='lat' dir='ltr'><strong>hoc</strong></span> <span class='ocrx_word' id='word_1_298' title='bbox 1770 2678 1888 2732; x_wconf 82' lang='lat' dir='ltr'><strong>ﬁeri</strong></span> <span class='ocrx_word' id='word_1_299' title='bbox 1923 2694 2052 2749; x_wconf 87' lang='lat' dir='ltr'><strong>pro-</strong></span> 
     </span>
    </p>
   </div>
   <div class='ocr_carea' id='block_1_43' title="bbox 470 2764 2050 2844">
    <p class='ocr_par' dir='ltr' id='par_1_43' title="bbox 470 2764 2050 2844">
     <span class='ocr_line' id='line_1_43' title="bbox 470 2764 2050 2844; baseline 0.004 -26"><span class='ocrx_word' id='word_1_300' title='bbox 470 2767 682 2831; x_wconf 86' lang='lat' dir='ltr'><strong>hibent,</strong></span> <span class='ocrx_word' id='word_1_301' title='bbox 720 2768 1022 2836; x_wconf 82' lang='lat' dir='ltr'><strong>segregari.</strong></span> <span class='ocrx_word' id='word_1_302' title='bbox 1075 2764 1309 2830; x_wconf 75' lang='lat' dir='ltr'><strong>Quando</strong></span> <span class='ocrx_word' id='word_1_303' title='bbox 1361 2777 1544 2844; x_wconf 80' lang='lat' dir='ltr'><strong>autem</strong></span> <span class='ocrx_word' id='word_1_304' title='bbox 1597 2768 1786 2834; x_wconf 85' lang='lat' dir='ltr'><strong>fuerit,</strong></span> <span class='ocrx_word' id='word_1_305' title='bbox 1831 2770 2050 2841; x_wconf 86' lang='lat' dir='ltr'><strong>&#39;inquit,</strong></span> 
     </span>
    </p>
   </div>
   <div class='ocr_carea' id='block_1_44' title="bbox 459 2855 2054 2933">
    <p class='ocr_par' dir='ltr' id='par_1_44' title="bbox 459 2855 2054 2933">
     <span class='ocr_line' id='line_1_44' title="bbox 459 2855 2054 2933; baseline 0.007 -25"><span class='ocrx_word' id='word_1_306' title='bbox 459 2855 614 2910; x_wconf 73' lang='lat' dir='ltr'><strong>Tacta</strong></span> <span class='ocrx_word' id='word_1_307' title='bbox 644 2857 913 2927; x_wconf 86' lang='lat' dir='ltr'><strong>synodus,</strong></span> <span class='ocrx_word' id='word_1_308' title='bbox 942 2857 1144 2911; x_wconf 87' lang='lat' dir='ltr'><strong>debent</strong></span> <span class='ocrx_word' id='word_1_309' title='bbox 1197 2859 1438 2930; x_wconf 89' lang='lat' dir='ltr'><strong>episcopi</strong></span> <span class='ocrx_word' id='word_1_310' title='bbox 1489 2876 1680 2916; x_wconf 84' lang='lat' dir='ltr'><strong>curam</strong></span> <span class='ocrx_word' id='word_1_311' title='bbox 1742 2879 1954 2933; x_wconf 84' lang='lat' dir='ltr'><strong>gerere,</strong></span> <span class='ocrx_word' id='word_1_312' title='bbox 1994 2874 2054 2918; x_wconf 91' lang='lat' dir='ltr'><strong>ut</strong></span> 
     </span>
    </p>
   </div>
   <div class='ocr_carea' id='block_1_45' title="bbox 466 2949 2054 3019">
    <p class='ocr_par' dir='ltr' id='par_1_45' title="bbox 466 2949 2054 3019">
     <span class='ocr_line' id='line_1_45' title="bbox 466 2949 2054 3019; baseline 0.004 -15"><span class='ocrx_word' id='word_1_313' title='bbox 466 2949 797 3019; x_wconf 64' lang='lat' dir='ltr'><strong>evangelica:</strong></span> <span class='ocrx_word' id='word_1_314' title='bbox 819 2960 873 3004; x_wconf 89' lang='lat' dir='ltr'><strong>et</strong></span> <span class='ocrx_word' id='word_1_315' title='bbox 898 2949 1180 3006; x_wconf 61' lang='lat' dir='ltr'><strong>canonica:</strong></span> <span class='ocrx_word' id='word_1_316' title='bbox 1240 2951 1571 3010; x_wconf 88' lang='lat' dir='ltr'><strong>traditiones</strong></span> <span class='ocrx_word' id='word_1_317' title='bbox 1642 2965 1937 3012; x_wconf 82' lang='lat' dir='ltr'><strong>serventur</strong></span> <span class='ocrx_word' id='word_1_318' title='bbox 1993 2967 2054 3011; x_wconf 87' lang='lat' dir='ltr'><strong>et</strong></span> 
     </span>
    </p>
   </div>
   <div class='ocr_carea' id='block_1_46' title="bbox 464 3041 2049 3120">
    <p class='ocr_par' dir='ltr' id='par_1_46' title="bbox 464 3041 2049 3120">
     <span class='ocr_line' id='line_1_46' title="bbox 464 3041 2049 3120; baseline 0.006 -26"><span class='ocrx_word' id='word_1_319' title='bbox 464 3042 573 3095; x_wconf 89' lang='lat' dir='ltr'><strong>alia</strong></span> <span class='ocrx_word' id='word_1_320' title='bbox 607 3042 701 3095; x_wconf 88' lang='lat' dir='ltr'><strong>Dei</strong></span> <span class='ocrx_word' id='word_1_321' title='bbox 735 3041 1016 3096; x_wconf 86' lang='lat' dir='ltr'><strong>mandata.</strong></span> <span class='ocrx_word' id='word_1_322' title='bbox 1050 3042 1118 3097; x_wconf 86' lang='lat' dir='ltr'><strong>Et</strong></span> <span class='ocrx_word' id='word_1_323' title='bbox 1155 3056 1284 3099; x_wconf 90' lang='lat' dir='ltr'><strong>sunt</strong></span> <span class='ocrx_word' id='word_1_324' title='bbox 1331 3047 1613 3103; x_wconf 65' lang='lat' dir='ltr'><strong>canonica:</strong></span> <span class='ocrx_word' id='word_1_325' title='bbox 1676 3051 1897 3120; x_wconf 87' lang='lat' dir='ltr'><strong>quidem</strong></span> <span class='ocrx_word' id='word_1_326' title='bbox 1937 3060 2049 3104; x_wconf 90' lang='lat' dir='ltr'><strong>tra-</strong></span> 
     </span>
    </p>
   </div>
   <div class='ocr_carea' id='block_1_47' title="bbox 456 3131 2045 3205">
    <p class='ocr_par' dir='ltr' id='par_1_47' title="bbox 456 3131 2045 3205">
     <span class='ocr_line' id='line_1_47' title="bbox 456 3131 2045 3205; baseline 0.006 -21"><span class='ocrx_word' id='word_1_327' title='bbox 456 3131 729 3195; x_wconf 75' lang='lat' dir='ltr'><strong>‘ditiones,</strong></span> <span class='ocrx_word' id='word_1_328' title='bbox 789 3132 954 3200; x_wconf 77' lang='lat' dir='ltr'><strong>justa:</strong></span> <span class='ocrx_word' id='word_1_329' title='bbox 1010 3144 1065 3186; x_wconf 92' lang='lat' dir='ltr'><strong>et</strong></span> <span class='ocrx_word' id='word_1_330' title='bbox 1128 3133 1346 3203; x_wconf 85' lang='lat' dir='ltr'><strong>injustae</strong></span> <span class='ocrx_word' id='word_1_331' title='bbox 1408 3139 2045 3205; x_wconf 63' lang='lat' dir='ltr'><strong>etcommunicationes,</strong></span> 
     </span>
    </p>
   </div>
   <div class='ocr_carea' id='block_1_48' title="bbox 464 3223 2050 3297">
    <p class='ocr_par' dir='ltr' id='par_1_48' title="bbox 464 3223 2050 3297">
     <span class='ocr_line' id='line_1_48' title="bbox 464 3223 2050 3297; baseline 0.006 -21"><span class='ocrx_word' id='word_1_332' title='bbox 464 3223 798 3276; x_wconf 86' lang='lat' dir='ltr'><strong>clericorum</strong></span> <span class='ocrx_word' id='word_1_333' title='bbox 833 3224 1242 3291; x_wconf 86' lang='lat' dir='ltr'><strong>ordinationes,</strong></span> <span class='ocrx_word' id='word_1_334' title='bbox 1270 3226 1669 3297; x_wconf 83' lang='lat' dir='ltr'><strong>episcopalium</strong></span> <span class='ocrx_word' id='word_1_335' title='bbox 1709 3245 1895 3284; x_wconf 90' lang='lat' dir='ltr'><strong>rerum</strong></span> <span class='ocrx_word' id='word_1_336' title='bbox 1951 3234 2050 3286; x_wconf 71' lang='lat' dir='ltr'><strong>ad~</strong></span> 
     </span>
    </p>
   </div>
   <div class='ocr_carea' id='block_1_49' title="bbox 401 3313 2049 3389">
    <p class='ocr_par' dir='ltr' id='par_1_49' title="bbox 401 3313 2049 3389">
     <span class='ocr_line' id='line_1_49' title="bbox 401 3313 2049 3389; baseline 0.007 -24"><span class='ocrx_word' id='word_1_337' title='bbox 401 3352 409 3365; x_wconf 62' lang='grc' dir='ltr'>ι</span> <span class='ocrx_word' id='word_1_338' title='bbox 455 3313 923 3380; x_wconf 86' lang='lat' dir='ltr'><strong>ministrationes,</strong></span> <span class='ocrx_word' id='word_1_339' title='bbox 958 3324 1013 3370; x_wconf 88' lang='lat' dir='ltr'><strong>et</strong></span> <span class='ocrx_word' id='word_1_340' title='bbox 1043 3317 1282 3370; x_wconf 82' lang='lat' dir='ltr'><strong>similia:</strong></span> <span class='ocrx_word' id='word_1_341' title='bbox 1333 3322 1667 3389; x_wconf 76' lang='lat' dir='ltr'><strong>evangelicae</strong></span> <span class='ocrx_word' id='word_1_342' title='bbox 1708 3329 1894 3375; x_wconf 85' lang='lat' dir='ltr'><strong>autem</strong></span> <span class='ocrx_word' id='word_1_343' title='bbox 1933 3333 2049 3376; x_wconf 88' lang='lat' dir='ltr'><strong>tra-</strong></span> 
     </span>
    </p>
   </div>
   <div class='ocr_carea' id='block_1_50' title="bbox 464 3407 2049 3480">
    <p class='ocr_par' dir='ltr' id='par_1_50' title="bbox 464 3407 2049 3480">
     <span class='ocr_line' id='line_1_50' title="bbox 464 3407 2049 3480; baseline 0.006 -21"><span class='ocrx_word' id='word_1_344' title='bbox 464 3407 705 3460; x_wconf 84' lang='lat' dir='ltr'><strong>ditiones</strong></span> <span class='ocrx_word' id='word_1_345' title='bbox 746 3419 802 3462; x_wconf 91' lang='lat' dir='ltr'><strong>et</strong></span> <span class='ocrx_word' id='word_1_346' title='bbox 863 3410 1127 3461; x_wconf 86' lang='lat' dir='ltr'><strong>mandata</strong></span> <span class='ocrx_word' id='word_1_347' title='bbox 1185 3407 1318 3473; x_wconf 85' lang='lat' dir='ltr'><strong>Dei,</strong></span> <span class='ocrx_word' id='word_1_348' title='bbox 1378 3410 1644 3480; x_wconf 88' lang='lat' dir='ltr'><strong>baptizari</strong></span> <span class='ocrx_word' id='word_1_349' title='bbox 1712 3413 1768 3467; x_wconf 88' lang='lat' dir='ltr'><strong>in</strong></span> <span class='ocrx_word' id='word_1_350' title='bbox 1823 3416 2049 3470; x_wconf 87' lang='lat' dir='ltr'><strong>nomine</strong></span> 
     </span>
    </p>
   </div>
   <div class='ocr_carea' id='block_1_51' title="bbox 465 3496 2045 3573">
    <p class='ocr_par' dir='ltr' id='par_1_51' title="bbox 465 3496 2045 3573">
     <span class='ocr_line' id='line_1_51' title="bbox 465 3496 2045 3573; baseline 0.008 -22"><span class='ocrx_word' id='word_1_351' title='bbox 465 3496 669 3564; x_wconf 85' lang='lat' dir='ltr'><strong>Patris,</strong></span> <span class='ocrx_word' id='word_1_352' title='bbox 693 3510 747 3553; x_wconf 91' lang='lat' dir='ltr'><strong>et</strong></span> <span class='ocrx_word' id='word_1_353' title='bbox 779 3498 926 3566; x_wconf 87' lang='lat' dir='ltr'><strong>Filii,</strong></span> <span class='ocrx_word' id='word_1_354' title='bbox 959 3511 1010 3555; x_wconf 90' lang='lat' dir='ltr'><strong>et</strong></span> <span class='ocrx_word' id='word_1_355' title='bbox 1028 3500 1271 3572; x_wconf 84' lang='lat' dir='ltr'><strong>Spiritus</strong></span> <span class='ocrx_word' id='word_1_356' title='bbox 1303 3506 1482 3559; x_wconf 90' lang='lat' dir='ltr'><strong>sancti</strong></span> <span class='ocrx_word' id='word_1_357' title='bbox 1505 3521 1520 3558; x_wconf 90' lang='lat'><strong>:</strong></span> <span class='ocrx_word' id='word_1_358' title='bbox 1540 3504 1668 3560; x_wconf 85' lang='lat' dir='ltr'><strong>Non</strong></span> <span class='ocrx_word' id='word_1_359' title='bbox 1687 3511 2045 3573; x_wconf 72' lang='lat' dir='ltr'><strong>mwchaberis,</strong></span> 
     </span>
    </p>
   </div>
   <div class='ocr_carea' id='block_1_52' title="bbox 464 3595 2045 3667">
    <p class='ocr_par' dir='ltr' id='par_1_52' title="bbox 464 3595 2045 3667">
     <span class='ocr_line' id='line_1_52' title="bbox 464 3595 2045 3667; baseline 0.008 -21"><span class='ocrx_word' id='word_1_360' title='bbox 464 3611 567 3648; x_wconf 81' lang='lat' dir='ltr'><strong>non</strong></span> <span class='ocrx_word' id='word_1_361' title='bbox 620 3595 981 3660; x_wconf 78' lang='lat' dir='ltr'><strong>scortaberis,</strong></span> <span class='ocrx_word' id='word_1_362' title='bbox 1032 3612 1135 3649; x_wconf 82' lang='lat' dir='ltr'><strong>non</strong></span> <span class='ocrx_word' id='word_1_363' title='bbox 1193 3596 1397 3665; x_wconf 80' lang='lat' dir='ltr'><strong>falsum</strong></span> <span class='ocrx_word' id='word_1_364' title='bbox 1448 3600 1809 3654; x_wconf 80' lang='lat' dir='ltr'><strong>testimonium</strong></span> <span class='ocrx_word' id='word_1_365' title='bbox 1862 3603 2045 3667; x_wconf 76' lang='lat' dir='ltr'><strong>dices,</strong></span> 
     </span>
    </p>
   </div>
   <div class='ocr_carea' id='block_1_53' title="bbox 462 3687 2044 3763">
    <p class='ocr_par' dir='ltr' id='par_1_53' title="bbox 462 3687 2044 3763">
     <span class='ocr_line' id='line_1_53' title="bbox 462 3687 2044 3763; baseline 0.006 -20"><span class='ocrx_word' id='word_1_366' title='bbox 462 3695 518 3743; x_wconf 88' lang='lat' dir='ltr'><strong>et</strong></span> <span class='ocrx_word' id='word_1_367' title='bbox 545 3688 767 3742; x_wconf 87' lang='lat' dir='ltr'><strong>similia.</strong></span> <span class='ocrx_word' id='word_1_368' title='bbox 826 3687 1100 3753; x_wconf 83' lang='lat' dir='ltr'><strong>Quoniam</strong></span> <span class='ocrx_word' id='word_1_369' title='bbox 1159 3700 1341 3744; x_wconf 88' lang='lat' dir='ltr'><strong>autem</strong></span> <span class='ocrx_word' id='word_1_370' title='bbox 1385 3691 1775 3749; x_wconf 84' lang='lat' dir='ltr'><strong>intellexerunt</strong></span> <span class='ocrx_word' id='word_1_371' title='bbox 1827 3694 2044 3763; x_wconf 87' lang='lat' dir='ltr'><strong>Patres,</strong></span> 
     </span>
    </p>
   </div>
   <div class='ocr_carea' id='block_1_54' title="bbox 463 3779 2045 3869">
    <p class='ocr_par' dir='ltr' id='par_1_54' title="bbox 463 3779 2045 3869">
     <span class='ocr_line' id='line_1_54' title="bbox 463 3779 2045 3869; baseline 0.008 -38"><span class='ocrx_word' id='word_1_372' title='bbox 463 3779 682 3850; x_wconf 84' lang='lat' dir='ltr'><strong>quodin</strong></span> <span class='ocrx_word' id='word_1_373' title='bbox 707 3781 1099 3869; x_wconf 78' lang='lat' dir='ltr'><strong>episcoporum</strong></span> <span class='ocrx_word' id='word_1_374' title='bbox 1137 3782 1502 3837; x_wconf 75' lang='lat' dir='ltr'><strong>concionibus</strong></span> <span class='ocrx_word' id='word_1_375' title='bbox 1543 3787 1769 3854; x_wconf 89' lang='lat' dir='ltr'><strong>quidam</strong></span> <span class='ocrx_word' id='word_1_376' title='bbox 1835 3801 2045 3844; x_wconf 89' lang='lat' dir='ltr'><strong>metro-</strong></span> 
     </span>
    </p>
   </div>
   <div class='ocr_carea' id='block_1_55' title="bbox 465 3871 2044 3946">
    <p class='ocr_par' dir='ltr' id='par_1_55' title="bbox 465 3871 2044 3946">
     <span class='ocr_line' id='line_1_55' title="bbox 465 3871 2044 3946; baseline 0.004 -20"><span class='ocrx_word' id='word_1_377' title='bbox 465 3872 687 3942; x_wconf 88' lang='lat' dir='ltr'><strong>politani</strong></span> <span class='ocrx_word' id='word_1_378' title='bbox 739 3871 905 3924; x_wconf 87' lang='lat' dir='ltr'><strong>nimis</strong></span> <span class='ocrx_word' id='word_1_379' title='bbox 958 3887 1056 3925; x_wconf 84' lang='lat' dir='ltr'><strong>sua</strong></span> <span class='ocrx_word' id='word_1_380' title='bbox 1112 3878 1388 3940; x_wconf 85' lang='lat' dir='ltr'><strong>potestate</strong></span> <span class='ocrx_word' id='word_1_381' title='bbox 1428 3883 1482 3927; x_wconf 91' lang='lat' dir='ltr'><strong>et</strong></span> <span class='ocrx_word' id='word_1_382' title='bbox 1536 3874 1770 3946; x_wconf 87' lang='lat' dir='ltr'><strong>imperio</strong></span> <span class='ocrx_word' id='word_1_383' title='bbox 1831 3879 1888 3931; x_wconf 89' lang='lat' dir='ltr'><strong>in</strong></span> <span class='ocrx_word' id='word_1_384' title='bbox 1949 3894 2044 3934; x_wconf 91' lang='lat' dir='ltr'><strong>eos</strong></span> 
     </span>
    </p>
   </div>
   <div class='ocr_carea' id='block_1_56' title="bbox 466 3963 2040 4040">
    <p class='ocr_par' dir='ltr' id='par_1_56' title="bbox 466 3963 2040 4040">
     <span class='ocr_line' id='line_1_56' title="bbox 466 3963 2040 4040; baseline 0.006 -23"><span class='ocrx_word' id='word_1_385' title='bbox 466 3973 719 4027; x_wconf 88' lang='lat' dir='ltr'><strong>utuntur,</strong></span> <span class='ocrx_word' id='word_1_386' title='bbox 742 3971 796 4016; x_wconf 92' lang='lat' dir='ltr'><strong>et</strong></span> <span class='ocrx_word' id='word_1_387' title='bbox 829 3976 1007 4032; x_wconf 88' lang='lat' dir='ltr'><strong>equos</strong></span> <span class='ocrx_word' id='word_1_388' title='bbox 1044 3963 1112 4017; x_wconf 88' lang='lat' dir='ltr'><strong>ab</strong></span> <span class='ocrx_word' id='word_1_389' title='bbox 1141 3964 1247 4025; x_wconf 87' lang='lat' dir='ltr'><strong>eis,</strong></span> <span class='ocrx_word' id='word_1_390' title='bbox 1296 3967 1383 4018; x_wconf 88' lang='lat' dir='ltr'><strong>vel</strong></span> <span class='ocrx_word' id='word_1_391' title='bbox 1424 3965 1605 4036; x_wconf 87' lang='lat' dir='ltr'><strong>aliqua</strong></span> <span class='ocrx_word' id='word_1_392' title='bbox 1637 3968 1742 4023; x_wconf 86' lang='lat' dir='ltr'><strong>alia</strong></span> <span class='ocrx_word' id='word_1_393' title='bbox 1789 3971 2040 4040; x_wconf 79' lang='lat' dir='ltr'><strong>exigunt,</strong></span> 
     </span>
    </p>
   </div>
   <div class='ocr_carea' id='block_1_57' title="bbox 464 4055 2038 4130">
    <p class='ocr_par' dir='ltr' id='par_1_57' title="bbox 464 4055 2038 4130">
     <span class='ocr_line' id='line_1_57' title="bbox 464 4055 2038 4130; baseline 0.006 -23"><span class='ocrx_word' id='word_1_394' title='bbox 464 4055 516 4107; x_wconf 89' lang='lat' dir='ltr'><strong>id</strong></span> <span class='ocrx_word' id='word_1_395' title='bbox 540 4069 760 4123; x_wconf 88' lang='lat' dir='ltr'><strong>quoque</strong></span> <span class='ocrx_word' id='word_1_396' title='bbox 800 4067 1022 4112; x_wconf 80' lang='lat' dir='ltr'><strong>cessare</strong></span> <span class='ocrx_word' id='word_1_397' title='bbox 1055 4060 1390 4119; x_wconf 86' lang='lat' dir='ltr'><strong>statuerunt,</strong></span> <span class='ocrx_word' id='word_1_398' title='bbox 1437 4067 1492 4110; x_wconf 90' lang='lat' dir='ltr'><strong>et</strong></span> <span class='ocrx_word' id='word_1_399' title='bbox 1523 4061 2038 4130; x_wconf 82' lang='lat' dir='ltr'><strong>metropolitanum,</strong></span> 
     </span>
    </p>
   </div>
   <div class='ocr_carea' id='block_1_58' title="bbox 463 4146 2043 4220">
    <p class='ocr_par' dir='ltr' id='par_1_58' title="bbox 463 4146 2043 4220">
     <span class='ocr_line' id='line_1_58' title="bbox 463 4146 2043 4220; baseline 0.005 -20"><span class='ocrx_word' id='word_1_400' title='bbox 463 4149 555 4216; x_wconf 93' lang='lat' dir='ltr'><strong>qui</strong></span> <span class='ocrx_word' id='word_1_401' title='bbox 597 4147 703 4200; x_wconf 90' lang='lat' dir='ltr'><strong>tale</strong></span> <span class='ocrx_word' id='word_1_402' title='bbox 735 4147 866 4215; x_wconf 90' lang='lat' dir='ltr'><strong>quid</strong></span> <span class='ocrx_word' id='word_1_403' title='bbox 909 4147 1062 4209; x_wconf 80' lang='lat' dir='ltr'><strong>iecit,</strong></span> <span class='ocrx_word' id='word_1_404' title='bbox 1094 4146 1470 4217; x_wconf 88' lang='lat' dir='ltr'><strong>quadruplum</strong></span> <span class='ocrx_word' id='word_1_405' title='bbox 1511 4148 1632 4218; x_wconf 85' lang='lat' dir='ltr'><strong>ejus</strong></span> <span class='ocrx_word' id='word_1_406' title='bbox 1655 4152 1799 4220; x_wconf 83' lang='lat' dir='ltr'><strong>quod</strong></span> <span class='ocrx_word' id='word_1_407' title='bbox 1852 4154 2043 4208; x_wconf 86' lang='lat' dir='ltr'><strong>datum</strong></span> 
     </span>
    </p>
   </div>
   <div class='ocr_carea' id='block_1_59' title="bbox 461 4237 2044 4308">
    <p class='ocr_par' dir='ltr' id='par_1_59' title="bbox 461 4237 2044 4308">
     <span class='ocr_line' id='line_1_59' title="bbox 461 4237 2044 4308; baseline 0.004 -15"><span class='ocrx_word' id='word_1_408' title='bbox 461 4252 548 4294; x_wconf 87' lang='lat' dir='ltr'><strong>est</strong></span> <span class='ocrx_word' id='word_1_409' title='bbox 574 4241 886 4308; x_wconf 74' lang='lat' dir='ltr'><strong>restituere.</strong></span> <span class='ocrx_word' id='word_1_410' title='bbox 917 4237 1158 4290; x_wconf 85' lang='lat' dir='ltr'><strong>Pulchre</strong></span> <span class='ocrx_word' id='word_1_411' title='bbox 1187 4249 1369 4292; x_wconf 84' lang='lat' dir='ltr'><strong>autem</strong></span> <span class='ocrx_word' id='word_1_412' title='bbox 1402 4239 1542 4293; x_wconf 79' lang='lat' dir='ltr'><strong>dixit</strong></span> <span class='ocrx_word' id='word_1_413' title='bbox 1589 4257 1789 4308; x_wconf 81' lang='lat' dir='ltr'><strong>canon,</strong></span> <span class='ocrx_word' id='word_1_414' title='bbox 1833 4259 1940 4299; x_wconf 87' lang='lat' dir='ltr'><strong>non</strong></span> <span class='ocrx_word' id='word_1_415' title='bbox 1977 4246 2044 4298; x_wconf 84' lang='lat' dir='ltr'><strong>li—</strong></span> 
     </span>
    </p>
   </div>
   <div class='ocr_carea' id='block_1_60' title="bbox 459 4335 2042 4416">
    <p class='ocr_par' dir='ltr' id='par_1_60' title="bbox 459 4335 2042 4416">
     <span class='ocr_line' id='line_1_60' title="bbox 459 4335 2042 4416; baseline 0 -24"><span class='ocrx_word' id='word_1_416' title='bbox 459 4353 584 4392; x_wconf 86' lang='lat' dir='ltr'><strong>cere</strong></span> <span class='ocrx_word' id='word_1_417' title='bbox 625 4335 1048 4404; x_wconf 85' lang='lat' dir='ltr'><strong>metropolitano</strong></span> <span class='ocrx_word' id='word_1_418' title='bbox 1080 4335 1380 4405; x_wconf 85' lang='lat' dir='ltr'><strong>quidquam</strong></span> <span class='ocrx_word' id='word_1_419' title='bbox 1415 4352 1604 4391; x_wconf 89' lang='lat' dir='ltr'><strong>eorum</strong></span> <span class='ocrx_word' id='word_1_420' title='bbox 1646 4341 1888 4409; x_wconf 83' lang='lat' dir='ltr'><strong>exigere,</strong></span> <span class='ocrx_word' id='word_1_421' title='bbox 1921 4359 2042 4416; x_wconf 72' lang='lat' dir='ltr'><strong>qua:</strong></span> 
     </span>
    </p>
   </div>
   <div class='ocr_carea' id='block_1_61' title="bbox 2165 1844 3759 1925">
    <p class='ocr_par' dir='ltr' id='par_1_61' title="bbox 2165 1844 3759 1925">
     <span class='ocr_line' id='line_1_61' title="bbox 2165 1844 3759 1925; baseline 0.009 -27"><span class='ocrx_word' id='word_1_422' title='bbox 2165 1844 2443 1913; x_wconf 76' lang='grc' dir='ltr'><strong>ὀφείλουσι</strong></span> <span class='ocrx_word' id='word_1_423' title='bbox 2477 1845 2727 1914; x_wconf 84' lang='grc' dir='ltr'>γίνεσθαι</span> <span class='ocrx_word' id='word_1_424' title='bbox 2752 1850 2808 1901; x_wconf 83' lang='grc' dir='ltr'>αἱ</span> <span class='ocrx_word' id='word_1_425' title='bbox 2837 1850 3066 1914; x_wconf 81' lang='grc' dir='ltr'><strong>σύνοδοι,</strong></span> <span class='ocrx_word' id='word_1_426' title='bbox 3092 1852 3186 1905; x_wconf 76' lang='grc' dir='ltr'>καὶ</span> <span class='ocrx_word' id='word_1_427' title='bbox 3217 1855 3327 1906; x_wconf 86' lang='grc' dir='ltr'><strong>τῶν</strong></span> <span class='ocrx_word' id='word_1_428' title='bbox 3357 1856 3458 1921; x_wconf 86' lang='grc' dir='ltr'><strong>μὲν</strong></span> <span class='ocrx_word' id='word_1_429' title='bbox 3486 1855 3759 1925; x_wconf 81' lang='grc' dir='ltr'>λεγόντων</span> 
     </span>
    </p>
   </div>
   <div class='ocr_carea' id='block_1_62' title="bbox 2167 1938 3763 2022">
    <p class='ocr_par' dir='ltr' id='par_1_62' title="bbox 2167 1938 3763 2022">
     <span class='ocr_line' id='line_1_62' title="bbox 2167 1938 3763 2022; baseline 0.01 -32"><span class='ocrx_word' id='word_1_430' title='bbox 2167 1938 2315 2004; x_wconf 74' lang='grc' dir='ltr'>ἅπαξ</span> <span class='ocrx_word' id='word_1_431' title='bbox 2363 1938 2458 1991; x_wconf 84' lang='grc' dir='ltr'><strong>τοῦ</strong></span> <span class='ocrx_word' id='word_1_432' title='bbox 2514 1941 2768 1995; x_wconf 81' lang='grc' dir='ltr'><strong>ἐνιαυτοῦ</strong></span> <span class='ocrx_word' id='word_1_433' title='bbox 2824 1945 3191 2014; x_wconf 77' lang='grc' dir='ltr'><strong>συνέρχεσθαι</strong></span> <span class='ocrx_word' id='word_1_434' title='bbox 3234 1948 3363 2012; x_wconf 79' lang='grc' dir='ltr'>τοὺς</span> <span class='ocrx_word' id='word_1_435' title='bbox 3400 1940 3763 2022; x_wconf 77' lang='grc' dir='ltr'>ἐπαρχιώτας</span> 
     </span>
    </p>
   </div>
   <div class='ocr_carea' id='block_1_63' title="bbox 2163 2029 3760 2112">
    <p class='ocr_par' dir='ltr' id='par_1_63' title="bbox 2163 2029 3760 2112">
     <span class='ocr_line' id='line_1_63' title="bbox 2163 2029 3760 2112; baseline 0.01 -31"><span class='ocrx_word' id='word_1_436' title='bbox 2163 2029 2523 2094; x_wconf 84' lang='grc' dir='ltr'>ἐπισκόπους,</span> <span class='ocrx_word' id='word_1_437' title='bbox 2562 2032 2673 2087; x_wconf 84' lang='grc' dir='ltr'><strong>τῶν</strong></span> <span class='ocrx_word' id='word_1_438' title='bbox 2707 2033 2764 2086; x_wconf 84' lang='grc' dir='ltr'>δὲ</span> <span class='ocrx_word' id='word_1_439' title='bbox 2797 2034 2882 2098; x_wconf 87' lang='grc' dir='ltr'><strong>δίς</strong></span> <span class='ocrx_word' id='word_1_440' title='bbox 2911 2036 3004 2088; x_wconf 78' lang='grc' dir='ltr'><strong>τοῦ</strong></span> <span class='ocrx_word' id='word_1_441' title='bbox 3035 2037 3220 2102; x_wconf 79' lang='grc' dir='ltr'>ἔτους·</span> <span class='ocrx_word' id='word_1_442' title='bbox 3259 2042 3287 2092; x_wconf 87' lang='grc' dir='ltr'>ὁ</span> <span class='ocrx_word' id='word_1_443' title='bbox 3325 2040 3520 2112; x_wconf 86' lang='grc' dir='ltr'>παρὼν</span> <span class='ocrx_word' id='word_1_444' title='bbox 3570 2043 3760 2097; x_wconf 87' lang='grc' dir='ltr'>κανὼν</span> 
     </span>
    </p>
   </div>
   <div class='ocr_carea' id='block_1_64' title="bbox 2161 2122 3764 2202">
    <p class='ocr_par' dir='ltr' id='par_1_64' title="bbox 2161 2122 3764 2202">
     <span class='ocr_line' id='line_1_64' title="bbox 2161 2122 3764 2202; baseline 0.008 -28"><span class='ocrx_word' id='word_1_445' title='bbox 2161 2122 2252 2175; x_wconf 84' lang='grc' dir='ltr'>διὰ</span> <span class='ocrx_word' id='word_1_446' title='bbox 2279 2122 2378 2194; x_wconf 79' lang='grc' dir='ltr'><strong>τὴν</strong></span> <span class='ocrx_word' id='word_1_447' title='bbox 2411 2124 2475 2176; x_wconf 83' lang='grc' dir='ltr'><strong>ἐκ</strong></span> <span class='ocrx_word' id='word_1_448' title='bbox 2503 2124 2602 2191; x_wconf 84' lang='grc' dir='ltr'>τῆς</span> <span class='ocrx_word' id='word_1_449' title='bbox 2629 2125 2945 2198; x_wconf 79' lang='grc' dir='ltr'>ὁδοιπορίας</span> <span class='ocrx_word' id='word_1_450' title='bbox 2973 2131 3269 2202; x_wconf 77' lang='grc' dir='ltr'>συντριϐὴν</span> <span class='ocrx_word' id='word_1_451' title='bbox 3297 2134 3406 2187; x_wconf 83' lang='grc' dir='ltr'><strong>τῶν</strong></span> <span class='ocrx_word' id='word_1_452' title='bbox 3438 2136 3764 2191; x_wconf 86' lang='grc' dir='ltr'>ἐπισκόπων</span> 
     </span>
    </p>
   </div>
   <div class='ocr_carea' id='block_1_65' title="bbox 2175 2216 3764 2304">
    <p class='ocr_par' dir='ltr' id='par_1_65' title="bbox 2175 2216 3764 2304">
     <span class='ocr_line' id='line_1_65' title="bbox 2175 2216 3764 2304; baseline 0.009 -34"><span class='ocrx_word' id='word_1_453' title='bbox 2175 2216 2623 2288; x_wconf 79' lang='grc' dir='ltr'><strong>κατηκολούθησε</strong></span> <span class='ocrx_word' id='word_1_454' title='bbox 2667 2220 2747 2291; x_wconf 83' lang='grc' dir='ltr'>τῷ</span> <span class='ocrx_word' id='word_1_455' title='bbox 2801 2218 2851 2290; x_wconf 81' lang='grc' dir='ltr'>η’</span> <span class='ocrx_word' id='word_1_456' title='bbox 2889 2222 3078 2277; x_wconf 80' lang='grc' dir='ltr'>κανόνι</span> <span class='ocrx_word' id='word_1_457' title='bbox 3135 2224 3238 2296; x_wconf 82' lang='grc' dir='ltr'><strong>τῆς</strong></span> <span class='ocrx_word' id='word_1_458' title='bbox 3282 2232 3336 2290; x_wconf 86' lang='grc' dir='ltr'>ς’</span> <span class='ocrx_word' id='word_1_459' title='bbox 3375 2228 3620 2291; x_wconf 88' lang='grc' dir='ltr'>συνόδου.</span> <span class='ocrx_word' id='word_1_460' title='bbox 3672 2232 3764 2304; x_wconf 81' lang='grc' dir='ltr'>τῷ</span> 
     </span>
    </p>
   </div>
   <div class='ocr_carea' id='block_1_66' title="bbox 2159 2308 3768 2395">
    <p class='ocr_par' dir='ltr' id='par_1_66' title="bbox 2159 2308 3768 2395">
     <span class='ocr_line' id='line_1_66' title="bbox 2159 2308 3768 2395; baseline 0.011 -35"><span class='ocrx_word' id='word_1_461' title='bbox 2159 2308 2520 2379; x_wconf 79' lang='grc' dir='ltr'>διοριζομένῳ</span> <span class='ocrx_word' id='word_1_462' title='bbox 2561 2311 2711 2376; x_wconf 79' lang='grc' dir='ltr'>ἅπαξ</span> <span class='ocrx_word' id='word_1_463' title='bbox 2763 2314 2858 2366; x_wconf 89' lang='grc' dir='ltr'><strong>τοῦ</strong></span> <span class='ocrx_word' id='word_1_464' title='bbox 2895 2315 3152 2369; x_wconf 82' lang='grc' dir='ltr'>ἐνιαυτοῦ</span> <span class='ocrx_word' id='word_1_465' title='bbox 3199 2318 3427 2383; x_wconf 81' lang='grc' dir='ltr'>τούτους</span> <span class='ocrx_word' id='word_1_466' title='bbox 3466 2323 3768 2395; x_wconf 82' lang='grc' dir='ltr'>συναθροί-</span> 
     </span>
    </p>
   </div>
   <div class='ocr_carea' id='block_1_67' title="bbox 2161 2402 3767 2486">
    <p class='ocr_par' dir='ltr' id='par_1_67' title="bbox 2161 2402 3767 2486">
     <span class='ocr_line' id='line_1_67' title="bbox 2161 2402 3767 2486; baseline 0.011 -34"><span class='ocrx_word' id='word_1_467' title='bbox 2161 2402 2379 2466; x_wconf 75' lang='grc' dir='ltr'>ζεσθαι,</span> <span class='ocrx_word' id='word_1_468' title='bbox 2409 2402 2822 2474; x_wconf 79' lang='grc' dir='ltr'>καὶδιωρίσατο</span> <span class='ocrx_word' id='word_1_469' title='bbox 2847 2406 2989 2460; x_wconf 73' lang='grc' dir='ltr'>οὕτω</span> <span class='ocrx_word' id='word_1_470' title='bbox 3009 2408 3277 2476; x_wconf 85' lang='grc' dir='ltr'>γίνεσθαι,</span> <span class='ocrx_word' id='word_1_471' title='bbox 3299 2413 3347 2464; x_wconf 86' lang='grc' dir='ltr'><strong>εί</strong></span> <span class='ocrx_word' id='word_1_472' title='bbox 3374 2414 3449 2484; x_wconf 80' lang='grc' dir='ltr'>μή</span> <span class='ocrx_word' id='word_1_473' title='bbox 3477 2431 3560 2476; x_wconf 88' lang='grc' dir='ltr'><strong>τις</strong></span> <span class='ocrx_word' id='word_1_474' title='bbox 3579 2416 3767 2486; x_wconf 76' lang='grc' dir='ltr'><strong>ἀνάγ-</strong></span> 
     </span>
    </p>
   </div>
   <div class='ocr_carea' id='block_1_68' title="bbox 2159 2495 3764 2576">
    <p class='ocr_par' dir='ltr' id='par_1_68' title="bbox 2159 2495 3764 2576">
     <span class='ocr_line' id='line_1_68' title="bbox 2159 2495 3764 2576; baseline 0.012 -31"><span class='ocrx_word' id='word_1_475' title='bbox 2159 2511 2229 2565; x_wconf 84' lang='grc' dir='ltr'><strong>κη</strong></span> <span class='ocrx_word' id='word_1_476' title='bbox 2265 2497 2363 2549; x_wconf 72' lang='grc' dir='ltr'>καὶ</span> <span class='ocrx_word' id='word_1_477' title='bbox 2395 2495 2486 2565; x_wconf 88' lang='grc' dir='ltr'><strong>βία</strong></span> <span class='ocrx_word' id='word_1_478' title='bbox 2524 2497 2556 2568; x_wconf 84' lang='grc' dir='ltr'>ἢ</span> <span class='ocrx_word' id='word_1_479' title='bbox 2591 2499 2730 2568; x_wconf 83' lang='grc' dir='ltr'>ἄλλη</span> <span class='ocrx_word' id='word_1_480' title='bbox 2759 2501 3035 2571; x_wconf 81' lang='grc' dir='ltr'>πρόφασις</span> <span class='ocrx_word' id='word_1_481' title='bbox 3065 2501 3288 2572; x_wconf 73' lang='grc' dir='ltr'>εὔλογος</span> <span class='ocrx_word' id='word_1_482' title='bbox 3312 2511 3414 2576; x_wconf 82' lang='grc' dir='ltr'>τὴν</span> <span class='ocrx_word' id='word_1_483' title='bbox 3437 2509 3764 2566; x_wconf 76' lang='grc' dir='ltr'>συνέλευσιν</span> 
     </span>
    </p>
   </div>
   <div class='ocr_carea' id='block_1_69' title="bbox 2160 2589 3752 2674">
    <p class='ocr_par' dir='ltr' id='par_1_69' title="bbox 2160 2589 3752 2674">
     <span class='ocr_line' id='line_1_69' title="bbox 2160 2589 3752 2674; baseline 0.011 -35"><span class='ocrx_word' id='word_1_484' title='bbox 2160 2589 2582 2659; x_wconf 85' lang='grc' dir='ltr'>παρεμποδίσει,</span> <span class='ocrx_word' id='word_1_485' title='bbox 2611 2593 2738 2655; x_wconf 76' lang='grc' dir='ltr'>τοὺς</span> <span class='ocrx_word' id='word_1_486' title='bbox 2767 2593 2823 2647; x_wconf 82' lang='grc' dir='ltr'>δὲ</span> <span class='ocrx_word' id='word_1_487' title='bbox 2853 2595 2927 2665; x_wconf 84' lang='grc' dir='ltr'><strong>μὴ</strong></span> <span class='ocrx_word' id='word_1_488' title='bbox 2957 2594 3101 2648; x_wconf 78' lang='grc' dir='ltr'>οὕτω</span> <span class='ocrx_word' id='word_1_489' title='bbox 3129 2597 3423 2663; x_wconf 74' lang='grc' dir='ltr'>ποιοῦντας</span> <span class='ocrx_word' id='word_1_490' title='bbox 3460 2603 3752 2674; x_wconf 82' lang='grc' dir='ltr'>ἀρχιερεῖς</span> 
     </span>
    </p>
   </div>
   <div class='ocr_carea' id='block_1_70' title="bbox 2156 2681 3762 2763">
    <p class='ocr_par' dir='ltr' id='par_1_70' title="bbox 2156 2681 3762 2763">
     <span class='ocr_line' id='line_1_70' title="bbox 2156 2681 3762 2763; baseline 0.012 -33"><span class='ocrx_word' id='word_1_491' title='bbox 2156 2681 2272 2739; x_wconf 88' lang='grc' dir='ltr'>τοῖς</span> <span class='ocrx_word' id='word_1_492' title='bbox 2304 2685 2613 2746; x_wconf 87' lang='grc' dir='ltr'>κανονικοϊς</span> <span class='ocrx_word' id='word_1_493' title='bbox 2635 2683 2937 2754; x_wconf 78' lang='grc' dir='ltr'>ἐπιτιμίοις</span> <span class='ocrx_word' id='word_1_494' title='bbox 2958 2687 3307 2756; x_wconf 79' lang='grc' dir='ltr'>ὑποκεῖσθαι,</span> <span class='ocrx_word' id='word_1_495' title='bbox 3331 2692 3468 2747; x_wconf 80' lang='grc' dir='ltr'>ἀλλὰ</span> <span class='ocrx_word' id='word_1_496' title='bbox 3498 2698 3593 2748; x_wconf 81' lang='grc' dir='ltr'>καὶ</span> <span class='ocrx_word' id='word_1_497' title='bbox 3621 2699 3762 2763; x_wconf 81' lang='grc' dir='ltr'>τοὺς</span> 
     </span>
    </p>
   </div>
   <div class='ocr_carea' id='block_1_71' title="bbox 2157 2768 3758 2854">
    <p class='ocr_par' dir='ltr' id='par_1_71' title="bbox 2157 2768 3758 2854">
     <span class='ocr_line' id='line_1_71' title="bbox 2157 2768 3758 2854; baseline 0.014 -34"><span class='ocrx_word' id='word_1_498' title='bbox 2157 2768 2478 2834; x_wconf 82' lang='grc' dir='ltr'>πολιτικοὺς</span> <span class='ocrx_word' id='word_1_499' title='bbox 2500 2771 2792 2843; x_wconf 84' lang='grc' dir='ltr'>ἄρχοντας,</span> <span class='ocrx_word' id='word_1_500' title='bbox 2813 2777 2939 2840; x_wconf 81' lang='grc' dir='ltr'>τοὺς</span> <span class='ocrx_word' id='word_1_501' title='bbox 2964 2779 3276 2845; x_wconf 87' lang='grc' dir='ltr'>κωλύοντας</span> <span class='ocrx_word' id='word_1_502' title='bbox 3303 2782 3462 2837; x_wconf 86' lang='grc' dir='ltr'>τοῦτο</span> <span class='ocrx_word' id='word_1_503' title='bbox 3478 2787 3758 2854; x_wconf 80' lang='grc' dir='ltr'>γίνεσθαι,</span> 
     </span>
    </p>
   </div>
   <div class='ocr_carea' id='block_1_72' title="bbox 2156 2861 3754 2950">
    <p class='ocr_par' dir='ltr' id='par_1_72' title="bbox 2156 2861 3754 2950">
     <span class='ocr_line' id='line_1_72' title="bbox 2156 2861 3754 2950; baseline 0.012 -36"><span class='ocrx_word' id='word_1_504' title='bbox 2156 2861 2538 2930; x_wconf 72' lang='grc' dir='ltr'>ἀφορίζεσθαι.</span> <span class='ocrx_word' id='word_1_505' title='bbox 2576 2865 2708 2919; x_wconf 84' lang='grc' dir='ltr'>Ὅτε</span> <span class='ocrx_word' id='word_1_506' title='bbox 2741 2869 2952 2936; x_wconf 85' lang='grc' dir='ltr'>μέντοι,</span> <span class='ocrx_word' id='word_1_507' title='bbox 2979 2871 3168 2942; x_wconf 72' lang='grc' dir='ltr'>φησιν,</span> <span class='ocrx_word' id='word_1_508' title='bbox 3201 2875 3235 2945; x_wconf 82' lang='grc' dir='ltr'><strong>ἡ</strong></span> <span class='ocrx_word' id='word_1_509' title='bbox 3266 2873 3482 2939; x_wconf 79' lang='grc' dir='ltr'>σύνοδος</span> <span class='ocrx_word' id='word_1_510' title='bbox 3511 2878 3754 2950; x_wconf 75' lang='grc' dir='ltr'>γίνεται,</span> 
     </span>
    </p>
   </div>
   <div class='ocr_carea' id='block_1_73' title="bbox 2154 2954 3754 3037">
    <p class='ocr_par' dir='ltr' id='par_1_73' title="bbox 2154 2954 3754 3037">
     <span class='ocr_line' id='line_1_73' title="bbox 2154 2954 3754 3037; baseline 0.014 -33"><span class='ocrx_word' id='word_1_511' title='bbox 2154 2954 2463 3021; x_wconf 81' lang='grc' dir='ltr'>ὀφείλουσιν</span> <span class='ocrx_word' id='word_1_512' title='bbox 2491 2958 2542 3010; x_wconf 79' lang='lat' dir='ltr'><strong>oi</strong></span> <span class='ocrx_word' id='word_1_513' title='bbox 2577 2957 2871 3013; x_wconf 87' lang='grc' dir='ltr'>ἐπίσκοποι</span> <span class='ocrx_word' id='word_1_514' title='bbox 2901 2962 3212 3031; x_wconf 79' lang='grc' dir='ltr'>φροντίζειν</span> <span class='ocrx_word' id='word_1_515' title='bbox 3239 2965 3335 3020; x_wconf 88' lang='grc' dir='ltr'><strong>τοῦ</strong></span> <span class='ocrx_word' id='word_1_516' title='bbox 3368 2969 3754 3037; x_wconf 81' lang='grc' dir='ltr'>φυλάττεσθαι</span> 
     </span>
    </p>
   </div>
   <div class='ocr_carea' id='block_1_74' title="bbox 2154 3047 3754 3129">
    <p class='ocr_par' dir='ltr' id='par_1_74' title="bbox 2154 3047 3754 3129">
     <span class='ocr_line' id='line_1_74' title="bbox 2154 3047 3754 3129; baseline 0.014 -33"><span class='ocrx_word' id='word_1_517' title='bbox 2154 3047 2254 3108; x_wconf 77' lang='grc' dir='ltr'>τὰς</span> <span class='ocrx_word' id='word_1_518' title='bbox 2307 3047 2675 3116; x_wconf 80' lang='grc' dir='ltr'>εὐαγγελικὰς</span> <span class='ocrx_word' id='word_1_519' title='bbox 2722 3053 2820 3104; x_wconf 71' lang='grc' dir='ltr'><strong>καὶ</strong></span> <span class='ocrx_word' id='word_1_520' title='bbox 2875 3057 3173 3118; x_wconf 84' lang='grc' dir='ltr'>κανονικὰς</span> <span class='ocrx_word' id='word_1_521' title='bbox 3227 3061 3584 3129; x_wconf 82' lang='grc' dir='ltr'>παραδόσεις,</span> <span class='ocrx_word' id='word_1_522' title='bbox 3648 3068 3754 3119; x_wconf 74' lang='grc' dir='ltr'>καὶ</span> 
     </span>
    </p>
   </div>
   <div class='ocr_carea' id='block_1_75' title="bbox 2151 3138 3752 3224">
    <p class='ocr_par' dir='ltr' id='par_1_75' title="bbox 2151 3138 3752 3224">
     <span class='ocr_line' id='line_1_75' title="bbox 2151 3138 3752 3224; baseline 0.012 -35"><span class='ocrx_word' id='word_1_523' title='bbox 2151 3138 2249 3200; x_wconf 85' lang='grc' dir='ltr'>τὰς</span> <span class='ocrx_word' id='word_1_524' title='bbox 2277 3138 2442 3203; x_wconf 83' lang='grc' dir='ltr'>ἄλλας</span> <span class='ocrx_word' id='word_1_525' title='bbox 2473 3142 2694 3205; x_wconf 77' lang='grc' dir='ltr'>ἐντολὰς</span> <span class='ocrx_word' id='word_1_526' title='bbox 2725 3143 2818 3196; x_wconf 91' lang='grc' dir='ltr'><strong>τοῦ</strong></span> <span class='ocrx_word' id='word_1_527' title='bbox 2850 3145 3007 3199; x_wconf 75' lang='grc' dir='ltr'>Θεοῦ.</span> <span class='ocrx_word' id='word_1_528' title='bbox 3041 3147 3153 3201; x_wconf 78' lang='grc' dir='ltr'>Καὶ</span> <span class='ocrx_word' id='word_1_529' title='bbox 3187 3153 3478 3206; x_wconf 77' lang='grc' dir='ltr'>κανονικαὶ</span> <span class='ocrx_word' id='word_1_530' title='bbox 3515 3153 3620 3224; x_wconf 82' lang='grc' dir='ltr'>μὲν</span> <span class='ocrx_word' id='word_1_531' title='bbox 3645 3172 3752 3209; x_wconf 73' lang='grc' dir='ltr'>πα-</span> 
     </span>
    </p>
   </div>
   <div class='ocr_carea' id='block_1_76' title="bbox 2154 3222 3748 3317">
    <p class='ocr_par' dir='ltr' id='par_1_76' title="bbox 2154 3222 3748 3317">
     <span class='ocr_line' id='line_1_76' title="bbox 2154 3222 3748 3317; baseline 0.011 -34"><span class='ocrx_word' id='word_1_532' title='bbox 2154 3222 2578 3301; x_wconf 72' lang='grc' dir='ltr'>ραδόσειςέίσιν</span> <span class='ocrx_word' id='word_1_533' title='bbox 2607 3237 2655 3287; x_wconf 87' lang='grc' dir='ltr'><strong>οἱ</strong></span> <span class='ocrx_word' id='word_1_534' title='bbox 2703 3235 2921 3304; x_wconf 78' lang='grc' dir='ltr'>εὖλογοι</span> <span class='ocrx_word' id='word_1_535' title='bbox 2960 3241 3055 3292; x_wconf 78' lang='grc' dir='ltr'>καὶ</span> <span class='ocrx_word' id='word_1_536' title='bbox 3087 3244 3391 3313; x_wconf 76' lang='grc' dir='ltr'>παράλογοι</span> <span class='ocrx_word' id='word_1_537' title='bbox 3419 3248 3748 3317; x_wconf 67' lang='grc' dir='ltr'>ἀφορισμοὶ,</span> 
     </span>
    </p>
   </div>
   <div class='ocr_carea' id='block_1_77' title="bbox 2154 3328 3754 3408">
    <p class='ocr_par' dir='ltr' id='par_1_77' title="bbox 2154 3328 3754 3408">
     <span class='ocr_line' id='line_1_77' title="bbox 2154 3328 3754 3408; baseline 0.01 -28"><span class='ocrx_word' id='word_1_538' title='bbox 2154 3328 2211 3380; x_wconf 79' lang='grc' dir='ltr'><strong>αἱ</strong></span> <span class='ocrx_word' id='word_1_539' title='bbox 2244 3328 2575 3406; x_wconf 80' lang='grc' dir='ltr'>καταγωγαὶ</span> <span class='ocrx_word' id='word_1_540' title='bbox 2623 3329 2734 3382; x_wconf 84' lang='grc' dir='ltr'>τῶν</span> <span class='ocrx_word' id='word_1_541' title='bbox 2785 3331 3092 3402; x_wconf 76' lang='grc' dir='ltr'>κληρικῶν,</span> <span class='ocrx_word' id='word_1_542' title='bbox 3142 3338 3199 3389; x_wconf 84' lang='grc' dir='ltr'>αἱ</span> <span class='ocrx_word' id='word_1_543' title='bbox 3249 3338 3580 3408; x_wconf 80' lang='grc' dir='ltr'>παραδόσεις</span> <span class='ocrx_word' id='word_1_544' title='bbox 3632 3341 3754 3396; x_wconf 74' lang='grc' dir='ltr'>τῶν</span> 
     </span>
    </p>
   </div>
   <div class='ocr_carea' id='block_1_78' title="bbox 2151 3419 3752 3504">
    <p class='ocr_par' dir='ltr' id='par_1_78' title="bbox 2151 3419 3752 3504">
     <span class='ocr_line' id='line_1_78' title="bbox 2151 3419 3752 3504; baseline 0.011 -32"><span class='ocrx_word' id='word_1_545' title='bbox 2151 3421 2534 3474; x_wconf 80' lang='grc' dir='ltr'>ἐπισκοπικῶν</span> <span class='ocrx_word' id='word_1_546' title='bbox 2592 3419 2960 3494; x_wconf 72' lang='grc' dir='ltr'>πραγμάτων,</span> <span class='ocrx_word' id='word_1_547' title='bbox 3009 3428 3107 3482; x_wconf 63' lang='grc' dir='ltr'><strong>καὶ⁵</strong></span> <span class='ocrx_word' id='word_1_548' title='bbox 3147 3429 3216 3483; x_wconf 80' lang='grc' dir='ltr'>τὰ</span> <span class='ocrx_word' id='word_1_549' title='bbox 3276 3431 3502 3487; x_wconf 81' lang='grc' dir='ltr'>τοιαῦτα</span> <span class='ocrx_word' id='word_1_550' title='bbox 3528 3449 3540 3461; x_wconf 89' lang='grc'><strong>·</strong></span> <span class='ocrx_word' id='word_1_551' title='bbox 3579 3433 3752 3504; x_wconf 81' lang='grc' dir='ltr'>εὐαγ-</span> 
     </span>
    </p>
   </div>
   <div class='ocr_carea' id='block_1_79' title="bbox 2149 3513 3744 3598">
    <p class='ocr_par' dir='ltr' id='par_1_79' title="bbox 2149 3513 3744 3598">
     <span class='ocr_line' id='line_1_79' title="bbox 2149 3513 3744 3598; baseline 0.011 -34"><span class='ocrx_word' id='word_1_552' title='bbox 2149 3513 2369 3580; x_wconf 77' lang='grc' dir='ltr'>γελικαὶ</span> <span class='ocrx_word' id='word_1_553' title='bbox 2408 3514 2467 3568; x_wconf 82' lang='grc' dir='ltr'>δὲ</span> <span class='ocrx_word' id='word_1_554' title='bbox 2500 3517 2837 3588; x_wconf 89' lang='grc' dir='ltr'>παραδόσεις</span> <span class='ocrx_word' id='word_1_555' title='bbox 2869 3520 2966 3573; x_wconf 81' lang='grc' dir='ltr'>καὶ</span> <span class='ocrx_word' id='word_1_556' title='bbox 2992 3520 3212 3594; x_wconf 81' lang='grc' dir='ltr'>ἐντολαὶ</span> <span class='ocrx_word' id='word_1_557' title='bbox 3242 3524 3334 3577; x_wconf 93' lang='grc' dir='ltr'><strong>τοῦ</strong></span> <span class='ocrx_word' id='word_1_558' title='bbox 3363 3526 3498 3579; x_wconf 85' lang='grc' dir='ltr'>Θεοῦ</span> <span class='ocrx_word' id='word_1_559' title='bbox 3530 3527 3592 3580; x_wconf 80' lang='grc' dir='ltr'><strong>τὸ</strong></span> <span class='ocrx_word' id='word_1_560' title='bbox 3639 3527 3744 3598; x_wconf 85' lang='grc' dir='ltr'><strong>βα-</strong></span> 
     </span>
    </p>
   </div>
   <div class='ocr_carea' id='block_1_80' title="bbox 2151 3605 3743 3684">
    <p class='ocr_par' dir='ltr' id='par_1_80' title="bbox 2151 3605 3743 3684">
     <span class='ocr_line' id='line_1_80' title="bbox 2151 3605 3743 3684; baseline 0.012 -29"><span class='ocrx_word' id='word_1_561' title='bbox 2151 3605 2438 3669; x_wconf 72' lang='grc' dir='ltr'>πτίζεσθαι</span> <span class='ocrx_word' id='word_1_562' title='bbox 2459 3607 2541 3668; x_wconf 88' lang='grc' dir='ltr'><strong>είς</strong></span> <span class='ocrx_word' id='word_1_563' title='bbox 2569 3608 2629 3661; x_wconf 85' lang='grc' dir='ltr'><strong>τὸ</strong></span> <span class='ocrx_word' id='word_1_564' title='bbox 2655 3608 2826 3680; x_wconf 80' lang='grc' dir='ltr'>ὄνομα</span> <span class='ocrx_word' id='word_1_565' title='bbox 2850 3614 2946 3665; x_wconf 89' lang='grc' dir='ltr'><strong>τοῦ</strong></span> <span class='ocrx_word' id='word_1_566' title='bbox 2971 3612 3209 3684; x_wconf 87' lang='grc' dir='ltr'>Πατρδς,</span> <span class='ocrx_word' id='word_1_567' title='bbox 3230 3617 3326 3669; x_wconf 80' lang='grc' dir='ltr'>καὶ</span> <span class='ocrx_word' id='word_1_568' title='bbox 3351 3617 3444 3671; x_wconf 88' lang='grc' dir='ltr'><strong>τοῦ</strong></span> <span class='ocrx_word' id='word_1_569' title='bbox 3469 3618 3622 3684; x_wconf 84' lang='grc' dir='ltr'>Υἱοῦ,</span> <span class='ocrx_word' id='word_1_570' title='bbox 3641 3621 3743 3673; x_wconf 80' lang='grc' dir='ltr'><strong>καὶ</strong></span> 
     </span>
    </p>
   </div>
   <div class='ocr_carea' id='block_1_81' title="bbox 2149 3697 3746 3782">
    <p class='ocr_par' dir='ltr' id='par_1_81' title="bbox 2149 3697 3746 3782">
     <span class='ocr_line' id='line_1_81' title="bbox 2149 3697 3746 3782; baseline 0.011 -33"><span class='ocrx_word' id='word_1_571' title='bbox 2149 3697 2242 3750; x_wconf 88' lang='grc' dir='ltr'><strong>τοῦ</strong></span> <span class='ocrx_word' id='word_1_572' title='bbox 2287 3699 2448 3765; x_wconf 73' lang='grc' dir='ltr'>ἁγίου</span> <span class='ocrx_word' id='word_1_573' title='bbox 2485 3701 2829 3772; x_wconf 84' lang='grc' dir='ltr'>Πνεύματος,</span> <span class='ocrx_word' id='word_1_574' title='bbox 2861 3704 2922 3757; x_wconf 85' lang='grc' dir='ltr'><strong>τὸ</strong></span> <span class='ocrx_word' id='word_1_575' title='bbox 2961 3706 3060 3774; x_wconf 86' lang='grc' dir='ltr'><strong>Μὴ</strong></span> <span class='ocrx_word' id='word_1_576' title='bbox 3086 3710 3450 3780; x_wconf 76' lang='grc' dir='ltr'>μοιχεύσῃς,</span> <span class='ocrx_word' id='word_1_577' title='bbox 3479 3712 3567 3781; x_wconf 77' lang='grc' dir='ltr'>μὴ</span> <span class='ocrx_word' id='word_1_578' title='bbox 3598 3729 3746 3782; x_wconf 76' lang='grc' dir='ltr'>πορ-</span> 
     </span>
    </p>
   </div>
   <div class='ocr_carea' id='block_1_82' title="bbox 2114 3794 3740 3876">
    <p class='ocr_par' dir='ltr' id='par_1_82' title="bbox 2114 3794 3740 3876">
     <span class='ocr_line' id='line_1_82' title="bbox 2114 3794 3740 3876; baseline 0.009 -31"><span class='ocrx_word' id='word_1_579' title='bbox 2114 3794 2416 3861; x_wconf 73' lang='grc' dir='ltr'>-νεύσῃς,</span> <span class='ocrx_word' id='word_1_580' title='bbox 2465 3794 2552 3863; x_wconf 87' lang='grc' dir='ltr'>μὴ</span> <span class='ocrx_word' id='word_1_581' title='bbox 2600 3797 3212 3870; x_wconf 73' lang='grc' dir='ltr'>ψευδομαρτυρήσῃς,</span> <span class='ocrx_word' id='word_1_582' title='bbox 3267 3804 3365 3856; x_wconf 78' lang='grc' dir='ltr'>καὶ</span> <span class='ocrx_word' id='word_1_583' title='bbox 3433 3805 3502 3860; x_wconf 84' lang='grc' dir='ltr'><strong>τὰ</strong></span> <span class='ocrx_word' id='word_1_584' title='bbox 3553 3806 3740 3876; x_wconf 84' lang='grc' dir='ltr'>ὃμοια.</span> 
     </span>
    </p>
   </div>
   <div class='ocr_carea' id='block_1_83' title="bbox 2161 3886 3738 3964">
    <p class='ocr_par' dir='ltr' id='par_1_83' title="bbox 2161 3886 3738 3964">
     <span class='ocr_line' id='line_1_83' title="bbox 2161 3886 3738 3964; baseline 0.01 -26"><span class='ocrx_word' id='word_1_585' title='bbox 2161 3886 2314 3940; x_wconf 71' lang='grc' dir='ltr'>Ἐπεὶ</span> <span class='ocrx_word' id='word_1_586' title='bbox 2345 3888 2401 3941; x_wconf 83' lang='grc' dir='ltr'>δὲ</span> <span class='ocrx_word' id='word_1_587' title='bbox 2434 3888 2638 3955; x_wconf 77' lang='grc' dir='ltr'>ἔμαθον</span> <span class='ocrx_word' id='word_1_588' title='bbox 2677 3892 2727 3943; x_wconf 90' lang='grc' dir='ltr'><strong>οί</strong></span> <span class='ocrx_word' id='word_1_589' title='bbox 2759 3891 3004 3964; x_wconf 88' lang='grc' dir='ltr'>Πατέρες</span> <span class='ocrx_word' id='word_1_590' title='bbox 3034 3895 3118 3948; x_wconf 81' lang='grc' dir='ltr'>ὅτι</span> <span class='ocrx_word' id='word_1_591' title='bbox 3151 3897 3211 3948; x_wconf 88' lang='grc' dir='ltr'>ὲν</span> <span class='ocrx_word' id='word_1_592' title='bbox 3230 3900 3350 3960; x_wconf 89' lang='grc' dir='ltr'>ταῖς</span> <span class='ocrx_word' id='word_1_593' title='bbox 3386 3899 3738 3954; x_wconf 88' lang='grc' dir='ltr'>συνελεύσεσι</span> 
     </span>
    </p>
   </div>
   <div class='ocr_carea' id='block_1_84' title="bbox 2147 3981 3738 4058">
    <p class='ocr_par' dir='ltr' id='par_1_84' title="bbox 2147 3981 3738 4058">
     <span class='ocr_line' id='line_1_84' title="bbox 2147 3981 3738 4058; baseline 0.01 -26"><span class='ocrx_word' id='word_1_594' title='bbox 2147 3981 2257 4033; x_wconf 86' lang='grc' dir='ltr'><strong>τῶν</strong></span> <span class='ocrx_word' id='word_1_595' title='bbox 2285 3982 2605 4036; x_wconf 80' lang='grc' dir='ltr'>ἐπισκόπων</span> <span class='ocrx_word' id='word_1_596' title='bbox 2627 3985 3033 4055; x_wconf 86' lang='grc' dir='ltr'>μητροπολίταί</span> <span class='ocrx_word' id='word_1_597' title='bbox 3047 4005 3195 4052; x_wconf 83' lang='grc' dir='ltr'>τινες</span> <span class='ocrx_word' id='word_1_598' title='bbox 3219 3992 3738 4058; x_wconf 72' lang='grc' dir='ltr'>κατεξουσιάζουσιν</span> 
     </span>
    </p>
   </div>
   <div class='ocr_carea' id='block_1_85' title="bbox 2148 4071 3733 4159">
    <p class='ocr_par' dir='ltr' id='par_1_85' title="bbox 2148 4071 3733 4159">
     <span class='ocr_line' id='line_1_85' title="bbox 2148 4071 3733 4159; baseline 0.01 -34"><span class='ocrx_word' id='word_1_599' title='bbox 2148 4071 2352 4136; x_wconf 81' lang='grc' dir='ltr'>αὐτῶν,</span> <span class='ocrx_word' id='word_1_600' title='bbox 2406 4073 2502 4126; x_wconf 66' lang='grc' dir='ltr'><strong>καὶ¹</strong></span> <span class='ocrx_word' id='word_1_601' title='bbox 2547 4073 2880 4129; x_wconf 85' lang='grc' dir='ltr'>ἀπαιτοῦσιν</span> <span class='ocrx_word' id='word_1_602' title='bbox 2916 4076 3124 4143; x_wconf 77' lang='grc' dir='ltr'>ἵππους</span> <span class='ocrx_word' id='word_1_603' title='bbox 3159 4081 3191 4152; x_wconf 83' lang='grc' dir='ltr'>ἢ</span> <span class='ocrx_word' id='word_1_604' title='bbox 3226 4081 3392 4150; x_wconf 76' lang='grc' dir='ltr'>ἕτερὰ</span> <span class='ocrx_word' id='word_1_605' title='bbox 3429 4101 3552 4139; x_wconf 92' lang='grc' dir='ltr'>τινα</span> <span class='ocrx_word' id='word_1_606' title='bbox 3575 4087 3733 4159; x_wconf 83' lang='grc' dir='ltr'>-εῐδη,</span> 
     </span>
    </p>
   </div>
   <div class='ocr_carea' id='block_1_86' title="bbox 2147 4162 3737 4238">
    <p class='ocr_par' dir='ltr' id='par_1_86' title="bbox 2147 4162 3737 4238">
     <span class='ocr_line' id='line_1_86' title="bbox 2147 4162 3737 4238; baseline 0.011 -24"><span class='ocrx_word' id='word_1_607' title='bbox 2147 4162 2355 4233; x_wconf 79' lang='grc' dir='ltr'>ὥρισαν</span> <span class='ocrx_word' id='word_1_608' title='bbox 2386 4165 2480 4218; x_wconf 79' lang='grc' dir='ltr'>καὶ</span> <span class='ocrx_word' id='word_1_609' title='bbox 2507 4165 2666 4218; x_wconf 92' lang='grc' dir='ltr'>τοῦτο</span> <span class='ocrx_word' id='word_1_610' title='bbox 2695 4167 2978 4238; x_wconf 83' lang='grc' dir='ltr'>σχολάσαι,</span> <span class='ocrx_word' id='word_1_611' title='bbox 3013 4173 3110 4224; x_wconf 72' lang='grc' dir='ltr'><strong>καὶ</strong></span> <span class='ocrx_word' id='word_1_612' title='bbox 3139 4172 3230 4226; x_wconf 83' lang='grc' dir='ltr'><strong>τὸν</strong></span> <span class='ocrx_word' id='word_1_613' title='bbox 3261 4175 3507 4231; x_wconf 84' lang='grc' dir='ltr'>τοιοῦτόν</span> <span class='ocrx_word' id='word_1_614' title='bbox 3537 4196 3590 4230; x_wconf 89' lang='grc' dir='ltr'><strong>τι</strong></span> <span class='ocrx_word' id='word_1_615' title='bbox 3620 4197 3737 4232; x_wconf 83' lang='grc' dir='ltr'>ποι-</span> 
     </span>
    </p>
   </div>
   <div class='ocr_carea' id='block_1_87' title="bbox 2148 4255 3732 4339">
    <p class='ocr_par' dir='ltr' id='par_1_87' title="bbox 2148 4255 3732 4339">
     <span class='ocr_line' id='line_1_87' title="bbox 2148 4255 3732 4339; baseline 0.012 -33"><span class='ocrx_word' id='word_1_616' title='bbox 2148 4255 2357 4324; x_wconf 84' lang='grc' dir='ltr'>ήσαντα</span> <span class='ocrx_word' id='word_1_617' title='bbox 2387 4256 2799 4330; x_wconf 85' lang='grc' dir='ltr'>μητροπολίτην</span> <span class='ocrx_word' id='word_1_618' title='bbox 2835 4258 3219 4333; x_wconf 69' lang='grc' dir='ltr'>ὰντιστρέζοειν</span> <span class='ocrx_word' id='word_1_619' title='bbox 3252 4266 3312 4320; x_wconf 85' lang='grc' dir='ltr'><strong>τὸ</strong></span> <span class='ocrx_word' id='word_1_620' title='bbox 3335 4269 3616 4339; x_wconf 85' lang='grc' dir='ltr'>διδόμενον</span> <span class='ocrx_word' id='word_1_621' title='bbox 3649 4275 3732 4336; x_wconf 88' lang='grc' dir='ltr'><strong>είς</strong></span> 
     </span>
    </p>
   </div>
   <div class='ocr_carea' id='block_1_88' title="bbox 2146 4347 3733 4435">
    <p class='ocr_par' dir='ltr' id='par_1_88' title="bbox 2146 4347 3733 4435">
     <span class='ocr_line' id='line_1_88' title="bbox 2146 4347 3733 4435; baseline 0.013 -38"><span class='ocrx_word' id='word_1_622' title='bbox 2146 4347 2207 4398; x_wconf 91' lang='grc' dir='ltr'><strong>τὸ</strong></span> <span class='ocrx_word' id='word_1_623' title='bbox 2252 4348 2611 4418; x_wconf 84' lang='grc' dir='ltr'>τετραπλοῦν.</span> <span class='ocrx_word' id='word_1_624' title='bbox 2648 4351 2846 4416; x_wconf 80' lang='grc' dir='ltr'>Καλῶς</span> <span class='ocrx_word' id='word_1_625' title='bbox 2874 4353 2929 4406; x_wconf 86' lang='grc' dir='ltr'>δὲ</span> <span class='ocrx_word' id='word_1_626' title='bbox 2975 4350 3129 4409; x_wconf 81' lang='grc' dir='ltr'>εἶπεν</span> <span class='ocrx_word' id='word_1_627' title='bbox 3171 4360 3199 4411; x_wconf 89' lang='grc' dir='ltr'><strong>ό</strong></span> <span class='ocrx_word' id='word_1_628' title='bbox 3243 4361 3424 4415; x_wconf 83' lang='grc' dir='ltr'>κανὼν</span> <span class='ocrx_word' id='word_1_629' title='bbox 3469 4365 3545 4434; x_wconf 82' lang='grc' dir='ltr'>μὴ</span> <span class='ocrx_word' id='word_1_630' title='bbox 3587 4365 3733 4435; x_wconf 75' lang='grc' dir='ltr'>ἔχειν</span> 
     </span>
    </p>
   </div>
   <div class='ocr_carea' id='block_1_89' title="bbox 456 4425 2044 4523">
    <p class='ocr_par' dir='ltr' id='par_1_89' title="bbox 456 4425 2038 4503">
     <span class='ocr_line' id='line_1_89' title="bbox 456 4425 2038 4503; baseline 0 -19"><span class='ocrx_word' id='word_1_631' title='bbox 456 4428 619 4484; x_wconf 74' lang='lat' dir='ltr'><strong>aﬂ‘ert</strong></span> <span class='ocrx_word' id='word_1_632' title='bbox 646 4427 964 4496; x_wconf 88' lang='lat' dir='ltr'><strong>episcopus.</strong></span> <span class='ocrx_word' id='word_1_633' title='bbox 1004 4425 1062 4478; x_wconf 88' lang='lat' dir='ltr'><strong>Si</strong></span> <span class='ocrx_word' id='word_1_634' title='bbox 1091 4425 1240 4481; x_wconf 87' lang='lat' dir='ltr'><strong>enim</strong></span> <span class='ocrx_word' id='word_1_635' title='bbox 1271 4441 1372 4482; x_wconf 84' lang='lat' dir='ltr'><strong>sua</strong></span> <span class='ocrx_word' id='word_1_636' title='bbox 1410 4441 1607 4497; x_wconf 81' lang='lat' dir='ltr'><strong>Sponte</strong></span> <span class='ocrx_word' id='word_1_637' title='bbox 1643 4433 1879 4486; x_wconf 78' lang='lat' dir='ltr'><strong>voluerit</strong></span> <span class='ocrx_word' id='word_1_638' title='bbox 1921 4436 2038 4503; x_wconf 86' lang='lat' dir='ltr'><strong>epi-</strong></span> 
     </span>
    </p>
   </div>
   <div class='ocr_carea' id='block_1_90' title="bbox 2152 4425 3734 4523">
    <p class='ocr_par' dir='ltr' id='par_1_90' title="bbox 2152 4441 3734 4523">
     <span class='ocr_line' id='line_1_90' title="bbox 2152 4441 3734 4523; baseline 0.013 -31"><span class='ocrx_word' id='word_1_639' title='bbox 2152 4441 2235 4494; x_wconf 79' lang='grc' dir='ltr'>ὲπ’</span> <span class='ocrx_word' id='word_1_640' title='bbox 2290 4442 2477 4505; x_wconf 86' lang='grc' dir='ltr'>ἀδείας</span> <span class='ocrx_word' id='word_1_641' title='bbox 2523 4443 2616 4497; x_wconf 77' lang='grc' dir='ltr'>τὸν</span> <span class='ocrx_word' id='word_1_642' title='bbox 2664 4446 3074 4519; x_wconf 87' lang='grc' dir='ltr'>μητροπολίτην</span> <span class='ocrx_word' id='word_1_643' title='bbox 3122 4451 3376 4505; x_wconf 84' lang='grc' dir='ltr'>ἀπαιτεῖν</span> <span class='ocrx_word' id='word_1_644' title='bbox 3412 4472 3464 4508; x_wconf 88' lang='grc' dir='ltr'><strong>τι</strong></span> <span class='ocrx_word' id='word_1_645' title='bbox 3508 4458 3566 4523; x_wconf 81' lang='grc' dir='ltr'>ἐξ</span> <span class='ocrx_word' id='word_1_646' title='bbox 3603 4453 3678 4512; x_wconf 88' lang='grc' dir='ltr'>ὧν</span> <span class='ocrx_word' id='word_1_647' title='bbox 3705 4463 3734 4512; x_wconf 77' lang='grc' dir='ltr'><strong><em>ὁ</em></strong></span> 
     </span>
    </p>
   </div>
   <div class='ocr_carea' id='block_1_91' title="bbox 458 4518 2034 4594">
    <p class='ocr_par' dir='ltr' id='par_1_91' title="bbox 458 4518 2034 4594">
     <span class='ocr_line' id='line_1_91' title="bbox 458 4518 2034 4594; baseline 0.003 -20"><span class='ocrx_word' id='word_1_648' title='bbox 458 4535 660 4589; x_wconf 88' lang='lat' dir='ltr'><strong>scopus</strong></span> <span class='ocrx_word' id='word_1_649' title='bbox 691 4518 1174 4586; x_wconf 83' lang='lat' dir='ltr'><strong>metr0p0iitanum</strong></span> <span class='ocrx_word' id='word_1_650' title='bbox 1200 4519 1384 4588; x_wconf 85' lang='lat' dir='ltr'><strong>aliquo</strong></span> <span class='ocrx_word' id='word_1_651' title='bbox 1408 4520 1681 4588; x_wconf 83' lang='lat' dir='ltr'><strong>ejusmodi</strong></span> <span class='ocrx_word' id='word_1_652' title='bbox 1735 4523 1880 4578; x_wconf 86' lang='lat' dir='ltr'><strong>dono</strong></span> <span class='ocrx_word' id='word_1_653' title='bbox 1903 4543 2034 4594; x_wconf 85' lang='lat' dir='ltr'><strong>pro-</strong></span> 
     </span>
    </p>
   </div>
   <div class='ocr_carea' id='block_1_92' title="bbox 463 4611 2036 4688">
    <p class='ocr_par' dir='ltr' id='par_1_92' title="bbox 463 4611 2036 4688">
     <span class='ocr_line' id='line_1_92' title="bbox 463 4611 2036 4688; baseline 0.003 -19"><span class='ocrx_word' id='word_1_654' title='bbox 463 4612 642 4683; x_wconf 87' lang='lat' dir='ltr'><strong>sequi,</strong></span> <span class='ocrx_word' id='word_1_655' title='bbox 673 4626 785 4665; x_wconf 90' lang='lat' dir='ltr'><strong>non</strong></span> <span class='ocrx_word' id='word_1_656' title='bbox 823 4611 1212 4681; x_wconf 78' lang='lat' dir='ltr'><strong>prohibebitur</strong></span> <span class='ocrx_word' id='word_1_657' title='bbox 1238 4612 1342 4665; x_wconf 88' lang='lat' dir='ltr'><strong>huc</strong></span> <span class='ocrx_word' id='word_1_658' title='bbox 1382 4612 1584 4666; x_wconf 78' lang='lat' dir='ltr'><strong>facere.</strong></span> <span class='ocrx_word' id='word_1_659' title='bbox 1612 4613 1807 4678; x_wconf 53' lang='grc' dir='ltr'><strong>(ξηαπ-θ</strong></span> <span class='ocrx_word' id='word_1_660' title='bbox 1831 4633 1953 4688; x_wconf 87' lang='lat' dir='ltr'><strong>cap.</strong></span> <span class='ocrx_word' id='word_1_661' title='bbox 1982 4621 2036 4686; x_wconf 87' lang='lat'><strong>8,</strong></span> 
     </span>
    </p>
   </div>
   <div class='ocr_carea' id='block_1_93' title="bbox 460 4705 1991 4776">
    <p class='ocr_par' dir='ltr' id='par_1_93' title="bbox 460 4705 1991 4776">
     <span class='ocr_line' id='line_1_93' title="bbox 460 4705 1991 4776; baseline 0.005 -16"><span class='ocrx_word' id='word_1_662' title='bbox 460 4708 548 4761; x_wconf 92' lang='lat' dir='ltr'><strong>tit.</strong></span> <span class='ocrx_word' id='word_1_663' title='bbox 587 4706 621 4761; x_wconf 91' lang='lat'>8</span> <span class='ocrx_word' id='word_1_664' title='bbox 648 4705 934 4776; x_wconf 63' lang='lat' dir='ltr'><strong>prmsentis</strong></span> <span class='ocrx_word' id='word_1_665' title='bbox 965 4709 1174 4774; x_wconf 89' lang='lat' dir='ltr'><strong>operis,</strong></span> <span class='ocrx_word' id='word_1_666' title='bbox 1207 4713 1263 4758; x_wconf 89' lang='lat' dir='ltr'><strong>et</strong></span> <span class='ocrx_word' id='word_1_667' title='bbox 1297 4719 1423 4758; x_wconf 88' lang='lat' dir='ltr'><strong>ean.</strong></span> <span class='ocrx_word' id='word_1_668' title='bbox 1459 4706 1491 4756; x_wconf 86' lang='lat'><strong>8</strong></span> <span class='ocrx_word' id='word_1_669' title='bbox 1519 4720 1642 4774; x_wconf 88' lang='lat' dir='ltr'><strong>syn.</strong></span> <span class='ocrx_word' id='word_1_670' title='bbox 1682 4709 1734 4761; x_wconf 90' lang='lat' dir='ltr'><strong>in</strong></span> <span class='ocrx_word' id='word_1_671' title='bbox 1777 4707 1991 4767; x_wconf 91' lang='lat' dir='ltr'><strong>Trullo.</strong></span> 
     </span>
    </p>
   </div>
   <div class='ocr_carea' id='block_1_94' title="bbox 2147 4533 3733 4616">
    <p class='ocr_par' dir='ltr' id='par_1_94' title="bbox 2147 4533 3733 4616">
     <span class='ocr_line' id='line_1_94' title="bbox 2147 4533 3733 4616; baseline 0.013 -30"><span class='ocrx_word' id='word_1_672' title='bbox 2147 4533 2448 4600; x_wconf 79' lang='grc' dir='ltr'>ἐπίσκοπος</span> <span class='ocrx_word' id='word_1_673' title='bbox 2500 4538 2849 4610; x_wconf 82' lang='grc' dir='ltr'>ἐπιφέρεται.</span> <span class='ocrx_word' id='word_1_674' title='bbox 2905 4539 2968 4593; x_wconf 76' lang='lat' dir='ltr'><strong>Ei</strong></span> <span class='ocrx_word' id='word_1_675' title='bbox 3029 4542 3140 4614; x_wconf 80' lang='grc' dir='ltr'><strong>γὰρ</strong></span> <span class='ocrx_word' id='word_1_676' title='bbox 3191 4546 3374 4610; x_wconf 69' lang='grc' dir='ltr'>ἑκοντὶ</span> <span class='ocrx_word' id='word_1_677' title='bbox 3429 4551 3733 4616; x_wconf 78' lang='grc' dir='ltr'>ἐπίσκοπος</span> 
     </span>
    </p>
   </div>
   <div class='ocr_carea' id='block_1_95' title="bbox 2147 4625 3734 4710">
    <p class='ocr_par' dir='ltr' id='par_1_95' title="bbox 2147 4625 3734 4710">
     <span class='ocr_line' id='line_1_95' title="bbox 2147 4625 3734 4710; baseline 0.014 -33"><span class='ocrx_word' id='word_1_678' title='bbox 2147 4625 2368 4698; x_wconf 86' lang='grc' dir='ltr'>θελήσει</span> <span class='ocrx_word' id='word_1_679' title='bbox 2420 4627 2786 4693; x_wconf 84' lang='grc' dir='ltr'>δεξιώσασθαι</span> <span class='ocrx_word' id='word_1_680' title='bbox 2829 4632 2922 4685; x_wconf 82' lang='grc' dir='ltr'>τὸν</span> <span class='ocrx_word' id='word_1_681' title='bbox 2978 4640 3388 4710; x_wconf 85' lang='grc' dir='ltr'>μητροπολίτην</span> <span class='ocrx_word' id='word_1_682' title='bbox 3427 4645 3595 4698; x_wconf 83' lang='grc' dir='ltr'>αὑτοῦ</span> <span class='ocrx_word' id='word_1_683' title='bbox 3641 4645 3734 4700; x_wconf 82' lang='grc' dir='ltr'><strong>διά</strong></span> 
     </span>
    </p>
   </div>
   <div class='ocr_carea' id='block_1_96' title="bbox 2144 4721 3730 4800">
    <p class='ocr_par' dir='ltr' id='par_1_96' title="bbox 2144 4721 3730 4800">
     <span class='ocr_line' id='line_1_96' title="bbox 2144 4721 3730 4800; baseline 0.014 -30"><span class='ocrx_word' id='word_1_684' title='bbox 2144 4736 2291 4782; x_wconf 87' lang='grc' dir='ltr'>τινος</span> <span class='ocrx_word' id='word_1_685' title='bbox 2360 4721 2730 4792; x_wconf 81' lang='grc' dir='ltr'>πράγματος,</span> <span class='ocrx_word' id='word_1_686' title='bbox 2787 4725 2848 4776; x_wconf 83' lang='grc' dir='ltr'><strong>ού</strong></span> <span class='ocrx_word' id='word_1_687' title='bbox 2896 4727 3277 4800; x_wconf 81' lang='grc' dir='ltr'>κωλυθήσεται</span> <span class='ocrx_word' id='word_1_688' title='bbox 3326 4734 3485 4787; x_wconf 89' lang='grc' dir='ltr'>τοῦτο</span> <span class='ocrx_word' id='word_1_689' title='bbox 3529 4741 3730 4794; x_wconf 87' lang='grc' dir='ltr'>ποιεῖν.</span> 
     </span>
    </p>
   </div>
   <div class='ocr_carea' id='block_1_97' title="bbox 455 4795 3732 4906">
    <p class='ocr_par' dir='ltr' id='par_1_97' title="bbox 455 4795 3732 4906">
     <span class='ocr_line' id='line_1_97' title="bbox 455 4795 3732 4906; baseline 0.01 -54"><span class='ocrx_word' id='word_1_690' title='bbox 455 4801 619 4871; x_wconf 81' lang='grc' dir='ltr'>Ζήτει</span> <span class='ocrx_word' id='word_1_691' title='bbox 649 4799 710 4853; x_wconf 82' lang='grc' dir='ltr'><strong>τὸ</strong></span> <span class='ocrx_word' id='word_1_692' title='bbox 739 4796 788 4869; x_wconf 86' lang='grc' dir='ltr'>η’</span> <span class='ocrx_word' id='word_1_693' title='bbox 823 4815 948 4867; x_wconf 86' lang='grc' dir='ltr'>κεφ.</span> <span class='ocrx_word' id='word_1_694' title='bbox 1008 4797 1104 4850; x_wconf 84' lang='grc' dir='ltr'><strong>τοῦ</strong></span> <span class='ocrx_word' id='word_1_695' title='bbox 1139 4801 1190 4866; x_wconf 86' lang='grc' dir='ltr'>η’</span> <span class='ocrx_word' id='word_1_696' title='bbox 1235 4795 1420 4848; x_wconf 86' lang='grc' dir='ltr'>τίτλου</span> <span class='ocrx_word' id='word_1_697' title='bbox 1483 4796 1578 4848; x_wconf 88' lang='grc' dir='ltr'><strong>τοῦ</strong></span> <span class='ocrx_word' id='word_1_698' title='bbox 1639 4803 1910 4870; x_wconf 82' lang='grc' dir='ltr'>παρόντος</span> <span class='ocrx_word' id='word_1_699' title='bbox 1968 4812 2376 4882; x_wconf 75' lang='grc' dir='ltr'>συντάγματος,</span> <span class='ocrx_word' id='word_1_700' title='bbox 2435 4817 2530 4867; x_wconf 72' lang='grc' dir='ltr'><strong>καὶ</strong></span> <span class='ocrx_word' id='word_1_701' title='bbox 2599 4814 2695 4868; x_wconf 81' lang='grc' dir='ltr'><strong>τὸν</strong></span> <span class='ocrx_word' id='word_1_702' title='bbox 2739 4815 2793 4886; x_wconf 77' lang='grc' dir='ltr'><strong>ηί</strong></span> <span class='ocrx_word' id='word_1_703' title='bbox 2832 4821 3035 4874; x_wconf 87' lang='grc' dir='ltr'>κανόνα</span> <span class='ocrx_word' id='word_1_704' title='bbox 3082 4795 3180 4894; x_wconf 80' lang='grc' dir='ltr'>τῆς</span> <span class='ocrx_word' id='word_1_705' title='bbox 3213 4827 3272 4878; x_wconf 79' lang='grc' dir='ltr'><strong>ἐν</strong></span> <span class='ocrx_word' id='word_1_706' title='bbox 3344 4828 3425 4900; x_wconf 82' lang='grc' dir='ltr'>τῷ</span> <span class='ocrx_word' id='word_1_707' title='bbox 3471 4831 3732 4906; x_wconf 77' lang='grc' dir='ltr'>Τροόλλῳ</span> 
     </span>
    </p>
   </div>
   <div class='ocr_carea' id='block_1_98' title="bbox 456 4897 697 4953">
    <p class='ocr_par' dir='ltr' id='par_1_98' title="bbox 456 4897 697 4953">
     <span class='ocr_line' id='line_1_98' title="bbox 456 4897 697 4953; baseline -0.012 -3"><span class='ocrx_word' id='word_1_708' title='bbox 456 4918 519 4953; x_wconf 79' lang='grc' dir='ltr'><strong>συ</strong></span> <span class='ocrx_word' id='word_1_709' title='bbox 528 4897 675 4948; x_wconf 78' lang='grc' dir='ltr'>νόδου</span> <span class='ocrx_word' id='word_1_710' title='bbox 685 4935 697 4948; x_wconf 94' lang='grc'><strong>.</strong></span> 
     </span>
    </p>
   </div>
   <div class='ocr_carea' id='block_1_99' title="bbox 533 4987 2026 5070">
    <p class='ocr_par' dir='ltr' id='par_1_99' title="bbox 533 4987 2026 5070">
     <span class='ocr_line' id='line_1_99' title="bbox 533 4987 2026 5070; baseline -0.001 -26"><span class='ocrx_word' id='word_1_711' title='bbox 533 4987 960 5061; x_wconf 69' lang='grc' dir='ltr'><strong>296ΖοΝΑΒ.</strong></span> <span class='ocrx_word' id='word_1_712' title='bbox 977 4988 1292 5062; x_wconf 75' lang='lat' dir='ltr'><strong>Desynodjs</strong></span> <span class='ocrx_word' id='word_1_713' title='bbox 1316 4993 1366 5046; x_wconf 85' lang='lat' dir='ltr'><strong>ill</strong></span> <span class='ocrx_word' id='word_1_714' title='bbox 1385 5010 1715 5067; x_wconf 76' lang='lat' dir='ltr'><strong>unaquaque</strong></span> <span class='ocrx_word' id='word_1_715' title='bbox 1729 5002 2026 5070; x_wconf 63' lang='lat' dir='ltr'><strong>provincia</strong></span> 
     </span>
    </p>
   </div>
   <div class='ocr_carea' id='block_1_100' title="bbox 461 5082 2026 5152">
    <p class='ocr_par' dir='ltr' id='par_1_100' title="bbox 461 5082 2026 5152">
     <span class='ocr_line' id='line_1_100' title="bbox 461 5082 2026 5152; baseline 0.01 -17"><span class='ocrx_word' id='word_1_716' title='bbox 461 5083 760 5152; x_wconf 75' lang='lat' dir='ltr'><strong>quntannis</strong></span> <span class='ocrx_word' id='word_1_717' title='bbox 781 5082 1133 5138; x_wconf 88' lang='lat' dir='ltr'><strong>celebrandis</strong></span> <span class='ocrx_word' id='word_1_718' title='bbox 1156 5084 1311 5138; x_wconf 91' lang='lat' dir='ltr'><strong>multi</strong></span> <span class='ocrx_word' id='word_1_719' title='bbox 1336 5101 1579 5144; x_wconf 87' lang='lat' dir='ltr'><strong>canones</strong></span> <span class='ocrx_word' id='word_1_720' title='bbox 1600 5103 1844 5149; x_wconf 83' lang='lat' dir='ltr'><strong>exstant.</strong></span> <span class='ocrx_word' id='word_1_721' title='bbox 1881 5095 2026 5151; x_wconf 85' lang='lat' dir='ltr'><strong>Idem</strong></span> 
     </span>
    </p>
   </div>
   <div class='ocr_carea' id='block_1_101' title="bbox 456 5175 2026 5258">
    <p class='ocr_par' dir='ltr' id='par_1_101' title="bbox 456 5175 2026 5258">
     <span class='ocr_line' id='line_1_101' title="bbox 456 5175 2026 5258; baseline 0.007 -29"><span class='ocrx_word' id='word_1_722' title='bbox 456 5177 546 5230; x_wconf 86' lang='lat' dir='ltr'><strong>hic</strong></span> <span class='ocrx_word' id='word_1_723' title='bbox 575 5189 796 5245; x_wconf 87' lang='lat' dir='ltr'><strong>quoque</strong></span> <span class='ocrx_word' id='word_1_724' title='bbox 838 5175 1053 5239; x_wconf 90' lang='lat' dir='ltr'><strong>statuit,</strong></span> <span class='ocrx_word' id='word_1_725' title='bbox 1113 5177 1461 5249; x_wconf 89' lang='lat' dir='ltr'><strong>canonisque</strong></span> <span class='ocrx_word' id='word_1_726' title='bbox 1523 5181 1579 5236; x_wconf 89' lang='lat' dir='ltr'><strong>in</strong></span> <span class='ocrx_word' id='word_1_727' title='bbox 1615 5197 1770 5239; x_wconf 84' lang='lat' dir='ltr'><strong>sexta</strong></span> <span class='ocrx_word' id='word_1_728' title='bbox 1813 5191 2026 5258; x_wconf 86' lang='lat' dir='ltr'><strong>synodo</strong></span> 
     </span>
    </p>
   </div>
   <div class='ocr_carea' id='block_1_102' title="bbox 451 5270 2031 5352">
    <p class='ocr_par' dir='ltr' id='par_1_102' title="bbox 451 5270 2031 5352">
     <span class='ocr_line' id='line_1_102' title="bbox 451 5270 2031 5352; baseline 0.01 -28"><span class='ocrx_word' id='word_1_729' title='bbox 451 5271 585 5324; x_wconf 81' lang='lat' dir='ltr'><strong>editi</strong></span> <span class='ocrx_word' id='word_1_730' title='bbox 636 5270 906 5333; x_wconf 89' lang='lat' dir='ltr'><strong>meminit,</strong></span> <span class='ocrx_word' id='word_1_731' title='bbox 934 5284 964 5322; x_wconf 90' lang='lat' dir='ltr'><strong>a</strong></span> <span class='ocrx_word' id='word_1_732' title='bbox 997 5285 1105 5340; x_wconf 89' lang='lat' dir='ltr'><strong>qua</strong></span> <span class='ocrx_word' id='word_1_733' title='bbox 1159 5273 1402 5342; x_wconf 83' lang='lat' dir='ltr'><strong>quidem,</strong></span> <span class='ocrx_word' id='word_1_734' title='bbox 1438 5287 1496 5331; x_wconf 90' lang='lat' dir='ltr'><strong>ut</strong></span> <span class='ocrx_word' id='word_1_735' title='bbox 1542 5281 1815 5352; x_wconf 88' lang='lat' dir='ltr'><strong>episeopis</strong></span> <span class='ocrx_word' id='word_1_736' title='bbox 1867 5286 2031 5340; x_wconf 89' lang='lat' dir='ltr'><strong>itine-</strong></span> 
     </span>
    </p>
   </div>
   <div class='ocr_carea' id='block_1_103' title="bbox 2214 5006 3729 5086">
    <p class='ocr_par' dir='ltr' id='par_1_103' title="bbox 2214 5006 3729 5086">
     <span class='ocr_line' id='line_1_103' title="bbox 2214 5006 3729 5086; baseline 0.013 -28"><span class='ocrx_word' id='word_1_737' title='bbox 2214 5006 2459 5060; x_wconf 86' lang='grc' dir='ltr'><strong>ΖΩΝΑΡ.</strong></span> <span class='ocrx_word' id='word_1_738' title='bbox 2493 5007 2628 5074; x_wconf 73' lang='grc' dir='ltr'>Περὶ</span> <span class='ocrx_word' id='word_1_739' title='bbox 2679 5010 2770 5062; x_wconf 89' lang='grc' dir='ltr'><strong>τοῦ</strong></span> <span class='ocrx_word' id='word_1_740' title='bbox 2800 5011 3048 5078; x_wconf 81' lang='grc' dir='ltr'>γίνεσθαι</span> <span class='ocrx_word' id='word_1_741' title='bbox 3087 5016 3341 5082; x_wconf 87' lang='grc' dir='ltr'>συνόδους</span> <span class='ocrx_word' id='word_1_742' title='bbox 3379 5021 3439 5072; x_wconf 84' lang='grc' dir='ltr'><strong>ἐν</strong></span> <span class='ocrx_word' id='word_1_743' title='bbox 3466 5024 3587 5086; x_wconf 85' lang='grc' dir='ltr'>ταῖς</span> <span class='ocrx_word' id='word_1_744' title='bbox 3621 5025 3729 5078; x_wconf 68' lang='grc' dir='ltr'>ἐπ-</span> 
     </span>
    </p>
   </div>
   <div class='ocr_carea' id='block_1_104' title="bbox 2139 5099 3723 5187">
    <p class='ocr_par' dir='ltr' id='par_1_104' title="bbox 2139 5099 3723 5187">
     <span class='ocr_line' id='line_1_104' title="bbox 2139 5099 3723 5187; baseline 0.014 -39"><span class='ocrx_word' id='word_1_745' title='bbox 2139 5099 2358 5168; x_wconf 85' lang='grc' dir='ltr'>αρχίαις</span> <span class='ocrx_word' id='word_1_746' title='bbox 2386 5099 2509 5151; x_wconf 87' lang='grc' dir='ltr'>καθ’</span> <span class='ocrx_word' id='word_1_747' title='bbox 2540 5099 2771 5156; x_wconf 79' lang='grc' dir='ltr'>ἕκαστον</span> <span class='ocrx_word' id='word_1_748' title='bbox 2799 5102 2918 5167; x_wconf 66' lang='grc' dir='ltr'>ἔτος</span> <span class='ocrx_word' id='word_1_749' title='bbox 2951 5107 3200 5178; x_wconf 76' lang='grc' dir='ltr'>διάφοροι</span> <span class='ocrx_word' id='word_1_750' title='bbox 3235 5111 3456 5177; x_wconf 89' lang='grc' dir='ltr'>κανόνες</span> <span class='ocrx_word' id='word_1_751' title='bbox 3486 5114 3723 5187; x_wconf 72' lang='grc' dir='ltr'>διαλαμ-</span> 
     </span>
    </p>
   </div>
   <div class='ocr_carea' id='block_1_105' title="bbox 2144 5191 3721 5276">
    <p class='ocr_par' dir='ltr' id='par_1_105' title="bbox 2144 5191 3721 5276">
     <span class='ocr_line' id='line_1_105' title="bbox 2144 5191 3721 5276; baseline 0.013 -34"><span class='ocrx_word' id='word_1_752' title='bbox 2144 5191 2394 5256; x_wconf 77' lang='grc' dir='ltr'>ϐάνουσι,</span> <span class='ocrx_word' id='word_1_753' title='bbox 2438 5193 2535 5245; x_wconf 71' lang='grc' dir='ltr'>καὶ</span> <span class='ocrx_word' id='word_1_754' title='bbox 2563 5196 2590 5246; x_wconf 83' lang='grc' dir='ltr'>ὁ</span> <span class='ocrx_word' id='word_1_755' title='bbox 2623 5195 2815 5266; x_wconf 87' lang='grc' dir='ltr'>παρὼν</span> <span class='ocrx_word' id='word_1_756' title='bbox 2858 5198 2916 5250; x_wconf 82' lang='grc' dir='ltr'>δὲ</span> <span class='ocrx_word' id='word_1_757' title='bbox 2947 5191 3125 5267; x_wconf 75' lang='grc' dir='ltr'>οὗτος,</span> <span class='ocrx_word' id='word_1_758' title='bbox 3169 5202 3262 5255; x_wconf 81' lang='grc' dir='ltr'>καὶ</span> <span class='ocrx_word' id='word_1_759' title='bbox 3294 5207 3570 5276; x_wconf 83' lang='grc' dir='ltr'>μέμνηται</span> <span class='ocrx_word' id='word_1_760' title='bbox 3624 5211 3721 5262; x_wconf 72' lang='grc' dir='ltr'><strong>τδῦ</strong></span> 
     </span>
    </p>
   </div>
   <div class='ocr_carea' id='block_1_106' title="bbox 2138 5282 3716 5360">
    <p class='ocr_par' dir='ltr' id='par_1_106' title="bbox 2138 5282 3716 5360">
     <span class='ocr_line' id='line_1_106' title="bbox 2138 5282 3716 5360; baseline 0.015 -28"><span class='ocrx_word' id='word_1_761' title='bbox 2138 5282 2363 5346; x_wconf 83' lang='grc' dir='ltr'>κανόνος</span> <span class='ocrx_word' id='word_1_762' title='bbox 2386 5285 2484 5354; x_wconf 73' lang='grc' dir='ltr'><strong>τῆς</strong></span> <span class='ocrx_word' id='word_1_763' title='bbox 2512 5285 2680 5353; x_wconf 81' lang='grc' dir='ltr'>’ἐκτης</span> <span class='ocrx_word' id='word_1_764' title='bbox 2707 5289 2956 5357; x_wconf 86' lang='grc' dir='ltr'>συνόδου,</span> <span class='ocrx_word' id='word_1_765' title='bbox 2992 5291 3113 5360; x_wconf 75' lang='grc' dir='ltr'>ἥτις</span> <span class='ocrx_word' id='word_1_766' title='bbox 3141 5292 3290 5360; x_wconf 75' lang='grc' dir='ltr'>ἅπαξ</span> <span class='ocrx_word' id='word_1_767' title='bbox 3328 5297 3424 5350; x_wconf 88' lang='grc' dir='ltr'><strong>τοῦ</strong></span> <span class='ocrx_word' id='word_1_768' title='bbox 3461 5300 3716 5355; x_wconf 82' lang='grc' dir='ltr'>ἐνιαυτοῦ</span> 
     </span>
    </p>
   </div>
   <div class='ocr_carea' id='block_1_107' title="bbox 455 5361 2044 5464">
    <p class='ocr_par' dir='ltr' id='par_1_107' title="bbox 455 5361 2031 5438">
     <span class='ocr_line' id='line_1_107' title="bbox 455 5361 2031 5438; baseline 0.01 -24"><span class='ocrx_word' id='word_1_769' title='bbox 455 5379 574 5415; x_wconf 88' lang='lat' dir='ltr'><strong>rum</strong></span> <span class='ocrx_word' id='word_1_770' title='bbox 621 5361 885 5414; x_wconf 86' lang='lat' dir='ltr'><strong>molestiae</strong></span> <span class='ocrx_word' id='word_1_771' title='bbox 919 5363 1353 5434; x_wconf 81' lang='lat' dir='ltr'><strong>vexationesque</strong></span> <span class='ocrx_word' id='word_1_772' title='bbox 1412 5368 1816 5438; x_wconf 87' lang='lat' dir='ltr'><strong>minuerentur,</strong></span> <span class='ocrx_word' id='word_1_773' title='bbox 1861 5379 2031 5432; x_wconf 83' lang='lat' dir='ltr'><strong>semel</strong></span> 
     </span>
    </p>
   </div>
   <div class='ocr_carea' id='block_1_108' title="bbox 2152 5361 3705 5464">
    <p class='ocr_par' dir='ltr' id='par_1_108' title="bbox 2152 5377 3705 5464">
     <span class='ocr_line' id='line_1_108' title="bbox 2152 5377 3705 5464; baseline 0.015 -38"><span class='ocrx_word' id='word_1_774' title='bbox 2152 5377 2504 5431; x_wconf 73' lang='grc' dir='ltr'>ῖιετυπώσατο</span> <span class='ocrx_word' id='word_1_775' title='bbox 2542 5380 2790 5446; x_wconf 86' lang='grc' dir='ltr'>γίνεσθαι</span> <span class='ocrx_word' id='word_1_776' title='bbox 2843 5384 2940 5447; x_wconf 76' lang='grc' dir='ltr'>τὰς</span> <span class='ocrx_word' id='word_1_777' title='bbox 2991 5385 3244 5453; x_wconf 88' lang='grc' dir='ltr'>συνόδους</span> <span class='ocrx_word' id='word_1_778' title='bbox 3283 5391 3345 5443; x_wconf 84' lang='grc' dir='ltr'>ὲν</span> <span class='ocrx_word' id='word_1_779' title='bbox 3373 5394 3496 5456; x_wconf 86' lang='grc' dir='ltr'>ταῖς</span> <span class='ocrx_word' id='word_1_780' title='bbox 3527 5394 3705 5464; x_wconf 84' lang='grc' dir='ltr'>ἐπαρ-</span> 
     </span>
    </p>
   </div>
   <div class='ocr_carea' id='block_1_109' title="bbox 453 5453 2024 5530">
    <p class='ocr_par' dir='ltr' id='par_1_109' title="bbox 453 5453 2024 5530">
     <span class='ocr_line' id='line_1_109' title="bbox 453 5453 2024 5530; baseline 0.011 -24"><span class='ocrx_word' id='word_1_781' title='bbox 453 5455 505 5507; x_wconf 89' lang='lat' dir='ltr'><strong>in</strong></span> <span class='ocrx_word' id='word_1_782' title='bbox 566 5469 708 5507; x_wconf 89' lang='lat' dir='ltr'><strong>anno</strong></span> <span class='ocrx_word' id='word_1_783' title='bbox 744 5453 1017 5522; x_wconf 76' lang='lat' dir='ltr'><strong>synodum</strong></span> <span class='ocrx_word' id='word_1_784' title='bbox 1067 5455 1120 5507; x_wconf 88' lang='lat' dir='ltr'><strong>in</strong></span> <span class='ocrx_word' id='word_1_785' title='bbox 1189 5457 1425 5528; x_wconf 78' lang='lat' dir='ltr'><strong>singulis</strong></span> <span class='ocrx_word' id='word_1_786' title='bbox 1475 5465 1784 5530; x_wconf 83' lang='lat' dir='ltr'><strong>provinciis</strong></span> <span class='ocrx_word' id='word_1_787' title='bbox 1838 5470 2024 5524; x_wconf 71' lang='lat' dir='ltr'><strong>haberi</strong></span> 
     </span>
    </p>
   </div>
   <div class='ocr_carea' id='block_1_110' title="bbox 452 5547 2023 5626">
    <p class='ocr_par' dir='ltr' id='par_1_110' title="bbox 452 5547 2023 5626">
     <span class='ocr_line' id='line_1_110' title="bbox 452 5547 2023 5626; baseline 0.012 -30"><span class='ocrx_word' id='word_1_788' title='bbox 452 5548 734 5597; x_wconf 83' lang='lat' dir='ltr'><strong>decretum</strong></span> <span class='ocrx_word' id='word_1_789' title='bbox 773 5553 878 5610; x_wconf 90' lang='lat' dir='ltr'><strong>est,</strong></span> <span class='ocrx_word' id='word_1_790' title='bbox 903 5560 968 5597; x_wconf 87' lang='lat' dir='ltr'><strong>ac</strong></span> <span class='ocrx_word' id='word_1_791' title='bbox 1026 5547 1402 5616; x_wconf 88' lang='lat' dir='ltr'><strong>antiquiorem</strong></span> <span class='ocrx_word' id='word_1_792' title='bbox 1448 5553 1516 5607; x_wconf 90' lang='lat' dir='ltr'><strong>de</strong></span> <span class='ocrx_word' id='word_1_793' title='bbox 1577 5559 1858 5626; x_wconf 75' lang='lat' dir='ltr'><strong>synodieis</strong></span> <span class='ocrx_word' id='word_1_794' title='bbox 1891 5575 2023 5615; x_wconf 86' lang='lat' dir='ltr'><strong>con-</strong></span> 
     </span>
    </p>
   </div>
   <div class='ocr_carea' id='block_1_111' title="bbox 450 5636 2018 5718">
    <p class='ocr_par' dir='ltr' id='par_1_111' title="bbox 450 5636 2018 5718">
     <span class='ocr_line' id='line_1_111' title="bbox 450 5636 2018 5718; baseline 0.015 -33"><span class='ocrx_word' id='word_1_795' title='bbox 450 5636 698 5690; x_wconf 69' lang='lat' dir='ltr'><strong>rentibus</strong></span> <span class='ocrx_word' id='word_1_796' title='bbox 723 5637 1065 5693; x_wconf 89' lang='lat' dir='ltr'><strong>celebrandis</strong></span> <span class='ocrx_word' id='word_1_797' title='bbox 1103 5643 1555 5701; x_wconf 86' lang='lat' dir='ltr'><strong>constitutionem</strong></span> <span class='ocrx_word' id='word_1_798' title='bbox 1584 5650 1841 5706; x_wconf 90' lang='lat' dir='ltr'><strong>restituit.</strong></span> <span class='ocrx_word' id='word_1_799' title='bbox 1862 5651 2018 5718; x_wconf 85' lang='lat' dir='ltr'><strong>Quod</strong></span> 
     </span>
    </p>
   </div>
   <div class='ocr_carea' id='block_1_112' title="bbox 2130 5467 3716 5555">
    <p class='ocr_par' dir='ltr' id='par_1_112' title="bbox 2130 5467 3716 5555">
     <span class='ocr_line' id='line_1_112' title="bbox 2130 5467 3716 5555; baseline 0.012 -38"><span class='ocrx_word' id='word_1_800' title='bbox 2130 5467 2297 5535; x_wconf 85' lang='grc' dir='ltr'>χίαις,</span> <span class='ocrx_word' id='word_1_801' title='bbox 2349 5470 2438 5523; x_wconf 83' lang='grc' dir='ltr'><strong>ἵνα</strong></span> <span class='ocrx_word' id='word_1_802' title='bbox 2474 5473 2548 5541; x_wconf 81' lang='grc' dir='ltr'><strong>μὴ</strong></span> <span class='ocrx_word' id='word_1_803' title='bbox 2604 5473 2805 5540; x_wconf 83' lang='grc' dir='ltr'>πολλὴν</span> <span class='ocrx_word' id='word_1_804' title='bbox 2836 5476 3062 5546; x_wconf 78' lang='grc' dir='ltr'>ὄχλησιν</span> <span class='ocrx_word' id='word_1_805' title='bbox 3107 5479 3205 5532; x_wconf 80' lang='grc' dir='ltr'><strong>καὶ</strong></span> <span class='ocrx_word' id='word_1_806' title='bbox 3247 5485 3597 5555; x_wconf 81' lang='grc' dir='ltr'>καινοτομίαν</span> <span class='ocrx_word' id='word_1_807' title='bbox 3656 5489 3716 5540; x_wconf 81' lang='grc' dir='ltr'><strong>ἐν</strong></span> 
     </span>
    </p>
   </div>
   <div class='ocr_carea' id='block_1_113' title="bbox 2124 5561 3713 5654">
    <p class='ocr_par' dir='ltr' id='par_1_113' title="bbox 2124 5561 3713 5654">
     <span class='ocr_line' id='line_1_113' title="bbox 2124 5561 3713 5654; baseline 0.015 -42"><span class='ocrx_word' id='word_1_808' title='bbox 2124 5561 2244 5623; x_wconf 72' lang='grc' dir='ltr'>ταῖς</span> <span class='ocrx_word' id='word_1_809' title='bbox 2275 5561 2609 5633; x_wconf 79' lang='grc' dir='ltr'>ὁδοιπορίαις</span> <span class='ocrx_word' id='word_1_810' title='bbox 2638 5567 2687 5618; x_wconf 89' lang='grc' dir='ltr'><strong>οί</strong></span> <span class='ocrx_word' id='word_1_811' title='bbox 2716 5568 3008 5623; x_wconf 87' lang='grc' dir='ltr'>ἐπίσκοποι</span> <span class='ocrx_word' id='word_1_812' title='bbox 3031 5571 3221 5643; x_wconf 74' lang='grc' dir='ltr'>ἔχωσι,</span> <span class='ocrx_word' id='word_1_813' title='bbox 3247 5580 3340 5631; x_wconf 78' lang='grc' dir='ltr'>καὶ</span> <span class='ocrx_word' id='word_1_814' title='bbox 3368 5578 3590 5633; x_wconf 80' lang='grc' dir='ltr'>ἀνανεοῖ</span> <span class='ocrx_word' id='word_1_815' title='bbox 3609 5581 3713 5654; x_wconf 79' lang='grc' dir='ltr'><strong>τὴν</strong></span> 
     </span>
    </p>
   </div>
   <div class='ocr_carea' id='block_1_114' title="bbox 2122 5651 3710 5744">
    <p class='ocr_par' dir='ltr' id='par_1_114' title="bbox 2122 5651 3710 5744">
     <span class='ocr_line' id='line_1_114' title="bbox 2122 5651 3710 5744; baseline 0.016 -42"><span class='ocrx_word' id='word_1_816' title='bbox 2122 5651 2255 5721; x_wconf 80' lang='grc' dir='ltr'>περὶ</span> <span class='ocrx_word' id='word_1_817' title='bbox 2283 5652 2393 5707; x_wconf 83' lang='grc' dir='ltr'><strong>τῶν</strong></span> <span class='ocrx_word' id='word_1_818' title='bbox 2424 5657 2662 5710; x_wconf 80' lang='grc' dir='ltr'>συνόδων</span> <span class='ocrx_word' id='word_1_819' title='bbox 2698 5659 3062 5733; x_wconf 85' lang='grc' dir='ltr'>παλαιοτέραν</span> <span class='ocrx_word' id='word_1_820' title='bbox 3089 5666 3357 5736; x_wconf 79' lang='grc' dir='ltr'>διάταξιν.</span> <span class='ocrx_word' id='word_1_821' title='bbox 3401 5673 3511 5725; x_wconf 80' lang='grc' dir='ltr'>Καὶ</span> <span class='ocrx_word' id='word_1_822' title='bbox 3537 5676 3586 5726; x_wconf 81' lang='grc' dir='ltr'><strong>εί</strong></span> <span class='ocrx_word' id='word_1_823' title='bbox 3608 5677 3710 5744; x_wconf 76' lang='grc' dir='ltr'><strong>ἄρ-</strong></span> 
     </span>
    </p>
   </div>
   <div class='ocr_carea' id='block_1_115' title="bbox 446 5727 2044 5835">
    <p class='ocr_par' dir='ltr' id='par_1_115' title="bbox 446 5727 2014 5810">
     <span class='ocr_line' id='line_1_115' title="bbox 446 5727 2014 5810; baseline 0.01 -31"><span class='ocrx_word' id='word_1_824' title='bbox 446 5727 492 5779; x_wconf 80' lang='lat' dir='ltr'><strong>si</strong></span> <span class='ocrx_word' id='word_1_825' title='bbox 557 5727 911 5804; x_wconf 78' lang='lat' dir='ltr'><strong>magistratus</strong></span> <span class='ocrx_word' id='word_1_826' title='bbox 951 5727 1152 5798; x_wconf 79' lang='lat' dir='ltr'><strong>aliquis</strong></span> <span class='ocrx_word' id='word_1_827' title='bbox 1211 5733 1423 5802; x_wconf 89' lang='lat' dir='ltr'><strong>synodo</strong></span> <span class='ocrx_word' id='word_1_828' title='bbox 1486 5737 1744 5806; x_wconf 70' lang='lat' dir='ltr'><strong>cogendce</strong></span> <span class='ocrx_word' id='word_1_829' title='bbox 1809 5741 2014 5810; x_wconf 78' lang='lat' dir='ltr'><strong>obstet,</strong></span> 
     </span>
    </p>
   </div>
   <div class='ocr_carea' id='block_1_116' title="bbox 2152 5727 3705 5835">
    <p class='ocr_par' dir='ltr' id='par_1_116' title="bbox 2153 5727 3705 5835">
     <span class='ocr_line' id='line_1_116' title="bbox 2153 5727 3705 5835; baseline 0.015 -38"><span class='ocrx_word' id='word_1_830' title='bbox 2153 5762 2229 5799; x_wconf 87' lang='grc' dir='ltr'><strong>ων</strong></span> <span class='ocrx_word' id='word_1_831' title='bbox 2263 5746 2518 5822; x_wconf 82' lang='grc' dir='ltr'>κωλύσει,</span> <span class='ocrx_word' id='word_1_832' title='bbox 2533 5752 2686 5822; x_wconf 67' lang='grc' dir='ltr'>φησι,</span> <span class='ocrx_word' id='word_1_833' title='bbox 2706 5753 2765 5815; x_wconf 19' lang='grc' dir='ltr'><strong>,τὸ</strong></span> <span class='ocrx_word' id='word_1_834' title='bbox 2783 5727 3030 5824; x_wconf 75' lang='grc' dir='ltr'>γίνεσθαι</span> <span class='ocrx_word' id='word_1_835' title='bbox 3047 5727 3284 5830; x_wconf 56' lang='grc' dir='ltr'>σύνοδον,</span> <span class='ocrx_word' id='word_1_836' title='bbox 3310 5727 3663 5835; x_wconf 65' lang='grc' dir='ltr'>ἁφοριζέσθιύ</span> <span class='ocrx_word' id='word_1_837' title='bbox 3685 5783 3705 5804; x_wconf 79' lang='grc' dir='ltr'><strong><em>ο</em></strong></span> 
     </span>
    </p>
   </div>
  </div>
