4062 6386
380 272 503 369 ους)

1318 309 1401 370 ΙΝ
1432 310 1602 371 CAN.
1646 310 1757 370 VII
1786 310 1991 371 C(lNC.
2033 310 2142 372 ‘v'll
2179 310 2533 407 (ECUMlle.

3542 309 3647 369 {illi

386 416 481 469 καὶ
512 416 637 480 τοὺς
676 419 1014 490 ἀμελοῦντας
1042 421 1137 475 τοῦ
1171 422 1498 494 πράγματος
1532 426 1944 496 μητροπολίτας

2067 428 2365 495 segregari,
2404 436 2459 480 et
2492 424 2960 495 mctropolitanos,
2985 422 3078 495 qui
3104 439 3224 479 eam
3264 423 3410 478 nulla
3444 438 3639 478 neces-

387 510 432 561 εί
485 510 559 578 μὴ
595 511 811 579 ἀνάγκη
850 528 936 574 τις
988 513 1337 586 μεσολαϐήσῃ
1368 515 1461 566 καὶ
1502 516 1613 585 βία,
1654 520 1958 577 κανονικοῖς

390 595 686 652 ὑποϐάλλει
725 602 1046 671 ἐπιτιμίοις.
1081 604 1209 656 Ὅτε
1239 605 1292 657 δὲ
1321 609 1546 674 γένηται
1579 606 1794 669 σύνοδος
1829 608 1959 677 περὶ

388 691 685 742 κανονικῶν
732 694 826 745 καὶ
874 695 1251 763 εὑαγγελικῶν
1282 698 1618 768 πραγμάτων
1645 738 1659 761 ,
1708 701 1788 751 δεῖ
1832 701 1959 761 τοὺς

389 782 711 845 ἐπισκόπους
737 784 1061 853 φροντίζειν,
1090 790 1137 839 εί
1165 788 1525 855 φυλάσσονται
1552 790 1607 842 αἱ
1636 791 1775 843 θεῖαι
1805 792 1956 841 ὲντο-

386 871 494 923 λαί.
519 872 797 926 Κανονικὰ
831 876 931 942 μὲν
972 874 1064 930 οὖν
1101 881 1402 949 πράγματα
1426 877 1536 932 εἶεν
1566 880 1633 933 ἂν
1661 881 1710 932 οἱ
1762 882 1954 951 ἀφορι-

342 963 535 1031 captet,
561 967 609 1016 εί
644 965 868 1031 δικαίως
900 971 1139 1037 γίνονται
1166 974 1553 1042 σκοπούμενοι,
1585 975 1634 1025 εί
1655 973 1723 1026 δι’
1748 974 1953 1026 οἰκονό-

387 1072 504 1123 μων
527 1058 695 1110 ὄντων
728 1063 792 1114 ἐκ
824 1063 931 1114 τῶν
967 1064 1185 1134 κλήρων
1219 1064 1400 1118 αὐτῶν
1424 1064 1492 1118 τὰ
1517 1067 1623 1118 τῶν
1648 1066 1962 1143 ἐκκλησιῶν.

381 1144 674 1200 διοικοῦσιν
705 1153 753 1203 οἱ
785 1154 1093 1217 ἐπίσκοποι,
1116 1156 1210 1207 καὶ
1241 1154 1467 1207 τοιαῦτὰ
1488 1171 1628 1217 τινα,
1662 1153 1760 1207 fio!
1794 1156 1953 1207 κανό-

381 1255 471 1300 νες
500 1240 747 1307 γίνεσθαι
774 1245 1170 1301 διατάττονται.
1208 1248 1552 1316 Εὑαγγελικὰ
1579 1249 1657 1311 δὲ,
1693 1246 1833 1301 ἃδιὰ
1859 1246 1952 1299 τοῦ

381 1331 710 1400 Εὐαγγελίου
743 1339 873 1407 ήμίν
903 1341 1312 1395 ὲπιτὰττονται’
1354 1338 1464 1393 οἷόν
1498 1343 1610 1394 ἐστι
1656 1340 1718 1392 τὸ
1764 1338 1956 1409 βαπτί-

380 1425 493 1490 ζειν
511 1429 589 1490 εἰς
602 1429 771 1498 ὄνομα
794 1431 1024 1502 Πατρὶς,
1041 1435 1134 1486 καὶ
1156 1433 1307 1500 Υἰοῦ,
1327 1434 1419 1486 καὶ
1442 1434 1596 1501 ἁγίου
1619 1432 1950 1500 Πνεῦματος,

385 1522 479 1569 καὶ
518 1518 578 1568 τὸ
614 1521 690 1588 μὴ
724 1522 1007 1575 ἐκϐάλλειν
1038 1525 1159 1576 τινὰ
1185 1525 1285 1593 τὴν
1331 1527 1569 1591 γυναῖκα
1601 1522 1766 1577 αὐτοῦ
1795 1522 1953 1584 ἐκτὸς

380 1609 541 1676 λόγου
564 1614 840 1679 πορνείας,
875 1616 970 1667 καὶ
997 1616 1130 1669 ἄλλα
1155 1618 1397 1670 τοιαῦτα.
1429 1616 1611 1670 Ταῦτα
1637 1617 1742 1687 γὰρ
1773 1617 1952 1669 πάντα

381 1704 649 1772 ἠρεύνων,
694 1708 743 1758 εἰ
789 1710 847 1759 ὲν
882 1711 1003 1771 ταῖς
1030 1708 1236 1779 χώραις
1269 1711 1448 1762 αὐτῶν
1482 1709 1740 1778 ἐγίνοντο,
1774 1711 1820 1762 oi
1856 1711 1953 1780 ἁρ-

2066 525 2213 575 saria
2233 539 2404 577 causa
2436 521 2836 574 interveniente
2875 518 3137 590 miliaque
3188 520 3239 573 vi
3274 517 3450 572 coacti
3501 532 3642 586 pra:-

2067 615 2424 677 tertniserint,
2444 612 2727 668 canonicis
2754 612 2932 682 poenis
2952 613 3120 665 teneri
3145 610 3319 681 jubet.
3343 611 3398 664 lu
3425 611 3640 680 synodo

2068 723 2230 776 porro
2258 706 2326 761 de
2362 707 2643 761 canonicis
2672 705 3117 774 cvangelicisque
3142 703 3371 774 negotiis
3426 701 3637 765 habita,

2066 814 2133 851 an
2160 797 2345 851 divina
2365 810 2635 866 praecepta
2668 806 2981 861 serventur,
3011 795 3258 850 studiose
3308 795 3376 851 ab
3417 796 3638 863 episco-

2068 889 2150 957 pis
2218 890 2632 958 inquirendum.
2670 890 2749 944 Ac
2805 889 3024 957 negOtia
3079 888 3301 958 quidem
3370 887 3637 942 canonica

2064 992 2191 1037 sunt
2216 984 2448 1052 exetnpli
2479 998 2683 1037 causa:
2711 998 2779 1036 an
2810 981 3359 1054 segregationesjure
3387 981 3636 1048 irrogen-

2066 1086 2187 1138 tur;
2218 1091 2285 1128 an
2320 1091 2412 1142 per
2444 1090 2765 1131 oeconomos
2789 1092 2856 1130 ex
2919 1074 3360 1143 uniuscujusque
3389 1072 3632 1142 ipsorum

2064 1169 2215 1220 clero
2247 1166 2495 1222 delectos
2535 1168 2897 1222 ecclesiarum
2931 1166 3073 1220 bona
3105 1171 3171 1219 ab
3218 1165 3495 1234 episcopis
3542 1161 3634 1213 ad-

2065 1260 2474 1323 ministrentur,
2510 1264 2728 1331 aliaque
2780 1259 3097 1328 hujusmodi
3140 1258 3376 1313 canonis
3429 1258 3633 1310 c0usti-

2065 1353 2371 1408 tutionibus
2411 1356 2639 1408 delinita
2673 1366 2990 1420 serventur,
3063 1351 3415 1421 investigare.
3458 1348 3634 1401 Evam

2062 1443 2235 1513 gelica
2264 1460 2393 1498 vero
2414 1462 2477 1500 ea
2510 1454 2640 1501 sunt
2662 1462 2784 1515 quae
2808 1446 2966 1500 nobis
3013 1446 3070 1499 in
3098 1442 3406 1513 Evangelio
3434 1441 3632 1510 praeci-

2062 1536 2317 1604 piuntur;
2349 1539 2508 1606 quale
2537 1549 2621 1593 est
2650 1539 2807 1603 illud,
2839 1547 2898 1592 ut
2950 1539 3007 1593 in
3069 1537 3298 1592 nomine
3358 1535 3535 1589 Patris
3582 1542 3632 1588 el

2060 1627 2182 1683 Filii
2207 1641 2261 1685 et
2286 1630 2528 1702 Spiritus
2558 1632 2735 1686 sancti
2767 1632 3071 1701 haptismus
3098 1628 3558 1693 administretur;
3582 1635 3630 1679 et

2018 1722 2023 1729 ’
2062 1737 2129 1775 ne
2159 1723 2283 1791 quis
2321 1738 2550 1776 uxorem
2598 1739 2755 1778 suam
2790 1723 3000 1791 ejiciat,
3036 1730 3266 1790 excepta
3322 1733 3491 1799 causa
3521 1716 3628 1771 for-

378 1800 584 1865 Χιερεῖς
618 1797 1017 1869 ἀθροιζόμενοι,
1054 1805 1148 1854 καί
1172 1803 1220 1855 εἰ
1247 1803 1387 1855 κατὰ
1413 1803 1512 1866 τὰς
1544 1803 1694 1865 θείας
1728 1803 1944 1867 ἐντολὰς

2058 1811 2394 1876 nicatlonis;
2432 1827 2495 1883 ac
2522 1811 2644 1882 ejus
2674 1814 2892 1883 generis
2929 1813 3055 1866 alia.
3095 1811 3222 1866 llaec
3246 1797 3391 1868 enim
3418 1813 3629 1877 omnia,

378 1887 589 1955 βιοῦσιν
624 1891 674 1941 oi
723 1890 1023 1960 ἄνθρωποι.
1085 1896 1191 1946 Καὶ
1250 1896 1558 1965 μαρτυρίας
1604 1895 1889 1964 Γραῃικὰς
1917 1896 1946 1947 6

374 1980 558 2034 κανὼν
586 1984 824 2051 παράγει
850 1984 911 2037 ἐκ
945 2002 1003 2037 τε
1036 1986 1129 2039 τοῦ
1151 1987 1428 2057 ψαλτῆρος
1452 1991 1544 2040 καὶ
1576 1989 1640 2040 ἐκ
1669 1988 1774 2041 τῶν
1798 1989 1947 2059 Παρ-

376 2077 595 2147 οιμιῶν.
626 2079 738 2131 Καὶ
764 2081 876 2132 ἐπὶ
904 2083 1111 2144 τούτοις
1150 2083 1505 2153 προστίθησιν
1532 2083 1613 2135 ὄτι
1642 2084 1946 2152 συναγομέ-

372 2184 481 2218 νων
513 2167 623 2220 τῶν
660 2171 971 2223 ἐπισκόπων
993 2172 1120 2225 ἔνθα
1150 2174 1177 2224 6
1211 2174 1610 2243 μητροπολίτης
1632 2175 1731 2243 τῆς
1775 2176 1945 2244 ἐπαρ-

371 2256 494 2324 χίας
530 2258 705 2328 ὁρίσει
736 2261 878 2313 κατὰ
915 2262 1008 2315 τὸν
1047 2266 1268 2329 κανόνα,
1301 2266 1397 2334 οὐχ
1414 2266 1525 2331 ’ἐξει
1555 2268 1582 2319 ό
1614 2268 1947 2337 μητροπολί-

371 2368 473 2419 της
520 2353 771 2429 ἐξουσίαν
821 2356 1079 2411 ἀπαιτεῖν
1128 2377 1178 2410 τι
1229 2361 1286 2425 ἐξ
1327 2358 1526 2424 αὐτῶν,
1560 2360 1684 2412 οὔτε
1726 2361 1973 2427 κτῆνος,Δ

372 2440 541 2493 ἵππον
572 2445 736 2513 τυχὸν
768 2444 800 2515 ἢ
837 2447 1085 2516 ἡμίονον,
1122 2449 1247 2502 οὔτε
1291 2469 1342 2503 τι
1383 2451 1571 2520 ἕτερον
1603 2447 1764 2514 εἶδος.
1796 2452 1858 2503 Et
1888 2451 1945 2503 δὲ

369 2534 466 2583 καὶ
504 2536 816 2606 ἀπαιτήσας
847 2538 942 2591 καλ⁸
970 2539 1152 2601 λαϐὼν
1173 2559 1226 2594 τι
1256 2542 1567 2613 ἐλεγχθείη,
1593 2543 1863 2596 ἀποδώσει
1886 2545 1944 2596 τὸ

366 2629 736 2698 τετραπλοῦν.

2056 1919 2125 1956 an
2159 1905 2214 1957 in
2241 1905 2504 1974 subjectis
2523 1898 2726 1975 cuique
2750 1904 3070 1973 regionibus
3121 1905 3198 1958 ita
3240 1905 3457 1967 ﬁerent,
3505 1906 3627 1976 epi-

2055 1998 2209 2068 sc0pi
2252 1980 2649 2054 convenientes
2713 2000 3106 2070 inquirebant;
3142 2013 3197 2054 et
3241 2015 3310 2053 an
3342 2000 3503 2068 juxta
3543 2000 3626 2053 di-

2054 2097 2181 2145 vina
2240 2094 2498 2146 mandata
2551 2093 2807 2148 homines
2864 2096 3031 2150 vitam
3091 2095 3455 2149 instituerint.
3491 2093 3625 2149 llinc

2053 2186 2372 2239 testimonia
2417 2200 2638 2255 quoque
2686 2200 2866 2240 canon
2919 2201 2985 2240 ex
3044 2184 3388 2241 Psalmorum
3445 2196 3500 2242 et
3559 2204 3623 2242 ex

2050 2275 2475 2331 Proverbiorum
2502 2278 2658 2332 libris
2689 2278 2933 2332 adducit.
2959 2278 3037 2333 Ad
3076 2280 3209 2342 haec,
3240 2295 3310 2333 ne
3350 2291 3601 2349 metropo

2049 2370 2222 2423 litano
2262 2370 2447 2432 liceat,
2473 2371 2750 2439 episcopis
2805 2386 2873 2425 ex
2919 2373 3152 2425 canonis
3210 2372 3534 2441 praescripto
3568 2373 3622 2427 in

2048 2475 2174 2515 eum
2201 2460 2380 2514 locum
2431 2476 2593 2529 quem
2641 2460 2760 2529 ipse
2807 2460 3070 2530 delegerit
3102 2462 3476 2532 congregatis,
3524 2464 3611 2516 ali-

2052 2550 2187 2621 quid
2223 2567 2289 2605 ex
2326 2551 2571 2620 ipsorum
2609 2553 2798 2617 rebus,
2856 2565 2959 2605 nec
3012 2553 3321 2621 jumentum
3349 2592 3365 2617 ,
3422 2570 3620 2623 equum

2053 2644 2195 2698 forte
2227 2646 2703 2708 autmulutn,nec
2750 2644 2901 2699 aliud
2954 2643 3237 2714 quidpiam
3296 2645 3403 2700 sibi
3444 2648 3593 2701 viudt

367 2736 521 2788 care,
559 2724 829 2781 decernit.
862 2727 1014 2792 Quod
1046 2727 1092 2782 si
1120 2744 1234 2784 rem
1262 2730 1499 2799 aliquam
1554 2730 1623 2786 ab
1661 2746 1725 2786 eo
1754 2732 2079 2789 vindicatam
2144 2751 2307 2807 atque
2365 2738 2600 2791 ablatam
2670 2732 2794 2791 esse
2867 2738 3154 2807 probatum
3244 2737 3428 2804 fuerit,
3483 2755 3618 2809 qna-

364 2815 619 2884 druplum
648 2819 859 2874 reddet.

373 2908 595 2964 ΑΡΙΣΤ.
632 2927 650 2960 t
700 2911 856 2964 Ἐπεὶ
899 2912 973 2983 μὴ
1018 2914 1245 2968 δυνατὸν
1271 2916 1416 2968 κατὰ
1455 2915 1518 2967 τὸ
1556 2914 1722 2968 πάλαι
1769 2916 1928 2982 δόξαν

440 3017 461 3050 r
502 2999 585 3063 δὶς
643 3000 737 3052 τοῦ
782 3001 933 3067 ἔτους
975 3004 1224 3072 γίνεσθαι
1251 3006 1487 3072 σύνοδον,
1520 3007 1757 3073 γινέσθω
1789 3005 1939 3071 ἅπαξ

440 3111 459 3143 ι
509 3094 649 3146 κατὰ
681 3097 740 3146 τὸ
771 3095 932 3161 δόξαν
962 3101 1027 3166 τῇ
1058 3099 1215 3172 ἕκτῃ.
1255 3099 1364 3152 Καὶ
1398 3103 1425 3153 6
1454 3101 1707 3163 κωλύσας
1751 3102 1937 3171 ἄρχων

438 3204 458 3237 ι
504 3188 852 3258 ἁφοριζέσθω
880 3204 895 3221 ο
925 3190 1022 3243 καὶ
1053 3192 1080 3243 6
1102 3190 1387 3262 ἀμελήσας
1435 3195 1736 3256 ἐπίσκοπος
1766 3196 1939 3249 ἐπιτι-

442 3298 461 3329 ‹
512 3280 728 3350 μάσθω.
754 3281 867 3350 Τῆς
894 3284 1113 3336 συνόδου
1142 3284 1198 3337 δὲ
1230 3286 1547 3355 γινομένης,
1579 3288 1737 3359 εἴπερ
1768 3290 1795 3340 6
1826 3305 1937 3358 μη-

437 3392 455 3423 (
504 3373 834 3444 τροπολίτης
880 3370 1147 3444 ἁφέληταί
1189 3394 1243 3430 τι
1293 3379 1401 3433 τῶν
1456 3378 1553 3431 τοῦ
1605 3381 1932 3447 ἐπισκόπου,

434 3483 455 3516 ι
500 3466 751 3518 ἀποτίσει
782 3466 1202 3535 τετραπλάσιον.
1245 3488 1263 3523 ι

428 3644 655 3698 Βεϐαιοῖ
677 3645 773 3699 καὶ
797 3645 935 3717 αὕτη
967 3649 999 3715 ή
1037 3648 1253 3711 σύνοδος
1289 3649 1350 3701 τὸ
1383 3648 1531 3714 anas
1557 3650 1652 3703 τοῦ
1684 3653 1932 3706 ἐνιαυτοῦ

350 3735 602 3804 γίνεσθαι
652 3737 871 3790 σύνοδον
913 3739 971 3791 ὲν
1019 3740 1229 3811 ἑκάστῃ
1272 3744 1548 3812 ἐπαρχίᾳ*
1580 3749 1673 3796 καὶ
1715 3744 1807 3796 τὸν
1834 3747 1933 3815 μὲν

348 3829 499 3881 κατὰ
544 3831 728 3900 χώραν
774 3830 1034 3900 ἄρχοντα,
1086 3833 1135 3884 εί
1178 3832 1377 3903 εὑρεθῇ
1424 3834 1648 3887 κωλύων
1687 3836 1785 3906 τὴν
1822 3838 1932 3890 τῶν

350 3923 671 3975 ἐπισκόπων
702 3925 1036 3988 συνέλευσιν,
1070 3925 1169 3995 τὴν
1202 3926 1291 3981 διὰ
1325 3927 1587 3980 κανονικὰ
1631 3933 1724 3981 καὶ
1765 3931 1929 3997 εὐαγ-

346 4014 545 4085 γελικὰ
574 4016 879 4088 πράγματα
905 4020 1221 4088 γινομένην,
1246 4020 1516 4089 ἀφορίζειο
1536 4023 1627 4075 τὸν
1651 4022 1706 4075 δὲ
1730 4041 1933 4093 μητρο-

346 4108 577 4178 πολίτην
598 4110 690 4161 τὸν
745 4108 1058 4179 ἀμελοῦντα
1101 4110 1259 4164 τοῦτο
1310 4113 1562 4181 γενέσθαι
1602 4115 1729 4169 ἄνευ
1784 4117 1929 4178 τινος

348 4201 600 4272 ἀνάγκης
653 4204 744 4256 καὶ
793 4204 938 4273 βίας,
990 4208 1299 4269 κανονικοίς
1346 4208 1650 4276 ἐπιτιμίοις
1694 4208 1930 4262 καθυπο-

258 4316 263 4321 “
347 4295 559 4350 ϐάλλει.
591 4298 929 4367 Προστάττει
975 4298 1033 4351 δὲ
1079 4299 1176 4351 καὶ
1219 4300 1281 4352 τὸ
1340 4300 1415 4370 μὴ
1452 4300 1597 4370 ἔχειν
1622 4301 1806 4355 ἄδειαν
1836 4305 1928 4357 τὸν

347 4390 761 4459 μητροπολίτην
797 4390 1152 4461 ἀφαιρεῖσθαί
1191 4409 1245 4443 τι
1273 4385 1349 4445 ὧν
1378 4395 1428 4446 οἱ
1462 4394 1755 4447 ἐπίσκοποι
1801 4397 1924 4449 ἐπι-

3084 2876 3097 2899 Ι

2047 2914 2281 2971 ARIST.
2360 2934 2380 2968 ι
2421 2917 2875 2988 Quandoquidem
2932 2934 3043 2974 non
3099 2928 3182 2974 est
3238 2920 3524 2990 possibile,
3564 2932 3621 2972 ut

2122 3029 2140 3061 ι
2178 3010 2442 3080 synodus,
2497 3010 2653 3079 juxta
2706 3012 2987 3065 decreulm
3053 3011 3186 3066 olim
3235 3013 3484 3087 editum,
3532 3012 3619 3066 bis

2117 3118 2136 3150 ε
2169 3100 2471 3169 quotannis
2490 3102 2818 3165 celebretur,
2849 3102 3042 3167 semel,
3077 3103 3153 3156 uti
3202 3113 3373 3158 sexta:
3406 3105 3618 3175 synodo

2120 3204 2138 3240 ι
2175 3193 2351 3244 visum
2380 3201 2485 3256 est,
2527 3193 2814 3246 habeatur.
2854 3194 2919 3245 Et
2957 3196 3340 3261 magistratus,
3391 3199 3483 3265 qui
3514 3195 3617 3250 hoc

2124 3296 2140 3329 ι
2175 3278 2542 3347 prohibuerit,
2575 3289 2926 3350 segregetur:
2968 3289 3023 3334 et
3062 3283 3377 3351 episcopus,
3416 3283 3509 3353 qui
3561 3285 3615 3337 id

2118 3390 2136 3422 ι
2175 3371 2289 3426 lieri
2323 3374 2555 3440 curavit,
2591 3374 2765 3442 poenis
2790 3372 3140 3443 subjiciatur.
3183 3366 3380 3429 Habita
3430 3383 3611 3429 autem

2114 3482 2133 3515 ι
2167 3465 2403 3535 synodo,
2451 3466 2496 3520 si
2547 3466 3003 3535 metropolitanus
3033 3466 3320 3536 quidpiam
3350 3481 3379 3519 α
3419 3471 3615 3537 quovis

2116 3577 2133 3609 ι
2174 3567 2438 3629 episcopo
2462 3560 2775 3629 abstulerit,
2817 3561 3187 3628 quadruplum
3223 3560 3438 3615 reddet.
3477 3579 3517 3643 »ἢ

2101 3649 2169 3704 Et
2208 3652 2322 3706 ιιωο
2363 3654 2606 3722 synodus
2641 3653 2774 3705 illud
2838 3654 3146 3717 conﬁrmat,
3195 3669 3390 3722 nempe
3441 3654 3614 3707 semel

2034 3742 2333 3810 quotannis
2366 3746 2417 3795 in
2474 3759 2804 3812 unaquaque
2857 3744 3141 3813 provincia
3199 3746 3386 3799 haberi
3438 3763 3607 3816 syno-
3656 3812 3669 3817 ᾖ

2033 3834 2202 3888 dum:
2246 3849 2371 3887 eum
2406 3845 2590 3889 autem
2619 3836 2710 3902 qui
2749 3836 2963 3905 regioni
3016 3847 3241 3905 pra‘est,
3302 3838 3349 3891 si
3394 3838 3610 3907 episca-

2034 3944 2225 3999 porum
2265 3936 2595 3981 conventum
2620 3934 2843 3997 propter
2871 3928 3136 3982 canonica
3172 3939 3226 3982 et
3285 3930 3603 3999 evangelica

2030 4019 2237 4074 factum
2266 4020 2482 4089 negotia
2520 4018 2797 4088 prohiberi
2824 4017 3296 4088 deprehendatur,
3324 4033 3600 4089 segregat,

2031 4112 2516 4181 metropolitanum
2570 4121 2775 4172 autem,
2839 4111 2931 4180 qui
2973 4125 3164 4164 curam
3212 4126 3319 4165 non
3366 4115 3508 4182 gerit
3544 4127 3608 4169 ut

2031 4203 2133 4257 hoc
2163 4205 2277 4268 liat,
2309 4203 2427 4256 sine
2493 4202 2821 4255 necessitate
2871 4202 3055 4271 aliqua
3092 4214 3146 4257 et
3186 4204 3475 4272 violentia,
3509 4224 3601 4262 ca-

2031 4297 2243 4351 nonicis
2270 4295 2448 4367 poenis
2483 4293 2726 4362 subjicit.
2760 4292 2825 4347 Et
2849 4295 3005 4364 jubet
3039 4308 3247 4359 autem,
3300 4313 3409 4352 non
3441 4300 3607 4355 licere

2028 4388 2451 4457 metropolitano
2481 4386 2686 4456 aliquid
2730 4402 2793 4441 ex
2831 4387 2921 4454 iis,
2950 4403 3073 4456 quae
3123 4390 3366 4458 episcopi
3414 4406 3601 4445 secum

347 4480 607 4550 φέρονται
638 4484 760 4551 μεθ’
813 4484 1048 4551 ἑαυτῶν,
1081 4485 1115 4556 ἢ
1149 4486 1345 4555 κτῆνος
1376 4487 1408 4556 ἢ
1441 4486 1631 4557 ἕτερον
1660 4480 1821 4551 εἶδος.
1864 4488 1924 4540 ΕΞ

2049 4479 2336 4544 ittulerint,
2358 4487 2414 4532 ut
2441 4478 2755 4548 jumentum
2796 4478 2879 4533 vel
2902 4478 3111 4548 aliquid
3138 4481 3314 4545 aliud,
3359 4482 3600 4537 auferre.

344 4574 401 4625 δὲ
448 4575 679 4645 ἐλεγχθῇ
730 4577 1065 4645 ἀφελόμενός
1103 4594 1157 4630 τι
1206 4579 1265 4644 ἐξ
1305 4578 1508 4645 αὐτῶν,
1564 4578 1922 4633 ἀπαιτεῖσθαι

337 4663 501 4716 τοῦτο
527 4671 607 4729 εἰς
638 4668 698 4719 τὸ
728 4668 1144 4737 τετραπλάσιον.

958 4761 1199 4815 ΚΑΝΩΝ
1225 4765 1299 4818 Ζ’.

339 4869 364 4904 ι
415 4850 561 4921 Ἔφη
594 4852 804 4915 Παῦλος
825 4853 852 4904 6
876 4852 1016 4916 θεῖος
1044 4855 1359 4919 ἀπόστολος
1396 4875 1415 4907 ‹
1454 4858 1629 4910 Τινῶν
1656 4859 1922 4930 ἁμαρτίαι

419 4963 437 4994 ι
486 4946 792 5014 ἀνθρώπων
817 4946 1072 5017 πρόδηλοί
1099 4949 1205 4999 εἱσι
1228 4964 1240 4976 ·
1274 4950 1385 5001 τισὶ
1404 4952 1460 5003 δὲ
1490 4952 1585 5005 καὶ
1612 4952 1916 5005 ἐπακολουη

417 5055 436 5087 ι
488 5038 696 5093 θοῦσιν.
744 5041 1058 5111 Ἀμαρτιῶν
1105 5043 1213 5113 γὰρ
1241 5046 1917 5116 προκαταλαμϐανουσῶν,

415 5150 432 5179 ι
476 5134 569 5182 καὶ
598 5132 785 5202 ἕτεραι
814 5134 1081 5203 ἁμαρτίαι
1118 5135 1344 5188 ἕπονται
1371 5137 1620 5201 ταύταις.
1661 5158 1679 5188 ι
1718 5139 1797 5208 Τῇ
1824 5137 1917 5191 οὖν

417 5239 433 5270 ι
484 5212 671 5273 ἀσεϐεῖ
727 5223 937 5293 αἱρέσει
998 5225 1105 5277 τῶν
1154 5224 1777 5299 Χριστιανοκατηγόρων
1824 5230 1920 5283 καὶ

414 5332 432 5363 ι
477 5313 611 5367 ἄλλα
654 5315 982 5387 ἀσεϐήματα
1031 5319 1529 5388 συνηκολούθησαν.
1566 5323 1775 5392 Ὥσπερ
1807 5326 1914 5395 γὰρ

414 5419 433 5452 ‹
481 5400 717 5471 τὴντῶν
742 5406 958 5458 σεπτῶν
987 5408 1212 5467 εἰκόνων
1250 5408 1531 5477 ἀφείλοντο
1559 5412 1681 5481 ὄψιν
1719 5415 1782 5466 ἐκ
1816 5416 1915 5483 τῆς

415 5513 432 5545 ι
492 5494 839 5564 Ἐκκλησίας,
887 5500 981 5550 καὶ
1013 5498 1179 5569 ἕτερὰ
1214 5518 1339 5555 τινα
1376 5502 1471 5572 ἔθη
1508 5505 1914 5574 παραλελοίπα-

409 5605 430 5638 t
478 5604 585 5649 σιν,
610 5587 645 5641 ἆ
673 5589 778 5658 χρὴ
808 5592 1204 5662 ἁνανεωθῆναι,
1234 5596 1327 5648 καὶ
1351 5599 1491 5649 κατὰ
1513 5597 1611 5666 τὴν
1635 5598 1913 5669 ἔγγραφον

410 5698 429 5731 σ
473 5681 566 5732 καὶ
614 5681 861 5752 ἄγραφον
895 5682 1258 5754 θεσμοθεσίαν
1300 5689 1443 5742 οὕτω
1473 5692 1716 5759 κρατεῖν.
1751 5692 1905 5745 Ὅσοι

418 5821 465 5853 ⁸³
500 5820 790 5879 lTimoth.
829 5841 885 5881 v.
916 5824 1005 5879 24.

2029 4571 2086 4626 Si
2125 4581 2310 4625 autem
2340 4571 2717 4641 deprehensus
2744 4569 2911 4625 fuerit
2942 4570 3149 4640 aliquid
3187 4588 3254 4627 ex
3294 4573 3374 4629 eis
3406 4574 3602 4629 abstu-

2000 4654 2179 4728 ‘lisse,
2220 4662 2354 4717 illud
2392 4663 2459 4718 ad
2496 4662 2866 4734 quadruplum
2900 4663 3152 4731 exigetur

2620 4755 2849 4810 CANON
2889 4754 3003 4810 VII.

2033 4871 2053 4905 ι
2089 4852 2236 4908 Dixit
2288 4848 2492 4905 Paulus
2533 4849 2758 4903 divinus
2797 4848 3090 4918 apostolus
3123 4863 3139 4902 :
3175 4866 3195 4900 ι
3220 4847 3602 4915 Quorumdam

2104 4963 2122 4995 ι
2159 4943 2445 4998 hominum
2482 4949 2709 5009 peccata
2735 4948 2864 4995 ante
2914 4938 3207 4995 manifesta
3259 4948 3426 4995 sunt:
3460 4957 3602 5011 quo-

2094 5057 2114 5090 ι
2146 5038 2399 5093 rumdam
2432 5051 2561 5090 vero
2587 5034 2752 5089 etiam
2799 5034 3217 5103 subsequuntur
3240 5033 3306 5092 ⁸³.
3332 5054 3351 5087 ι
3387 5034 3602 5091 Praece-

2099 5150 2118 5184 (
2157 5130 2414 5185 dentibus
2443 5126 2901 5195 euitnepeccatis,
2960 5126 3067 5180 alia
3120 5142 3343 5197 quoque
3400 5143 3464 5182 ea
3510 5144 3599 5185 se-

2103 5244 2122 5277 ι
2157 5233 2424 5294 quuntur.
2497 5221 2725 5290 ltnpiam
2774 5234 2906 5290 ergo
2962 5235 3156 5275 eorum
3220 5232 3449 5283 sectam,
3503 5222 3597 5290 qui

2099 5336 2116 5368 ι
2150 5316 2499 5371 Christianos
2537 5322 2824 5375 accusant,
2885 5312 2989 5365 alia
3016 5327 3239 5382 quoque
3272 5313 3436 5381 impia
3463 5326 3599 5365 con-

2107 5426 2126 5459 ι
2164 5417 2351 5462 secuta
2419 5415 2569 5461 sunt.
2651 5403 3127 5471 Quemadmodum
3201 5403 3597 5458 venerabiliqu

2097 5522 2115 5554 ‹
2154 5501 2453 5571 imaginum
2487 5510 2775 5569 aspectum
2811 5512 2877 5551 ex
2932 5497 3169 5551 ecclesia
3224 5496 3592 5558 sustulerunt,

2097 5613 2117 5646 ι
2158 5594 2294 5647 alias
2325 5608 2550 5662 quoque
2581 5587 3014 5645 consuetudines
3048 5588 3410 5660 reliquerunt,
3453 5605 3595 5659 quas

2101 5708 2119 5741 ι
2157 5687 2379 5760 quidem
2412 5693 2630 5757 oportet
2647 5681 2927 5741 renovari.
2957 5688 3011 5737 et
3040 5692 3149 5743 tam
3178 5698 3244 5739 ex
3278 5681 3403 5753 jure
3450 5682 3595 5740 scri-
