4062 6442
410 255 512 321 θὶῙ

480 489 495 517 σ
536 483 639 535 que
669 483 800 534 ergo
833 465 1029 533 templa
1061 469 1380 519 consecrata
1416 477 1541 519 sunt
1582 467 1791 535 absque
1841 482 1975 520 san-

478 577 494 607 ι
528 559 628 610 etis
664 557 886 625 reliquis
937 567 1261 626 martyrum,
1304 558 1356 609 in
1417 557 1483 611 iis
1522 559 1634 611 ﬁeri
1683 561 1978 613 statuimus

478 672 495 701 ι
537 651 890 718 reliquiarum
925 651 1327 718 depositionem
1359 666 1482 703 cum
1513 641 1810 706 consuetis
1846 668 1969 721 pre-

483 764 498 792 ι
538 745 713 796 cibus.
785 742 1105 810 Qui_,autem
1173 743 1434 810 templum
1506 754 1795 797 consecrat
1858 748 1977 796 sine

483 854 499 885 ι
537 837 744 889 sanctis
776 835 1044 902 reliquiis,
1081 835 1405 902 deponatur,
1457 843 1514 886 ut
1558 837 1652 904 qui
1718 837 1980 889 ecclesia-

473 950 490 980 ι
532 929 698 981 sticas
728 927 1058 980 traditiones
1087 935 1438 995 trangressus
1459 930 1550 983 sit.
1593 949 1610 979 ι

394 1021 398 1026 ’
478 1022 674 1075 BALS.
717 1020 832 1076 Mos
877 1031 995 1075 erat
1055 1021 1465 1074 ecclesiasticus
1536 1021 1723 1074 divina
1777 1023 1979 1091 templa

411 1135 505 1187 per
535 1126 753 1171 sanctas
786 1126 1088 1185 martyrum
1122 1115 1383 1181 reliquias
1422 1130 1772 1170 consecrare.
1825 1117 1981 1170 Chri-

411 1213 716 1266 stianorum
785 1217 966 1262 autem
1026 1219 1419 1272 accusatores,
1498 1226 1592 1262 seu
1679 1210 1980 1276 imaginum

414 1305 608 1357 hostes
641 1314 1063 1369 exustoresque,
1088 1302 1181 1369 qui
1217 1302 1610 1354 venerabilium
1669 1308 1725 1354 et
1761 1310 1982 1355 saneta-

414 1412 531 1450 rum
581 1397 875 1463 imaginum
929 1395 1168 1448 cultores
1229 1393 1388 1464 297

414 1487 623 1553 dic‘unt,
660 1488 800 1542 ultra
829 1501 1019 1540 eorum
1059 1487 1293 1540 haeresin
1348 1493 1403 1538 et
1467 1488 1732 1542 adversus
1785 1487 1975 1540 ortho-

415 1581 588 1633 doxos
633 1578 927 1642 insaniam,
967 1577 1275 1631 veneranda
1325 1592 1544 1646 quoque
1604 1578 1805 1648 templa
1861 1581 1981 1633 sine

415 1672 620 1724 sanctis
647 1670 901 1737 reliquiis
934 1677 1351 1722 consecrarunt.
1387 1669 1582 1723 Dicunt
1610 1685 1740 1739 ergo
1765 1669 1980 1735 Patres,

414 1761 557 1832 quod
602 1763 836 1842 humana
869 1771 1093 1828 peccata
1154 1762 1259 1813 alia
1309 1767 1525 1830 quoque
1561 1773 1781 1830 peccata
1839 1777 1980 1816 con-

417 1860 747 1920 sequuntur,
786 1859 845 1902 ut
874 1850 1004 1904 dicit
1063 1865 1291 1917 magnus
1330 1853 1609 1918 apostolus
1658 1851 1877 1910 Paulus.
1920 1853 1985 1905 Et

414 1945 676 2015 quoniam
755 1943 1240 1996 lconomaehorum
1304 1945 1534 1998 haeresin
1606 1946 1712 1997 alia
1766 1961 1984 2014 quoque

415 2042 557 2094 mala
611 2039 909 2094 subsecuta
997 2046 1127 2090 sunt
1176 2039 1582 2106 (przetermisste
1644 2049 1769 2091 Sunt
1840 2039 1985 2094 enim

415 2133 735 2185 necessariae
783 2128 1206 2182 consuetudines
1268 2127 1701 2196 ecclesiasticze),
1736 2130 1984 2182 decerni-

416 2237 559 2281 mus,
610 2227 667 2274 ut
699 2220 896 2288 templa
921 2261 934 2285 ,
981 2234 1101 2288 qua:
1133 2220 1341 2287 absque
1377 2221 1626 2289 reliquiis
1661 2233 1987 2275 consecrata

419 2317 590 2376 l'uere,
621 2327 808 2366 rursus
858 2327 952 2380 per
1008 2313 1269 2381 reliquias
1321 2322 1743 2379 censet-rentur,
1794 2323 1848 2368 et
1907 2315 1988 2368 sic

415 2404 674 2470 deinceps
709 2402 904 2454 ﬁatzii
937 2410 1138 2465 autem,
1193 2402 1286 2469 qui
1341 2400 1540 2471 templa
1603 2403 1724 2457 sine
1778 2404 1989 2459 sanctis

415 2497 661 2565 reliquiis
693 2503 1040 2560 consecrant,
1087 2495 1455 2563 deponantur.
1510 2497 1576 2552 Et
1613 2498 1726 2551 haec
1763 2498 1986 2566 quidem

415 2601 620 2638 canam.
647 2585 786 2637 Dixit
813 2598 993 2639 autem
1028 2600 1327 2648 nonnemo,
1355 2584 1419 2638 Et
1442 2589 1716 2655 quomodo
1748 2591 1988 2641 oratoria

415 2679 579 2731 hodie
603 2681 722 2731 sine
750 2679 1103 2745 reliquiarum
1157 2678 1501 2747 depositione
1553 2682 1991 2735 consecrantur?

416 2771 482 2825 Et
509 2787 608 2824 cur
641 2787 795 2825 sacra
854 2772 908 2823 in
937 2771 1014 2828 eis
1046 2787 1152 2823 non
1183 2770 1534 2826 celebrantur
1584 2773 1747 2826 etiam
1777 2775 1845 2828 ab
1877 2775 1991 2844 epi-

365 2877 378 2888 ’
418 2867 624 2932 scopis,
651 2847 746 2918 sed
775 2877 805 2916 a
839 2864 970 2917 solis
1002 2864 1420 2919 sacerdotibus?
1448 2863 1621 2934 Eique
1667 2876 1988 2936 responsum

419 2953 524 3007 fuit
557 2971 570 3006 :
609 2955 764 3018 Quod
795 2969 914 3022 qua:
947 2952 1085 3007 ﬁunt
1141 2957 1209 3008 ab
1241 2956 1577 3011 antistitibus
1605 2959 1988 3027 superaltaria,

1641 257 1919 314 THEUD.
1951 257 2350 316 BALSAMON
2383 277 2386 279 ·

484 392 501 423 ι
546 383 637 441 pto
664 387 824 441 quam
850 388 959 425 non
992 372 1196 442 scripto
1221 371 1301 425 sic
1333 373 1641 424 observari.
1707 373 1978 438 Qumcun-
2003 381 2053 435 Α

1476 1395 1796 1449 idololatras
1859 1411 1983 1450 esse
2026 1433 2036 1456 ς

3507 263 3652 324 ,9ὶὲ

2157 396 2174 426 ι
2217 374 2311 427 οὖν
2377 381 2565 430 σεπτοὶ
2622 379 2740 430 ναοὶ
2806 378 3220 450 καθιερώθησαν
3272 381 3423 442 ἐκτὸς
3484 383 3652 448 ἁγίων

2163 488 2178 518 ι
2224 470 2494 536 λειψάνων
2535 470 2852 542 μαρτύρων,
2894 472 3147 542 ὁρίζομεν
3181 476 3237 524 ἐν
3271 475 3450 534 αὐτοῖς
3483 475 3650 527 κατὰ·

2158 580 2174 610 ι
2225 560 2376 612 θεσιν
2422 561 2668 629 γίνεσθαι
2732 563 2998 633 λειψάνων
3057 565 3194 632 μετὰ
3245 565 3342 633 τῆς
3393 566 3654 634 συνήθους

2159 668 2176 700 σ
2225 650 2414 718 εὐχῆς.
2465 652 2520 711 Ὀ
2573 653 2627 703 δὲ
2671 652 2800 704 ἄνευ
2846 654 3019 720 ἁγίων
3059 654 3328 721 λειψάνων
3388 654 3653 724 καθιερῶν

2161 761 2177 792 ι
2228 743 2374 808 ναὸν,
2403 743 2795 813 καθαιρείσθω,
2825 745 2898 806 ὡς
2925 745 3326 815 παραὸεὸηκὼς
3345 747 3653 817 τᾰςέκκλη-

2163 854 2181 885 ι
2233 836 2522 899 σιαστικὰς
2552 836 2880 906 παραδόσεις
2905 835 3040 907 (ἓὸ).
3071 855 3090 888 ι

2155 1013 2352 1066 ΒΑΛΣ.
2383 1013 2540 1072 Ἕθος
2573 1009 2640 1083 ἦν
2671 1013 3124 1082 ἐκκλησιαστικὸν
3143 1015 3266 1078 τοὺς
3298 1016 3477 1079 θείους
3500 1023 3655 1082 ναοὺς

2061 1105 2477 1174 καθιεροῦσθαι
2501 1106 2589 1157 διὰ
2622 1107 2792 1172 ἁγίων
2818 1106 3087 1175 λειψάνων
3111 1109 3487 1178 μαρτυρικῶν.
3523 1112 3586 1163 Οἱ
3605 1110 3656 1164 δὲ

2083 1197 2705 1267 Χριστιανοκατήγοροι,
2765 1198 2932 1267 ἤγουν
2966 1200 3364 1262 είκονοκαῦται,
3398 1203 3447 1255 οἱ
3478 1201 3632 1270 λέγον

2089 1305 2181 1350 τες
2216 1289 2340 1350 τοὺς
2374 1289 2758 1358 προσκυνητὰς
2791 1291 2898 1342 τῶν
2931 1293 3146 1344 σεπτὼν
3180 1295 3273 1345 καὶ
3315 1295 3488 1360 ἁγίων
3521 1296 3660 1348 είκό-

2085 1399 2191 1433 νων
2237 1379 2652 1450 εἰδωλολάτρας,
2709 1382 2972 1435 ἐπέκεινα
3024 1385 3124 1452 τῆς
3174 1386 3441 1455 αἱρέσεως
3483 1386 3661 1439 αὐτῶν

2085 1473 2305 1542 καὶτῆς
2336 1474 2476 1526 κατὰ
2521 1473 2627 1526 τῶν
2672 1474 2971 1544 ὀρθοδόξων
3019 1478 3233 1546 μανίας,
3287 1479 3379 1530 καὶ
3429 1480 3660 1541 σεπτοὺς

2083 1564 2247 1627 ναοὺς
2283 1563 2627 1634 καθιέρωσαν
2655 1565 2811 1627 ἐκτὸς
2840 1566 3012 1631 ἁγίων
3044 1565 3334 1635 λειψάνων.
3369 1567 3538 1619 Φασὶν
3571 1563 3662 1628 οὖν

2084 1661 2134 1712 οἱ
2157 1658 2400 1727 Πατέρες
2433 1658 2514 1710 ὅτι
2557 1645 2688 1719 ταῖς.
2712 1657 3083 1726 ἀνθρωπίναις
3114 1658 3411 1727 ἁμαρτίαις
3460 1660 3661 1710 ἐπακο-

2085 1750 2334 1805 λουθοῦσι
2358 1751 2451 1803 καί
2480 1749 2664 1818 ἕτεραι
2702 1749 2988 1820 ἁμαρτίαι,
3027 1751 3166 1803 κατὰ
3205 1751 3298 1802 τὸν
3329 1750 3505 1818 μέγαν
3533 1751 3639 1801 ἀπό

2090 1845 2278 1898 στολον
2317 1844 2549 1914 Παῦλον.
2587 1844 2694 1895 Καὶ
2727 1844 2848 1895 ἐπεὶ
2881 1845 2946 1913 τῇ
2992 1843 3204 1915 αἱρέσει
3234 1843 3342 1894 τῶν
3379 1845 3663 1910 είκονομά-

2090 1957 2200 2010 χων
2226 1939 2317 1990 καὶ
2347 1937 2484 1990 ἄλλα
2507 1937 2652 1989 κακὰ
2681 1935 3130 2005 ἐπηκολούθησαν
3175 1933 3193 2004 (
3219 1933 3664 2004 παρελείφθησαν

2093 2034 2201 2104 γὰρ
2232 2024 2861 2100 ἐθιμαέκκλησιαστικὸι
2901 2029 3220 2094 ἀναγκαῖα),
3255 2023 3510 2095 ὁρίζομεν
3541 2027 3666 2089 τοὺς

2092 2125 2529 2194 καθιερωθέντας
2585 2122 2748 2183 ναοὺς
2796 2121 2923 2174 ἄνευ
2981 2121 3151 2187 ἁγίων
3193 2120 3462 2187 λειψάνων
3505 2119 3667 2172 πάλιν

2089 2219 2494 2290 καθιερωθῆναι
2530 2217 2618 2270 διὰ
2658 2215 2929 2284 λειψάνων
2956 2255 2970 2278 ,
3002 2221 3096 2267 καὶ
3123 2214 3322 2284 ἐφεξῆς
3352 2213 3496 2266 οὕτω
3524 2213 3665 2280 γίνε-

2091 2316 2215 2367 σθαι
2243 2331 2258 2347 ο
2294 2313 2422 2376 τοὺς
2447 2313 2500 2364 δὲ
2535 2310 2927 2380 καθιεροῦντας
2955 2309 3116 2370 ναοὺς
3145 2309 3314 2378 χωρὶς
3349 2309 3520 2374 ἁγίων
3552 2306 3668 2358 λει-

2089 2405 2277 2475 ψάνων
2307 2400 2714 2471 καθαιρεῖσθαι.
2756 2400 2866 2451 Καὶ
2893 2403 2920 2451 ὁ
2953 2398 3050 2467 μέν
3081 2396 3262 2450 κανὼν
3292 2395 3487 2449 ταῦτα.
3530 2391 3669 2447 Eius

2090 2500 2147 2560 δέ
2179 2514 2264 2560 τις
2287 2515 2300 2525 ”
2329 2495 2438 2547 Καὶ
2465 2495 2582 2555 πῶς
2601 2495 2727 2547 ἄνευ
2760 2492 3104 2552 καταθέσεως
3129 2489 3396 2559 λειψάνων
3428 2490 3670 2558 σήμερον

2089 2592 2158 2644 τά
2203 2591 2470 2657 εὑκτήρια
2504 2583 2889 2654 καθαιροῦνται
2921 2603 2934 2650 ;
2973 2583 3084 2635 Καὶ
3127 2582 3212 2634 διὰ
3253 2582 3304 2633 τί
3334 2582 3391 2632 οὐ
3431 2582 3671 2649 γίνονται

2091 2682 2478 2754 ίεροτελεστίαι
2513 2681 2570 2754 ἐν
2605 2679 2790 2740 αὐτοῖς
2821 2678 2912 2730 γαί
2947 2679 3099 2745 παρὰ
3141 2675 3481 2739 ἐπισκόπων,
3533 2674 3670 2727 ἀλλὰ

2094 2778 2247 2846 παρὰ
2281 2777 2473 2844 ἱερέων
2524 2773 2740 2842 μόνων;
2790 2771 2902 2824 Καὶ
2940 2771 3174 2840 ἤκουσεν
3212 2769 3285 2829 ὡς
3316 2769 3384 2820 τὰ
3411 2767 3668 2836 γινόμενα

2095 2870 2250 2939 παρὰ
2303 2867 2409 2918 τῶν
2463 2865 2769 2934 ἀρχιερέων
2813 2865 3150 2930 ἀντιμίνσια,
3196 2860 3320 2914 καθ’
3369 2858 3426 2910 ὃν
3479 2857 3668 2928 καιρὸν

2095 2962 2431 3029 καθιέρωσις
2462 2956 2590 3011 ναοῦ
2620 2957 2852 3024 γίνεται,
2877 2955 3220 3024 διαδιδόμενα
3242 2955 3322 3014 εἰς
3342 2953 3666 3021 εὑκτηρίους

419 3060 484 3099 eo
515 3055 756 3113 tempore
792 3059 902 3113 quo
957 3043 1016 3097 ﬁt
1073 3047 1262 3113 templi
1316 3049 1678 3115 consecratio,
1724 3055 1984 3104 oratoriis

2092 3055 2288 3118 οἴκους,
2312 3051 2574 3122 ἀρκοῦσιν
2602 3050 2722 3102 ἀντὶ
2753 3049 3128 3119 καθιερώσεως
3152 3047 3268 3117 ἦτοι
3293 3042 3666 3114 ἐνθρονισμοῦ,

419 3137 617 3191 tradita
666 3137 940 3189 suliiemnt
1003 3153 1097 3201 pro
1138 3135 1584 3204 consecratione,
1622 3140 1737 3194 sive
1765 3143 1988 3196 dedica-

419 3229 567 3279 tione
599 3242 661 3278 ac
699 3226 1185 3290 inthronizatione,
1223 3230 1486 3283 cnczeniis
1511 3242 1562 3284 et
1585 3233 1985 3300 apertionibus.

419 3316 713 3384 Propterea
750 3318 895 3369 cnim
931 3327 983 3369 et
1017 3319 1328 3386 ἀντιμίνσια
1360 3321 1627 3388 appellata
1658 3332 1807 3385 sunt,
1843 3324 1986 3390 quod

419 3410 618 3462 multas
639 3407 912 3484 ejusmodi
942 3424 1161 3463 incusas
1185 3411 1496 3480 exprimant
1522 3413 1853 3478 etreferant,
1871 3431 1990 3483 qitte

418 3513 660 3557 sanetam
703 3501 1044 3554 Dontinicam
1088 3485 1330 3557 mensam
1385 3505 1690 3570 perﬁciunt.
1722 3505 1986 3560 Caeterum

417 3596 689 3662 antistites
729 3609 885 3647 sacra
921 3610 1029 3647 non
1064 3593 1270 3654 faciunt
1309 3596 1360 3648 in
1405 3596 1684 3660 oratoriis,
1725 3614 1845 3666 qua:
1881 3615 1986 3654 non

417 3696 543 3741 sunt
596 3687 866 3752 dedicata,
926 3689 1184 3756 qut-iniam
1242 3690 1568 3754 praesulatus
1599 3689 1835 3758 dignitas
1893 3693 1989 3746 de-

420 3782 691 3854 primitur,
751 3781 795 3832 si
854 3795 959 3832 non
1013 3780 1082 3832 sit
1139 3765 1373 3831 thronus
1430 3781 1481 3831 in
1535 3796 1646 3850 quo
1695 3783 1990 3854 episcopus

420 3872 718 3942 apostolico
744 3869 1072 3936 collocatur,
1128 3884 1238 3945 nec‘
1282 3871 1387 3923 alia
1417 3889 1538 3940 qua:
1577 3877 1762 3944 templi
1798 3892 1991 3932 conse-

425 3968 722 4018 Crationem
761 3968 1126 4032 decoremque
1186 3965 1553 4019 constituunt.
1614 3968 1746 4020 Cum
1809 3980 1989 4024 autem

427 4060 871 4125 interrogassent
897 4055 1089 4123 aliqui,
1129 4054 1359 4119 Quando
1394 4061 1452 4110 lit
1475 4060 1832 4114 ecclesiarum
1859 4080 1990 4116 con-

418 4148 700 4204 secratio?
748 4162 1007 4216 responso
1039 4148 1390 4217 acceperunt,
1445 4155 1588 4220 quod
1645 4151 1990 4208 fundamenti

418 4242 637 4310 quidem
667 4240 870 4293 locatio
905 4239 964 4292 ﬁt
996 4255 1090 4309 per
1145 4242 1318 4295 solam
1381 4246 1686 4298 orationem
1744 4223 1988 4315 episcopi

423 4334 570 4387 illius
619 4333 880 4402 regionis,
936 4342 988 4386 et
1048 4335 1229 4387 crucis
1282 4333 1536 4390 ﬁxionem
1583 4354 1595 4389 :
1647 4345 1991 4392 consecratio

2093 3150 2186 3202 καὶ
2220 3148 2511 3214 ὲγκαινίων
2543 3144 2634 3197 καὶ
2663 3142 2932 3206 ἁνοιξίων.
2960 3141 3058 3193 Διὰ
3088 3140 3198 3210 γὰρ
3225 3138 3382 3192 τοῦτο
3401 3133 3494 3190 καὶ
3518 3139 3662 3190 ἀντι-

2097 3243 2287 3312 μίνσια
2318 3240 2648 3308 ἐκλήθησαν,
2701 3237 2819 3306 ἦτοι
2853 3234 3246 3302 ἀντιπρόσωποι
3274 3231 3368 3284 καὶ
3398 3229 3664 3284 ἀντίτυπα

2091 3337 2199 3386 τῶν
2243 3333 2457 3386 πολλῶν
2504 3331 2761 3381 τοιούτων
2799 3327 3004 3397 μίνσων
3051 3326 3161 3378 τῶν
3224 3322 3665 3393 καταρτιςόντων

2090 3429 2189 3496 τὴν
2222 3427 2384 3491 ἁγίαν
2418 3423 2754 3490 Δεσποτικὴν
2779 3419 3153 3487 τράπεζαν.οί
3180 3416 3361 3485 μέντοι
3391 3417 3664 3486 ἀρχιερεῖς

2091 3522 2151 3572 οὐ
2195 3516 2442 3570 ποιοῦσιν
2477 3512 2876 3582 ίεροτελεστίας
2929 3512 3006 3570 είς
3056 3508 3378 3576 εὐκτηρίους
3417 3504 3663 3572 ἀνενθρο-

2092 3611 2306 3670 νίστους
2363 3608 2546 3670 ναοὺς,
2601 3603 2734 3654 διότι
2787 3601 2848 3653 τὸ
2904 3602 3002 3666 τῆς
3083 3596 3387 3667 ἱερωσύνης
3449 3593 3663 3660 ἀξίωμα

2094 3697 2516 3759 ὑποόιόάζεται,
2556 3693 2750 3763 θρόνου
2785 3692 2860 3759 μὴ
2891 3690 3044 3751 ὄντος
3087 3690 3286 3741 αὐτίκα
3333 3691 3412 3747 εἰς
3439 3686 3497 3738 ὃν
3529 3686 3668 3737 ἁπο-

2093 3792 2355 3854 σῑολικῶς
2392 3791 2418 3842 ὁ
2451 3791 2752 3850 ἐπίσκοπος
2797 3783 3173 3855 καθιδρύεται,
3227 3782 3363 3852 μηδὲ
3409 3780 3517 3832 τῶν
3573 3779 3669 3834 ἄλ-

2091 3886 2199 3937 λων
2229 3885 2338 3936 τῶν
2378 3881 2745 3934 συνιστάντων
2774 3880 2874 3949 τὴν
2912 3876 3005 3928 τοῦ
3046 3874 3176 3926 ναοῦ
3221 3873 3548 3943 καθιέρωσιν
3577 3871 3669 3927 καὶ

2093 3977 2450 4047 εὐπρέπειαν.
2507 3973 2919 4041 Ἐρωτήσαντες
2948 3967 3003 4019 δέ.
3042 3983 3209 4029 τινες,
3249 3965 3385 4016 Πότε
3419 3966 3448 4033 ἡ
3481 3963 3670 4016 καθιέ-

2095 4083 2260 4139 ρωσις
2311 4063 2524 4131 γίνεται
2557 4063 2664 4114 τῶν
2712 4057 3022 4127 ἐκκλησιῶν
3055 4073 3068 4120 ;
3105 4057 3346 4126 ἥκουσαν
3379 4055 3460 4106 ὅτι
3498 4057 3530 4122 ἡ
3571 4053 3669 4122 μὲν

2095 4160 2259 4228 πῆξις
2278 4156 2370 4208 τοῦ
2395 4155 2645 4224 θεμελίου
2666 4151 2752 4204 διὰ
2784 4152 2948 4219 εὐχῆς
2970 4150 3134 4219 μόνης
3151 4148 3244 4199 καὶ
3268 4147 3670 4215 σταυροπηγίου

2092 4252 2187 4304 τοῦ
2231 4249 2370 4304 κατὰ
2404 4249 2587 4318 χώραν
2622 4245 2924 4297 ἐπισκόπου
2964 4242 3216 4309 γίνεται·
3260 4242 3292 4309 ἡ
3322 4237 3376 4289 δὲ
3409 4238 3669 4306 καθιέρω-

2097 4362 2180 4406 σις
2215 4344 2352 4414 μετὰ
2386 4343 2478 4395 τὸν
2509 4339 2858 4408 ἀπαρτισμὸν
2875 4335 2969 4388 τοῦ
3005 4333 3155 4397 ναοῦ,
3178 4333 3265 4384 ὅτε
3299 4329 3578 4383 τελοῦνται
3607 4331 3670 4382 τὰ

421 4435 602 4479 autem
637 4435 757 4493 post
789 4426 976 4493 templi
1014 4426 1427 4493 perfectionem,
1483 4431 1701 4497 quando
1727 4430 1864 4483 ﬁunt
1895 4448 1981 4486 cn-

2095 4436 2301 4499 ἀνοίξια
2349 4433 2459 4502 (24)
2497 4432 2589 4483 καὶ
2617 4434 2644 4482 ὁ
2675 4427 3025 4499 ἐνθρονισμὸς
3049 4467 3065 4492 ,
3106 4425 3200 4476 καὶ
3238 4425 3263 4476 ὀ
3298 4426 3440 4482 ἅπας
3481 4421 3670 4473 τούτου

420 4521 590 4574 eaenia
644 4527 698 4570 et
739 4520 1050 4584 apertiones
1085 4528 1136 4572 et
1176 4521 1592 4594 inthronizatio,
1627 4529 1682 4574 et
1725 4526 1985 4578 universa

419 4612 538 4680 ejus
567 4609 847 4677 perfectio,
877 4625 1038 4664 sacro
1074 4613 1373 4666 chrismate
1421 4613 1657 4675 inuncti,
1703 4626 1755 4668 et
1787 4627 1992 4685 marty-

419 4719 541 4758 rum
591 4702 848 4769 reliqnias
899 4704 1467 4772 Sttscipientis.‘Cum
1520 4704 1750 4759 instaret
1809 4718 1986 4762 autem

417 4797 736 4866 quispiam,
797 4796 993 4850 debere
1031 4795 1230 4863 deponi
1265 4795 1590 4860 antistitem,
1635 4801 1725 4866 qui
1776 4799 1830 4852 in
1881 4818 1990 4863 non

425 4889 673 4941 dedicata
743 4889 971 4943 ecclesia
1019 4887 1475 4952 sacriﬁcaverat,
1532 4890 1987 4957 quemadmodum

423 4981 714 5049 deponitur
749 4990 803 5035 et
837 4981 930 5049 qui
971 4981 1232 5047 templum
1288 4994 1572 5033 consecrat
1610 4982 1729 5036 sine
1781 4991 1989 5040 sanctis

424 5074 669 5141 reliquiis
695 5073 721 5127 z'
759 5073 1145 5127 sanctissimus
1202 5071 1290 5123 ille
1349 5069 1662 5141 patriarcha
1726 5078 1988 5136 dominus

421 5167 595 5220 Lucas
652 5163 1050 5234 pronuntiavit,
1082 5165 1186 5217 alio
1215 5166 1450 5231 quodam
1511 5167 1670 5220 talem
1725 5187 1845 5225 esse
1878 5189 1984 5241 pu.

2097 4528 2441 4599 ἀπαρτισμδς
2466 4526 2569 4577 ὑπὸ
2603 4524 2757 4592 ἁγίου
2785 4524 2957 4592 μύρου
2986 4519 3297 4589 χρωμένου,
3330 4517 3423 4569 καὶ
3447 4514 3668 4583 λείψανα

2101 4619 2419 4690 μαρτυρικὰ
2469 4617 2892 4684 ὑποδεχομένου.
2939 4613 3358 4682 Διενισταμένου
3415 4609 3470 4661 δέ
3532 4623 3670 4668 τινος

2097 4714 2330 4780 ὀφείλειν
2368 4711 2758 4780 καθαιρεθῆναι
2787 4706 3052 4776 ἀρχιερέα
3082 4707 3206 4757 τινά
3241 4720 3370 4756 ποτε
3417 4704 3496 4764 είς
3528 4703 3669 4751 ἁνενο

2099 4807 2382 4878 θρόνιστον
2414 4802 2708 4872 ἐκκλησίαν
2759 4801 3219 4869 ἱερουργήσαντα,
3264 4796 3445 4858 καθὼς
3480 4794 3668 4848 καθαι-

2102 4901 2276 4967 ρεῖται
2311 4899 2403 4948 καὶ
2440 4900 2467 4946 ὁ
2498 4893 2764 4963 καθιερὼν
2800 4894 2926 4944 ναὸν
2950 4894 3076 4946 ἄνευ
3107 4891 3278 4959 ἁγίων
3304 4889 3570 4958 λειψάνων
3605 4902 3620 4915 '
3648 4887 3675 4939 ὀ

2100 4991 2400 5058 ἁγιώτατος
2437 4990 2642 5047 ἐκεῖνος
2694 4988 3038 5058 πατριάρχης
3086 4985 3250 5054 κυρὸς
3313 4985 3526 5044 Λουκᾶς
3565 4984 3676 5035 ἁπ-

2100 5085 2339 5153 εφήνατο
2374 5081 2547 5138 ἄλλως
2572 5097 2688 5142 πως
2711 5080 2802 5131 τὸν
2834 5079 3074 5132 τοιοῦτον
3110 5078 3370 5148 ἀρχιερέα
3407 5076 3675 5144 κολασθῆ-

2100 5194 2212 5240 ναι,
2249 5178 2390 5228 κατὰ
2425 5175 2485 5226 τὸ
2524 5174 2714 5226 δοκοῦν
2753 5174 2957 5243 δηλαδὴ
2979 5176 3046 5243 τῇ
3088 5173 3315 5241 συνόδῳ,
3356 5172 3418 5223 οὐ
3453 5169 3559 5240 μὴν
3587 5169 3676 5221 διὰ

1577 5291 1581 5296 ι
1657 5262 1857 5324 Guill.
1905 5268 2236 5345 Beveregii
2274 5278 2461 5327 notae.

488 5356 723 5428 (‘25)Tt'tc
755 5356 1266 5421 ἑκκλησιαστικὰς
1291 5361 1674 5427 παραδόσεις.
1713 5363 1766 5416 ln
1792 5368 1985 5421 codice

417 5427 623 5502 nostro
654 5427 966 5502 Bodleiano,
1032 5437 1152 5494 post
1186 5431 1298 5482 lucc.
1331 5432 1520 5502 ultima
1554 5437 1716 5502 hujus
1753 5442 1982 5492 canonis

419 5504 580 5572 verba
611 5498 888 5572 leguntur,
903 5497 1220 5572 Σημείωεαι
1237 5502 1343 5552 άπο
1365 5501 1454 5552 τοῦ
1473 5497 1739 5572 παρόντος
1754 5503 1798 5567 ιζ’
1814 5512 1944 5558 κανό
1960 5537 1984 5546 -

417 5585 504 5643 νος
537 5571 617 5643 ὅτι
637 5567 807 5636 χωρὶς
846 5568 1017 5643 ἁγίων
1046 5568 1310 5636 λειψάνων
1341 5577 1459 5623 ναοί
1486 5567 1973 5643 οὺνκαθιερούνται.

421 5638 550 5705 Ἔχε
576 5638 630 5689 δὲ
661 5641 750 5689 ἐπὶ
773 5640 993 5707 μνήμην
1019 5643 1085 5690 τά
1115 5645 1193 5702 εις
1223 5641 1316 5709 τὴν
1343 5642 1639 5710 ἑρμηνείαν
1660 5638 1753 5696 τοῦ
1774 5665 1975 5712 παρνινο

416 5721 504 5766 τος
536 5713 755 5770 κανόνος
774 5710 1054 5777 γραφέντα
1083 5714 1237 5780 χάριν
1270 5712 1375 5762 τῶν
1405 5714 1705 5778 εὑκτηρίων
1733 5715 1835 5767 καὶ
1858 5710 1971 5771 των

2091 5367 2466 5434 ἁντιμινσίων.
2500 5367 2636 5421 Cum
2670 5377 2853 5419 autem
2888 5367 3023 5419 adeo
3049 5377 3297 5433 apertum
3332 5366 3406 5420 sit
3438 5365 3553 5419 haec
3603 5382 3668 5418 ex

2090 5443 2335 5505 margine
2368 5441 2418 5489 in
2449 5449 2651 5490 textum
2687 5453 2992 5503 irrepsisse,
3026 5440 3310 5505 lncpottus
3329 5452 3392 5490 ea
3416 5438 3676 5489 adnotare

2089 5525 2248 5574 quant
2279 5509 2385 5558 illic
2416 5524 2655 5561 lllStfl'Cl'e
2697 5511 2866 5558 visunt
2899 5519 3002 5559 est.

2153 5577 2411 5654 (τὶργοῖε
2428 5580 2740 5630 cateia-tat
2760 5580 2829 5628 τά
2849 5578 3107 5641 ἀνοίξια.
3131 5577 3442 5646 Legendum
3461 5585 3563 5637 est,
3585 5575 3676 5626 ὅτε

2079 5647 2358 5698 τελοῦνται
2381 5661 2449 5698 τά
2469 5649 2718 5714 ἐγκαίνια
2743 5651 2835 5698 καί
2856 5651 2925 5698 τά
2946 5651 3176 5715 άνοίξια.
3204 5650 3294 5702 Sic
3315 5649 3459 5702 enim
3486 5662 3676 5699 omnes

2078 5723 2263 5776 legunt
2302 5721 2540 5780 codices,
2578 5731 2683 5774 tam
2747 5720 2994 5784 impresi
3059 5736 3222 5785 quam
3285 5717 3670 5785 tnanuseriptt.
