4062 6410
406 475 510 533 913

1326 478 1410 536 IN-
1453 479 1617 539 CAN.
1662 480 1798 537 Vill
1831 452 2038 538 eosic.
2084 479 2190 537 vn
2226 478 2581 536 menum.

3510 469 3618 527 9H

379 568 757 635 καθαιρέσεως
791 582 803 597 ⁸
838 569 921 621 ὅτι
980 568 1123 621 κατὰ
1164 569 1299 622 πολῦ
1342 569 1693 640 ἀκατάλληλά
1739 576 1844 623 εἱσι
1886 576 1953 622 τὰ

2064 570 2316 623 uieudum
2349 570 2674 625 antistitem,
2726 574 2884 632 prout
2938 563 3148 617 scilicet
3197 560 3406 630 synodo
3441 558 3616 611 visum

292 710 295 713 .
332 680 335 683 ·
381 659 747 727 ἐπταισμένα.

460 836 708 889 ΖΩΝΑΡ.
735 834 906 888 Τοῦτο
930 835 991 888 τὸ
1016 836 1369 888 ἀποστολικδν
1394 836 1554 905 ῥητὸν
1580 839 1606 890 ὁ
1643 816 1742 905 μέν
1779 839 1952 907 μέγας

380 930 657 990 Βασίλειος
689 928 865 991 ἄλλως
899 929 1187 994 ἐξελάϐετο
1218 945 1231 959 ⁸
1260 924 1405 983 οὗτοι
1437 929 1492 982 δέ
1521 932 1567 982 οξ
1602 933 1843 1000 Ιῐατέρες
1869 935 1956 984 ἐν-

379 1020 550 1073 ταῦθα
584 1020 984 1091 ἁπλοῖκώτερον
1008 1022 1265 1085 ἐδέξαντο
1300 1022 1381 1087 τὸ,
1413 1023 1859 1089 ἐπακολουθοῦσι,
1896 1027 1954 1077 τὸ

379 1113 610 1164 ἕπεσθαι
661 1113 904 1182 δηλονότι
947 1117 1066 1177 ταῖς
1103 1115 1505 1184 προλαϐούσαις
1533 1117 1829 1186 ἁμαρτίαις
1860 1120 1954 1171 καὶ

382 1209 601 1277 ἑτέραις
634 1224 647 1238 ·
682 1212 775 1261 καὶ
806 1209 966 1262 τοῦτο
1012 1210 1237 1278 ἐκϐῆναί
1273 1227 1438 1277 φασιν
1479 1211 1569 1264 ἐπὶ
1608 1211 1715 1265 τῶν
1747 1213 1953 1265 εἰκονοο

386 1297 600 1366 μάχων.
646 1298 922 1359 Ἐκείνους
969 1298 1076 1367 γὰρ
1108 1298 1435 1367 ὀνομάζουσι
1483 1300 1954 1368 Χριστιανοκατηο

392 1390 610 1458 γὸρους,
652 1390 726 1449 ὡς
762 1390 1201 1459 κατηγοροῦντας
1229 1390 1336 1442 τῶν
1368 1391 1711 1460 Χριστιανῶν
1744 1391 1958 1443 εἰδωλο-

388 1480 666 1546 λατρείαν.
704 1481 776 1532 Οὐ
816 1482 976 1548 μόνον
1003 1482 1110 1550 γὰρ
1146 1482 1241 1542 τὰς
1286 1481 1581 1550 ἐκκλησίας
1620 1480 1713 1534 τοῦ
1750 1483 1956 1551 κόσμου

382 1573 490 1625 τῶν
527 1572 741 1624 σεπτῶν
786 1572 1011 1625 εἰκόνων
1058 1576 1379 1643 ἐστέρησαν,
1411 1575 1546 1628 ἀλλὰ
1599 1577 1700 1627 καὶ
1725 1575 1818 1644 ἔθη
1856 1593 1958 1627 πα-

384 1665 507 1716 λαιὰ
556 1665 1041 1732 παραλελοίπασιν,
1095 1666 1129 1718 ἂ
1182 1668 1276 1719 καὶ
1317 1667 1634 1719 ἁνανεοῦσιν
1673 1662 1835 1727 οὗτοι,
1870 1669 1954 1719 ἵνα

388 1759 477 1808 καὶ
506 1759 536 1825 ἡ
568 1759 845 1827 ἔγγραφος
881 1758 1207 1827 θεσμοθεσία
1242 1760 1335 1811 καὶ
1371 1762 1399 1828 ή
1429 1762 1674 1828 ἄγραφος
1705 1762 1957 1831 συνήθεια

383 1848 573 1917 κρατῇ.
605 1848 674 1898 Τὸ
730 1848 786 1899 δέ
820 1849 1187 1917 παραλειφθὲν
1221 1850 1341 1912 ἔθος
1374 1847 1441 1921 ἦν
1480 1850 1540 1902 τὸ
1583 1854 1641 1902 ἐν
1673 1854 1791 1913 ταῖς
1819 1853 1956 1904 καθ-

384 1941 630 2008 ιεριέισεσι
685 1943 792 1993 τῶν
848 1942 1007 1995 θείων
1045 1944 1186 1995 ναῶν
1240 1943 1312 2012 μὴ
1354 1944 1598 2011 γίνεσθαι
1632 1944 1956 2007 καταθέσεις

381 2030 650 2094 λειψάνων
682 2032 872 2097 ἁγίων.
910 2033 1063 2085 Ὅσοι
1096 2032 1209 2097 οὖν,
1240 2034 1392 2101 φασὶ,
1412 2036 1582 2102 χωρὶς
1612 2034 1957 2097 καταθέσεως

384 2125 555 2190 ἁγίων
584 2125 851 2192 λειψάνων
885 2124 1302 2193 καθιερώθησαν
1328 2127 1466 2187 ναοὶ,
1492 2124 1832 2191 δεξάσθωσαν
1863 2125 1958 2178 νῦν

386 2214 479 2264 καὶ
533 2214 663 2278 ἅγια
709 2214 939 2282 λείψανα
987 2214 1390 2282 κατατιθέμενα
1439 2217 1495 2266 ἐν
1548 2216 1751 2275 αὐτοῖς.
1798 2216 1855 2267 '0
1901 2216 1959 2267 δὲ

388 2304 662 2373 καθιερῶν
690 2306 815 2357 ναὸν
848 2306 1014 2375 χωρὶς
1063 2307 1221 2376 ἱερῶν
1266 2306 1530 2374 λειψάνων
1563 2308 1954 2375 καθαιρείσθω,

382 2396 456 2456 ὡς
489 2396 810 2466 παραϐάτης
842 2398 949 2450 τῶν
979 2397 1413 2468 ἐκκλησιατικῶν
1444 2400 1817 2466 παραδόσεων.

2057 662 2242 727 fuerit,
2293 661 2386 715 sed
2416 676 2521 713 non
2569 670 2665 726 per
2689 657 3106 720 depositionem.
3142 651 3345 705 Delicta
3379 650 3524 704 enim
3553 663 3614 701 ea

1998 804 2009 815 ,
2052 762 2186 807 sunt
2221 755 2379 819 longe
2410 754 2628 819 lateque
2663 748 3014 803 dissidentia.

2130 844 2381 898 ZONAR.
2410 844 2635 911 Magnus
2669 842 2885 907 quidem
2922 838 3155 891 Basilius
3188 837 3344 889 aliter
3367 833 3470 886 hoc
3501 844 3622 896 apo-

2055 938 2183 993 stoli
2244 936 2447 990 dictum
2512 936 2900 999 interpretatus
2964 939 3068 984 est.
3134 927 3196 979 lli
3251 940 3380 978 vero
3433 923 3623 976 Patres

2058 1030 2283 1082 verbum
2318 1026 2470 1090 illud,
2504 1031 2940 1093 consequuntur,
2992 1020 3152 1089 paulo
3182 1016 3487 1083 simplicius
3527 1027 3617 1065 σοι

2058 1134 2277 1189 cepere,
2310 1128 2364 1171 ut
2394 1118 2457 1171 ad
2498 1119 2679 1186 priora
2737 1114 2946 1169 scilicet
2982 1113 3229 1165 facinora
3263 1109 3365 1160 alia
3405 1118 3624 1172 quoque

2058 1213 2234 1266 solere
2264 1211 2416 1279 sequi
2451 1207 2864 1277 intelligendum
2915 1206 3004 1260 sit.
3065 1202 3218 1267 Quod
3254 1199 3470 1268 quidem
3504 1196 3621 1248 lco~

2060 1305 2344 1359 nomachis
2375 1305 2531 1357 aiunt
2559 1302 2875 1371 contigisse.
2925 1298 3049 1351 Illos
3093 1309 3329 1362 namque
3359 1289 3627 1345 Christia-

2052 1410 2254 1449 ‘norum
2294 1402 2652 1449 accusatores
2682 1392 2986 1452 nominant,
3008 1388 3207 1457 quippe
3239 1386 3328 1453 qui
3357 1382 3624 1436 Christia-

2060 1502 2160 1540 nos
2214 1486 2537 1540 idololatria:
2591 1491 2942 1538 accusarent.
3013 1480 3119 1533 Nec
3171 1478 3327 1531 enim“
3376 1476 3410 1527 ii
3448 1474 3621 1528 solum

2059 1577 2323 1632 ecclesias
2369 1591 2650 1631 sacrarum
2693 1575 2994 1643 imaginum
3047 1568 3390 1624 ornamentis
3418 1567 3623 1626 spolia—

2061 1686 2208 1733 vere,
2237 1671 2329 1725 sed
2359 1672 2613 1739 antiquas
2658 1670 2822 1722 etiam
2856 1664 3287 1729 consuetudines
3325 1662 3623 1726 reliquere:

2061 1778 2178 1829 quae
2204 1762 2449 1830 quidem,
2507 1770 2563 1813 ut
2595 1761 2759 1814 simul
2793 1769 2847 1813 et
2885 1758 3107 1825 scriptis
3148 1754 3471 1818 consignata
3521 1756 3625 1807 lex,

2061 1862 2113 1906 et
2141 1867 2245 1904 non
2276 1854 2479 1919 scripta
2515 1867 2733 1920 quoque
2766 1848 3115 1904 censuetudo
3159 1844 3431 1903 servetur,
3467 1840 3628 1907 hujus

2063 1944 2290 1998 canonis
2347 1945 2568 1997 decreto
2629 1954 2977 1997 renovantur.
3044 1936 3397 1992 Consuetudo
3466 1948 3627 2001 porro

2063 2036 2426 2104 przetermissa
2490 2049 2551 2087 ea
2612 2034 2737 2097 fuit,
2800 2032 2944 2102 quod
3001 2046 3124 2085 cum
3185 2029 3368 2082 divina
3427 2025 3627 2092 templa

2063 2137 2538 2190 consecrarentur,
2595 2118 2759 2181 nulla:
2788 2128 2951 2181 simul
2990 2128 3041 2178 in
3074 2124 3154 2177 eis
3194 2133 3510 2176 sanctorum
3545 2134 3629 2170 re-

2064 2221 2247 2287 liquiae
2274 2222 2664 2275 conderentur.
2698 2221 3052 2288 Quaecunque
3100 2230 3229 2285 ergo
3278 2216 3497 2282 templa,
3548 2214 3629 2264 iu-

2065 2316 2284 2380 quiuut,
2316 2315 2522 2381 absque
2568 2314 2805 2366 conditis
2832 2324 3148 2367 sanctorum
3209 2309 3460 2376 reliquiis
3494 2320 3630 2359 cou-

2066 2414 2279 2459 secrata
2330 2415 2481 2471 sunt,
2535 2407 2590 2459 in
2643 2405 2723 2459 eis
2771 2420 2942 2458 sacrm
2975 2419 3192 2473 quoque
3236 2401 3481 2467 reliqum:
3526 2399 3628 2451 hoc

381 2489 596 2543 demum
652 2498 893 2558 tempore
951 2492 1314 2565 collocentur.
1348 2491 1451 2556 Qui
1486 2508 1617 2545 vero
1682 2496 1971 2561 templum,
2029 2511 2136 2548 non
2210 2496 2470 2550 adhibitis
2521 2504 2835 2551 sanctorum
2886 2495 3133 2561 reliquiis
3185 2490 3624 2547 consecraverit,

380 2599 525 2645 eum,
572 2586 771 2654 quippe
800 2587 1149 2640 traditionum
1201 2600 1337 2654 quas
1381 2602 1410 2638 ιι
1445 2587 1746 2651 majoribus
1780 2590 2086 2655 accepimus
2124 2599 2604 2659 trausgressorem,
2638 2589 2834 2657 deponi
2866 2588 3081 2656 iubent.

383 2677 608 2745 APL‘ZT.
661 2698 678 2730 ι
730 2680 1121 2732 Κατατιθέσθω
1186 2678 1479 2749 μαρτύρων
1535 2680 1665 2745 ἅγια
1724 2680 1956 2746 λείψανα

460 2794 478 2825 ι
523 2777 581 2828 ἐν
602 2777 712 2837 τοῖς
744 2776 870 2827 ἄνευ
904 2775 1080 2827 αὐτῶν
1111 2774 1491 2842 καθιερωθείσι
1518 2776 1665 2833 ναοῖς
1694 2776 1830 2842 μετὰ
1858 2775 1959 2841 τῆς

468 2885 486 2918 ι
536 2868 797 2935 συνήθους
825 2869 1010 2936 εὐχῆς.
1052 2869 1110 2919 '0
1139 2866 1195 2919 δὲ
1231 2868 1359 2919 ἄνευ
1386 2867 1591 2919 τούτων
1616 2867 1959 2943 καθιερώσας

384 2998 396 3010 .
466 2978 483 3010 ι
533 2958 922 3027 καθαιρείσθω,
954 2959 1028 3021 ὡς
1076 2958 1330 3027 παραϐὰς
1360 2960 1458 3019 τὰς
1498 2957 1961 3028 ἐκκλησιαστικὰς

461 3070 479 3099 σ
524 3052 875 3122 παραδόσεις.
917 3070 934 3102 ι

457 3142 617 3194 Ὅσοι
651 3141 751 3209 μὲν
784 3143 901 3194 ναοὶ
944 3142 1050 3213 πρὸ
1082 3142 1180 3211 τῆς
1213 3142 1429 3216 συνόδου
1463 3141 1664 3210 ταύτης
1699 3142 1825 3194 ἄνευ
1858 3141 1958 3208 τῆς

2057 2680 2281 2734 ARIST.
2332 2701 2350 2732 ι
2402 2681 2951 2751 Sanctzemartyrum
2996 2680 3243 2747 reliquiai
3298 2679 3350 2730 in
3393 2675 3610 2744 templis

2135 2792 2153 2823 ί
2200 2789 2322 2842 qua:
2392 2775 2602 2841 absque
2648 2775 2717 2827 iis
2763 2784 3079 2827 consecrata
3113 2780 3259 2834 sunt,
3313 2769 3478 2837 idque
3507 2783 3629 2819 cum

2137 2885 2154 2917 ι
2202 2868 2484 2921 consuetis
2533 2867 2809 2935 precibus,
2878 2873 3232 2934 reponantur.
3284 2863 3385 2926 Qui
3445 2869 3629 2912 autem

2136 2978 2154 3010 ι
2206 2961 2413 3026 absque
2451 2961 2517 3014 iis
2567 2968 2877 3021 consecrat,
2912 2967 2968 3011 ut
3006 2956 3410 3011 ecclesiasticas
3457 2952 3632 3005 tradi-

2138 3072 2165 3100 α
2210 3053 2386 3106 tiones
2421 3062 2820 3119 transgressus,
2846 3053 3170 3119 deponatur.
3211 3068 3227 3099 ι

2133 3146 2481 3213 Quaecunque
2542 3145 2743 3213 templa
2800 3154 2927 3197 ante
2978 3144 3117 3196 hanc
3169 3140 3459 3213 synodum,
3510 3139 3632 3190 sine

388 3232 655 3301 συνήθους
686 3232 851 3300 εὐχῆς
883 3231 991 3283 τῶν
1021 3233 1335 3285 ἐπισκόπων
1371 3234 1463 3285 καὶ
1487 3234 1757 3301 λειψάνων
1787 3233 1956 3300 ἁγίων

2064 3236 2344 3289 consuetis
2378 3236 2759 3305 episcoporum
2786 3237 3041 3305 precibus
3066 3244 3117 3288 et
3138 3244 3457 3288 sanctorum
3484 3245 3632 3284 mar-

391 3325 688 3394 μαρτύρων
722 3324 1241 3395 ὰνῳκοδομὴθησαν,
1273 3324 1481 3395 ὡρίσθη
1506 3324 1755 3393 γενέσθαι
1788 3325 1957 3378 κατά-

387 3417 539 3469 θεσιν
592 3420 649 3470 ἐν
705 3419 889 3478 αὐτοῖς
948 3417 1219 3485 λειψάνων
1264 3419 1435 3486 ἁγίων
1470 3419 1565 3472 καὶ
1608 3420 1707 3488 τὴν
1750 3418 1953 3487 συνήθη

376 3510 551 3579 ἐὐχὴν
575 3509 896 3578 τελεσθῆναι
923 3527 934 3538 ·
967 3511 1082 3563 ὅσοι
1112 3510 1169 3563 δὲ
1215 3511 1353 3579 μετὰ
1381 3509 1479 3581 τὴν
1516 3511 1735 3563 σύνοδον
1755 3510 1957 3578 ταύτην

382 3602 654 3671 εύρεθῶσι
680 3606 853 3673 χωρὶς
885 3605 1154 3673 λειψάνων
1185 3606 1566 3678 καθιεροῦντες
1598 3607 1739 3670 ναὸν,
1764 3606 1961 3659 καθαι-

376 3694 599 3763 ρεῖσθαι
643 3696 1137 3766 κατεδικάσθησαν,
1168 3699 1241 3761 ὡς
1271 3699 1585 3768 παραϐάται
1623 3698 1730 3751 τῶν
1761 3698 1951 3767 ἐκκλη-

385 3788 685 3839 σιαστικῶν
719 3788 1096 3856 παραδόσεων.

998 3882 1236 3934 ΚΛΝΩΝ
1260 3880 1340 3935 H'.
1764 3934 1769 3935 ,

388 3988 408 4021 ι
474 3970 690 4040 Ἐπειδὴ
740 3971 1080 4041 πλανώμενοί
1127 3989 1272 4035 τινες
1315 3973 1377 4025 ἐκ
1416 3972 1516 4039 τῆς
1546 3973 1651 4025 τῶν
1693 3972 1958 4041 Ἐϐραίων

529 4062 829 4130 θρησκείας
853 4064 1202 4134 μυκτηρίζειν
1247 4064 1429 4127 ἔδοξαν
1451 4064 1687 4132 Χριστὸν
1712 4065 1802 4115 τὸν
1825 4063 1956 4115 Θεὸν

530 4153 726 4223 ἡμῶν,
809 4154 1267 4223 προσποιούμενοι
1333 4155 1432 4222 μὲν
1502 4154 1954 4224 Χριστιανίζειν,

527 4247 687 4297 αὐτὸν
739 4246 795 4298 δὲ
841 4246 1164 4315 ἀρνούμενοι
1210 4246 1481 4316 κρύϐδην,
1532 4247 1627 4298 καὶ
1681 4245 1956 4314 λαθραίως

531 4336 973 4401 σαϐϐατίζοντες,
997 4339 1088 4389 καὶ
1121 4336 1285 4401 ἕτερα
1320 4337 1590 4389 Ἰουδαϊκὰ
1633 4337 1912 4399 ποιοῦντες
1940 4354 1955 4368 ν

527 4520 711 4591 εὐχὴν,
763 4522 898 4591 μήτε
931 4523 1009 4584 εἰς
1046 4520 1339 4590 ἐκκλησίαν
1373 4521 1623 4589 δέχεσθαι
1648 4536 1661 4549 ο
1697 4520 1831 4571 ἀλλὰ
1859 4537 1957 4585 φα-

531 4613 703 4682 νερῶς
737 4606 877 4667 εἶναι
928 4613 1069 4665 κατὰ
1098 4612 1194 4682 τὴν
1227 4613 1437 4665 ἑαυτῶν
1482 4612 1779 4681 θρησκείαν
1833 4610 1955 4663 Ἓϐ-
1990 4619 2032 4670 D

532 4706 755 4774 ραίουςο
800 4706 939 4774 μήτε
988 4706 1112 4765 τοὺς
1159 4705 1358 4765 παῖδας
1411 4704 1591 4757 αὐτῶν
1649 4702 1955 4772 βαπτίζειν,

537 4799 671 4866 μήτε
702 4795 884 4848 δοῦλον
921 4795 1180 4847 ὠνεῖσθαι
1217 4796 1248 4865 ἢ
1285 4796 1537 4848 κτᾶσθαι.
1567 4795 1629 4846 Εἰ
1661 4796 1714 4846 δέ
1744 4795 1800 4859 ἐξ
1827 4795 1959 4846 είλιυ

534 4885 753 4957 κρινοῦς
787 4886 1023 4947 πίστεως
1068 4886 1385 4953 ἐπιστρέψει
1435 4906 1516 4949 τις
1556 4887 1615 4950 ἐξ
1649 4888 1827 4939 αὐτῶν
1867 4891 1959 4940 καὶ

473 5001 487 5028 ι
536 4979 861 5048 ὁμολογήσει
909 4977 967 5041 ἐξ
1020 4977 1146 5046 ὅλης
1193 4979 1440 5046 καρδίας,
1493 4978 1842 5048 θριαμϐεύων
1893 4980 1960 5032 τὰ

467 5093 483 5122 ι
534 5070 655 5125 κατ’
705 5073 883 5124 αὐτῶν
930 5070 1026 5141 ἔθη
1071 5072 1163 5123 καὶ
1220 5073 1541 5139 πράγματα,
1586 5072 1723 5141 πρδς
1766 5071 1825 5123 τὸ
1868 5073 1960 5124 καὶ

466 5185 482 5214 ι
530 5165 721 5227 ἄλλους
774 5164 1241 5245 ἐλεγχθῆναηκαὶ
1284 5163 1711 5232 διορθώσασθαι,
1771 5165 1959 5215 τοῦτον

472 5278 488 5307 ι
540 5256 952 5325 προσδέγεσθαι,
1002 5256 1097 5308 καὶ
1145 5254 1429 5324 βαπτίζειν
1479 5256 1605 5317 τοὺς
1639 5254 1836 5314 παῖδας
1867 5254 1961 5307 αύ-

463 4264 481 4296 θ

464 4451 482 4479 ι
527 4430 778 4499 ὁρίζομεν
806 4446 1028 4493 τουτους
1068 4431 1205 4499 μήτε
1242 4432 1321 4492 εἰς
1355 4431 1671 4493 κοινωνίαν,
1707 4430 1843 4497 μήτε
1879 4429 1957 4491 είς

462 4722 479 4755 ι

468 5371 485 5400 ε
531 5349 650 5412 τοῦ,
698 5350 790 5401 καὶ
836 5349 1229 5416 ἀσφαλίζεσθαι
1279 5348 1474 5409 αὐτοὺς
1521 5347 1826 5415 ἀποστῆναι
1852 5347 1961 5401 τῶν

470 5462 487 5491 ι
543 5443 850 5507 Ἑϐραϊκῶν
908 5442 1354 5511 ἐπιτηδευμάτων
1386 5456 1399 5469 ·
1455 5442 1503 5491 εἰ
1551 5440 1607 5491 δέ
1667 5439 1748 5509 μὴ
1790 5439 1961 5502 οὓτως

468 5555 485 5584 ι
534 5537 728 5606 ἔχοιεν,
768 5534 1028 5601 μηδαμῶς
1064 5535 1283 5597 αὐτοὺς,
1301 5532 1712 5602 προσδέχεσθαι.
1761 5550 1780 5581 ι

468 5625 661 5677 ΒΑΛΣ.
735 5623 978 5675 Ἰουδαίοί
1021 5633 1188 5688 τινες,
1239 5624 1414 5693 ἔνοχοι
1454 5623 1822 5685 καταστάντες
1872 5622 1961 5674 ἐπί

379 5735 535 5771 τισιν
591 5716 935 5777 ὑποθέσεσιν,
992 5717 1085 5767 καὶ
1135 5716 1379 5778 θέλοντες
1429 5715 1631 5778 ταύτας
1677 5716 1960 5782 ἐκφυγεῖν,

388 5808 769 5877 προσήρχοντο
791 5808 856 5874 τῇ
893 5805 1159 5875 ὀρθοδόξῳ
1186 5807 1388 5871 πίστει,
1416 5809 1507 5859 καί
1538 5805 1963 5874 προσεποιοῦντο

399 5902 501 5953 μὲν
536 5900 603 5951 τὰ
635 5898 743 5951 τῶν
777 5896 1119 5960 Χριστιανῶν
1154 5903 1394 5965 φρονεῖν,
1443 5902 1505 5965 τῇ
1554 5898 1782 5967 ἀληθείᾳ
1809 5897 1863 5949 δέ
1895 5898 1961 5950 τὰ

2067 3338 2243 3397 tyrum
2277 3330 2549 3395 reliquiis.
2609 3329 2839 3384 fundata
2869 3330 3113 3389 fuerunt,
3162 3328 3218 3381 in
3282 3327 3361 3381 eis
3414 3332 3632 3380 sanctas

2063 3424 2327 3493 reliquias
2380 3424 2602 3492 deponi,
2654 3432 2711 3477 et
2778 3435 3072 3479 consuetas
3121 3436 3310 3489 preces
3365 3419 3632 3472 celebrari

2065 3517 2343 3572 deﬁnitum
2369 3527 2472 3571 cst.
2500 3516 2823 3586 Quicunque
2849 3527 3028 3568 autem
3060 3526 3178 3582 post
3200 3512 3338 3566 hanc
3368 3511 3631 3582 synodum

2065 3610 2182 3663 sine
2214 3609 2462 3677 reliquiis
2505 3610 2764 3677 templum
2810 3622 3172 3660 consecrasse
3215 3604 3630 3672 deprehendan-

2065 3710 2174 3761 tur,
2209 3700 2551 3768 depositione
2576 3700 2930 3759 damnantur,
2988 3710 3045 3751 ut
3073 3699 3427 3752 traditiouum
3459 3697 3635 3750 cccle-

2064 3792 2411 3845 siasticarum
2447 3801 2903 3858 transgressores.

2548 3881 2715 3949 293
2751 3878 2977 3934 CANON
3020 3878 3155 3931 vut.

2071 3992 2087 4024 ι
2137 3973 2405 4038 Quoniam
2427 3973 2777 4027 Hebraeorum
2808 3973 3089 4041 religionis
3116 3974 3334 4043 quidam
3386 3983 3633 4025 errantes

2141 4084 2159 4115 ι
2207 4065 2485 4120 Christum
2508 4066 2675 4119 Deum
2711 4076 2957 4119 nOStrum
2983 4067 3328 4117 subsannare
3359 4064 3455 4115 visi
3483 4075 3630 4130 sunt,

2143 4176 2160 4205 ι
2207 4172 2331 4211 sese
2358 4158 2575 4226 quidem
2604 4156 2947 4210 Christianos
2977 4171 3099 4209 esse
3128 4158 3411 4223 tingentes,
3453 4155 3626 4221 ipsum

2138 4267 2158 4299 ι
2205 4260 2385 4302 autem
2413 4249 2629 4303 occulte
2660 4258 2885 4317 negant,
2929 4256 2982 4300 et
3024 4247 3339 4300 clanculum
3393 4246 3629 4300 Sahbata

2141 4358 2159 4390 ι
2204 4341 2534 4403 observant,
2597 4349 2650 4392 et
2692 4340 2869 4416 multa
2942 4340 3043 4393 alia
3098 4339 3321 4394 Judaica
3380 4328 3631 4392 faciunt:

2140 4451 2157 4483 ι
2208 4433 2526 4493 statuimus.
2591 4441 2648 4484 ut
2705 4432 2795 4485 isti
2848 4446 3025 4501 neque
3070 4432 3133 4485 ad
3163 4430 3627 4488 communionem.

2142 4544 2159 4574 ι
2211 4539 2388 4591 neque
2422 4523 2489 4575 ad
2517 4521 2849 4587 orationem,
2896 4538 3075 4589 neque
3114 4523 3179 4576 ad
3217 4523 3507 4585 ecclesiam
3540 4523 3635 4573 ad—

2140 4634 2157 4665 ‹
2208 4618 2527 4678 mittantur;
2592 4614 2688 4668 sed
2722 4621 2910 4681 aperte
2964 4615 3074 4666 sint
3142 4613 3444 4666 secundum
3477 4627 3631 4666 suam

2143 4725 2161 4755 ι
2210 4705 2526 4775 religionem
2568 4704 2802 4770 Hebraei,
2828 4717 2882 4787 et.
2925 4721 3103 4773 neque
3136 4704 3274 4759 liiios
3296 4718 3426 4759 suos
3456 4705 3634 4772 bapti-

2143 4815 2159 4846 ι
2210 4807 2355 4859 zent,
2394 4812 2573 4865 neque
2604 4812 2822 4850 servum
2866 4798 3152 4849 emanti‘el
3184 4797 3512 4862 possideant.
3574 4795 3631 4848 Si

2142 4905 2158 4936 ι
2208 4896 2396 4939 autem
2454 4903 2517 4941 ex
2553 4903 2687 4956 pura
2721 4898 2774 4941 et
2824 4888 3035 4941 sincera
3102 4890 3207 4941 ﬁde
3272 4890 3393 4954 quis
3441 4903 3629 4941 eormn

2140 5001 2155 5030 ι
2206 4996 2523 5042 conversus,
2553 4988 2607 5031 et
2656 4995 2718 5031 ex
2754 4986 2868 5032 toto
2924 4961 3091 5031 corde
3122 4978 3407 5032 confessus
3442 4977 3627 5038 fuerit,

2142 5094 2158 5124 ι
2210 5072 2398 5125 euru‘m
2464 5071 2707 5124 moribus
2738 5080 2793 5122 et
2822 5070 2983 5124 rebus
3035 5070 3306 5145 insultans
3354 5085 3419 5122 ac
3464 5069 3627 5121 veluti

2141 5185 2155 5215 ι
2208 5164 2543 5231 triumphum
2597 5177 2763 5230 agens
2794 5201 2808 5225 ,
2861 5169 2923 5215 ut.
2968 5171 3023 5215 et
3069 5162 3159 5214 alii
3222 5162 3544 5216 refellantur
3576 5169 3631 5212 et

2138 5277 2154 5307 ί
2206 5258 2590 5325 corrigantur;
2622 5268 2746 5307 eum
2784 5254 3089 5322 recipiant,
3124 5265 3178 5306 et
3214 5254 3486 5321 baptizent
3510 5250 3630 5318 ejus
3684 5324 3687 5325 ν

2141 5370 2157 5398 ι
2209 5332 2450 5412 liberos;
2501 5355 2553 5398 et
2607 5343 2983 5413 caveant_ipsi
3048 5360 3107 5400 se
3156 5346 3220 5396 ab
3275 5346 3628 5397 Hebraeorum

2143 5460 2158 5489 ι
2209 5437 2407 5491 studiis
2435 5447 2486 5490 et
2521 5435 2785 5489 institutis
2813 5434 3119 5488 descituros
3150 5450 3162 5485 :
3198 5434 3280 5487 sin
3310 5441 3488 5483 autem
3522 5446 3630 5484 non

2140 5549 2155 5578 ι
2207 5530 2277 5581 ita
2314 5544 2370 5580 se
2406 5535 2620 5595 gerant,
2651 5541 2742 5578 eos
2771 5527 2918 5580 nullo
2951 5526 3108 5578 modo
3135 5525 3443 5578 admittant.
3495 5544 3510 5573 ι

2137 5619 2330 5673 BALS.
2368 5617 2540 5671 Judaei
2567 5617 2813 5686 quidam,
2852 5631 2976 5670 cum
3030 5616 3391 5682 quorumdam
3446 5616 3633 5668 crimi-

2066 5730 2191 5765 num
2232 5712 2308 5764 t-ei
2370 5717 2689 5777 agerentur,
2745 5708 2946 5760 vellent
2982 5714 3162 5760 autem
3221 5706 3631 5760 damnationem

2064 5804 2322 5871 eliugcre,
2382 5799 2445 5852 ad
2504 5800 2661 5851 ﬁdem
2686 5796 3052 5850 Christianam
3086 5795 3440 5857 accedebant,
3481 5805 3533 5848 et
3572 5809 3630 5848 se

2067 5896 2375 5949 Christiana
2439 5890 2657 5959 quidem
2691 5888 2894 5941 sentire
2940 5904 3048 5957 pra:
3098 5902 3153 5940 se
3213 5885 3481 5951 terebant,
3536 5886 3628 5941 sed
