4062 6386
421 444 530 509 915

1687 448 1968 508 THEOD.
2005 443 2416 520 BA-LSAMON

3569 433 3680 497 916

420 557 651 613 .lndaica
701 573 892 613 revera
946 558 1308 624 sentiebant,
1369 555 1610 614 Sabbata
1686 559 1995 614 clanculum

2113 557 2214 610 τῶν
2259 535 2530 610 ’ἰουδαίων
2579 551 2864 622 ἐφρόνουν,
2898 548 3075 617 λάθρα
3109 543 3552 610 σαϐϐατίζοντες,
3583 549 3681 599 καὶ

422 655 808 718 observantes,
841 659 897 704 et
923 657 1116 705 nostra
1160 650 1501 715 lacerantes;
1552 666 1684 706 suos
1715 661 1898 706 autem
1938 651 2002 704 li-

425 743 587 797 beros
619 743 993 814 baptizabant,
1019 754 1072 799 et
1102 745 1210 798 alia
1247 746 1494 813 quaedam
1521 745 1608 814 pia
1642 745 1913 800 faciebant
1945 751 2002 796 ut

423 835 716 889 orthodoxi
745 834 985 890 fortasse
1018 835 1360 890 viderentur.
1399 835 1600 889 Dicunt
1621 827 1761 902 ergo
1785 834 2000 898 Patres,

423 943 518 982 eos
552 943 658 982 non
711 927 765 981 in
823 927 1066 997 aliquam
1127 927 1571 982 communionem
1605 928 1997 992 admittendos,

424 1035 526 1075 nec
554 1021 984 1088 permittendum
1034 1030 1095 1073 ut
1126 1020 1224 1074 ﬁlii
1272 1035 1463 1086 eorum
1503 1021 1870 1089 baptizentur,
1901 1035 2001 1074 nec

427 1121 487 1165 ut
514 1111 892 1166 Christianum
931 1127 1153 1168 servum
1182 1111 1298 1168 ullo
1330 1112 1494 1166 modo
1523 1113 1862 1181 possideant,
1905 1111 1999 1165 sed

419 1202 575 1270 juxta
612 1200 970 1257 Hebraeorum
1003 1203 1322 1274 religionem
1357 1219 1416 1258 se
1449 1197 1644 1274 aperte
1681 1213 1896 1277 gerant.
1942 1203 1998 1258 Si

427 1294 554 1360 quis
578 1302 762 1348 autem
795 1309 825 1348 a
861 1293 1089 1350 Judaica
1143 1295 1450 1365 impietate,
1507 1313 1631 1349 cum
1685 1297 1827 1350 bona
1871 1295 2004 1349 aﬂ‘e-

426 1383 640 1443 ctione,
706 1395 757 1438 et
784 1386 903 1438 sine
967 1387 1302 1441 necessitate
1357 1388 1440 1442 vel
1503 1388 1877 1452 simulatione,
1935 1387 2003 1442 ad

425 1475 788 1530 orthodoxam
837 1477 996 1532 ﬁdem
1055 1482 1358 1534 cenversus
1405 1478 1606 1548 fuerit,
1654 1491 1707 1535 et
1761 1479 2004 1536 Judaicis

425 1566 678 1622 moribus
723 1569 1066 1636 valedixerit,
1100 1578 1156 1624 et
1203 1578 1319 1625 toto
1346 1572 1534 1624 animo
1587 1573 1655 1626 de
1707 1571 1774 1626 iis
1811 1571 2005 1625 trium-

427 1657 594 1724 phum
633 1661 824 1728 egerit,
867 1671 924 1715 et
960 1660 1244 1716 confessus
1276 1640 1440 1716 fuerit
1467 1679 1528 1716 ea
1561 1679 1682 1732 quae
1711 1663 1777 1716 ab
1805 1664 2006 1732 aliqui-

426 1748 532 1802 bns
562 1760 826 1819 praetextu
865 1753 1009 1807 facta
1046 1763 1195 1818 sunt,
1219 1765 1276 1808 et
1305 1755 1371 1808 ad
1401 1754 1842 1810 Christianorum
1879 1756 2002 1810 ﬁdei

427 1841 858 1899 ludiﬁcationem
893 1847 1223 1917 respiciunt,
1251 1857 1310 1902 ut
1331 1857 1384 1903 et
1415 1847 1490 1901 illi
1519 1843 1922 1903 Convincantur
1949 1856 2004 1901 et

2100 650 2170 702 τὰ
2222 651 2471 721 ἡμέτερα
2517 645 2908 714 διασύροντες,
2953 640 3248 704 ἐϐάπτιζον
3299 638 3359 692 δὲ
3410 639 3506 692 καὶ
3551 640 3682 701 τοὺς

2102 745 2301 806 παῖδας
2332 742 2536 809 αὐτῶν,
2573 741 2666 794 καὶ
2697 738 2835 793 ἄλλα
2863 735 2987 791 τινὰ
3021 735 3242 787 ἐποίουν
3271 732 3492 803 εὐσεϐῆ,
3517 733 3592 796 ὡς
3617 733 3687 786 ἂν

2102 837 2403 906 φαίνωνται
2443 837 2585 904 τάχα
2626 829 2899 903 ὀρθόδοξοι
2928 844 2944 860 ο
2981 827 3146 896 φασὶν
3174 824 3266 879 οὖν
3314 824 3365 878 oi
3415 825 3682 894 Πατέρες,

2107 930 2182 998 μὴ
2212 928 2467 998 δέχεσθαι
2496 925 2722 987 τούτους
2753 924 2833 985 εις
2860 919 3150 974 κοινωνίαν
3176 916 3508 986 οίανδήτινα,
3543 914 3685 984 μηδὲ

2101 1023 2455 1092 παραχωρεῖν
2485 1019 2612 1080 τοὺς
2645 1017 2844 1078 παῖδας
2873 1013 3054 1067 αὐτῶν
3097 1008 3458 1082 βαπτίζεσθαι
3485 1046 3501 1070 ,
3549 1007 3686 1076 μηδὲ

2101 1114 2290 1180 δοῦλον
2332 1110 2662 1181 Χριστιανὸν
2710 1106 3066 1174 ὁπωσδήποτε
3109 1101 3367 1163 κτᾶσθαι,
3409 1099 3547 1153 ἀλλά
3579 1118 3686 1168 φα-

2103 1206 2279 1274 νερῶς
2334 1204 2478 1258 κατὰ
2523 1203 2622 1272 τὴν
2654 1201 2766 1254 τῶν
2815 1198 3088 1267 Ἐϐραίων
3144 1193 3446 1266 θρησκείαν
3489 1192 3689 1254 αὐτοὺς

2104 1293 2508 1351 πολιτεύεσθαι.
2535 1295 2598 1346 El
2627 1292 2686 1346 δέ
2715 1309 2798 1352 τις
2823 1290 2882 1354 ἐξ
2912 1287 3096 1342 αὐτῶν
3119 1286 3228 1340 ἀπὸ
3250 1284 3350 1353 τῆς
3391 1281 3690 1348 Ἰουδαϊκῆς

2105 1387 2408 1457 θρησκείας
2464 1385 2600 1456 πρὸς
2649 1383 2749 1448 τὴν
2800 1378 3082 1449 ὀρθόδοξον
3133 1377 3316 1428 πίστιν
3367 1370 3690 1439 ἐπιστρέψει

2107 1479 2249 1550 μετά
2278 1478 2526 1547 καθαρᾶς
2557 1476 2852 1537 διαθέσεως
2886 1472 2981 1526 καὶ
3009 1471 3136 1522 ἄνευ
3159 1466 3425 1533 ἀνάγκης,
3455 1464 3486 1535 ἢ
3518 1479 3694 1528 προσ-

2106 1569 2404 1635 ποιήσεως,
2471 1568 2568 1619 καὶ
2621 1564 2952 1625 ἀποτάεεται
2985 1561 3100 1622 τοῖς
3137 1556 3456 1616 Ἰουδαϊκοῖς
3483 1553 3688 1617 ἔθεσιν,

2107 1660 2201 1714 καὶ
2255 1656 2534 1728 ὀλοψύχως
2587 1653 2950 1727 θριαμϐεύσει
3002 1651 3176 1710 αὐτὰ,
3223 1647 3319 1701 καὶ
3365 1646 3694 1716 ὁμολογήσει

2061 1743 2066 1748 ’
2108 1753 2177 1805 τὰ
2228 1751 2381 1820 παρά
2427 1767 2590 1802 τινων
2625 1749 2767 1801 κατά
2801 1746 3002 1816 σκῆψιν
3034 1746 3318 1815 γινόμενα,
3357 1745 3452 1796 καὶ
3482 1743 3562 1802 είς
3593 1744 3697 1809 ἐμ-

2109 1843 2351 1911 παιγμὸν
2390 1840 2682 1911 ἀφορῶντα
2733 1839 2835 1907 τῆς
2881 1838 3120 1896 πίστεως
3160 1837 3268 1889 τῶν
3318 1833 3691 1905 Χριστιανῶν,

427 1935 820 2004 corrigantur:
857 1939 974 2007 ipse
1003 1949 1057 1992 et
1087 1939 1209 2008 ejus
1243 1940 1402 1994 liberi
1435 1941 1499 1994 ad
1562 1941 2002 1994 communionem

2113 1937 2196 2005 ἐφ’
2230 1931 2274 2003 ᾧ
2309 1934 2594 1994 κάκείνους
2625 1932 2948 2002 ἐλεγχθῆναι
2975 1932 3070 1984 καὶ
3109 1928 3494 1999 διορθωθῆναι.
3521 1943 3696 1996 προσ-

427 2030 815 2093 admittantur,
857 2042 910 2085 el
953 2033 1325 2101 baptizentur,
1374 2033 1593 2102 siprius
1618 2034 1863 2087 caverint
1891 2033 2006 2087 fore

425 2126 488 2171 ut
522 2135 551 2172 a
597 2117 858 2176 Judaicis‘
894 2122 1284 2176 traditionibus
1316 2133 1372 2176 et
1421 2122 1620 2176 studiis
1671 2121 2003 2176 abstineant.

425 2209 566 2263 Nota
604 2210 772 2278 igitur
812 2211 912 2265 ista
963 2221 1186 2282 propter
1234 2213 1550 2268 sacerdotes
1601 2215 1692 2282 qui
1747 2215 2008 2268 Sarrace-

429 2319 626 2356 norum
660 2303 801 2358 ﬁlios
831 2305 1148 2376 baptizant;
1197 2316 1253 2361 et
1282 2307 1640 2376 baptismum,
1675 2309 1867 2377 qui-ab
1898 2308 2006 2361 illis

427 2405 654 2464 propter
707 2398 959 2465 corporis
1006 2399 1296 2452 sanitatem
1354 2400 1668 2468 expetitur,
1733 2414 1842 2454 non
1883 2415 2007 2454 esse

425 2489 847 2548 admittendum.
882 2479 1375 2557 Quadragesimum
1404 2510 1534 2547 vero
1555 2503 1812 2562 quartum
1844 2504 2010 2564 caput

430 2582 588 2646 primi
643 2583 724 2634 tit.
766 2584 925 2652 primi
963 2585 1058 2638 lib.
1114 2584 1280 2640 Basil.
1317 2587 1492 2654 inquit
1525 2604 1539 2638 :
1568 2585 1788 2641 Juda-us
1818 2589 1911 2655 qui
1948 2602 2009 2641 se

428 2674 810 2729 Christianum
841 2691 964 2730 esse
993 2676 1133 2732 velle
1171 2693 1284 2746 pra:
1335 2693 1396 2732 se
1443 2678 1622 2733 ferens
1644 2719 1658 2741 ,
1687 2688 1747 2731 ut
1777 2679 1872 2749 qui
1909 2680 2008 2732 ad-

428 2780 624 2820 versus
655 2781 714 2821 se
742 2771 1158 2822 accusationem
1185 2770 1270 2823 vel
1306 2771 1478 2823 mutui
1506 2775 1779 2824 actionem
1811 2786 2009 2840 exspe-

429 2865 564 2922 ctet,
594 2857 661 2912 ad
705 2859 996 2914 ecclesiam
1024 2861 1294 2930 confugit,
1321 2861 1510 2917 debito
1535 2879 1640 2916 non
1677 2864 1882 2928 soluto,
1924 2864 2008 2918 vel

433 2963 462 2997 ιι
491 2946 724 3001 crimine
761 2963 870 3001 non
907 2949 1216 3013 absolutus,
1253 2967 1320 3004 ne
1352 2953 1697 3006 admittatur.
1737 2955 1931 3019 Quaere
1955 2962 2010 3009 et

433 3048 601 3106 caput
632 3039 702 3092 47
733 3041 984 3109 ejusdem
1025 3043 1121 3097 lib.
1161 3052 1214 3097 et
1265 3044 1350 3097 tit.
1381 3042 1638 3100 :Jndteus
1677 3046 2008 3117 mancipium

429 3128 805 3186 Christianum
841 3148 909 3189 ne
955 3134 1174 3211 habeat,
1227 3151 1327 3191 nec
1392 3139 1856 3194 catechumenum
1899 3139 2010 3195 cir-

2111 2023 2364 2094 δέχεσθαι
2391 2023 2580 2076 τοῦτον
2605 2024 2698 2075 καὶ
2719 2021 2845 2083 τοὺς
2869 2021 3066 2080 παῖδας
3082 2018 3248 2072 αὐτοῦ
3277 2019 3356 2072 εἰς
3379 2017 3694 2079 κοινωνίαν,

2113 2117 2208 2169 καὶ
2266 2114 2571 2186 βαπτίζειν,
2623 2111 3099 2180 ἀσφαλιζομένους
3145 2109 3372 2176 ἀπέχειν
3425 2107 3532 2158 ἀπὸ
3581 2105 3696 2156 τῶν

2123 2205 2433 2260 Ἰουδαῖκῶν
2453 2203 2808 2273 παραδόσεων
2828 2201 2924 2254 καὶ
2944 2198 3416 2268 ἐπιτηδευμάτων.
3441 2194 3701 2264 Σημείω-

2115 2319 2208 2354 σαι
2236 2300 2331 2354 οὖν
2353 2297 2527 2351 ταῦτα
2556 2297 2645 2349 διὰ
2676 2296 2802 2357 τοὺς
2829 2295 2995 2364 ἱερεῖς
3029 2293 3156 2354 τοὺς
3185 2289 3547 2361 βαπτίζοντας
3565 2285 3704 2349 τοὺς

2112 2395 2314 2455 παῖδας
2346 2391 2454 2443 τῶν
2496 2387 2836 2458 Ἀγαρηνῶν,
2889 2386 2980 2438 καὶ
3029 2386 3112 2438 ὃτι
3153 2384 3212 2437 τὸ
3255 2381 3343 2435 διὰ
3387 2380 3703 2451 θεραπείαν

2116 2485 2440 2556 σωματικὴν
2483 2482 2818 2554 ζητούμενον
2853 2480 2958 2532 ὑπὸ
2989 2479 3197 2531 τούτων
3231 2475 3514 2545 βάπτισμα
3545 2474 3698 2525 ἀπα-

2115 2578 2376 2650 ράδεκτόν
2403 2578 2542 2628 ἐστι.
2578 2575 2652 2626 Τὸ
2681 2572 2860 2642 μέντοι
2897 2571 2978 2640 μδ¹
3024 2585 3149 2634 κεφ.
3176 2565 3270 2618 τοῦ
3298 2571 3345 2629 ατ
3397 2563 3578 2616 τίτλου
3599 2559 3699 2614 τοῦ

2113 2679 2162 2726 α’
2208 2670 2414 2741 βιϐλίου
2458 2664 2902 2720 τῶνρΒασιλικῶν
2945 2679 3110 2731 φησιν
3211 2658 3482 2718 Ἰουδαῖος,
3515 2655 3578 2708 τὸ
3608 2654 3700 2706 θέο

2112 2763 2226 2815 λειν
2267 2758 2408 2814 εἶναι
2461 2756 2786 2827 Χριστιανὸς
2836 2751 3329 2819 προσποιούμενος,
3389 2748 3448 2810 ὃς
3475 2746 3562 2809 ἂν,
3596 2746 3700 2812 τὴν

2113 2856 2236 2910 κατ’
2281 2852 2446 2908 αὐτοῦ
2489 2848 2822 2920 κατηγορίαν
2859 2847 2892 2916 ἢ
2942 2848 3042 2914 τὴν
3085 2843 3196 2896 ἀπὸ
3235 2841 3428 2911 χρέους
3471 2835 3700 2906 ἀγωγὴν

2115 2944 2474 3014 παραμένων,
2509 2944 2575 3011 τῇ
2621 2937 2920 3008 Ἐκκλησία
2948 2934 3150 3005 φεύγῃ,
3185 2931 3260 3002 μὴ
3297 2927 3592 3000 πληρώσας
3626 2926 3700 2980 τὰ

2115 3038 2275 3108 χρέη,
2305 3037 2337 3108 ἦ
2371 3032 2757 3103 ἐλευθερωθεὶς
2784 3029 2879 3084 τοῦ
2908 3028 3274 3098 ἐγκλήματος,
3327 3021 3402 3093 μὴ
3435 3017 3697 3089 δεχέσθω.

2113 3133 2277 3201 Ζήτει
2308 3128 2366 3183 δὲ
2401 3129 2462 3180 τὸ
2496 3124 2583 3190 μζ
2646 3142 2772 3192 κειρ.
2797 3121 2892 3175 τοῦ
2925 3119 3089 3173 αὑτοῦ
3125 3116 3333 3189 βιϐλίου
3359 3113 3454 3166 καὶ
3474 3111 3659 3165 τίτλον
3679 3125 3697 3140 ο

432 3223 734 3286 cmucidat,
765 3239 869 3279 nec
903 3226 1044 3281 alius
1078 3227 1370 3284 haereticus
1391 3228 1762 3284 Christianum
1793 3246 2008 3285 servum

2129 3225 2384 3284 Ἰουδαῖος
2433 3219 2765 3292 Χριστιανὸν
2812 3212 3146 3284 ἀνδράποδον
3193 3208 3268 3278 μὴ
3313 3207 3506 3309 ἐχέτω,
3559 3203 3700 3309 μήτε

435 3313 652 3368 habeat.
718 3316 782 3370 Et
827 3332 952 3386 cap.
1009 3319 1078 3373 54
1115 3336 1131 3373 :
1173 3319 1554 3376 Samaritanus
1598 3330 1780 3375 autem
1830 3322 2012 3377 nullus

434 3418 658 3459 servum
695 3405 1072 3463 Christianum
1139 3411 1363 3466 habebit
1407 3429 1422 3466 :
1472 3413 1566 3467 sed
1610 3428 1733 3466 cum
1775 3413 2011 3481 primum

432 3513 558 3560 eum
591 3502 922 3568 possederit,
969 3504 1152 3560 statim
1207 3506 1262 3560 in
1310 3505 1616 3561 libertatem
1681 3509 2012 3564 vindicetur.

437 3591 496 3644 Si
527 3608 724 3646 servus
759 3605 943 3650 autem
978 3596 1224 3663 ejusdem
1255 3613 1380 3651 cutn
1435 3599 1553 3668 ipso
1584 3614 1855 3668 perversae
1892 3601 2014 3670 opi-

442 3684 626 3740 nionis
686 3688 871 3752 fuerit,
931 3689 1118 3743 licebit
1156 3693 1204 3744 ei
1241 3692 1612 3746 Christianam
1663 3694 2012 3762 amplectenti

433 3781 791 3848 opinionem,
852 3783 1038 3838 statim
1104 3784 1267 3839 etiam
1333 3786 1636 3840 Romanam
1704 3788 2014 3840 libertaiem

439 3885 686 3942 assequi.

510 4048 770 4105 ZONAR.
829 4049 1064 4114 Quidam
1105 4066 1173 4106 ex
1215 4051 1422 4108 .ludtcis
1452 4067 1511 4108 se
1562 4052 1685 4108 ﬁdei
1719 4053 1900 4107 studio
1939 4060 2020 4107 te-

439 4145 580 4211 neri,
629 4145 1119 4215 Christianamque
1169 4145 1492 4215 religionem
1559 4147 1815 4215 amplecti
1860 4145 2017 4210 velle,

439 4239 780 4294 simulabant
816 4255 830 4292 :
858 4239 1142 4294 Christum
1173 4254 1302 4294 vero
1335 4240 1412 4294 illi
1437 4227 1890 4306 subsannabant,
1914 4242 2018 4295 hoc

437 4342 542 4397 est,
563 4331 808 4394 Christo,
831 4333 1088 4400 privatim
1119 4333 1188 4386 ab
1221 4347 1287 4386 eo
1321 4333 1664 4395 deﬁcientes,
1686 4334 2017 4399 illuslebant,

438 4435 606 4495 atque
633 4423 870 4478 Sabbata
903 4434 1118 4480 secreto
1141 4426 1422 4486 colebant,
1444 4436 1499 4481 et
1524 4427 1666 4480 alios
1698 4427 2016 4482 Judaeorum

440 4519 606 4581 ritus,
632 4518 835 4588 quippe
863 4527 924 4572 ιιι
953 4519 1193 4574 infantes
1219 4535 1349 4573 suos
1383 4520 1762 4588 praeciderent,
1785 4531 1897 4574 tum
1923 4519 2016 4590 qui

437 4615 674 4670 cadaver
703 4615 998 4686 attigisset,
1027 4616 1123 4687 qui
1150 4617 1300 4686 lepra
1346 4617 1581 4676 infectus
1603 4623 1768 4676 esset,
1805 4613 1890 4668 cui
1932 4628 2020 4667 se-

346 4695 350 4709 i
442 4723 567 4760 men
603 4707 873 4768 efﬂueret.
935 4711 1144 4779 quique
1204 4709 1476 4776 ejusmodi
1531 4707 1832 4776 quidquam
1873 4705 2019 4770 aliud

441 4801 665 4868 antiqua
719 4799 836 4870 lege
867 4803 1090 4855 vetitum
1141 4801 1425 4864 fecissent,
1464 4810 1724 4869 tanquam
1772 4799 2021 4866 impuros

438 4901 855 4957 aversarentur,
899 4894 1227 4949 retinebant.
1305 4892 1586 4958 Ejusmodi
1644 4891 1812 4956 igitur
1841 4891 2022 4944 homi-

442 4998 561 5048 nes,
596 4998 698 5037 nec
745 4987 812 5037 ad
843 4984 1288 5039 communionem
1331 4982 1568 5047 admitti,
1621 4998 1724 5036 nec
1783 4984 1836 5036 in
1888 4999 2022 5038 con-

437 5081 664 5127 ventum
705 5089 889 5144 sacra:
921 5075 1268 5144 precationis
1285 5072 1476 5140 recipi,
1516 5081 1630 5134 tum
1662 5051 1746 5125 ab,
1776 5071 2023 5127 ecclesiae

438 5167 692 5237 ingressu
747 5169 978 5223 omnino
1028 5167 1228 5231 arceri,
1273 5166 2020 5235 Hebraeorumquevrursum

443 5261 661 5329 publice
692 5259 936 5329 proﬁteri
997 5271 1205 5315 sectam
1229 5298 1243 5322 ,
1288 5275 1392 5314 nec
1436 5259 1643 5318 liberos
1673 5276 1807 5317 suos
1845 5261 2025 5331 bapti-‘

442 5369 593 5413 zare.
625 5367 732 5408 nec
763 5353 896 5422 ipsis
922 5348 1262 5422 mancipium
1287 5353 1504 5406 emendi
1533 5350 1854 5409 facultatem
1877 5367 2022 5415 esse,

445 5445 694 5517 synodus
719 5445 895 5517 jubet.
926 5443 1304 5499 Christianum
1341 5445 1512 5516 299
1530 5461 1770 5515 namque
1796 5459 2019 5500 servum

439 5537 665 5594 Judaaus
720 5536 1007 5606 possidere
1034 5535 1182 5591 civili
1220 5552 1444 5606 quoque
1498 5542 1615 5608 lege
1673 5537 2018 5607 prohibetur.

442 5631 548 5697 Qui
595 5641 779 5687 tamen
809 5646 872 5684 ex
905 5645 1096 5684 eorum
1131 5613 1362 5684 nninero
1399 5629 1538 5684 forte
1567 5628 1727 5683 ﬁdem
1785 5626 2022 5697 amplcx’t

375 5790 382 5797 ί
447 5726 664 5787 forent,
700 5738 890 5777 servos
913 5736 1098 5777 emere
1139 5721 1580 5777 Christianorum
1618 5737 1769 5776 more
1801 5722 2026 5790 permit-

447 5816 727 5866 tebantur.
765 5812 1037 5878 Quoniam
1087 5828 1216 5868 vero
1237 5803 1301 5867 id
1334 5813 1593 5868 simulate
1630 5809 1897 5880 agebant,
1951 5809 2017 5862 id-

449 5906 595 5960 circo
629 5907 873 5969 synodus
913 5921 1132 5963 servum
1162 5908 1228 5960 iis
1270 5919 1475 5970 emere,
1523 5916 1612 5958 aut
1658 5904 1814 5958 aliter
1848 5904 2023 5967 possi-

2116 3320 2530 3389 κατηχούμενον
2577 3310 2979 3382 περιτεμνέτω,
3033 3306 3172 3376 μήτε
3216 3301 3377 3363 ἄλλος
3421 3297 3702 3368 αίρετικὸς

2115 3407 2448 3480 Χριστιανὸν
2499 3401 2836 3470 ἀνδράποδον
2888 3397 3061 3468 ἐχέτω
3094 3413 3110 3431 ο
3171 3394 3265 3447 καὶ
3315 3389 3511 3480 «suae
3568 3402 3703 3480 κειρτ

2117 3474 2472 3568 Σαμαρείτης
2522 3493 2580 3545 δὲ
2614 3491 2790 3552 οὐδεὶς
2819 3485 3147 3558 Χριστιανὸν
3174 3483 3397 3550 οἰκέτην
3417 3478 3551 3544 ἕξει,
3581 3474 3701 3532 ἀλλ’

2115 3592 2246 3662 ἅμα
2290 3589 2368 3660 τῷ
2419 3582 2728 3654 κτήσασθαι
2777 3579 2967 3633 τοῦτον
3017 3577 3221 3639 εὐθέως
3262 3576 3342 3638 εἰς
3382 3570 3705 3639 ἐλευθερίαν

2118 3681 2490 3756 ἁρπάζεσθαι.
2525 3679 2588 3732 Εἰ
2620 3676 2678 3730 δέ
2705 3677 2803 3744 τῆς
2838 3672 3032 3741 ὁμοίας
3053 3668 3204 3739 αὐτῷ
3231 3668 3261 3720 ὁ
3285 3667 3504 3735 οἰκέτης
3533 3678 3706 3716 κακο-

2116 3779 2296 3845 δοξίας
2323 3775 2433 3839 εἴη,
2469 3772 2674 3836 ἐξέστω
2703 3767 2854 3836 αὐτῷ
2882 3766 2984 3837 τὴν
3007 3764 3116 3816 τῶν
3139 3758 3488 3827 Χριστιανῶν
3517 3757 3703 3808 ἀσπα-

2118 3874 2334 3941 ζομένῳ
2381 3868 2541 3930 δόξαν
2574 3865 2738 3927 εὐθὺς
2767 3861 2863 3916 καὶ
2897 3861 2996 3929 τῆς
3037 3855 3358 3926 Ῥωμαῖκῆς
3405 3847 3704 3907 ἀπολαύειν

2117 3963 2456 4032 ἐλευθερίας.
2964 3957 2965 3960 “

2193 4055 2440 4111 ΖΩΝΑΡ.
2497 4050 2654 4112 Τινὲς
2713 4047 2956 4101 Ἰουδαῖοι
2998 4041 3375 4112 προσήρχοντο
3414 4034 3492 4106 τῷ
3525 4035 3704 4087 δοκεῖν

2118 4153 2184 4218 τῇ
2225 4147 2428 4207 πίστει,
2465 4147 2563 4196 καὶ
2590 4138 3022 4204 προσεποιοῦντο
3060 4133 3311 4202 γίνεσθαι
3340 4127 3660 4200 Χριστιανοί
3685 4143 3700 4157 ·

2121 4239 2397 4295 ἐκεῖνοιδέ
2423 4233 2794 4306 ἐμυκτήριζον
2837 4231 2932 4284 τὸν
2966 4226 3236 4300 Χριστόν
3271 4225 3422 4278 ἀντὶί
3436 4221 3554 4288 τοῦ,
3585 4220 3706 4272 ἐνέ-

2123 4331 2320 4398 παιζον
2365 4329 2612 4400 κρυφίως
2660 4327 2823 4379 αὑτὸν
2857 4321 3206 4394 ἀρνούμενοι,
3257 4318 3354 4372 καὶ
3404 4315 3706 4386 λεληθότως

2122 4428 2189 4481 τὰ
2218 4425 2475 4480 Σάϐϐατα
2508 4421 2903 4490 φυλάσσοντες,
2950 4415 3048 4469 καὶ
3087 4413 3224 4469 ἄλλα
3267 4410 3538 4465 Ἰουδαϊκὰ
3587 4425 3705 4461 ποι-

2123 4519 2313 4580 οῦντες
2339 4555 2366 4584 ,,
2402 4510 2514 4580 οἷον
2575 4512 3002 4583 περιτέμνοντες
3065 4507 3194 4568 τοὺς
3250 4503 3449 4565 παῖδας
3500 4500 3704 4566 αὐτῶν,

2043 4616 2098 4676 D
2125 4610 2475 4678 ἀκαθάρτους
2507 4607 2804 4676 ἡγούμενοι
2835 4603 2963 4664 τοὺς
2997 4599 3191 4670 νεκροῦ
3221 4596 3704 4668 προσψαύσαντας,

2126 4704 2223 4756 καί⁸
2285 4702 2411 4764 τοὺς
2445 4700 2704 4769 λεπροὺς,
2758 4695 2853 4748 καὶ
2899 4693 3028 4756 τοὺς
3067 4693 3404 4762 γονοῤῥυεῖς,
3445 4689 3542 4741 καὶ
3569 4688 3710 4742 ἄλλα

2123 4789 2370 4851 τοιαῦτα,
2414 4790 2516 4842 ὅσοι
2563 4788 2641 4856 τῷ
2686 4783 2906 4854 παλαιῷ
2935 4785 3313 4853 ἀπηγόρευται
3356 4782 3528 4850 νόμῳ.
3563 4781 3705 4842 Τοὺς

2125 4884 2258 4952 γοῦν
2289 4883 2568 4943 τοιούτους
2599 4879 2799 4948 ὥρισεν
2828 4879 2861 4946 ἡ
2898 4877 3116 4939 σύνοδος
3135 4877 3272 4947 μήτε
3309 4875 3389 4937 είς
3419 4873 3711 4926 κοινωνίαν

2125 4975 2405 5046 δέχεσθαι,
2449 4975 2587 5045 μήτε
2637 4968 2995 5040 συνεύχεσθαι
3028 4969 3234 5030 αὐτοῖς,
3290 4968 3432 5036 μήτε
3463 4964 3598 5024 ὅλως
3628 4965 3712 5026 εἰς

2126 5067 2430 5136 ἐκκλησίαν
2477 5063 2707 5117 εἰσιέναι
2751 5063 3127 5132 παραχωρεῖν,
3157 5057 3296 5112 εἶναι
3325 5058 3381 5111 δὲ
3423 5055 3712 5124 Ἐϐραίους

2128 5162 2222 5214 καὶ
2269 5159 2426 5220 αὖθις
2459 5157 2599 5209 κατὰ
2638 5155 2700 5208 τὸ
2738 5154 2997 5224 φανερὸν,
3051 5153 3146 5206 καὶ
3189 5151 3326 5221 μηδὲ
3357 5150 3482 5210 τοὺς
3510 5146 3714 5207 παῖδας

2127 5254 2309 5316 αὐτῶν
2350 5251 2657 5321 βαπτίζειν,
2706 5249 2846 5318 μήτε
2895 5247 3243 5316 παραχωρεῖν
3297 5245 3482 5302 αὐτοῖς
3522 5240 3712 5292 δοῦλον

2125 5344 2405 5398 ὠνεῖσθαι.
2455 5345 2529 5395 Τὸ
2569 5343 2676 5412 γὰρ
2721 5339 3048 5411 Χριστιανὸν
3095 5335 3431 5406 ἀνδράποδον
3473 5333 3711 5412 κτᾶσθαι

2139 5439 2391 5492 Ἰουδαῖον
2421 5437 2516 5490 καὶ
2559 5439 2588 5489 ό
2619 5433 2896 5494 πολιτικὸς
2926 5429 3126 5485 κωλύει
3156 5430 3340 5498 νόμος.
3375 5429 3442 5480 Ui
3486 5426 3543 5478 δὲ
3567 5426 3712 5492 τάχα

2127 5535 2192 5603 τῇ
2227 5530 2409 5583 πίστει
2442 5527 2836 5598 προσελθόντες
2855 5525 2930 5587 ὡς
2947 5521 3266 5592 Χριστιανοὶ
3285 5520 3386 5572 οὐκ
3409 5515 3714 5570 ἐκωλύοντο

2127 5623 2349 5681 δούλους
2395 5619 2676 5676 ὠνεῖσθαι.
2746 5618 2898 5670 Ἐπεὶ
2939 5616 2996 5669 δὲ
3046 5604 3500 5684 ὑποκεκριμένως
3548 5607 3710 5660 τοῦτο

2129 5714 2370 5781 ἐποίουν,
2383 5715 2625 5784 ..φησὶνὴ
2658 5711 2873 5772 σύνοδος
2905 5711 2978 5780 μὴ
3021 5709 3223 5773 ἐξεῖναι
3265 5708 3454 5766 αὐτοῖς
3487 5703 3710 5764 δούλους

2129 5809 2408 5869 ὠνεῖσθαι,
2444 5807 2476 5876 ἢ
2501 5807 2675 5866 ἄλλως
2708 5801 2960 5867 κτᾶσθαι,
2987 5805 3049 5855 ἐκ
3072 5801 3278 5867 δωρεᾶς
3305 5794 3539 5865 τυχὸν,ἣ
3571 5793 3707 5881 ἀντ-

2132 5902 2400 5964 αλλαγῆς.
2431 5899 2461 5962 ἢ
2525 5899 2697 5961 ἑτέρω
2728 5897 2934 5958 τρόπω.
2972 5895 3030 5947 Εἰ
3062 5893 3116 5946 δὲ
3165 5891 3222 5956 ἐξ
3265 5883 3588 5955 εἰλικρινοῦς
3618 5883 3714 5936 καὶ
