4062 6406
358 477 457 545 917

1367 483 1449 544 IN
1503 484 1670 546 CAN.
1713 486 1799 546 IX
1835 489 2043 549 CONC.
2070 490 2183 550 VII
2214 489 2574 550 fECUMEN.

3491 494 3598 557 918
3647 509 3662 516 ‘

361 593 610 662 καθαρᾶς
630 592 889 661 πίστεως,
906 592 1030 651 ἀντὶ
1049 591 1438 668 τοῦ,καθαρῶς
1453 597 1548 650 καὶ
1561 599 1936 669 ἀνυποκρίτως

2041 603 2188 664 dere,
2238 603 2532 659 donatione
2568 603 2849 668 nimirum,
2883 589 2998 659 laut
3026 603 3427 676 permutat-ioue
3449 643 3466 668 ,
3509 613 3603 657 aut

364 687 687 752 πιστεύσας,
715 688 1034 758 ἐπιστρέψει
1063 707 1147 753 τις
1175 690 1356 743 αὐτῶν
1387 691 1483 742 καὶ
1513 691 1838 760 ὁμολογήσει
1873 692 1933 757 ἐξ

343 779 489 847 ιόλης
520 779 770 850 καρδίας,
813 781 934 834 ἀντὶ
966 781 1088 847 τοῦ,
1111 783 1179 835 τὰ
1207 781 1346 835 αὐτὰ
1377 784 1508 853 ἡμῖν
1542 782 1711 850 λέγει,
1741 785 1834 837 καὶ
1864 786 1935 837 τὰ

363 871 460 941 ἔθη
489 872 555 924 τὰ
585 872 764 925 οίκεῖα
793 873 888 926 καὶ
931 873 1032 926 ὃσα
1059 875 1362 946 πράττουσι
1393 875 1738 944 θριαμϐεύει,
1766 876 1934 945 ἤγουν

357 966 440 1026 είς
463 964 525 1016 τὸ
553 963 787 1032 φανερὸν
821 966 1139 1034 προτίθησι,
1173 967 1266 1018 καὶ
1294 966 1601 1020 συντίθεται
1635 968 1709 1036 μὴ
1738 969 1957 1036 ποιεῖνκ

365 1055 506 1109 ὥστε
537 1057 632 1109 καὶ
660 1057 838 1120 ἄλλως
862 1058 1190 1127 ἐλεγχθῆναι
1236 1059 1571 1127 ὁμοπίστους
1609 1057 1778 1127 αὐτῷ,
1836 1061 1932 1111 καὶ

357 1146 717 1216 διορθωθῆναι
767 1149 858 1202 τὸν
880 1149 1121 1204 τοιοῦτον
1160 1151 1556 1220 προσδέχεσθαι
1597 1152 1690 1204 καὶ
1729 1150 1927 1220 βαπτί-

203 1297 212 1308 λ
264 1235 268 1240 ”
362 1239 500 1305 ζειν,
535 1241 628 1292 καὶ
661 1242 861 1304 παῖδας
889 1243 1077 1303 αὐτοῦ.
1128 1243 1223 1296 καὶ
1253 1243 1500 1313 ἀκριϐῶς
1531 1243 1816 1314 προσέχειν
1837 1244 1936 1296 αὐ-

359 1332 494 1393 τοῖς,
548 1330 688 1383 ὥστε
733 1331 1036 1400 ἀποστῆναι
1075 1333 1183 1410 τῷν
1218 1333 1526 1404 Ἑϐραϊκῶν
1563 1335 1932 1404 ἐπιτηδευμά-

361 1438 510 1474 τωνο
541 1422 718 1483 ἄλλως
775 1423 831 1476 δὲ
881 1425 1080 1488 αὐτοὺς
1135 1424 1210 1496 μὴ
1258 1426 1676 1496 προσδέχεσθαι.
1743 1427 1853 1478 Καὶ
1902 1428 1929 1478 ὀ

362 1518 534 1582 μέγας
567 1515 622 1567 δὲ
660 1516 940 1580 Βασίλειος
959 1519 1016 1569 ἐν
1040 1518 1276 1588 πέμπτῳ
1307 1519 1514 1584 κανόνι,
1548 1519 1686 1581 Τοὺς
1713 1536 1935 1586 μετανο-

359 1606 554 1669 οῦντας
587 1606 684 1669 δεῖ,
730 1609 893 1675 φησὶ,
935 1608 1187 1678 δέχεσθαι
1218 1624 1232 1640 ⁶
1269 1610 1370 1663 οὐκ
1413 1610 1650 1680 ἀκρίτως
1679 1610 1758 1674 δὲ,
1795 1611 1931 1663 ἀλλὰ

362 1698 685 1767 δοκιμάζειν
737 1701 786 1751 εί
866 1701 1082 1769 ἀληθῶς
1137 1702 1230 1753 καὶ
1284 1703 1520 1772 γνησίως
1585 1703 1928 1772 μετανοοῦσι.

367 1789 474 1842 Καὶ
507 1789 536 1841 ὁ
570 1791 849 1854 πολιτικὸς
894 1794 1057 1861 νόμος
1114 1793 1318 1860 πολλὴν
1355 1796 1631 1848 ποιεῖσθαι
1683 1794 1931 1860 θεσπίζει

367 1881 494 1948 περὶ
546 1882 655 1935 τῶν
708 1888 1172 1956 προσερχομένων
1232 1886 1506 1940 Ἰουδαίων
1552 1886 1652 1958 τὴν
1707 1888 1933 1958 ἀκριϐο-

354 1971 565 2037 λογίαν.

2036 696 2139 748 alia
2170 710 2496 764 quacunque
2548 697 2776 754 ratione.
2803 691 3115 767 quaesitum,
3177 699 3402 752 minime
3435 698 3600 751 licere

2038 786 2304 840 decernit.
2341 785 2496 852 Quod
2529 789 2572 842 si
2603 803 2792 842 eorum
2823 789 3096 859 quispiam
3130 805 3197 844 ex
3227 805 3362 860 pura
3391 800 3444 842 et
3482 789 3599 843 sin-

2034 892 2158 928 cera
2188 876 2311 941 (ide,
2343 878 2446 930 hoc
2473 889 2575 942 est,
2607 893 2743 947 puro
2775 878 2958 932 animo
2989 888 3151 945 atque
3187 879 3334 933 omni
3369 876 3598 932 simula-

2036 967 2184 1020 tione
2211 959 2451 1031 Sublata,
2470 967 2594 1022 ﬁdei
2629 970 2902 1038 mysteriis
2935 984 3198 1025 assensus
3223 978 3598 1032 convertatur,

2034 1066 2200 1126 atque
2224 1073 2290 1112 ex
2324 1068 2437 1114 toto
2465 1061 2633 1115 corde
2662 1061 3007 1122 conﬁteatur,
3040 1061 3144 1115 hoc
3174 1070 3278 1125 est,
3314 1061 3598 1114 nobiscum

2036 1149 2089 1202 in
2112 1150 2372 1220 omnibus
2395 1153 2554 1220 plane
2580 1156 2913 1216 consentiat,
2935 1165 2988 1208 et
3015 1156 3078 1210 de
3107 1169 3329 1210 suorum
3355 1156 3602 1206 moribus

2037 1256 2101 1294 ac
2137 1242 2401 1318 institutis
2435 1245 2742 1314 quibusque
2782 1246 3115 1314 triumphum
3149 1254 3300 1314 agat,
3357 1245 3459 1298 hoc
3495 1254 3602 1302 est.

2035 1347 2092 1386 se
2127 1332 2260 1386 nihil
2286 1334 2465 1388 simile
2494 1336 2762 1390 facturum
2790 1324 2972 1405 aperte
3000 1335 3317 1406 profiteatur
3353 1351 3416 1398 ac
3442 1350 3605 1402 spon-

2033 1426 2181 1488 deat,
2221 1435 2279 1479 ut
2306 1443 2373 1482 ex
2401 1444 2466 1483 eo
2498 1427 2587 1482 alii
2623 1445 2841 1499 quoque
2891 1431 3095 1484 erroris
3133 1431 3266 1484 socii
3300 1428 3605 1482 refutentur

2036 1531 2100 1571 ac
2137 1519 2463 1588 resipiscam
2485 1539 2497 1575 :
2518 1524 2726 1576 admitti
2749 1523 3048 1587 hominem,
3075 1522 3365 1591 ipsumque
3388 1527 3441 1574 et
3467 1520 3606 1574 ﬁlios

2040 1609 2326 1679 baptizari,
2381 1613 2736 1682 studioseque
2777 1614 2945 1682 ipsos,
2995 1621 3053 1664 ut
3101 1613 3168 1666 ab
3225 1610 3506 1666 Hebraicis
3545 1625 3605 1664 se

2035 1701 2302 1758 institutis
2349 1703 2677 1773 abjungant,
2724 1703 3036 1768 observari;
3073 1719 3232 1759 secus
3267 1704 3490 1758 omnino
3522 1719 3607 1755 re-

2036 1794 2160 1864 pelli
2206 1795 2405 1864 placet.
2462 1795 2688 1865 Magnus
2725 1812 2852 1850 vero
2882 1796 3045 1849 etiam
3087 1795 3327 1850 Basilius
3357 1835 3372 1860 ,
3413 1794 3606 1863 quinto

2036 1902 2244 1960 panoue
2269 1905 2281 1941 :
2309 1891 2480 1955 Quos,
2513 1891 2726 1958 inquit,
2761 1889 2931 1943 errati
2978 1888 3230 1958 paenitet,
3287 1883 3604 1940 admitte-mli

2033 1991 2201 2035 sunt:
2242 1997 2348 2036 non
2382 1991 2564 2036 tamen
2602 1983 2669 2038 iis
2704 1992 2909 2038 temere
2951 1982 3194 2036 habenda
3225 1980 3378 2042 ﬁdes,
3411 1978 3605 2032 sedari

355 2081 482 2119 vere
509 2081 603 2122 eos
637 2077 690 2123 et
724 2071 999 2125 exanimo
1044 2072 1307 2141 paeniteat
1388 2073 1576 2128 sedulo
1631 2071 2097 2144 cognoscendum.
2165 2073 2238 2128 De
2294 2073 2500 2131 .lndaeis
2560 2075 2768 2138 itidem,
2835 2083 2896 2130 ut
2950 2088 3061 2128 non
3147 2073 3254 2127 nisi
3318 2071 3610 2142 diligenter

355 2164 652 2218 examinati
689 2167 1011 2236 probatique
1062 2169 1420 2238 recipiantur,
1474 2169 1653 2224 civilia
1700 2185 1917 2240 quoque
1945 2169 2066 2239 jura
2112 2170 2438 2225 decernunt.
2657 2171 2662 2184 ‘

354 2255 574 2308 ΑΡΙΣΤ.
639 2274 659 2308 ι
713 2257 1000 2328 Ἐϐραίους
1069 2260 1142 2329 μὴ
1211 2261 1411 2330 χρῆναι
1500 2260 1918 2330 προσδέχεσθαι,

433 2367 453 2400 ί
500 2349 548 2400 εί
592 2349 666 2419 μὴ
723 2351 997 2418 φαίνοιντο
1049 2350 1108 2416 ἐξ
1155 2350 1487 2423 εἰλικρινοῦς
1533 2351 1757 2420 καρδίας
1803 2352 1923 2403 ἐπι·

433 2457 454 2490 ι
497 2440 839 2510 στρέψοντες.
887 2461 906 2493 ι
955 2442 1184 2510 Σαρής.

955 2534 1194 2587 ΚΑΝΩΝ

363 2644 380 2674 ι
431 2623 612 2678 Πάντα
674 2625 742 2677 τὰ
791 2624 1130 2696 μειρακιώδη
1179 2626 1474 2696 ἀθύρματα
1529 2631 1624 2678 καὶ
1678 2624 1921 2696 μανιώδη

432 2734 452 2766 ι
498 2714 876 2785 βακχεύματα,
915 2715 984 2769 τὰ
1026 2715 1640 2787 ψευδοσυγγράμματα,
1667 2717 1736 2770 τὰ
1787 2715 1926 2768 κατὰ

431 2825 452 2857 ι
494 2806 842 2882 τῶνὶσεπτῶν
871 2807 1097 2861 εἰκόνων
1123 2808 1408 2877 γινόμενα,
1437 2810 1556 2862 δέον
1591 2808 1812 2876 δοθῆναι
1847 2806 1924 2876 τῷ

436 2916 454 2949 ι
495 2899 835 2968 ὲπισκοπείῳ
892 2884 1540 2964 Κωνσταντινουπόλεως,
1586 2901 1670 2953 ἵνα
1729 2900 1929 2952 ἀποτε-

434 3009 454 3040 ι
499 2991 630 3045 eam
670 2991 812 3060 μετὰ
851 2991 958 3044 τῶν
1000 2992 1207 3045 λοιπῶν
1239 2993 1532 3064 αἱρετικῶν
1565 2992 1788 3062 βιϐλίων
1816 3009 1832 3022 ⁸
1878 2994 1929 3046 εἰ

435 3102 454 3135 ι
501 3083 558 3136 δέ
585 3101 667 3146 τις
695 3083 939 3154 εὑρεθείη
969 3083 1139 3137 ταῦτα
1167 3085 1445 3155 κρύπτων,
1478 3085 1527 3136 εἰ
1569 3083 1669 3153 μὲν
1705 3085 1931 3138 ἐπίσκο-

433 3195 452 3228 ι
500 3193 601 3239 πος
657 3179 689 3246 ἢ
747 3176 1125 3248 πρεσϐύτερος
1181 3177 1214 3247 ἢ
1266 3177 1518 3239 διάκονος
1570 3177 1683 3247 εἴη,
1738 3177 1932 3230 καθαι-

433 3287 450 3319 ι
501 3269 738 3337 ρείσθω·
797 3269 845 3321 εί
913 3268 970 3321 δὲ
1046 3269 1232 3332 λαῖκὸς
1289 3269 1322 3339 ἢ
1395 3271 1674 3342 μοναχδς,
1727 3273 1927 3343 ἀφορι-

431 3380 450 3412 ι
498 3362 689 3424 ζέσθω.
734 3381 752 3412 ι

428 3454 620 3508 ΒΑΛΣ.
663 3455 776 3524 Τῆς
819 3455 927 3508 τῶν
971 3458 1598 3527 Χριστιανοκατηγόρων
1651 3455 1771 3526 ἦτοι
1817 3455 1925 3509 τῶν

358 3539 752 3600 εἶκονοκαυτῶν
806 3549 1067 3618 αἱρέσεως
1117 3550 1475 3619 κρατησὰσης
1530 3549 1623 3603 ἐπὶ
1676 3549 1837 3614 πολὺ,
1883 3550 1931 3601 οἱ

355 3639 533 3710 ταύτῃ
582 3640 1002 3710 προσκείμενοι,
1051 3641 1140 3693 διὰ
1193 3641 1426 3709 γραφῶν
1477 3642 1577 3704 τὰς
1621 3642 1768 3694 κατὰ
1821 3641 1932 3693 τῶν

358 3732 534 3798 ἁγίων
554 3733 780 3785 εἰκόνων
805 3731 1156 3802 βλασφημίας
1175 3731 1353 3784 αὐτῶν
1382 3732 1745 3805 ὲστηλίτευον,
1764 3735 1932 3786 Φασὶν

357 3817 454 3877 οὖν
478 3823 527 3874 οί
560 3822 1295 3894 Πατέρεςὸφείλεινταύτας
1341 3823 1561 3893 δοθῆναι
1609 3823 1694 3892 ἐφ’
1797 3826 1934 3876 ἁπο-

357 3914 598 3968 τεθείναι
654 3916 712 3967 ἐν
757 3914 837 3984 τῷ
890 3914 1231 3984 ὲπισκοπείῳ
1276 3903 1375 3984 τῆς
1417 3916 1934 3968 Κωνσταντινουπός-

359 4008 520 4072 λεώς,
567 4007 696 4061 ἔνθα
750 4009 1075 4061 ἀπόκεινται
1122 4008 1217 4060 καὶ
1272 4009 1340 4061 τὰ
1377 4009 1540 4062 λοιπὰ
1595 4008 1774 4078 βιϐλία
1824 4009 1934 4062 τῶν

360 4099 680 4170 αἱρετικῶν.
714 4099 853 4162 Τοὺς
895 4098 952 4152 δὲ
997 4097 1338 4168 κρύπτοντας
1370 4099 1563 4161 ταῦτα,
1601 4100 1933 4170 ίερωμένους

366 4192 468 4262 μὲν
495 4191 676 4254 ὄντας,
710 4191 1113 4260 καθαιρεῖσθαι,
1145 4191 1367 4255 λαῖκοῦς
1402 4191 1458 4245 δὲ
1512 4193 1606 4245 καὶ
1643 4193 1935 4263 μοναχοὺς,

363 4284 743 4352 ἀφορίζεσθαι.
783 4283 980 4346 Καλῶς
1026 4284 1082 4336 δὲ
1130 4285 1424 4353 ὠνόμασαν
1471 4285 1521 4337 οί
1576 4286 1824 4355 Πατέρες
1869 4284 1938 4336 τὰ

359 4373 590 4427 τοιαῦτα
623 4375 1034 4446 συγγράμματα
1062 4376 1398 4447 μειρακιώδη
1424 4376 1742 4446 ἀθύρματα,
1771 4377 1938 4447 ἤγουν

361 4465 608 4535 νηπιώδη
661 4467 914 4534 παίγνια·
944 4467 1037 4519 καὶ
1094 4467 1339 4538 μανιώδη
1389 4467 1770 4540 βακχεύματα,
1819 4469 1936 4539 ἦτοι

364 4557 711 4627 μαινομένων
762 4558 980 4629 βακχῶν
1039 4559 1412 4631 φλυαρήματα
1441 4578 1454 4590 ·
1511 4563 1595 4614 ὅτι
1644 4561 1936 4614 εὐδιάλυτα

361 4651 463 4704 καὶ
498 4631 896 4704 εύκατάσειστά
924 4653 1063 4706 είσιν
1094 4653 1167 4716 ὡς
1216 4653 1287 4705 τὰ
1316 4652 1429 4705 τῶν
1461 4653 1766 4724 μειρακίων
1801 4654 1936 4705 παί-

2031 2259 2259 2314 ΛιιιεΤ.
2305 2257 2615 2317 ιΙΙοὺτιῐδοε
2673 2263 2959 2326 admittere
3021 2278 3126 2316 non
3179 2269 3431 2327 oportet.
3501 2259 3605 2314 nisi

2101 2369 2121 2402 ι
2168 2368 2262 2406 eos
2295 2354 2511 2408 sincero
2535 2357 2697 2409 corde
2723 2369 3021 2409 conversos
3055 2369 3174 2409 esse
3213 2353 3540 2409 consdterit.
3579 2371 3600 2404 ι

2105 2444 2453 2512 Perspicuus.

2619 2538 2848 2595 CANON
2911 2539 3004 2594 IX.

2037 2651 2055 2683 ι
2084 2632 2321 2686 Puerilia
2347 2634 2527 2686 omnia
2551 2633 2783 2688 ludibria
2809 2633 3120 2702 furiosaque
3142 2633 3282 2688 dicta
3305 2647 3367 2686 ac
3387 2631 3610 2700 scripta,

2115 2742 2132 2774 ι
2180 2739 2301 2792 qua:
2391 2725 2655 2778 adversus
2719 2723 3055 2778 venerabiles
3129 2722 3397 2790 imagines
3467 2721 3610 2775 edita

2107 2835 2125 2867 ι
2168 2823 2318 2881 sunt,
2355 2817 2630 2886 episcopio
2649 2813 3408 2885 Constantinopolitanotradi
3441 2828 3608 2890 oporf

2105 2927 2124 2961 ι
2175 2916 2271 2972 tet,
2323 2918 2380 2961 ut
2410 2925 2534 2963 cum
2568 2910 2793 2978 reliquis
2827 2908 3099 2962 haereticis
3125 2907 3292 2960 libris
3329 2905 3614 2974 deponan-

2106 3015 2125 3048 ι
2172 3005 2282 3050 tur.
2351 2995 2406 3050 Si
2436 2996 2560 3065 quis
2586 3004 2766 3049 autem
2793 2995 2907 3050 huic
2934 2997 3111 3050 celare
3138 2997 3390 3048 inventus
3427 2993 3612 3054 fuerit,

2115 3106 2136 3140 ι
2181 3089 2225 3142 si
2260 3088 2476 3159 quidem
2509 3088 2797 3158 episcopus
2820 3088 2903 3142 vel
2929 3087 3209 3157 presbyter
3236 3089 3318 3142 vel
3348 3087 3616 3140 diaconus

2113 3198 2133 3231 ι
2175 3180 2268 3242 sit,
2301 3179 2640 3248 deponatur:
2686 3181 2771 3235 sin
2799 3194 2926 3234 vero
2961 3179 3131 3234 laicus
3167 3180 3248 3234 vel
3289 3177 3618 3247 monachus,

2112 3289 2130 3322 ι
2176 3279 2508 3342 segregetur.
2535 3290 2554 3322 ι

2109 3451 2307 3506 BALS.
2356 3451 2492 3506 Cum
2532 3450 2974 3506 Christianorum
3037 3451 3278 3506 hostium
3337 3465 3436 3505 seu
3480 3449 3616 3502 ima.

2037 3545 2224 3614 ginuni
2263 3554 2580 3598 exustorum
2632 3543 2725 3597 diu
2768 3543 3095 3596 iuvalttisst't.
3127 3541 3372 3606 haeresis,
3425 3543 3517 3610 qui
3568 3540 3620 3594 ei
3678 3605 3686 3614 κ

2038 3636 2413 3698 adhaerebant,
2468 3650 2597 3689 suas
2641 3635 2905 3689 adversus
2935 3649 3127 3689 sacras
3163 3634 3427 3703 imagines
3471 3633 3618 3687 hlas-
3691 3619 3696 3624 ⁷

2039 3729 2288 3798 phemias
2315 3710 2508 3782 litteris
2549 3707 2908 3781 mandabant.
2983 3725 3182 3780 Dicunt
3229 3742 3359 3794 ergo
3401 3725 3618 3790 Patres,
3707 3791 3711 3795 ε

2039 3836 2130 3875 eas
2155 3820 2352 3874 debere
2399 3819 2560 3879 tradi,
2611 3827 2670 3872 ut
2711 3819 2763 3872 in
2799 3817 3080 3888 episcopio
3112 3817 3621 3886 Constantinopoli-

2040 3919 2170 3964 tano
2222 3919 2582 3980 reponantur,
2643 3910 2733 3965 ubi
2779 3919 3124 3981 reponuntur
3155 3909 3351 3980 reliqui
3402 3923 3623 3978 quoque

2041 4003 2164 4057 libri
2199 4003 2616 4057 haereticorum:
2663 4017 2759 4057 eos
2786 4011 2988 4065 autem,
3026 4002 3120 4071 qui
3161 4002 3273 4056 haec
3303 4001 3621 4067 celaverint,

2041 4096 2086 4149 si
2125 4096 2342 4164 quidem
2395 4096 2568 4150 sacris
2617 4095 2906 4151 ordinibus
2947 4095 3146 4149 initiati
3192 4093 3323 4157 sint,
3382 4093 3676 4163 deponi;,.

2043 4189 2128 4241 sin
2157 4201 2284 4241 vero
2315 4186 2438 4240 laici
2468 4188 2551 4241 vel
2580 4186 2856 4252 monachi,
2891 4186 3193 4258 segregari.
3238 4186 3403 4242 Recte
3438 4196 3622 4239 autem

2041 4279 2234 4335 Patres
2287 4279 2559 4349 ejusmodi
2614 4279 2818 4346 scripta
2875 4279 3227 4334 nominarunt
3275 4280 3505 4350 puerilia
3543 4280 3636 4331 lu-'

2041 4371 2242 4435 dibria,
2292 4373 2397 4426 hoc
2434 4381 2538 4436 est,
2566 4370 2777 4426 ludicra
2810 4387 3107 4442 puerorum
3146 4371 3541 4424 oblectamenta
3574 4380 3626 4423 et

2041 4465 2232 4520 insana
2263 4481 2326 4520 ac
2361 4465 2617 4519 baccbica
2670 4480 2954 4534 responsa,
2988 4465 3379 4518 insanientium
3411 4464 3624 4518 scilicet

1994 4555 2376 4612 \baecharum
2408 4573 2618 4625 nugas;
2649 4556 2776 4624 quia
2805 4567 2934 4610 sunt
2962 4557 3142 4609 solutu
3177 4553 3358 4618 facilia
3389 4563 3445 4608 et
3476 4555 3627 4608 nullo
3655 4605 3662 4624 ,

2045 4650 2264 4720 negotio
2316 4648 2740 4712 labefactab‘ilia,
2805 4655 2865 4702 ut
2921 4662 3214 4717 puerorum
3255 4631 3522 4726 ludibria,
3573 4657 3628 4720 et

360 4759 511 4810 γνια,
549 4742 642 4795 καὶ
671 4741 1029 4810 ἁξιογέλαστα
1059 4744 1132 4806 ὡς
1166 4744 1234 4799 τὰ
1276 4745 1386 4798 τῶν
1420 4745 1764 4815 μαινομένων
1802 4746 1936 4817 ἔργα

2046 4742 2273 4796 ridicula
2310 4751 2367 4794 ut
2401 4740 2734 4796 furiosorum
2759 4750 2812 4797 et
2834 4740 3114 4796 ebriorum
3149 4756 3337 4810 opera.
3403 4739 3629 4794 Baccha:

358 4836 461 4888 καὶ
499 4837 830 4904 μεθυόντων.
862 4835 928 4888 Ai
965 4833 1166 4904 βάκχαι
1199 4836 1309 4906 γὰρ
1359 4838 1512 4907 χοροὶ
1555 4831 1700 4906 ἦσαν
1746 4855 1936 4906 μαινο-

362 4933 543 4996 μένων
587 4921 848 4997 ἑπόμενοι
893 4926 972 4997 τῷ
1005 4927 1189 4998 ὲφόρῳ
1230 4930 1331 4998 τῆς
1383 4929 1555 5000 μέθης
1604 4928 1940 4999 ψευδωνύμῳ

358 5019 472 5088 θεῷ
501 5020 578 5090 τῷ
607 5019 866 5089 Διονύσῳ.
898 5019 959 5073 Οί
999 5017 1184 5086 μέντοι
1215 5019 1369 5088 νόμοι
1394 5020 1463 5073 τὰ
1501 5019 1611 5074 τῶν
1639 5021 1938 5090 αίρετικῶν

360 5113 546 5183 βιϐλία
573 5108 896 5183 διορίζονται
923 5111 1194 5165 καίεσθαι.
1231 5112 1338 5164 Καὶ
1376 5112 1529 5182 ζήτει
1557 5130 1684 5182 κεφ.
1725 5121 1774 5180 γ’
1833 5113 1929 5165 τοῦ

363 5201 640 5274 ιβ’,τίτλου
694 5201 1090 5273 τούπαρόντος
1121 5202 1521 5269 συντάγματος,
1548 5204 1639 5256 καὶ
1683 5199 1938 5273 εὑρήσεις
1977 5258 1983 5264 ,

356 5300 426 5348 ἐν
480 5293 629 5363 αύτῷ
676 5293 1104 5365 κατεστρωμένα
1147 5311 1275 5360 κεφ.
1318 5294 1552 5363 διάφορα
1603 5294 1761 5347 τοῦτο
1808 5294 1942 5347 αὐτὸ

360 5384 879 5454 παρακελευόμενα.
921 5384 1078 5437 Εἴποι
1105 5383 1170 5437 δέ
1216 5401 1319 5446 τις,
1354 5383 1434 5435 Δι’
1464 5385 1530 5454 ἣν
1576 5385 1758 5437 αἰτίαν
1786 5386 1813 5437 ὁ
1842 5385 1940 5452 μὲν

362 5475 556 5533 κλνὼν
603 5477 670 5530 τὰ
699 5477 808 5528 τῶν
860 5475 1486 5545 Χριστιανοκατηγόρων
1533 5474 1715 5546 βιϐλία
1753 5475 1944 5528 ἀποτί-

360 5569 560 5622 Οεσοαι
610 5570 667 5621 ἐν
713 5567 790 5636 τῷ
841 5568 1175 5634 ὲπισκοπείῳ
1217 5567 1534 5635 διορίζεται,
1581 5569 1628 5619 οἱ
1680 5567 1832 5638 νόμοι
1887 5566 1945 5619 δὲ

270 5653 276 5658 ’
365 5662 624 5716 καίεσθαι
661 5660 836 5714 ταῦτα
871 5660 1198 5730 διορίζονται
1221 5661 1457 5726 ;“Λύσις.
1490 5661 1701 5713 Ταυτόν
1733 5662 1850 5712 ἐστι
1883 5661 1946 5712 τὸ

365 5753 640 5824 καυθῆναι
673 5753 740 5806 τὰ
786 5752 992 5822 βέϐηλοι
1040 5754 1451 5824 συγγράμματα
1492 5751 1602 5804 τῶν
1647 5750 1942 5820 αίρετικῶν

369 5846 470 5902 καὶ
497 5847 557 5899 τὺ
585 5845 918 5914 ἀποτεθῆναι
949 5846 1005 5898 ἐν
1031 5844 1110 5915 τῷ
1145 5845 1484 5914 ἐπισκοπείῳ
1515 5843 1614 5913 τῆς
1647 5845 1940 5922 Κῃωνσταν-

377 5938 764 6001 τινουπόλεως.
820 5937 957 5992 Οὔτε
1013 5938 1122 6003 γὰρ
1187 5939 1451 6004 καιόμενα
1503 5939 1578 6001 εἰς
1638 5937 1942 6003 ἀνάγνωσιν

2043 4823 2186 4890 ellini
2217 4842 2372 4888 erant
2400 4833 2553 4888 chori
2587 4833 3003 4897 insanientium,
3042 4833 3321 4888 ebrietatis
3340 4833 3626 4902 praesidem

2042 4934 2339 4994 sequentes
2376 4924 2675 4991 Bacchum,
2711 4926 2804 4995 qui
2839 4924 2976 4981 falso
3021 4925 3158 4980 deus
3184 4925 3626 4995 cognominatur.

2041 5015 2164 5071 Jam
2194 5032 2323 5070 vero
2368 5016 2511 5084 leges
2565 5014 2942 5069 haereticorum
2988 5014 3162 5070 libros
3207 5016 3362 5068 exuri
3409 5029 3630 5083 qucque

2045 5109 2362 5188 decernunt;
2435 5104 2628 5170 Quaere
2675 5115 2857 5159 autem
2922 5107 3138 5161 tertium
3207 5114 3369 5174 caput
3427 5107 3509 5160 tit.
3561 5107 3630 5158 12

2047 5201 2330 5270 praesentis
2367 5199 2570 5266 operis,
2618 5207 2672 5253 et
2713 5199 2958 5254 invenies
3007 5199 3224 5254 diversa
3253 5200 3432 5270 capita
3466 5200 3518 5251 in
3563 5212 3630 5250 eo

2047 5294 2248 5363 posita,
2313 5305 2436 5361 quae
2496 5291 2598 5344 hoc
2650 5291 2826 5357 ipsum
2880 5290 3095 5358 jubent.
3192 5288 3401 5344 Dixerit
3445 5298 3624 5342 autem

2047 5383 2354 5452 quispiam:
2385 5378 2682 5446 Quamnam
2703 5379 2772 5435 ob
2791 5395 3011 5434 causam
3032 5393 3205 5434 canon
3229 5379 3446 5449 quidem
3469 5379 3628 5432 Chri-

2049 5476 2352 5528 stianorum
2410 5472 2646 5525 hostium
2711 5487 2821 5526 seu
2866 5471 3164 5540 imaginum
3215 5470 3623 5524 combustorum
3703 5514 3712 5525 .

2050 5568 2225 5621 libros
2261 5567 2312 5620 in
2346 5563 2855 5634 episcOpiofreponi
2885 5565 3058 5634 jubet,
3117 5565 3262 5633 leges
3294 5569 3474 5615 autem
3529 5576 3626 5615 eos

2050 5657 2300 5714 comburi
2331 5657 2693 5728 permittunt?
2765 5656 3000 5711 Solutio.
3083 5655 3227 5710 Idem
3264 5663 3348 5710 est.
3373 5655 3624 5707 comburi

2053 5751 2278 5821 profana
2307 5758 2362 5804 et
2393 5751 2554 5819 impia
2594 5750 2970 5802 haereticorum
3007 5749 3233 5817 scripta,
3288 5756 3341 5801 et
3385 5746 3437 5800 in
3477 5745 3626 5799 Con-

2051 5843 2542 5912 stantinopolitano
2591 5841 2869 5910 cpiscopio
2929 5839 3142 5909 reponi.
3217 5837 3400 5906 Neque
3453 5838 3632 5902 enim,

2055 5938 2105 5990 si
2143 5935 2428 5990 cmnbusta
2463 5933 2684 5994 fuerint,
2737 5930 2997 5999 legentur,
3060 5944 3161 5983 nec
3190 5929 3234 5984 si
3268 5929 3320 5982 in
3352 5926 3622 5995 ejusmodi
