  <div class='ocr_page' id='page_1' title='image "/cluster/home/n/w/nwhite01/storage/ocr_20150623/137:no.1/coo.31924054870427/467.png"; bbox 0 0 4056 6438; ppageno 0'>
   <div class='ocr_carea' id='block_1_1' title="bbox 362 462 467 523">
    <p class='ocr_par' dir='ltr' id='par_1_1' title="bbox 362 462 467 523">
     <span class='ocr_line' id='line_1_1' title="bbox 362 462 467 523; baseline -0.029 0"><span class='ocrx_word' id='word_1_1' title='bbox 362 462 467 523; x_wconf 77' lang='lat'><strong>93</strong></span> 
     </span>
    </p>
   </div>
   <div class='ocr_carea' id='block_1_2' title="bbox 1645 457 2359 521">
    <p class='ocr_par' dir='ltr' id='par_1_2' title="bbox 1645 457 2359 521">
     <span class='ocr_line' id='line_1_2' title="bbox 1645 457 2359 521; baseline -0.004 0"><span class='ocrx_word' id='word_1_2' title='bbox 1645 458 1923 521; x_wconf 89' lang='lat' dir='ltr'><strong>THEOD.</strong></span> <span class='ocrx_word' id='word_1_3' title='bbox 1963 457 2359 520; x_wconf 86' lang='lat' dir='ltr'><strong>BALSAMON</strong></span> 
     </span>
    </p>
   </div>
   <div class='ocr_carea' id='block_1_3' title="bbox 3522 440 3631 505">
    <p class='ocr_par' dir='ltr' id='par_1_3' title="bbox 3522 440 3631 505">
     <span class='ocr_line' id='line_1_3' title="bbox 3522 440 3631 505; baseline 0 0"><span class='ocrx_word' id='word_1_4' title='bbox 3522 440 3631 505; x_wconf 75' lang='grc'><strong>924</strong></span> 
     </span>
    </p>
   </div>
   <div class='ocr_carea' id='block_1_4' title="bbox 367 562 1953 646">
    <p class='ocr_par' dir='ltr' id='par_1_4' title="bbox 367 574 1944 645">
     <span class='ocr_line' id='line_1_4' title="bbox 367 574 1944 645; baseline 0.001 -16"><span class='ocrx_word' id='word_1_5' title='bbox 367 577 469 630; x_wconf 88' lang='lat' dir='ltr'><strong>bac</strong></span> <span class='ocrx_word' id='word_1_6' title='bbox 523 574 739 628; x_wconf 83' lang='lat' dir='ltr'><strong>urbium</strong></span> <span class='ocrx_word' id='word_1_7' title='bbox 791 574 978 645; x_wconf 78' lang='lat' dir='ltr'><strong>regina</strong></span> <span class='ocrx_word' id='word_1_8' title='bbox 1029 589 1187 631; x_wconf 89' lang='lat' dir='ltr'><strong>sacra</strong></span> <span class='ocrx_word' id='word_1_9' title='bbox 1243 574 1546 644; x_wconf 89' lang='lat' dir='ltr'><strong>celebrare,</strong></span> <span class='ocrx_word' id='word_1_10' title='bbox 1595 576 1760 631; x_wconf 87' lang='lat' dir='ltr'><strong>etiam</strong></span> <span class='ocrx_word' id='word_1_11' title='bbox 1822 576 1944 631; x_wconf 86' lang='lat' dir='ltr'><strong>sine</strong></span> 
     </span>
    </p>
   </div>
   <div class='ocr_carea' id='block_1_5' title="bbox 2056 562 3629 646">
    <p class='ocr_par' dir='ltr' id='par_1_5' title="bbox 2056 562 3629 646">
     <span class='ocr_line' id='line_1_5' title="bbox 2056 562 3629 646; baseline -0.01 -18"><span class='ocrx_word' id='word_1_12' title='bbox 2056 574 2329 646; x_wconf 66' lang='grc' dir='ltr'>ξλλότριον</span> <span class='ocrx_word' id='word_1_13' title='bbox 2354 574 2618 645; x_wconf 82' lang='grc' dir='ltr'>κληρικὸν</span> <span class='ocrx_word' id='word_1_14' title='bbox 2650 570 2990 640; x_wconf 81' lang='grc' dir='ltr'><strong>λειτουργεῖν</strong></span> <span class='ocrx_word' id='word_1_15' title='bbox 3047 566 3106 620; x_wconf 85' lang='grc' dir='ltr'><strong>ἐν</strong></span> <span class='ocrx_word' id='word_1_16' title='bbox 3160 565 3226 635; x_wconf 74' lang='grc' dir='ltr'>τῇ</span> <span class='ocrx_word' id='word_1_17' title='bbox 3261 562 3629 637; x_wconf 69' lang='grc' dir='ltr'><strong>βασιλευούσῃ</strong></span> 
     </span>
    </p>
   </div>
   <div class='ocr_carea' id='block_1_6' title="bbox 366 668 1946 740">
    <p class='ocr_par' dir='ltr' id='par_1_6' title="bbox 366 668 1946 740">
     <span class='ocr_line' id='line_1_6' title="bbox 366 668 1946 740; baseline 0.003 -20"><span class='ocrx_word' id='word_1_18' title='bbox 366 668 699 724; x_wconf 81' lang='lat' dir='ltr'><strong>dimissoriis</strong></span> <span class='ocrx_word' id='word_1_19' title='bbox 726 668 919 725; x_wconf 90' lang='lat' dir='ltr'><strong>litteris</strong></span> <span class='ocrx_word' id='word_1_20' title='bbox 944 669 1066 739; x_wconf 87' lang='lat' dir='ltr'><strong>ejus</strong></span> <span class='ocrx_word' id='word_1_21' title='bbox 1095 668 1187 740; x_wconf 88' lang='lat' dir='ltr'><strong>qui</strong></span> <span class='ocrx_word' id='word_1_22' title='bbox 1218 669 1367 724; x_wconf 91' lang='lat' dir='ltr'><strong>illum</strong></span> <span class='ocrx_word' id='word_1_23' title='bbox 1401 669 1697 726; x_wconf 92' lang='lat' dir='ltr'><strong>ordinavit.</strong></span> <span class='ocrx_word' id='word_1_24' title='bbox 1777 669 1946 739; x_wconf 85' lang='lat' dir='ltr'><strong>Majo-</strong></span> 
     </span>
    </p>
   </div>
   <div class='ocr_carea' id='block_1_7' title="bbox 368 763 1942 834">
    <p class='ocr_par' dir='ltr' id='par_1_7' title="bbox 368 763 1942 834">
     <span class='ocr_line' id='line_1_7' title="bbox 368 763 1942 834; baseline 0 -18"><span class='ocrx_word' id='word_1_25' title='bbox 368 780 456 818; x_wconf 85' lang='lat' dir='ltr'><strong>res</strong></span> <span class='ocrx_word' id='word_1_26' title='bbox 504 778 634 817; x_wconf 87' lang='lat' dir='ltr'><strong>vero</strong></span> <span class='ocrx_word' id='word_1_27' title='bbox 687 763 967 827; x_wconf 92' lang='lat' dir='ltr'><strong>dicuntur,</strong></span> <span class='ocrx_word' id='word_1_28' title='bbox 1017 764 1109 833; x_wconf 87' lang='lat' dir='ltr'><strong>qui</strong></span> <span class='ocrx_word' id='word_1_29' title='bbox 1160 764 1458 834; x_wconf 86' lang='lat' dir='ltr'><strong>agrestium</strong></span> <span class='ocrx_word' id='word_1_30' title='bbox 1486 763 1942 819; x_wconf 82' lang='lat' dir='ltr'><strong>.suburbanorum</strong></span> 
     </span>
    </p>
   </div>
   <div class='ocr_carea' id='block_1_8' title="bbox 368 854 1947 925">
    <p class='ocr_par' dir='ltr' id='par_1_8' title="bbox 368 854 1947 925">
     <span class='ocr_line' id='line_1_8' title="bbox 368 854 1947 925; baseline 0.004 -19"><span class='ocrx_word' id='word_1_31' title='bbox 368 865 649 909; x_wconf 80' lang='lat' dir='ltr'><strong>curatores</strong></span> <span class='ocrx_word' id='word_1_32' title='bbox 681 856 855 916; x_wconf 85' lang='lat' dir='ltr'><strong>fiunt;</strong></span> <span class='ocrx_word' id='word_1_33' title='bbox 912 854 1053 910; x_wconf 89' lang='lat' dir='ltr'><strong>sicut</strong></span> <span class='ocrx_word' id='word_1_34' title='bbox 1087 855 1193 910; x_wconf 80' lang='lat' dir='ltr'><strong>hoc</strong></span> <span class='ocrx_word' id='word_1_35' title='bbox 1235 855 1304 910; x_wconf 90' lang='lat' dir='ltr'><strong>ab</strong></span> <span class='ocrx_word' id='word_1_36' title='bbox 1354 871 1475 910; x_wconf 91' lang='lat' dir='ltr'><strong>can.</strong></span> <span class='ocrx_word' id='word_1_37' title='bbox 1526 857 1583 910; x_wconf 80' lang='lat' dir='ltr'><strong>ll</strong></span> <span class='ocrx_word' id='word_1_38' title='bbox 1646 860 1837 925; x_wconf 74' lang='lat' dir='ltr'><strong>primae</strong></span> <span class='ocrx_word' id='word_1_39' title='bbox 1893 864 1947 912; x_wconf 91' lang='lat' dir='ltr'><strong>et</strong></span> 
     </span>
    </p>
   </div>
   <div class='ocr_carea' id='block_1_9' title="bbox 368 945 1942 1014">
    <p class='ocr_par' dir='ltr' id='par_1_9' title="bbox 368 945 1942 1014">
     <span class='ocr_line' id='line_1_9' title="bbox 368 945 1942 1014; baseline 0.003 -17"><span class='ocrx_word' id='word_1_40' title='bbox 368 945 618 999; x_wconf 76' lang='lat' dir='ltr'><strong>secundae</strong></span> <span class='ocrx_word' id='word_1_41' title='bbox 668 961 789 1014; x_wconf 86' lang='lat' dir='ltr'><strong>syn.</strong></span> <span class='ocrx_word' id='word_1_42' title='bbox 844 961 965 1014; x_wconf 47' lang='lat' dir='ltr'><strong>quae</strong></span> <span class='ocrx_word' id='word_1_43' title='bbox 998 956 1187 1000; x_wconf 89' lang='lat' dir='ltr'><strong>coacta</strong></span> <span class='ocrx_word' id='word_1_44' title='bbox 1242 946 1343 999; x_wconf 92' lang='lat' dir='ltr'><strong>fuit</strong></span> <span class='ocrx_word' id='word_1_45' title='bbox 1376 949 1429 1000; x_wconf 90' lang='lat' dir='ltr'><strong>in</strong></span> <span class='ocrx_word' id='word_1_46' title='bbox 1467 948 1581 1003; x_wconf 61' lang='lat' dir='ltr'><strong>aede</strong></span> <span class='ocrx_word' id='word_1_47' title='bbox 1615 949 1942 1003; x_wconf 87' lang='lat' dir='ltr'><strong>Sanctorum</strong></span> 
     </span>
    </p>
   </div>
   <div class='ocr_carea' id='block_1_10' title="bbox 368 1037 1943 1109">
    <p class='ocr_par' dir='ltr' id='par_1_10' title="bbox 368 1037 1943 1109">
     <span class='ocr_line' id='line_1_10' title="bbox 368 1037 1943 1109; baseline 0.003 -19"><span class='ocrx_word' id='word_1_48' title='bbox 368 1037 774 1106; x_wconf 73' lang='lat' dir='ltr'><strong>Apostolorum,</strong></span> <span class='ocrx_word' id='word_1_49' title='bbox 823 1039 1151 1093; x_wconf 88' lang='lat' dir='ltr'><strong>ostenditur.</strong></span> <span class='ocrx_word' id='word_1_50' title='bbox 1243 1037 1357 1094; x_wconf 87' lang='lat' dir='ltr'><strong>Hoc</strong></span> <span class='ocrx_word' id='word_1_51' title='bbox 1401 1055 1533 1109; x_wconf 84' lang='lat' dir='ltr'><strong>ergo</strong></span> <span class='ocrx_word' id='word_1_52' title='bbox 1584 1041 1652 1096; x_wconf 89' lang='lat' dir='ltr'><strong>ab</strong></span> <span class='ocrx_word' id='word_1_53' title='bbox 1698 1041 1798 1103; x_wconf 90' lang='lat' dir='ltr'><strong>iis,</strong></span> <span class='ocrx_word' id='word_1_54' title='bbox 1852 1040 1943 1108; x_wconf 85' lang='lat' dir='ltr'><strong>qui</strong></span> 
     </span>
    </p>
   </div>
   <div class='ocr_carea' id='block_1_11' title="bbox 274 1130 1943 1200">
    <p class='ocr_par' dir='ltr' id='par_1_11' title="bbox 274 1130 1943 1200">
     <span class='ocr_line' id='line_1_11' title="bbox 274 1130 1943 1200; baseline 0.004 -19"><span class='ocrx_word' id='word_1_55' title='bbox 274 1138 279 1155; x_wconf 86' lang='lat'><strong>&#39;</strong></span> <span class='ocrx_word' id='word_1_56' title='bbox 368 1131 539 1185; x_wconf 84' lang='lat' dir='ltr'><strong>sacris</strong></span> <span class='ocrx_word' id='word_1_57' title='bbox 579 1130 868 1185; x_wconf 87' lang='lat' dir='ltr'><strong>ordinibus</strong></span> <span class='ocrx_word' id='word_1_58' title='bbox 906 1131 1104 1186; x_wconf 83' lang='lat' dir='ltr'><strong>initiati</strong></span> <span class='ocrx_word' id='word_1_59' title='bbox 1154 1139 1305 1197; x_wconf 90' lang='lat' dir='ltr'><strong>sunt,</strong></span> <span class='ocrx_word' id='word_1_60' title='bbox 1357 1133 1546 1189; x_wconf 84' lang='lat' dir='ltr'><strong>Patres</strong></span> <span class='ocrx_word' id='word_1_61' title='bbox 1579 1144 1943 1200; x_wconf 77' lang='lat' dir='ltr'><strong>removentes,</strong></span> 
     </span>
    </p>
   </div>
   <div class='ocr_carea' id='block_1_12' title="bbox 365 1214 1944 1297">
    <p class='ocr_par' dir='ltr' id='par_1_12' title="bbox 365 1214 1944 1297">
     <span class='ocr_line' id='line_1_12' title="bbox 365 1214 1944 1297; baseline 0 -22"><span class='ocrx_word' id='word_1_62' title='bbox 365 1223 446 1277; x_wconf 85' lang='lat' dir='ltr'><strong>eis</strong></span> <span class='ocrx_word' id='word_1_63' title='bbox 496 1222 707 1276; x_wconf 91' lang='lat' dir='ltr'><strong>litteras</strong></span> <span class='ocrx_word' id='word_1_64' title='bbox 745 1222 943 1297; x_wconf 81' lang='lat' dir='ltr'><strong>docere</strong></span> <span class='ocrx_word' id='word_1_65' title='bbox 981 1222 1291 1287; x_wconf 90' lang='lat' dir='ltr'><strong>consulunt,</strong></span> <span class='ocrx_word' id='word_1_66' title='bbox 1325 1230 1378 1277; x_wconf 90' lang='lat' dir='ltr'><strong>et</strong></span> <span class='ocrx_word' id='word_1_67' title='bbox 1404 1237 1469 1277; x_wconf 80' lang='lat' dir='ltr'><strong>ex</strong></span> <span class='ocrx_word' id='word_1_68' title='bbox 1506 1237 1570 1277; x_wconf 94' lang='lat' dir='ltr'><strong>eo</strong></span> <span class='ocrx_word' id='word_1_69' title='bbox 1598 1221 1699 1278; x_wconf 88' lang='lat' dir='ltr'><strong>sibi</strong></span> <span class='ocrx_word' id='word_1_70' title='bbox 1742 1214 1944 1276; x_wconf 86' lang='lat' dir='ltr'><strong>victum</strong></span> 
     </span>
    </p>
   </div>
   <div class='ocr_carea' id='block_1_13' title="bbox 368 1315 1945 1386">
    <p class='ocr_par' dir='ltr' id='par_1_13' title="bbox 368 1315 1945 1386">
     <span class='ocr_line' id='line_1_13' title="bbox 368 1315 1945 1386; baseline 0 -18"><span class='ocrx_word' id='word_1_71' title='bbox 368 1330 599 1385; x_wconf 86' lang='lat' dir='ltr'><strong>parare;</strong></span> <span class='ocrx_word' id='word_1_72' title='bbox 653 1316 910 1385; x_wconf 88' lang='lat' dir='ltr'><strong>quoniam</strong></span> <span class='ocrx_word' id='word_1_73' title='bbox 944 1316 1011 1369; x_wconf 90' lang='lat' dir='ltr'><strong>ad</strong></span> <span class='ocrx_word' id='word_1_74' title='bbox 1059 1316 1162 1370; x_wconf 89' lang='lat' dir='ltr'><strong>hoc</strong></span> <span class='ocrx_word' id='word_1_75' title='bbox 1191 1331 1410 1386; x_wconf 89' lang='lat' dir='ltr'><strong>quoque</strong></span> <span class='ocrx_word' id='word_1_76' title='bbox 1437 1316 1626 1370; x_wconf 88' lang='lat' dir='ltr'><strong>selecti</strong></span> <span class='ocrx_word' id='word_1_77' title='bbox 1674 1325 1729 1370; x_wconf 92' lang='lat' dir='ltr'><strong>et</strong></span> <span class='ocrx_word' id='word_1_78' title='bbox 1768 1315 1945 1386; x_wconf 84' lang='lat' dir='ltr'><strong>depu-</strong></span> 
     </span>
    </p>
   </div>
   <div class='ocr_carea' id='block_1_14' title="bbox 369 1407 1945 1478">
    <p class='ocr_par' dir='ltr' id='par_1_14' title="bbox 369 1407 1945 1478">
     <span class='ocr_line' id='line_1_14' title="bbox 369 1407 1945 1478; baseline 0.002 -17"><span class='ocrx_word' id='word_1_79' title='bbox 369 1410 463 1463; x_wconf 89' lang='lat' dir='ltr'><strong>tati</strong></span> <span class='ocrx_word' id='word_1_80' title='bbox 497 1418 647 1462; x_wconf 88' lang='lat' dir='ltr'><strong>sunt.</strong></span> <span class='ocrx_word' id='word_1_81' title='bbox 701 1407 922 1463; x_wconf 86' lang='lat' dir='ltr'><strong>Alienos</strong></span> <span class='ocrx_word' id='word_1_82' title='bbox 946 1417 1125 1463; x_wconf 81' lang='lat' dir='ltr'><strong>autem</strong></span> <span class='ocrx_word' id='word_1_83' title='bbox 1155 1409 1384 1464; x_wconf 86' lang='lat' dir='ltr'><strong>clericos</strong></span> <span class='ocrx_word' id='word_1_84' title='bbox 1414 1408 1560 1463; x_wconf 88' lang='lat' dir='ltr'><strong>inter</strong></span> <span class='ocrx_word' id='word_1_85' title='bbox 1591 1407 1945 1478; x_wconf 81' lang='lat' dir='ltr'><strong>magistratus</strong></span> 
     </span>
    </p>
   </div>
   <div class='ocr_carea' id='block_1_15' title="bbox 368 1499 1948 1563">
    <p class='ocr_par' dir='ltr' id='par_1_15' title="bbox 368 1499 1948 1563">
     <span class='ocr_line' id='line_1_15' title="bbox 368 1499 1948 1563; baseline 0 -10"><span class='ocrx_word' id='word_1_86' title='bbox 368 1516 462 1555; x_wconf 85' lang='lat' dir='ltr'><strong>seu</strong></span> <span class='ocrx_word' id='word_1_87' title='bbox 500 1500 675 1554; x_wconf 86' lang='lat' dir='ltr'><strong>ollicia</strong></span> <span class='ocrx_word' id='word_1_88' title='bbox 724 1499 986 1563; x_wconf 87' lang='lat' dir='ltr'><strong>assidere,</strong></span> <span class='ocrx_word' id='word_1_89' title='bbox 1043 1506 1099 1555; x_wconf 87' lang='lat' dir='ltr'><strong>et</strong></span> <span class='ocrx_word' id='word_1_90' title='bbox 1148 1499 1201 1553; x_wconf 93' lang='lat' dir='ltr'><strong>in</strong></span> <span class='ocrx_word' id='word_1_91' title='bbox 1243 1515 1433 1554; x_wconf 90' lang='lat' dir='ltr'><strong>eorum</strong></span> <span class='ocrx_word' id='word_1_92' title='bbox 1485 1500 1742 1554; x_wconf 90' lang='lat' dir='ltr'><strong>oratoriis</strong></span> <span class='ocrx_word' id='word_1_93' title='bbox 1787 1501 1948 1554; x_wconf 86' lang='lat' dir='ltr'><strong>mini-</strong></span> 
     </span>
    </p>
   </div>
   <div class='ocr_carea' id='block_1_16' title="bbox 369 1591 1951 1655">
    <p class='ocr_par' dir='ltr' id='par_1_16' title="bbox 369 1591 1951 1655">
     <span class='ocr_line' id='line_1_16' title="bbox 369 1591 1951 1655; baseline 0 -8"><span class='ocrx_word' id='word_1_94' title='bbox 369 1601 565 1655; x_wconf 87' lang='lat' dir='ltr'><strong>strare,</strong></span> <span class='ocrx_word' id='word_1_95' title='bbox 591 1599 673 1647; x_wconf 88' lang='lat' dir='ltr'><strong>est</strong></span> <span class='ocrx_word' id='word_1_96' title='bbox 725 1593 889 1649; x_wconf 86' lang='lat' dir='ltr'><strong>facti:</strong></span> <span class='ocrx_word' id='word_1_97' title='bbox 943 1607 1073 1646; x_wconf 85' lang='lat' dir='ltr'><strong>nam</strong></span> <span class='ocrx_word' id='word_1_98' title='bbox 1120 1602 1172 1647; x_wconf 92' lang='lat' dir='ltr'><strong>et</strong></span> <span class='ocrx_word' id='word_1_99' title='bbox 1206 1592 1251 1647; x_wconf 89' lang='lat' dir='ltr'><strong>si</strong></span> <span class='ocrx_word' id='word_1_100' title='bbox 1305 1592 1358 1646; x_wconf 93' lang='lat' dir='ltr'><strong>in</strong></span> <span class='ocrx_word' id='word_1_101' title='bbox 1413 1591 1768 1648; x_wconf 87' lang='lat' dir='ltr'><strong>inferioribus</strong></span> <span class='ocrx_word' id='word_1_102' title='bbox 1824 1608 1951 1647; x_wconf 89' lang='lat' dir='ltr'><strong>ora-</strong></span> 
     </span>
    </p>
   </div>
   <div class='ocr_carea' id='block_1_17' title="bbox 368 1686 1949 1757">
    <p class='ocr_par' dir='ltr' id='par_1_17' title="bbox 368 1686 1949 1757">
     <span class='ocr_line' id='line_1_17' title="bbox 368 1686 1949 1757; baseline 0.001 -19"><span class='ocrx_word' id='word_1_103' title='bbox 368 1687 555 1749; x_wconf 88' lang='lat' dir='ltr'><strong>toriis,</strong></span> <span class='ocrx_word' id='word_1_104' title='bbox 636 1696 833 1756; x_wconf 61' lang='lat' dir='ltr'><strong>praeter</strong></span> <span class='ocrx_word' id='word_1_105' title='bbox 902 1701 1125 1741; x_wconf 90' lang='lat' dir='ltr'><strong>suorum</strong></span> <span class='ocrx_word' id='word_1_106' title='bbox 1205 1686 1590 1757; x_wconf 84' lang='lat' dir='ltr'><strong>episcoporum</strong></span> <span class='ocrx_word' id='word_1_107' title='bbox 1655 1687 1737 1742; x_wconf 87' lang='lat' dir='ltr'><strong>vel</strong></span> <span class='ocrx_word' id='word_1_108' title='bbox 1805 1688 1949 1741; x_wconf 91' lang='lat' dir='ltr'><strong>Con-</strong></span> 
     </span>
    </p>
   </div>
   <div class='ocr_carea' id='block_1_18' title="bbox 368 1778 1950 1848">
    <p class='ocr_par' dir='ltr' id='par_1_18' title="bbox 368 1778 1950 1848">
     <span class='ocr_line' id='line_1_18' title="bbox 368 1778 1950 1848; baseline 0 -14"><span class='ocrx_word' id='word_1_109' title='bbox 368 1778 842 1848; x_wconf 88' lang='lat' dir='ltr'><strong>stantinopolitani</strong></span> <span class='ocrx_word' id='word_1_110' title='bbox 890 1787 1124 1834; x_wconf 88' lang='lat' dir='ltr'><strong>mentem</strong></span> <span class='ocrx_word' id='word_1_111' title='bbox 1190 1778 1626 1835; x_wconf 82' lang='lat' dir='ltr'><strong>celebraverint.</strong></span> <span class='ocrx_word' id='word_1_112' title='bbox 1692 1779 1950 1836; x_wconf 90' lang='lat' dir='ltr'><strong>similiter</strong></span> 
     </span>
    </p>
   </div>
   <div class='ocr_carea' id='block_1_19' title="bbox 372 1874 685 1943">
    <p class='ocr_par' dir='ltr' id='par_1_19' title="bbox 372 1874 685 1943">
     <span class='ocr_line' id='line_1_19' title="bbox 372 1874 685 1943; baseline 0 -17"><span class='ocrx_word' id='word_1_113' title='bbox 372 1874 685 1943; x_wconf 88' lang='lat' dir='ltr'><strong>punientur.</strong></span> 
     </span>
    </p>
   </div>
   <div class='ocr_carea' id='block_1_20' title="bbox 440 1961 1948 2035">
    <p class='ocr_par' dir='ltr' id='par_1_20' title="bbox 440 1961 1948 2035">
     <span class='ocr_line' id='line_1_20' title="bbox 440 1961 1948 2035; baseline 0.001 -19"><span class='ocrx_word' id='word_1_114' title='bbox 440 1961 693 2017; x_wconf 80' lang='lat' dir='ltr'><strong>ZONAR.</strong></span> <span class='ocrx_word' id='word_1_115' title='bbox 719 1962 871 2017; x_wconf 84' lang='lat' dir='ltr'><strong>Multi</strong></span> <span class='ocrx_word' id='word_1_116' title='bbox 892 1964 994 2017; x_wconf 84' lang='lat' dir='ltr'><strong>hac</strong></span> <span class='ocrx_word' id='word_1_117' title='bbox 1012 1963 1080 2017; x_wconf 84' lang='lat' dir='ltr'><strong>de</strong></span> <span class='ocrx_word' id='word_1_118' title='bbox 1099 1978 1156 2019; x_wconf 89' lang='lat' dir='ltr'><strong>re</strong></span> <span class='ocrx_word' id='word_1_119' title='bbox 1175 1963 1461 2035; x_wconf 87' lang='lat' dir='ltr'><strong>apostolici</strong></span> <span class='ocrx_word' id='word_1_120' title='bbox 1479 1964 1948 2034; x_wconf 84' lang='lat' dir='ltr'><strong>synodiciqueca-</strong></span> 
     </span>
    </p>
   </div>
   <div class='ocr_carea' id='block_1_21' title="bbox 370 2057 1947 2121">
    <p class='ocr_par' dir='ltr' id='par_1_21' title="bbox 370 2057 1947 2121">
     <span class='ocr_line' id='line_1_21' title="bbox 370 2057 1947 2121; baseline 0.001 -9"><span class='ocrx_word' id='word_1_121' title='bbox 370 2073 545 2112; x_wconf 90' lang='lat' dir='ltr'><strong>nones</strong></span> <span class='ocrx_word' id='word_1_122' title='bbox 578 2057 706 2111; x_wconf 87' lang='lat' dir='ltr'><strong>editi</strong></span> <span class='ocrx_word' id='word_1_123' title='bbox 733 2064 895 2121; x_wconf 90' lang='lat' dir='ltr'><strong>sunt;</strong></span> <span class='ocrx_word' id='word_1_124' title='bbox 927 2057 1018 2111; x_wconf 91' lang='lat' dir='ltr'><strong>sed</strong></span> <span class='ocrx_word' id='word_1_125' title='bbox 1060 2058 1202 2110; x_wconf 88' lang='lat' dir='ltr'><strong>malo</strong></span> <span class='ocrx_word' id='word_1_126' title='bbox 1236 2057 1363 2112; x_wconf 88' lang='lat' dir='ltr'><strong>huic</strong></span> <span class='ocrx_word' id='word_1_127' title='bbox 1396 2058 1774 2112; x_wconf 85' lang='lat' dir='ltr'><strong>exscindendo</strong></span> <span class='ocrx_word' id='word_1_128' title='bbox 1800 2059 1947 2113; x_wconf 84' lang='lat' dir='ltr'><strong>haud</strong></span> 
     </span>
    </p>
   </div>
   <div class='ocr_carea' id='block_1_22' title="bbox 371 2148 1953 2229">
    <p class='ocr_par' dir='ltr' id='par_1_22' title="bbox 371 2148 1953 2229">
     <span class='ocr_line' id='line_1_22' title="bbox 371 2148 1953 2229; baseline 0.003 -27"><span class='ocrx_word' id='word_1_129' title='bbox 371 2148 742 2204; x_wconf 77' lang='lat' dir='ltr'><strong>sufﬁciebant.</strong></span> <span class='ocrx_word' id='word_1_130' title='bbox 796 2149 1031 2204; x_wconf 83' lang='lat' dir='ltr'><strong>Proinde</strong></span> <span class='ocrx_word' id='word_1_131' title='bbox 1073 2148 1219 2202; x_wconf 84' lang='lat' dir='ltr'><strong>hunc</strong></span> <span class='ocrx_word' id='word_1_132' title='bbox 1253 2150 1683 2229; x_wconf 71' lang='lat' dir='ltr'><strong>canonem.hmc</strong></span> <span class='ocrx_word' id='word_1_133' title='bbox 1732 2169 1953 2222; x_wconf 86' lang='lat' dir='ltr'><strong>quoque</strong></span> 
     </span>
    </p>
   </div>
   <div class='ocr_carea' id='block_1_23' title="bbox 373 2240 1951 2317">
    <p class='ocr_par' dir='ltr' id='par_1_23' title="bbox 373 2240 1951 2317">
     <span class='ocr_line' id='line_1_23' title="bbox 373 2240 1951 2317; baseline 0.004 -22"><span class='ocrx_word' id='word_1_134' title='bbox 373 2240 616 2312; x_wconf 87' lang='lat' dir='ltr'><strong>synodus</strong></span> <span class='ocrx_word' id='word_1_135' title='bbox 669 2241 1056 2311; x_wconf 81' lang='lat' dir='ltr'><strong>promulgavit,</strong></span> <span class='ocrx_word' id='word_1_136' title='bbox 1118 2242 1255 2296; x_wconf 89' lang='lat' dir='ltr'><strong>duas</strong></span> <span class='ocrx_word' id='word_1_137' title='bbox 1311 2258 1400 2298; x_wconf 89' lang='lat' dir='ltr'><strong>res</strong></span> <span class='ocrx_word' id='word_1_138' title='bbox 1469 2243 1655 2310; x_wconf 89' lang='lat' dir='ltr'><strong>simul,</strong></span> <span class='ocrx_word' id='word_1_139' title='bbox 1719 2263 1951 2317; x_wconf 92' lang='lat' dir='ltr'><strong>quarum</strong></span> 
     </span>
    </p>
   </div>
   <div class='ocr_carea' id='block_1_24' title="bbox 375 2334 1954 2409">
    <p class='ocr_par' dir='ltr' id='par_1_24' title="bbox 375 2334 1954 2409">
     <span class='ocr_line' id='line_1_24' title="bbox 375 2334 1954 2409; baseline 0.004 -21"><span class='ocrx_word' id='word_1_140' title='bbox 375 2346 606 2403; x_wconf 88' lang='lat' dir='ltr'><strong>utraque</strong></span> <span class='ocrx_word' id='word_1_141' title='bbox 660 2334 840 2405; x_wconf 90' lang='lat' dir='ltr'><strong>legum</strong></span> <span class='ocrx_word' id='word_1_142' title='bbox 888 2336 1380 2394; x_wconf 89' lang='lat' dir='ltr'><strong>constitutionibus</strong></span> <span class='ocrx_word' id='word_1_143' title='bbox 1437 2349 1786 2409; x_wconf 81' lang='lat' dir='ltr'><strong>repugnaret,</strong></span> <span class='ocrx_word' id='word_1_144' title='bbox 1843 2356 1954 2395; x_wconf 88' lang='lat' dir='ltr'><strong>una</strong></span> 
     </span>
    </p>
   </div>
   <div class='ocr_carea' id='block_1_25' title="bbox 371 2428 1952 2498">
    <p class='ocr_par' dir='ltr' id='par_1_25' title="bbox 371 2428 1952 2498">
     <span class='ocr_line' id='line_1_25' title="bbox 371 2428 1952 2498; baseline 0.004 -17"><span class='ocrx_word' id='word_1_145' title='bbox 371 2428 673 2496; x_wconf 81' lang='lat' dir='ltr'><strong>eademque</strong></span> <span class='ocrx_word' id='word_1_146' title='bbox 703 2441 868 2496; x_wconf 88' lang='lat' dir='ltr'><strong>opera</strong></span> <span class='ocrx_word' id='word_1_147' title='bbox 900 2428 1307 2498; x_wconf 87' lang='lat' dir='ltr'><strong>prohibentem.</strong></span> <span class='ocrx_word' id='word_1_148' title='bbox 1357 2430 1597 2486; x_wconf 85' lang='lat' dir='ltr'><strong>Alteram</strong></span> <span class='ocrx_word' id='word_1_149' title='bbox 1649 2449 1717 2487; x_wconf 90' lang='lat' dir='ltr'><strong>ne</strong></span> <span class='ocrx_word' id='word_1_150' title='bbox 1747 2450 1812 2487; x_wconf 84' lang='lat' dir='ltr'><strong>ex</strong></span> <span class='ocrx_word' id='word_1_151' title='bbox 1846 2449 1952 2487; x_wconf 90' lang='lat' dir='ltr'><strong>una</strong></span> 
     </span>
    </p>
   </div>
   <div class='ocr_carea' id='block_1_26' title="bbox 375 2517 1951 2594">
    <p class='ocr_par' dir='ltr' id='par_1_26' title="bbox 375 2517 1951 2594">
     <span class='ocr_line' id='line_1_26' title="bbox 375 2517 1951 2594; baseline 0.003 -22"><span class='ocrx_word' id='word_1_152' title='bbox 375 2518 512 2573; x_wconf 89' lang='lat' dir='ltr'><strong>urbe</strong></span> <span class='ocrx_word' id='word_1_153' title='bbox 556 2517 609 2571; x_wconf 90' lang='lat' dir='ltr'><strong>in</strong></span> <span class='ocrx_word' id='word_1_154' title='bbox 638 2518 823 2584; x_wconf 88' lang='lat' dir='ltr'><strong>aliam,</strong></span> <span class='ocrx_word' id='word_1_155' title='bbox 852 2534 922 2573; x_wconf 88' lang='lat' dir='ltr'><strong>ne</strong></span> <span class='ocrx_word' id='word_1_156' title='bbox 943 2519 996 2573; x_wconf 93' lang='lat' dir='ltr'><strong>in</strong></span> <span class='ocrx_word' id='word_1_157' title='bbox 1024 2520 1166 2574; x_wconf 84' lang='lat' dir='ltr'><strong>lianc</strong></span> <span class='ocrx_word' id='word_1_158' title='bbox 1189 2521 1409 2590; x_wconf 89' lang='lat' dir='ltr'><strong>quidem</strong></span> <span class='ocrx_word' id='word_1_159' title='bbox 1439 2523 1654 2578; x_wconf 90' lang='lat' dir='ltr'><strong>urbium</strong></span> <span class='ocrx_word' id='word_1_160' title='bbox 1687 2526 1951 2594; x_wconf 87' lang='lat' dir='ltr'><strong>reginam,</strong></span> 
     </span>
    </p>
   </div>
   <div class='ocr_carea' id='block_1_27' title="bbox 372 2608 1955 2683">
    <p class='ocr_par' dir='ltr' id='par_1_27' title="bbox 372 2608 1955 2683">
     <span class='ocr_line' id='line_1_27' title="bbox 372 2608 1955 2683; baseline 0.005 -21"><span class='ocrx_word' id='word_1_161' title='bbox 372 2608 559 2664; x_wconf 86' lang='lat' dir='ltr'><strong>clerici</strong></span> <span class='ocrx_word' id='word_1_162' title='bbox 607 2608 769 2662; x_wconf 86' lang='lat' dir='ltr'><strong>alieni</strong></span> <span class='ocrx_word' id='word_1_163' title='bbox 805 2609 1159 2672; x_wconf 85' lang='lat' dir='ltr'><strong>discurrant.</strong></span> <span class='ocrx_word' id='word_1_164' title='bbox 1198 2628 1376 2681; x_wconf 89' lang='lat' dir='ltr'><strong>neque</strong></span> <span class='ocrx_word' id='word_1_165' title='bbox 1418 2628 1477 2667; x_wconf 83' lang='lat' dir='ltr'><strong>se</strong></span> <span class='ocrx_word' id='word_1_166' title='bbox 1530 2615 1955 2683; x_wconf 84' lang='lat' dir='ltr'><strong>magistratibus</strong></span> 
     </span>
    </p>
   </div>
   <div class='ocr_carea' id='block_1_28' title="bbox 374 2700 1950 2774">
    <p class='ocr_par' dir='ltr' id='par_1_28' title="bbox 374 2700 1950 2774">
     <span class='ocr_line' id='line_1_28' title="bbox 374 2700 1950 2774; baseline 0.003 -22"><span class='ocrx_word' id='word_1_167' title='bbox 374 2700 698 2769; x_wconf 83' lang='lat' dir='ltr'><strong>adjungant,</strong></span> <span class='ocrx_word' id='word_1_168' title='bbox 732 2715 798 2755; x_wconf 89' lang='lat' dir='ltr'><strong>ac</strong></span> <span class='ocrx_word' id='word_1_169' title='bbox 838 2701 892 2753; x_wconf 93' lang='lat' dir='ltr'><strong>in</strong></span> <span class='ocrx_word' id='word_1_170' title='bbox 925 2716 1115 2755; x_wconf 88' lang='lat' dir='ltr'><strong>eorum</strong></span> <span class='ocrx_word' id='word_1_171' title='bbox 1153 2704 1440 2770; x_wconf 90' lang='lat' dir='ltr'><strong>oratoriis,</strong></span> <span class='ocrx_word' id='word_1_172' title='bbox 1481 2704 1583 2759; x_wconf 87' lang='lat' dir='ltr'><strong>nisi</strong></span> <span class='ocrx_word' id='word_1_173' title='bbox 1627 2706 1950 2774; x_wconf 85' lang='lat' dir='ltr'><strong>impetrata,</strong></span> 
     </span>
    </p>
   </div>
   <div class='ocr_carea' id='block_1_29' title="bbox 378 2794 1956 2864">
    <p class='ocr_par' dir='ltr' id='par_1_29' title="bbox 378 2794 1956 2864">
     <span class='ocr_line' id='line_1_29' title="bbox 378 2794 1956 2864; baseline 0.001 -14"><span class='ocrx_word' id='word_1_174' title='bbox 378 2805 491 2850; x_wconf 87' lang='lat' dir='ltr'><strong>tum</strong></span> <span class='ocrx_word' id='word_1_175' title='bbox 518 2795 783 2864; x_wconf 86' lang='lat' dir='ltr'><strong>episcopi,</strong></span> <span class='ocrx_word' id='word_1_176' title='bbox 814 2810 845 2848; x_wconf 92' lang='lat' dir='ltr'><strong>a</strong></span> <span class='ocrx_word' id='word_1_177' title='bbox 872 2810 980 2863; x_wconf 85' lang='lat' dir='ltr'><strong>quo</strong></span> <span class='ocrx_word' id='word_1_178' title='bbox 1028 2794 1426 2861; x_wconf 88' lang='lat' dir='ltr'><strong>discesserunt,</strong></span> <span class='ocrx_word' id='word_1_179' title='bbox 1467 2812 1590 2850; x_wconf 90' lang='lat' dir='ltr'><strong>cum</strong></span> <span class='ocrx_word' id='word_1_180' title='bbox 1639 2797 1956 2852; x_wconf 75' lang='lat' dir='ltr'><strong>Consumti-</strong></span> 
     </span>
    </p>
   </div>
   <div class='ocr_carea' id='block_1_30' title="bbox 375 2888 1952 2958">
    <p class='ocr_par' dir='ltr' id='par_1_30' title="bbox 375 2888 1952 2958">
     <span class='ocr_line' id='line_1_30' title="bbox 375 2888 1952 2958; baseline 0 -15"><span class='ocrx_word' id='word_1_181' title='bbox 375 2888 699 2958; x_wconf 87' lang='lat' dir='ltr'><strong>nopolitani,</strong></span> <span class='ocrx_word' id='word_1_182' title='bbox 733 2888 892 2956; x_wconf 86' lang='lat' dir='ltr'><strong>cujus</strong></span> <span class='ocrx_word' id='word_1_183' title='bbox 936 2890 987 2941; x_wconf 90' lang='lat' dir='ltr'><strong>in</strong></span> <span class='ocrx_word' id='word_1_184' title='bbox 1021 2888 1283 2942; x_wconf 87' lang='lat' dir='ltr'><strong>ditionem</strong></span> <span class='ocrx_word' id='word_1_185' title='bbox 1334 2899 1627 2952; x_wconf 89' lang='lat' dir='ltr'><strong>venerunt,</strong></span> <span class='ocrx_word' id='word_1_186' title='bbox 1677 2891 1952 2957; x_wconf 86' lang='lat' dir='ltr'><strong>facultate,</strong></span> 
     </span>
    </p>
   </div>
   <div class='ocr_carea' id='block_1_31' title="bbox 376 2980 1956 3049">
    <p class='ocr_par' dir='ltr' id='par_1_31' title="bbox 376 2980 1956 3049">
     <span class='ocr_line' id='line_1_31' title="bbox 376 2980 1956 3049; baseline -0.001 -14"><span class='ocrx_word' id='word_1_187' title='bbox 376 2997 535 3036; x_wconf 86' lang='lat' dir='ltr'><strong>sacra</strong></span> <span class='ocrx_word' id='word_1_188' title='bbox 570 2980 809 3047; x_wconf 77' lang='lat' dir='ltr'><strong>faciant;</strong></span> <span class='ocrx_word' id='word_1_189' title='bbox 851 2981 1059 3049; x_wconf 88' lang='lat' dir='ltr'><strong>alioqui</strong></span> <span class='ocrx_word' id='word_1_190' title='bbox 1091 2981 1435 3049; x_wconf 90' lang='lat' dir='ltr'><strong>depositione</strong></span> <span class='ocrx_word' id='word_1_191' title='bbox 1488 2982 1755 3036; x_wconf 88' lang='lat' dir='ltr'><strong>multandi</strong></span> <span class='ocrx_word' id='word_1_192' title='bbox 1817 3001 1829 3033; x_wconf 88' lang='lat'><strong>:</strong></span> <span class='ocrx_word' id='word_1_193' title='bbox 1875 2986 1956 3037; x_wconf 81' lang='lat' dir='ltr'><strong>al-</strong></span> 
     </span>
    </p>
   </div>
   <div class='ocr_carea' id='block_1_32' title="bbox 376 3070 1955 3141">
    <p class='ocr_par' dir='ltr' id='par_1_32' title="bbox 376 3070 1955 3141">
     <span class='ocr_line' id='line_1_32' title="bbox 376 3070 1955 3141; baseline 0 -16"><span class='ocrx_word' id='word_1_194' title='bbox 376 3081 576 3137; x_wconf 88' lang='lat' dir='ltr'><strong>teram,</strong></span> <span class='ocrx_word' id='word_1_195' title='bbox 604 3087 693 3138; x_wconf 91' lang='lat' dir='ltr'><strong>ne,</strong></span> <span class='ocrx_word' id='word_1_196' title='bbox 718 3072 970 3141; x_wconf 83' lang='lat' dir='ltr'><strong>quamvis</strong></span> <span class='ocrx_word' id='word_1_197' title='bbox 999 3070 1061 3125; x_wconf 88' lang='lat' dir='ltr'><strong>in</strong></span> <span class='ocrx_word' id='word_1_198' title='bbox 1087 3071 1332 3125; x_wconf 91' lang='lat' dir='ltr'><strong>oratorio</strong></span> <span class='ocrx_word' id='word_1_199' title='bbox 1355 3085 1511 3125; x_wconf 88' lang='lat' dir='ltr'><strong>sacra</strong></span> <span class='ocrx_word' id='word_1_200' title='bbox 1548 3072 1855 3126; x_wconf 87' lang='lat' dir='ltr'><strong>celebrandi</strong></span> <span class='ocrx_word' id='word_1_201' title='bbox 1886 3071 1955 3125; x_wconf 89' lang='lat' dir='ltr'><strong>ab</strong></span> 
     </span>
    </p>
   </div>
   <div class='ocr_carea' id='block_1_33' title="bbox 376 3154 1951 3230">
    <p class='ocr_par' dir='ltr' id='par_1_33' title="bbox 376 3154 1951 3230">
     <span class='ocr_line' id='line_1_33' title="bbox 376 3154 1951 3230; baseline 0.001 -16"><span class='ocrx_word' id='word_1_202' title='bbox 376 3160 448 3215; x_wconf 88' lang='lat' dir='ltr'><strong>iis</strong></span> <span class='ocrx_word' id='word_1_203' title='bbox 478 3176 617 3230; x_wconf 88' lang='lat' dir='ltr'><strong>quos</strong></span> <span class='ocrx_word' id='word_1_204' title='bbox 650 3160 894 3215; x_wconf 82' lang='lat' dir='ltr'><strong>diximus</strong></span> <span class='ocrx_word' id='word_1_205' title='bbox 928 3159 1204 3230; x_wconf 88' lang='lat' dir='ltr'><strong>episcopis</strong></span> <span class='ocrx_word' id='word_1_206' title='bbox 1234 3160 1550 3215; x_wconf 80' lang='lat' dir='ltr'><strong>facultatem</strong></span> <span class='ocrx_word' id='word_1_207' title='bbox 1582 3154 1951 3227; x_wconf 87' lang='lat' dir='ltr'><strong>obtinuerint,</strong></span> 
     </span>
    </p>
   </div>
   <div class='ocr_carea' id='block_1_34' title="bbox 2047 655 3630 736">
    <p class='ocr_par' dir='ltr' id='par_1_34' title="bbox 2047 655 3630 736">
     <span class='ocr_line' id='line_1_34' title="bbox 2047 655 3630 736; baseline -0.007 -18"><span class='ocrx_word' id='word_1_208' title='bbox 2047 666 2156 720; x_wconf 81' lang='grc' dir='ltr'>τῶν</span> <span class='ocrx_word' id='word_1_209' title='bbox 2190 667 2423 733; x_wconf 84' lang='grc' dir='ltr'>πόλεων,</span> <span class='ocrx_word' id='word_1_210' title='bbox 2455 667 2550 720; x_wconf 78' lang='grc' dir='ltr'><strong>καὶ</strong></span> <span class='ocrx_word' id='word_1_211' title='bbox 2580 665 2709 736; x_wconf 78' lang='grc' dir='ltr'>δίχα</span> <span class='ocrx_word' id='word_1_212' title='bbox 2757 660 3094 730; x_wconf 83' lang='grc' dir='ltr'>ἁπολυτικῆς</span> <span class='ocrx_word' id='word_1_213' title='bbox 3134 658 3356 728; x_wconf 79' lang='grc' dir='ltr'><strong>γραφῆς</strong></span> <span class='ocrx_word' id='word_1_214' title='bbox 3385 655 3479 709; x_wconf 78' lang='grc' dir='ltr'>τοῦ</span> <span class='ocrx_word' id='word_1_215' title='bbox 3508 672 3630 725; x_wconf 85' lang='grc' dir='ltr'>χει-</span> 
     </span>
    </p>
   </div>
   <div class='ocr_carea' id='block_1_35' title="bbox 2050 747 3628 831">
    <p class='ocr_par' dir='ltr' id='par_1_35' title="bbox 2050 747 3628 831">
     <span class='ocr_line' id='line_1_35' title="bbox 2050 747 3628 831; baseline -0.01 -17"><span class='ocrx_word' id='word_1_216' title='bbox 2050 762 2442 831; x_wconf 84' lang='grc' dir='ltr'>ροτονήσαντος</span> <span class='ocrx_word' id='word_1_217' title='bbox 2478 760 2663 813; x_wconf 84' lang='grc' dir='ltr'>αὐτόν.</span> <span class='ocrx_word' id='word_1_218' title='bbox 2695 756 3017 826; x_wconf 79' lang='grc' dir='ltr'>Μειζότεροι</span> <span class='ocrx_word' id='word_1_219' title='bbox 3071 755 3255 823; x_wconf 87' lang='grc' dir='ltr'>μέντοι</span> <span class='ocrx_word' id='word_1_220' title='bbox 3292 751 3547 814; x_wconf 87' lang='grc' dir='ltr'>λέγονται</span> <span class='ocrx_word' id='word_1_221' title='bbox 3573 747 3628 799; x_wconf 79' lang='grc' dir='ltr'>οἱ</span> 
     </span>
    </p>
   </div>
   <div class='ocr_carea' id='block_1_36' title="bbox 2047 840 3628 924">
    <p class='ocr_par' dir='ltr' id='par_1_36' title="bbox 2047 840 3628 924">
     <span class='ocr_line' id='line_1_36' title="bbox 2047 840 3628 924; baseline -0.009 -16"><span class='ocrx_word' id='word_1_222' title='bbox 2047 871 2143 908; x_wconf 88' lang='grc' dir='ltr'><strong>κου</strong></span> <span class='ocrx_word' id='word_1_223' title='bbox 2151 854 2377 924; x_wconf 80' lang='grc' dir='ltr'>ράτορες</span> <span class='ocrx_word' id='word_1_224' title='bbox 2394 853 2504 906; x_wconf 79' lang='grc' dir='ltr'><strong>τῶν</strong></span> <span class='ocrx_word' id='word_1_225' title='bbox 2520 850 2858 923; x_wconf 86' lang='grc' dir='ltr'>ἁγροικικῶν</span> <span class='ocrx_word' id='word_1_226' title='bbox 2875 847 3247 919; x_wconf 79' lang='grc' dir='ltr'><strong>προαστείων,</strong></span> <span class='ocrx_word' id='word_1_227' title='bbox 3261 841 3446 905; x_wconf 83' lang='grc' dir='ltr'>καθὼς</span> <span class='ocrx_word' id='word_1_228' title='bbox 3466 840 3628 895; x_wconf 81' lang='grc' dir='ltr'>τοῦτο</span> 
     </span>
    </p>
   </div>
   <div class='ocr_carea' id='block_1_37' title="bbox 2047 936 3626 1018">
    <p class='ocr_par' dir='ltr' id='par_1_37' title="bbox 2047 936 3626 1018">
     <span class='ocr_line' id='line_1_37' title="bbox 2047 936 3626 1018; baseline -0.009 -17"><span class='ocrx_word' id='word_1_229' title='bbox 2047 948 2380 1018; x_wconf 82' lang='grc' dir='ltr'>παρίσταται</span> <span class='ocrx_word' id='word_1_230' title='bbox 2410 946 2517 1000; x_wconf 81' lang='grc' dir='ltr'>ἀπὸ</span> <span class='ocrx_word' id='word_1_231' title='bbox 2535 946 2628 999; x_wconf 75' lang='grc' dir='ltr'>τοῦ</span> <span class='ocrx_word' id='word_1_232' title='bbox 2653 943 2721 998; x_wconf 80' lang='grc' dir='ltr'>ια’</span> <span class='ocrx_word' id='word_1_233' title='bbox 2764 944 2987 1006; x_wconf 86' lang='grc' dir='ltr'>κανόνος</span> <span class='ocrx_word' id='word_1_234' title='bbox 3018 942 3115 1010; x_wconf 82' lang='grc' dir='ltr'><strong>τῆς</strong></span> <span class='ocrx_word' id='word_1_235' title='bbox 3139 938 3186 993; x_wconf 84' lang='grc' dir='ltr'>α’</span> <span class='ocrx_word' id='word_1_236' title='bbox 3209 940 3303 993; x_wconf 68' lang='grc' dir='ltr'>καὶ</span> <span class='ocrx_word' id='word_1_237' title='bbox 3330 938 3373 1007; x_wconf 84' lang='grc' dir='ltr'><strong>β’</strong></span> <span class='ocrx_word' id='word_1_238' title='bbox 3406 936 3626 989; x_wconf 83' lang='grc' dir='ltr'>συνόδου</span> 
     </span>
    </p>
   </div>
   <div class='ocr_carea' id='block_1_38' title="bbox 2047 1030 3625 1109">
    <p class='ocr_par' dir='ltr' id='par_1_38' title="bbox 2047 1030 3625 1109">
     <span class='ocr_line' id='line_1_38' title="bbox 2047 1030 3625 1109; baseline -0.008 -16"><span class='ocrx_word' id='word_1_239' title='bbox 2047 1040 2148 1109; x_wconf 80' lang='grc' dir='ltr'>τῆς</span> <span class='ocrx_word' id='word_1_240' title='bbox 2199 1041 2478 1109; x_wconf 73' lang='grc' dir='ltr'>συστάσης</span> <span class='ocrx_word' id='word_1_241' title='bbox 2514 1041 2570 1091; x_wconf 82' lang='grc' dir='ltr'><strong>ἐν</strong></span> <span class='ocrx_word' id='word_1_242' title='bbox 2609 1038 2688 1108; x_wconf 83' lang='grc' dir='ltr'>τῷ</span> <span class='ocrx_word' id='word_1_243' title='bbox 2727 1039 2840 1107; x_wconf 82' lang='grc' dir='ltr'><strong>ναῷ</strong></span> <span class='ocrx_word' id='word_1_244' title='bbox 2871 1037 2977 1093; x_wconf 80' lang='grc' dir='ltr'><strong>τῶν</strong></span> <span class='ocrx_word' id='word_1_245' title='bbox 3010 1035 3209 1103; x_wconf 83' lang='grc' dir='ltr'>Ἀγίων</span> <span class='ocrx_word' id='word_1_246' title='bbox 3250 1030 3587 1086; x_wconf 81' lang='grc' dir='ltr'>’Δποστόλων</span> <span class='ocrx_word' id='word_1_247' title='bbox 3609 1045 3625 1060; x_wconf 88' lang='grc'><strong>·</strong></span> 
     </span>
    </p>
   </div>
   <div class='ocr_carea' id='block_1_39' title="bbox 2049 1126 3626 1203">
    <p class='ocr_par' dir='ltr' id='par_1_39' title="bbox 2049 1126 3626 1203">
     <span class='ocr_line' id='line_1_39' title="bbox 2049 1126 3626 1203; baseline -0.005 -19"><span class='ocrx_word' id='word_1_248' title='bbox 2049 1132 2207 1187; x_wconf 76' lang='grc' dir='ltr'>τοῦτο</span> <span class='ocrx_word' id='word_1_249' title='bbox 2226 1129 2322 1186; x_wconf 79' lang='grc' dir='ltr'><strong>οὖν</strong></span> <span class='ocrx_word' id='word_1_250' title='bbox 2344 1133 2449 1186; x_wconf 85' lang='grc' dir='ltr'>τῶν</span> <span class='ocrx_word' id='word_1_251' title='bbox 2483 1134 2799 1203; x_wconf 79' lang='grc' dir='ltr'>ἱερωμένων</span> <span class='ocrx_word' id='word_1_252' title='bbox 2824 1133 2873 1184; x_wconf 78' lang='grc' dir='ltr'>οἱ</span> <span class='ocrx_word' id='word_1_253' title='bbox 2895 1132 3139 1199; x_wconf 85' lang='grc' dir='ltr'>Πατέρες</span> <span class='ocrx_word' id='word_1_254' title='bbox 3163 1126 3626 1196; x_wconf 60' lang='grc' dir='ltr'>ἀποτρεπόμενοι.</span> 
     </span>
    </p>
   </div>
   <div class='ocr_carea' id='block_1_40' title="bbox 2050 1216 3631 1297">
    <p class='ocr_par' dir='ltr' id='par_1_40' title="bbox 2050 1216 3631 1297">
     <span class='ocr_line' id='line_1_40' title="bbox 2050 1216 3631 1297; baseline -0.008 -16"><span class='ocrx_word' id='word_1_255' title='bbox 2050 1227 2400 1281; x_wconf 78' lang='grc' dir='ltr'><strong>ὑποτιθέασιν</strong></span> <span class='ocrx_word' id='word_1_256' title='bbox 2425 1230 2612 1289; x_wconf 77' lang='grc' dir='ltr'>αὐτοῖς</span> <span class='ocrx_word' id='word_1_257' title='bbox 2635 1216 2908 1280; x_wconf 75' lang='grc' dir='ltr'>διδάσκειν</span> <span class='ocrx_word' id='word_1_258' title='bbox 2936 1223 3243 1297; x_wconf 75' lang='grc' dir='ltr'>γράμματα</span> <span class='ocrx_word' id='word_1_259' title='bbox 3274 1219 3373 1274; x_wconf 76' lang='grc' dir='ltr'><strong>καὶ</strong></span> <span class='ocrx_word' id='word_1_260' title='bbox 3396 1218 3462 1274; x_wconf 78' lang='grc' dir='ltr'>τὰ</span> <span class='ocrx_word' id='word_1_261' title='bbox 3491 1218 3631 1289; x_wconf 77' lang='grc' dir='ltr'>πρδς</span> 
     </span>
    </p>
   </div>
   <div class='ocr_carea' id='block_1_41' title="bbox 2051 1314 3629 1391">
    <p class='ocr_par' dir='ltr' id='par_1_41' title="bbox 2051 1314 3629 1391">
     <span class='ocr_line' id='line_1_41' title="bbox 2051 1314 3629 1391; baseline -0.006 -17"><span class='ocrx_word' id='word_1_262' title='bbox 2051 1322 2197 1390; x_wconf 74' lang='grc' dir='ltr'>ζωὴν</span> <span class='ocrx_word' id='word_1_263' title='bbox 2224 1322 2441 1375; x_wconf 83' lang='grc' dir='ltr'>ἐκεῖθεν</span> <span class='ocrx_word' id='word_1_264' title='bbox 2466 1322 2828 1391; x_wconf 72' lang='grc' dir='ltr'>πορίζεσθαισ</span> <span class='ocrx_word' id='word_1_265' title='bbox 2869 1322 2951 1373; x_wconf 83' lang='grc' dir='ltr'>ὅτι</span> <span class='ocrx_word' id='word_1_266' title='bbox 2982 1319 3078 1371; x_wconf 71' lang='grc' dir='ltr'><strong>καὶ</strong></span> <span class='ocrx_word' id='word_1_267' title='bbox 3128 1319 3210 1378; x_wconf 82' lang='grc' dir='ltr'><strong>είς</strong></span> <span class='ocrx_word' id='word_1_268' title='bbox 3257 1316 3417 1369; x_wconf 81' lang='grc' dir='ltr'>τοῦτο</span> <span class='ocrx_word' id='word_1_269' title='bbox 3471 1314 3629 1379; x_wconf 79' lang='grc' dir='ltr'>ἀφω-</span> 
     </span>
    </p>
   </div>
   <div class='ocr_carea' id='block_1_42' title="bbox 2054 1405 3632 1487">
    <p class='ocr_par' dir='ltr' id='par_1_42' title="bbox 2054 1405 3632 1487">
     <span class='ocr_line' id='line_1_42' title="bbox 2054 1405 3632 1487; baseline -0.006 -19"><span class='ocrx_word' id='word_1_270' title='bbox 2054 1415 2335 1487; x_wconf 77' lang='grc' dir='ltr'>ρίσθησαν.</span> <span class='ocrx_word' id='word_1_271' title='bbox 2396 1416 2468 1467; x_wconf 77' lang='grc' dir='ltr'><strong>Τὸ</strong></span> <span class='ocrx_word' id='word_1_272' title='bbox 2529 1414 2586 1467; x_wconf 81' lang='grc' dir='ltr'><strong>δὲ</strong></span> <span class='ocrx_word' id='word_1_273' title='bbox 2655 1411 3048 1483; x_wconf 81' lang='grc' dir='ltr'>προσεδρεύειν</span> <span class='ocrx_word' id='word_1_274' title='bbox 3118 1410 3249 1472; x_wconf 75' lang='grc' dir='ltr'>τοὺς</span> <span class='ocrx_word' id='word_1_275' title='bbox 3308 1405 3632 1477; x_wconf 72' lang='grc' dir='ltr'>ἀλλοτρίους</span> 
     </span>
    </p>
   </div>
   <div class='ocr_carea' id='block_1_43' title="bbox 2052 1501 3632 1577">
    <p class='ocr_par' dir='ltr' id='par_1_43' title="bbox 2052 1501 3632 1577">
     <span class='ocr_line' id='line_1_43' title="bbox 2052 1501 3632 1577; baseline -0.007 -16"><span class='ocrx_word' id='word_1_276' title='bbox 2052 1508 2349 1577; x_wconf 80' lang='grc' dir='ltr'>κληρικοὺς</span> <span class='ocrx_word' id='word_1_277' title='bbox 2391 1510 2473 1571; x_wconf 82' lang='grc' dir='ltr'><strong>είς</strong></span> <span class='ocrx_word' id='word_1_278' title='bbox 2516 1508 2806 1577; x_wconf 81' lang='grc' dir='ltr'>ἄρχοντας,</span> <span class='ocrx_word' id='word_1_279' title='bbox 2840 1505 2939 1557; x_wconf 77' lang='grc' dir='ltr'>καὶ</span> <span class='ocrx_word' id='word_1_280' title='bbox 2988 1505 3073 1567; x_wconf 79' lang='grc' dir='ltr'><strong>είς</strong></span> <span class='ocrx_word' id='word_1_281' title='bbox 3122 1502 3391 1572; x_wconf 83' lang='grc' dir='ltr'>εὐκτὴρια</span> <span class='ocrx_word' id='word_1_282' title='bbox 3424 1501 3632 1552; x_wconf 79' lang='grc' dir='ltr'>τούτων</span> 
     </span>
    </p>
   </div>
   <div class='ocr_carea' id='block_1_44' title="bbox 2050 1595 3632 1668">
    <p class='ocr_par' dir='ltr' id='par_1_44' title="bbox 2050 1595 3632 1668">
     <span class='ocr_line' id='line_1_44' title="bbox 2050 1595 3632 1668; baseline -0.006 -15"><span class='ocrx_word' id='word_1_283' title='bbox 2050 1601 2411 1668; x_wconf 78' lang='grc' dir='ltr'>λειτουργεῖν,</span> <span class='ocrx_word' id='word_1_284' title='bbox 2448 1599 2542 1654; x_wconf 84' lang='grc' dir='ltr'>τοῦ</span> <span class='ocrx_word' id='word_1_285' title='bbox 2605 1600 2815 1668; x_wconf 86' lang='grc' dir='ltr'>φάκτου</span> <span class='ocrx_word' id='word_1_286' title='bbox 2860 1598 2999 1652; x_wconf 86' lang='grc' dir='ltr'>ἐστί.</span> <span class='ocrx_word' id='word_1_287' title='bbox 3042 1596 3164 1650; x_wconf 82' lang='grc' dir='ltr'>Κᾶν</span> <span class='ocrx_word' id='word_1_288' title='bbox 3187 1595 3296 1664; x_wconf 74' lang='grc' dir='ltr'><strong>γὰρ</strong></span> <span class='ocrx_word' id='word_1_289' title='bbox 3325 1597 3406 1656; x_wconf 85' lang='grc' dir='ltr'>εἰς</span> <span class='ocrx_word' id='word_1_290' title='bbox 3438 1610 3632 1646; x_wconf 87' lang='grc' dir='ltr'>ταπει-</span> 
     </span>
    </p>
   </div>
   <div class='ocr_carea' id='block_1_45' title="bbox 2051 1685 3637 1763">
    <p class='ocr_par' dir='ltr' id='par_1_45' title="bbox 2051 1685 3637 1763">
     <span class='ocr_line' id='line_1_45' title="bbox 2051 1685 3637 1763; baseline -0.006 -18"><span class='ocrx_word' id='word_1_291' title='bbox 2051 1692 2247 1761; x_wconf 84' lang='grc' dir='ltr'>νότερα</span> <span class='ocrx_word' id='word_1_292' title='bbox 2298 1691 2690 1763; x_wconf 85' lang='grc' dir='ltr'>λειτουργῶσιν</span> <span class='ocrx_word' id='word_1_293' title='bbox 2743 1691 3015 1762; x_wconf 77' lang='grc' dir='ltr'>εὐκτήρια</span> <span class='ocrx_word' id='word_1_294' title='bbox 3048 1688 3199 1757; x_wconf 81' lang='grc' dir='ltr'>παρᾶ</span> <span class='ocrx_word' id='word_1_295' title='bbox 3240 1703 3469 1757; x_wconf 84' lang='grc' dir='ltr'>γνωμην</span> <span class='ocrx_word' id='word_1_296' title='bbox 3526 1685 3637 1736; x_wconf 80' lang='grc' dir='ltr'>τῶν</span> 
     </span>
    </p>
   </div>
   <div class='ocr_carea' id='block_1_46' title="bbox 2053 1778 3634 1856">
    <p class='ocr_par' dir='ltr' id='par_1_46' title="bbox 2053 1778 3634 1856">
     <span class='ocr_line' id='line_1_46' title="bbox 2053 1778 3634 1856; baseline -0.006 -19"><span class='ocrx_word' id='word_1_297' title='bbox 2053 1786 2373 1839; x_wconf 85' lang='grc' dir='ltr'>ἐπισκόπων</span> <span class='ocrx_word' id='word_1_298' title='bbox 2450 1786 2632 1839; x_wconf 81' lang='grc' dir='ltr'>αὐτῶν</span> <span class='ocrx_word' id='word_1_299' title='bbox 2697 1784 2730 1856; x_wconf 83' lang='grc' dir='ltr'>ἢ</span> <span class='ocrx_word' id='word_1_300' title='bbox 2786 1784 2883 1838; x_wconf 81' lang='grc' dir='ltr'>τοῦ</span> <span class='ocrx_word' id='word_1_301' title='bbox 2964 1778 3634 1840; x_wconf 86' lang='grc' dir='ltr'>Κωνσταντινουπόλεως,</span> 
     </span>
    </p>
   </div>
   <div class='ocr_carea' id='block_1_47' title="bbox 2051 1878 2745 1949">
    <p class='ocr_par' dir='ltr' id='par_1_47' title="bbox 2051 1878 2745 1949">
     <span class='ocr_line' id='line_1_47' title="bbox 2051 1878 2745 1949; baseline 0 -18"><span class='ocrx_word' id='word_1_302' title='bbox 2051 1878 2253 1946; x_wconf 85' lang='grc' dir='ltr'>ὁμοίως</span> <span class='ocrx_word' id='word_1_303' title='bbox 2287 1878 2745 1949; x_wconf 76' lang='grc' dir='ltr'>κολασθήσονται.</span> 
     </span>
    </p>
   </div>
   <div class='ocr_carea' id='block_1_48' title="bbox 2126 1963 3639 2038">
    <p class='ocr_par' dir='ltr' id='par_1_48' title="bbox 2126 1963 3639 2038">
     <span class='ocr_line' id='line_1_48' title="bbox 2126 1963 3639 2038; baseline -0.005 -14"><span class='ocrx_word' id='word_1_304' title='bbox 2126 1972 2372 2025; x_wconf 79' lang='grc' dir='ltr'><strong>ΖΩΝΑΡ.</strong></span> <span class='ocrx_word' id='word_1_305' title='bbox 2411 1971 2603 2023; x_wconf 71' lang='grc' dir='ltr'>Πολλοὶ</span> <span class='ocrx_word' id='word_1_306' title='bbox 2634 1971 2764 2038; x_wconf 75' lang='grc' dir='ltr'>περὶ</span> <span class='ocrx_word' id='word_1_307' title='bbox 2795 1969 2985 2022; x_wconf 75' lang='grc' dir='ltr'>τούτου</span> <span class='ocrx_word' id='word_1_308' title='bbox 3014 1965 3108 2020; x_wconf 81' lang='grc' dir='ltr'>τοῦ</span> <span class='ocrx_word' id='word_1_309' title='bbox 3139 1963 3438 2035; x_wconf 79' lang='grc' dir='ltr'>κεφαλαίου</span> <span class='ocrx_word' id='word_1_310' title='bbox 3473 1964 3639 2018; x_wconf 83' lang='grc' dir='ltr'>κανό-</span> 
     </span>
    </p>
   </div>
   <div class='ocr_carea' id='block_1_49' title="bbox 2057 2040 3641 2129">
    <p class='ocr_par' dir='ltr' id='par_1_49' title="bbox 2057 2040 3641 2129">
     <span class='ocr_line' id='line_1_49' title="bbox 2057 2040 3641 2129; baseline -0.008 -8"><span class='ocrx_word' id='word_1_311' title='bbox 2057 2085 2147 2129; x_wconf 86' lang='grc' dir='ltr'><strong>νες</strong></span> <span class='ocrx_word' id='word_1_312' title='bbox 2188 2068 2298 2120; x_wconf 76' lang='grc' dir='ltr'>εἰσὶ</span> <span class='ocrx_word' id='word_1_313' title='bbox 2321 2069 2414 2120; x_wconf 75' lang='grc' dir='ltr'><strong>καὶ</strong></span> <span class='ocrx_word' id='word_1_314' title='bbox 2444 2064 2794 2120; x_wconf 71' lang='grc' dir='ltr'>ἀποστολικοὶ</span> <span class='ocrx_word' id='word_1_315' title='bbox 2828 2064 2923 2115; x_wconf 75' lang='grc' dir='ltr'>καὶ</span> <span class='ocrx_word' id='word_1_316' title='bbox 2947 2040 3216 2114; x_wconf 71' lang='grc' dir='ltr'>συνοδικοί</span> <span class='ocrx_word' id='word_1_317' title='bbox 3240 2076 3255 2091; x_wconf 75' lang='grc' dir='ltr'><strong>ο</strong></span> <span class='ocrx_word' id='word_1_318' title='bbox 3291 2060 3407 2113; x_wconf 83' lang='grc' dir='ltr'>ἀλλ’</span> <span class='ocrx_word' id='word_1_319' title='bbox 3439 2061 3518 2121; x_wconf 79' lang='grc' dir='ltr'>εἰς</span> <span class='ocrx_word' id='word_1_320' title='bbox 3546 2059 3641 2110; x_wconf 82' lang='grc' dir='ltr'>έκ-</span> 
     </span>
    </p>
   </div>
   <div class='ocr_carea' id='block_1_50' title="bbox 2057 2152 3643 2233">
    <p class='ocr_par' dir='ltr' id='par_1_50' title="bbox 2057 2152 3643 2233">
     <span class='ocr_line' id='line_1_50' title="bbox 2057 2152 3643 2233; baseline -0.008 -18"><span class='ocrx_word' id='word_1_321' title='bbox 2057 2160 2235 2233; x_wconf 83' lang='grc' dir='ltr'>κοπὴν</span> <span class='ocrx_word' id='word_1_322' title='bbox 2265 2161 2366 2213; x_wconf 78' lang='grc' dir='ltr'><strong>οὐκ</strong></span> <span class='ocrx_word' id='word_1_323' title='bbox 2396 2162 2639 2229; x_wconf 72' lang='grc' dir='ltr'>ἤρκεσαν</span> <span class='ocrx_word' id='word_1_324' title='bbox 2662 2157 2755 2209; x_wconf 81' lang='grc' dir='ltr'>τοῦ</span> <span class='ocrx_word' id='word_1_325' title='bbox 2798 2156 2991 2210; x_wconf 83' lang='grc' dir='ltr'>κακοῦ.</span> <span class='ocrx_word' id='word_1_326' title='bbox 3052 2154 3143 2208; x_wconf 83' lang='grc' dir='ltr'>Διὸ</span> <span class='ocrx_word' id='word_1_327' title='bbox 3196 2153 3292 2207; x_wconf 77' lang='grc' dir='ltr'>καὶ</span> <span class='ocrx_word' id='word_1_328' title='bbox 3338 2155 3369 2222; x_wconf 86' lang='grc' dir='ltr'><strong>ἡ</strong></span> <span class='ocrx_word' id='word_1_329' title='bbox 3420 2152 3643 2212; x_wconf 72' lang='grc' dir='ltr'>σύνοδος</span> 
     </span>
    </p>
   </div>
   <div class='ocr_carea' id='block_1_51' title="bbox 2056 2245 3641 2323">
    <p class='ocr_par' dir='ltr' id='par_1_51' title="bbox 2056 2245 3641 2323">
     <span class='ocr_line' id='line_1_51' title="bbox 2056 2245 3641 2323; baseline -0.007 -17"><span class='ocrx_word' id='word_1_330' title='bbox 2056 2253 2195 2323; x_wconf 76' lang='grc' dir='ltr'>αὕτη</span> <span class='ocrx_word' id='word_1_331' title='bbox 2228 2253 2319 2305; x_wconf 69' lang='grc' dir='ltr'><strong>τὸν</strong></span> <span class='ocrx_word' id='word_1_332' title='bbox 2343 2252 2545 2304; x_wconf 89' lang='grc' dir='ltr'>κανόνα</span> <span class='ocrx_word' id='word_1_333' title='bbox 2585 2251 2775 2303; x_wconf 82' lang='grc' dir='ltr'>τοῦτον</span> <span class='ocrx_word' id='word_1_334' title='bbox 2815 2249 3050 2313; x_wconf 77' lang='grc' dir='ltr'>ἐξέθετο,</span> <span class='ocrx_word' id='word_1_335' title='bbox 3092 2245 3185 2300; x_wconf 85' lang='grc' dir='ltr'>δύο</span> <span class='ocrx_word' id='word_1_336' title='bbox 3213 2249 3271 2299; x_wconf 83' lang='grc' dir='ltr'><strong>ἐν</strong></span> <span class='ocrx_word' id='word_1_337' title='bbox 3296 2245 3479 2314; x_wconf 81' lang='grc' dir='ltr'>ταύτῷ</span> <span class='ocrx_word' id='word_1_338' title='bbox 3527 2262 3641 2296; x_wconf 80' lang='grc' dir='ltr'>κω-</span> 
     </span>
    </p>
   </div>
   <div class='ocr_carea' id='block_1_52' title="bbox 2056 2337 3643 2414">
    <p class='ocr_par' dir='ltr' id='par_1_52' title="bbox 2056 2337 3643 2414">
     <span class='ocr_line' id='line_1_52' title="bbox 2056 2337 3643 2414; baseline -0.006 -15"><span class='ocrx_word' id='word_1_339' title='bbox 2056 2348 2253 2399; x_wconf 76' lang='grc' dir='ltr'>λύοντα</span> <span class='ocrx_word' id='word_1_340' title='bbox 2280 2346 2518 2414; x_wconf 80' lang='grc' dir='ltr'>ἄθεσμα,</span> <span class='ocrx_word' id='word_1_341' title='bbox 2545 2345 2607 2396; x_wconf 91' lang='grc' dir='ltr'><strong>τό</strong></span> <span class='ocrx_word' id='word_1_342' title='bbox 2647 2361 2707 2396; x_wconf 89' lang='grc' dir='ltr'><strong>τε</strong></span> <span class='ocrx_word' id='word_1_343' title='bbox 2756 2343 2864 2397; x_wconf 75' lang='grc' dir='ltr'><strong>ἀπὸ</strong></span> <span class='ocrx_word' id='word_1_344' title='bbox 2903 2342 3111 2401; x_wconf 85' lang='grc' dir='ltr'>πόλεως</span> <span class='ocrx_word' id='word_1_345' title='bbox 3141 2341 3223 2403; x_wconf 87' lang='grc' dir='ltr'>εἰς</span> <span class='ocrx_word' id='word_1_346' title='bbox 3276 2339 3456 2401; x_wconf 88' lang='grc' dir='ltr'>πόλιν,</span> <span class='ocrx_word' id='word_1_347' title='bbox 3514 2337 3643 2405; x_wconf 73' lang='grc' dir='ltr'>μηδ’</span> 
     </span>
    </p>
   </div>
   <div class='ocr_carea' id='block_1_53' title="bbox 2058 2424 3655 2504">
    <p class='ocr_par' dir='ltr' id='par_1_53' title="bbox 2058 2424 3655 2504">
     <span class='ocr_line' id='line_1_53' title="bbox 2058 2424 3655 2504; baseline -0.008 -16"><span class='ocrx_word' id='word_1_348' title='bbox 2058 2438 2137 2497; x_wconf 78' lang='grc' dir='ltr'>εἰς</span> <span class='ocrx_word' id='word_1_349' title='bbox 2168 2434 2374 2504; x_wconf 81' lang='grc' dir='ltr'>ταύτην</span> <span class='ocrx_word' id='word_1_350' title='bbox 2431 2434 2533 2502; x_wconf 83' lang='grc' dir='ltr'><strong>τὴν</strong></span> <span class='ocrx_word' id='word_1_351' title='bbox 2565 2432 2813 2502; x_wconf 81' lang='grc' dir='ltr'>βασιλίδα</span> <span class='ocrx_word' id='word_1_352' title='bbox 2840 2430 2948 2483; x_wconf 86' lang='grc' dir='ltr'><strong>τῶν</strong></span> <span class='ocrx_word' id='word_1_353' title='bbox 3003 2428 3212 2481; x_wconf 85' lang='grc' dir='ltr'>πόλεων</span> <span class='ocrx_word' id='word_1_354' title='bbox 3277 2424 3655 2497; x_wconf 76' lang='grc' dir='ltr'>προστρέχειν</span> 
     </span>
    </p>
   </div>
   <div class='ocr_carea' id='block_1_54' title="bbox 2061 2517 3645 2597">
    <p class='ocr_par' dir='ltr' id='par_1_54' title="bbox 2061 2517 3645 2597">
     <span class='ocr_line' id='line_1_54' title="bbox 2061 2517 3645 2597; baseline -0.01 -16"><span class='ocrx_word' id='word_1_355' title='bbox 2061 2527 2367 2597; x_wconf 84' lang='grc' dir='ltr'>κληρικοὺς</span> <span class='ocrx_word' id='word_1_356' title='bbox 2392 2525 2732 2595; x_wconf 80' lang='grc' dir='ltr'>ἀλλοτρίους,</span> <span class='ocrx_word' id='word_1_357' title='bbox 2769 2524 2865 2575; x_wconf 76' lang='grc' dir='ltr'><strong>καὶ</strong></span> <span class='ocrx_word' id='word_1_358' title='bbox 2918 2523 3148 2592; x_wconf 82' lang='grc' dir='ltr'>ἄρχουσι</span> <span class='ocrx_word' id='word_1_359' title='bbox 3204 2517 3510 2587; x_wconf 81' lang='grc' dir='ltr'>προσιέναι,</span> <span class='ocrx_word' id='word_1_360' title='bbox 3548 2517 3645 2566; x_wconf 75' lang='grc' dir='ltr'>καὶ</span> 
     </span>
    </p>
   </div>
   <div class='ocr_carea' id='block_1_55' title="bbox 2057 2610 3644 2690">
    <p class='ocr_par' dir='ltr' id='par_1_55' title="bbox 2057 2610 3644 2690">
     <span class='ocr_line' id='line_1_55' title="bbox 2057 2610 3644 2690; baseline -0.021 -3"><span class='ocrx_word' id='word_1_361' title='bbox 2057 2621 2115 2671; x_wconf 68' lang='grc' dir='ltr'>ἐν</span> <span class='ocrx_word' id='word_1_362' title='bbox 2156 2621 2268 2681; x_wconf 72' lang='grc' dir='ltr'>τοῖς</span> <span class='ocrx_word' id='word_1_363' title='bbox 2318 2618 2628 2690; x_wconf 82' lang='grc' dir='ltr'>εὖκτηρίοις</span> <span class='ocrx_word' id='word_1_364' title='bbox 2689 2616 2799 2669; x_wconf 86' lang='grc' dir='ltr'><strong>τῶν</strong></span> <span class='ocrx_word' id='word_1_365' title='bbox 2844 2616 3008 2667; x_wconf 70' lang='grc' dir='ltr'>οἴκων</span> <span class='ocrx_word' id='word_1_366' title='bbox 3058 2611 3240 2685; x_wconf 77' lang='grc' dir='ltr'>αὐτῶν</span> <span class='ocrx_word' id='word_1_367' title='bbox 3299 2610 3644 2677; x_wconf 62' lang='grc' dir='ltr'>λειτουργεῖν</span> 
     </span>
    </p>
   </div>
   <div class='ocr_carea' id='block_1_56' title="bbox 2056 2700 3645 2781">
    <p class='ocr_par' dir='ltr' id='par_1_56' title="bbox 2056 2700 3645 2781">
     <span class='ocr_line' id='line_1_56' title="bbox 2056 2700 3645 2781; baseline -0.011 -14"><span class='ocrx_word' id='word_1_368' title='bbox 2056 2714 2185 2767; x_wconf 83' lang='grc' dir='ltr'>ἄνευ</span> <span class='ocrx_word' id='word_1_369' title='bbox 2213 2709 2438 2781; x_wconf 83' lang='grc' dir='ltr'><strong>γνώμης</strong></span> <span class='ocrx_word' id='word_1_370' title='bbox 2463 2710 2557 2761; x_wconf 78' lang='grc' dir='ltr'>τοῦ</span> <span class='ocrx_word' id='word_1_371' title='bbox 2601 2707 2732 2760; x_wconf 84' lang='grc' dir='ltr'>ἰδίου</span> <span class='ocrx_word' id='word_1_372' title='bbox 2760 2707 3083 2767; x_wconf 83' lang='grc' dir='ltr'>ἐπισκόπου,</span> <span class='ocrx_word' id='word_1_373' title='bbox 3117 2704 3175 2755; x_wconf 82' lang='grc' dir='ltr'>ὃν</span> <span class='ocrx_word' id='word_1_374' title='bbox 3217 2702 3501 2763; x_wconf 81' lang='grc' dir='ltr'>ἀπέλιπον,</span> <span class='ocrx_word' id='word_1_375' title='bbox 3545 2700 3645 2751; x_wconf 54' lang='grc' dir='ltr'>καθ.</span> 
     </span>
    </p>
   </div>
   <div class='ocr_carea' id='block_1_57' title="bbox 2056 2790 3647 2867">
    <p class='ocr_par' dir='ltr' id='par_1_57' title="bbox 2056 2790 3647 2867">
     <span class='ocr_line' id='line_1_57' title="bbox 2056 2790 3647 2867; baseline -0.011 -9"><span class='ocrx_word' id='word_1_376' title='bbox 2056 2804 2151 2858; x_wconf 84' lang='grc' dir='ltr'>τοῦ</span> <span class='ocrx_word' id='word_1_377' title='bbox 2171 2802 2815 2861; x_wconf 80' lang='grc' dir='ltr'>Κωνσταντινουπόλεως,</span> <span class='ocrx_word' id='word_1_378' title='bbox 2852 2790 2914 2851; x_wconf 73' lang='grc' dir='ltr'>οὗ</span> <span class='ocrx_word' id='word_1_379' title='bbox 2945 2800 3009 2867; x_wconf 80' lang='grc' dir='ltr'>τῇ</span> <span class='ocrx_word' id='word_1_380' title='bbox 3030 2794 3217 2865; x_wconf 71' lang='grc' dir='ltr'>ἐνορίᾳ</span> <span class='ocrx_word' id='word_1_381' title='bbox 3240 2791 3564 2863; x_wconf 79' lang='grc' dir='ltr'>προσῆλθον·</span> <span class='ocrx_word' id='word_1_382' title='bbox 3594 2790 3647 2841; x_wconf 84' lang='grc' dir='ltr'><strong>εί</strong></span> 
     </span>
    </p>
   </div>
   <div class='ocr_carea' id='block_1_58' title="bbox 2056 2880 3644 2969">
    <p class='ocr_par' dir='ltr' id='par_1_58' title="bbox 2056 2888 3644 2969">
     <span class='ocr_line' id='line_1_58' title="bbox 2056 2888 3644 2969; baseline -0.012 -15"><span class='ocrx_word' id='word_1_383' title='bbox 2056 2902 2111 2955; x_wconf 77' lang='grc' dir='ltr'><strong>δὲ</strong></span> <span class='ocrx_word' id='word_1_384' title='bbox 2140 2899 2237 2969; x_wconf 84' lang='grc' dir='ltr'><strong>μὴ,</strong></span> <span class='ocrx_word' id='word_1_385' title='bbox 2263 2897 2649 2965; x_wconf 81' lang='grc' dir='ltr'>καθαιρεῖσθαι</span> <span class='ocrx_word' id='word_1_386' title='bbox 2671 2893 2886 2955; x_wconf 81' lang='grc' dir='ltr'>αὐτούς·</span> <span class='ocrx_word' id='word_1_387' title='bbox 2917 2895 3009 2944; x_wconf 70' lang='grc' dir='ltr'><strong>καὶ</strong></span> <span class='ocrx_word' id='word_1_388' title='bbox 3031 2892 3092 2943; x_wconf 73' lang='grc' dir='ltr'>τὸ</span> <span class='ocrx_word' id='word_1_389' title='bbox 3132 2889 3237 2942; x_wconf 80' lang='grc' dir='ltr'>κᾶν</span> <span class='ocrx_word' id='word_1_390' title='bbox 3267 2888 3359 2940; x_wconf 75' lang='grc' dir='ltr'><strong>καὶ</strong></span> <span class='ocrx_word' id='word_1_391' title='bbox 3380 2903 3644 2955; x_wconf 83' lang='grc' dir='ltr'>παραχω-</span> 
     </span>
    </p>
   </div>
   <div class='ocr_carea' id='block_1_59' title="bbox 2060 2979 3642 3065">
    <p class='ocr_par' dir='ltr' id='par_1_59' title="bbox 2060 2979 3642 3065">
     <span class='ocr_line' id='line_1_59' title="bbox 2060 2979 3642 3065; baseline -0.013 -18"><span class='ocrx_word' id='word_1_392' title='bbox 2060 2993 2269 3065; x_wconf 85' lang='grc' dir='ltr'>ρηθῶσι</span> <span class='ocrx_word' id='word_1_393' title='bbox 2301 2994 2451 3061; x_wconf 84' lang='grc' dir='ltr'><strong>παρά</strong></span> <span class='ocrx_word' id='word_1_394' title='bbox 2474 2990 2585 3041; x_wconf 83' lang='grc' dir='ltr'>τῶν</span> <span class='ocrx_word' id='word_1_395' title='bbox 2609 2986 2920 3056; x_wconf 77' lang='grc' dir='ltr'>εἰρημένων</span> <span class='ocrx_word' id='word_1_396' title='bbox 2962 2984 3277 3036; x_wconf 65' lang='grc' dir='ltr'>ἐπισκόπων</span> <span class='ocrx_word' id='word_1_397' title='bbox 3302 2979 3642 3047; x_wconf 85' lang='grc' dir='ltr'>λειτουργεῖν</span> 
     </span>
    </p>
   </div>
   <div class='ocr_carea' id='block_1_60' title="bbox 2057 3068 3647 3155">
    <p class='ocr_par' dir='ltr' id='par_1_60' title="bbox 2057 3068 3647 3155">
     <span class='ocr_line' id='line_1_60' title="bbox 2057 3068 3647 3155; baseline -0.013 -16"><span class='ocrx_word' id='word_1_398' title='bbox 2057 3089 2117 3139; x_wconf 83' lang='grc' dir='ltr'>ὲν</span> <span class='ocrx_word' id='word_1_399' title='bbox 2133 3083 2404 3155; x_wconf 76' lang='grc' dir='ltr'>εὐκτηρίῳ</span> <span class='ocrx_word' id='word_1_400' title='bbox 2423 3084 2579 3151; x_wconf 79' lang='grc' dir='ltr'>οἴκῳ,</span> <span class='ocrx_word' id='word_1_401' title='bbox 2604 3079 2678 3149; x_wconf 82' lang='grc' dir='ltr'>μὴ</span> <span class='ocrx_word' id='word_1_402' title='bbox 2693 3076 2967 3147; x_wconf 85' lang='grc' dir='ltr'>κοσμικὰς</span> <span class='ocrx_word' id='word_1_403' title='bbox 2998 3077 3092 3128; x_wconf 66' lang='grc' dir='ltr'>καὶ</span> <span class='ocrx_word' id='word_1_404' title='bbox 3122 3070 3404 3143; x_wconf 80' lang='grc' dir='ltr'>βιωτικάς·</span> <span class='ocrx_word' id='word_1_405' title='bbox 3421 3068 3647 3139; x_wconf 82' lang='grc' dir='ltr'>φροντί-</span> 
     </span>
    </p>
   </div>
   <div class='ocr_carea' id='block_1_61' title="bbox 2059 3163 3646 3246">
    <p class='ocr_par' dir='ltr' id='par_1_61' title="bbox 2059 3163 3646 3246">
     <span class='ocr_line' id='line_1_61' title="bbox 2059 3163 3646 3246; baseline -0.013 -14"><span class='ocrx_word' id='word_1_406' title='bbox 2059 3180 2155 3242; x_wconf 85' lang='grc' dir='ltr'>δας</span> <span class='ocrx_word' id='word_1_407' title='bbox 2193 3176 2572 3246; x_wconf 84' lang='grc' dir='ltr'>ἀναδέχεσθαι,</span> <span class='ocrx_word' id='word_1_408' title='bbox 2608 3171 2912 3242; x_wconf 86' lang='grc' dir='ltr'>προνοητάς</span> <span class='ocrx_word' id='word_1_409' title='bbox 2940 3168 3284 3237; x_wconf 83' lang='grc' dir='ltr'>γινομένους,</span> <span class='ocrx_word' id='word_1_410' title='bbox 3316 3165 3348 3234; x_wconf 82' lang='grc' dir='ltr'>ἢ</span> <span class='ocrx_word' id='word_1_411' title='bbox 3379 3163 3646 3232; x_wconf 83' lang='grc' dir='ltr'>λογαρια-</span> 
     </span>
    </p>
   </div>
   <div class='ocr_carea' id='block_1_62' title="bbox 376 3251 1953 3345">
    <p class='ocr_par' dir='ltr' id='par_1_62' title="bbox 376 3251 1953 3324">
     <span class='ocr_line' id='line_1_62' title="bbox 376 3251 1953 3324; baseline 0.001 -19"><span class='ocrx_word' id='word_1_412' title='bbox 376 3251 623 3322; x_wconf 86' lang='lat' dir='ltr'><strong>profanis</strong></span> <span class='ocrx_word' id='word_1_413' title='bbox 668 3266 792 3307; x_wconf 88' lang='lat' dir='ltr'><strong>sese</strong></span> <span class='ocrx_word' id='word_1_414' title='bbox 839 3266 904 3306; x_wconf 84' lang='lat' dir='ltr'><strong>ac</strong></span> <span class='ocrx_word' id='word_1_415' title='bbox 938 3251 1296 3308; x_wconf 59' lang='lat' dir='ltr'><strong>saecularibus</strong></span> <span class='ocrx_word' id='word_1_416' title='bbox 1351 3252 1586 3320; x_wconf 83' lang='lat' dir='ltr'><strong>negotiis</strong></span> <span class='ocrx_word' id='word_1_417' title='bbox 1634 3254 1953 3324; x_wconf 89' lang='lat' dir='ltr'><strong>implicent,</strong></span> 
     </span>
    </p>
   </div>
   <div class='ocr_carea' id='block_1_63' title="bbox 2056 3251 3639 3345">
    <p class='ocr_par' dir='ltr' id='par_1_63' title="bbox 2064 3256 3639 3340">
     <span class='ocr_line' id='line_1_63' title="bbox 2064 3256 3639 3340; baseline -0.009 -16"><span class='ocrx_word' id='word_1_418' title='bbox 2064 3273 2218 3334; x_wconf 82' lang='grc' dir='ltr'>στὰς,</span> <span class='ocrx_word' id='word_1_419' title='bbox 2234 3272 2267 3340; x_wconf 84' lang='grc' dir='ltr'>ἢ</span> <span class='ocrx_word' id='word_1_420' title='bbox 2290 3270 2452 3331; x_wconf 81' lang='grc' dir='ltr'>ἄλλας</span> <span class='ocrx_word' id='word_1_421' title='bbox 2476 3267 2731 3330; x_wconf 82' lang='grc' dir='ltr'>τοιαύτας</span> <span class='ocrx_word' id='word_1_422' title='bbox 2754 3260 3308 3335; x_wconf 74' lang='grc' dir='ltr'>μεταχειριζομένους</span> <span class='ocrx_word' id='word_1_423' title='bbox 3327 3256 3639 3328; x_wconf 76' lang='grc' dir='ltr'>φροντίδας.</span> 
     </span>
    </p>
   </div>
   <div class='ocr_carea' id='block_1_64' title="bbox 334 3349 1957 3421">
    <p class='ocr_par' dir='ltr' id='par_1_64' title="bbox 334 3349 1957 3421">
     <span class='ocr_line' id='line_1_64' title="bbox 334 3349 1957 3421; baseline 0.004 -21"><span class='ocrx_word' id='word_1_424' title='bbox 334 3380 345 3387; x_wconf 60' lang='grc' dir='ltr'>η-</span> <span class='ocrx_word' id='word_1_425' title='bbox 377 3349 751 3417; x_wconf 86' lang='lat' dir='ltr'><strong>procuratoris</strong></span> <span class='ocrx_word' id='word_1_426' title='bbox 777 3357 874 3403; x_wconf 74' lang='lat' dir='ltr'><strong>aut</strong></span> <span class='ocrx_word' id='word_1_427' title='bbox 902 3349 1175 3403; x_wconf 86' lang='lat' dir='ltr'><strong>rationum</strong></span> <span class='ocrx_word' id='word_1_428' title='bbox 1206 3349 1469 3418; x_wconf 68' lang='lat' dir='ltr'><strong>praefecti,</strong></span> <span class='ocrx_word' id='word_1_429' title='bbox 1491 3358 1583 3405; x_wconf 88' lang='lat' dir='ltr'><strong>aut</strong></span> <span class='ocrx_word' id='word_1_430' title='bbox 1604 3351 1750 3405; x_wconf 88' lang='lat' dir='ltr'><strong>aliud</strong></span> <span class='ocrx_word' id='word_1_431' title='bbox 1778 3353 1957 3421; x_wconf 87' lang='lat' dir='ltr'><strong>quod-</strong></span> 
     </span>
    </p>
   </div>
   <div class='ocr_carea' id='block_1_65' title="bbox 376 3440 1957 3510">
    <p class='ocr_par' dir='ltr' id='par_1_65' title="bbox 376 3440 1957 3510">
     <span class='ocr_line' id='line_1_65' title="bbox 376 3440 1957 3510; baseline 0.003 -16"><span class='ocrx_word' id='word_1_432' title='bbox 376 3455 594 3510; x_wconf 84' lang='lat' dir='ltr'><strong>cunque</strong></span> <span class='ocrx_word' id='word_1_433' title='bbox 622 3456 824 3495; x_wconf 91' lang='lat' dir='ltr'><strong>munus</strong></span> <span class='ocrx_word' id='word_1_434' title='bbox 862 3440 1132 3509; x_wconf 89' lang='lat' dir='ltr'><strong>ejusmodi</strong></span> <span class='ocrx_word' id='word_1_435' title='bbox 1184 3441 1511 3510; x_wconf 83' lang='lat' dir='ltr'><strong>suscipiant.</strong></span> <span class='ocrx_word' id='word_1_436' title='bbox 1543 3442 1700 3509; x_wconf 82' lang='lat' dir='ltr'><strong>Quod</strong></span> <span class='ocrx_word' id='word_1_437' title='bbox 1735 3445 1780 3497; x_wconf 90' lang='lat' dir='ltr'><strong>si</strong></span> <span class='ocrx_word' id='word_1_438' title='bbox 1816 3462 1957 3501; x_wconf 92' lang='lat' dir='ltr'><strong>non-</strong></span> 
     </span>
    </p>
   </div>
   <div class='ocr_carea' id='block_1_66' title="bbox 378 3534 1951 3605">
    <p class='ocr_par' dir='ltr' id='par_1_66' title="bbox 378 3534 1951 3605">
     <span class='ocr_line' id='line_1_66' title="bbox 378 3534 1951 3605; baseline 0.004 -19"><span class='ocrx_word' id='word_1_439' title='bbox 378 3534 561 3589; x_wconf 81' lang='lat' dir='ltr'><strong>nullos</strong></span> <span class='ocrx_word' id='word_1_440' title='bbox 593 3534 715 3603; x_wconf 81' lang='lat' dir='ltr'><strong>ejus</strong></span> <span class='ocrx_word' id='word_1_441' title='bbox 766 3534 985 3605; x_wconf 80' lang='lat' dir='ltr'><strong>generis</strong></span> <span class='ocrx_word' id='word_1_442' title='bbox 1013 3535 1245 3603; x_wconf 81' lang='lat' dir='ltr'><strong>negotiis</strong></span> <span class='ocrx_word' id='word_1_443' title='bbox 1285 3552 1478 3590; x_wconf 89' lang='lat' dir='ltr'><strong>vacare</strong></span> <span class='ocrx_word' id='word_1_444' title='bbox 1509 3540 1951 3595; x_wconf 84' lang='lat' dir='ltr'><strong>animadversum</strong></span> 
     </span>
    </p>
   </div>
   <div class='ocr_carea' id='block_1_67' title="bbox 378 3626 1957 3707">
    <p class='ocr_par' dir='ltr' id='par_1_67' title="bbox 378 3626 1957 3707">
     <span class='ocr_line' id='line_1_67' title="bbox 378 3626 1957 3707; baseline 0.004 -28"><span class='ocrx_word' id='word_1_445' title='bbox 378 3629 473 3690; x_wconf 88' lang='lat' dir='ltr'><strong>sit,</strong></span> <span class='ocrx_word' id='word_1_446' title='bbox 509 3641 605 3679; x_wconf 89' lang='lat' dir='ltr'><strong>eos</strong></span> <span class='ocrx_word' id='word_1_447' title='bbox 643 3626 836 3695; x_wconf 83' lang='lat' dir='ltr'><strong>synodi</strong></span> <span class='ocrx_word' id='word_1_448' title='bbox 865 3627 1055 3682; x_wconf 86' lang='lat' dir='ltr'><strong>Patres</strong></span> <span class='ocrx_word' id='word_1_449' title='bbox 1082 3641 1177 3693; x_wconf 79' lang='lat' dir='ltr'><strong>aut</strong></span> <span class='ocrx_word' id='word_1_450' title='bbox 1206 3628 1275 3707; x_wconf 78' lang='lat' dir='ltr'><strong>ab</strong></span> <span class='ocrx_word' id='word_1_451' title='bbox 1302 3628 1520 3697; x_wconf 81' lang='lat' dir='ltr'><strong>incepto</strong></span> <span class='ocrx_word' id='word_1_452' title='bbox 1548 3629 1836 3694; x_wconf 83' lang='lat' dir='ltr'><strong>desistere,</strong></span> <span class='ocrx_word' id='word_1_453' title='bbox 1862 3641 1957 3687; x_wconf 88' lang='lat' dir='ltr'><strong>aut</strong></span> 
     </span>
    </p>
   </div>
   <div class='ocr_carea' id='block_1_68' title="bbox 379 3716 1962 3792">
    <p class='ocr_par' dir='ltr' id='par_1_68' title="bbox 379 3716 1962 3792">
     <span class='ocr_line' id='line_1_68' title="bbox 379 3716 1962 3792; baseline 0.008 -25"><span class='ocrx_word' id='word_1_454' title='bbox 379 3716 575 3786; x_wconf 84' lang='lat' dir='ltr'><strong>deponi</strong></span> <span class='ocrx_word' id='word_1_455' title='bbox 607 3718 821 3788; x_wconf 89' lang='lat' dir='ltr'><strong>jubent.</strong></span> <span class='ocrx_word' id='word_1_456' title='bbox 858 3719 1056 3773; x_wconf 86' lang='lat' dir='ltr'><strong>Eorum</strong></span> <span class='ocrx_word' id='word_1_457' title='bbox 1089 3737 1272 3790; x_wconf 87' lang='lat' dir='ltr'><strong>porro,</strong></span> <span class='ocrx_word' id='word_1_458' title='bbox 1310 3722 1401 3792; x_wconf 91' lang='lat' dir='ltr'><strong>qui</strong></span> <span class='ocrx_word' id='word_1_459' title='bbox 1443 3724 1677 3792; x_wconf 86' lang='lat' dir='ltr'><strong>majores</strong></span> <span class='ocrx_word' id='word_1_460' title='bbox 1701 3726 1962 3779; x_wconf 72' lang='lat' dir='ltr'><strong>dicebant-</strong></span> 
     </span>
    </p>
   </div>
   <div class='ocr_carea' id='block_1_69' title="bbox 379 3810 1958 3879">
    <p class='ocr_par' dir='ltr' id='par_1_69' title="bbox 379 3810 1958 3879">
     <span class='ocr_line' id='line_1_69' title="bbox 379 3810 1958 3879; baseline 0.008 -18"><span class='ocrx_word' id='word_1_461' title='bbox 379 3818 490 3870; x_wconf 89' lang='lat' dir='ltr'><strong>tur,</strong></span> <span class='ocrx_word' id='word_1_462' title='bbox 520 3810 586 3863; x_wconf 89' lang='lat' dir='ltr'><strong>de</strong></span> <span class='ocrx_word' id='word_1_463' title='bbox 635 3811 835 3879; x_wconf 87' lang='lat' dir='ltr'><strong>quibus</strong></span> <span class='ocrx_word' id='word_1_464' title='bbox 889 3812 991 3865; x_wconf 85' lang='lat' dir='ltr'><strong>hoc</strong></span> <span class='ocrx_word' id='word_1_465' title='bbox 1031 3828 1240 3868; x_wconf 81' lang='lat' dir='ltr'><strong>canone</strong></span> <span class='ocrx_word' id='word_1_466' title='bbox 1290 3816 1511 3879; x_wconf 86' lang='lat' dir='ltr'><strong>mentio,</strong></span> <span class='ocrx_word' id='word_1_467' title='bbox 1568 3833 1772 3872; x_wconf 88' lang='lat' dir='ltr'><strong>munus</strong></span> <span class='ocrx_word' id='word_1_468' title='bbox 1824 3818 1958 3873; x_wconf 89' lang='lat' dir='ltr'><strong>illud</strong></span> 
     </span>
    </p>
   </div>
   <div class='ocr_carea' id='block_1_70' title="bbox 378 3892 1962 3973">
    <p class='ocr_par' dir='ltr' id='par_1_70' title="bbox 378 3892 1962 3973">
     <span class='ocr_line' id='line_1_70' title="bbox 378 3892 1962 3973; baseline 0.009 -21"><span class='ocrx_word' id='word_1_469' title='bbox 378 3909 519 3962; x_wconf 86' lang='lat' dir='ltr'><strong>erat,</strong></span> <span class='ocrx_word' id='word_1_470' title='bbox 556 3912 612 3952; x_wconf 91' lang='lat' dir='ltr'><strong>ut</strong></span> <span class='ocrx_word' id='word_1_471' title='bbox 660 3892 724 3955; x_wconf 76' lang='lat' dir='ltr'><strong>ex</strong></span> <span class='ocrx_word' id='word_1_472' title='bbox 764 3902 1054 3956; x_wconf 83' lang='lat' dir='ltr'><strong>undecimo</strong></span> <span class='ocrx_word' id='word_1_473' title='bbox 1097 3919 1312 3967; x_wconf 83' lang='lat' dir='ltr'><strong>canone</strong></span> <span class='ocrx_word' id='word_1_474' title='bbox 1362 3907 1550 3973; x_wconf 71' lang='lat' dir='ltr'><strong>prima:</strong></span> <span class='ocrx_word' id='word_1_475' title='bbox 1601 3918 1655 3962; x_wconf 91' lang='lat' dir='ltr'><strong>et</strong></span> <span class='ocrx_word' id='word_1_476' title='bbox 1704 3910 1962 3965; x_wconf 66' lang='lat' dir='ltr'><strong>secundae</strong></span> 
     </span>
    </p>
   </div>
   <div class='ocr_carea' id='block_1_71' title="bbox 380 3991 1963 4073">
    <p class='ocr_par' dir='ltr' id='par_1_71' title="bbox 380 3991 1963 4073">
     <span class='ocr_line' id='line_1_71' title="bbox 380 3991 1963 4073; baseline 0.009 -30"><span class='ocrx_word' id='word_1_477' title='bbox 380 3991 572 4060; x_wconf 84' lang='lat' dir='ltr'><strong>synodi</strong></span> <span class='ocrx_word' id='word_1_478' title='bbox 609 3994 664 4045; x_wconf 86' lang='lat' dir='ltr'><strong>in</strong></span> <span class='ocrx_word' id='word_1_479' title='bbox 696 3993 900 4063; x_wconf 91' lang='lat' dir='ltr'><strong>templo</strong></span> <span class='ocrx_word' id='word_1_480' title='bbox 930 3995 1259 4073; x_wconf 84' lang='lat' dir='ltr'><strong>Sanctorum</strong></span> <span class='ocrx_word' id='word_1_481' title='bbox 1293 3996 1677 4064; x_wconf 85' lang='lat' dir='ltr'><strong>Apostolorum</strong></span> <span class='ocrx_word' id='word_1_482' title='bbox 1728 4017 1963 4073; x_wconf 88' lang='lat' dir='ltr'><strong>congre-</strong></span> 
     </span>
    </p>
   </div>
   <div class='ocr_carea' id='block_1_72' title="bbox 379 4072 1958 4167">
    <p class='ocr_par' dir='ltr' id='par_1_72' title="bbox 379 4072 1958 4167">
     <span class='ocr_line' id='line_1_72' title="bbox 379 4072 1958 4167; baseline 0.013 -33"><span class='ocrx_word' id='word_1_483' title='bbox 379 4096 518 4155; x_wconf 59' lang='grc' dir='ltr'>ςηιω</span> <span class='ocrx_word' id='word_1_484' title='bbox 547 4089 821 4158; x_wconf 80' lang='lat' dir='ltr'><strong>conjicere</strong></span> <span class='ocrx_word' id='word_1_485' title='bbox 851 4088 1009 4144; x_wconf 88' lang='lat' dir='ltr'><strong>facile</strong></span> <span class='ocrx_word' id='word_1_486' title='bbox 1039 4072 1145 4155; x_wconf 68' lang='lat' dir='ltr'><strong>est,</strong></span> <span class='ocrx_word' id='word_1_487' title='bbox 1174 4103 1231 4145; x_wconf 95' lang='lat' dir='ltr'><strong>ut</strong></span> <span class='ocrx_word' id='word_1_488' title='bbox 1258 4080 1488 4164; x_wconf 51' lang='lat' dir='ltr'><strong>in&#39;agris</strong></span> <span class='ocrx_word' id='word_1_489' title='bbox 1515 4099 1958 4167; x_wconf 87' lang='lat' dir='ltr'><strong>magistratuum,</strong></span> 
     </span>
    </p>
   </div>
   <div class='ocr_carea' id='block_1_73' title="bbox 377 4181 1438 4250">
    <p class='ocr_par' dir='ltr' id='par_1_73' title="bbox 377 4181 1438 4250">
     <span class='ocr_line' id='line_1_73' title="bbox 377 4181 1438 4250; baseline 0.009 -20"><span class='ocrx_word' id='word_1_490' title='bbox 377 4181 668 4247; x_wconf 78' lang='lat' dir='ltr'><strong>rationem,</strong></span> <span class='ocrx_word' id='word_1_491' title='bbox 700 4198 823 4250; x_wconf 66' lang='lat' dir='ltr'><strong>qua:</strong></span> <span class='ocrx_word' id='word_1_492' title='bbox 847 4182 1068 4248; x_wconf 88' lang='lat' dir='ltr'><strong>dicitur,</strong></span> <span class='ocrx_word' id='word_1_493' title='bbox 1097 4198 1438 4240; x_wconf 80' lang='lat' dir='ltr'><strong>exercerent.</strong></span> 
     </span>
    </p>
   </div>
   <div class='ocr_carea' id='block_1_74' title="bbox 375 4253 1951 4348">
    <p class='ocr_par' dir='ltr' id='par_1_74' title="bbox 375 4253 1951 4348">
     <span class='ocr_line' id='line_1_74' title="bbox 375 4253 1951 4348; baseline 0.005 -21"><span class='ocrx_word' id='word_1_494' title='bbox 375 4272 604 4332; x_wconf 83' lang='lat' dir='ltr'><strong>ARIST.</strong></span> <span class='ocrx_word' id='word_1_495' title='bbox 666 4292 686 4325; x_wconf 73' lang='grc' dir='ltr'><strong>ι</strong></span> <span class='ocrx_word' id='word_1_496' title='bbox 742 4274 1009 4339; x_wconf 86' lang='lat' dir='ltr'><strong>Clericus,</strong></span> <span class='ocrx_word' id='word_1_497' title='bbox 1059 4277 1152 4345; x_wconf 89' lang='lat' dir='ltr'><strong>qui</strong></span> <span class='ocrx_word' id='word_1_498' title='bbox 1185 4292 1285 4332; x_wconf 89' lang='lat' dir='ltr'><strong>sua</strong></span> <span class='ocrx_word' id='word_1_499' title='bbox 1316 4277 1505 4332; x_wconf 88' lang='lat' dir='ltr'><strong>relicta</strong></span> <span class='ocrx_word' id='word_1_500' title='bbox 1573 4281 1828 4348; x_wconf 83' lang='lat' dir='ltr'><strong>parochia</strong></span> <span class='ocrx_word' id='word_1_501' title='bbox 1888 4253 1951 4335; x_wconf 74' lang='lat' dir='ltr'><strong>in</strong></span> 
     </span>
    </p>
   </div>
   <div class='ocr_carea' id='block_1_75' title="bbox 453 4368 1959 4441">
    <p class='ocr_par' dir='ltr' id='par_1_75' title="bbox 453 4368 1959 4441">
     <span class='ocr_line' id='line_1_75' title="bbox 453 4368 1959 4441; baseline 0.007 -27"><span class='ocrx_word' id='word_1_502' title='bbox 453 4387 470 4414; x_wconf 74' lang='grc' dir='ltr'><strong>ι</strong></span> <span class='ocrx_word' id='word_1_503' title='bbox 512 4368 671 4420; x_wconf 82' lang='lat' dir='ltr'><strong>aliam</strong></span> <span class='ocrx_word' id='word_1_504' title='bbox 704 4383 762 4423; x_wconf 86' lang='lat' dir='ltr'><strong>se</strong></span> <span class='ocrx_word' id='word_1_505' title='bbox 780 4368 1016 4430; x_wconf 84' lang='lat' dir='ltr'><strong>confert,</strong></span> <span class='ocrx_word' id='word_1_506' title='bbox 1037 4368 1408 4439; x_wconf 82' lang='lat' dir='ltr'><strong>sine&#39;proprio</strong></span> <span class='ocrx_word' id='word_1_507' title='bbox 1440 4371 1699 4441; x_wconf 90' lang='lat' dir='ltr'><strong>episcopo</strong></span> <span class='ocrx_word' id='word_1_508' title='bbox 1732 4382 1786 4427; x_wconf 88' lang='lat' dir='ltr'><strong>et</strong></span> <span class='ocrx_word' id='word_1_509' title='bbox 1810 4372 1959 4427; x_wconf 81' lang='lat' dir='ltr'><strong>Con—</strong></span> 
     </span>
    </p>
   </div>
   <div class='ocr_carea' id='block_1_76' title="bbox 458 4462 1963 4533">
    <p class='ocr_par' dir='ltr' id='par_1_76' title="bbox 458 4462 1963 4533">
     <span class='ocr_line' id='line_1_76' title="bbox 458 4462 1963 4533; baseline 0.005 -22"><span class='ocrx_word' id='word_1_510' title='bbox 458 4480 476 4511; x_wconf 75' lang='grc' dir='ltr'><strong>ι</strong></span> <span class='ocrx_word' id='word_1_511' title='bbox 520 4462 1025 4531; x_wconf 85' lang='lat' dir='ltr'><strong>stantinopolitano,</strong></span> <span class='ocrx_word' id='word_1_512' title='bbox 1048 4478 1118 4516; x_wconf 91' lang='lat' dir='ltr'><strong>ne</strong></span> <span class='ocrx_word' id='word_1_513' title='bbox 1146 4463 1497 4526; x_wconf 89' lang='lat' dir='ltr'><strong>admittatur,</strong></span> <span class='ocrx_word' id='word_1_514' title='bbox 1561 4480 1739 4533; x_wconf 90' lang='lat' dir='ltr'><strong>neque</strong></span> <span class='ocrx_word' id='word_1_515' title='bbox 1771 4465 1823 4517; x_wconf 91' lang='lat' dir='ltr'><strong>in</strong></span> <span class='ocrx_word' id='word_1_516' title='bbox 1846 4463 1963 4518; x_wconf 91' lang='lat' dir='ltr'><strong>do—</strong></span> 
     </span>
    </p>
   </div>
   <div class='ocr_carea' id='block_1_77' title="bbox 460 4554 1961 4619">
    <p class='ocr_par' dir='ltr' id='par_1_77' title="bbox 460 4554 1961 4619">
     <span class='ocr_line' id='line_1_77' title="bbox 460 4554 1961 4619; baseline 0.003 -16"><span class='ocrx_word' id='word_1_517' title='bbox 460 4564 488 4603; x_wconf 68' lang='lat' dir='ltr'><strong>r</strong></span> <span class='ocrx_word' id='word_1_518' title='bbox 517 4570 625 4613; x_wconf 86' lang='lat' dir='ltr'><strong>mo,</strong></span> <span class='ocrx_word' id='word_1_519' title='bbox 662 4569 761 4607; x_wconf 92' lang='lat' dir='ltr'><strong>nec</strong></span> <span class='ocrx_word' id='word_1_520' title='bbox 792 4554 847 4607; x_wconf 91' lang='lat' dir='ltr'><strong>in</strong></span> <span class='ocrx_word' id='word_1_521' title='bbox 896 4554 1149 4608; x_wconf 90' lang='lat' dir='ltr'><strong>ecclesia.</strong></span> <span class='ocrx_word' id='word_1_522' title='bbox 1214 4554 1318 4619; x_wconf 85' lang='lat' dir='ltr'><strong>Qui</strong></span> <span class='ocrx_word' id='word_1_523' title='bbox 1376 4564 1554 4608; x_wconf 89' lang='lat' dir='ltr'><strong>autem</strong></span> <span class='ocrx_word' id='word_1_524' title='bbox 1587 4555 1689 4609; x_wconf 90' lang='lat' dir='ltr'><strong>hoc</strong></span> <span class='ocrx_word' id='word_1_525' title='bbox 1728 4554 1860 4609; x_wconf 83' lang='lat' dir='ltr'><strong>facit</strong></span> <span class='ocrx_word' id='word_1_526' title='bbox 1906 4566 1961 4610; x_wconf 85' lang='lat' dir='ltr'><strong>et</strong></span> 
     </span>
    </p>
   </div>
   <div class='ocr_carea' id='block_1_78' title="bbox 458 4645 1961 4717">
    <p class='ocr_par' dir='ltr' id='par_1_78' title="bbox 458 4645 1961 4717">
     <span class='ocr_line' id='line_1_78' title="bbox 458 4645 1961 4717; baseline 0.008 -25"><span class='ocrx_word' id='word_1_527' title='bbox 458 4666 475 4692; x_wconf 75' lang='grc' dir='ltr'><strong>ι</strong></span> <span class='ocrx_word' id='word_1_528' title='bbox 512 4654 843 4713; x_wconf 82' lang='lat' dir='ltr'><strong>perseverat,</strong></span> <span class='ocrx_word' id='word_1_529' title='bbox 877 4646 1202 4713; x_wconf 86' lang='lat' dir='ltr'><strong>deponatur.</strong></span> <span class='ocrx_word' id='word_1_530' title='bbox 1234 4645 1291 4699; x_wconf 90' lang='lat' dir='ltr'><strong>Si</strong></span> <span class='ocrx_word' id='word_1_531' title='bbox 1320 4654 1503 4700; x_wconf 88' lang='lat' dir='ltr'><strong>autem</strong></span> <span class='ocrx_word' id='word_1_532' title='bbox 1548 4647 1613 4701; x_wconf 90' lang='lat' dir='ltr'><strong>iis</strong></span> <span class='ocrx_word' id='word_1_533' title='bbox 1642 4663 1783 4717; x_wconf 92' lang='lat' dir='ltr'><strong>quos</strong></span> <span class='ocrx_word' id='word_1_534' title='bbox 1817 4649 1961 4704; x_wconf 84' lang='lat' dir='ltr'><strong>dixi-</strong></span> 
     </span>
    </p>
   </div>
   <div class='ocr_carea' id='block_1_79' title="bbox 459 4736 1961 4800">
    <p class='ocr_par' dir='ltr' id='par_1_79' title="bbox 459 4736 1961 4800">
     <span class='ocr_line' id='line_1_79' title="bbox 459 4736 1961 4800; baseline 0.007 -13"><span class='ocrx_word' id='word_1_535' title='bbox 459 4759 476 4787; x_wconf 72' lang='grc' dir='ltr'><strong>ε</strong></span> <span class='ocrx_word' id='word_1_536' title='bbox 520 4754 640 4792; x_wconf 90' lang='lat' dir='ltr'><strong>mus</strong></span> <span class='ocrx_word' id='word_1_537' title='bbox 671 4736 970 4792; x_wconf 57' lang='lat' dir='ltr'><strong>scientibus</strong></span> <span class='ocrx_word' id='word_1_538' title='bbox 1010 4739 1113 4792; x_wconf 87' lang='lat' dir='ltr'><strong>hoc</strong></span> <span class='ocrx_word' id='word_1_539' title='bbox 1144 4736 1409 4800; x_wconf 87' lang='lat' dir='ltr'><strong>fecerint;</strong></span> <span class='ocrx_word' id='word_1_540' title='bbox 1443 4737 1736 4794; x_wconf 61' lang='lat' dir='ltr'><strong>saeculares</strong></span> <span class='ocrx_word' id='word_1_541' title='bbox 1796 4741 1852 4795; x_wconf 91' lang='lat' dir='ltr'><strong>in</strong></span> <span class='ocrx_word' id='word_1_542' title='bbox 1902 4758 1961 4797; x_wconf 89' lang='lat' dir='ltr'><strong>se</strong></span> 
     </span>
    </p>
   </div>
   <div class='ocr_carea' id='block_1_80' title="bbox 460 4830 1956 4901">
    <p class='ocr_par' dir='ltr' id='par_1_80' title="bbox 460 4830 1956 4901">
     <span class='ocr_line' id='line_1_80' title="bbox 460 4830 1956 4901; baseline 0.006 -20"><span class='ocrx_word' id='word_1_543' title='bbox 460 4851 477 4881; x_wconf 74' lang='grc' dir='ltr'><strong>ι</strong></span> <span class='ocrx_word' id='word_1_544' title='bbox 516 4844 678 4884; x_wconf 88' lang='lat' dir='ltr'><strong>curas</strong></span> <span class='ocrx_word' id='word_1_545' title='bbox 702 4847 770 4884; x_wconf 90' lang='lat' dir='ltr'><strong>ne</strong></span> <span class='ocrx_word' id='word_1_546' title='bbox 785 4830 1110 4899; x_wconf 83' lang='lat' dir='ltr'><strong>suscipiant.</strong></span> <span class='ocrx_word' id='word_1_547' title='bbox 1139 4831 1222 4885; x_wconf 89' lang='lat' dir='ltr'><strong>vel</strong></span> <span class='ocrx_word' id='word_1_548' title='bbox 1256 4830 1301 4886; x_wconf 88' lang='lat' dir='ltr'><strong>si</strong></span> <span class='ocrx_word' id='word_1_549' title='bbox 1325 4832 1689 4901; x_wconf 86' lang='lat' dir='ltr'><strong>susceperint,</strong></span> <span class='ocrx_word' id='word_1_550' title='bbox 1717 4844 1956 4901; x_wconf 84' lang='lat' dir='ltr'><strong>cessent,</strong></span> 
     </span>
    </p>
   </div>
   <div class='ocr_carea' id='block_1_81' title="bbox 459 4925 1222 4995">
    <p class='ocr_par' dir='ltr' id='par_1_81' title="bbox 459 4925 1222 4995">
     <span class='ocr_line' id='line_1_81' title="bbox 459 4925 1222 4995; baseline -0.001 -17"><span class='ocrx_word' id='word_1_551' title='bbox 459 4946 477 4977; x_wconf 76' lang='grc' dir='ltr'><strong>ι</strong></span> <span class='ocrx_word' id='word_1_552' title='bbox 523 4926 765 4995; x_wconf 91' lang='lat' dir='ltr'><strong>alioquin</strong></span> <span class='ocrx_word' id='word_1_553' title='bbox 799 4925 1165 4995; x_wconf 87' lang='lat' dir='ltr'><strong>deponantur.</strong></span> <span class='ocrx_word' id='word_1_554' title='bbox 1203 4944 1222 4977; x_wconf 73' lang='grc' dir='ltr'><strong>ι</strong></span> 
     </span>
    </p>
   </div>
   <div class='ocr_carea' id='block_1_82' title="bbox 448 5019 1959 5093">
    <p class='ocr_par' dir='ltr' id='par_1_82' title="bbox 448 5019 1959 5093">
     <span class='ocr_line' id='line_1_82' title="bbox 448 5019 1959 5093; baseline 0.003 -21"><span class='ocrx_word' id='word_1_555' title='bbox 448 5019 797 5093; x_wconf 73' lang='lat' dir='ltr'><strong>Peregrinum</strong></span> <span class='ocrx_word' id='word_1_556' title='bbox 844 5020 1103 5075; x_wconf 80' lang='lat' dir='ltr'><strong>clericum</strong></span> <span class='ocrx_word' id='word_1_557' title='bbox 1164 5020 1304 5075; x_wconf 85' lang='lat' dir='ltr'><strong>lianc</strong></span> <span class='ocrx_word' id='word_1_558' title='bbox 1340 5021 1558 5077; x_wconf 86' lang='lat' dir='ltr'><strong>urbium</strong></span> <span class='ocrx_word' id='word_1_559' title='bbox 1600 5024 1840 5093; x_wconf 83' lang='lat' dir='ltr'><strong>reginam</strong></span> <span class='ocrx_word' id='word_1_560' title='bbox 1872 5024 1959 5078; x_wconf 86' lang='lat' dir='ltr'><strong>in-</strong></span> 
     </span>
    </p>
   </div>
   <div class='ocr_carea' id='block_1_83' title="bbox 379 5110 1962 5182">
    <p class='ocr_par' dir='ltr' id='par_1_83' title="bbox 379 5110 1962 5182">
     <span class='ocr_line' id='line_1_83' title="bbox 379 5110 1962 5182; baseline 0.003 -20"><span class='ocrx_word' id='word_1_561' title='bbox 379 5110 715 5179; x_wconf 79' lang='lat' dir='ltr'><strong>gredientem</strong></span> <span class='ocrx_word' id='word_1_562' title='bbox 743 5126 860 5174; x_wconf 55' lang='lat' dir='ltr'><strong>,non</strong></span> <span class='ocrx_word' id='word_1_563' title='bbox 892 5118 1109 5179; x_wconf 86' lang='lat' dir='ltr'><strong>oportet</strong></span> <span class='ocrx_word' id='word_1_564' title='bbox 1157 5111 1278 5164; x_wconf 88' lang='lat' dir='ltr'><strong>sine</strong></span> <span class='ocrx_word' id='word_1_565' title='bbox 1324 5110 1410 5165; x_wconf 90' lang='lat' dir='ltr'><strong>sui</strong></span> <span class='ocrx_word' id='word_1_566' title='bbox 1463 5112 1704 5182; x_wconf 90' lang='lat' dir='ltr'><strong>episcopi</strong></span> <span class='ocrx_word' id='word_1_567' title='bbox 1752 5122 1806 5167; x_wconf 89' lang='lat' dir='ltr'><strong>et</strong></span> <span class='ocrx_word' id='word_1_568' title='bbox 1846 5112 1962 5180; x_wconf 89' lang='lat' dir='ltr'><strong>epi-</strong></span> 
     </span>
    </p>
   </div>
   <div class='ocr_carea' id='block_1_84' title="bbox 379 5200 1959 5272">
    <p class='ocr_par' dir='ltr' id='par_1_84' title="bbox 379 5200 1959 5272">
     <span class='ocr_line' id='line_1_84' title="bbox 379 5200 1959 5272; baseline 0.001 -17"><span class='ocrx_word' id='word_1_569' title='bbox 379 5202 533 5271; x_wconf 82' lang='lat' dir='ltr'><strong>scopi</strong></span> <span class='ocrx_word' id='word_1_570' title='bbox 567 5200 1162 5271; x_wconf 87' lang='lat' dir='ltr'><strong>Constantinopolitani</strong></span> <span class='ocrx_word' id='word_1_571' title='bbox 1195 5202 1474 5257; x_wconf 72' lang='lat' dir='ltr'><strong>voluntate</strong></span> <span class='ocrx_word' id='word_1_572' title='bbox 1519 5203 1572 5257; x_wconf 90' lang='lat' dir='ltr'><strong>in</strong></span> <span class='ocrx_word' id='word_1_573' title='bbox 1605 5203 1798 5272; x_wconf 89' lang='lat' dir='ltr'><strong>quavis</strong></span> <span class='ocrx_word' id='word_1_574' title='bbox 1843 5202 1959 5257; x_wconf 67' lang='lat' dir='ltr'><strong>aede</strong></span> 
     </span>
    </p>
   </div>
   <div class='ocr_carea' id='block_1_85' title="bbox 376 5292 1956 5364">
    <p class='ocr_par' dir='ltr' id='par_1_85' title="bbox 376 5292 1956 5364">
     <span class='ocr_line' id='line_1_85' title="bbox 376 5292 1956 5364; baseline 0.003 -19"><span class='ocrx_word' id='word_1_575' title='bbox 376 5294 462 5349; x_wconf 90' lang='lat' dir='ltr'><strong>vel</strong></span> <span class='ocrx_word' id='word_1_576' title='bbox 490 5293 722 5349; x_wconf 84' lang='lat' dir='ltr'><strong>ecclesia</strong></span> <span class='ocrx_word' id='word_1_577' title='bbox 755 5294 944 5363; x_wconf 88' lang='lat' dir='ltr'><strong>recipi.</strong></span> <span class='ocrx_word' id='word_1_578' title='bbox 977 5292 1031 5347; x_wconf 92' lang='lat' dir='ltr'><strong>Si</strong></span> <span class='ocrx_word' id='word_1_579' title='bbox 1067 5303 1247 5347; x_wconf 88' lang='lat' dir='ltr'><strong>autem</strong></span> <span class='ocrx_word' id='word_1_580' title='bbox 1279 5311 1307 5347; x_wconf 88' lang='lat' dir='ltr'><strong>a</strong></span> <span class='ocrx_word' id='word_1_581' title='bbox 1333 5297 1588 5364; x_wconf 85' lang='lat' dir='ltr'><strong>quopiam</strong></span> <span class='ocrx_word' id='word_1_582' title='bbox 1614 5296 1742 5357; x_wconf 79' lang='lat' dir='ltr'><strong>sine</strong></span> <span class='ocrx_word' id='word_1_583' title='bbox 1767 5311 1956 5350; x_wconf 89' lang='lat' dir='ltr'><strong>eorum</strong></span> 
     </span>
    </p>
   </div>
   <div class='ocr_carea' id='block_1_86' title="bbox 382 5386 2003 5457">
    <p class='ocr_par' dir='ltr' id='par_1_86' title="bbox 382 5386 2003 5457">
     <span class='ocr_line' id='line_1_86' title="bbox 382 5386 2003 5457; baseline 0 -16"><span class='ocrx_word' id='word_1_584' title='bbox 382 5389 613 5441; x_wconf 89' lang='lat' dir='ltr'><strong>scientia</strong></span> <span class='ocrx_word' id='word_1_585' title='bbox 651 5386 967 5456; x_wconf 85' lang='lat' dir='ltr'><strong>recipiatur,</strong></span> <span class='ocrx_word' id='word_1_586' title='bbox 1003 5395 1057 5440; x_wconf 90' lang='lat' dir='ltr'><strong>et</strong></span> <span class='ocrx_word' id='word_1_587' title='bbox 1084 5396 1320 5447; x_wconf 86' lang='lat' dir='ltr'><strong>maneat.</strong></span> <span class='ocrx_word' id='word_1_588' title='bbox 1361 5388 1426 5440; x_wconf 89' lang='lat' dir='ltr'><strong>ad</strong></span> <span class='ocrx_word' id='word_1_589' title='bbox 1457 5402 1609 5442; x_wconf 89' lang='lat' dir='ltr'><strong>suam</strong></span> <span class='ocrx_word' id='word_1_590' title='bbox 1660 5389 1955 5457; x_wconf 70' lang='lat' dir='ltr'><strong>parmciam</strong></span> <span class='ocrx_word' id='word_1_591' title='bbox 1998 5428 2003 5433; x_wconf 75' lang='lat'><strong>.</strong></span> 
     </span>
    </p>
   </div>
   <div class='ocr_carea' id='block_1_87' title="bbox 379 5478 1954 5548">
    <p class='ocr_par' dir='ltr' id='par_1_87' title="bbox 379 5478 1954 5548">
     <span class='ocr_line' id='line_1_87' title="bbox 379 5478 1954 5548; baseline 0.001 -15"><span class='ocrx_word' id='word_1_592' title='bbox 379 5495 488 5534; x_wconf 85' lang='lat' dir='ltr'><strong>non</strong></span> <span class='ocrx_word' id='word_1_593' title='bbox 536 5478 776 5544; x_wconf 88' lang='lat' dir='ltr'><strong>rediens,</strong></span> <span class='ocrx_word' id='word_1_594' title='bbox 816 5478 1145 5548; x_wconf 76' lang='lat' dir='ltr'><strong>deponatur.</strong></span> <span class='ocrx_word' id='word_1_595' title='bbox 1196 5478 1300 5544; x_wconf 87' lang='lat' dir='ltr'><strong>Qui</strong></span> <span class='ocrx_word' id='word_1_596' title='bbox 1349 5489 1532 5533; x_wconf 89' lang='lat' dir='ltr'><strong>autem</strong></span> <span class='ocrx_word' id='word_1_597' title='bbox 1589 5494 1711 5533; x_wconf 90' lang='lat' dir='ltr'><strong>cum</strong></span> <span class='ocrx_word' id='word_1_598' title='bbox 1766 5496 1954 5535; x_wconf 87' lang='lat' dir='ltr'><strong>eorum</strong></span> 
     </span>
    </p>
   </div>
   <div class='ocr_carea' id='block_1_88' title="bbox 381 5573 1957 5643">
    <p class='ocr_par' dir='ltr' id='par_1_88' title="bbox 381 5573 1957 5643">
     <span class='ocr_line' id='line_1_88' title="bbox 381 5573 1957 5643; baseline 0.001 -16"><span class='ocrx_word' id='word_1_599' title='bbox 381 5573 614 5627; x_wconf 88' lang='lat' dir='ltr'><strong>scientia</strong></span> <span class='ocrx_word' id='word_1_600' title='bbox 653 5574 705 5627; x_wconf 93' lang='lat' dir='ltr'><strong>in</strong></span> <span class='ocrx_word' id='word_1_601' title='bbox 741 5574 856 5628; x_wconf 72' lang='lat' dir='ltr'><strong>azde</strong></span> <span class='ocrx_word' id='word_1_602' title='bbox 885 5575 1089 5643; x_wconf 88' lang='lat' dir='ltr'><strong>aliqua,</strong></span> <span class='ocrx_word' id='word_1_603' title='bbox 1121 5588 1311 5627; x_wconf 90' lang='lat' dir='ltr'><strong>earnm</strong></span> <span class='ocrx_word' id='word_1_604' title='bbox 1345 5588 1465 5642; x_wconf 68' lang='lat' dir='ltr'><strong>qua:</strong></span> <span class='ocrx_word' id='word_1_605' title='bbox 1501 5573 1555 5625; x_wconf 91' lang='lat' dir='ltr'><strong>in</strong></span> <span class='ocrx_word' id='word_1_606' title='bbox 1608 5573 1741 5627; x_wconf 86' lang='lat' dir='ltr'><strong>urbe</strong></span> <span class='ocrx_word' id='word_1_607' title='bbox 1776 5575 1881 5628; x_wconf 88' lang='lat' dir='ltr'><strong>bac</strong></span> <span class='ocrx_word' id='word_1_608' title='bbox 1927 5589 1957 5628; x_wconf 91' lang='lat' dir='ltr'><strong>a</strong></span> 
     </span>
    </p>
   </div>
   <div class='ocr_carea' id='block_1_89' title="bbox 381 5662 1958 5732">
    <p class='ocr_par' dir='ltr' id='par_1_89' title="bbox 381 5662 1958 5732">
     <span class='ocr_line' id='line_1_89' title="bbox 381 5662 1958 5732; baseline 0.001 -16"><span class='ocrx_word' id='word_1_609' title='bbox 381 5663 493 5718; x_wconf 86' lang='lat' dir='ltr'><strong>Deo</strong></span> <span class='ocrx_word' id='word_1_610' title='bbox 535 5664 803 5721; x_wconf 82' lang='lat' dir='ltr'><strong>custodita</strong></span> <span class='ocrx_word' id='word_1_611' title='bbox 836 5674 985 5731; x_wconf 89' lang='lat' dir='ltr'><strong>sunt,</strong></span> <span class='ocrx_word' id='word_1_612' title='bbox 1017 5664 1296 5719; x_wconf 84' lang='lat' dir='ltr'><strong>admissus</strong></span> <span class='ocrx_word' id='word_1_613' title='bbox 1331 5672 1436 5728; x_wconf 89' lang='lat' dir='ltr'><strong>est,</strong></span> <span class='ocrx_word' id='word_1_614' title='bbox 1470 5677 1579 5717; x_wconf 90' lang='lat' dir='ltr'><strong>non</strong></span> <span class='ocrx_word' id='word_1_615' title='bbox 1628 5662 1791 5718; x_wconf 86' lang='lat' dir='ltr'><strong>debet</strong></span> <span class='ocrx_word' id='word_1_616' title='bbox 1825 5679 1958 5732; x_wconf 85' lang='lat' dir='ltr'><strong>pro-</strong></span> 
     </span>
    </p>
   </div>
   <div class='ocr_carea' id='block_1_90' title="bbox 378 5754 1961 5826">
    <p class='ocr_par' dir='ltr' id='par_1_90' title="bbox 378 5754 1961 5826">
     <span class='ocr_line' id='line_1_90' title="bbox 378 5754 1961 5826; baseline 0.002 -19"><span class='ocrx_word' id='word_1_617' title='bbox 378 5755 550 5821; x_wconf 88' lang='lat' dir='ltr'><strong>visor,</strong></span> <span class='ocrx_word' id='word_1_618' title='bbox 587 5767 681 5810; x_wconf 89' lang='lat' dir='ltr'><strong>aut</strong></span> <span class='ocrx_word' id='word_1_619' title='bbox 716 5757 913 5826; x_wconf 90' lang='lat' dir='ltr'><strong>major,</strong></span> <span class='ocrx_word' id='word_1_620' title='bbox 944 5768 1038 5809; x_wconf 88' lang='lat' dir='ltr'><strong>aut</strong></span> <span class='ocrx_word' id='word_1_621' title='bbox 1066 5763 1288 5810; x_wconf 86' lang='lat' dir='ltr'><strong>curator</strong></span> <span class='ocrx_word' id='word_1_622' title='bbox 1319 5754 1460 5819; x_wconf 84' lang='lat' dir='ltr'><strong>ﬁeri,</strong></span> <span class='ocrx_word' id='word_1_623' title='bbox 1535 5760 1629 5809; x_wconf 89' lang='lat' dir='ltr'><strong>sed</strong></span> <span class='ocrx_word' id='word_1_624' title='bbox 1662 5771 1860 5825; x_wconf 91' lang='lat' dir='ltr'><strong>pueros</strong></span> <span class='ocrx_word' id='word_1_625' title='bbox 1905 5764 1961 5810; x_wconf 90' lang='lat' dir='ltr'><strong>et</strong></span> 
     </span>
    </p>
   </div>
   <div class='ocr_carea' id='block_1_91' title="bbox 382 5848 1957 5917">
    <p class='ocr_par' dir='ltr' id='par_1_91' title="bbox 382 5848 1957 5917">
     <span class='ocr_line' id='line_1_91' title="bbox 382 5848 1957 5917; baseline 0.001 -14"><span class='ocrx_word' id='word_1_626' title='bbox 382 5864 573 5904; x_wconf 90' lang='lat' dir='ltr'><strong>servos</strong></span> <span class='ocrx_word' id='word_1_627' title='bbox 607 5848 825 5904; x_wconf 88' lang='lat' dir='ltr'><strong>docere.</strong></span> <span class='ocrx_word' id='word_1_628' title='bbox 864 5848 921 5903; x_wconf 89' lang='lat' dir='ltr'><strong>Si</strong></span> <span class='ocrx_word' id='word_1_629' title='bbox 954 5858 1135 5902; x_wconf 89' lang='lat' dir='ltr'><strong>autem</strong></span> <span class='ocrx_word' id='word_1_630' title='bbox 1166 5848 1441 5916; x_wconf 80' lang='lat' dir='ltr'><strong>ejusmodi</strong></span> <span class='ocrx_word' id='word_1_631' title='bbox 1492 5863 1653 5903; x_wconf 88' lang='lat' dir='ltr'><strong>curas</strong></span> <span class='ocrx_word' id='word_1_632' title='bbox 1699 5864 1957 5917; x_wconf 86' lang='lat' dir='ltr'><strong>suscepe-</strong></span> 
     </span>
    </p>
   </div>
   <div class='ocr_carea' id='block_1_92' title="bbox 381 5943 1290 6013">
    <p class='ocr_par' dir='ltr' id='par_1_92' title="bbox 381 5943 1290 6013">
     <span class='ocr_line' id='line_1_92' title="bbox 381 5943 1290 6013; baseline 0.001 -16"><span class='ocrx_word' id='word_1_633' title='bbox 381 5944 479 6007; x_wconf 89' lang='lat' dir='ltr'><strong>rit,</strong></span> <span class='ocrx_word' id='word_1_634' title='bbox 509 5946 589 5999; x_wconf 90' lang='lat' dir='ltr'><strong>vcl</strong></span> <span class='ocrx_word' id='word_1_635' title='bbox 627 5953 823 5999; x_wconf 82' lang='lat' dir='ltr'><strong>cesset.</strong></span> <span class='ocrx_word' id='word_1_636' title='bbox 856 5943 938 5998; x_wconf 84' lang='lat' dir='ltr'><strong>vel</strong></span> <span class='ocrx_word' id='word_1_637' title='bbox 967 5943 1290 6013; x_wconf 81' lang='lat' dir='ltr'><strong>deponatur.</strong></span> 
     </span>
    </p>
   </div>
   <div class='ocr_carea' id='block_1_93' title="bbox 1989 4603 2038 4663">
    <p class='ocr_par' dir='ltr' id='par_1_93' title="bbox 1989 4603 2038 4663">
     <span class='ocr_line' id='line_1_93' title="bbox 1989 4603 2038 4663; baseline 0 0"><span class='ocrx_word' id='word_1_638' title='bbox 1989 4603 2038 4663; x_wconf 92' lang='lat' dir='ltr'>D</span> 
     </span>
    </p>
   </div>
   <div class='ocr_carea' id='block_1_94' title="bbox 2065 3349 3646 3427">
    <p class='ocr_par' dir='ltr' id='par_1_94' title="bbox 2065 3349 3646 3427">
     <span class='ocr_line' id='line_1_94' title="bbox 2065 3349 3646 3427; baseline -0.012 -8"><span class='ocrx_word' id='word_1_639' title='bbox 2065 3368 2130 3419; x_wconf 82' lang='lat' dir='ltr'><strong>El</strong></span> <span class='ocrx_word' id='word_1_640' title='bbox 2149 3365 2207 3417; x_wconf 83' lang='grc' dir='ltr'><strong>δέ</strong></span> <span class='ocrx_word' id='word_1_641' title='bbox 2223 3364 2276 3416; x_wconf 78' lang='grc' dir='ltr'><strong>τι</strong></span> <span class='ocrx_word' id='word_1_642' title='bbox 2298 3363 2561 3423; x_wconf 84' lang='grc' dir='ltr'>τοιοῦτον,</span> <span class='ocrx_word' id='word_1_643' title='bbox 2580 3360 2744 3427; x_wconf 70' lang='grc' dir='ltr'>φασὶν</span> <span class='ocrx_word' id='word_1_644' title='bbox 2764 3359 2813 3409; x_wconf 76' lang='grc' dir='ltr'><strong>οἱ</strong></span> <span class='ocrx_word' id='word_1_645' title='bbox 2831 3357 2933 3425; x_wconf 80' lang='grc' dir='ltr'>τῆς</span> <span class='ocrx_word' id='word_1_646' title='bbox 2953 3355 3173 3409; x_wconf 89' lang='grc' dir='ltr'>συνόδου</span> <span class='ocrx_word' id='word_1_647' title='bbox 3189 3352 3456 3421; x_wconf 85' lang='grc' dir='ltr'>Πατέρες,</span> <span class='ocrx_word' id='word_1_648' title='bbox 3483 3349 3646 3420; x_wconf 86' lang='grc' dir='ltr'>εὑρε-</span> 
     </span>
    </p>
   </div>
   <div class='ocr_carea' id='block_1_95' title="bbox 2068 3439 3652 3516">
    <p class='ocr_par' dir='ltr' id='par_1_95' title="bbox 2068 3439 3652 3516">
     <span class='ocr_line' id='line_1_95' title="bbox 2068 3439 3652 3516; baseline -0.011 -6"><span class='ocrx_word' id='word_1_649' title='bbox 2068 3458 2212 3510; x_wconf 87' lang='grc' dir='ltr'>θείέν</span> <span class='ocrx_word' id='word_1_650' title='bbox 2245 3471 2391 3514; x_wconf 86' lang='grc' dir='ltr'>τινες</span> <span class='ocrx_word' id='word_1_651' title='bbox 2424 3452 2732 3512; x_wconf 84' lang='grc' dir='ltr'>ποιοῦντες,</span> <span class='ocrx_word' id='word_1_652' title='bbox 2760 3448 2793 3516; x_wconf 77' lang='grc' dir='ltr'><strong>ἢ</strong></span> <span class='ocrx_word' id='word_1_653' title='bbox 2834 3446 3263 3508; x_wconf 83' lang='grc' dir='ltr'>παυσάσθωσαν,</span> <span class='ocrx_word' id='word_1_654' title='bbox 3301 3442 3334 3513; x_wconf 82' lang='grc' dir='ltr'>ἢ</span> <span class='ocrx_word' id='word_1_655' title='bbox 3369 3439 3652 3510; x_wconf 73' lang='grc' dir='ltr'>καθαιρεί-</span> 
     </span>
    </p>
   </div>
   <div class='ocr_carea' id='block_1_96' title="bbox 2070 3534 3646 3609">
    <p class='ocr_par' dir='ltr' id='par_1_96' title="bbox 2070 3534 3646 3609">
     <span class='ocr_line' id='line_1_96' title="bbox 2070 3534 3646 3609; baseline -0.014 -7"><span class='ocrx_word' id='word_1_656' title='bbox 2070 3550 2311 3602; x_wconf 87' lang='grc' dir='ltr'>σθωσαν.</span> <span class='ocrx_word' id='word_1_657' title='bbox 2367 3545 2431 3596; x_wconf 86' lang='grc' dir='ltr'><strong><em>Ἦ</em></strong></span> <span class='ocrx_word' id='word_1_658' title='bbox 2468 3543 2575 3594; x_wconf 82' lang='grc' dir='ltr'>τῶν</span> <span class='ocrx_word' id='word_1_659' title='bbox 2600 3540 2909 3609; x_wconf 86' lang='grc' dir='ltr'>λεγομένων</span> <span class='ocrx_word' id='word_1_660' title='bbox 2940 3537 2997 3589; x_wconf 79' lang='grc' dir='ltr'>δὲ</span> <span class='ocrx_word' id='word_1_661' title='bbox 3032 3536 3364 3604; x_wconf 80' lang='grc' dir='ltr'>μειζοτέρων</span> <span class='ocrx_word' id='word_1_662' title='bbox 3400 3534 3646 3601; x_wconf 70' lang='grc' dir='ltr'>φροντὶς,</span> 
     </span>
    </p>
   </div>
   <div class='ocr_carea' id='block_1_97' title="bbox 2065 3620 3645 3707">
    <p class='ocr_par' dir='ltr' id='par_1_97' title="bbox 2065 3620 3645 3707">
     <span class='ocr_line' id='line_1_97' title="bbox 2065 3620 3645 3707; baseline -0.011 -18"><span class='ocrx_word' id='word_1_663' title='bbox 2065 3639 2131 3707; x_wconf 84' lang='grc' dir='ltr'>ἣν</span> <span class='ocrx_word' id='word_1_664' title='bbox 2154 3637 2181 3686; x_wconf 87' lang='grc' dir='ltr'><strong>ὁ</strong></span> <span class='ocrx_word' id='word_1_665' title='bbox 2202 3634 2382 3687; x_wconf 83' lang='grc' dir='ltr'>κανὼν</span> <span class='ocrx_word' id='word_1_666' title='bbox 2414 3628 2563 3694; x_wconf 75' lang='grc' dir='ltr'>οὗτος</span> <span class='ocrx_word' id='word_1_667' title='bbox 2605 3631 2775 3697; x_wconf 85' lang='grc' dir='ltr'>λέγει,</span> <span class='ocrx_word' id='word_1_668' title='bbox 2809 3628 2983 3692; x_wconf 72' lang='grc' dir='ltr'>ἔστιν,</span> <span class='ocrx_word' id='word_1_669' title='bbox 3041 3626 3116 3687; x_wconf 82' lang='grc' dir='ltr'>ὡς</span> <span class='ocrx_word' id='word_1_670' title='bbox 3158 3627 3221 3676; x_wconf 80' lang='grc' dir='ltr'><strong>ἐκ</strong></span> <span class='ocrx_word' id='word_1_671' title='bbox 3252 3623 3346 3675; x_wconf 83' lang='grc' dir='ltr'>τοῦ</span> <span class='ocrx_word' id='word_1_672' title='bbox 3381 3628 3448 3674; x_wconf 87' lang='grc' dir='ltr'>ια’</span> <span class='ocrx_word' id='word_1_673' title='bbox 3480 3620 3645 3672; x_wconf 79' lang='grc' dir='ltr'>κανό-</span> 
     </span>
    </p>
   </div>
   <div class='ocr_carea' id='block_1_98' title="bbox 2061 3715 3644 3797">
    <p class='ocr_par' dir='ltr' id='par_1_98' title="bbox 2061 3715 3644 3797">
     <span class='ocr_line' id='line_1_98' title="bbox 2061 3715 3644 3797; baseline -0.011 -14"><span class='ocrx_word' id='word_1_674' title='bbox 2061 3747 2149 3791; x_wconf 80' lang='grc' dir='ltr'><strong>νος</strong></span> <span class='ocrx_word' id='word_1_675' title='bbox 2184 3728 2285 3797; x_wconf 84' lang='grc' dir='ltr'>τῆς</span> <span class='ocrx_word' id='word_1_676' title='bbox 2330 3725 2554 3797; x_wconf 81' lang='grc' dir='ltr'>πρώτης</span> <span class='ocrx_word' id='word_1_677' title='bbox 2586 3724 2682 3776; x_wconf 70' lang='grc' dir='ltr'><strong>καὶ</strong></span> <span class='ocrx_word' id='word_1_678' title='bbox 2708 3723 2972 3791; x_wconf 82' lang='grc' dir='ltr'>δευτέρας</span> <span class='ocrx_word' id='word_1_679' title='bbox 3003 3720 3217 3772; x_wconf 85' lang='grc' dir='ltr'>συνόδου</span> <span class='ocrx_word' id='word_1_680' title='bbox 3237 3718 3335 3787; x_wconf 83' lang='grc' dir='ltr'>τῆς</span> <span class='ocrx_word' id='word_1_681' title='bbox 3366 3715 3644 3782; x_wconf 83' lang='grc' dir='ltr'>συστάσης</span> 
     </span>
    </p>
   </div>
   <div class='ocr_carea' id='block_1_99' title="bbox 2063 3799 3640 3889">
    <p class='ocr_par' dir='ltr' id='par_1_99' title="bbox 2063 3799 3640 3889">
     <span class='ocr_line' id='line_1_99' title="bbox 2063 3799 3640 3889; baseline -0.011 -16"><span class='ocrx_word' id='word_1_682' title='bbox 2063 3823 2122 3873; x_wconf 82' lang='grc' dir='ltr'>ὲν</span> <span class='ocrx_word' id='word_1_683' title='bbox 2151 3817 2230 3889; x_wconf 83' lang='grc' dir='ltr'>τῷ</span> <span class='ocrx_word' id='word_1_684' title='bbox 2255 3817 2372 3887; x_wconf 88' lang='grc' dir='ltr'>ναῷ</span> <span class='ocrx_word' id='word_1_685' title='bbox 2406 3815 2514 3869; x_wconf 82' lang='grc' dir='ltr'>τῶν</span> <span class='ocrx_word' id='word_1_686' title='bbox 2549 3813 2747 3881; x_wconf 84' lang='grc' dir='ltr'>Ἀγίων</span> <span class='ocrx_word' id='word_1_687' title='bbox 2788 3799 3128 3866; x_wconf 72' lang='grc' dir='ltr'>Ἀποστόλὶυν</span> <span class='ocrx_word' id='word_1_688' title='bbox 3166 3808 3388 3875; x_wconf 82' lang='grc' dir='ltr'>γνῶναι,</span> <span class='ocrx_word' id='word_1_689' title='bbox 3422 3805 3566 3857; x_wconf 78' lang='grc' dir='ltr'>ἔστιν</span> <span class='ocrx_word' id='word_1_690' title='bbox 3605 3804 3640 3870; x_wconf 83' lang='grc' dir='ltr'>ἠ</span> 
     </span>
    </p>
   </div>
   <div class='ocr_carea' id='block_1_100' title="bbox 2064 3898 3649 3982">
    <p class='ocr_par' dir='ltr' id='par_1_100' title="bbox 2064 3898 3649 3982">
     <span class='ocr_line' id='line_1_100' title="bbox 2064 3898 3649 3982; baseline -0.012 -15"><span class='ocrx_word' id='word_1_691' title='bbox 2064 3917 2120 3966; x_wconf 87' lang='grc' dir='ltr'><strong>ἐν</strong></span> <span class='ocrx_word' id='word_1_692' title='bbox 2149 3913 2342 3982; x_wconf 83' lang='grc' dir='ltr'>ἀγροῖς</span> <span class='ocrx_word' id='word_1_693' title='bbox 2373 3910 2716 3980; x_wconf 64' lang='grc' dir='ltr'>ὀρχοντικοῖς</span> <span class='ocrx_word' id='word_1_694' title='bbox 2750 3904 3023 3973; x_wconf 85' lang='grc' dir='ltr'>λεγομένη</span> <span class='ocrx_word' id='word_1_695' title='bbox 3078 3899 3475 3971; x_wconf 79' lang='grc' dir='ltr'>κουρατωρεία,</span> <span class='ocrx_word' id='word_1_696' title='bbox 3511 3898 3649 3950; x_wconf 85' lang='grc' dir='ltr'>ὅπου</span> 
     </span>
    </p>
   </div>
   <div class='ocr_carea' id='block_1_101' title="bbox 2066 3997 2932 4074">
    <p class='ocr_par' dir='ltr' id='par_1_101' title="bbox 2066 3997 2932 4074">
     <span class='ocr_line' id='line_1_101' title="bbox 2066 3997 2932 4074; baseline -0.008 -17"><span class='ocrx_word' id='word_1_697' title='bbox 2066 4005 2166 4058; x_wconf 64' lang='grc' dir='ltr'><strong>καὶ</strong></span> <span class='ocrx_word' id='word_1_698' title='bbox 2212 4002 2527 4074; x_wconf 77' lang='grc' dir='ltr'>μειζότεροι</span> <span class='ocrx_word' id='word_1_699' title='bbox 2562 3997 2932 4070; x_wconf 81' lang='grc' dir='ltr'>ὠνομάζοντο.</span> 
     </span>
    </p>
   </div>
   <div class='ocr_carea' id='block_1_102' title="bbox 1991 4090 3648 4179">
    <p class='ocr_par' dir='ltr' id='par_1_102' title="bbox 1991 4090 3648 4179">
     <span class='ocr_line' id='line_1_102' title="bbox 1991 4090 3648 4179; baseline -0.01 -24"><span class='ocrx_word' id='word_1_700' title='bbox 1991 4102 2045 4155; x_wconf 85' lang='grc' dir='ltr'>ἰη</span> <span class='ocrx_word' id='word_1_701' title='bbox 2084 4104 2285 4171; x_wconf 85' lang='lat' dir='ltr'><strong>quibus</strong></span> <span class='ocrx_word' id='word_1_702' title='bbox 2337 4110 2390 4156; x_wconf 90' lang='lat' dir='ltr'><strong>et</strong></span> <span class='ocrx_word' id='word_1_703' title='bbox 2428 4097 2701 4179; x_wconf 81' lang='lat' dir='ltr'><strong>majorum</strong></span> <span class='ocrx_word' id='word_1_704' title='bbox 2777 4094 2999 4149; x_wconf 90' lang='lat' dir='ltr'><strong>nomine</strong></span> <span class='ocrx_word' id='word_1_705' title='bbox 3057 4090 3491 4161; x_wconf 87' lang='lat' dir='ltr'><strong>appellabantur,</strong></span> <span class='ocrx_word' id='word_1_706' title='bbox 3546 4101 3648 4140; x_wconf 82' lang='lat' dir='ltr'><strong>cu-</strong></span> 
     </span>
    </p>
   </div>
   <div class='ocr_carea' id='block_1_103' title="bbox 2066 4269 3652 4347">
    <p class='ocr_par' dir='ltr' id='par_1_103' title="bbox 2066 4269 3652 4347">
     <span class='ocr_line' id='line_1_103' title="bbox 2066 4269 3652 4347; baseline -0.008 -13"><span class='ocrx_word' id='word_1_707' title='bbox 2066 4278 2289 4334; x_wconf 81' lang='grc' dir='ltr'><strong>ΔΡΙΣΤ.</strong></span> <span class='ocrx_word' id='word_1_708' title='bbox 2329 4296 2347 4327; x_wconf 74' lang='grc' dir='ltr'><strong>ι</strong></span> <span class='ocrx_word' id='word_1_709' title='bbox 2393 4275 2693 4347; x_wconf 76' lang='grc' dir='ltr'>Κληρικὸς,</span> <span class='ocrx_word' id='word_1_710' title='bbox 2729 4272 2828 4343; x_wconf 86' lang='grc' dir='ltr'><strong>τὴν</strong></span> <span class='ocrx_word' id='word_1_711' title='bbox 2879 4270 3076 4325; x_wconf 84' lang='grc' dir='ltr'>ἐαυτοῦ</span> <span class='ocrx_word' id='word_1_712' title='bbox 3140 4271 3436 4338; x_wconf 78' lang='grc' dir='ltr'>παροικίαν</span> <span class='ocrx_word' id='word_1_713' title='bbox 3461 4269 3652 4322; x_wconf 83' lang='grc' dir='ltr'>ἀπολι-</span> 
     </span>
    </p>
   </div>
   <div class='ocr_carea' id='block_1_104' title="bbox 2149 4362 3646 4438">
    <p class='ocr_par' dir='ltr' id='par_1_104' title="bbox 2149 4362 3646 4438">
     <span class='ocr_line' id='line_1_104' title="bbox 2149 4362 3646 4438; baseline -0.007 -14"><span class='ocrx_word' id='word_1_714' title='bbox 2149 4393 2167 4423; x_wconf 77' lang='lat' dir='ltr'><strong>t</strong></span> <span class='ocrx_word' id='word_1_715' title='bbox 2215 4370 2331 4424; x_wconf 88' lang='grc' dir='ltr'>πὼν</span> <span class='ocrx_word' id='word_1_716' title='bbox 2365 4370 2459 4422; x_wconf 74' lang='grc' dir='ltr'><strong>καὶ</strong></span> <span class='ocrx_word' id='word_1_717' title='bbox 2495 4372 2550 4420; x_wconf 82' lang='grc' dir='ltr'><strong>ἐν</strong></span> <span class='ocrx_word' id='word_1_718' title='bbox 2581 4369 2746 4438; x_wconf 73' lang='grc' dir='ltr'>ἑτέρᾳ</span> <span class='ocrx_word' id='word_1_719' title='bbox 2778 4366 3114 4435; x_wconf 79' lang='grc' dir='ltr'>ἀφικόμενος</span> <span class='ocrx_word' id='word_1_720' title='bbox 3164 4364 3332 4433; x_wconf 74' lang='grc' dir='ltr'>χωρὶς</span> <span class='ocrx_word' id='word_1_721' title='bbox 3382 4362 3477 4415; x_wconf 78' lang='grc' dir='ltr'>τοῦ</span> <span class='ocrx_word' id='word_1_722' title='bbox 3516 4364 3646 4415; x_wconf 71' lang='grc' dir='ltr'>ἰδίου</span> 
     </span>
    </p>
   </div>
   <div class='ocr_carea' id='block_1_105' title="bbox 2147 4453 3648 4522">
    <p class='ocr_par' dir='ltr' id='par_1_105' title="bbox 2147 4453 3648 4522">
     <span class='ocr_line' id='line_1_105' title="bbox 2147 4453 3648 4522; baseline -0.007 -6"><span class='ocrx_word' id='word_1_723' title='bbox 2147 4484 2163 4515; x_wconf 79' lang='grc' dir='ltr'><strong>ι</strong></span> <span class='ocrx_word' id='word_1_724' title='bbox 2224 4463 2526 4516; x_wconf 73' lang='grc' dir='ltr'>ἐπισκόπου</span> <span class='ocrx_word' id='word_1_725' title='bbox 2588 4460 2683 4513; x_wconf 74' lang='grc' dir='ltr'><strong>καὶ</strong></span> <span class='ocrx_word' id='word_1_726' title='bbox 2738 4458 2831 4512; x_wconf 82' lang='grc' dir='ltr'>τοῦ</span> <span class='ocrx_word' id='word_1_727' title='bbox 2864 4454 3516 4517; x_wconf 78' lang='grc' dir='ltr'>Κωνσταντινουπόλεως,</span> <span class='ocrx_word' id='word_1_728' title='bbox 3574 4453 3648 4522; x_wconf 77' lang='grc' dir='ltr'>μὴ</span> 
     </span>
    </p>
   </div>
   <div class='ocr_carea' id='block_1_106' title="bbox 2144 4546 3649 4626">
    <p class='ocr_par' dir='ltr' id='par_1_106' title="bbox 2144 4546 3649 4626">
     <span class='ocr_line' id='line_1_106' title="bbox 2144 4546 3649 4626; baseline -0.007 -18"><span class='ocrx_word' id='word_1_729' title='bbox 2144 4577 2162 4608; x_wconf 75' lang='grc' dir='ltr'><strong>ι</strong></span> <span class='ocrx_word' id='word_1_730' title='bbox 2207 4556 2447 4626; x_wconf 79' lang='grc' dir='ltr'>δεχέσθω</span> <span class='ocrx_word' id='word_1_731' title='bbox 2481 4555 2619 4624; x_wconf 80' lang='grc' dir='ltr'>μήτε</span> <span class='ocrx_word' id='word_1_732' title='bbox 2646 4555 2704 4605; x_wconf 84' lang='grc' dir='ltr'><strong>ἐν</strong></span> <span class='ocrx_word' id='word_1_733' title='bbox 2736 4553 2871 4621; x_wconf 73' lang='grc' dir='ltr'>οἴκῳ</span> <span class='ocrx_word' id='word_1_734' title='bbox 2899 4551 3035 4620; x_wconf 86' lang='grc' dir='ltr'>μήτε</span> <span class='ocrx_word' id='word_1_735' title='bbox 3081 4552 3139 4602; x_wconf 86' lang='grc' dir='ltr'><strong>ἐν</strong></span> <span class='ocrx_word' id='word_1_736' title='bbox 3173 4549 3459 4618; x_wconf 78' lang='grc' dir='ltr'>ἐκκλησίᾳ.</span> <span class='ocrx_word' id='word_1_737' title='bbox 3504 4546 3565 4598; x_wconf 87' lang='grc' dir='ltr'><em>Ὃ</em></span> <span class='ocrx_word' id='word_1_738' title='bbox 3591 4546 3649 4598; x_wconf 77' lang='grc' dir='ltr'>δὲ</span> 
     </span>
    </p>
   </div>
   <div class='ocr_carea' id='block_1_107' title="bbox 2142 4640 3649 4714">
    <p class='ocr_par' dir='ltr' id='par_1_107' title="bbox 2142 4640 3649 4714">
     <span class='ocr_line' id='line_1_107' title="bbox 2142 4640 3649 4714; baseline -0.007 -12"><span class='ocrx_word' id='word_1_739' title='bbox 2142 4671 2161 4702; x_wconf 88' lang='grc'><em>‹</em></span> <span class='ocrx_word' id='word_1_740' title='bbox 2211 4650 2367 4703; x_wconf 79' lang='grc' dir='ltr'>τοῦτο</span> <span class='ocrx_word' id='word_1_741' title='bbox 2399 4647 2569 4700; x_wconf 82' lang='grc' dir='ltr'>ποιῶν</span> <span class='ocrx_word' id='word_1_742' title='bbox 2621 4644 2717 4699; x_wconf 77' lang='grc' dir='ltr'>καὶ</span> <span class='ocrx_word' id='word_1_743' title='bbox 2748 4646 3045 4714; x_wconf 82' lang='grc' dir='ltr'>ἐπιμένων,</span> <span class='ocrx_word' id='word_1_744' title='bbox 3074 4642 3463 4712; x_wconf 80' lang='grc' dir='ltr'>καθαιρείσθω.</span> <span class='ocrx_word' id='word_1_745' title='bbox 3496 4642 3559 4693; x_wconf 81' lang='grc' dir='ltr'>Εἰ</span> <span class='ocrx_word' id='word_1_746' title='bbox 3590 4640 3649 4693; x_wconf 77' lang='grc' dir='ltr'>δὲ</span> 
     </span>
    </p>
   </div>
   <div class='ocr_carea' id='block_1_108' title="bbox 2145 4734 3650 4812">
    <p class='ocr_par' dir='ltr' id='par_1_108' title="bbox 2145 4734 3650 4812">
     <span class='ocr_line' id='line_1_108' title="bbox 2145 4734 3650 4812; baseline -0.007 -16"><span class='ocrx_word' id='word_1_747' title='bbox 2145 4763 2163 4796; x_wconf 77' lang='grc' dir='ltr'><strong>ι</strong></span> <span class='ocrx_word' id='word_1_748' title='bbox 2214 4743 2337 4812; x_wconf 85' lang='grc' dir='ltr'>μετ’</span> <span class='ocrx_word' id='word_1_749' title='bbox 2367 4741 2626 4812; x_wconf 85' lang='grc' dir='ltr'>εἰδήσεως</span> <span class='ocrx_word' id='word_1_750' title='bbox 2657 4735 2731 4792; x_wconf 80' lang='grc' dir='ltr'>ὧν</span> <span class='ocrx_word' id='word_1_751' title='bbox 2771 4738 2983 4807; x_wconf 81' lang='grc' dir='ltr'>ἔφημεν</span> <span class='ocrx_word' id='word_1_752' title='bbox 3007 4736 3167 4789; x_wconf 81' lang='grc' dir='ltr'>τοῦτο</span> <span class='ocrx_word' id='word_1_753' title='bbox 3202 4734 3507 4799; x_wconf 77' lang='grc' dir='ltr'>ποιοῦντες,</span> <span class='ocrx_word' id='word_1_754' title='bbox 3561 4751 3650 4786; x_wconf 86' lang='grc' dir='ltr'>κο-</span> 
     </span>
    </p>
   </div>
   <div class='ocr_carea' id='block_1_109' title="bbox 2143 4828 3652 4905">
    <p class='ocr_par' dir='ltr' id='par_1_109' title="bbox 2143 4828 3652 4905">
     <span class='ocr_line' id='line_1_109' title="bbox 2143 4828 3652 4905; baseline -0.007 -16"><span class='ocrx_word' id='word_1_755' title='bbox 2143 4856 2162 4889; x_wconf 79' lang='lat' dir='ltr'><strong>t</strong></span> <span class='ocrx_word' id='word_1_756' title='bbox 2210 4836 2418 4905; x_wconf 82' lang='grc' dir='ltr'>σμικὰς</span> <span class='ocrx_word' id='word_1_757' title='bbox 2453 4834 2741 4905; x_wconf 78' lang='grc' dir='ltr'>φροντίδας</span> <span class='ocrx_word' id='word_1_758' title='bbox 2769 4833 2843 4902; x_wconf 84' lang='grc' dir='ltr'><strong>μὴ</strong></span> <span class='ocrx_word' id='word_1_759' title='bbox 2871 4830 3339 4901; x_wconf 84' lang='grc' dir='ltr'>ἀναδεχέσθωσαν,</span> <span class='ocrx_word' id='word_1_760' title='bbox 3368 4828 3652 4898; x_wconf 77' lang='grc' dir='ltr'>ἢδεξάμε-</span> 
     </span>
    </p>
   </div>
   <div class='ocr_carea' id='block_1_110' title="bbox 2144 4920 3643 4995">
    <p class='ocr_par' dir='ltr' id='par_1_110' title="bbox 2144 4920 3643 4995">
     <span class='ocr_line' id='line_1_110' title="bbox 2144 4920 3643 4995; baseline -0.007 -14"><span class='ocrx_word' id='word_1_761' title='bbox 2144 4947 2164 4981; x_wconf 76' lang='lat' dir='ltr'><strong>t</strong></span> <span class='ocrx_word' id='word_1_762' title='bbox 2206 4946 2287 4981; x_wconf 88' lang='grc' dir='ltr'><strong>νοι</strong></span> <span class='ocrx_word' id='word_1_763' title='bbox 2317 4925 2724 4980; x_wconf 74' lang='grc' dir='ltr'>παυσάσθωσαν</span> <span class='ocrx_word' id='word_1_764' title='bbox 2744 4941 2759 4955; x_wconf 76' lang='grc'><strong>’</strong></span> <span class='ocrx_word' id='word_1_765' title='bbox 2791 4923 2920 4977; x_wconf 80' lang='grc' dir='ltr'>εἰδὲ</span> <span class='ocrx_word' id='word_1_766' title='bbox 2962 4922 3059 4995; x_wconf 82' lang='grc' dir='ltr'><strong>μὴ,</strong></span> <span class='ocrx_word' id='word_1_767' title='bbox 3086 4920 3579 4991; x_wconf 83' lang='grc' dir='ltr'>καθαιρείσθωσαν.</span> <span class='ocrx_word' id='word_1_768' title='bbox 3624 4939 3643 4970; x_wconf 89' lang='grc'><strong>›</strong></span> 
     </span>
    </p>
   </div>
   <div class='ocr_carea' id='block_1_111' title="bbox 2149 5011 3647 5086">
    <p class='ocr_par' dir='ltr' id='par_1_111' title="bbox 2149 5011 3647 5086">
     <span class='ocr_line' id='line_1_111' title="bbox 2149 5011 3647 5086; baseline -0.007 -14"><span class='ocrx_word' id='word_1_769' title='bbox 2149 5018 2457 5084; x_wconf 75' lang='grc' dir='ltr'>Ἃλλότριον</span> <span class='ocrx_word' id='word_1_770' title='bbox 2522 5014 2787 5086; x_wconf 79' lang='grc' dir='ltr'>κληρικὸν</span> <span class='ocrx_word' id='word_1_771' title='bbox 2838 5016 2897 5069; x_wconf 89' lang='grc' dir='ltr'><strong>ἐν</strong></span> <span class='ocrx_word' id='word_1_772' title='bbox 2937 5017 3004 5084; x_wconf 83' lang='grc' dir='ltr'>τῇ</span> <span class='ocrx_word' id='word_1_773' title='bbox 3061 5012 3292 5084; x_wconf 82' lang='grc' dir='ltr'>βασιλίδι</span> <span class='ocrx_word' id='word_1_774' title='bbox 3316 5012 3489 5085; x_wconf 83' lang='grc' dir='ltr'>ταύτῃ</span> <span class='ocrx_word' id='word_1_775' title='bbox 3537 5011 3647 5064; x_wconf 82' lang='grc' dir='ltr'><strong>τῶν</strong></span> 
     </span>
    </p>
   </div>
   <div class='ocr_carea' id='block_1_112' title="bbox 2065 5086 3645 5177">
    <p class='ocr_par' dir='ltr' id='par_1_112' title="bbox 2065 5086 3645 5177">
     <span class='ocr_line' id='line_1_112' title="bbox 2065 5086 3645 5177; baseline -0.006 -13"><span class='ocrx_word' id='word_1_776' title='bbox 2065 5111 2274 5164; x_wconf 88' lang='grc' dir='ltr'>πόλεων</span> <span class='ocrx_word' id='word_1_777' title='bbox 2322 5105 2635 5160; x_wconf 87' lang='grc' dir='ltr'>εἰσελθόντα</span> <span class='ocrx_word' id='word_1_778' title='bbox 2663 5107 2724 5159; x_wconf 86' lang='grc' dir='ltr'><strong>οὐ</strong></span> <span class='ocrx_word' id='word_1_779' title='bbox 2788 5106 2893 5177; x_wconf 87' lang='grc' dir='ltr'>χρὴ</span> <span class='ocrx_word' id='word_1_780' title='bbox 2934 5106 3061 5160; x_wconf 73' lang='grc' dir='ltr'>ἄνευ</span> <span class='ocrx_word' id='word_1_781' title='bbox 3111 5104 3337 5176; x_wconf 83' lang='grc' dir='ltr'>γνώμης</span> <span class='ocrx_word' id='word_1_782' title='bbox 3362 5086 3645 5158; x_wconf 56' lang='grc' dir='ltr'>τοῦ”ἰδίου</span> 
     </span>
    </p>
   </div>
   <div class='ocr_carea' id='block_1_113' title="bbox 2064 5197 3648 5258">
    <p class='ocr_par' dir='ltr' id='par_1_113' title="bbox 2064 5197 3648 5258">
     <span class='ocr_line' id='line_1_113' title="bbox 2064 5197 3648 5258; baseline -0.006 -2"><span class='ocrx_word' id='word_1_783' title='bbox 2064 5200 2369 5255; x_wconf 76' lang='grc' dir='ltr'>ἐπισκόπου</span> <span class='ocrx_word' id='word_1_784' title='bbox 2405 5200 2499 5252; x_wconf 76' lang='grc' dir='ltr'>καὶ</span> <span class='ocrx_word' id='word_1_785' title='bbox 2541 5198 2633 5251; x_wconf 80' lang='grc' dir='ltr'>τοῦ</span> <span class='ocrx_word' id='word_1_786' title='bbox 2668 5197 3294 5258; x_wconf 72' lang='grc' dir='ltr'>Κωνσταντινουπόλεω,</span> <span class='ocrx_word' id='word_1_787' title='bbox 3340 5199 3648 5249; x_wconf 73' lang='grc' dir='ltr'>ἐπισκόπου</span> 
     </span>
    </p>
   </div>
   <div class='ocr_carea' id='block_1_114' title="bbox 2063 5288 3644 5365">
    <p class='ocr_par' dir='ltr' id='par_1_114' title="bbox 2063 5288 3644 5365">
     <span class='ocr_line' id='line_1_114' title="bbox 2063 5288 3644 5365; baseline -0.004 -17"><span class='ocrx_word' id='word_1_788' title='bbox 2063 5298 2123 5349; x_wconf 89' lang='grc' dir='ltr'><strong>ἐν</strong></span> <span class='ocrx_word' id='word_1_789' title='bbox 2157 5295 2431 5365; x_wconf 82' lang='grc' dir='ltr'>οἱῳδήτινι</span> <span class='ocrx_word' id='word_1_790' title='bbox 2458 5293 2594 5360; x_wconf 75' lang='grc' dir='ltr'>οἴκῳ</span> <span class='ocrx_word' id='word_1_791' title='bbox 2624 5292 2656 5363; x_wconf 84' lang='grc' dir='ltr'>ἢ</span> <span class='ocrx_word' id='word_1_792' title='bbox 2701 5290 2967 5362; x_wconf 81' lang='grc' dir='ltr'>ἐκκλησίᾳ</span> <span class='ocrx_word' id='word_1_793' title='bbox 3001 5288 3439 5360; x_wconf 83' lang='grc' dir='ltr'>παραδεχθῆναι.</span> <span class='ocrx_word' id='word_1_794' title='bbox 3491 5290 3551 5341; x_wconf 87' lang='grc' dir='ltr'><strong>Εἰ</strong></span> <span class='ocrx_word' id='word_1_795' title='bbox 3584 5290 3644 5341; x_wconf 82' lang='grc' dir='ltr'><strong>δὲ</strong></span> 
     </span>
    </p>
   </div>
   <div class='ocr_carea' id='block_1_115' title="bbox 2067 5378 3648 5457">
    <p class='ocr_par' dir='ltr' id='par_1_115' title="bbox 2067 5378 3648 5457">
     <span class='ocr_line' id='line_1_115' title="bbox 2067 5378 3648 5457; baseline -0.004 -19"><span class='ocrx_word' id='word_1_796' title='bbox 2067 5385 2220 5457; x_wconf 80' lang='grc' dir='ltr'>παρά.</span> <span class='ocrx_word' id='word_1_797' title='bbox 2248 5403 2392 5447; x_wconf 86' lang='grc' dir='ltr'>τινος</span> <span class='ocrx_word' id='word_1_798' title='bbox 2422 5384 2732 5455; x_wconf 82' lang='grc' dir='ltr'>προσδεχθῇ</span> <span class='ocrx_word' id='word_1_799' title='bbox 2795 5383 2983 5453; x_wconf 50' lang='grc' dir='ltr'>χωρὶςι</span> <span class='ocrx_word' id='word_1_800' title='bbox 3031 5380 3289 5448; x_wconf 73' lang='grc' dir='ltr'>εἰδήσεως</span> <span class='ocrx_word' id='word_1_801' title='bbox 3321 5378 3520 5441; x_wconf 80' lang='grc' dir='ltr'>αὐτῶν,</span> <span class='ocrx_word' id='word_1_802' title='bbox 3554 5382 3648 5431; x_wconf 77' lang='grc' dir='ltr'><strong>καὶ</strong></span> 
     </span>
    </p>
   </div>
   <div class='ocr_carea' id='block_1_116' title="bbox 2064 5472 3644 5549">
    <p class='ocr_par' dir='ltr' id='par_1_116' title="bbox 2064 5472 3644 5549">
     <span class='ocr_line' id='line_1_116' title="bbox 2064 5472 3644 5549; baseline -0.006 -17"><span class='ocrx_word' id='word_1_803' title='bbox 2064 5480 2338 5549; x_wconf 86' lang='grc' dir='ltr'>ἐπιμένει,</span> <span class='ocrx_word' id='word_1_804' title='bbox 2359 5479 2496 5549; x_wconf 65' lang='grc' dir='ltr'>πρὸς</span> <span class='ocrx_word' id='word_1_805' title='bbox 2511 5477 2609 5548; x_wconf 78' lang='grc' dir='ltr'>τὴν</span> <span class='ocrx_word' id='word_1_806' title='bbox 2629 5474 2825 5529; x_wconf 81' lang='grc' dir='ltr'>ἑαυτοῦ</span> <span class='ocrx_word' id='word_1_807' title='bbox 2856 5472 3153 5544; x_wconf 86' lang='grc' dir='ltr'>παροικίαν</span> <span class='ocrx_word' id='word_1_808' title='bbox 3180 5473 3254 5542; x_wconf 82' lang='grc' dir='ltr'>μὴ</span> <span class='ocrx_word' id='word_1_809' title='bbox 3279 5472 3644 5542; x_wconf 72' lang='grc' dir='ltr'>ἐπιστρέφων,</span> 
     </span>
    </p>
   </div>
   <div class='ocr_carea' id='block_1_117' title="bbox 2068 5565 3647 5642">
    <p class='ocr_par' dir='ltr' id='par_1_117' title="bbox 2068 5565 3647 5642">
     <span class='ocr_line' id='line_1_117' title="bbox 2068 5565 3647 5642; baseline -0.006 -18"><span class='ocrx_word' id='word_1_810' title='bbox 2068 5568 2557 5642; x_wconf 85' lang='grc' dir='ltr'>καθαιρεθήσεται.</span> <span class='ocrx_word' id='word_1_811' title='bbox 2606 5570 2662 5622; x_wconf 77' lang='grc' dir='ltr'><strong>Ὀ</strong></span> <span class='ocrx_word' id='word_1_812' title='bbox 2695 5568 2750 5621; x_wconf 85' lang='grc' dir='ltr'>δὲ</span> <span class='ocrx_word' id='word_1_813' title='bbox 2781 5567 2899 5636; x_wconf 83' lang='grc' dir='ltr'>μετ’</span> <span class='ocrx_word' id='word_1_814' title='bbox 2950 5567 3213 5634; x_wconf 79' lang='grc' dir='ltr'>εἱδήσεως</span> <span class='ocrx_word' id='word_1_815' title='bbox 3247 5565 3429 5620; x_wconf 80' lang='grc' dir='ltr'>αὐτῶν</span> <span class='ocrx_word' id='word_1_816' title='bbox 3458 5566 3514 5616; x_wconf 83' lang='grc' dir='ltr'><strong>ἕν</strong></span> <span class='ocrx_word' id='word_1_817' title='bbox 3542 5582 3647 5616; x_wconf 87' lang='grc' dir='ltr'>τινι</span> 
     </span>
    </p>
   </div>
   <div class='ocr_carea' id='block_1_118' title="bbox 2065 5656 3648 5732">
    <p class='ocr_par' dir='ltr' id='par_1_118' title="bbox 2065 5656 3648 5732">
     <span class='ocr_line' id='line_1_118' title="bbox 2065 5656 3648 5732; baseline -0.006 -17"><span class='ocrx_word' id='word_1_818' title='bbox 2065 5664 2201 5732; x_wconf 76' lang='grc' dir='ltr'>οἴκῳ</span> <span class='ocrx_word' id='word_1_819' title='bbox 2230 5662 2337 5713; x_wconf 84' lang='grc' dir='ltr'>τῶν</span> <span class='ocrx_word' id='word_1_820' title='bbox 2356 5663 2500 5714; x_wconf 77' lang='grc' dir='ltr'>κατὰ</span> <span class='ocrx_word' id='word_1_821' title='bbox 2526 5661 2622 5732; x_wconf 83' lang='grc' dir='ltr'>τὴν</span> <span class='ocrx_word' id='word_1_822' title='bbox 2650 5659 3016 5728; x_wconf 80' lang='grc' dir='ltr'>θεοφύλακτον</span> <span class='ocrx_word' id='word_1_823' title='bbox 3047 5657 3252 5729; x_wconf 84' lang='grc' dir='ltr'>ταύτην</span> <span class='ocrx_word' id='word_1_824' title='bbox 3278 5659 3431 5711; x_wconf 80' lang='grc' dir='ltr'>πόλιν</span> <span class='ocrx_word' id='word_1_825' title='bbox 3462 5656 3648 5708; x_wconf 77' lang='grc' dir='ltr'>εἰσιὼν</span> 
     </span>
    </p>
   </div>
   <div class='ocr_carea' id='block_1_119' title="bbox 2065 5749 3647 5823">
    <p class='ocr_par' dir='ltr' id='par_1_119' title="bbox 2065 5749 3647 5823">
     <span class='ocr_line' id='line_1_119' title="bbox 2065 5749 3647 5823; baseline -0.006 -15"><span class='ocrx_word' id='word_1_826' title='bbox 2065 5756 2166 5808; x_wconf 78' lang='grc' dir='ltr'><strong>οὐκ</strong></span> <span class='ocrx_word' id='word_1_827' title='bbox 2196 5754 2404 5822; x_wconf 84' lang='grc' dir='ltr'>ὀφείλει</span> <span class='ocrx_word' id='word_1_828' title='bbox 2458 5754 2782 5823; x_wconf 81' lang='grc' dir='ltr'>προνοητὴς,</span> <span class='ocrx_word' id='word_1_829' title='bbox 2822 5752 2855 5820; x_wconf 85' lang='grc' dir='ltr'>ἦ</span> <span class='ocrx_word' id='word_1_830' title='bbox 2902 5751 3240 5821; x_wconf 75' lang='grc' dir='ltr'>μειζότερος,</span> <span class='ocrx_word' id='word_1_831' title='bbox 3284 5749 3314 5819; x_wconf 77' lang='grc' dir='ltr'><strong>ἢ</strong></span> <span class='ocrx_word' id='word_1_832' title='bbox 3356 5751 3647 5818; x_wconf 74' lang='grc' dir='ltr'>κουρατωρ</span> 
     </span>
    </p>
   </div>
   <div class='ocr_carea' id='block_1_120' title="bbox 2068 5840 3646 5915">
    <p class='ocr_par' dir='ltr' id='par_1_120' title="bbox 2068 5840 3646 5915">
     <span class='ocr_line' id='line_1_120' title="bbox 2068 5840 3646 5915; baseline -0.005 -16"><span class='ocrx_word' id='word_1_833' title='bbox 2068 5847 2350 5914; x_wconf 84' lang='grc' dir='ltr'>γενέσθαι,</span> <span class='ocrx_word' id='word_1_834' title='bbox 2390 5844 2528 5899; x_wconf 84' lang='grc' dir='ltr'><strong>ἀλλά</strong></span> <span class='ocrx_word' id='word_1_835' title='bbox 2557 5846 2693 5915; x_wconf 82' lang='grc' dir='ltr'>πρὸς</span> <span class='ocrx_word' id='word_1_836' title='bbox 2744 5843 3098 5897; x_wconf 77' lang='grc' dir='ltr'>διδασκαλίαν</span> <span class='ocrx_word' id='word_1_837' title='bbox 3146 5841 3254 5894; x_wconf 84' lang='grc' dir='ltr'>τῶν</span> <span class='ocrx_word' id='word_1_838' title='bbox 3313 5841 3519 5891; x_wconf 80' lang='grc' dir='ltr'>παίδων</span> <span class='ocrx_word' id='word_1_839' title='bbox 3550 5840 3646 5891; x_wconf 70' lang='grc' dir='ltr'>καὶ</span> 
     </span>
    </p>
   </div>
   <div class='ocr_carea' id='block_1_121' title="bbox 2062 5929 3646 6004">
    <p class='ocr_par' dir='ltr' id='par_1_121' title="bbox 2062 5929 3646 6004">
     <span class='ocr_line' id='line_1_121' title="bbox 2062 5929 3646 6004; baseline -0.007 -12"><span class='ocrx_word' id='word_1_840' title='bbox 2062 5942 2171 5994; x_wconf 82' lang='grc' dir='ltr'>τῶν</span> <span class='ocrx_word' id='word_1_841' title='bbox 2195 5939 2423 5992; x_wconf 77' lang='grc' dir='ltr'>οἰκετῶν</span> <span class='ocrx_word' id='word_1_842' title='bbox 2452 5939 2614 5991; x_wconf 67' lang='grc' dir='ltr'>εἶναι.</span> <span class='ocrx_word' id='word_1_843' title='bbox 2652 5938 2717 5989; x_wconf 71' lang='grc' dir='ltr'><strong>Εἰ</strong></span> <span class='ocrx_word' id='word_1_844' title='bbox 2746 5936 2801 5989; x_wconf 84' lang='grc' dir='ltr'>δὲ</span> <span class='ocrx_word' id='word_1_845' title='bbox 2828 5935 3085 5993; x_wconf 79' lang='grc' dir='ltr'>τοιαύτας</span> <span class='ocrx_word' id='word_1_846' title='bbox 3119 5932 3407 6004; x_wconf 60' lang='grc' dir='ltr'>φροντίδας</span> <span class='ocrx_word' id='word_1_847' title='bbox 3463 5929 3646 5983; x_wconf 78' lang='grc' dir='ltr'>ἀναδέ-</span> 
     </span>
    </p>
   </div>
   <div class='ocr_carea' id='block_1_122' title="bbox 2063 6027 3143 6095">
    <p class='ocr_par' dir='ltr' id='par_1_122' title="bbox 2063 6027 3143 6095">
     <span class='ocr_line' id='line_1_122' title="bbox 2063 6027 3143 6095; baseline -0.004 -10"><span class='ocrx_word' id='word_1_848' title='bbox 2063 6034 2233 6095; x_wconf 75' lang='grc' dir='ltr'>ξεται,</span> <span class='ocrx_word' id='word_1_849' title='bbox 2272 6029 2303 6090; x_wconf 79' lang='grc' dir='ltr'>ἦ</span> <span class='ocrx_word' id='word_1_850' title='bbox 2338 6029 2657 6088; x_wconf 72' lang='grc' dir='ltr'>παυσάσθω.</span> <span class='ocrx_word' id='word_1_851' title='bbox 2691 6028 2721 6085; x_wconf 72' lang='grc' dir='ltr'><strong>ἦ</strong></span> <span class='ocrx_word' id='word_1_852' title='bbox 2756 6027 3143 6082; x_wconf 65' lang='grc' dir='ltr'>καθαιρείσθω.</span> 
     </span>
    </p>
   </div>
  </div>
