4056 6398
373 434 474 495 925

967 558 1208 613 ΚᾹΝΩΝ
1250 560 1352 620 IA'.

381 652 403 691 ι
455 638 743 712 Ύπόχρεοι
770 644 921 710 ὅντες
953 651 1159 716 πάντας
1194 656 1305 725 (29)
1332 658 1457 723 τοὺς
1504 661 1683 727 θείους
1709 666 1945 731 κανόνας

454 751 475 785 ι
520 735 830 807 φυλάττειν,
883 744 978 797 καὶ
1000 745 1094 800 τὸν
1117 747 1345 817 λέγοντα
1375 755 1691 825 οἰκονόμους
1720 756 1859 813 εἶναι
1885 763 1947 814 ἐν

455 844 477 877 σ
520 828 726 923 ἐκάστῃ
776 834 1044 908 ἐκκλησίᾳ
1091 844 1254 897 παντὶ
1300 846 1490 918 τρόπῳ
1546 850 1947 923 ἀπαράτρωτον

457 938 476 969 ‹
520 920 796 1015 διατηρεῖν
818 927 1126 998 ὀφείλομεν.
1154 936 1263 989 Καὶ
1290 938 1340 990 εί
1375 940 1472 1008 μὲν
1489 941 1716 1005 ἕκαστος
1743 920 1948 1015 μητρο-

464 1031 481 1062 ι
530 1013 753 1083 πολίτης
783 1017 841 1071 ἐν
864 1022 928 1089 τῇ
964 1022 1129 1077 αὐτοῦ
1161 1027 1428 1100 ἐκκλησίᾳ
1465 1032 1701 1104 καθιστᾷ
1740 1013 1947 1089 οἰκονό-

451 1123 469 1154 ι
517 1122 639 1173 μον.
670 1107 853 1171 καλῶς
886 1113 951 1165 ἂν
982 1114 1093 1185 ἔχοι
1119 1134 1134 1148 ·
1167 1121 1215 1171 εἰ
1247 1121 1302 1172 δὲ
1333 1123 1407 1192 μή
1436 1139 1522 1190 γε,
1557 1125 1616 1190 ἐξ
1662 1127 1949 1192 αὑθεντίας

448 1214 468 1247 ι
517 1197 652 1262 ἰδίας
677 1201 756 1271 τῷ
811 1204 1437 1278 Κωνσταντινουπόλεως
1463 1217 1753 1290 ἐπισκόπῳ
1794 1222 1948 1277 ᾶδειά

458 1310 475 1338 ι
522 1292 645 1385 ἐστι
723 1298 1168 1385 προχειρίζεσθαι
1222 1306 1503 1375 οἰκονόμον
1543 1313 1601 1365 ἐν
1649 1316 1749 1385 si}.
1780 1314 1945 1368 αὑτοῦ

449 1400 469 1431 ι
518 1383 805 1455 ἐκκλησίᾳ.
894 1386 1171 1455 Ὡσαύτως
1214 1397 1309 1447 καὶ
1342 1401 1454 1461 τοῖς
1496 1383 1945 1471 μητροπολίταις,

454 1492 471 1523 ι
520 1474 568 1526 εἰ
596 1475 690 1527 ὑπ’
719 1478 919 1542 αὐτοὺς
952 1483 1243 1539 ἐπίσκοποι
1271 1490 1333 1541 οὐ
1370 1493 1765 1562 προαιροῦνται
1798 1499 1947 1550 οἰκο-

452 1585 470 1616 c
519 1566 719 1660 νόμους
753 1570 1162 1642 ἐγκαταστῆναι
1216 1582 1274 1632 ἐν
1332 1586 1453 1646 ταῖς
1484 1586 1696 1640 ἑαυτῶν
1746 1590 1947 1660 ἐκκλη-

454 1676 470 1705 ι
519 1657 684 1722 σίαις.
714 1663 787 1714 Τὸ
810 1664 945 1719 αὐτὸ
967 1667 1028 1719 δὲ
1054 1670 1421 1737 φυλάττεσθαι
1471 1679 1565 1732 καὶ
1592 1680 1687 1734 ἐπὶ
1708 1684 1818 1735 τῶν
1849 1657 1949 1753 μο-

451 1768 468 1800 ι
517 1769 685 1823 ναστη
696 1756 845 1824 ρίων.
878 1778 897 1810 ι

449 1845 643 1900 ΒΑΛΣ.
691 1847 754 1900 Ἦ
790 1850 851 1901 ἐν
903 1853 1210 1925 Χαλκηδόνι
1258 1859 1476 1925 σύνοδος
1536 1864 1834 1937 διωρίσατο
1887 1870 1947 1923 ἐν

375 1936 566 1989 κανόνι
629 1948 724 2003 κς’
774 1944 956 1995 πᾶσαν
1032 1949 1332 2017 ἐκκλησίαν
1397 1936 1804 2025 οίκονομεῖσθαι
1862 1961 1950 2015 διὰ

377 2028 656 2098 κληρικῶν
692 2034 801 2101 (50)
849 2038 988 2091 κατὰ
1015 2040 1238 2114 γνώμην
1267 2045 1359 2098 τοῦ
1398 2048 1720 2103 ἐπισκόπουο
1745 2055 1872 2117 τοὺς
1894 2054 1951 2108 δὲ

380 2123 822 2191 παραϐαίνοντας
883 2132 1058 2186 ταῦτα
1120 2120 1219 2188 οὐκ
1278 2136 1433 2191 εἶπεν
1472 2142 1620 2206 ὅπως
1674 2148 1949 2216 προσήκει

376 2214 727 2279 κολάζεσθαι.
778 2221 839 2274 Οἱ
880 2224 1012 2289 γοῦν
1054 2227 1154 2290 τῆς
1201 2230 1483 2301 παρούσης
1538 2214 1950 2305 συνόδου“ὄιχιοι

384 2307 650 2397 Πατὲρες,
709 2317 1209 2386 προοιμιασάμενοι
1255 2320 1339 2373 ὃτι
1395 2324 1773 2397 ἀπαραίτητόν
1832 2329 1950 2383 ἐστι

380 2396 748 2462 φυλάττεσθαι
772 2404 899 2467 τοὺς
932 2410 1189 2472 κανόνας,
1218 2412 1312 2464 καὶ
1341 2414 1544 2481 μᾶλλον
1584 2396 1678 2470 ἐπί
1705 2419 1816 2471 τῶν
1851 2422 1952 2490 ἁρ-

378 2491 611 2559 χιερέων
658 2494 767 2547 τῶν
809 2499 1258 2570 ἁσφαλιζομένων
1296 2505 1402 2575 πρὸ
1459 2509 1558 2577 τῆς
1614 2512 1952 2580 χειροτονίας

383 2582 525 2649 μετὰ
557 2585 665 2637 τῶν
689 2587 865 2643 ἄλλων
895 2593 989 2644 καὶ
1024 2595 1084 2647 τὸ
1120 2595 1411 2661 φυλάττειν
1440 2600 1567 2665 τοὺς
1595 2604 1826 2666 κανόνας
1857 2607 1951 2659 καὶ

375 2672 489 2731 οἷον
524 2680 612 2734 διὰ
653 2684 812 2737 τοῦτο
846 2694 1232 2746 καταστάντων
1287 2696 1590 2767 ὑπόχρεων,
1629 2699 1951 2769 διωρίσαντο

375 2770 872 2862 ἀπαρεγχείριστον
902 2782 1014 2851 (51)
1044 2789 1425 2855 συντηρεῖσθαι
1450 2790 1544 2843 τὸν
1566 2792 1807 2862 παρόντα
1845 2812 1949 2847 κα-

371 2861 523 2929 νόνα,
556 2868 651 2920 καὶ
700 2873 1029 2940 προσέθεντο
1059 2877 1157 2941 ὠς,
1202 2882 1268 2952 εί*
1300 2881 1375 2952 μὴ
1425 2882 1568 2937 οὕτω
1606 2887 1853 2941 ποιοῦσιν
1900 2890 1949 2943 οἱ

376 2959 775 3028 μητροπολῖται
804 2965 863 3016 ἐν
892 2969 1011 3029 ταῖς
1040 2971 1362 3041 ἐκκλησίαις
1410 2975 1611 3041 αὐτῶν,
1657 2979 1950 3049 προϐαλεῖ-

371 3057 466 3098 ται
495 3049 524 3101 ό
554 3052 900 3124 πατριάρχης
932 3058 1560 3129 Κωνσταντινουπόλεως
1606 3068 1949 3134 αὐθεντικῶς

371 3138 658 3235 οἰκονόμον
684 3144 744 3197 ἐν
779 3148 845 3217 τῇ
876 3152 1208 3221 μητροπόλει
1243 3156 1460 3220 πάντως
1493 3157 1601 3210 ἀπὸ
1631 3161 1743 3213 τῶν
1765 3163 1950 3235 κληρι-

1354 450 1437 510 ΙΝ
1471 452 1639 516 CAN.
1681 457 1765 515 XI
1799 457 2008 518 CONC.
2035 462 2147 521 VII
2181 466 2513 531 (ECUMEN

3508 476 3614 538 935

2640 584 2866 641 CANON
2926 588 3016 641 XI.

2055 690 2074 725 ι
2116 671 2251 728 Cum
2283 691 2474 731 omnes
2502 676 2715 733 divinos
2759 694 2996 734 canones
3026 695 3252 737 servare
3292 690 3615 747 teneamur,

2123 788 2142 820 ι
2182 785 2303 823 eum
2333 787 2571 840 quoque,
2610 774 2699 840 qui
2735 773 2891 842 jubet
2922 790 3235 831 ceconomos
3271 792 3393 831 esse.
3436 778 3489 829 in
3518 793 3611 830 ce-

2123 879 2143 912 ι
2181 860 2378 927 clcsiis,
2416 863 2640 917 illaesum
2694 866 2917 917 omnino
2973 882 3190 921 servare
3234 868 3512 921 debemus.
3548 867 3615 919 Et

2129 972 2146 1003 α
2190 953 2234 1006 si
2263 953 2480 1023 quidem
2511 955 2889 1023 unusquisque
2926 956 3384 1021 metmpolitanus
3421 959 3471 1009 in
3515 973 3614 1010 sua

2130 1064 2146 1095 ι
2188 1046 2421 1099 ecclesia
2457 1061 2804 1101 (economum
2854 1048 3139 1103 constituit
3171 1090 3184 1112 ,
3224 1049 3361 1103 bene
3399 1050 3560 1102 habet
3598 1065 3610 1100 :

2128 1158 2143 1187 ι
2186 1138 2269 1192 sin
2304 1138 2506 1201 minus,
2546 1139 3152 1207 Constantinopolitano
3194 1142 3451 1210 episcOpo
3491 1155 3617 1208 pro-

2126 1250 2144 1279 «
2188 1230 2300 1295 pria
2317 1231 2477 1302 302
2502 1234 2827 1287 auctoritate
2847 1232 3031 1286 licebit
3054 1248 3396 1287 mconomutn
3418 1234 3472 1285 in
3495 1234 3616 1299 ejus

2126 1342 2143 1372 ι
2178 1324 2411 1379 ecclesia
2457 1324 2756 1394 praeﬁcere.
2791 1326 3055 1380 Similiter
3081 1334 3135 1379 et
3161 1326 3619 1395 metropolitanis,

2124 1434 2141 1465 ε
2185 1417 2229 1469 si
2256 1416 2347 1485 qui
2382 1418 2462 1470 eis
2491 1418 2727 1472 subsunt
2773 1420 3043 1487 episcopi,
3083 1419 3257 1471 nolint
3295 1417 3348 1471 in
3378 1417 3493 1471 suis
3524 1433 3618 1470 ec-

2128 1527 2143 1555 ι
2183 1509 2368 1564 clcsiis
2395 1524 2713 1564 mconomos
2747 1510 3105 1565 constituere.
3145 1508 3256 1563 lloc
3296 1509 3474 1578 ipsum
3517 1524 3618 1562 an-

2126 1618 2145 1650 (
2183 1609 2287 1653 tem
2318 1601 2522 1654 servari
2552 1599 2713 1655 etiam
2750 1603 2806 1654 in
2835 1601 3183 1657 monasteriis
3214 1610 3449 1670 oportet.
3488 1619 3507 1653 ι

2123 1868 2320 1923 BALS.
2354 1868 2682 1924 Chalcedon.
2717 1885 2837 1939 syn.
2880 1884 3004 1923 can.
3036 1869 3106 1922 26
3136 1867 3375 1923 decrevit
3411 1875 3468 1921 ut
3499 1878 3617 1921 mn-

2053 1957 2141 2013 nis
2180 1958 2411 2012 ecclesia
2462 1972 2560 2025 per
2608 1957 2840 2012 clericos
2885 1972 2950 2011 ex
2983 1955 3225 2025 episcopi
3261 1956 3537 2009 voluntate
3567 1961 3618 2006 et

2053 2053 2325 2107 sententia
2384 2052 2799 2107 administretur
2859 2066 2873 2103 :
2927 2065 3022 2105 eos
3082 2059 3303 2113 autem,
3354 2047 3445 2117 qni
3506 2046 3621 2099 haec

2054 2145 2549 2216 transgrediuntur,
2609 2143 2882 2212 quomodo
2936 2142 3131 2212 punire
3185 2146 3455 2209 oporteat,
3506 2153 3618 2191 non

2053 2238 2263 2291 statuit.
2296 2234 2590 2291 Pra’sentis
2625 2250 2754 2303 ergo
2793 2232 2984 2305 synodi
3024 2233 3198 2287 sancti
3237 2233 3450 2294 Patres,
3493 2246 3617 2283 cum

2052 2329 2106 2383 in
2133 2344 2327 2384 exorsu
2354 2329 2615 2384 dixissent
2637 2342 2758 2381 esse
2788 2325 3226 2379 inexcusabiliter
3251 2322 3621 2378 observandos
3656 2320 3669 2329 “

2000 2486 2009 2495 _
2052 2435 2313 2483 canones,
2346 2426 2399 2471 et
2439 2418 2611 2487 magis
2652 2416 2720 2470 ab
2752 2415 3116 2476 antistitibus,
3155 2414 3249 2482 qui
3299 2422 3425 2467 ante
3475 2412 3621 2465 ordi-

2054 2511 2328 2566 nationem
2364 2510 2506 2563 inter
2535 2518 2728 2561 caetera
2768 2522 2827 2561 se
2864 2514 3177 2561 servaturos
3209 2519 3449 2558 canones
3491 2518 3621 2571 pro-

2054 2605 2296 2662 ﬁtentur,
2334 2608 2387 2655 et
2419 2609 2701 2669 propterea
2740 2608 2869 2653 sunt
2911 2597 3079 2653 veluti
3122 2595 3369 2666 obligati,
3411 2604 3621 2648 statue-

2051 2706 2202 2762 runt,
2240 2702 2299 2748 ut
2350 2708 2592 2763 prtesens
2646 2706 2817 2743 canon
2872 2690 3074 2744 illa'sus
3133 2674 3521 2748 conservetur;
3572 2694 3622 2739 et

2053 2788 2391 2857 adjecerunt,
2425 2784 2571 2854 quod
2606 2784 2708 2838 nisi
2763 2781 3166 2852 metropolitani
3201 2781 3252 2849 in
3284 2782 3400 2833 suis
3444 2764 3622 2834 eet-lo-

2052 2882 2149 2938 siis
2183 2881 2284 2934 hoc
2312 2876 2558 2939 fecerint,
2606 2875 2915 2945 patriarcha
2967 2871 3612 2941 Constantinopolitnnns

2051 2989 2148 3029 sua
2178 2971 2503 3028 auctoritate
2550 2970 2604 3023 in
2662 2966 2945 3036 metropoli
2994 2964 3216 3035 quidem
3273 2964 3498 3017 omnino
3555 2979 3621 3017 ex

2052 3066 2226 3136 ipsius
2288 3065 2503 3120 clericis
2561 3077 2911 3117 (economum
2979 3059 3297 3114 constituet.
3357 3056 3623 3110 Similiter

2051 3161 2212 3214 etiam
2247 3158 2707 3228 metrOpolitanus
2739 3168 3086 3209 mconomum
3121 3152 3443 3223 episcopatu
3485 3155 3621 3201 con-
3650 3182 3653 3185 -

372 3230 486 3284 κῶν
504 3234 710 3305 αὖτῆςο
744 3238 1007 3305 ὡσαύτως
1048 3247 1142 3299 καὶ
1170 3247 1198 3298 ὁ
1231 3252 1634 3323 μητροπολίτης
1673 3255 1759 3307 ἵνα
1815 3230 1947 3310 κᾶθ-

2050 3253 2262 3313 Stituat,
2296 3252 2339 3305 si
2363 3251 2653 3321 episcopus
2689 3248 2792 3301 hoc
2827 3246 3146 3315 neglexerit.
3176 3244 3414 3309 ldipsum
3441 3250 3621 3295 autem

373 3326 503 3396 ιστᾷ
535 3329 823 3401 οίκονόμον
865 3336 947 3397 είς
985 3337 1079 3406 τὴν
1108 3341 1435 3413 ἐπισκοπὴν,
1461 3346 1556 3399 ἐὰν
1596 3349 1624 3399 ὁ
1649 3348 1947 3414 ἐπίσκοπος

371 3414 628 3489 ἀμελήσῃ
665 3422 882 3478 τούτου.
916 3426 990 3479 Τὸ
1027 3429 1161 3481 αὐτὸ
1211 3430 1267 3483 δὲ
1320 3432 1572 3500 γίνεσθαι
1630 3439 1726 3490 καὶ
1772 3439 1853 3501 είς
1882 3439 1950 3493 τὰ

373 3509 737 3577 μοναστήρια,
773 3512 1104 3571 Ἐπισκόπου
1134 3520 1191 3573 δέ
1215 3539 1359 3585 τινος
1382 3527 1741 3590 αἰτιάθέντος,
1770 3529 1852 3582 ὅτι
1881 3532 1949 3584 τὰ

369 3598 473 3667 τῆς
503 3602 811 3675 ἐπισκοπῆς
840 3609 1112 3681 ᾠκονόμει
1135 3613 1222 3668 διά
1260 3615 1471 3683 λαῖκοῦ,
1503 3616 1658 3675 εἶπόν
1689 3641 1833 3687 τινες
1852 3627 1950 3688 ὡς,

372 3690 499 3785 ἐπεὶ
532 3696 562 3747 ὁ
584 3697 777 3767 παρὼν
807 3702 988 3785 καμὼν
1017 3707 1045 3757 ὁ
1080 3707 1327 3771 κολάζων
1360 3712 1485 3775 τοὺς
1514 3713 1794 3783 ἀρχιερεῖς
1824 3718 1951 3780 τοὺς

369 3784 455 3879 ,μὴ
503 3784 1027 3879 προχειριζομένους
1079 3800 1402 3871 οἰκονόμους
1459 3806 1519 3858 οὐ
1566 3806 1714 3873 λέγει
1762 3810 1951 3879 κληρι-

370 3877 506 3941 κους
535 3877 676 3935 εἶναι
700 3886 828 3949 τοὺς
849 3888 1170 3955 ὀφείλοντας
1205 3894 1453 3961 γίνεσθαι
1483 3900 1824 3968 οἰκονόμους,
1853 3877 1948 3953 ἐν·

366 3971 628 4042 δυνάμως
647 3978 742 4031 καὶ
769 3978 950 4034 λαϊκοὶ
970 3983 1040 4036 τὰ
1068 3986 1177 4038 τῶν
1213 3988 1525 4052 ἐκκλησιῶν
1556 3994 1948 4064 οίκονομήσου-

372 4077 482 4119 σιν.
530 4065 684 4135 Ἐμοὶ
710 4068 764 4121 δὲ
795 4071 857 4123 οὐ
888 4072 1037 4126 δοκεῖ
1058 4075 1218 4130 τοῦτο
1244 4094 1259 4108 ο
1290 4079 1372 4133 ὅτι
1398 4099 1457 4134 τε
1488 4084 1537 4135 οἱ
1558 4084 1615 4136 ἐν
1640 4084 1947 4155 Χαλκηδόνι

366 4154 618 4225 Πατέρες
646 4161 735 4229 διᾲ
775 4162 1053 4235 κληρικῶν
1082 4169 1485 4248 οἰκονομεῖσθαι
1508 4174 1575 4228 τὰ
1599 4176 1707 4229 τῶν
1745 4154 1946 4248 ἐκκλη-

369 4248 511 4303 σιῶν
545 4252 904 4324 διωρίσαντο·⁶
946 4261 1039 4313 καὶ
1079 4263 1159 4316 ὅτι
1204 4266 1231 4316 ὁ
1271 4264 1463 4336 παρὼν
1502 4268 1705 4333 κανὼν,
1764 4270 1834 4323 δι’
1872 4263 1947 4323 ὧν

368 4338 520 4410 erm,
540 4348 601 4399 τὸ
626 4350 760 4402 αὐτὸ
785 4352 1153 4421 φυλάττεσθαι
1191 4357 1287 4410 καί⁵
1340 4360 1422 4422 είς
1479 4361 1547 4413 τά
1582 4363 1945 4433 μοναστήρια,

370 4438 765 4509 παρεδήλωσεν
811 4442 949 4512 ὅπερ
1006 4448 1099 4500 καὶ
1139 4449 1170 4518 ἠ
1216 4453 1275 4503 ἐν
1333 4451 1640 4519 Χαλκηδόνι
1686 4454 1948 4508 ἐθέσπισε

368 4524 611 4603 σύνοδος.
640 4533 959 4605 Οίκονομεῖν
1003 4540 1111 4608 γὰρ
1150 4544 1217 4593 τὰ
1269 4543 1378 4595 τῶν
1419 4546 1802 4616 μοναστηρίων
1847 4551 1947 4602 οὐκ

366 4600 502 4688 εἴπῃ
536 4637 623 4684 τις
661 4600 908 4693 λαῖκοίξ,
945 4600 1047 4682 κᾶν
1082 4600 1447 4704 ’παραφρονῇλ
1492 4600 1807 4708 Σημείιυσαι
1853 4600 1945 4694 τὸν
1974 4619 2024 4678 D

370 4710 618 4815 παρόντα
663 4718 867 4772 κανόνα
906 4721 1301 4793 διοριζόμενον,
1354 4728 1409 4779 τί
1456 4728 1660 4797 ὀφείλει
1699 4732 1944 4800 γίνεσθαι

369 4808 453 4863 εῐς
483 4819 544 4856 τε
580 4808 709 4868 τοὺς
738 4810 1023 4881 ἀρχιερεῖς
1070 4815 1317 4881 καὶτοὺς
1376 4817 1452 4889 μὴ
1482 4820 1571 4873 διὰ
1599 4821 1876 4891 κληρικῶν
1908 4824 1941 4895 ἢ

2051 3347 2216 3401 etiam
2264 3347 2317 3399 in
2367 3342 2715 3398 monasteriis
2749 3338 2860 3392 ﬁeri
2912 3339 3180 3392 decernit.
3243 3336 3376 3391 Cum
3438 3342 3618 3387 autem

2053 3440 2344 3509 episcopus
2376 3426 2598 3506 quidam
2637 3441 2926 3489 accusatus
2975 3442 3142 3491 esset,
3187 3429 3330 3499 quod
3383 3444 3470 3482 res
3504 3428 3622 3495 epi-

2053 3539 2317 3600 scopatus
2347 3545 2444 3601 per
2470 3527 2667 3583 laicurn
2706 3524 3135 3584 administraret,
3164 3522 3418 3576 dixerunt
3452 3519 3620 3587 aliqui

2054 3626 2197 3697 quod
2238 3624 2495 3692 quoniam
2538 3635 2780 3692 praesens
2827 3634 3002 3674 canon
3037 3617 3193 3687 punit
3222 3614 3493 3668 antistites
3530 3611 3621 3679 qui
3672 3632 3673 3635 η

2052 3731 2374 3772 meonomos
2422 3732 2530 3769 non
2574 3714 2899 3784 prmticiunt.
2945 3726 3045 3765 nec
3073 3708 3204 3764 dicit
3235 3722 3357 3761 esse
3394 3705 3623 3759 clericos

2051 3810 2142 3879 qui
2177 3808 2376 3863 debent
2410 3809 2521 3862 ﬁeri
2570 3806 2860 3868 mconomi,
2893 3803 3015 3857 laici
3062 3816 3280 3871 quoque
3329 3814 3417 3851 res
3445 3797 3619 3851 eccle-

2051 3902 2258 3956 siarum
2293 3900 2395 3954 rite
2441 3898 2902 3954 administrabant
2937 3913 2951 3949 :
2986 3894 3077 3949 sed
3130 3892 3257 3946 mihi
3296 3907 3402 3945 non
3434 3890 3506 3942 ita
3540 3889 3618 3940 vi-

2050 3994 2246 4059 detur;
2279 3991 2536 4061 quoniam
2568 3988 2824 4044 Chalced.
2852 3985 3042 4057 synodi
3078 3985 3264 4038 Patres
3322 3996 3409 4035 res
3445 3980 3620 4032 eccle-

2050 4087 2257 4141 siarum
2313 4099 2411 4153 per
2446 4082 2678 4137 clericos
2721 4078 3093 4134 administrari
3148 4076 3349 4131 debere
3393 4073 3620 4127 deﬁnie-

2051 4190 2215 4243 runt;
2249 4187 2302 4233 et
2329 4177 2455 4248 quia
2493 4175 2578 4228 hic
2604 4190 2801 4240 canon,
2831 4174 2883 4228 id
2919 4173 3096 4242 ipsum
3130 4184 3349 4239 quoque
3394 4167 3446 4219 in
3486 4182 3619 4227 Jun—

2055 4272 2310 4327 nasteri’is
2366 4270 2574 4328 servari
2632 4279 2887 4338 oportere
2944 4265 3217 4329 dicendo,
3272 4262 3414 4315 idem
3479 4259 3620 4327 quod

2050 4366 2336 4424 constituit
2387 4363 2648 4420 Chalced.
2698 4376 2819 4431 syn.
2882 4360 3202 4414 declaravit.
3261 4356 3407 4409 Bona
3474 4354 3619 4405 enim

2056 4458 2513 4514 monasteriorum
2566 4470 2688 4509 esse
2739 4469 2769 4508 a
2812 4452 2969 4506 laicis
3023 4446 3461 4504 administranda
3514 4460 3620 4501 non

2053 4552 2252 4605 dixerit
2283 4549 2577 4618 quispiam,
2611 4546 2824 4601 etiamsi
2858 4544 3110 4612 desipiat.
3138 4541 3269 4595 Nota
3299 4546 3619 4609 praesentem

2049 4658 2175 4698 can.
2205 4643 2581 4704 deﬁnientem,
2612 4640 2741 4710 quid
2786 4638 2899 4693 ﬁeri
2926 4637 3124 4690 debeat
3155 4632 3535 4689 sacerdotibus
3568 4641 3617 4684 et

2052 4735 2326 4805 praefectis
2358 4735 2450 4816 qui
2481 4734 2623 4788 bona
2660 4730 3020 4786 ecclesiarum
3072 4736 3127 4781 et
3164 4725 3619 4781 monasteriorum

2055 4842 2151 4895 per
2182 4827 2412 4880 clericos
2443 4827 2526 4879 vel
2562 4823 2861 4878 monachos
2892 4836 2999 4875 non
3029 4819 3444 4874 administrant.

368 4899 623 4968 μονακῶν
657 4904 1078 4973 οἰκονομοῦντας
1109 4910 1197 4964 τὰ.
1224 4911 1335 4965 τῶν
1369 4913 1680 4986 ἐκκλησιῶν
1713 4918 1807 4971 καὶ
1854 4918 1921 4971 τὰ
1941 4919 2050 4972 τῶν
2080 4920 2479 4989 μοναστηρίων.

1599 5036 1798 5100 Guill.
1838 5039 2167 5115 Beveregii
2201 5047 2386 5100 notas.

440 5118 554 5204 (ἓξὲξ
593 5120 912 5204 ’Υπόχρεοι
943 5125 1115 5204 drum
1147 5126 1401 5204 deinde;
1433 5132 1662 5204 _Alexins
1708 5137 1943 5204 patriar.

366 5190 475 5245 cha
513 5190 1157 5272 portsta_nti_ttopol_itanus
1191 5198 1244 5249 in
1269 5190 1527 5272 synodali
1593 5190 1839 5262 decreto.
1873 5208 1940 5259 de

366 5264 558 5342 causis
604 5264 1131 5342 .ecclesiasticis‘ad
1189 5264 1501 5342 universas'
1525 5276 1860 5342 metropoles
1888 5287 1942 5330 et

368 5332 880 5402 archiepiscopatus
936 5338 1361 5404 pertinentibus,
1418 5340 1563 5401 hunc
1619 5332 1760 5397 inter
1806 5348 1942 5401 alios

367 5415 636 5479 eanonem
675 5406 808 5457 citat
839 5406 1212 5479 explicatque;
1264 5411 1422 5476 cujus
1451 5423 1741 5479 propterea
1775 5416 1940 5470 verba

368 5473 534 5536 digna
582 5484 709 5527 sunt
758 5489 879 5540 quae
909 5476 1292 5533 observentur.
1332 5473 1490 5534 Dicit
1541 5473 1724 5538 autem
1774 5502 1789 5537 :
1832 5488 1941 5540 Καὶ

367 5544 555 5594 τοίνυν
580 5545 883 5624 κάνταῦήθα,
946 5548 1092 5624 ἐπεὶ.
1122 5550 1263 5624 κατὰ
1307 5551 1391 5624 τὸν
1416 5553 1638 5622 λεληθὸς
1683 5555 1820 5624 πρὸς
1847 5560 1945 5620 τὰς

374 5614 739 5696 μητροπόλεις
763 5614 997 5696 ,ἔρχεται
1037 5618 1106 5696 τά
1150 5620 1249 5696 τῆς
1297 5614 1629 5696 βλάϐηςξτδ
1664 5614 1876 5693 πρέπον

371 5682 499 5766 καθ’
542 5684 700 5766 ﬁnd;
752 5682 885 5766 ἁγία
928 5686 1151 5766 σύνοδος
1206 5682 1576 5766 δοκιμάσασα,
1626 5682 1942 5761 ἀναγκαίως

372 5756 607 5828 τὴνᾼτῷν
635 5756 939 5828 οἰκονόμων
960 5760 1302 5828 προχείρισιν
1333 5756 1626 5828 διετάξετο,
1676 5756 1815 5817 κατὰ
1840 5756 1931 5817 τὸν

376 5841 431 5896 ια
476 5822 719 5896 δηλονότι
765 5822 865 5895 τῆς
925 5822 1169 5896 ἑϐδόμης
1197 5832 1414 5884 συνόδου
1474 5822 1671 5886 κανόνα
1698 5850 1712 5864 ·
1744 5834 1928 5887 ἄδειαν

369 5894 484 5955 γάρ
515 5895 718 5958 ἐκεῖνος
742 5894 923 5950 δίδωσι
955 5897 1048 5950 καὶ
1066 5894 1144 5963 τῷ
1174 5900 1463 5967 ἁγιωτάτῳ
1489 5906 1925 5968 πατριάογηνκαὶ

2046 5139 2159 5199 τοῖς
2182 5139 2224 5189 ίε
2237 5139 2500 5206 ρωτάτοις
2562 5134 2986 5206 μητροπολίταις
3012 5129 3331 5206 οἰκονόμους
3357 5127 3619 5206 καθ-ιστᾷν

2039 5209 2099 5259 ἐν
2128 5198 2248 5271 ταῖς
2277 5198 2635 5275 ἐκκλησίαις(
2669 5198 2745 5260 ῶν
2780 5207 2827 5257 οἱ
2862 5199 3390 5281 μητροπολῖταιικαὶ
3420 5199 3471 5278 οξ
3506 5198 3618 5281 ἐπίτ

2045 5294 2241 5329 σκοποι
2272 5272 2445 5329 τοῦτο’
2458 5279 2630 5329 ποιεῖν
2658 5279 2758 5330 οὐκ
2792 5272 3092 5351 ἀνέχονται.
3124 5272 3169 5337 ἧς
3204 5273 3297 5351 καὶ
3326 5272 3512 5351 κακῶς
3528 5272 3618 5351 fi

2042 5348 2152 5417 τῶν
2182 5347 2490 5417 ἐκκλησιῶν
2519 5347 2817 5400 διέπουσιν.
2852 5335 3008 5401 Α’ίθκ.
3048 5335 3198 5397 Patr.
3253 5342 3308 5394 in
3350 5337 3474 5391 Jur.
3525 5335 3618 5389 Gr.

2044 5415 2197 5470 Rom.
2238 5415 2431 5480 Iibftv,
2467 5433 2586 5486 pag.
2621 5417 2751 5471 “251.

2116 5488 2228 5557 (50)
2276 5479 2727 5559 οὶκονὸμὲῖσθαι
2772 5485 2867 5539 διὰ
2923 5484 3245 5559 numer.
3283 5479 3615 5559 ⁵Ιλξξξεζηιὶιιιη

2041 5551 2130 5609 διά
2157 5551 2444 5628 κληρικῶν
2476 5551 2669 5623 αὐτῆς,
2717 5559 2873 5625 juxta
2918 5551 3053 5609 mss.
3113 5551 3612 5628 Amerhat‘t-hianum

2041 5636 2095 5679 et
2132 5620 2773 5693 Eteniensem,neCnon
2828 5628 3151 5695 impressam
3214 5621 3444 5677 Parisiis
3497 5620 3613 5673 edi-

2043 5699 2269 5755 tionem.

2112 5769 2222 5839 (51)
2296 5768 2881 5839 ‘Aréapsrzst'pmtor.
2950 5765 3010 5817 In
3074 5763 3264 5820 codice
3342 5761 3605 5818 Amerba-

2035 5836 2233 5894 chirano
2267 5840 2467 5910 legitur
2496 5836 2997 5909 ἀπαρεγχείρητον.
