4056 6400
467 279 568 343 931

472 505 717 556 nantur;
788 506 857 545 ex
919 505 1131 545 canone
1200 490 1269 544 29
1329 490 1785 560 Cartliaginensis
1854 489 2055 559 synodi

473 591 727 654 apparet,
763 581 931 655 304
964 585 1057 652 qui
1090 583 1197 638 hoc
1218 599 1340 637 cum
1366 582 1719 637 distinctione
1746 582 2051 651 permittit;

468 694 633 747 quem
667 678 806 746 lege.
842 675 950 731 Sed
982 692 1218 747 magnus
1248 678 1412 731 etiam
1434 675 1695 745 Cyrillus.
1720 676 1775 729 in
1809 673 2055 729 secundo

466 768 646 838 capite
673 782 787 821 suae
817 767 886 821 ad
916 765 1188 827 Domuum
1220 766 1487 837 epistolm,
1520 764 1894 821 inalienabilia
1925 772 2052 820 esse

467 858 601 912 dicit
642 874 769 912 vasa
802 857 1069 928 pretiosa,
1122 871 1279 912 sacra
1336 856 1579 920 scilicet,
1635 864 1690 908 et
1740 852 2050 908 immobiles

464 948 828 1004 ecclesiarum
887 948 1295 1017 possessiones.
1343 946 1616 1001 Czeterum
1673 946 1777 1001 hoc
1832 960 2052 1015 quoque

469 1042 838 1111 interpretare
883 1056 951 1094 ex
1007 1040 1282 1095 sententia
1336 1040 1567 1094 canonis
1617 1038 1880 1120 Qarthag.
1925 1055 2048 1111 syn.

464 1135 603 1188 Cum
644 1136 867 1205 quidam
915 1142 1100 1187 autem
1138 1135 1435 1204 episc0pus
1481 1134 1747 1204 praedium
1785 1134 2050 1188 ecclesia-

464 1228 667 1283 sticum
726 1226 1017 1296 principali
1058 1227 1277 1281 cuidam
1325 1243 1576 1297 persona:
1629 1227 1945 1292 alienasset,
1998 1236 2050 1280 et

466 1321 730 1376 alienatio
764 1337 860 1390 per
885 1320 1034 1374 hunc
1065 1336 1335 1375 canonem
1380 1320 1660 1374 inﬁrmata
1688 1327 1859 1383 esset,
1901 1318 2049 1373 dice-

467 1416 599 1469 bant
635 1415 861 1484 quidam
896 1414 1098 1469 debere
1132 1415 1452 1484 episcOpuru
1502 1429 1568 1468 ex
1603 1414 1921 1483 episcopatu
1952 1426 2048 1467 ex-

464 1509 614 1578 pelli,
655 1518 715 1563 ut
764 1510 867 1562 lioc
899 1523 1112 1563 canone
1144 1507 1485 1562 continetur.
1540 1505 1669 1560 Milli
1719 1515 1903 1560 autem
1934 1516 2067 1558 nonl

461 1607 536 1655 ita
567 1604 801 1656 videtur.
838 1600 1026 1670 Neque
1068 1601 1213 1654 enim
1273 1600 1431 1669 jubet
1487 1614 1664 1653 canon
1720 1598 2041 1668 episcopum

460 1713 528 1751 ex
561 1696 879 1765 episcopatu
916 1694 1102 1761 dejici,
1131 1693 1355 1763 quando
1390 1692 1586 1747 fecerit
1609 1691 1799 1762 prtedii
1830 1690 2042 1743 aliena-

464 1763 691 1851 tionem,
724 1763 845 1855 (μιαί
872 1794 989 1837 rata
1023 1799 1085 1838 ac
1113 1784 1264 1836 lirma
1293 1782 1399 1837 nan
1445 1781 1639 1847 fuerit;
1674 1777 1772 1835 sed
1818 1776 2042 1848 quando
2076 1763 2119 1822 Β

459 1878 757 1933 immobilis
780 1878 857 1930 rei
888 1875 1283 1932 ecclesiasticae
1321 1875 1707 1929 alienationem
1753 1887 1875 1926 cum
1910 1868 2037 1923 dolo

461 1972 653 2027 fecerit
686 1990 700 2025 :
740 1979 793 2026 et
830 1970 883 2025 id
917 1968 1137 2039 quidem
1167 1984 1355 2023 revera
1405 1969 1470 2022 ad
1525 1974 1801 2038 potentem
1845 1978 2039 2034 perso-

463 2081 585 2119 nam
628 2065 915 2131 pervenire
963 2065 1118 2125 velit,
1165 2061 1357 2115 fraude
1405 2068 1586 2114 autem
1645 2073 1709 2113 ac
1765 2055 2038 2110 malitiosa

462 2158 762 2213 calliditate
814 2156 1018 2211 clerico
1063 2155 1147 2210 vel
1190 2154 1445 2224 agricolae
1486 2152 1795 2217 tradiderit,
1841 2152 1894 2206 id
1928 2164 2039 2205 non

459 2266 583 2307 esse
616 2250 798 2320 magni
827 2248 1034 2303 reditus
1061 2263 1320 2311 causans,
1350 2256 1418 2300 nt
1440 2246 1511 2300 ab
1541 2246 1633 2299 illo
1664 2244 1731 2298 ad
1760 2250 2037 2315 potentem

463 2345 765 2414 perveniat.
826 2344 945 2396 Non
1000 2342 1146 2396 enim
1197 2348 1423 2411 propter
1481 2339 1891 2401 alienationem,
1943 2337 2038 2391 sed

462 2447 685 2507 propter
714 2435 1129 2490 fraudulentqu
1171 2432 1491 2493 consilium,
1522 2440 1582 2484 ut
1606 2442 1673 2483 ex
1710 2429 2036 2498 episcopatu

455 2531 847 2584 deturbaretur
872 2528 1227 2582 constitutum
1253 2532 1356 2579 est.
1384 2522 1563 2592 Atque
1583 2521 1688 2576 hoc
1720 2520 1938 2591 quidem
1969 2535 2038 2573 ex

458 2639 673 2678 canone
701 2623 770 2677 58
794 2621 1096 2695 apostolico
1130 2620 1185 2673 in
1220 2618 1478 2688 praesenti
1509 2630 1725 2670 canone
1777 2614 1884 2669 sito
1939 2613 2035 2667 de-

365 2717 378 2736 ⁸
456 2717 723 2770 claratum
759 2721 864 2775 est,
898 2712 990 2781 qui
1038 2727 1147 2766 non
1177 2711 1335 2779 punit
1378 2708 1725 2787 episcopum,
1759 2706 1851 2775 qui
1915 2706 2037 2760 sine

454 2809 585 2862 dolo
618 2817 673 2863 et
698 2807 904 2860 malitia
929 2804 1094 2859 rebus
1126 2800 1762 2879 ecclesiasticisutitur;
1782 2798 2038 2854 similiter

457 2909 514 2956 et
553 2916 617 2955 ex
640 2898 784 2954 Just.
816 2914 945 2954 nov.
978 2897 1082 2951 120
1116 2912 1212 2952 seu
1263 2896 1356 2952 lib.
1384 2896 1477 2960 25,
1504 2895 1588 2949 tit.
1624 2910 1684 2959 γ,
1715 2908 1766 2947 c.
1794 2893 1830 2946 2
1869 2893 2034 2947 Basil.

457 2994 610 3063 quod
643 2993 891 3048 decernit
920 2992 1193 3061 ejusmodi
1226 2998 1545 3044 contractus
1587 3002 1695 3043 non
1726 2986 1942 3052 valere;
1968 2985 2037 3040 de

456 3087 706 3158 cpiscOpi
732 3096 912 3140 autem
946 3085 1030 3139 vel
1063 3082 1386 3144 monasterii
1417 3082 1652 3136 rectoris
1688 3095 1851 3151 poena
1899 3078 2041 3133 nihil

455 3179 677 3248 penitus
730 3186 965 3243 tractat;
1025 3177 1122 3232 sed
1172 3184 1383 3230 tantum
1439 3174 1792 3229 tabellionem
1838 3174 2038 3227 multat

456 3272 670 3327 exsilio.
719 3270 827 3325 Sed
878 3269 1143 3338 quoniam
1198 3267 1347 3321 dicta
1412 3267 1632 3321 novella
1692 3266 1833 3335 (sive
1883 3274 2033 3320 totus

458 3364 640 3435 potius
671 3361 949 3417 secundus
979 3361 1156 3431 quinti
1205 3360 1328 3414 libri
1371 3358 1588 3429 titulus)
1650 3360 1846 3413 statuit
1896 3372 2032 3412 non-

416 3438 734 3526 Vuunquam
766 3472 876 3510 non
902 3456 1081 3510 solum
1136 3455 1479 3508 inlructuOSa
1538 3465 1591 3507 et
1631 3452 1766 3507 nihil
1824 3453 2034 3506 reditus

456 3549 740 3604 afferentia
797 3548 1097 3602 immobilia
1150 3546 1512 3623 ecclesiarum
1567 3554 1625 3601 et
1664 3544 2034 3600 monasterio-

458 3649 683 3708 rum,et
711 3642 885 3710 ipsius
941 3641 1104 3693 etiam
1149 3638 1358 3708 Magnae
1405 3638 1655 3693 ecclesiae
1696 3647 1751 3692 et
1801 3638 2033 3690 aliarum

455 3750 737 3790 sacrarum
772 3730 1007 3797 aedium:
1034 3748 1223 3786 verum
1254 3747 1318 3786 ea
1368 3732 1534 3786 etiam
1565 3746 1631 3785 ex
1666 3730 1869 3801 quibus
1919 3730 2036 3784 fru-

453 3836 579 3881 ctus
622 3837 676 3881 et
718 3826 929 3880 reditus
979 3825 1300 3895 percipitur,
1369 3824 1527 3878 vendi
1558 3833 1613 3879 et
1647 3824 1898 3891 alienari,
1939 3839 2038 3896 per

454 3919 840 3975 distinctiones
884 3933 1007 3987 quae
1063 3917 1117 3971 in
1178 3933 1241 3972 ea
1317 3915 1698 3985 declarantur,
1763 3930 2033 3988 preaterea

454 4023 638 4070 autem
678 4023 734 4067 et
772 4012 1019 4083 quaedam
1052 4014 1316 4067 suadente
1345 4024 1590 4083 tempore
1626 4016 1857 4069 alienari
1902 4032 2029 4085 per-

455 4107 625 4161 mittit
661 4125 675 4160 :
712 4105 826 4174 lege
859 4120 1005 4169 eam,
1040 4119 1161 4174 quae
1191 4114 1247 4158 et
1290 4121 1481 4176 magna
1515 4115 1599 4161 est
1632 4115 1687 4160 et
1723 4108 2031 4178 multiplex,

455 4201 828 4271 plurimasque
878 4197 1268 4254 distinctiones
1314 4200 1559 4268 recipit:
1599 4207 1654 4255 et
1692 4215 1928 4270 procura
1974 4211 2034 4255 ut

453 4292 587 4346 (iant
636 4292 720 4345 vel
780 4306 888 4344 non
933 4292 1086 4355 liant,
1142 4290 1210 4343 ab
1260 4290 1509 4346 ecclesiis
1562 4299 1617 4347 et
1679 4293 2033 4347 monasteriis

453 4381 817 4436 alienationes
871 4388 925 4434 et
963 4379 1306 4436 venditiones
1356 4395 1640 4436 sacrorum
1694 4388 1748 4436 et
1788 4382 2031 4452 ipsorum
2082 4382 2089 4391 ‘

1756 284 2036 344 THEOD.
2082 280 2484 343 BALSAMON

468 406 698 469 propter
759 404 1045 469 urgentem
1115 395 1365 451 ecclesiis
1425 398 1814 451 necessitatem
1844 436 1859 459 ,
1918 397 2041 449 alie-

2153 392 2346 461 γνωθι.
2383 391 2543 445 Ἀλλὰ
2573 394 2666 446 καὶ
2690 394 2716 444 ὁ
2751 394 2923 464 μέγας
2975 396 3239 468 Κύριλλος
3292 401 3349 451 ἐν
3383 428 3391 449 ε

3625 292 3746 351 U32

3394 300 3486 451 Lib
3531 398 3572 451 8'
3604 420 3737 451 κεωμ

3443 400 3486 468 ᾧ
3529 398 3572 468 β’
3604 420 3741 471 κεφ.

2156 486 2255 553 τῆς
2286 483 2424 555 πρὸς
2444 486 2648 554 Δόμνον
2672 488 2966 558 ἐπιστολῆς
2998 489 3168 542 αὐτοῦ
3220 493 3561 564 ἁνεκττοίητα
3586 492 3736 550 εἶναι

2156 575 2451 646 διορίζεται
2504 578 2575 629 τὰ
2620 578 2902 649 κειμήλια,
2950 581 3119 651 ήγουν
3169 582 3240 635 τὰ
3270 584 3413 651 ἱερὰ,
3475 584 3572 636 καὶ
3632 588 3743 649 τὰς

2157 669 2453 740 ἀκινήτους
2482 672 2708 741 κτήσεις
2738 673 2851 725 τῶν
2881 674 3212 745 ἐκκλησιῶν.
3254 676 3404 746 Πλὴν
3451 678 3547 731 καὶ
3574 678 3745 732 τοῦτο

2160 759 2303 813 κατὰ
2330 760 2423 813 τὸν
2459 761 2662 814 κανόνα
2690 762 2786 833 τῆς
2811 765 2870 816 ἐν
2900 766 3231 838 Καρθαγένῃ
3280 767 3503 822 συνόδου
3558 770 3749 840 ἐρμή-

2161 868 2371 909 νευσον.
2411 854 2744 909 Ἐπισκόπου
2775 857 2833 912 δέ
2884 876 3031 924 τινος
3073 860 3401 931 αὐτούργιον
3435 863 3744 934 ἐκκλησιαο

2161 945 2347 999 στικὸν
2389 947 2750 1013 ἐκδεδωκότος
2824 951 2962 1020 πρὸς
3031 953 3360 1023 ἀρχοντικὸν
3412 957 3741 1027 πρόσωπον,

2156 1037 2373 1109 καὶτῆς
2405 1040 2671 1105 ἐκδόσεως
2695 1041 2782 1095 διὰ
2827 1044 2919 1098 τὸν
2959 1047 3162 1098 κανόνα
3184 1046 3390 1101 ’τοῦτον
3424 1052 3744 1121 ἀκυρωθεξ-

2159 1146 2281 1201 σης,
2307 1126 2459 1186 εἶπόν
2498 1151 2643 1197 τινες
2672 1135 2905 1204 ὀφείλειν
2935 1139 3270 1209 ἐκϐληθῆναι
3314 1140 3409 1193 τὸν
3433 1141 3745 1196 ἐπίσκοπον

2152 1226 2218 1278 ἐκ
2251 1225 2349 1295 τῆς
2380 1228 2688 1297 ἐπισκοπῆς
2737 1234 2882 1282 κατὰ
2908 1230 3007 1300 τὴν
3027 1232 3121 1283 τοῦ
3150 1232 3375 1294 κανόνος
3410 1234 3733 1303 περίληψιν,

2164 1320 2321 1388 Ἐμοὶ
2349 1319 2407 1373 δὲ
2433 1320 2494 1373 οὐ
2517 1320 2684 1377 δοκεῖ.
2730 1322 2789 1374 '0
2812 1324 2921 1393 γὰρ
2949 1324 3130 1377 κανὼν
3180 1325 3242 1378 οὐ
3290 1326 3741 1394 παρακελεύεται

2152 1412 2517 1466 ἐκϐάλλεσθαι
2545 1414 2638 1467 τὸν
2671 1416 2978 1470 ἐπίσκοπον
3014 1420 3077 1470 ἐκ
3101 1418 3196 1471 τοῦ
3228 1419 3608 1484 ἐπισκοπείου,
3642 1422 3737 1475 ὅτε

2148 1507 2353 1577 ἄκυρον
2387 1508 2674 1578 ἐκποίησιν
2718 1510 3043 1580 αὐτουργίου
3077 1511 3430 1584 διαπράξοιτο
3451 1525 3465 1540 ⁸
3498 1513 3615 1566 ἀλλ’
3643 1514 3737 1567 ὅτε

2152 1602 2291 1668 μετὰ
2317 1599 2471 1654 δόλου
2500 1601 2713 1655 ἔκδοσιν
2751 1605 3009 1674 ἀκινήτου
3056 1606 3526 1676 ἐκκλησιαστικοῦ
3561 1608 3729 1679 ποιή-

2152 1710 2258 1759 σει,
2285 1695 2381 1747 καὶ
2406 1698 2470 1766 τῇ
2510 1696 2610 1764 μὲν
2638 1696 2867 1768 ἀληθείᾳ
2896 1698 3043 1752 θέλει
3088 1698 3403 1770 περιελθεῖν
3449 1694 3614 1754 τοῦτο
3648 1704 3733 1763 εἰς

2147 1785 2382 1841 δυνατὸν
2414 1791 2731 1859 πρόσωπον,
2764 1792 2904 1845 κατὰ
2955 1792 3011 1846 δὲ
3046 1793 3399 1865 ῥᾳδιουργίας
3429 1796 3733 1865 παραπέμ-

2148 1879 2239 1950 ψει
2273 1880 2404 1933 αὐτὸ
2445 1883 2584 1953 πρὸς
2632 1883 2895 1954 κληρικὸν
2934 1885 2965 1955 ἦ
2999 1886 3264 1954 γεωργὸν,
3303 1887 3733 1957 προφασισαμέ-

2149 1990 2237 2035 νος
2271 1971 2409 2027 εἶναι
2435 1975 2762 2046 ἀπρόσοδον,
2800 1978 2874 2040 ὡς
2905 1976 2971 2030 ἂν
2998 1978 3058 2042 ἐξ
3090 1966 3305 2031 ἐκείνου
3338 1979 3603 2051 περιέλθῃ
3649 1980 3734 2040 είς

2150 2066 2241 2117 τὸν
2274 2065 2535 2120 δυνατόν·
2573 2068 2634 2119 οὐ
2665 2068 2775 2138 γὰρ
2805 2069 2893 2121 διὰ
2933 2067 3033 2139 τήν
3083 2069 3394 2140 ἐκποίησιν,
3453 2067 3592 2123 ἀλλὰ
3639 2068 3736 2121 διὰ

2150 2160 2250 2229 τὴν
2284 2159 2624 2230 πανουργίαν
2671 2160 3027 2232 ἐπεψηφίσθη
3081 2161 3256 2232 τούτῳ
3291 2164 3324 2232 ή
3358 2164 3423 2215 ἐκ
3476 2161 3574 2214 τοῦ
3605 2163 3736 2214 ἐπι-

2151 2236 2414 2305 σκοπείου
2445 2252 2668 2324 ἐκϐολή.
2700 2254 2811 2307 Καὶ
2835 2252 3093 2323 δηλοῦται
3122 2254 3281 2307 τοῦτο
3330 2252 3442 2307 ἀπὸ
3469 2252 3567 2306 τοῦ
3600 2254 3740 2306 ἀπο-

2150 2345 2402 2399 στολικοῦ
2431 2342 2513 2414 λη’
2544 2346 2791 2412 κανόνος,
2850 2346 2946 2400 τοῦ
2986 2348 3477 2418 καταστρωθέντος
3522 2346 3604 2411 είς
3635 2348 3738 2399 τὸν

2150 2440 2397 2510 παρόντα
2433 2440 2659 2503 κανόνα,
2699 2440 2894 2511 καὶμὴ
2927 2440 3248 2505 κολάζοντος
3281 2440 3375 2494 τὸν
3428 2439 3738 2496 ἐπίσκοπον

2148 2531 2241 2584 τὸν
2273 2531 2397 2602 δίχα
2418 2532 2574 2585 δόλου
2606 2532 2894 2603 χρώμενον
2937 2535 3124 2598 κακῶς
3160 2536 3273 2597 τοῖς
3321 2518 3738 2605 ἐκκλησιαστι-

2150 2626 2266 2689 κοῖς
2294 2624 2620 2694 πράγμασιν
2644 2640 2659 2654 ⁶
2718 2625 2991 2689 ὡσαύτως·
3026 2628 3119 2680 κα)⁸
3138 2618 3143 2627 ’
3158 2626 3267 2680 ἀπὸ
3321 2629 3420 2699 τῆς
3471 2632 3555 2697 ρκ’
3592 2626 3735 2678 Ἰου-

2151 2719 2479 2772 στινιανείου
2512 2718 2752 2792 Νεαρᾶς,
2786 2721 2905 2791 ήτοι
2930 2720 3023 2774 τοῦ
3059 2720 3143 2790 κγ’
3176 2739 3305 2790 κεφ.
3337 2720 3431 2775 τοῦ
3479 2722 3525 2792 β’
3549 2720 3737 2775 τίτλου

2146 2811 2244 2866 τοῦ
2305 2810 2347 2865 ε’
2407 2813 2614 2883 βιϐλίου
2664 2814 2773 2867 τῶν
2821 2814 3154 2881 Βασιλικῶν,
3208 2816 3304 2869 τοῦ
3352 2814 3736 2886 διοριζομένου

2149 2906 2220 2959 τὰ
2253 2906 2489 2959 τοιαῦτα
2519 2907 2953 2977 συναλλάγματα
2981 2908 3325 2978 ἀκυροῦσθαι
3352 2924 3365 2938 ⁸
3403 2908 3536 2979 περὶ
3557 2908 3616 2961 δέ
3636 2908 3737 2961 τοῦ

2148 2998 2515 3073 τιμωρεῖσθαι
2542 3000 2635 3055 τὸν
2666 3001 2972 3055 ἐπίσκοπον
3013 3001 3046 3073 ἦ
3084 3002 3174 3055 τὸν
3205 3000 3515 3072 ἡγούμενον
3559 2988 3738 3072 μηδὲν

2069 3120 2113 3180 c
2144 3110 2198 3147 τι
2230 3093 2722 3164 διαλαμϐάνοντος,
2778 3094 2917 3148 ἀλλὰ
2955 3093 3046 3148 τὸν
3083 3086 3604 3165 συμϐόλαιογράφον
3631 3096 3739 3165 μόο

2147 3203 2238 3241 νον
2262 3188 2343 3249 εἰς
2374 3184 2593 3258 ἐξορίαν
2628 3186 3110 3252 καταδικάζοντος.
3154 3187 3309 3240 Ἐπεὶ¹
3339 3186 3397 3240 δέ
3429 3187 3461 3258 ή
3491 3183 3740 3258 ρηθεῖσα.

2141 3282 2501 3354 Νεαρὰ,ήτοι
2529 3284 2701 3346 eam;
2729 3284 2910 3347 τίτλος
2960 3284 3060 3338 τοῦ
3104 3282 3146 3338 ε’
3194 3260 3428 3356 βίδλίου,
3476 3284 3738 3349 θεσπίζει

2143 3374 2291 3429 ἐστιν
2315 3377 2405 3430 ὅτε
2434 3377 2510 3447 μὴ
2554 3378 2717 3447 μόνον
2765 3377 3067 3447 ἀπρόσοδα,
3104 3379 3245 3432 ἀλλὰ
3272 3380 3366 3432 καὶ¹
3395 3378 3736 3450 εὐπρόσοδα,

2146 3468 2391 3537 ἀκίνητα
2464 3470 2771 3541 ἐκκλησιῶν
2815 3471 2911 3524 καὶ
2967 3471 3374 3542 μοναστηρίων,
3416 3474 3509 3525 καὶ
3558 3471 3739 3539 αὐτῆς

2140 3564 2241 3630 τῆς
2287 3560 2548 3634 Μεγάλης
2596 3563 2896 3634 ἐκκλησίας
2952 3565 3048 3616 καὶ
3117 3564 3227 3616 τῶν
3283 3564 3462 3618 ἄλλων
3508 3563 3737 3631 εὐαγῶν

2143 3656 2329 3722 οῐκων,
2372 3657 2712 3710 ἐκποιεῖσθαι
2743 3659 2839 3711 καὶ
2894 3658 3199 3711 ἐκδίδοσθαι
3246 3658 3383 3728 μετὰ
3406 3658 3733 3722 διαστίξεων

2141 3748 2488 3819 δηλουμένων
2555 3751 2613 3803 ἐν
2655 3751 2832 3822 αὐτῇ⁶
2891 3752 3116 3823 προσέτι
3157 3771 3221 3822 γε
3271 3754 3375 3823 μὴν
3438 3753 3534 3808 καὶ
3602 3752 3734 3824 ἱερά

2140 3858 2265 3896 τινα
2294 3844 2579 3912 ἐπιτρέπει
2614 3830 2807 3915 καιρο⁴ὖ
2846 3844 3139 3910 καλοῦντος
3178 3846 3554 3900 ἐκποιεῖσθαιο
3594 3847 3733 3899 ἀνά-

2140 3936 2310 4005 γνωθι
2364 3936 2571 4008 ταύτην
2634 3938 2879 4010 μεγάλην
2919 3938 3087 3993 οὖσαν
3139 3940 3235 3993 καὶ
3290 3941 3588 4012 πολυσχιδῆ
3631 3939 3729 3993 καὶ

2141 4027 2588 4105 πολυδιάστικτον
2626 4046 2643 4062 ο
2700 4031 2796 4082 καὶ
2856 4030 3132 4100 οίκονόμει
3194 4030 3466 4094 γίνεσθαι,
3548 4031 3581 4099 ἢ
3649 4030 3727 4100 μὴ

2146 4120 2416 4188 γίνεσθαι,
2472 4120 2625 4191 παρά
2679 4138 2741 4174 τε
2793 4122 2903 4177 τῶν
2962 4122 3267 4194 ἐκκλησιῶν
3318 4123 3415 4175 καὶ
3453 4123 3565 4176 τῶν
3624 4140 3725 4191 μοι·

2139 4214 2448 4284 ναστηρίων
2521 4212 2621 4276 τὰς
2716 4215 3039 4285 ἐκποιήσεις
3112 4218 3207 4269 καὶ
3296 4216 3542 4279 ἐκδόσεις
3614 4215 3725 4267 τῶν

2143 4302 2329 4376 ἱερῶν,
2361 4306 2456 4360 καὶ
2494 4306 2605 4360 τῶν
2656 4306 2931 4378 ἀκινήτων
2962 4309 3162 4373 αὐτῶν,
3196 4309 3340 4363 κατά
3371 4308 3472 4381 τήν
3520 4307 3723 4376 ταύτης

2144 4396 2460 4469 περίληψιν,
2497 4400 2593 4452 καὶ
2632 4400 2954 4472 φυλαχθήσῃ
2987 4402 3400 4467 ἀκαταιτίατος.
3436 4400 3571 4456 Οὐδὲ
3609 4403 3720 4470 γὰρ

455 4472 838 4537 immobilium,
881 4480 940 4525 ut
970 4484 1031 4526 ea
1067 4472 1402 4537 cominetur,
1447 4481 1503 4527 et
1557 4472 1626 4526 ab
1661 4475 1811 4527 omni
1844 4472 2032 4543 repre-

2145 4491 2439 4562 ἐναντιώθῇ
2473 4509 2556 4544 σοι
2586 4494 2613 4546 ό
2637 4493 2829 4563 παρὼν
2857 4493 3061 4558 κανὼν,
3093 4496 3178 4548 ὃτι
3209 4496 3301 4550 καὶ
3337 4498 3370 4564 ή
3396 4494 3588 4563 Νεαρὰ
3617 4495 3718 4563 τὴν

458 4564 724 4620 hensione
749 4563 958 4619 alienus
992 4565 1324 4620 servaberis.
1354 4563 1543 4634 Neque
1574 4565 1721 4619 enim
1763 4565 1861 4620 tibi
1910 4582 2035 4623 esse

454 4658 772 4713 (entrarius
813 4658 1065 4713 videatur
1102 4660 1189 4714 hic
1224 4675 1474 4728 praesens
1524 4674 1740 4725 canon;
1773 4662 2034 4732 quoniam

455 4751 674 4805 novella
728 4764 947 4821 queque
1012 4767 1196 4806 rerum
1260 4750 1624 4808 immobilium
1675 4753 2033 4808 ecclesiarum

458 4846 541 4899 vel
572 4848 1032 4901 monasteriormn
1077 4846 1462 4901 alienationem
1503 4854 1599 4900 aut
1640 4847 2033 4917 venditionem,

455 4953 575 5006 qua:
609 4937 906 5007 sinejusta
950 4947 1002 4992 et
1047 4946 1277 5007 urgente
1327 4952 1494 4992 causa
1558 4938 1636 5002 ﬁt,
1667 4940 1926 4995 similiter
1969 4956 2036 4997 ac

461 5045 703 5099 praesens
734 5046 910 5084 canon
945 5031 1218 5098 prohibet.
1246 5028 1390 5095 Quid
1412 5047 1567 5096 vero,
1596 5048 1720 5087 cum
1753 5033 2033 5101 alienatio,

463 5134 520 5177 ut
552 5126 758 5178 dictum
793 5133 902 5190 est,
937 5124 1267 5188 inﬁrmetur,
1318 5132 1371 5176 et
1425 5140 1511 5179 res
1556 5126 1924 5182 ecclesiastica
1967 5127 2036 5181 ad

460 5217 751 5271 ecclesiam
789 5216 873 5270 vel
912 5218 1300 5268 monasterium
1354 5225 1688 5282 revertatur,
1737 5230 2037 5290 cogeturne

458 5307 563 5378 ipsi
596 5307 841 5361 vicissim
875 5321 1012 5375 quos
1036 5322 1100 5360 ca
1123 5306 1192 5361 de
1229 5324 1393 5363 causa
1423 5320 1752 5379 acceperunt
1780 5327 2037 5368 nummos

458 5400 543 5452 vel
597 5390 687 5452 res
738 5396 908 5450 dare?
963 5394 1198 5451 Solutio.
1263 5397 1640 5469 Nequaquam.
1679 5402 1817 5456 Dicit
1887 5403 2035 5457 enim

456 5490 601 5544 dicta
629 5490 838 5543 novella
874 5492 985 5544 haec
1012 5506 1289 5558 expresse.
1340 5492 1396 5546 Si
1432 5508 1560 5548 vero
1595 5502 1790 5563 praeter
1831 5513 1893 5550 ea
1917 5512 2038 5567 qua:

460 5596 493 5635 a
527 5582 687 5637 nobis
728 5583 831 5637 hac
859 5583 975 5653 lege
1006 5584 1217 5638 sancito
1253 5595 1400 5649 sunt,
1430 5587 1531 5641 fuit
1572 5589 1774 5659 aliquis
1805 5603 2041 5646 contra-

465 5682 588 5728 ctus
625 5675 678 5728 in
711 5675 946 5732 diversis
973 5678 1140 5732 rebus
1170 5679 1468 5735 mobilibus
1502 5683 1586 5734 vel
1642 5684 2036 5748 immobilibus,

464 5763 559 5816 uni
606 5774 921 5822 sanctarum
986 5767 1299 5836 domorum,
1360 5769 1623 5825 reddatur
1676 5774 1895 5843 quidem
1934 5775 2036 5846 ipsi

2140 4583 2313 4653 χωρὶς
2343 4583 2569 4652 εὐλόγου
2617 4585 2712 4638 καὶ
2762 4585 3175 4659 ἀναγκαστικῆς
3204 4587 3383 4649 αἰτίας
3434 4587 3723 4657 ἐκποίησιν

2138 4674 2172 4744 ἢ
2205 4660 2551 4727 ἕκδοσινλτῶν
2582 4676 3052 4745 ἐκκλησιαστικῶν
3086 4678 3119 4751 ἢ
3152 4677 3499 4748 μοναστικῶν
3530 4679 3727 4750 ἁκ,νή-

2138 4782 2247 4818 των
2302 4767 2619 4837 παρομοίως
2674 4766 2751 4838 τῷ
2799 4768 3028 4839 παρόντι
3070 4771 3258 4824 κανόνι
3291 4769 3513 4825 κωλύει.
3545 4772 3611 4822 Τί
3638 4771 3720 4833 δὲ,

2139 4858 2242 4926 τῆς
2277 4860 2619 4930 ἐκποιήσεως
2644 4860 3051 4932 ἀκυρουμένης,
3088 4863 3164 4926 ὡς
3216 4864 3453 4933 εἴρηται,
3504 4867 3599 4915 καὶ
3626 4864 3722 4916 τοῦ

2139 4952 2595 5023 ἐκκλησιαστικοῦ
2651 4954 2979 5025 πράγματος
3028 4956 3531 5025 ὰντιστρεφομένου
3574 4957 3722 5025 πρὸς

2138 5045 2237 5116 τὴν
2266 5045 2630 5117 ἐκκλησίανή
2669 5046 2730 5098 τὸ
2794 5047 3183 5117 μοναστήριον,
3234 5038 3726 5115 ἀναγκασθήσεται

2140 5138 2201 5187 τὸ
2226 5134 2424 5204 ,μέρος
2451 5134 2658 5201 αὐτῶν,
2689 5134 2724 5188 ἃ
2756 5136 2918 5206 χάριν
2950 5135 3144 5189 τούτου
3178 5134 3363 5201 ἐλαδε,
3404 5136 3731 5204 νομίσματα

2140 5226 2173 5297 ἢ
2234 5227 2538 5295 πράγματα
2584 5227 2803 5295 δοῦναι;
2845 5228 3039 5290 Λύσις.
3086 5228 3376 5299 Οὐδαμῶς.
3426 5229 3564 5296 Φησὶ
3610 5229 3727 5297 γάρ

2141 5317 2175 5388 ἡ
2204 5317 2427 5385 ῥηθεῖσα
2451 5314 2640 5388 Νεαρὰ
2670 5321 2850 5390 ῥητῶς
2875 5318 3050 5373 ταῦτα
3076 5336 3091 5350 ⁶
3128 5321 3193 5374 El
3243 5320 3485 5392 δὲπαρά
3513 5321 3581 5374 τὰ
3608 5321 3717 5393 διη-

2141 5409 2451 5478 γορευμένα
2480 5411 2611 5479 ἡμῖν
2656 5411 2732 5481 τῷ
2776 5411 3006 5482 παρόντι
3072 5411 3222 5482 νόμῳ
3271 5412 3623 5483 συνάλὶαγμά
3672 5432 3731 5466 τι

2143 5501 2374 5570 γένηται
2407 5502 2503 5555 ἐπὶ
2531 5504 2641 5567 τοῖς
2672 5502 2989 5574 διαφέρουσι
3025 5504 3353 5576 πράγμασι,
3376 5510 3616 5573 κινητοῐς
3662 5525 3728 5561 τε

2145 5595 2238 5647 καὶ
2270 5597 2579 5664 ἀκινήτοις,
2608 5596 2689 5648 ἐνὶ
2721 5594 2830 5647 τῶν
2880 5597 3096 5665 εὐαγῶν
3127 5598 3313 5662 οἴκων,
3373 5599 3724 5653 ἀναδίδοσθαι

2146 5686 2244 5752 μὲν
2262 5688 2324 5755 τῇ
2354 5689 2489 5757 αὐτῇ
2518 5687 2796 5758 ἁγιωτάτῃ
2842 5687 3129 5759 ἐκκλησίᾳ,
3147 5688 3264 5759 ήτοι
3285 5689 3361 5757 τῷ
3387 5691 3727 5757 εὐαγεῖοῖγῳ

2142 5776 2202 5829 τὸ
2236 5779 2485 5849 πρᾶγμα,
2518 5779 2603 5848 ἐφ’
2635 5773 2678 5847 ᾧ
2707 5778 2944 5835 τοιοῦτόν
2969 5797 3023 5834 τι
3058 5781 3534 5852 παρηκολούθησε,
3582 5779 3733 5851 μετὰ
