  <div class='ocr_page' id='page_1' title='image "/cluster/home/n/w/nwhite01/storage/ocr_20150623/137:no.1/coo.31924054870427/472.png"; bbox 0 0 4056 6414; ppageno 0'>
   <div class='ocr_carea' id='block_1_1' title="bbox 497 289 893 350">
    <p class='ocr_par' dir='ltr' id='par_1_1' title="bbox 497 289 893 350">
     <span class='ocr_line' id='line_1_1' title="bbox 497 289 893 350; baseline 0.003 -2"><span class='ocrx_word' id='word_1_1' title='bbox 497 289 566 350; x_wconf 79' lang='lat'>33</span> <span class='ocrx_word' id='word_1_2' title='bbox 864 308 893 342; x_wconf 85' lang='lat'>\</span> 
     </span>
    </p>
   </div>
   <div class='ocr_carea' id='block_1_2' title="bbox 1473 279 2690 344">
    <p class='ocr_par' dir='ltr' id='par_1_2' title="bbox 1473 279 2690 344">
     <span class='ocr_line' id='line_1_2' title="bbox 1473 279 2690 344; baseline -0.002 0"><span class='ocrx_word' id='word_1_3' title='bbox 1473 284 1552 344; x_wconf 72' lang='lat' dir='ltr'><strong>IN</strong></span> <span class='ocrx_word' id='word_1_4' title='bbox 1585 284 1747 343; x_wconf 80' lang='lat' dir='ltr'><strong>CAN.</strong></span> <span class='ocrx_word' id='word_1_5' title='bbox 1784 282 1896 342; x_wconf 83' lang='lat' dir='ltr'><strong>XII</strong></span> <span class='ocrx_word' id='word_1_6' title='bbox 1940 282 2151 341; x_wconf 73' lang='lat' dir='ltr'><strong>CONC.</strong></span> <span class='ocrx_word' id='word_1_7' title='bbox 2194 282 2302 340; x_wconf 80' lang='lat' dir='ltr'><strong>VII</strong></span> <span class='ocrx_word' id='word_1_8' title='bbox 2333 279 2690 341; x_wconf 76' lang='lat' dir='ltr'><strong>(ECUMEN.</strong></span> 
     </span>
    </p>
   </div>
   <div class='ocr_carea' id='block_1_3' title="bbox 3593 281 3696 344">
    <p class='ocr_par' dir='ltr' id='par_1_3' title="bbox 3593 281 3696 344">
     <span class='ocr_line' id='line_1_3' title="bbox 3593 281 3696 344; baseline 0.019 -2"><span class='ocrx_word' id='word_1_9' title='bbox 3593 281 3696 344; x_wconf 60' lang='lat'><strong>931</strong></span> 
     </span>
    </p>
   </div>
   <div class='ocr_carea' id='block_1_4' title="bbox 462 395 2015 475">
    <p class='ocr_par' dir='ltr' id='par_1_4' title="bbox 462 396 2013 475">
     <span class='ocr_line' id='line_1_4' title="bbox 462 396 2013 475; baseline -0.001 -23"><span class='ocrx_word' id='word_1_10' title='bbox 462 403 561 454; x_wconf 77' lang='grc' dir='ltr'><strong>τῶν</strong></span> <span class='ocrx_word' id='word_1_11' title='bbox 611 402 705 456; x_wconf 80' lang='grc' dir='ltr'>τοῦ</span> <span class='ocrx_word' id='word_1_12' title='bbox 741 402 905 475; x_wconf 89' lang='grc' dir='ltr'>μέσου</span> <span class='ocrx_word' id='word_1_13' title='bbox 938 401 1132 472; x_wconf 79' lang='grc' dir='ltr'>χρόνου</span> <span class='ocrx_word' id='word_1_14' title='bbox 1189 400 1456 471; x_wconf 79' lang='grc' dir='ltr'><strong>καρπῶν·</strong></span> <span class='ocrx_word' id='word_1_15' title='bbox 1515 400 1724 470; x_wconf 80' lang='grc' dir='ltr'><strong>μενέτω</strong></span> <span class='ocrx_word' id='word_1_16' title='bbox 1773 399 1832 452; x_wconf 84' lang='grc' dir='ltr'>δὲ</span> <span class='ocrx_word' id='word_1_17' title='bbox 1884 396 2013 468; x_wconf 86' lang='grc' dir='ltr'>παρ’</span> 
     </span>
    </p>
   </div>
   <div class='ocr_carea' id='block_1_5' title="bbox 2121 395 3692 475">
    <p class='ocr_par' dir='ltr' id='par_1_5' title="bbox 2121 395 3692 452">
     <span class='ocr_line' id='line_1_5' title="bbox 2121 395 3692 452; baseline 0 -2"><span class='ocrx_word' id='word_1_18' title='bbox 2121 398 2476 451; x_wconf 80' lang='lat' dir='ltr'><strong>sanctissimae</strong></span> <span class='ocrx_word' id='word_1_19' title='bbox 2502 397 2748 451; x_wconf 71' lang='lat' dir='ltr'><strong>ecclesiae</strong></span> <span class='ocrx_word' id='word_1_20' title='bbox 2781 397 2862 450; x_wconf 85' lang='lat' dir='ltr'><strong>vel</strong></span> <span class='ocrx_word' id='word_1_21' title='bbox 2914 405 3280 450; x_wconf 74' lang='lat' dir='ltr'><strong>sacrosanctae</strong></span> <span class='ocrx_word' id='word_1_22' title='bbox 3341 395 3527 449; x_wconf 85' lang='lat' dir='ltr'><strong>domui</strong></span> <span class='ocrx_word' id='word_1_23' title='bbox 3578 412 3692 452; x_wconf 62' lang='lat' dir='ltr'><strong>res.</strong></span> 
     </span>
    </p>
   </div>
   <div class='ocr_carea' id='block_1_6' title="bbox 467 491 2017 566">
    <p class='ocr_par' dir='ltr' id='par_1_6' title="bbox 467 491 2017 566">
     <span class='ocr_line' id='line_1_6' title="bbox 467 491 2017 566; baseline -0.001 -22"><span class='ocrx_word' id='word_1_24' title='bbox 467 496 590 566; x_wconf 77' lang='grc' dir='ltr'>ιύτῇ</span> <span class='ocrx_word' id='word_1_25' title='bbox 639 495 732 549; x_wconf 72' lang='grc' dir='ltr'><strong>καὶ</strong></span> <span class='ocrx_word' id='word_1_26' title='bbox 773 496 836 547; x_wconf 69' lang='grc' dir='ltr'>τὸ</span> <span class='ocrx_word' id='word_1_27' title='bbox 883 493 1165 564; x_wconf 84' lang='grc' dir='ltr'>τίμημαῆ</span> <span class='ocrx_word' id='word_1_28' title='bbox 1216 493 1276 546; x_wconf 84' lang='grc' dir='ltr'><strong>τὸ</strong></span> <span class='ocrx_word' id='word_1_29' title='bbox 1329 492 1648 564; x_wconf 87' lang='grc' dir='ltr'>ἀντίδωρον,</span> <span class='ocrx_word' id='word_1_30' title='bbox 1685 493 1718 562; x_wconf 78' lang='grc' dir='ltr'><strong>ἢ</strong></span> <span class='ocrx_word' id='word_1_31' title='bbox 1757 492 1818 544; x_wconf 85' lang='grc' dir='ltr'><strong>τὸ</strong></span> <span class='ocrx_word' id='word_1_32' title='bbox 1875 491 2017 559; x_wconf 73' lang='grc' dir='ltr'>ὑπὲρ</span> 
     </span>
    </p>
   </div>
   <div class='ocr_carea' id='block_1_7' title="bbox 464 583 2016 657">
    <p class='ocr_par' dir='ltr' id='par_1_7' title="bbox 464 583 2016 657">
     <span class='ocr_line' id='line_1_7' title="bbox 464 583 2016 657; baseline -0.001 -20"><span class='ocrx_word' id='word_1_33' title='bbox 464 587 730 657; x_wconf 66' lang='grc' dir='ltr'>ἱμείψεως</span> <span class='ocrx_word' id='word_1_34' title='bbox 760 585 792 656; x_wconf 83' lang='grc' dir='ltr'>ἢ</span> <span class='ocrx_word' id='word_1_35' title='bbox 825 585 990 655; x_wconf 81' lang='grc' dir='ltr'><strong>ἄλλης</strong></span> <span class='ocrx_word' id='word_1_36' title='bbox 1035 583 1254 637; x_wconf 78' lang='grc' dir='ltr'>οἰασοῦν</span> <span class='ocrx_word' id='word_1_37' title='bbox 1297 585 1479 648; x_wconf 77' lang='grc' dir='ltr'>αἰτίας</span> <span class='ocrx_word' id='word_1_38' title='bbox 1523 584 1660 653; x_wconf 76' lang='grc' dir='ltr'>αὐτῇ</span> <span class='ocrx_word' id='word_1_39' title='bbox 1709 583 2016 651; x_wconf 84' lang='grc' dir='ltr'><strong>δεδομένον.</strong></span> 
     </span>
    </p>
   </div>
   <div class='ocr_carea' id='block_1_8' title="bbox 462 672 2017 746">
    <p class='ocr_par' dir='ltr' id='par_1_8' title="bbox 462 672 2017 746">
     <span class='ocr_line' id='line_1_8' title="bbox 462 672 2017 746; baseline -0.003 -18"><span class='ocrx_word' id='word_1_40' title='bbox 462 677 515 730; x_wconf 73' lang='grc' dir='ltr'><strong>Εἰ</strong></span> <span class='ocrx_word' id='word_1_41' title='bbox 548 677 603 730; x_wconf 78' lang='grc' dir='ltr'>δὲ</span> <span class='ocrx_word' id='word_1_42' title='bbox 633 675 964 744; x_wconf 74' lang='grc' dir='ltr'>ὲμφύτευσις</span> <span class='ocrx_word' id='word_1_43' title='bbox 999 675 1272 746; x_wconf 75' lang='grc' dir='ltr'><strong>πραχθείη</strong></span> <span class='ocrx_word' id='word_1_44' title='bbox 1302 675 1451 744; x_wconf 64' lang='grc' dir='ltr'>παρὰ</span> <span class='ocrx_word' id='word_1_45' title='bbox 1499 674 1568 727; x_wconf 83' lang='grc' dir='ltr'>τὰ</span> <span class='ocrx_word' id='word_1_46' title='bbox 1614 672 2017 744; x_wconf 83' lang='grc' dir='ltr'>διηγορευμένα</span> 
     </span>
    </p>
   </div>
   <div class='ocr_carea' id='block_1_9' title="bbox 461 764 2018 846">
    <p class='ocr_par' dir='ltr' id='par_1_9' title="bbox 461 764 2018 846">
     <span class='ocr_line' id='line_1_9' title="bbox 461 764 2018 846; baseline -0.003 -27"><span class='ocrx_word' id='word_1_47' title='bbox 461 771 608 838; x_wconf 71' lang='grc' dir='ltr'>ἡμῖν,</span> <span class='ocrx_word' id='word_1_48' title='bbox 653 767 997 821; x_wconf 82' lang='grc' dir='ltr'>ἀναδίδοσθαι</span> <span class='ocrx_word' id='word_1_49' title='bbox 1044 771 1108 836; x_wconf 83' lang='grc' dir='ltr'>τῇ</span> <span class='ocrx_word' id='word_1_50' title='bbox 1176 767 1469 846; x_wconf 60' lang='grc' dir='ltr'>ἁγιωτάτη</span> <span class='ocrx_word' id='word_1_51' title='bbox 1504 765 1768 834; x_wconf 70' lang='grc' dir='ltr'>ἐκκλησίᾳ</span> <span class='ocrx_word' id='word_1_52' title='bbox 1811 764 1844 835; x_wconf 79' lang='grc' dir='ltr'>ἦ</span> <span class='ocrx_word' id='word_1_53' title='bbox 1906 767 2018 827; x_wconf 88' lang='grc' dir='ltr'>τοῖς</span> 
     </span>
    </p>
   </div>
   <div class='ocr_carea' id='block_1_10' title="bbox 458 856 2017 927">
    <p class='ocr_par' dir='ltr' id='par_1_10' title="bbox 458 856 2017 927">
     <span class='ocr_line' id='line_1_10' title="bbox 458 856 2017 927; baseline -0.004 -14"><span class='ocrx_word' id='word_1_54' title='bbox 458 860 677 926; x_wconf 82' lang='grc' dir='ltr'>εὐαγέσι</span> <span class='ocrx_word' id='word_1_55' title='bbox 711 861 896 921; x_wconf 77' lang='grc' dir='ltr'><strong>τόποις</strong></span> <span class='ocrx_word' id='word_1_56' title='bbox 928 860 986 911; x_wconf 79' lang='grc' dir='ltr'><strong>τὸ</strong></span> <span class='ocrx_word' id='word_1_57' title='bbox 1027 858 1159 911; x_wconf 73' lang='grc' dir='ltr'>αὐτὸ</span> <span class='ocrx_word' id='word_1_58' title='bbox 1186 859 1420 927; x_wconf 80' lang='grc' dir='ltr'>πρᾶγμα</span> <span class='ocrx_word' id='word_1_59' title='bbox 1452 856 1768 926; x_wconf 82' lang='grc' dir='ltr'><strong>κελεύομεν,</strong></span> <span class='ocrx_word' id='word_1_60' title='bbox 1806 856 2017 909; x_wconf 75' lang='grc' dir='ltr'>καὶτὸν</span> 
     </span>
    </p>
   </div>
   <div class='ocr_carea' id='block_1_11' title="bbox 458 943 2020 1020">
    <p class='ocr_par' dir='ltr' id='par_1_11' title="bbox 458 943 2020 1020">
     <span class='ocr_line' id='line_1_11' title="bbox 458 943 2020 1020; baseline 0 -19"><span class='ocrx_word' id='word_1_61' title='bbox 458 951 796 1020; x_wconf 69' lang='grc' dir='ltr'>ὲμφυτευτὴν</span> <span class='ocrx_word' id='word_1_62' title='bbox 824 951 883 1002; x_wconf 86' lang='grc' dir='ltr'><strong>τὸ</strong></span> <span class='ocrx_word' id='word_1_63' title='bbox 918 949 1124 1012; x_wconf 76' lang='grc' dir='ltr'>πάκτον</span> <span class='ocrx_word' id='word_1_64' title='bbox 1151 950 1324 1002; x_wconf 81' lang='grc' dir='ltr'>τελεῖν</span> <span class='ocrx_word' id='word_1_65' title='bbox 1361 943 1498 1002; x_wconf 80' lang='grc' dir='ltr'>κατὰ</span> <span class='ocrx_word' id='word_1_66' title='bbox 1533 949 1630 1016; x_wconf 78' lang='grc' dir='ltr'><strong>τὴν</strong></span> <span class='ocrx_word' id='word_1_67' title='bbox 1657 947 1885 1018; x_wconf 86' lang='grc' dir='ltr'>δύναμιν</span> <span class='ocrx_word' id='word_1_68' title='bbox 1915 949 2020 1002; x_wconf 89' lang='grc' dir='ltr'><strong>τῶν</strong></span> 
     </span>
    </p>
   </div>
   <div class='ocr_carea' id='block_1_12' title="bbox 456 1041 2020 1112">
    <p class='ocr_par' dir='ltr' id='par_1_12' title="bbox 456 1041 2020 1112">
     <span class='ocr_line' id='line_1_12' title="bbox 456 1041 2020 1112; baseline 0.001 -20"><span class='ocrx_word' id='word_1_69' title='bbox 456 1041 872 1110; x_wconf 71' lang='grc' dir='ltr'>ἑμφυτευτικῶν</span> <span class='ocrx_word' id='word_1_70' title='bbox 903 1041 1266 1112; x_wconf 72' lang='grc' dir='ltr'>συμϐολαίων.</span> <span class='ocrx_word' id='word_1_71' title='bbox 1299 1042 1362 1094; x_wconf 84' lang='grc' dir='ltr'><strong>ΕΞ</strong></span> <span class='ocrx_word' id='word_1_72' title='bbox 1397 1041 1455 1092; x_wconf 79' lang='grc' dir='ltr'>δὲ</span> <span class='ocrx_word' id='word_1_73' title='bbox 1488 1041 1756 1111; x_wconf 83' lang='grc' dir='ltr'>δωρηθείη</span> <span class='ocrx_word' id='word_1_74' title='bbox 1787 1045 2020 1110; x_wconf 84' lang='grc' dir='ltr'>πρᾶγμα</span> 
     </span>
    </p>
   </div>
   <div class='ocr_carea' id='block_1_13' title="bbox 455 1132 2021 1205">
    <p class='ocr_par' dir='ltr' id='par_1_13' title="bbox 455 1132 2021 1205">
     <span class='ocr_line' id='line_1_13' title="bbox 455 1132 2021 1205; baseline 0 -19"><span class='ocrx_word' id='word_1_75' title='bbox 455 1133 969 1205; x_wconf 73' lang='grc' dir='ltr'>ὲκκλησιαστικὸνῆ</span> <span class='ocrx_word' id='word_1_76' title='bbox 1008 1135 1196 1202; x_wconf 84' lang='grc' dir='ltr'>ἐτέρου</span> <span class='ocrx_word' id='word_1_77' title='bbox 1249 1133 1478 1201; x_wconf 73' lang='grc' dir='ltr'>εὐαγοῦς</span> <span class='ocrx_word' id='word_1_78' title='bbox 1527 1132 1701 1194; x_wconf 76' lang='grc' dir='ltr'>οἴκου,</span> <span class='ocrx_word' id='word_1_79' title='bbox 1747 1133 1842 1186; x_wconf 76' lang='grc' dir='ltr'><strong>καὶ</strong></span> <span class='ocrx_word' id='word_1_80' title='bbox 1888 1133 2021 1186; x_wconf 77' lang='grc' dir='ltr'>αὐτὸ</span> 
     </span>
    </p>
   </div>
   <div class='ocr_carea' id='block_1_14' title="bbox 455 1225 2020 1298">
    <p class='ocr_par' dir='ltr' id='par_1_14' title="bbox 455 1225 2020 1298">
     <span class='ocr_line' id='line_1_14' title="bbox 455 1225 2020 1298; baseline 0.001 -22"><span class='ocrx_word' id='word_1_81' title='bbox 455 1225 792 1278; x_wconf 69' lang='grc' dir='ltr'>ὶναδίδοσθαι</span> <span class='ocrx_word' id='word_1_82' title='bbox 843 1230 908 1298; x_wconf 76' lang='grc' dir='ltr'>τῇ</span> <span class='ocrx_word' id='word_1_83' title='bbox 961 1227 1246 1296; x_wconf 77' lang='grc' dir='ltr'><strong>ἁγιωτάτῃ</strong></span> <span class='ocrx_word' id='word_1_84' title='bbox 1309 1226 1578 1295; x_wconf 62' lang='grc' dir='ltr'>ἐκκλησία.</span> <span class='ocrx_word' id='word_1_85' title='bbox 1629 1227 1806 1296; x_wconf 80' lang='grc' dir='ltr'><strong>ἢτοίς</strong></span> <span class='ocrx_word' id='word_1_86' title='bbox 1839 1225 2020 1288; x_wconf 81' lang='grc' dir='ltr'>ἄλλοις</span> 
     </span>
    </p>
   </div>
   <div class='ocr_carea' id='block_1_15' title="bbox 411 1319 2016 1398">
    <p class='ocr_par' dir='ltr' id='par_1_15' title="bbox 411 1319 2016 1398">
     <span class='ocr_line' id='line_1_15' title="bbox 411 1319 2016 1398; baseline 0 -28"><span class='ocrx_word' id='word_1_87' title='bbox 411 1387 426 1398; x_wconf 45' lang='lat'><em>&#39;</em></span> <span class='ocrx_word' id='word_1_88' title='bbox 455 1320 702 1384; x_wconf 72' lang='grc' dir='ltr'>εύαγέσιν</span> <span class='ocrx_word' id='word_1_89' title='bbox 739 1320 912 1383; x_wconf 80' lang='grc' dir='ltr'>οἴκοις</span> <span class='ocrx_word' id='word_1_90' title='bbox 955 1321 1093 1388; x_wconf 73' lang='grc' dir='ltr'>μετὰ</span> <span class='ocrx_word' id='word_1_91' title='bbox 1145 1320 1254 1372; x_wconf 88' lang='grc' dir='ltr'><strong>τῶν</strong></span> <span class='ocrx_word' id='word_1_92' title='bbox 1284 1319 1378 1372; x_wconf 83' lang='grc' dir='ltr'><strong>τοῦ</strong></span> <span class='ocrx_word' id='word_1_93' title='bbox 1429 1320 1598 1388; x_wconf 83' lang='grc' dir='ltr'>μέσου</span> <span class='ocrx_word' id='word_1_94' title='bbox 1649 1319 1844 1388; x_wconf 88' lang='grc' dir='ltr'>χρόνου</span> <span class='ocrx_word' id='word_1_95' title='bbox 1881 1335 2016 1388; x_wconf 83' lang='grc' dir='ltr'>καρ-</span> 
     </span>
    </p>
   </div>
   <div class='ocr_carea' id='block_1_16' title="bbox 421 1411 2019 1484">
    <p class='ocr_par' dir='ltr' id='par_1_16' title="bbox 421 1411 2019 1484">
     <span class='ocr_line' id='line_1_16' title="bbox 421 1411 2019 1484; baseline -0.001 -18"><span class='ocrx_word' id='word_1_96' title='bbox 421 1414 590 1484; x_wconf 68' lang='grc' dir='ltr'>ξπῶν,</span> <span class='ocrx_word' id='word_1_97' title='bbox 625 1414 720 1466; x_wconf 75' lang='grc' dir='ltr'><strong>καὶ</strong></span> <span class='ocrx_word' id='word_1_98' title='bbox 751 1415 1006 1466; x_wconf 77' lang='grc' dir='ltr'>τοσοῦτον</span> <span class='ocrx_word' id='word_1_99' title='bbox 1039 1411 1224 1484; x_wconf 73' lang='grc' dir='ltr'>ἕτερον</span> <span class='ocrx_word' id='word_1_100' title='bbox 1257 1415 1381 1466; x_wconf 81' lang='grc' dir='ltr'>ὅσον</span> <span class='ocrx_word' id='word_1_101' title='bbox 1413 1413 1565 1479; x_wconf 76' lang='grc' dir='ltr'>ἄξιόν</span> <span class='ocrx_word' id='word_1_102' title='bbox 1615 1415 1733 1465; x_wconf 78' lang='grc' dir='ltr'>ἐστι</span> <span class='ocrx_word' id='word_1_103' title='bbox 1779 1412 1840 1463; x_wconf 79' lang='grc' dir='ltr'><strong>τὸ</strong></span> <span class='ocrx_word' id='word_1_104' title='bbox 1876 1413 2019 1481; x_wconf 81' lang='grc' dir='ltr'>πρᾶ-</span> 
     </span>
    </p>
   </div>
   <div class='ocr_carea' id='block_1_17' title="bbox 421 1479 2019 1574">
    <p class='ocr_par' dir='ltr' id='par_1_17' title="bbox 421 1479 2019 1574">
     <span class='ocr_line' id='line_1_17' title="bbox 421 1479 2019 1574; baseline -0.002 -18"><span class='ocrx_word' id='word_1_105' title='bbox 421 1479 587 1574; x_wconf 63' lang='grc' dir='ltr'>έγμα.</span> <span class='ocrx_word' id='word_1_106' title='bbox 615 1503 676 1556; x_wconf 83' lang='grc' dir='ltr'>Εἰ</span> <span class='ocrx_word' id='word_1_107' title='bbox 723 1504 782 1556; x_wconf 84' lang='grc' dir='ltr'>δὲ</span> <span class='ocrx_word' id='word_1_108' title='bbox 818 1504 1072 1574; x_wconf 76' lang='grc' dir='ltr'>ὑποθήκη</span> <span class='ocrx_word' id='word_1_109' title='bbox 1129 1479 1280 1574; x_wconf 73' lang='grc' dir='ltr'>παρὰ</span> <span class='ocrx_word' id='word_1_110' title='bbox 1331 1503 1508 1556; x_wconf 79' lang='grc' dir='ltr'>ταῦτα</span> <span class='ocrx_word' id='word_1_111' title='bbox 1542 1503 1748 1573; x_wconf 87' lang='grc' dir='ltr'>δοθείη,</span> <span class='ocrx_word' id='word_1_112' title='bbox 1786 1505 1813 1556; x_wconf 91' lang='grc' dir='ltr'><strong>ό</strong></span> <span class='ocrx_word' id='word_1_113' title='bbox 1841 1479 2019 1554; x_wconf 83' lang='grc' dir='ltr'>δανει-</span> 
     </span>
    </p>
   </div>
   <div class='ocr_carea' id='block_1_18' title="bbox 454 1595 2020 1666">
    <p class='ocr_par' dir='ltr' id='par_1_18' title="bbox 454 1595 2020 1666">
     <span class='ocr_line' id='line_1_18' title="bbox 454 1595 2020 1666; baseline -0.001 -17"><span class='ocrx_word' id='word_1_114' title='bbox 454 1598 578 1664; x_wconf 69' lang='grc' dir='ltr'>στὴς</span> <span class='ocrx_word' id='word_1_115' title='bbox 611 1596 671 1648; x_wconf 81' lang='grc' dir='ltr'><strong>τὸ</strong></span> <span class='ocrx_word' id='word_1_116' title='bbox 706 1596 1127 1666; x_wconf 77' lang='grc' dir='ltr'>ὲποφειλόμενον</span> <span class='ocrx_word' id='word_1_117' title='bbox 1157 1595 1468 1658; x_wconf 80' lang='grc' dir='ltr'>ἀπολλύτω,</span> <span class='ocrx_word' id='word_1_118' title='bbox 1503 1597 1598 1648; x_wconf 81' lang='grc' dir='ltr'><strong>καὶ</strong></span> <span class='ocrx_word' id='word_1_119' title='bbox 1626 1598 1686 1648; x_wconf 80' lang='grc' dir='ltr'>τὸ</span> <span class='ocrx_word' id='word_1_120' title='bbox 1712 1595 1844 1648; x_wconf 75' lang='grc' dir='ltr'>αὐτὸ</span> <span class='ocrx_word' id='word_1_121' title='bbox 1878 1596 2020 1665; x_wconf 80' lang='grc' dir='ltr'>πρᾶ-</span> 
     </span>
    </p>
   </div>
   <div class='ocr_carea' id='block_1_19' title="bbox 451 1685 2017 1758">
    <p class='ocr_par' dir='ltr' id='par_1_19' title="bbox 451 1685 2017 1758">
     <span class='ocr_line' id='line_1_19' title="bbox 451 1685 2017 1758; baseline -0.001 -18"><span class='ocrx_word' id='word_1_122' title='bbox 451 1705 564 1758; x_wconf 88' lang='grc' dir='ltr'><strong>γμα</strong></span> <span class='ocrx_word' id='word_1_123' title='bbox 594 1685 674 1756; x_wconf 83' lang='grc' dir='ltr'>τῷ</span> <span class='ocrx_word' id='word_1_124' title='bbox 724 1689 915 1755; x_wconf 81' lang='grc' dir='ltr'>εὐαγεῖ</span> <span class='ocrx_word' id='word_1_125' title='bbox 968 1687 1118 1756; x_wconf 79' lang='grc' dir='ltr'>τόπῳ</span> <span class='ocrx_word' id='word_1_126' title='bbox 1169 1687 1491 1752; x_wconf 80' lang='grc' dir='ltr'><strong>ἀποδιδότω,</strong></span> <span class='ocrx_word' id='word_1_127' title='bbox 1527 1687 1635 1739; x_wconf 86' lang='grc' dir='ltr'><strong>τῶν</strong></span> <span class='ocrx_word' id='word_1_128' title='bbox 1688 1686 2017 1756; x_wconf 78' lang='grc' dir='ltr'>συμϐολαιο-</span> 
     </span>
    </p>
   </div>
   <div class='ocr_carea' id='block_1_20' title="bbox 2119 493 3694 563">
    <p class='ocr_par' dir='ltr' id='par_1_20' title="bbox 2119 493 3694 563">
     <span class='ocr_line' id='line_1_20' title="bbox 2119 493 3694 563; baseline -0.001 -16"><span class='ocrx_word' id='word_1_129' title='bbox 2119 508 2284 563; x_wconf 84' lang='lat' dir='ltr'><strong>super</strong></span> <span class='ocrx_word' id='word_1_130' title='bbox 2317 509 2424 562; x_wconf 90' lang='lat' dir='ltr'><strong>qua</strong></span> <span class='ocrx_word' id='word_1_131' title='bbox 2467 495 2572 546; x_wconf 88' lang='lat' dir='ltr'><strong>tale</strong></span> <span class='ocrx_word' id='word_1_132' title='bbox 2605 493 2733 562; x_wconf 89' lang='lat' dir='ltr'><strong>quid</strong></span> <span class='ocrx_word' id='word_1_133' title='bbox 2787 500 3145 546; x_wconf 87' lang='lat' dir='ltr'><strong>consecutum</strong></span> <span class='ocrx_word' id='word_1_134' title='bbox 3176 501 3282 554; x_wconf 86' lang='lat' dir='ltr'><strong>est,</strong></span> <span class='ocrx_word' id='word_1_135' title='bbox 3335 507 3458 546; x_wconf 88' lang='lat' dir='ltr'><strong>cum</strong></span> <span class='ocrx_word' id='word_1_136' title='bbox 3520 493 3694 545; x_wconf 87' lang='lat' dir='ltr'><strong>inter-</strong></span> 
     </span>
    </p>
   </div>
   <div class='ocr_carea' id='block_1_21' title="bbox 2120 581 3691 654">
    <p class='ocr_par' dir='ltr' id='par_1_21' title="bbox 2120 581 3691 654">
     <span class='ocr_line' id='line_1_21' title="bbox 2120 581 3691 654; baseline -0.003 -15"><span class='ocrx_word' id='word_1_137' title='bbox 2120 584 2280 640; x_wconf 88' lang='lat' dir='ltr'><strong>medii</strong></span> <span class='ocrx_word' id='word_1_138' title='bbox 2337 584 2594 654; x_wconf 81' lang='lat' dir='ltr'><strong>temporis</strong></span> <span class='ocrx_word' id='word_1_139' title='bbox 2655 583 2957 648; x_wconf 78' lang='lat' dir='ltr'><strong>fructibus;</strong></span> <span class='ocrx_word' id='word_1_140' title='bbox 3028 589 3250 637; x_wconf 83' lang='lat' dir='ltr'><strong>maneat</strong></span> <span class='ocrx_word' id='word_1_141' title='bbox 3309 591 3492 638; x_wconf 90' lang='lat' dir='ltr'><strong>autem</strong></span> <span class='ocrx_word' id='word_1_142' title='bbox 3551 581 3691 650; x_wconf 85' lang='lat' dir='ltr'><strong>apud</strong></span> 
     </span>
    </p>
   </div>
   <div class='ocr_carea' id='block_1_22' title="bbox 2119 675 3695 749">
    <p class='ocr_par' dir='ltr' id='par_1_22' title="bbox 2119 675 3695 749">
     <span class='ocr_line' id='line_1_22' title="bbox 2119 675 3695 749; baseline -0.004 -15"><span class='ocrx_word' id='word_1_143' title='bbox 2119 680 2291 747; x_wconf 86' lang='lat' dir='ltr'><strong>ipsam</strong></span> <span class='ocrx_word' id='word_1_144' title='bbox 2322 677 2668 749; x_wconf 72' lang='lat' dir='ltr'><strong>pretium”vel</strong></span> <span class='ocrx_word' id='word_1_145' title='bbox 2697 677 3034 742; x_wconf 86' lang='lat' dir='ltr'><strong>antidorum,</strong></span> <span class='ocrx_word' id='word_1_146' title='bbox 3085 685 3181 732; x_wconf 86' lang='lat' dir='ltr'><strong>aut</strong></span> <span class='ocrx_word' id='word_1_147' title='bbox 3229 675 3378 747; x_wconf 90' lang='lat' dir='ltr'><strong>quod</strong></span> <span class='ocrx_word' id='word_1_148' title='bbox 3437 692 3537 746; x_wconf 89' lang='lat' dir='ltr'><strong>pro</strong></span> <span class='ocrx_word' id='word_1_149' title='bbox 3574 691 3695 745; x_wconf 89' lang='lat' dir='ltr'><strong>per-</strong></span> 
     </span>
    </p>
   </div>
   <div class='ocr_carea' id='block_1_23' title="bbox 2119 769 3692 838">
    <p class='ocr_par' dir='ltr' id='par_1_23' title="bbox 2119 769 3692 838">
     <span class='ocr_line' id='line_1_23' title="bbox 2119 769 3692 838; baseline -0.004 -13"><span class='ocrx_word' id='word_1_150' title='bbox 2119 771 2423 826; x_wconf 90' lang='lat' dir='ltr'><strong>mutatione</strong></span> <span class='ocrx_word' id='word_1_151' title='bbox 2487 771 2571 824; x_wconf 86' lang='lat' dir='ltr'><strong>vel</strong></span> <span class='ocrx_word' id='word_1_152' title='bbox 2634 784 2967 838; x_wconf 88' lang='lat' dir='ltr'><strong>quacunque</strong></span> <span class='ocrx_word' id='word_1_153' title='bbox 3019 770 3124 824; x_wconf 89' lang='lat' dir='ltr'><strong>alia</strong></span> <span class='ocrx_word' id='word_1_154' title='bbox 3163 784 3329 824; x_wconf 85' lang='lat' dir='ltr'><strong>causa</strong></span> <span class='ocrx_word' id='word_1_155' title='bbox 3364 769 3551 823; x_wconf 88' lang='lat' dir='ltr'><strong>datum</strong></span> <span class='ocrx_word' id='word_1_156' title='bbox 3584 776 3692 820; x_wconf 72' lang='lat' dir='ltr'><strong>est;</strong></span> 
     </span>
    </p>
   </div>
   <div class='ocr_carea' id='block_1_24' title="bbox 2121 860 3693 933">
    <p class='ocr_par' dir='ltr' id='par_1_24' title="bbox 2121 860 3693 933">
     <span class='ocr_line' id='line_1_24' title="bbox 2121 860 3693 933; baseline -0.004 -15"><span class='ocrx_word' id='word_1_157' title='bbox 2121 863 2216 918; x_wconf 88' lang='lat' dir='ltr'><strong>Sin</strong></span> <span class='ocrx_word' id='word_1_158' title='bbox 2273 874 2455 918; x_wconf 89' lang='lat' dir='ltr'><strong>autem</strong></span> <span class='ocrx_word' id='word_1_159' title='bbox 2495 861 2892 933; x_wconf 77' lang='lat' dir='ltr'><strong>emphyteusrs,</strong></span> <span class='ocrx_word' id='word_1_160' title='bbox 2949 872 3144 932; x_wconf 65' lang='lat' dir='ltr'><strong>praeter</strong></span> <span class='ocrx_word' id='word_1_161' title='bbox 3173 876 3234 914; x_wconf 88' lang='lat' dir='ltr'><strong>ea</strong></span> <span class='ocrx_word' id='word_1_162' title='bbox 3264 877 3386 930; x_wconf 67' lang='lat' dir='ltr'><strong>quae</strong></span> <span class='ocrx_word' id='word_1_163' title='bbox 3437 876 3468 914; x_wconf 92' lang='lat' dir='ltr'><strong>a</strong></span> <span class='ocrx_word' id='word_1_164' title='bbox 3532 860 3693 913; x_wconf 78' lang='lat' dir='ltr'><strong>nobis</strong></span> 
     </span>
    </p>
   </div>
   <div class='ocr_carea' id='block_1_25' title="bbox 2119 953 3694 1022">
    <p class='ocr_par' dir='ltr' id='par_1_25' title="bbox 2119 953 3694 1022">
     <span class='ocr_line' id='line_1_25' title="bbox 2119 953 3694 1022; baseline -0.004 -10"><span class='ocrx_word' id='word_1_165' title='bbox 2119 965 2268 1022; x_wconf 85' lang='lat' dir='ltr'><strong>sunt,</strong></span> <span class='ocrx_word' id='word_1_166' title='bbox 2305 955 2446 1010; x_wconf 81' lang='lat' dir='ltr'><strong>facta</strong></span> <span class='ocrx_word' id='word_1_167' title='bbox 2479 954 2669 1019; x_wconf 82' lang='lat' dir='ltr'><strong>fuerit;</strong></span> <span class='ocrx_word' id='word_1_168' title='bbox 2706 964 2911 1010; x_wconf 77' lang='lat' dir='ltr'><strong>sanctae</strong></span> <span class='ocrx_word' id='word_1_169' title='bbox 2939 955 3184 1009; x_wconf 79' lang='lat' dir='ltr'><strong>ecclesiae</strong></span> <span class='ocrx_word' id='word_1_170' title='bbox 3207 955 3289 1009; x_wconf 87' lang='lat' dir='ltr'><strong>vel</strong></span> <span class='ocrx_word' id='word_1_171' title='bbox 3320 953 3694 1008; x_wconf 68' lang='lat' dir='ltr'><strong>sacrosanctis</strong></span> 
     </span>
    </p>
   </div>
   <div class='ocr_carea' id='block_1_26' title="bbox 2119 1046 3719 1115">
    <p class='ocr_par' dir='ltr' id='par_1_26' title="bbox 2119 1046 3719 1115">
     <span class='ocr_line' id='line_1_26' title="bbox 2119 1046 3719 1115; baseline -0.009 -10"><span class='ocrx_word' id='word_1_172' title='bbox 2119 1049 2372 1105; x_wconf 89' lang='lat' dir='ltr'><strong>domibus</strong></span> <span class='ocrx_word' id='word_1_173' title='bbox 2440 1048 2686 1102; x_wconf 82' lang='lat' dir='ltr'><strong>eamdem</strong></span> <span class='ocrx_word' id='word_1_174' title='bbox 2767 1062 2879 1100; x_wconf 89' lang='lat' dir='ltr'><strong>rem</strong></span> <span class='ocrx_word' id='word_1_175' title='bbox 2937 1046 3087 1100; x_wconf 83' lang='lat' dir='ltr'><strong>reddi</strong></span> <span class='ocrx_word' id='word_1_176' title='bbox 3137 1047 3392 1115; x_wconf 84' lang='lat' dir='ltr'><strong>jubemus</strong></span> <span class='ocrx_word' id='word_1_177' title='bbox 3426 1063 3438 1098; x_wconf 95' lang='lat'><strong>:</strong></span> <span class='ocrx_word' id='word_1_178' title='bbox 3471 1046 3719 1114; x_wconf 85' lang='lat' dir='ltr'><strong>etnphy-.</strong></span> 
     </span>
    </p>
   </div>
   <div class='ocr_carea' id='block_1_27' title="bbox 2119 1135 3694 1206">
    <p class='ocr_par' dir='ltr' id='par_1_27' title="bbox 2119 1135 3694 1206">
     <span class='ocr_line' id='line_1_27' title="bbox 2119 1135 3694 1206; baseline -0.005 -12"><span class='ocrx_word' id='word_1_179' title='bbox 2119 1149 2323 1196; x_wconf 88' lang='lat' dir='ltr'><strong>teutam</strong></span> <span class='ocrx_word' id='word_1_180' title='bbox 2355 1147 2535 1193; x_wconf 89' lang='lat' dir='ltr'><strong>autem</strong></span> <span class='ocrx_word' id='word_1_181' title='bbox 2569 1138 2621 1191; x_wconf 89' lang='lat' dir='ltr'><strong>id</strong></span> <span class='ocrx_word' id='word_1_182' title='bbox 2647 1136 2791 1206; x_wconf 85' lang='lat' dir='ltr'><strong>quod</strong></span> <span class='ocrx_word' id='word_1_183' title='bbox 2827 1143 3156 1191; x_wconf 89' lang='lat' dir='ltr'><strong>conventum</strong></span> <span class='ocrx_word' id='word_1_184' title='bbox 3208 1143 3293 1190; x_wconf 88' lang='lat' dir='ltr'><strong>est</strong></span> <span class='ocrx_word' id='word_1_185' title='bbox 3344 1135 3606 1204; x_wconf 88' lang='lat' dir='ltr'><strong>pendere,</strong></span> <span class='ocrx_word' id='word_1_186' title='bbox 3639 1145 3694 1186; x_wconf 91' lang='lat' dir='ltr'><strong>ut</strong></span> 
     </span>
    </p>
   </div>
   <div class='ocr_carea' id='block_1_28' title="bbox 2118 1228 3694 1302">
    <p class='ocr_par' dir='ltr' id='par_1_28' title="bbox 2118 1228 3694 1302">
     <span class='ocr_line' id='line_1_28' title="bbox 2118 1228 3694 1302; baseline -0.004 -16"><span class='ocrx_word' id='word_1_187' title='bbox 2118 1231 2646 1302; x_wconf 78' lang='lat' dir='ltr'><strong>cmphyteuticorum</strong></span> <span class='ocrx_word' id='word_1_188' title='bbox 2680 1239 3053 1284; x_wconf 87' lang='lat' dir='ltr'><strong>contractuum</strong></span> <span class='ocrx_word' id='word_1_189' title='bbox 3079 1228 3247 1282; x_wconf 87' lang='lat' dir='ltr'><strong>robur</strong></span> <span class='ocrx_word' id='word_1_190' title='bbox 3269 1228 3456 1296; x_wconf 66' lang='lat' dir='ltr'><strong>exigit.</strong></span> <span class='ocrx_word' id='word_1_191' title='bbox 3483 1228 3538 1282; x_wconf 72' lang='lat' dir='ltr'><strong>Si</strong></span> <span class='ocrx_word' id='word_1_192' title='bbox 3567 1242 3694 1282; x_wconf 86' lang='lat' dir='ltr'><strong>vero</strong></span> 
     </span>
    </p>
   </div>
   <div class='ocr_carea' id='block_1_29' title="bbox 2119 1319 3694 1386">
    <p class='ocr_par' dir='ltr' id='par_1_29' title="bbox 2119 1319 3694 1386">
     <span class='ocr_line' id='line_1_29' title="bbox 2119 1319 3694 1386; baseline -0.004 -10"><span class='ocrx_word' id='word_1_193' title='bbox 2119 1322 2351 1376; x_wconf 77' lang='lat' dir='ltr'><strong>donetur</strong></span> <span class='ocrx_word' id='word_1_194' title='bbox 2388 1336 2473 1375; x_wconf 90' lang='lat' dir='ltr'><strong>res</strong></span> <span class='ocrx_word' id='word_1_195' title='bbox 2506 1321 2884 1374; x_wconf 87' lang='lat' dir='ltr'><strong>ecclesiastica</strong></span> <span class='ocrx_word' id='word_1_196' title='bbox 2925 1320 3008 1372; x_wconf 89' lang='lat' dir='ltr'><strong>vel</strong></span> <span class='ocrx_word' id='word_1_197' title='bbox 3043 1319 3278 1386; x_wconf 85' lang='lat' dir='ltr'><strong>alicu’jus</strong></span> <span class='ocrx_word' id='word_1_198' title='bbox 3324 1331 3694 1373; x_wconf 75' lang='lat' dir='ltr'><strong>sacrosancta:</strong></span> 
     </span>
    </p>
   </div>
   <div class='ocr_carea' id='block_1_30' title="bbox 2119 1411 3695 1482">
    <p class='ocr_par' dir='ltr' id='par_1_30' title="bbox 2119 1411 3695 1482">
     <span class='ocr_line' id='line_1_30' title="bbox 2119 1411 3695 1482; baseline -0.003 -14"><span class='ocrx_word' id='word_1_199' title='bbox 2119 1415 2354 1476; x_wconf 87' lang='lat' dir='ltr'><strong>domus;</strong></span> <span class='ocrx_word' id='word_1_200' title='bbox 2393 1429 2455 1466; x_wconf 87' lang='lat' dir='ltr'><strong>ca</strong></span> <span class='ocrx_word' id='word_1_201' title='bbox 2484 1428 2700 1482; x_wconf 90' lang='lat' dir='ltr'><strong>quoque</strong></span> <span class='ocrx_word' id='word_1_202' title='bbox 2729 1412 3092 1467; x_wconf 67' lang='lat' dir='ltr'><strong>sanctissimae</strong></span> <span class='ocrx_word' id='word_1_203' title='bbox 3140 1411 3390 1466; x_wconf 64' lang='lat' dir='ltr'><strong>ecclesiae</strong></span> <span class='ocrx_word' id='word_1_204' title='bbox 3437 1411 3521 1466; x_wconf 85' lang='lat' dir='ltr'><strong>vel</strong></span> <span class='ocrx_word' id='word_1_205' title='bbox 3571 1412 3695 1465; x_wconf 87' lang='lat' dir='ltr'><strong>aliis</strong></span> 
     </span>
    </p>
   </div>
   <div class='ocr_carea' id='block_1_31' title="bbox 2119 1503 3694 1571">
    <p class='ocr_par' dir='ltr' id='par_1_31' title="bbox 2119 1503 3694 1571">
     <span class='ocr_line' id='line_1_31' title="bbox 2119 1503 3694 1571; baseline -0.004 -9"><span class='ocrx_word' id='word_1_206' title='bbox 2119 1507 2486 1562; x_wconf 87' lang='lat' dir='ltr'><strong>sacrosanctis</strong></span> <span class='ocrx_word' id='word_1_207' title='bbox 2545 1507 2824 1571; x_wconf 87' lang='lat' dir='ltr'><strong>domibus,</strong></span> <span class='ocrx_word' id='word_1_208' title='bbox 2879 1523 3000 1560; x_wconf 89' lang='lat' dir='ltr'><strong>cum</strong></span> <span class='ocrx_word' id='word_1_209' title='bbox 3055 1505 3326 1560; x_wconf 81' lang='lat' dir='ltr'><strong>fructibus</strong></span> <span class='ocrx_word' id='word_1_210' title='bbox 3381 1503 3694 1559; x_wconf 87' lang='lat' dir='ltr'><strong>intermedii</strong></span> 
     </span>
    </p>
   </div>
   <div class='ocr_carea' id='block_1_32' title="bbox 2120 1595 3694 1670">
    <p class='ocr_par' dir='ltr' id='par_1_32' title="bbox 2120 1595 3694 1670">
     <span class='ocr_line' id='line_1_32' title="bbox 2120 1595 3694 1670; baseline -0.003 -17"><span class='ocrx_word' id='word_1_211' title='bbox 2120 1601 2404 1670; x_wconf 87' lang='lat' dir='ltr'><strong>temporis,</strong></span> <span class='ocrx_word' id='word_1_212' title='bbox 2437 1599 2716 1662; x_wconf 80' lang='lat' dir='ltr'><strong>reddatur.</strong></span> <span class='ocrx_word' id='word_1_213' title='bbox 2755 1608 2809 1652; x_wconf 93' lang='lat' dir='ltr'><strong>et</strong></span> <span class='ocrx_word' id='word_1_214' title='bbox 2839 1607 3049 1652; x_wconf 89' lang='lat' dir='ltr'><strong>tantum</strong></span> <span class='ocrx_word' id='word_1_215' title='bbox 3087 1605 3348 1665; x_wconf 82' lang='lat' dir='ltr'><strong>praeterea</strong></span> <span class='ocrx_word' id='word_1_216' title='bbox 3381 1595 3570 1664; x_wconf 81' lang='lat' dir='ltr'><strong>quanti</strong></span> <span class='ocrx_word' id='word_1_217' title='bbox 3602 1610 3694 1648; x_wconf 88' lang='lat' dir='ltr'><strong>res</strong></span> 
     </span>
    </p>
   </div>
   <div class='ocr_carea' id='block_1_33' title="bbox 2121 1686 3691 1761">
    <p class='ocr_par' dir='ltr' id='par_1_33' title="bbox 2121 1686 3691 1761">
     <span class='ocr_line' id='line_1_33' title="bbox 2121 1686 3691 1761; baseline -0.005 -15"><span class='ocrx_word' id='word_1_218' title='bbox 2121 1693 2237 1761; x_wconf 86' lang='lat' dir='ltr'><strong>ipsa</strong></span> <span class='ocrx_word' id='word_1_219' title='bbox 2271 1693 2456 1747; x_wconf 88' lang='lat' dir='ltr'><strong>valet:</strong></span> <span class='ocrx_word' id='word_1_220' title='bbox 2510 1693 2592 1747; x_wconf 92' lang='lat' dir='ltr'><strong>sin</strong></span> <span class='ocrx_word' id='word_1_221' title='bbox 2637 1701 2844 1755; x_wconf 89' lang='lat' dir='ltr'><strong>autem,</strong></span> <span class='ocrx_word' id='word_1_222' title='bbox 2898 1698 3094 1759; x_wconf 63' lang='lat' dir='ltr'><strong>pra‘ter</strong></span> <span class='ocrx_word' id='word_1_223' title='bbox 3141 1689 3275 1751; x_wconf 83' lang='lat' dir='ltr'><strong>haec,</strong></span> <span class='ocrx_word' id='word_1_224' title='bbox 3306 1687 3519 1756; x_wconf 78' lang='lat' dir='ltr'><strong>pignori</strong></span> <span class='ocrx_word' id='word_1_225' title='bbox 3567 1686 3691 1741; x_wconf 84' lang='lat' dir='ltr'><strong>data</strong></span> 
     </span>
    </p>
   </div>
   <div class='ocr_carea' id='block_1_34' title="bbox 453 1751 2015 1868">
    <p class='ocr_par' dir='ltr' id='par_1_34' title="bbox 453 1780 2015 1852">
     <span class='ocr_line' id='line_1_34' title="bbox 453 1780 2015 1852; baseline -0.003 -16"><span class='ocrx_word' id='word_1_226' title='bbox 453 1783 695 1852; x_wconf 76' lang='grc' dir='ltr'>γράφων,</span> <span class='ocrx_word' id='word_1_227' title='bbox 727 1781 838 1834; x_wconf 87' lang='grc' dir='ltr'><strong>τῶν</strong></span> <span class='ocrx_word' id='word_1_228' title='bbox 868 1781 1219 1852; x_wconf 75' lang='grc' dir='ltr'>θαρρούντων</span> <span class='ocrx_word' id='word_1_229' title='bbox 1246 1781 1397 1848; x_wconf 71' lang='grc' dir='ltr'>παρὰ</span> <span class='ocrx_word' id='word_1_230' title='bbox 1430 1781 1522 1832; x_wconf 83' lang='grc' dir='ltr'><strong>τὸν</strong></span> <span class='ocrx_word' id='word_1_231' title='bbox 1554 1781 1688 1849; x_wconf 72' lang='grc' dir='ltr'>ἡμῖν</span> <span class='ocrx_word' id='word_1_232' title='bbox 1718 1781 1807 1831; x_wconf 73' lang='grc' dir='ltr'>τὸν</span> <span class='ocrx_word' id='word_1_233' title='bbox 1850 1780 2015 1848; x_wconf 86' lang='grc' dir='ltr'>νόμον</span> 
     </span>
    </p>
   </div>
   <div class='ocr_carea' id='block_1_35' title="bbox 2121 1751 3691 1868">
    <p class='ocr_par' dir='ltr' id='par_1_35' title="bbox 2122 1780 3691 1868">
     <span class='ocr_line' id='line_1_35' title="bbox 2122 1780 3691 1868; baseline -0.006 -29"><span class='ocrx_word' id='word_1_234' title='bbox 2122 1785 2303 1868; x_wconf 72' lang='lat' dir='ltr'><strong>fuerit,</strong></span> <span class='ocrx_word' id='word_1_235' title='bbox 2351 1785 2592 1839; x_wconf 83' lang='lat' dir='ltr'><strong>debitum</strong></span> <span class='ocrx_word' id='word_1_236' title='bbox 2635 1783 2826 1854; x_wconf 83' lang='lat' dir='ltr'><strong>perdat</strong></span> <span class='ocrx_word' id='word_1_237' title='bbox 2855 1781 3127 1836; x_wconf 74' lang='lat' dir='ltr'><strong>fenerator</strong></span> <span class='ocrx_word' id='word_1_238' title='bbox 3183 1789 3236 1834; x_wconf 91' lang='lat' dir='ltr'><strong>et</strong></span> <span class='ocrx_word' id='word_1_239' title='bbox 3280 1780 3523 1833; x_wconf 81' lang='lat' dir='ltr'><strong>earndem</strong></span> <span class='ocrx_word' id='word_1_240' title='bbox 3580 1795 3691 1833; x_wconf 87' lang='lat' dir='ltr'><strong>rem</strong></span> 
     </span>
    </p>
   </div>
   <div class='ocr_carea' id='block_1_36' title="bbox 453 1873 2010 1948">
    <p class='ocr_par' dir='ltr' id='par_1_36' title="bbox 453 1873 2010 1948">
     <span class='ocr_line' id='line_1_36' title="bbox 453 1873 2010 1948; baseline -0.002 -21"><span class='ocrx_word' id='word_1_241' title='bbox 453 1875 712 1938; x_wconf 75' lang='grc' dir='ltr'>τοιούτοις</span> <span class='ocrx_word' id='word_1_242' title='bbox 766 1875 1064 1944; x_wconf 78' lang='grc' dir='ltr'>ὑπουργεῖν</span> <span class='ocrx_word' id='word_1_243' title='bbox 1109 1873 1482 1948; x_wconf 76' lang='grc' dir='ltr'>συμϐολαίοις,</span> <span class='ocrx_word' id='word_1_244' title='bbox 1534 1873 1772 1943; x_wconf 76' lang='grc' dir='ltr'>διηνεκεῖ</span> <span class='ocrx_word' id='word_1_245' title='bbox 1820 1873 2010 1943; x_wconf 61' lang='grc' dir='ltr'>ἐξορίξι</span> 
     </span>
    </p>
   </div>
   <div class='ocr_carea' id='block_1_37' title="bbox 452 1967 993 2038">
    <p class='ocr_par' dir='ltr' id='par_1_37' title="bbox 452 1967 993 2038">
     <span class='ocr_line' id='line_1_37' title="bbox 452 1967 993 2038; baseline 0 -18"><span class='ocrx_word' id='word_1_246' title='bbox 452 1967 993 2038; x_wconf 69' lang='grc' dir='ltr'>καταδικαζομένων.</span> 
     </span>
    </p>
   </div>
   <div class='ocr_carea' id='block_1_38' title="bbox 533 2228 2018 2300">
    <p class='ocr_par' dir='ltr' id='par_1_38' title="bbox 533 2228 2018 2300">
     <span class='ocr_line' id='line_1_38' title="bbox 533 2228 2018 2300; baseline 0 -16"><span class='ocrx_word' id='word_1_247' title='bbox 533 2228 815 2300; x_wconf 83' lang='grc' dir='ltr'>Ἠρώτησε</span> <span class='ocrx_word' id='word_1_248' title='bbox 845 2231 903 2284; x_wconf 90' lang='grc' dir='ltr'><strong>δέ</strong></span> <span class='ocrx_word' id='word_1_249' title='bbox 935 2247 1018 2294; x_wconf 88' lang='grc' dir='ltr'><strong>τις</strong></span> <span class='ocrx_word' id='word_1_250' title='bbox 1046 2232 1144 2285; x_wconf 85' lang='lat' dir='ltr'><strong>xui.</strong></span> <span class='ocrx_word' id='word_1_251' title='bbox 1196 2230 1354 2286; x_wconf 78' lang='grc' dir='ltr'>τοῦτο</span> <span class='ocrx_word' id='word_1_252' title='bbox 1376 2247 1392 2263; x_wconf 86' lang='grc'><strong>·</strong></span> <span class='ocrx_word' id='word_1_253' title='bbox 1427 2231 1532 2284; x_wconf 80' lang='grc' dir='ltr'><strong>Τοῦ</strong></span> <span class='ocrx_word' id='word_1_254' title='bbox 1571 2232 1794 2294; x_wconf 79' lang='grc' dir='ltr'>κανόνος</span> <span class='ocrx_word' id='word_1_255' title='bbox 1831 2231 2018 2300; x_wconf 90' lang='grc' dir='ltr'>λέγον-</span> 
     </span>
    </p>
   </div>
   <div class='ocr_carea' id='block_1_39' title="bbox 451 2314 2017 2387">
    <p class='ocr_par' dir='ltr' id='par_1_39' title="bbox 451 2314 2017 2387">
     <span class='ocr_line' id='line_1_39' title="bbox 451 2314 2017 2387; baseline 0.001 -12"><span class='ocrx_word' id='word_1_256' title='bbox 451 2339 540 2385; x_wconf 82' lang='grc' dir='ltr'><strong>τος</strong></span> <span class='ocrx_word' id='word_1_257' title='bbox 574 2324 934 2378; x_wconf 77' lang='grc' dir='ltr'>ἐκϐάλλεσθαι</span> <span class='ocrx_word' id='word_1_258' title='bbox 983 2325 1074 2377; x_wconf 84' lang='grc' dir='ltr'><strong>τὸν</strong></span> <span class='ocrx_word' id='word_1_259' title='bbox 1126 2314 1425 2377; x_wconf 78' lang='grc' dir='ltr'>ἐπίσκοπον</span> <span class='ocrx_word' id='word_1_260' title='bbox 1475 2323 1584 2376; x_wconf 79' lang='grc' dir='ltr'><strong>ἀπὸ</strong></span> <span class='ocrx_word' id='word_1_261' title='bbox 1635 2323 2017 2387; x_wconf 74' lang='grc' dir='ltr'>ἐπισκοπείου,</span> 
     </span>
    </p>
   </div>
   <div class='ocr_carea' id='block_1_40' title="bbox 452 2413 2021 2485">
    <p class='ocr_par' dir='ltr' id='par_1_40' title="bbox 452 2413 2021 2485">
     <span class='ocr_line' id='line_1_40' title="bbox 452 2413 2021 2485; baseline 0.002 -22"><span class='ocrx_word' id='word_1_262' title='bbox 452 2413 546 2466; x_wconf 78' lang='grc' dir='ltr'><strong>καὶ</strong></span> <span class='ocrx_word' id='word_1_263' title='bbox 583 2414 674 2466; x_wconf 73' lang='grc' dir='ltr'><strong>τὸν</strong></span> <span class='ocrx_word' id='word_1_264' title='bbox 711 2413 1016 2484; x_wconf 84' lang='grc' dir='ltr'>ἡγούμενον</span> <span class='ocrx_word' id='word_1_265' title='bbox 1049 2417 1112 2467; x_wconf 80' lang='grc' dir='ltr'><strong>ἐκ</strong></span> <span class='ocrx_word' id='word_1_266' title='bbox 1155 2413 1245 2468; x_wconf 77' lang='grc' dir='ltr'>τοῦ</span> <span class='ocrx_word' id='word_1_267' title='bbox 1278 2416 1667 2485; x_wconf 80' lang='grc' dir='ltr'>μοναστηρίου,</span> <span class='ocrx_word' id='word_1_268' title='bbox 1700 2415 1775 2476; x_wconf 86' lang='grc' dir='ltr'>ὼς</span> <span class='ocrx_word' id='word_1_269' title='bbox 1805 2414 2021 2484; x_wconf 88' lang='grc' dir='ltr'>λυμεῶ-</span> 
     </span>
    </p>
   </div>
   <div class='ocr_carea' id='block_1_41' title="bbox 451 2505 2019 2585">
    <p class='ocr_par' dir='ltr' id='par_1_41' title="bbox 451 2505 2019 2585">
     <span class='ocr_line' id='line_1_41' title="bbox 451 2505 2019 2585; baseline 0 -28"><span class='ocrx_word' id='word_1_270' title='bbox 451 2521 548 2568; x_wconf 87' lang='grc' dir='ltr'><strong>νας</strong></span> <span class='ocrx_word' id='word_1_271' title='bbox 593 2509 687 2558; x_wconf 88' lang='lat' dir='ltr'><strong>xui.</strong></span> <span class='ocrx_word' id='word_1_272' title='bbox 735 2505 1010 2576; x_wconf 78' lang='grc' dir='ltr'>δολεροὺς,</span> <span class='ocrx_word' id='word_1_273' title='bbox 1061 2505 1494 2585; x_wconf 54' lang='grc' dir='ltr'>ἐπακολουθήσει</span> <span class='ocrx_word' id='word_1_274' title='bbox 1524 2507 1589 2577; x_wconf 84' lang='grc' dir='ltr'>τῇ</span> <span class='ocrx_word' id='word_1_275' title='bbox 1623 2506 1890 2576; x_wconf 77' lang='grc' dir='ltr'>ἐξωθήσει</span> <span class='ocrx_word' id='word_1_276' title='bbox 1923 2507 2019 2558; x_wconf 95' lang='lat' dir='ltr'><strong>xui.</strong></span> 
     </span>
    </p>
   </div>
   <div class='ocr_carea' id='block_1_42' title="bbox 452 2595 2018 2668">
    <p class='ocr_par' dir='ltr' id='par_1_42' title="bbox 452 2595 2018 2668">
     <span class='ocr_line' id='line_1_42' title="bbox 452 2595 2018 2668; baseline 0.001 -20"><span class='ocrx_word' id='word_1_277' title='bbox 452 2596 774 2667; x_wconf 82' lang='grc' dir='ltr'>καθαίρεσις</span> <span class='ocrx_word' id='word_1_278' title='bbox 800 2597 859 2667; x_wconf 81' lang='grc' dir='ltr'><strong>’ἢ</strong></span> <span class='ocrx_word' id='word_1_279' title='bbox 912 2597 1070 2667; x_wconf 86' lang='grc' dir='ltr'>οὐχί;</span> <span class='ocrx_word' id='word_1_280' title='bbox 1109 2599 1216 2650; x_wconf 84' lang='grc' dir='ltr'>Καί</span> <span class='ocrx_word' id='word_1_281' title='bbox 1251 2615 1396 2660; x_wconf 88' lang='grc' dir='ltr'>τινες</span> <span class='ocrx_word' id='word_1_282' title='bbox 1433 2599 1531 2668; x_wconf 84' lang='grc' dir='ltr'>μὲν</span> <span class='ocrx_word' id='word_1_283' title='bbox 1594 2595 1744 2651; x_wconf 79' lang='grc' dir='ltr'>εἷπον</span> <span class='ocrx_word' id='word_1_284' title='bbox 1808 2599 1881 2657; x_wconf 76' lang='grc' dir='ltr'>ὡς</span> <span class='ocrx_word' id='word_1_285' title='bbox 1910 2599 2018 2650; x_wconf 84' lang='grc' dir='ltr'><strong>τῶν</strong></span> 
     </span>
    </p>
   </div>
   <div class='ocr_carea' id='block_1_43' title="bbox 451 2687 2017 2758">
    <p class='ocr_par' dir='ltr' id='par_1_43' title="bbox 451 2687 2017 2758">
     <span class='ocr_line' id='line_1_43' title="bbox 451 2687 2017 2758; baseline -0.001 -16"><span class='ocrx_word' id='word_1_286' title='bbox 451 2689 626 2757; x_wconf 80' lang='grc' dir='ltr'>ἁγίων</span> <span class='ocrx_word' id='word_1_287' title='bbox 677 2688 938 2758; x_wconf 88' lang='grc' dir='ltr'>Πατέρων</span> <span class='ocrx_word' id='word_1_288' title='bbox 996 2687 1164 2757; x_wconf 81' lang='grc' dir='ltr'>μηδέν</span> <span class='ocrx_word' id='word_1_289' title='bbox 1206 2705 1258 2741; x_wconf 86' lang='grc' dir='ltr'><strong>τι</strong></span> <span class='ocrx_word' id='word_1_290' title='bbox 1309 2687 1550 2742; x_wconf 77' lang='grc' dir='ltr'>τοιοῦτον</span> <span class='ocrx_word' id='word_1_291' title='bbox 1604 2688 2017 2758; x_wconf 73' lang='grc' dir='ltr'>διοριζομένων,</span> 
     </span>
    </p>
   </div>
   <div class='ocr_carea' id='block_1_44' title="bbox 453 2778 2018 2851">
    <p class='ocr_par' dir='ltr' id='par_1_44' title="bbox 453 2778 2018 2851">
     <span class='ocr_line' id='line_1_44' title="bbox 453 2778 2018 2851; baseline 0.001 -19"><span class='ocrx_word' id='word_1_292' title='bbox 453 2780 789 2850; x_wconf 81' lang='grc' dir='ltr'>προϐήσεται</span> <span class='ocrx_word' id='word_1_293' title='bbox 824 2780 986 2848; x_wconf 83' lang='grc' dir='ltr'>μόνον</span> <span class='ocrx_word' id='word_1_294' title='bbox 1033 2779 1327 2849; x_wconf 66' lang='grc' dir='ltr'>ἐξσῢθησις·</span> <span class='ocrx_word' id='word_1_295' title='bbox 1368 2779 1496 2850; x_wconf 75' lang='grc' dir='ltr'>ἐμοὶ</span> <span class='ocrx_word' id='word_1_296' title='bbox 1527 2778 1582 2831; x_wconf 85' lang='grc' dir='ltr'><strong>δὲ</strong></span> <span class='ocrx_word' id='word_1_297' title='bbox 1616 2778 1766 2833; x_wconf 83' lang='grc' dir='ltr'>δοκεῖ</span> <span class='ocrx_word' id='word_1_298' title='bbox 1792 2779 1888 2846; x_wconf 84' lang='grc' dir='ltr'><strong>ὡς,</strong></span> <span class='ocrx_word' id='word_1_299' title='bbox 1918 2781 2018 2851; x_wconf 75' lang='grc' dir='ltr'><strong>τῆς</strong></span> 
     </span>
    </p>
   </div>
   <div class='ocr_carea' id='block_1_45' title="bbox 451 2859 2022 2945">
    <p class='ocr_par' dir='ltr' id='par_1_45' title="bbox 451 2859 2022 2945">
     <span class='ocr_line' id='line_1_45' title="bbox 451 2859 2022 2945; baseline 0 -19"><span class='ocrx_word' id='word_1_300' title='bbox 451 2871 776 2944; x_wconf 79' lang='grc' dir='ltr'>ὲξὼθησεως</span> <span class='ocrx_word' id='word_1_301' title='bbox 807 2859 1107 2942; x_wconf 72' lang='grc' dir='ltr'>γενομένης</span> <span class='ocrx_word' id='word_1_302' title='bbox 1130 2872 1217 2926; x_wconf 77' lang='grc' dir='ltr'><strong>διὰ</strong></span> <span class='ocrx_word' id='word_1_303' title='bbox 1247 2872 1420 2936; x_wconf 85' lang='grc' dir='ltr'>δόλον,</span> <span class='ocrx_word' id='word_1_304' title='bbox 1467 2871 1524 2937; x_wconf 75' lang='grc' dir='ltr'><strong>ἒξ</strong></span> <span class='ocrx_word' id='word_1_305' title='bbox 1569 2872 1817 2945; x_wconf 87' lang='grc' dir='ltr'>ἀνάγκης</span> <span class='ocrx_word' id='word_1_306' title='bbox 1877 2892 2022 2945; x_wconf 85' lang='grc' dir='ltr'>παρ-</span> 
     </span>
    </p>
   </div>
   <div class='ocr_carea' id='block_1_46' title="bbox 453 2965 2018 3036">
    <p class='ocr_par' dir='ltr' id='par_1_46' title="bbox 453 2965 2018 3036">
     <span class='ocr_line' id='line_1_46' title="bbox 453 2965 2018 3036; baseline 0.001 -18"><span class='ocrx_word' id='word_1_307' title='bbox 453 2967 644 3020; x_wconf 81' lang='grc' dir='ltr'>έπεται</span> <span class='ocrx_word' id='word_1_308' title='bbox 673 2968 768 3019; x_wconf 89' lang='lat' dir='ltr'><strong>xui.</strong></span> <span class='ocrx_word' id='word_1_309' title='bbox 809 2965 1150 3036; x_wconf 79' lang='grc' dir='ltr'>καθαίρεσις.</span> <span class='ocrx_word' id='word_1_310' title='bbox 1209 2965 1396 3025; x_wconf 75' lang='grc' dir='ltr'>Οὐδεὶς</span> <span class='ocrx_word' id='word_1_311' title='bbox 1427 2966 1555 3036; x_wconf 86' lang='grc' dir='ltr'>γὰρ,</span> <span class='ocrx_word' id='word_1_312' title='bbox 1589 2965 1649 3032; x_wconf 78' lang='grc' dir='ltr'>ἐξ</span> <span class='ocrx_word' id='word_1_313' title='bbox 1699 2966 2018 3036; x_wconf 86' lang='grc' dir='ltr'>ἀτιμοποιοῦ</span> 
     </span>
    </p>
   </div>
   <div class='ocr_carea' id='block_1_47' title="bbox 2119 1872 3694 1940">
    <p class='ocr_par' dir='ltr' id='par_1_47' title="bbox 2119 1872 3694 1940">
     <span class='ocr_line' id='line_1_47' title="bbox 2119 1872 3694 1940; baseline -0.008 -6"><span class='ocrx_word' id='word_1_314' title='bbox 2119 1886 2475 1934; x_wconf 87' lang='lat' dir='ltr'><strong>sacrosancto</strong></span> <span class='ocrx_word' id='word_1_315' title='bbox 2512 1878 2634 1932; x_wconf 93' lang='lat' dir='ltr'><strong>loco</strong></span> <span class='ocrx_word' id='word_1_316' title='bbox 2673 1875 2885 1937; x_wconf 86' lang='lat' dir='ltr'><strong>reddat,</strong></span> <span class='ocrx_word' id='word_1_317' title='bbox 2922 1874 3332 1936; x_wconf 87' lang='lat' dir='ltr'><strong>tabellionibus,</strong></span> <span class='ocrx_word' id='word_1_318' title='bbox 3369 1872 3694 1940; x_wconf 70' lang='lat' dir='ltr'><strong>qui&#39;prazter</strong></span> 
     </span>
    </p>
   </div>
   <div class='ocr_carea' id='block_1_48' title="bbox 2122 1954 3694 2037">
    <p class='ocr_par' dir='ltr' id='par_1_48' title="bbox 2122 1954 3694 2037">
     <span class='ocr_line' id='line_1_48' title="bbox 2122 1954 3694 2037; baseline -0.006 -15"><span class='ocrx_word' id='word_1_319' title='bbox 2122 1971 2263 2023; x_wconf 88' lang='lat' dir='ltr'><strong>hanc</strong></span> <span class='ocrx_word' id='word_1_320' title='bbox 2321 1980 2566 2023; x_wconf 86' lang='lat' dir='ltr'><strong>nostram</strong></span> <span class='ocrx_word' id='word_1_321' title='bbox 2623 1968 2796 2037; x_wconf 80' lang='lat' dir='ltr'><strong>legem</strong></span> <span class='ocrx_word' id='word_1_322' title='bbox 2859 1967 2912 2019; x_wconf 91' lang='lat' dir='ltr'><strong>in</strong></span> <span class='ocrx_word' id='word_1_323' title='bbox 2971 1954 3250 2036; x_wconf 75' lang='lat' dir='ltr'><strong>ejusmodi</strong></span> <span class='ocrx_word' id='word_1_324' title='bbox 3317 1962 3694 2016; x_wconf 74' lang='lat' dir='ltr'><strong>contractibus</strong></span> 
     </span>
    </p>
   </div>
   <div class='ocr_carea' id='block_1_49' title="bbox 2119 2055 3694 2132">
    <p class='ocr_par' dir='ltr' id='par_1_49' title="bbox 2119 2055 3694 2132">
     <span class='ocr_line' id='line_1_49' title="bbox 2119 2055 3694 2132; baseline -0.008 -16"><span class='ocrx_word' id='word_1_325' title='bbox 2119 2078 2342 2132; x_wconf 88' lang='lat' dir='ltr'><strong>operam</strong></span> <span class='ocrx_word' id='word_1_326' title='bbox 2403 2076 2557 2115; x_wconf 91' lang='lat' dir='ltr'><strong>suam</strong></span> <span class='ocrx_word' id='word_1_327' title='bbox 2620 2059 2860 2129; x_wconf 85' lang='lat' dir='ltr'><strong>praebere</strong></span> <span class='ocrx_word' id='word_1_328' title='bbox 2919 2058 3142 2119; x_wconf 86' lang='lat' dir='ltr'><strong>audent,</strong></span> <span class='ocrx_word' id='word_1_329' title='bbox 3191 2064 3458 2125; x_wconf 81' lang='lat' dir='ltr'><strong>perpetuo</strong></span> <span class='ocrx_word' id='word_1_330' title='bbox 3503 2055 3694 2108; x_wconf 79' lang='lat' dir='ltr'><strong>exsilio</strong></span> 
     </span>
    </p>
   </div>
   <div class='ocr_carea' id='block_1_50' title="bbox 2119 2153 2412 2208">
    <p class='ocr_par' dir='ltr' id='par_1_50' title="bbox 2119 2153 2412 2208">
     <span class='ocr_line' id='line_1_50' title="bbox 2119 2153 2412 2208; baseline -0.003 -1"><span class='ocrx_word' id='word_1_331' title='bbox 2119 2153 2412 2208; x_wconf 86' lang='lat' dir='ltr'><strong>damnatis.</strong></span> 
     </span>
    </p>
   </div>
   <div class='ocr_carea' id='block_1_51' title="bbox 2195 2236 3693 2310">
    <p class='ocr_par' dir='ltr' id='par_1_51' title="bbox 2195 2236 3693 2310">
     <span class='ocr_line' id='line_1_51' title="bbox 2195 2236 3693 2310; baseline -0.007 -12"><span class='ocrx_word' id='word_1_332' title='bbox 2195 2246 2305 2300; x_wconf 89' lang='lat' dir='ltr'><strong>lloc</strong></span> <span class='ocrx_word' id='word_1_333' title='bbox 2336 2255 2519 2300; x_wconf 87' lang='lat' dir='ltr'><strong>autem</strong></span> <span class='ocrx_word' id='word_1_334' title='bbox 2551 2244 2713 2298; x_wconf 89' lang='lat' dir='ltr'><strong>etiam</strong></span> <span class='ocrx_word' id='word_1_335' title='bbox 2749 2240 3171 2310; x_wconf 81' lang='lat' dir='ltr'><strong>interrogaverit</strong></span> <span class='ocrx_word' id='word_1_336' title='bbox 3224 2238 3533 2308; x_wconf 72' lang='lat' dir='ltr'><strong>quispiam:</strong></span> <span class='ocrx_word' id='word_1_337' title='bbox 3561 2236 3693 2292; x_wconf 88' lang='lat' dir='ltr'><strong>Cum</strong></span> 
     </span>
    </p>
   </div>
   <div class='ocr_carea' id='block_1_52' title="bbox 2124 2334 3697 2405">
    <p class='ocr_par' dir='ltr' id='par_1_52' title="bbox 2124 2334 3697 2405">
     <span class='ocr_line' id='line_1_52' title="bbox 2124 2334 3697 2405; baseline -0.007 -13"><span class='ocrx_word' id='word_1_338' title='bbox 2124 2353 2302 2392; x_wconf 88' lang='lat' dir='ltr'><strong>canon</strong></span> <span class='ocrx_word' id='word_1_339' title='bbox 2335 2338 2502 2400; x_wconf 83' lang='lat' dir='ltr'><strong>dicat,</strong></span> <span class='ocrx_word' id='word_1_340' title='bbox 2533 2337 2851 2405; x_wconf 85' lang='lat' dir='ltr'><strong>episcopum</strong></span> <span class='ocrx_word' id='word_1_341' title='bbox 2896 2349 2960 2387; x_wconf 72' lang='lat' dir='ltr'><strong>ex</strong></span> <span class='ocrx_word' id='word_1_342' title='bbox 3012 2334 3356 2400; x_wconf 78' lang='lat' dir='ltr'><strong>episcopatu,</strong></span> <span class='ocrx_word' id='word_1_343' title='bbox 3402 2339 3454 2383; x_wconf 88' lang='lat' dir='ltr'><strong>et</strong></span> <span class='ocrx_word' id='word_1_344' title='bbox 3503 2343 3697 2382; x_wconf 86' lang='lat' dir='ltr'><strong>mona-</strong></span> 
     </span>
    </p>
   </div>
   <div class='ocr_carea' id='block_1_53' title="bbox 2121 2423 3697 2498">
    <p class='ocr_par' dir='ltr' id='par_1_53' title="bbox 2121 2423 3697 2498">
     <span class='ocr_line' id='line_1_53' title="bbox 2121 2423 3697 2498; baseline -0.006 -14"><span class='ocrx_word' id='word_1_345' title='bbox 2121 2429 2277 2484; x_wconf 87' lang='lat' dir='ltr'><strong>sterii</strong></span> <span class='ocrx_word' id='word_1_346' title='bbox 2304 2428 2621 2498; x_wconf 64' lang='lat' dir='ltr'><strong>praefectum</strong></span> <span class='ocrx_word' id='word_1_347' title='bbox 2669 2442 2732 2479; x_wconf 80' lang='lat' dir='ltr'><strong>ex</strong></span> <span class='ocrx_word' id='word_1_348' title='bbox 2766 2424 3126 2489; x_wconf 84' lang='lat' dir='ltr'><strong>tuonasterio,</strong></span> <span class='ocrx_word' id='word_1_349' title='bbox 3178 2433 3235 2478; x_wconf 91' lang='lat' dir='ltr'><strong>ut</strong></span> <span class='ocrx_word' id='word_1_350' title='bbox 3273 2423 3615 2493; x_wconf 85' lang='lat' dir='ltr'><strong>perniciosos</strong></span> <span class='ocrx_word' id='word_1_351' title='bbox 3643 2432 3697 2475; x_wconf 88' lang='lat' dir='ltr'><strong>et</strong></span> 
     </span>
    </p>
   </div>
   <div class='ocr_carea' id='block_1_54' title="bbox 2121 2518 3698 2586">
    <p class='ocr_par' dir='ltr' id='par_1_54' title="bbox 2121 2518 3698 2586">
     <span class='ocr_line' id='line_1_54' title="bbox 2121 2518 3698 2586; baseline -0.006 -10"><span class='ocrx_word' id='word_1_352' title='bbox 2121 2521 2497 2576; x_wconf 80' lang='lat' dir='ltr'><strong>fraudulentos</strong></span> <span class='ocrx_word' id='word_1_353' title='bbox 2545 2519 2767 2586; x_wconf 81' lang='lat' dir='ltr'><strong>expelli,</strong></span> <span class='ocrx_word' id='word_1_354' title='bbox 2822 2518 3197 2572; x_wconf 85' lang='lat' dir='ltr'><strong>detrusionem</strong></span> <span class='ocrx_word' id='word_1_355' title='bbox 3249 2524 3698 2583; x_wconf 86' lang='lat' dir='ltr'><strong>consequeturne</strong></span> 
     </span>
    </p>
   </div>
   <div class='ocr_carea' id='block_1_55' title="bbox 2121 2603 3697 2684">
    <p class='ocr_par' dir='ltr' id='par_1_55' title="bbox 2121 2603 3697 2684">
     <span class='ocr_line' id='line_1_55' title="bbox 2121 2603 3697 2684; baseline -0.006 -15"><span class='ocrx_word' id='word_1_356' title='bbox 2121 2603 2414 2684; x_wconf 73' lang='lat' dir='ltr'><strong>depositio,</strong></span> <span class='ocrx_word' id='word_1_357' title='bbox 2452 2611 2677 2666; x_wconf 89' lang='lat' dir='ltr'><strong>annon?</strong></span> <span class='ocrx_word' id='word_1_358' title='bbox 2711 2610 2776 2664; x_wconf 83' lang='lat' dir='ltr'><strong>Et</strong></span> <span class='ocrx_word' id='word_1_359' title='bbox 2807 2611 3055 2663; x_wconf 89' lang='lat' dir='ltr'><strong>nonnulli</strong></span> <span class='ocrx_word' id='word_1_360' title='bbox 3088 2609 3306 2678; x_wconf 90' lang='lat' dir='ltr'><strong>quidem</strong></span> <span class='ocrx_word' id='word_1_361' title='bbox 3349 2607 3509 2678; x_wconf 78' lang='lat'><strong>305</strong></span> <span class='ocrx_word' id='word_1_362' title='bbox 3542 2607 3697 2661; x_wconf 77' lang='lat' dir='ltr'><strong>dixe-</strong></span> 
     </span>
    </p>
   </div>
   <div class='ocr_carea' id='block_1_56' title="bbox 2124 2695 3698 2773">
    <p class='ocr_par' dir='ltr' id='par_1_56' title="bbox 2124 2695 3698 2773">
     <span class='ocr_line' id='line_1_56' title="bbox 2124 2695 3698 2773; baseline -0.008 -15"><span class='ocrx_word' id='word_1_363' title='bbox 2124 2713 2271 2768; x_wconf 90' lang='lat' dir='ltr'><strong>runt,</strong></span> <span class='ocrx_word' id='word_1_364' title='bbox 2307 2703 2449 2773; x_wconf 82' lang='lat' dir='ltr'><strong>quod</strong></span> <span class='ocrx_word' id='word_1_365' title='bbox 2484 2718 2605 2756; x_wconf 93' lang='lat' dir='ltr'><strong>cum</strong></span> <span class='ocrx_word' id='word_1_366' title='bbox 2641 2699 2834 2754; x_wconf 87' lang='lat' dir='ltr'><strong>Patres</strong></span> <span class='ocrx_word' id='word_1_367' title='bbox 2871 2699 3006 2752; x_wconf 84' lang='lat' dir='ltr'><strong>nihil</strong></span> <span class='ocrx_word' id='word_1_368' title='bbox 3039 2700 3148 2752; x_wconf 85' lang='lat' dir='ltr'><strong>tale</strong></span> <span class='ocrx_word' id='word_1_369' title='bbox 3197 2697 3524 2758; x_wconf 89' lang='lat' dir='ltr'><strong>decernant,</strong></span> <span class='ocrx_word' id='word_1_370' title='bbox 3581 2695 3698 2748; x_wconf 84' lang='lat' dir='ltr'><strong>sola</strong></span> 
     </span>
    </p>
   </div>
   <div class='ocr_carea' id='block_1_57' title="bbox 2123 2789 3694 2867">
    <p class='ocr_par' dir='ltr' id='par_1_57' title="bbox 2123 2789 3694 2867">
     <span class='ocr_line' id='line_1_57' title="bbox 2123 2789 3694 2867; baseline -0.006 -15"><span class='ocrx_word' id='word_1_371' title='bbox 2123 2798 2382 2867; x_wconf 88' lang='lat' dir='ltr'><strong>procedet</strong></span> <span class='ocrx_word' id='word_1_372' title='bbox 2413 2795 2677 2849; x_wconf 80' lang='lat' dir='ltr'><strong>extrusio.</strong></span> <span class='ocrx_word' id='word_1_373' title='bbox 2704 2792 2831 2846; x_wconf 81' lang='lat' dir='ltr'><strong>Mihi</strong></span> <span class='ocrx_word' id='word_1_374' title='bbox 2873 2802 3053 2846; x_wconf 87' lang='lat' dir='ltr'><strong>autem</strong></span> <span class='ocrx_word' id='word_1_375' title='bbox 3075 2791 3307 2854; x_wconf 90' lang='lat' dir='ltr'><strong>videtur,</strong></span> <span class='ocrx_word' id='word_1_376' title='bbox 3350 2789 3524 2860; x_wconf 90' lang='lat' dir='ltr'><strong>quod,</strong></span> <span class='ocrx_word' id='word_1_377' title='bbox 3568 2804 3694 2842; x_wconf 91' lang='lat' dir='ltr'><strong>cum</strong></span> 
     </span>
    </p>
   </div>
   <div class='ocr_carea' id='block_1_58' title="bbox 2122 2880 3699 2960">
    <p class='ocr_par' dir='ltr' id='par_1_58' title="bbox 2122 2880 3699 2960">
     <span class='ocr_line' id='line_1_58' title="bbox 2122 2880 3699 2960; baseline -0.005 -18"><span class='ocrx_word' id='word_1_378' title='bbox 2122 2898 2347 2960; x_wconf 81' lang='lat' dir='ltr'><strong>prepter</strong></span> <span class='ocrx_word' id='word_1_379' title='bbox 2371 2886 2556 2941; x_wconf 89' lang='lat' dir='ltr'><strong>dolum</strong></span> <span class='ocrx_word' id='word_1_380' title='bbox 2588 2885 2678 2939; x_wconf 89' lang='lat' dir='ltr'><strong>ﬁat</strong></span> <span class='ocrx_word' id='word_1_381' title='bbox 2712 2885 2932 2953; x_wconf 86' lang='lat' dir='ltr'><strong>ejectio,</strong></span> <span class='ocrx_word' id='word_1_382' title='bbox 2963 2883 3276 2938; x_wconf 85' lang='lat' dir='ltr'><strong>necessario</strong></span> <span class='ocrx_word' id='word_1_383' title='bbox 3303 2882 3467 2952; x_wconf 78' lang='lat' dir='ltr'><strong>etiam</strong></span> <span class='ocrx_word' id='word_1_384' title='bbox 3515 2880 3699 2949; x_wconf 85' lang='lat' dir='ltr'><strong>sequi-</strong></span> 
     </span>
    </p>
   </div>
   <div class='ocr_carea' id='block_1_59' title="bbox 2127 2970 3697 3048">
    <p class='ocr_par' dir='ltr' id='par_1_59' title="bbox 2127 2970 3697 3048">
     <span class='ocr_line' id='line_1_59' title="bbox 2127 2970 3697 3048; baseline -0.007 -15"><span class='ocrx_word' id='word_1_385' title='bbox 2127 2988 2214 3032; x_wconf 81' lang='lat' dir='ltr'><strong>tur</strong></span> <span class='ocrx_word' id='word_1_386' title='bbox 2241 2976 2528 3048; x_wconf 79' lang='lat' dir='ltr'><strong>depositio.</strong></span> <span class='ocrx_word' id='word_1_387' title='bbox 2553 2973 2724 3027; x_wconf 88' lang='lat' dir='ltr'><strong>Nemo</strong></span> <span class='ocrx_word' id='word_1_388' title='bbox 2753 2976 2921 3035; x_wconf 91' lang='lat' dir='ltr'><strong>enim,</strong></span> <span class='ocrx_word' id='word_1_389' title='bbox 2955 2987 3020 3026; x_wconf 83' lang='lat' dir='ltr'><strong>ex</strong></span> <span class='ocrx_word' id='word_1_390' title='bbox 3051 2987 3216 3026; x_wconf 85' lang='lat' dir='ltr'><strong>causa</strong></span> <span class='ocrx_word' id='word_1_391' title='bbox 3248 2971 3476 3025; x_wconf 67' lang='lat' dir='ltr'><strong>laedente</strong></span> <span class='ocrx_word' id='word_1_392' title='bbox 3500 2970 3697 3022; x_wconf 81' lang='lat' dir='ltr'><strong>famam</strong></span> 
     </span>
    </p>
   </div>
   <div class='ocr_carea' id='block_1_60' title="bbox 446 3057 2015 3148">
    <p class='ocr_par' dir='ltr' id='par_1_60' title="bbox 446 3057 2015 3129">
     <span class='ocr_line' id='line_1_60' title="bbox 446 3057 2015 3129; baseline -0.001 -17"><span class='ocrx_word' id='word_1_393' title='bbox 446 3060 634 3124; x_wconf 79' lang='grc' dir='ltr'>αἰτίας</span> <span class='ocrx_word' id='word_1_394' title='bbox 662 3059 1180 3129; x_wconf 79' lang='grc' dir='ltr'>καταδικαζόμενος,</span> <span class='ocrx_word' id='word_1_395' title='bbox 1220 3057 1438 3128; x_wconf 80' lang='grc' dir='ltr'>ἔντιμός</span> <span class='ocrx_word' id='word_1_396' title='bbox 1472 3059 1645 3111; x_wconf 84' lang='grc' dir='ltr'>ἐστιν.</span> <span class='ocrx_word' id='word_1_397' title='bbox 1679 3057 2015 3128; x_wconf 86' lang='grc' dir='ltr'>Εύχαριστη-</span> 
     </span>
    </p>
   </div>
   <div class='ocr_carea' id='block_1_61' title="bbox 2121 3057 3696 3148">
    <p class='ocr_par' dir='ltr' id='par_1_61' title="bbox 2124 3061 3696 3129">
     <span class='ocr_line' id='line_1_61' title="bbox 2124 3061 3696 3129; baseline -0.006 -5"><span class='ocrx_word' id='word_1_398' title='bbox 2124 3070 2557 3129; x_wconf 89' lang='lat' dir='ltr'><strong>condemnatus,</strong></span> <span class='ocrx_word' id='word_1_399' title='bbox 2607 3065 2766 3120; x_wconf 74' lang='lat' dir='ltr'><strong>bonae</strong></span> <span class='ocrx_word' id='word_1_400' title='bbox 2829 3072 2915 3119; x_wconf 88' lang='lat' dir='ltr'><strong>est</strong></span> <span class='ocrx_word' id='word_1_401' title='bbox 2975 3063 3420 3119; x_wconf 81' lang='lat' dir='ltr'><strong>existimationis.</strong></span> <span class='ocrx_word' id='word_1_402' title='bbox 3476 3061 3696 3116; x_wconf 87' lang='lat' dir='ltr'><strong>Potenti</strong></span> 
     </span>
    </p>
   </div>
   <div class='ocr_carea' id='block_1_62' title="bbox 449 3147 2019 3221">
    <p class='ocr_par' dir='ltr' id='par_1_62' title="bbox 449 3147 2019 3221">
     <span class='ocr_line' id='line_1_62' title="bbox 449 3147 2019 3221; baseline 0.001 -19"><span class='ocrx_word' id='word_1_403' title='bbox 449 3153 574 3204; x_wconf 78' lang='grc' dir='ltr'>τέον</span> <span class='ocrx_word' id='word_1_404' title='bbox 607 3147 702 3204; x_wconf 83' lang='grc' dir='ltr'><strong>οὖν</strong></span> <span class='ocrx_word' id='word_1_405' title='bbox 735 3151 812 3221; x_wconf 79' lang='grc' dir='ltr'><strong>τῷ</strong></span> <span class='ocrx_word' id='word_1_406' title='bbox 838 3149 1082 3220; x_wconf 79' lang='grc' dir='ltr'>κραταιῷ</span> <span class='ocrx_word' id='word_1_407' title='bbox 1133 3149 1227 3202; x_wconf 82' lang='lat' dir='ltr'><strong>xui.</strong></span> <span class='ocrx_word' id='word_1_408' title='bbox 1278 3149 1420 3219; x_wconf 81' lang='grc' dir='ltr'>ἁγίῳ</span> <span class='ocrx_word' id='word_1_409' title='bbox 1469 3150 1628 3219; x_wconf 77' lang='grc' dir='ltr'>ἡμῶν</span> <span class='ocrx_word' id='word_1_410' title='bbox 1682 3149 1913 3220; x_wconf 84' lang='grc' dir='ltr'>βασιλεῖ,</span> <span class='ocrx_word' id='word_1_411' title='bbox 1943 3149 2019 3221; x_wconf 81' lang='grc' dir='ltr'><strong>τῷ</strong></span> 
     </span>
    </p>
   </div>
   <div class='ocr_carea' id='block_1_63' title="bbox 455 3240 2018 3314">
    <p class='ocr_par' dir='ltr' id='par_1_63' title="bbox 455 3240 2018 3314">
     <span class='ocr_line' id='line_1_63' title="bbox 455 3240 2018 3314; baseline -0.001 -19"><span class='ocrx_word' id='word_1_412' title='bbox 455 3245 865 3314; x_wconf 78' lang='grc' dir='ltr'>συντηρήσαντι</span> <span class='ocrx_word' id='word_1_413' title='bbox 893 3241 1207 3304; x_wconf 83' lang='grc' dir='ltr'>ἀκολούθως</span> <span class='ocrx_word' id='word_1_414' title='bbox 1242 3241 1319 3310; x_wconf 84' lang='grc' dir='ltr'>τῷ</span> <span class='ocrx_word' id='word_1_415' title='bbox 1344 3240 1687 3310; x_wconf 84' lang='grc' dir='ltr'>ἀποστολικῷ</span> <span class='ocrx_word' id='word_1_416' title='bbox 1711 3242 1895 3294; x_wconf 83' lang='grc' dir='ltr'>κανόνι</span> <span class='ocrx_word' id='word_1_417' title='bbox 1926 3245 2018 3294; x_wconf 82' lang='lat' dir='ltr'><strong>xui</strong></span> 
     </span>
    </p>
   </div>
   <div class='ocr_carea' id='block_1_64' title="bbox 450 3335 2016 3407">
    <p class='ocr_par' dir='ltr' id='par_1_64' title="bbox 450 3335 2016 3407">
     <span class='ocr_line' id='line_1_64' title="bbox 450 3335 2016 3407; baseline -0.001 -19"><span class='ocrx_word' id='word_1_418' title='bbox 450 3336 528 3406; x_wconf 80' lang='grc' dir='ltr'>τῷ</span> <span class='ocrx_word' id='word_1_419' title='bbox 560 3337 793 3407; x_wconf 80' lang='grc' dir='ltr'>παρόντι</span> <span class='ocrx_word' id='word_1_420' title='bbox 845 3335 1111 3407; x_wconf 81' lang='grc' dir='ltr'>διορισμῷ</span> <span class='ocrx_word' id='word_1_421' title='bbox 1140 3336 1209 3389; x_wconf 73' lang='grc' dir='ltr'><strong>τὰ</strong></span> <span class='ocrx_word' id='word_1_422' title='bbox 1239 3336 1348 3388; x_wconf 87' lang='grc' dir='ltr'><strong>τῶν</strong></span> <span class='ocrx_word' id='word_1_423' title='bbox 1403 3335 1712 3405; x_wconf 77' lang='grc' dir='ltr'>ἐκκλησιῶν</span> <span class='ocrx_word' id='word_1_424' title='bbox 1764 3339 1858 3391; x_wconf 80' lang='lat' dir='ltr'><strong>xui.</strong></span> <span class='ocrx_word' id='word_1_425' title='bbox 1909 3337 2016 3390; x_wconf 86' lang='grc' dir='ltr'><strong>τῶν</strong></span> 
     </span>
    </p>
   </div>
   <div class='ocr_carea' id='block_1_65' title="bbox 447 3427 2016 3499">
    <p class='ocr_par' dir='ltr' id='par_1_65' title="bbox 447 3427 2016 3499">
     <span class='ocr_line' id='line_1_65' title="bbox 447 3427 2016 3499; baseline -0.001 -16"><span class='ocrx_word' id='word_1_426' title='bbox 447 3431 590 3483; x_wconf 73' lang='grc' dir='ltr'>κατὰ</span> <span class='ocrx_word' id='word_1_427' title='bbox 625 3429 969 3492; x_wconf 73' lang='grc' dir='ltr'>πάλιν¹τέως</span> <span class='ocrx_word' id='word_1_428' title='bbox 1021 3428 1405 3499; x_wconf 87' lang='grc' dir='ltr'>μοναστηρίων</span> <span class='ocrx_word' id='word_1_429' title='bbox 1467 3427 1703 3499; x_wconf 84' lang='grc' dir='ltr'>ἀκίνητα</span> <span class='ocrx_word' id='word_1_430' title='bbox 1759 3429 2016 3498; x_wconf 77' lang='grc' dir='ltr'>ἀνέπαφα</span> 
     </span>
    </p>
   </div>
   <div class='ocr_carea' id='block_1_66' title="bbox 448 3521 2016 3593">
    <p class='ocr_par' dir='ltr' id='par_1_66' title="bbox 448 3521 2016 3593">
     <span class='ocr_line' id='line_1_66' title="bbox 448 3521 2016 3593; baseline -0.001 -19"><span class='ocrx_word' id='word_1_431' title='bbox 448 3525 512 3574; x_wconf 80' lang='grc' dir='ltr'><strong>ἐκ</strong></span> <span class='ocrx_word' id='word_1_432' title='bbox 541 3523 636 3590; x_wconf 85' lang='grc' dir='ltr'>τῆς</span> <span class='ocrx_word' id='word_1_433' title='bbox 683 3523 866 3593; x_wconf 86' lang='grc' dir='ltr'>χειρὸς</span> <span class='ocrx_word' id='word_1_434' title='bbox 906 3521 1000 3575; x_wconf 82' lang='grc' dir='ltr'><strong>τοῦ</strong></span> <span class='ocrx_word' id='word_1_435' title='bbox 1033 3521 1295 3591; x_wconf 86' lang='grc' dir='ltr'>δημοσίου</span> <span class='ocrx_word' id='word_1_436' title='bbox 1333 3521 1421 3574; x_wconf 80' lang='grc' dir='ltr'><strong>διὰ</strong></span> <span class='ocrx_word' id='word_1_437' title='bbox 1468 3522 1636 3592; x_wconf 85' lang='grc' dir='ltr'>τριῶν</span> <span class='ocrx_word' id='word_1_438' title='bbox 1682 3523 2016 3592; x_wconf 77' lang='grc' dir='ltr'>χρυσοόούλ-</span> 
     </span>
    </p>
   </div>
   <div class='ocr_carea' id='block_1_67' title="bbox 448 3610 2017 3686">
    <p class='ocr_par' dir='ltr' id='par_1_67' title="bbox 448 3610 2017 3686">
     <span class='ocr_line' id='line_1_67' title="bbox 448 3610 2017 3686; baseline 0.001 -19"><span class='ocrx_word' id='word_1_439' title='bbox 448 3617 556 3667; x_wconf 85' lang='grc' dir='ltr'><strong>λων</strong></span> <span class='ocrx_word' id='word_1_440' title='bbox 583 3617 681 3686; x_wconf 83' lang='grc' dir='ltr'>τῆς</span> <span class='ocrx_word' id='word_1_441' title='bbox 713 3617 873 3682; x_wconf 82' lang='grc' dir='ltr'>ἁγίας</span> <span class='ocrx_word' id='word_1_442' title='bbox 902 3614 1178 3684; x_wconf 82' lang='grc' dir='ltr'>βασιλείας</span> <span class='ocrx_word' id='word_1_443' title='bbox 1208 3615 1395 3672; x_wconf 84' lang='grc' dir='ltr'>αὐτοῦ,</span> <span class='ocrx_word' id='word_1_444' title='bbox 1426 3616 1516 3683; x_wconf 79' lang='grc' dir='ltr'><strong>ἀφ’</strong></span> <span class='ocrx_word' id='word_1_445' title='bbox 1548 3610 1622 3668; x_wconf 84' lang='grc' dir='ltr'>ὧν</span> <span class='ocrx_word' id='word_1_446' title='bbox 1653 3615 1712 3668; x_wconf 86' lang='grc' dir='ltr'><strong>τὸ</strong></span> <span class='ocrx_word' id='word_1_447' title='bbox 1745 3616 1843 3683; x_wconf 85' lang='grc' dir='ltr'>μὲν</span> <span class='ocrx_word' id='word_1_448' title='bbox 1875 3617 2017 3670; x_wconf 81' lang='grc' dir='ltr'><strong>κατά</strong></span> 
     </span>
    </p>
   </div>
   <div class='ocr_carea' id='block_1_68' title="bbox 450 3689 2019 3781">
    <p class='ocr_par' dir='ltr' id='par_1_68' title="bbox 450 3704 2019 3781">
     <span class='ocr_line' id='line_1_68' title="bbox 450 3704 2019 3781; baseline 0 -21"><span class='ocrx_word' id='word_1_449' title='bbox 450 3709 540 3760; x_wconf 85' lang='grc' dir='ltr'><strong>τὸν</strong></span> <span class='ocrx_word' id='word_1_450' title='bbox 608 3707 826 3760; x_wconf 68' lang='grc' dir='ltr'>Ἰούλιον</span> <span class='ocrx_word' id='word_1_451' title='bbox 878 3708 1024 3778; x_wconf 83' lang='grc' dir='ltr'>μῆνα</span> <span class='ocrx_word' id='word_1_452' title='bbox 1081 3707 1180 3777; x_wconf 86' lang='grc' dir='ltr'><strong>τῆς</strong></span> <span class='ocrx_word' id='word_1_453' title='bbox 1235 3704 1282 3757; x_wconf 80' lang='grc' dir='ltr'>α’</span> <span class='ocrx_word' id='word_1_454' title='bbox 1332 3706 1658 3770; x_wconf 83' lang='grc' dir='ltr'>ίνδικτιῶνος</span> <span class='ocrx_word' id='word_1_455' title='bbox 1711 3706 1804 3760; x_wconf 81' lang='grc' dir='ltr'>τοῦ</span> <span class='ocrx_word' id='word_1_456' title='bbox 1853 3709 2019 3781; x_wconf 53' lang='grc' dir='ltr'>,ςχνδθ</span> 
     </span>
    </p>
   </div>
   <div class='ocr_carea' id='block_1_69' title="bbox 450 3797 2016 3870">
    <p class='ocr_par' dir='ltr' id='par_1_69' title="bbox 450 3797 2016 3870">
     <span class='ocr_line' id='line_1_69' title="bbox 450 3797 2016 3870; baseline 0.001 -19"><span class='ocrx_word' id='word_1_457' title='bbox 450 3799 604 3862; x_wconf 69' lang='grc' dir='ltr'>ἔτους</span> <span class='ocrx_word' id='word_1_458' title='bbox 629 3801 876 3868; x_wconf 75' lang='grc' dir='ltr'>γεγονὸς,</span> <span class='ocrx_word' id='word_1_459' title='bbox 912 3802 1006 3853; x_wconf 75' lang='grc' dir='ltr'>καὶ</span> <span class='ocrx_word' id='word_1_460' title='bbox 1047 3801 1419 3870; x_wconf 74' lang='grc' dir='ltr'>διοριζόμενον</span> <span class='ocrx_word' id='word_1_461' title='bbox 1455 3799 1530 3870; x_wconf 79' lang='grc' dir='ltr'>μὴ</span> <span class='ocrx_word' id='word_1_462' title='bbox 1563 3797 1900 3868; x_wconf 83' lang='grc' dir='ltr'>βλάπτεσθαι</span> <span class='ocrx_word' id='word_1_463' title='bbox 1947 3799 2016 3853; x_wconf 83' lang='grc' dir='ltr'>τὰ</span> 
     </span>
    </p>
   </div>
   <div class='ocr_carea' id='block_1_70' title="bbox 453 3891 2007 3963">
    <p class='ocr_par' dir='ltr' id='par_1_70' title="bbox 453 3891 2007 3963">
     <span class='ocr_line' id='line_1_70' title="bbox 453 3891 2007 3963; baseline 0 -18"><span class='ocrx_word' id='word_1_464' title='bbox 453 3893 790 3963; x_wconf 82' lang='grc' dir='ltr'>μοναστήρια</span> <span class='ocrx_word' id='word_1_465' title='bbox 817 3895 882 3944; x_wconf 81' lang='grc' dir='ltr'>ἐκ</span> <span class='ocrx_word' id='word_1_466' title='bbox 901 3891 995 3944; x_wconf 80' lang='grc' dir='ltr'><strong>τοῦ</strong></span> <span class='ocrx_word' id='word_1_467' title='bbox 1023 3891 1152 3954; x_wconf 76' lang='grc' dir='ltr'>ἴσως</span> <span class='ocrx_word' id='word_1_468' title='bbox 1183 3891 1444 3962; x_wconf 82' lang='grc' dir='ltr'>χωλεύειν</span> <span class='ocrx_word' id='word_1_469' title='bbox 1474 3891 1617 3944; x_wconf 84' lang='grc' dir='ltr'>κατά</span> <span class='ocrx_word' id='word_1_470' title='bbox 1654 3909 1704 3943; x_wconf 88' lang='grc' dir='ltr'><strong>τι</strong></span> <span class='ocrx_word' id='word_1_471' title='bbox 1741 3895 1808 3945; x_wconf 68' lang='grc' dir='ltr'><strong>τὰ</strong></span> <span class='ocrx_word' id='word_1_472' title='bbox 1838 3909 2007 3962; x_wconf 84' lang='grc' dir='ltr'>προσ-</span> 
     </span>
    </p>
   </div>
   <div class='ocr_carea' id='block_1_71' title="bbox 447 3981 2016 4054">
    <p class='ocr_par' dir='ltr' id='par_1_71' title="bbox 447 3981 2016 4054">
     <span class='ocr_line' id='line_1_71' title="bbox 447 3981 2016 4054; baseline -0.002 -17"><span class='ocrx_word' id='word_1_473' title='bbox 447 3987 576 4038; x_wconf 83' lang='grc' dir='ltr'>όντα</span> <span class='ocrx_word' id='word_1_474' title='bbox 639 3987 853 4048; x_wconf 83' lang='grc' dir='ltr'>τούτοις</span> <span class='ocrx_word' id='word_1_475' title='bbox 898 3985 1246 4054; x_wconf 84' lang='grc' dir='ltr'>δικαιώματα</span> <span class='ocrx_word' id='word_1_476' title='bbox 1272 4000 1287 4014; x_wconf 84' lang='lat'><strong><em>°</em></strong></span> <span class='ocrx_word' id='word_1_477' title='bbox 1321 3983 1493 4037; x_wconf 79' lang='grc' dir='ltr'>καὶτὸ</span> <span class='ocrx_word' id='word_1_478' title='bbox 1525 3981 1665 4036; x_wconf 78' lang='grc' dir='ltr'>κατὰ</span> <span class='ocrx_word' id='word_1_479' title='bbox 1696 3984 1787 4035; x_wconf 83' lang='grc' dir='ltr'><strong>τὸν</strong></span> <span class='ocrx_word' id='word_1_480' title='bbox 1811 3981 2016 4035; x_wconf 87' lang='grc' dir='ltr'><strong>Ὀκτὼ-</strong></span> 
     </span>
    </p>
   </div>
   <div class='ocr_carea' id='block_1_72' title="bbox 454 4058 2015 4150">
    <p class='ocr_par' dir='ltr' id='par_1_72' title="bbox 454 4058 2015 4150">
     <span class='ocr_line' id='line_1_72' title="bbox 454 4058 2015 4150; baseline -0.003 -20"><span class='ocrx_word' id='word_1_481' title='bbox 454 4079 608 4150; x_wconf 72' lang='grc' dir='ltr'>ὅριον</span> <span class='ocrx_word' id='word_1_482' title='bbox 673 4079 816 4148; x_wconf 83' lang='grc' dir='ltr'>μῆνα</span> <span class='ocrx_word' id='word_1_483' title='bbox 869 4079 967 4148; x_wconf 79' lang='grc' dir='ltr'>τῆς</span> <span class='ocrx_word' id='word_1_484' title='bbox 1015 4076 1059 4142; x_wconf 82' lang='grc' dir='ltr'><strong>ζ’</strong></span> <span class='ocrx_word' id='word_1_485' title='bbox 1122 4058 1449 4139; x_wconf 71' lang='grc' dir='ltr'>ἰνδικτιῶνος</span> <span class='ocrx_word' id='word_1_486' title='bbox 1501 4075 1595 4128; x_wconf 83' lang='grc' dir='ltr'>τοῦ</span> <span class='ocrx_word' id='word_1_487' title='bbox 1635 4075 1807 4148; x_wconf 51' lang='grc' dir='ltr'><strong>δςδχξέ</strong></span> <span class='ocrx_word' id='word_1_488' title='bbox 1860 4074 2015 4138; x_wconf 80' lang='grc' dir='ltr'>ἔτους</span> 
     </span>
    </p>
   </div>
   <div class='ocr_carea' id='block_1_73' title="bbox 448 4167 2012 4242">
    <p class='ocr_par' dir='ltr' id='par_1_73' title="bbox 448 4167 2012 4242">
     <span class='ocr_line' id='line_1_73' title="bbox 448 4167 2012 4242; baseline -0.004 -17"><span class='ocrx_word' id='word_1_489' title='bbox 448 4172 739 4237; x_wconf 80' lang='grc' dir='ltr'>ἁπολυθὲν,</span> <span class='ocrx_word' id='word_1_490' title='bbox 774 4171 867 4225; x_wconf 78' lang='grc' dir='ltr'>καὶ</span> <span class='ocrx_word' id='word_1_491' title='bbox 898 4169 1409 4242; x_wconf 78' lang='grc' dir='ltr'>παρακελευόμενον</span> <span class='ocrx_word' id='word_1_492' title='bbox 1443 4167 1587 4238; x_wconf 79' lang='grc' dir='ltr'>ἔχειν</span> <span class='ocrx_word' id='word_1_493' title='bbox 1614 4171 1680 4222; x_wconf 75' lang='grc' dir='ltr'>τὰ</span> <span class='ocrx_word' id='word_1_494' title='bbox 1737 4168 2012 4240; x_wconf 83' lang='grc' dir='ltr'>μοναστή-</span> 
     </span>
    </p>
   </div>
   <div class='ocr_carea' id='block_1_74' title="bbox 452 4261 2013 4338">
    <p class='ocr_par' dir='ltr' id='par_1_74' title="bbox 452 4261 2013 4338">
     <span class='ocr_line' id='line_1_74' title="bbox 452 4261 2013 4338; baseline -0.004 -19"><span class='ocrx_word' id='word_1_495' title='bbox 452 4285 546 4338; x_wconf 85' lang='grc' dir='ltr'><strong>ρια</strong></span> <span class='ocrx_word' id='word_1_496' title='bbox 602 4267 745 4320; x_wconf 83' lang='grc' dir='ltr'>κατὰ</span> <span class='ocrx_word' id='word_1_497' title='bbox 780 4265 842 4319; x_wconf 80' lang='grc' dir='ltr'><strong>τὸ</strong></span> <span class='ocrx_word' id='word_1_498' title='bbox 899 4265 1324 4319; x_wconf 80' lang='grc' dir='ltr'>ἀναπόσπαστον</span> <span class='ocrx_word' id='word_1_499' title='bbox 1379 4261 1447 4315; x_wconf 81' lang='grc' dir='ltr'><strong>τὰ</strong></span> <span class='ocrx_word' id='word_1_500' title='bbox 1501 4263 1734 4332; x_wconf 85' lang='grc' dir='ltr'>ἀκίνητα</span> <span class='ocrx_word' id='word_1_501' title='bbox 1786 4261 2013 4325; x_wconf 87' lang='grc' dir='ltr'>τούτων,</span> 
     </span>
    </p>
   </div>
   <div class='ocr_carea' id='block_1_75' title="bbox 418 4354 2010 4427">
    <p class='ocr_par' dir='ltr' id='par_1_75' title="bbox 418 4354 2010 4427">
     <span class='ocr_line' id='line_1_75' title="bbox 418 4354 2010 4427; baseline -0.006 -13"><span class='ocrx_word' id='word_1_502' title='bbox 418 4371 432 4414; x_wconf 76' lang='lat' dir='ltr'><strong>l</strong></span> <span class='ocrx_word' id='word_1_503' title='bbox 463 4358 917 4427; x_wconf 33' lang='grc' dir='ltr'>κᾶν-διαγνώσεις</span> <span class='ocrx_word' id='word_1_504' title='bbox 943 4357 1207 4427; x_wconf 83' lang='grc' dir='ltr'>ἐδόθησαν</span> <span class='ocrx_word' id='word_1_505' title='bbox 1233 4357 1418 4419; x_wconf 82' lang='grc' dir='ltr'>αὐτοῖς</span> <span class='ocrx_word' id='word_1_506' title='bbox 1449 4356 1600 4427; x_wconf 74' lang='grc' dir='ltr'>παρὰ</span> <span class='ocrx_word' id='word_1_507' title='bbox 1629 4354 1737 4407; x_wconf 84' lang='grc' dir='ltr'><strong>τῶν</strong></span> <span class='ocrx_word' id='word_1_508' title='bbox 1768 4356 2010 4422; x_wconf 85' lang='grc' dir='ltr'>ἀναγρα-</span> 
     </span>
    </p>
   </div>
   <div class='ocr_carea' id='block_1_76' title="bbox 454 4423 2013 4520">
    <p class='ocr_par' dir='ltr' id='par_1_76' title="bbox 454 4423 2013 4520">
     <span class='ocr_line' id='line_1_76' title="bbox 454 4423 2013 4520; baseline -0.003 -19"><span class='ocrx_word' id='word_1_509' title='bbox 454 4423 602 4517; x_wconf 68' lang='grc' dir='ltr'>φέιιῖν</span> <span class='ocrx_word' id='word_1_510' title='bbox 632 4451 943 4505; x_wconf 80' lang='grc' dir='ltr'>δικαιοῦσαι</span> <span class='ocrx_word' id='word_1_511' title='bbox 974 4450 1066 4503; x_wconf 78' lang='grc' dir='ltr'><strong>τὸν</strong></span> <span class='ocrx_word' id='word_1_512' title='bbox 1097 4449 1380 4520; x_wconf 86' lang='grc' dir='ltr'>δημόσιον,</span> <span class='ocrx_word' id='word_1_513' title='bbox 1414 4448 1574 4502; x_wconf 77' lang='grc' dir='ltr'>ἅτινα</span> <span class='ocrx_word' id='word_1_514' title='bbox 1595 4449 1654 4500; x_wconf 85' lang='grc' dir='ltr'><strong>οὐ</strong></span> <span class='ocrx_word' id='word_1_515' title='bbox 1698 4445 2013 4517; x_wconf 80' lang='grc' dir='ltr'>κατεστρώ-</span> 
     </span>
    </p>
   </div>
   <div class='ocr_carea' id='block_1_77' title="bbox 447 4540 2016 4611">
    <p class='ocr_par' dir='ltr' id='par_1_77' title="bbox 447 4540 2016 4611">
     <span class='ocr_line' id='line_1_77' title="bbox 447 4540 2016 4611; baseline -0.001 -17"><span class='ocrx_word' id='word_1_516' title='bbox 447 4541 624 4611; x_wconf 85' lang='grc' dir='ltr'>θησαν</span> <span class='ocrx_word' id='word_1_517' title='bbox 675 4543 912 4595; x_wconf 82' lang='grc' dir='ltr'>ὲνταῦθα</span> <span class='ocrx_word' id='word_1_518' title='bbox 961 4542 1052 4596; x_wconf 78' lang='grc' dir='ltr'>διὰ</span> <span class='ocrx_word' id='word_1_519' title='bbox 1103 4543 1164 4595; x_wconf 84' lang='grc' dir='ltr'>τὸ</span> <span class='ocrx_word' id='word_1_520' title='bbox 1219 4541 1584 4607; x_wconf 80' lang='grc' dir='ltr'>αἰωνίζουσαν</span> <span class='ocrx_word' id='word_1_521' title='bbox 1637 4540 1905 4608; x_wconf 75' lang='grc' dir='ltr'>ὠφέλειαν</span> <span class='ocrx_word' id='word_1_522' title='bbox 1951 4542 2016 4593; x_wconf 79' lang='grc' dir='ltr'>ὲκ</span> 
     </span>
    </p>
   </div>
   <div class='ocr_carea' id='block_1_78' title="bbox 403 4632 2016 4704">
    <p class='ocr_par' dir='ltr' id='par_1_78' title="bbox 403 4632 2016 4704">
     <span class='ocr_line' id='line_1_78' title="bbox 403 4632 2016 4704; baseline -0.001 -18"><span class='ocrx_word' id='word_1_523' title='bbox 403 4691 412 4702; x_wconf 52' lang='grc'><strong>,</strong></span> <span class='ocrx_word' id='word_1_524' title='bbox 447 4635 652 4687; x_wconf 83' lang='grc' dir='ltr'>τούτων</span> <span class='ocrx_word' id='word_1_525' title='bbox 683 4633 757 4704; x_wconf 82' lang='grc' dir='ltr'>μὴ</span> <span class='ocrx_word' id='word_1_526' title='bbox 792 4635 1240 4704; x_wconf 72' lang='grc' dir='ltr'>ἐπιχορηγεῖσθαι</span> <span class='ocrx_word' id='word_1_527' title='bbox 1291 4636 1417 4696; x_wconf 86' lang='grc' dir='ltr'>ταῖς</span> <span class='ocrx_word' id='word_1_528' title='bbox 1469 4635 1678 4702; x_wconf 74' lang='grc' dir='ltr'>μοναῖς,</span> <span class='ocrx_word' id='word_1_529' title='bbox 1721 4632 1858 4685; x_wconf 78' lang='grc' dir='ltr'>ἀλλὰ</span> <span class='ocrx_word' id='word_1_530' title='bbox 1890 4649 2016 4686; x_wconf 74' lang='grc' dir='ltr'>καιο</span> 
     </span>
    </p>
   </div>
   <div class='ocr_carea' id='block_1_79' title="bbox 450 4720 2016 4795">
    <p class='ocr_par' dir='ltr' id='par_1_79' title="bbox 450 4720 2016 4795">
     <span class='ocr_line' id='line_1_79' title="bbox 450 4720 2016 4795; baseline -0.001 -18"><span class='ocrx_word' id='word_1_531' title='bbox 450 4725 611 4795; x_wconf 79' lang='grc' dir='ltr'>ρικὴν</span> <span class='ocrx_word' id='word_1_532' title='bbox 631 4729 646 4751; x_wconf 92' lang='lat'><em>‘</em></span> <span class='ocrx_word' id='word_1_533' title='bbox 675 4724 735 4777; x_wconf 82' lang='grc' dir='ltr'><strong>τὸ</strong></span> <span class='ocrx_word' id='word_1_534' title='bbox 764 4723 820 4777; x_wconf 85' lang='grc' dir='ltr'>δὲ</span> <span class='ocrx_word' id='word_1_535' title='bbox 853 4726 994 4777; x_wconf 85' lang='grc' dir='ltr'><strong>κατά</strong></span> <span class='ocrx_word' id='word_1_536' title='bbox 1020 4724 1114 4778; x_wconf 85' lang='grc' dir='ltr'><strong>τὸν</strong></span> <span class='ocrx_word' id='word_1_537' title='bbox 1141 4726 1387 4795; x_wconf 84' lang='grc' dir='ltr'>Μάρτιον</span> <span class='ocrx_word' id='word_1_538' title='bbox 1443 4725 1587 4794; x_wconf 80' lang='grc' dir='ltr'>μῆνα</span> <span class='ocrx_word' id='word_1_539' title='bbox 1637 4723 1738 4792; x_wconf 81' lang='grc' dir='ltr'>τῆς</span> <span class='ocrx_word' id='word_1_540' title='bbox 1782 4720 1835 4787; x_wconf 82' lang='grc' dir='ltr'>ς’</span> <span class='ocrx_word' id='word_1_541' title='bbox 1889 4723 2016 4776; x_wconf 85' lang='grc' dir='ltr'>ἰνδι-</span> 
     </span>
    </p>
   </div>
   <div class='ocr_carea' id='block_1_80' title="bbox 418 4781 2015 4889">
    <p class='ocr_par' dir='ltr' id='par_1_80' title="bbox 418 4781 2015 4889">
     <span class='ocr_line' id='line_1_80' title="bbox 418 4781 2015 4889; baseline -0.003 -15"><span class='ocrx_word' id='word_1_542' title='bbox 418 4781 679 4881; x_wconf 38' lang='lat' dir='ltr'><strong>gradivo;</strong></span> <span class='ocrx_word' id='word_1_543' title='bbox 705 4817 799 4870; x_wconf 79' lang='grc' dir='ltr'>τοῦ</span> <span class='ocrx_word' id='word_1_544' title='bbox 838 4817 1021 4888; x_wconf 58' lang='grc' dir='ltr'>,ςχξς</span> <span class='ocrx_word' id='word_1_545' title='bbox 1078 4781 1538 4889; x_wconf 43' lang='grc' dir='ltr'>ἔτουςιὲξενεχθὲν</span> <span class='ocrx_word' id='word_1_546' title='bbox 1568 4817 1662 4872; x_wconf 77' lang='grc' dir='ltr'><strong>καὶ</strong></span> <span class='ocrx_word' id='word_1_547' title='bbox 1693 4781 2015 4888; x_wconf 52' lang='grc' dir='ltr'>καταστρω-</span> 
     </span>
    </p>
   </div>
   <div class='ocr_carea' id='block_1_81' title="bbox 453 4909 2012 4981">
    <p class='ocr_par' dir='ltr' id='par_1_81' title="bbox 453 4909 2012 4981">
     <span class='ocr_line' id='line_1_81' title="bbox 453 4909 2012 4981; baseline 0 -19"><span class='ocrx_word' id='word_1_548' title='bbox 453 4909 545 4963; x_wconf 81' lang='grc' dir='ltr'><strong>θὲν</strong></span> <span class='ocrx_word' id='word_1_549' title='bbox 581 4911 637 4960; x_wconf 81' lang='grc' dir='ltr'>ὲν</span> <span class='ocrx_word' id='word_1_550' title='bbox 669 4910 802 4961; x_wconf 82' lang='grc' dir='ltr'>πᾶσι</span> <span class='ocrx_word' id='word_1_551' title='bbox 827 4911 942 4971; x_wconf 89' lang='grc' dir='ltr'>τοῖς</span> <span class='ocrx_word' id='word_1_552' title='bbox 976 4909 1254 4978; x_wconf 82' lang='grc' dir='ltr'>σεκρέτοις</span> <span class='ocrx_word' id='word_1_553' title='bbox 1289 4909 1732 4981; x_wconf 83' lang='grc' dir='ltr'>παρακελεύεται</span> <span class='ocrx_word' id='word_1_554' title='bbox 1761 4911 1898 4980; x_wconf 77' lang='grc' dir='ltr'>μετὰ</span> <span class='ocrx_word' id='word_1_555' title='bbox 1947 4911 2012 4964; x_wconf 81' lang='grc' dir='ltr'><strong>τὸ</strong></span> 
     </span>
    </p>
   </div>
   <div class='ocr_carea' id='block_1_82' title="bbox 455 5001 1196 5072">
    <p class='ocr_par' dir='ltr' id='par_1_82' title="bbox 455 5001 1196 5072">
     <span class='ocr_line' id='line_1_82' title="bbox 455 5001 1196 5072; baseline -0.007 -15"><span class='ocrx_word' id='word_1_556' title='bbox 455 5001 738 5072; x_wconf 85' lang='grc' dir='ltr'>προοίμιον</span> <span class='ocrx_word' id='word_1_557' title='bbox 772 5003 946 5056; x_wconf 83' lang='grc' dir='ltr'>ταῦτα</span> <span class='ocrx_word' id='word_1_558' title='bbox 980 5003 1158 5071; x_wconf 75' lang='grc' dir='ltr'>ῥητῶς</span> <span class='ocrx_word' id='word_1_559' title='bbox 1181 5016 1196 5033; x_wconf 77' lang='grc' dir='ltr'><strong><em>ο</em></strong></span> 
     </span>
    </p>
   </div>
   <div class='ocr_carea' id='block_1_83' title="bbox 528 5089 2016 5164">
    <p class='ocr_par' dir='ltr' id='par_1_83' title="bbox 528 5089 2016 5164">
     <span class='ocr_line' id='line_1_83' title="bbox 528 5089 2016 5164; baseline -0.004 -18"><span class='ocrx_word' id='word_1_560' title='bbox 528 5094 770 5163; x_wconf 80' lang='grc' dir='ltr'>Ἔφθασε</span> <span class='ocrx_word' id='word_1_561' title='bbox 802 5094 900 5163; x_wconf 80' lang='grc' dir='ltr'>μὲν</span> <span class='ocrx_word' id='word_1_562' title='bbox 922 5089 1016 5146; x_wconf 82' lang='grc' dir='ltr'><strong>οὖν</strong></span> <span class='ocrx_word' id='word_1_563' title='bbox 1046 5093 1150 5163; x_wconf 76' lang='grc' dir='ltr'><strong>πρὸ</strong></span> <span class='ocrx_word' id='word_1_564' title='bbox 1176 5093 1386 5163; x_wconf 85' lang='grc' dir='ltr'>χρόνων</span> <span class='ocrx_word' id='word_1_565' title='bbox 1415 5093 1578 5147; x_wconf 83' lang='grc' dir='ltr'>τινῶν</span> <span class='ocrx_word' id='word_1_566' title='bbox 1624 5092 2016 5164; x_wconf 78' lang='grc' dir='ltr'>χρυσόόουλλον</span> 
     </span>
    </p>
   </div>
   <div class='ocr_carea' id='block_1_84' title="bbox 448 5182 2016 5259">
    <p class='ocr_par' dir='ltr' id='par_1_84' title="bbox 448 5182 2016 5259">
     <span class='ocr_line' id='line_1_84' title="bbox 448 5182 2016 5259; baseline -0.004 -19"><span class='ocrx_word' id='word_1_567' title='bbox 448 5185 611 5253; x_wconf 85' lang='grc' dir='ltr'>λόγον</span> <span class='ocrx_word' id='word_1_568' title='bbox 634 5184 1031 5254; x_wconf 78' lang='grc' dir='ltr'>ὲπιϐραϐεὗσαι</span> <span class='ocrx_word' id='word_1_569' title='bbox 1062 5184 1177 5247; x_wconf 80' lang='grc' dir='ltr'>τοῖς</span> <span class='ocrx_word' id='word_1_570' title='bbox 1202 5201 1261 5236; x_wconf 83' lang='grc' dir='ltr'><strong>τε</strong></span> <span class='ocrx_word' id='word_1_571' title='bbox 1289 5183 1413 5236; x_wconf 84' lang='grc' dir='ltr'>κατ’</span> <span class='ocrx_word' id='word_1_572' title='bbox 1441 5183 1608 5259; x_wconf 78' lang='grc' dir='ltr'>αὐτὴν</span> <span class='ocrx_word' id='word_1_573' title='bbox 1637 5187 1736 5254; x_wconf 79' lang='grc' dir='ltr'><strong>τὴν</strong></span> <span class='ocrx_word' id='word_1_574' title='bbox 1769 5182 2016 5251; x_wconf 81' lang='grc' dir='ltr'>βασιλίδα</span> 
     </span>
    </p>
   </div>
   <div class='ocr_carea' id='block_1_85' title="bbox 450 5272 2012 5347">
    <p class='ocr_par' dir='ltr' id='par_1_85' title="bbox 450 5272 2012 5347">
     <span class='ocr_line' id='line_1_85' title="bbox 450 5272 2012 5347; baseline -0.004 -14"><span class='ocrx_word' id='word_1_575' title='bbox 450 5272 562 5333; x_wconf 84' lang='grc' dir='ltr'><strong>τῶν</strong></span> <span class='ocrx_word' id='word_1_576' title='bbox 591 5277 794 5330; x_wconf 86' lang='grc' dir='ltr'>πόλεων</span> <span class='ocrx_word' id='word_1_577' title='bbox 811 5276 1172 5347; x_wconf 82' lang='grc' dir='ltr'>διακειμένοις</span> <span class='ocrx_word' id='word_1_578' title='bbox 1195 5277 1581 5345; x_wconf 84' lang='grc' dir='ltr'>εύαγεστάτοις</span> <span class='ocrx_word' id='word_1_579' title='bbox 1609 5277 2012 5346; x_wconf 79' lang='grc' dir='ltr'>μοναστηρίοις,</span> 
     </span>
    </p>
   </div>
   <div class='ocr_carea' id='block_1_86' title="bbox 455 5366 2006 5438">
    <p class='ocr_par' dir='ltr' id='par_1_86' title="bbox 455 5366 2006 5438">
     <span class='ocr_line' id='line_1_86' title="bbox 455 5366 2006 5438; baseline -0.004 -14"><span class='ocrx_word' id='word_1_580' title='bbox 455 5369 553 5424; x_wconf 70' lang='grc' dir='ltr'><strong>καὶ</strong></span> <span class='ocrx_word' id='word_1_581' title='bbox 583 5371 695 5431; x_wconf 79' lang='grc' dir='ltr'>τοῖς</span> <span class='ocrx_word' id='word_1_582' title='bbox 735 5368 795 5422; x_wconf 79' lang='grc' dir='ltr'><strong>τὸ</strong></span> <span class='ocrx_word' id='word_1_583' title='bbox 827 5368 1042 5421; x_wconf 75' lang='grc' dir='ltr'>δυτικὸν</span> <span class='ocrx_word' id='word_1_584' title='bbox 1080 5367 1246 5438; x_wconf 86' lang='grc' dir='ltr'>μέρος</span> <span class='ocrx_word' id='word_1_585' title='bbox 1267 5366 1362 5420; x_wconf 81' lang='grc' dir='ltr'>τοῦ</span> <span class='ocrx_word' id='word_1_586' title='bbox 1398 5367 1608 5432; x_wconf 79' lang='grc' dir='ltr'>στενοῦ,</span> <span class='ocrx_word' id='word_1_587' title='bbox 1635 5368 1763 5420; x_wconf 79' lang='grc' dir='ltr'>ὅσον</span> <span class='ocrx_word' id='word_1_588' title='bbox 1796 5384 1854 5419; x_wconf 82' lang='grc' dir='ltr'><strong>τε</strong></span> <span class='ocrx_word' id='word_1_589' title='bbox 1883 5369 2006 5420; x_wconf 82' lang='grc' dir='ltr'>κατ’</span> 
     </span>
    </p>
   </div>
   <div class='ocr_carea' id='block_1_87' title="bbox 455 5458 2011 5532">
    <p class='ocr_par' dir='ltr' id='par_1_87' title="bbox 455 5458 2011 5532">
     <span class='ocr_line' id='line_1_87' title="bbox 455 5458 2011 5532; baseline -0.006 -13"><span class='ocrx_word' id='word_1_590' title='bbox 455 5461 716 5532; x_wconf 78' lang='grc' dir='ltr'>ιίγιαλὸν,</span> <span class='ocrx_word' id='word_1_591' title='bbox 749 5461 841 5513; x_wconf 78' lang='grc' dir='ltr'>καὶ</span> <span class='ocrx_word' id='word_1_592' title='bbox 871 5462 996 5513; x_wconf 86' lang='grc' dir='ltr'>ὅσον</span> <span class='ocrx_word' id='word_1_593' title='bbox 1051 5459 1372 5532; x_wconf 67' lang='grc' dir='ltr'><strong>πόρρωθεν⁹</strong></span> <span class='ocrx_word' id='word_1_594' title='bbox 1432 5458 1692 5521; x_wconf 82' lang='grc' dir='ltr'>ὡσαύτως</span> <span class='ocrx_word' id='word_1_595' title='bbox 1749 5461 1842 5512; x_wconf 73' lang='grc' dir='ltr'><strong>καὶ</strong></span> <span class='ocrx_word' id='word_1_596' title='bbox 1895 5463 2011 5522; x_wconf 85' lang='grc' dir='ltr'>τοῖς</span> 
     </span>
    </p>
   </div>
   <div class='ocr_carea' id='block_1_88' title="bbox 454 5550 2011 5623">
    <p class='ocr_par' dir='ltr' id='par_1_88' title="bbox 454 5550 2011 5623">
     <span class='ocr_line' id='line_1_88' title="bbox 454 5550 2011 5623; baseline -0.001 -17"><span class='ocrx_word' id='word_1_597' title='bbox 454 5553 585 5623; x_wconf 76' lang='grc' dir='ltr'>περὶ</span> <span class='ocrx_word' id='word_1_598' title='bbox 621 5553 712 5606; x_wconf 83' lang='grc' dir='ltr'><strong>τὸν</strong></span> <span class='ocrx_word' id='word_1_599' title='bbox 752 5551 952 5605; x_wconf 87' lang='grc' dir='ltr'>κόλπον</span> <span class='ocrx_word' id='word_1_600' title='bbox 985 5552 1083 5622; x_wconf 82' lang='grc' dir='ltr'>τῆς</span> <span class='ocrx_word' id='word_1_601' title='bbox 1140 5550 1500 5621; x_wconf 85' lang='grc' dir='ltr'>Νικομηδίας,</span> <span class='ocrx_word' id='word_1_602' title='bbox 1554 5551 1648 5603; x_wconf 75' lang='grc' dir='ltr'><strong>καὶ</strong></span> <span class='ocrx_word' id='word_1_603' title='bbox 1707 5551 1868 5622; x_wconf 85' lang='grc' dir='ltr'>μέχρι</span> <span class='ocrx_word' id='word_1_604' title='bbox 1917 5553 2011 5605; x_wconf 77' lang='grc' dir='ltr'>καὶ</span> 
     </span>
    </p>
   </div>
   <div class='ocr_carea' id='block_1_89' title="bbox 457 5641 2010 5715">
    <p class='ocr_par' dir='ltr' id='par_1_89' title="bbox 457 5641 2010 5715">
     <span class='ocr_line' id='line_1_89' title="bbox 457 5641 2010 5715; baseline -0.002 -17"><span class='ocrx_word' id='word_1_605' title='bbox 457 5646 621 5713; x_wconf 66' lang='grc' dir='ltr'>αὐτῆς</span> <span class='ocrx_word' id='word_1_606' title='bbox 646 5645 745 5715; x_wconf 80' lang='grc' dir='ltr'>τῆς</span> <span class='ocrx_word' id='word_1_607' title='bbox 782 5641 1140 5711; x_wconf 81' lang='grc' dir='ltr'>Νικομηδίας,</span> <span class='ocrx_word' id='word_1_608' title='bbox 1197 5645 1291 5696; x_wconf 82' lang='grc' dir='ltr'><strong>καὶ</strong></span> <span class='ocrx_word' id='word_1_609' title='bbox 1326 5644 1439 5705; x_wconf 86' lang='grc' dir='ltr'>τοῖς</span> <span class='ocrx_word' id='word_1_610' title='bbox 1470 5643 1528 5694; x_wconf 83' lang='grc' dir='ltr'>ἐν</span> <span class='ocrx_word' id='word_1_611' title='bbox 1552 5643 1672 5702; x_wconf 85' lang='grc' dir='ltr'>ταῖς</span> <span class='ocrx_word' id='word_1_612' title='bbox 1711 5644 1913 5710; x_wconf 79' lang='grc' dir='ltr'>νήσοις,</span> <span class='ocrx_word' id='word_1_613' title='bbox 1946 5645 2010 5714; x_wconf 85' lang='grc' dir='ltr'>τῇ</span> 
     </span>
    </p>
   </div>
   <div class='ocr_carea' id='block_1_90' title="bbox 465 5731 2007 5807">
    <p class='ocr_par' dir='ltr' id='par_1_90' title="bbox 465 5731 2007 5807">
     <span class='ocr_line' id='line_1_90' title="bbox 465 5731 2007 5807; baseline -0.003 -19"><span class='ocrx_word' id='word_1_614' title='bbox 465 5731 666 5807; x_wconf 77' lang='grc' dir='ltr'>Ὀξείᾳ,</span> <span class='ocrx_word' id='word_1_615' title='bbox 701 5737 765 5806; x_wconf 71' lang='grc' dir='ltr'><strong>τῃ</strong></span> <span class='ocrx_word' id='word_1_616' title='bbox 798 5731 1016 5804; x_wconf 74' lang='grc' dir='ltr'>Πρώτη,</span> <span class='ocrx_word' id='word_1_617' title='bbox 1043 5734 1110 5803; x_wconf 81' lang='grc' dir='ltr'>τῇ</span> <span class='ocrx_word' id='word_1_618' title='bbox 1147 5733 1358 5805; x_wconf 78' lang='grc' dir='ltr'>Χάλκη,</span> <span class='ocrx_word' id='word_1_619' title='bbox 1390 5736 1455 5804; x_wconf 78' lang='grc' dir='ltr'><strong>τῇ</strong></span> <span class='ocrx_word' id='word_1_620' title='bbox 1489 5731 1696 5802; x_wconf 77' lang='grc' dir='ltr'>Πλάτῃ,</span> <span class='ocrx_word' id='word_1_621' title='bbox 1737 5736 1802 5802; x_wconf 83' lang='grc' dir='ltr'>τῇ</span> <span class='ocrx_word' id='word_1_622' title='bbox 1845 5732 2007 5805; x_wconf 79' lang='grc' dir='ltr'>’Λγίᾳ</span> 
     </span>
    </p>
   </div>
   <div class='ocr_carea' id='block_1_91' title="bbox 2127 3156 3696 3232">
    <p class='ocr_par' dir='ltr' id='par_1_91' title="bbox 2127 3156 3696 3232">
     <span class='ocr_line' id='line_1_91' title="bbox 2127 3156 3696 3232; baseline -0.006 -14"><span class='ocrx_word' id='word_1_623' title='bbox 2127 3178 2258 3232; x_wconf 81' lang='lat' dir='ltr'><strong>ergo</strong></span> <span class='ocrx_word' id='word_1_624' title='bbox 2291 3170 2346 3215; x_wconf 89' lang='lat' dir='ltr'><strong>et</strong></span> <span class='ocrx_word' id='word_1_625' title='bbox 2381 3169 2572 3216; x_wconf 87' lang='lat' dir='ltr'><strong>sancto</strong></span> <span class='ocrx_word' id='word_1_626' title='bbox 2626 3169 2823 3213; x_wconf 87' lang='lat' dir='ltr'><strong>nostro</strong></span> <span class='ocrx_word' id='word_1_627' title='bbox 2879 3156 3190 3227; x_wconf 85' lang='lat' dir='ltr'><strong>imperatori</strong></span> <span class='ocrx_word' id='word_1_628' title='bbox 3240 3156 3429 3228; x_wconf 65' lang='lat' dir='ltr'><strong>gratiae</strong></span> <span class='ocrx_word' id='word_1_629' title='bbox 3478 3156 3696 3225; x_wconf 67' lang='lat' dir='ltr'><strong>agenda:</strong></span> 
     </span>
    </p>
   </div>
   <div class='ocr_carea' id='block_1_92' title="bbox 2127 3247 3696 3323">
    <p class='ocr_par' dir='ltr' id='par_1_92' title="bbox 2127 3247 3696 3323">
     <span class='ocr_line' id='line_1_92' title="bbox 2127 3247 3696 3323; baseline -0.006 -15"><span class='ocrx_word' id='word_1_630' title='bbox 2127 3264 2276 3314; x_wconf 76' lang='lat' dir='ltr'><strong>sunt,</strong></span> <span class='ocrx_word' id='word_1_631' title='bbox 2312 3253 2430 3323; x_wconf 86' lang='lat' dir='ltr'><strong>qui,</strong></span> <span class='ocrx_word' id='word_1_632' title='bbox 2460 3261 2517 3304; x_wconf 91' lang='lat' dir='ltr'><strong>ut</strong></span> <span class='ocrx_word' id='word_1_633' title='bbox 2547 3251 2663 3304; x_wconf 85' lang='lat' dir='ltr'><strong>vult</strong></span> <span class='ocrx_word' id='word_1_634' title='bbox 2691 3251 3023 3319; x_wconf 81' lang='lat' dir='ltr'><strong>apostolicus</strong></span> <span class='ocrx_word' id='word_1_635' title='bbox 3053 3263 3226 3302; x_wconf 89' lang='lat' dir='ltr'><strong>canon</strong></span> <span class='ocrx_word' id='word_1_636' title='bbox 3256 3256 3309 3301; x_wconf 90' lang='lat' dir='ltr'><strong>et</strong></span> <span class='ocrx_word' id='word_1_637' title='bbox 3344 3249 3455 3301; x_wconf 62' lang='lat' dir='ltr'><strong>haec</strong></span> <span class='ocrx_word' id='word_1_638' title='bbox 3490 3247 3696 3301; x_wconf 79' lang='lat' dir='ltr'><strong>consti-</strong></span> 
     </span>
    </p>
   </div>
   <div class='ocr_carea' id='block_1_93' title="bbox 2128 3341 3699 3412">
    <p class='ocr_par' dir='ltr' id='par_1_93' title="bbox 2128 3341 3699 3412">
     <span class='ocr_line' id='line_1_93' title="bbox 2128 3341 3699 3412; baseline -0.006 -12"><span class='ocrx_word' id='word_1_639' title='bbox 2128 3348 2288 3411; x_wconf 90' lang='lat' dir='ltr'><strong>tutio,</strong></span> <span class='ocrx_word' id='word_1_640' title='bbox 2315 3345 2671 3401; x_wconf 87' lang='lat' dir='ltr'><strong>ecclesiarum</strong></span> <span class='ocrx_word' id='word_1_641' title='bbox 2696 3344 3047 3412; x_wconf 84' lang='lat' dir='ltr'><strong>civitatisque</strong></span> <span class='ocrx_word' id='word_1_642' title='bbox 3097 3341 3560 3396; x_wconf 89' lang='lat' dir='ltr'><strong>monasteriorum</strong></span> <span class='ocrx_word' id='word_1_643' title='bbox 3597 3341 3699 3392; x_wconf 85' lang='lat' dir='ltr'><strong>im—</strong></span> 
     </span>
    </p>
   </div>
   <div class='ocr_carea' id='block_1_94' title="bbox 2128 3435 3696 3504">
    <p class='ocr_par' dir='ltr' id='par_1_94' title="bbox 2128 3435 3696 3504">
     <span class='ocr_line' id='line_1_94' title="bbox 2128 3435 3696 3504; baseline -0.008 -8"><span class='ocrx_word' id='word_1_644' title='bbox 2128 3440 2349 3496; x_wconf 86' lang='lat' dir='ltr'><strong>mobilia</strong></span> <span class='ocrx_word' id='word_1_645' title='bbox 2383 3459 2411 3492; x_wconf 83' lang='lat' dir='ltr'><strong>a</strong></span> <span class='ocrx_word' id='word_1_646' title='bbox 2468 3453 2630 3491; x_wconf 87' lang='lat' dir='ltr'><strong>manu</strong></span> <span class='ocrx_word' id='word_1_647' title='bbox 2687 3437 2799 3491; x_wconf 90' lang='lat' dir='ltr'><strong>ﬁsci</strong></span> <span class='ocrx_word' id='word_1_648' title='bbox 2847 3452 2940 3490; x_wconf 76' lang='lat' dir='ltr'><strong>seu</strong></span> <span class='ocrx_word' id='word_1_649' title='bbox 2997 3435 3220 3504; x_wconf 89' lang='lat' dir='ltr'><strong>publici,</strong></span> <span class='ocrx_word' id='word_1_650' title='bbox 3253 3449 3348 3502; x_wconf 91' lang='lat' dir='ltr'><strong>per</strong></span> <span class='ocrx_word' id='word_1_651' title='bbox 3383 3444 3493 3488; x_wconf 85' lang='lat' dir='ltr'><strong>tres</strong></span> <span class='ocrx_word' id='word_1_652' title='bbox 3527 3448 3696 3485; x_wconf 81' lang='lat' dir='ltr'><strong>sacra:</strong></span> 
     </span>
    </p>
   </div>
   <div class='ocr_carea' id='block_1_95' title="bbox 2127 3527 3696 3602">
    <p class='ocr_par' dir='ltr' id='par_1_95' title="bbox 2127 3527 3696 3602">
     <span class='ocr_line' id='line_1_95' title="bbox 2127 3527 3696 3602; baseline -0.007 -13"><span class='ocrx_word' id='word_1_653' title='bbox 2127 3532 2250 3589; x_wconf 77' lang='lat' dir='ltr'><strong>suae</strong></span> <span class='ocrx_word' id='word_1_654' title='bbox 2289 3531 2594 3602; x_wconf 71' lang='lat' dir='ltr'><strong>maiestatis</strong></span> <span class='ocrx_word' id='word_1_655' title='bbox 2629 3545 2825 3584; x_wconf 88' lang='lat' dir='ltr'><strong>aureas</strong></span> <span class='ocrx_word' id='word_1_656' title='bbox 2880 3529 3082 3592; x_wconf 89' lang='lat' dir='ltr'><strong>bullas,</strong></span> <span class='ocrx_word' id='word_1_657' title='bbox 3149 3529 3346 3582; x_wconf 86' lang='lat' dir='ltr'><strong>intacta</strong></span> <span class='ocrx_word' id='word_1_658' title='bbox 3385 3536 3438 3580; x_wconf 92' lang='lat' dir='ltr'><strong>ct</strong></span> <span class='ocrx_word' id='word_1_659' title='bbox 3485 3527 3696 3596; x_wconf 78' lang='lat' dir='ltr'><strong>integra</strong></span> 
     </span>
    </p>
   </div>
   <div class='ocr_carea' id='block_1_96' title="bbox 2124 3618 3692 3693">
    <p class='ocr_par' dir='ltr' id='par_1_96' title="bbox 2124 3618 3692 3693">
     <span class='ocr_line' id='line_1_96' title="bbox 2124 3618 3692 3693; baseline -0.006 -13"><span class='ocrx_word' id='word_1_660' title='bbox 2124 3626 2472 3680; x_wconf 86' lang='lat' dir='ltr'><strong>conservavit</strong></span> <span class='ocrx_word' id='word_1_661' title='bbox 2506 3641 2519 3678; x_wconf 93' lang='lat'><strong>:</strong></span> <span class='ocrx_word' id='word_1_662' title='bbox 2558 3639 2791 3693; x_wconf 88' lang='lat' dir='ltr'><strong>quarum</strong></span> <span class='ocrx_word' id='word_1_663' title='bbox 2835 3624 3007 3676; x_wconf 88' lang='lat' dir='ltr'><strong>altera</strong></span> <span class='ocrx_word' id='word_1_664' title='bbox 3042 3621 3260 3692; x_wconf 88' lang='lat' dir='ltr'><strong>quidem</strong></span> <span class='ocrx_word' id='word_1_665' title='bbox 3311 3618 3454 3674; x_wconf 84' lang='lat' dir='ltr'><strong>Julio</strong></span> <span class='ocrx_word' id='word_1_666' title='bbox 3489 3635 3692 3680; x_wconf 86' lang='lat' dir='ltr'><strong>mense,</strong></span> 
     </span>
    </p>
   </div>
   <div class='ocr_carea' id='block_1_97' title="bbox 2128 3711 3694 3780">
    <p class='ocr_par' dir='ltr' id='par_1_97' title="bbox 2128 3711 3694 3780">
     <span class='ocr_line' id='line_1_97' title="bbox 2128 3711 3694 3780; baseline -0.005 -8"><span class='ocrx_word' id='word_1_667' title='bbox 2128 3718 2427 3772; x_wconf 70' lang='lat' dir='ltr'><strong>indictione</strong></span> <span class='ocrx_word' id='word_1_668' title='bbox 2457 3717 2510 3780; x_wconf 86' lang='lat' dir='ltr'><strong>l,</strong></span> <span class='ocrx_word' id='word_1_669' title='bbox 2568 3731 2713 3769; x_wconf 91' lang='lat' dir='ltr'><strong>anno</strong></span> <span class='ocrx_word' id='word_1_670' title='bbox 2741 3714 2880 3768; x_wconf 69' lang='grc'>6654</span> <span class='ocrx_word' id='word_1_671' title='bbox 2932 3713 3074 3768; x_wconf 77' lang='lat' dir='ltr'><strong>facta</strong></span> <span class='ocrx_word' id='word_1_672' title='bbox 3136 3721 3240 3776; x_wconf 90' lang='lat' dir='ltr'><strong>est,</strong></span> <span class='ocrx_word' id='word_1_673' title='bbox 3285 3720 3339 3766; x_wconf 88' lang='lat' dir='ltr'><strong>et</strong></span> <span class='ocrx_word' id='word_1_674' title='bbox 3394 3711 3694 3776; x_wconf 81' lang='lat' dir='ltr'><strong>constituit,</strong></span> 
     </span>
    </p>
   </div>
   <div class='ocr_carea' id='block_1_98' title="bbox 2124 3803 3693 3876">
    <p class='ocr_par' dir='ltr' id='par_1_98' title="bbox 2124 3803 3693 3876">
     <span class='ocr_line' id='line_1_98' title="bbox 2124 3803 3693 3876; baseline -0.006 -14"><span class='ocrx_word' id='word_1_675' title='bbox 2124 3825 2234 3862; x_wconf 89' lang='lat' dir='ltr'><strong>non</strong></span> <span class='ocrx_word' id='word_1_676' title='bbox 2261 3807 2380 3861; x_wconf 64' lang='lat' dir='ltr'><strong>lardi</strong></span> <span class='ocrx_word' id='word_1_677' title='bbox 2413 3807 2768 3870; x_wconf 76' lang='lat' dir='ltr'><strong>monasteria,</strong></span> <span class='ocrx_word' id='word_1_678' title='bbox 2825 3822 2890 3858; x_wconf 90' lang='lat' dir='ltr'><strong>eo</strong></span> <span class='ocrx_word' id='word_1_679' title='bbox 2941 3805 3084 3874; x_wconf 91' lang='lat' dir='ltr'><strong>quod</strong></span> <span class='ocrx_word' id='word_1_680' title='bbox 3132 3804 3278 3872; x_wconf 86' lang='lat' dir='ltr'><strong>jura,</strong></span> <span class='ocrx_word' id='word_1_681' title='bbox 3311 3819 3430 3872; x_wconf 65' lang='lat' dir='ltr'><strong>quae</strong></span> <span class='ocrx_word' id='word_1_682' title='bbox 3461 3803 3564 3876; x_wconf 72' lang='lat' dir='ltr'><strong>illis</strong></span> <span class='ocrx_word' id='word_1_683' title='bbox 3599 3805 3693 3856; x_wconf 88' lang='lat' dir='ltr'><strong>ad-</strong></span> 
     </span>
    </p>
   </div>
   <div class='ocr_carea' id='block_1_99' title="bbox 2124 3897 3692 3968">
    <p class='ocr_par' dir='ltr' id='par_1_99' title="bbox 2124 3897 3692 3968">
     <span class='ocr_line' id='line_1_99' title="bbox 2124 3897 3692 3968; baseline -0.001 -14"><span class='ocrx_word' id='word_1_684' title='bbox 2124 3909 2272 3964; x_wconf 91' lang='lat' dir='ltr'><strong>sunt,</strong></span> <span class='ocrx_word' id='word_1_685' title='bbox 2309 3900 2363 3952; x_wconf 93' lang='lat' dir='ltr'><strong>in</strong></span> <span class='ocrx_word' id='word_1_686' title='bbox 2395 3899 2582 3968; x_wconf 83' lang='lat' dir='ltr'><strong>aliquo</strong></span> <span class='ocrx_word' id='word_1_687' title='bbox 2610 3899 2755 3953; x_wconf 83' lang='lat' dir='ltr'><strong>forte</strong></span> <span class='ocrx_word' id='word_1_688' title='bbox 2783 3898 2972 3951; x_wconf 87' lang='lat' dir='ltr'><strong>mutila</strong></span> <span class='ocrx_word' id='word_1_689' title='bbox 3005 3897 3116 3952; x_wconf 81' lang='lat' dir='ltr'><strong>sint</strong></span> <span class='ocrx_word' id='word_1_690' title='bbox 3146 3905 3201 3951; x_wconf 90' lang='lat' dir='ltr'><strong>et</strong></span> <span class='ocrx_word' id='word_1_691' title='bbox 3238 3897 3556 3966; x_wconf 80' lang='lat' dir='ltr'><strong>imperfecta</strong></span> <span class='ocrx_word' id='word_1_692' title='bbox 3593 3912 3606 3950; x_wconf 91' lang='lat'><strong>:</strong></span> <span class='ocrx_word' id='word_1_693' title='bbox 3641 3908 3692 3952; x_wconf 92' lang='lat' dir='ltr'><strong>et</strong></span> 
     </span>
    </p>
   </div>
   <div class='ocr_carea' id='block_1_100' title="bbox 2120 3986 3692 4052">
    <p class='ocr_par' dir='ltr' id='par_1_100' title="bbox 2120 3986 3692 4052">
     <span class='ocr_line' id='line_1_100' title="bbox 2120 3986 3692 4052; baseline -0.003 -7"><span class='ocrx_word' id='word_1_694' title='bbox 2120 3990 2361 4045; x_wconf 86' lang='lat' dir='ltr'><strong>secunda</strong></span> <span class='ocrx_word' id='word_1_695' title='bbox 2395 4005 2580 4044; x_wconf 90' lang='lat' dir='ltr'><strong>mense</strong></span> <span class='ocrx_word' id='word_1_696' title='bbox 2605 3987 2847 4052; x_wconf 89' lang='lat' dir='ltr'><strong>Octobri,</strong></span> <span class='ocrx_word' id='word_1_697' title='bbox 2909 3989 3207 4041; x_wconf 92' lang='lat' dir='ltr'><strong>indictione</strong></span> <span class='ocrx_word' id='word_1_698' title='bbox 3240 3987 3295 4049; x_wconf 90' lang='lat'><strong>7,</strong></span> <span class='ocrx_word' id='word_1_699' title='bbox 3353 4003 3497 4040; x_wconf 89' lang='lat' dir='ltr'><strong>anno</strong></span> <span class='ocrx_word' id='word_1_700' title='bbox 3531 3986 3692 4051; x_wconf 76' lang='lat'><strong>6665,</strong></span> 
     </span>
    </p>
   </div>
   <div class='ocr_carea' id='block_1_101' title="bbox 2123 4078 3692 4160">
    <p class='ocr_par' dir='ltr' id='par_1_101' title="bbox 2123 4078 3692 4160">
     <span class='ocr_line' id='line_1_101' title="bbox 2123 4078 3692 4160; baseline -0.005 -20"><span class='ocrx_word' id='word_1_701' title='bbox 2123 4085 2323 4141; x_wconf 87' lang='lat' dir='ltr'><strong>emissa</strong></span> <span class='ocrx_word' id='word_1_702' title='bbox 2353 4092 2456 4149; x_wconf 90' lang='lat' dir='ltr'><strong>est,</strong></span> <span class='ocrx_word' id='word_1_703' title='bbox 2492 4091 2540 4136; x_wconf 93' lang='lat' dir='ltr'><strong>et</strong></span> <span class='ocrx_word' id='word_1_704' title='bbox 2570 4082 2728 4152; x_wconf 86' lang='lat' dir='ltr'><strong>jubet</strong></span> <span class='ocrx_word' id='word_1_705' title='bbox 2758 4081 3088 4134; x_wconf 89' lang='lat' dir='ltr'><strong>monasteria</strong></span> <span class='ocrx_word' id='word_1_706' title='bbox 3137 4078 3404 4160; x_wconf 74' lang='lat' dir='ltr'><strong>iudivulse</strong></span> <span class='ocrx_word' id='word_1_707' title='bbox 3441 4089 3495 4132; x_wconf 92' lang='lat' dir='ltr'><strong>et</strong></span> <span class='ocrx_word' id='word_1_708' title='bbox 3546 4081 3692 4132; x_wconf 87' lang='lat' dir='ltr'><strong>inse-</strong></span> 
     </span>
    </p>
   </div>
   <div class='ocr_carea' id='block_1_102' title="bbox 2123 4171 3690 4247">
    <p class='ocr_par' dir='ltr' id='par_1_102' title="bbox 2123 4171 3690 4247">
     <span class='ocr_line' id='line_1_102' title="bbox 2123 4171 3690 4247; baseline -0.003 -19"><span class='ocrx_word' id='word_1_709' title='bbox 2123 4176 2441 4246; x_wconf 88' lang='lat' dir='ltr'><strong>parabiliter</strong></span> <span class='ocrx_word' id='word_1_710' title='bbox 2471 4190 2570 4229; x_wconf 89' lang='lat' dir='ltr'><strong>sua</strong></span> <span class='ocrx_word' id='word_1_711' title='bbox 2604 4172 3169 4247; x_wconf 34' lang='lat' dir='ltr'><strong>haberelimtnobilia:</strong></span> <span class='ocrx_word' id='word_1_712' title='bbox 3217 4171 3430 4225; x_wconf 86' lang='lat' dir='ltr'><strong>etiamsi</strong></span> <span class='ocrx_word' id='word_1_713' title='bbox 3465 4171 3690 4236; x_wconf 53' lang='lat' dir='ltr'><strong>notitiae,</strong></span> 
     </span>
    </p>
   </div>
   <div class='ocr_carea' id='block_1_103' title="bbox 2122 4263 3690 4339">
    <p class='ocr_par' dir='ltr' id='par_1_103' title="bbox 2122 4263 3690 4339">
     <span class='ocr_line' id='line_1_103' title="bbox 2122 4263 3690 4339; baseline -0.004 -17"><span class='ocrx_word' id='word_1_714' title='bbox 2122 4284 2244 4339; x_wconf 68' lang='lat' dir='ltr'><strong>quae</strong></span> <span class='ocrx_word' id='word_1_715' title='bbox 2272 4282 2369 4337; x_wconf 90' lang='lat' dir='ltr'><strong>pro</strong></span> <span class='ocrx_word' id='word_1_716' title='bbox 2394 4267 2519 4335; x_wconf 87' lang='lat' dir='ltr'><strong>jure</strong></span> <span class='ocrx_word' id='word_1_717' title='bbox 2546 4265 2664 4320; x_wconf 84' lang='lat' dir='ltr'><strong>ﬁsci</strong></span> <span class='ocrx_word' id='word_1_718' title='bbox 2688 4265 2920 4327; x_wconf 85' lang='lat' dir='ltr'><strong>laciunt,</strong></span> <span class='ocrx_word' id='word_1_719' title='bbox 2954 4279 2982 4317; x_wconf 88' lang='lat' dir='ltr'><strong>a</strong></span> <span class='ocrx_word' id='word_1_720' title='bbox 3015 4278 3214 4318; x_wconf 85' lang='lat' dir='ltr'><strong>census</strong></span> <span class='ocrx_word' id='word_1_721' title='bbox 3255 4263 3690 4336; x_wconf 83' lang='lat' dir='ltr'><strong>descriptoribus</strong></span> 
     </span>
    </p>
   </div>
   <div class='ocr_carea' id='block_1_104' title="bbox 2121 4355 3690 4428">
    <p class='ocr_par' dir='ltr' id='par_1_104' title="bbox 2121 4355 3690 4428">
     <span class='ocr_line' id='line_1_104' title="bbox 2121 4355 3690 4428; baseline -0.006 -11"><span class='ocrx_word' id='word_1_722' title='bbox 2121 4364 2203 4417; x_wconf 91' lang='lat' dir='ltr'><strong>eis</strong></span> <span class='ocrx_word' id='word_1_723' title='bbox 2233 4361 2370 4415; x_wconf 78' lang='lat' dir='ltr'><strong>datae</strong></span> <span class='ocrx_word' id='word_1_724' title='bbox 2401 4362 2531 4424; x_wconf 89' lang='lat' dir='ltr'><strong>sint,</strong></span> <span class='ocrx_word' id='word_1_725' title='bbox 2577 4374 2696 4428; x_wconf 76' lang='lat' dir='ltr'><strong>qua:</strong></span> <span class='ocrx_word' id='word_1_726' title='bbox 2758 4359 2849 4412; x_wconf 93' lang='lat' dir='ltr'><strong>hic</strong></span> <span class='ocrx_word' id='word_1_727' title='bbox 2882 4357 3001 4412; x_wconf 65' lang='lat' dir='ltr'><strong>sitae</strong></span> <span class='ocrx_word' id='word_1_728' title='bbox 3049 4372 3158 4410; x_wconf 91' lang='lat' dir='ltr'><strong>non</strong></span> <span class='ocrx_word' id='word_1_729' title='bbox 3197 4364 3351 4422; x_wconf 74' lang='lat' dir='ltr'><strong>sunt,</strong></span> <span class='ocrx_word' id='word_1_730' title='bbox 3399 4355 3547 4425; x_wconf 81' lang='lat' dir='ltr'><strong>quod</strong></span> <span class='ocrx_word' id='word_1_731' title='bbox 3584 4371 3690 4409; x_wconf 90' lang='lat' dir='ltr'><strong>non</strong></span> 
     </span>
    </p>
   </div>
   <div class='ocr_carea' id='block_1_105' title="bbox 2120 4432 3689 4526">
    <p class='ocr_par' dir='ltr' id='par_1_105' title="bbox 2120 4432 3689 4526">
     <span class='ocr_line' id='line_1_105' title="bbox 2120 4432 3689 4526; baseline -0.006 -16"><span class='ocrx_word' id='word_1_732' title='bbox 2120 4467 2383 4526; x_wconf 87' lang='lat' dir='ltr'><strong>perpetua</strong></span> <span class='ocrx_word' id='word_1_733' title='bbox 2422 4456 2606 4508; x_wconf 91' lang='lat' dir='ltr'><strong>cautio</strong></span> <span class='ocrx_word' id='word_1_734' title='bbox 2632 4459 2685 4506; x_wconf 91' lang='lat' dir='ltr'><strong>et</strong></span> <span class='ocrx_word' id='word_1_735' title='bbox 2711 4451 2916 4505; x_wconf 91' lang='lat' dir='ltr'><strong>utilitas</strong></span> <span class='ocrx_word' id='word_1_736' title='bbox 2959 4449 3315 4504; x_wconf 87' lang='lat' dir='ltr'><strong>monasteriis</strong></span> <span class='ocrx_word' id='word_1_737' title='bbox 3337 4464 3413 4508; x_wconf 78' lang='lat' dir='ltr'><strong>ex</strong></span> <span class='ocrx_word' id='word_1_738' title='bbox 3459 4432 3528 4502; x_wconf 80' lang='lat' dir='ltr'><strong>iis</strong></span> <span class='ocrx_word' id='word_1_739' title='bbox 3559 4465 3689 4517; x_wconf 84' lang='lat' dir='ltr'><strong>sup-</strong></span> 
     </span>
    </p>
   </div>
   <div class='ocr_carea' id='block_1_106' title="bbox 2116 4542 3689 4619">
    <p class='ocr_par' dir='ltr' id='par_1_106' title="bbox 2116 4542 3689 4619">
     <span class='ocr_line' id='line_1_106' title="bbox 2116 4542 3689 4619; baseline -0.009 -14"><span class='ocrx_word' id='word_1_740' title='bbox 2116 4549 2406 4619; x_wconf 84' lang='lat' dir='ltr'><strong>peditetur,</strong></span> <span class='ocrx_word' id='word_1_741' title='bbox 2435 4547 2529 4602; x_wconf 84' lang='lat' dir='ltr'><strong>sed</strong></span> <span class='ocrx_word' id='word_1_742' title='bbox 2564 4545 2873 4614; x_wconf 87' lang='lat' dir='ltr'><strong>temporalis</strong></span> <span class='ocrx_word' id='word_1_743' title='bbox 2903 4562 2916 4599; x_wconf 89' lang='lat'><strong>:</strong></span> <span class='ocrx_word' id='word_1_744' title='bbox 2953 4546 3058 4598; x_wconf 87' lang='lat' dir='ltr'><strong>alia</strong></span> <span class='ocrx_word' id='word_1_745' title='bbox 3091 4559 3222 4598; x_wconf 87' lang='lat' dir='ltr'><strong>vero</strong></span> <span class='ocrx_word' id='word_1_746' title='bbox 3258 4558 3443 4596; x_wconf 86' lang='lat' dir='ltr'><strong>mense</strong></span> <span class='ocrx_word' id='word_1_747' title='bbox 3475 4542 3689 4602; x_wconf 81' lang='lat' dir='ltr'><strong>Martio,</strong></span> 
     </span>
    </p>
   </div>
   <div class='ocr_carea' id='block_1_107' title="bbox 2117 4634 3688 4705">
    <p class='ocr_par' dir='ltr' id='par_1_107' title="bbox 2117 4634 3688 4705">
     <span class='ocr_line' id='line_1_107' title="bbox 2117 4634 3688 4705; baseline -0.004 -10"><span class='ocrx_word' id='word_1_748' title='bbox 2117 4641 2416 4695; x_wconf 85' lang='lat' dir='ltr'><strong>indictione</strong></span> <span class='ocrx_word' id='word_1_749' title='bbox 2445 4641 2498 4705; x_wconf 84' lang='lat'><strong>6,</strong></span> <span class='ocrx_word' id='word_1_750' title='bbox 2527 4654 2671 4692; x_wconf 85' lang='lat' dir='ltr'><strong>anno</strong></span> <span class='ocrx_word' id='word_1_751' title='bbox 2698 4637 2838 4692; x_wconf 87' lang='lat'><strong>6666</strong></span> <span class='ocrx_word' id='word_1_752' title='bbox 2871 4637 3016 4692; x_wconf 88' lang='lat' dir='ltr'><strong>edita</strong></span> <span class='ocrx_word' id='word_1_753' title='bbox 3068 4645 3174 4698; x_wconf 88' lang='lat' dir='ltr'><strong>est,</strong></span> <span class='ocrx_word' id='word_1_754' title='bbox 3223 4643 3278 4688; x_wconf 88' lang='lat' dir='ltr'><strong>et</strong></span> <span class='ocrx_word' id='word_1_755' title='bbox 3331 4635 3382 4687; x_wconf 91' lang='lat' dir='ltr'><strong>in</strong></span> <span class='ocrx_word' id='word_1_756' title='bbox 3437 4634 3688 4688; x_wconf 85' lang='lat' dir='ltr'><strong>omnibus</strong></span> 
     </span>
    </p>
   </div>
   <div class='ocr_carea' id='block_1_108' title="bbox 2118 4727 3688 4804">
    <p class='ocr_par' dir='ltr' id='par_1_108' title="bbox 2118 4727 3688 4804">
     <span class='ocr_line' id='line_1_108' title="bbox 2118 4727 3688 4804; baseline -0.006 -15"><span class='ocrx_word' id='word_1_757' title='bbox 2118 4733 2346 4788; x_wconf 90' lang='lat' dir='ltr'><strong>secretis</strong></span> <span class='ocrx_word' id='word_1_758' title='bbox 2380 4733 2579 4804; x_wconf 88' lang='lat' dir='ltr'><strong>posita,</strong></span> <span class='ocrx_word' id='word_1_759' title='bbox 2616 4747 2736 4803; x_wconf 66' lang='lat' dir='ltr'><strong>quae</strong></span> <span class='ocrx_word' id='word_1_760' title='bbox 2766 4741 2888 4801; x_wconf 88' lang='lat' dir='ltr'><strong>post</strong></span> <span class='ocrx_word' id='word_1_761' title='bbox 2933 4729 3260 4800; x_wconf 64' lang='lat' dir='ltr'><strong>prooemium</strong></span> <span class='ocrx_word' id='word_1_762' title='bbox 3291 4727 3391 4782; x_wconf 67' lang='lat' dir='ltr'><strong>hoc</strong></span> <span class='ocrx_word' id='word_1_763' title='bbox 3436 4741 3688 4796; x_wconf 76' lang='lat' dir='ltr'><strong>expresse</strong></span> 
     </span>
    </p>
   </div>
   <div class='ocr_carea' id='block_1_109' title="bbox 2117 4827 2324 4882">
    <p class='ocr_par' dir='ltr' id='par_1_109' title="bbox 2117 4827 2324 4882">
     <span class='ocr_line' id='line_1_109' title="bbox 2117 4827 2324 4882; baseline -0.019 0"><span class='ocrx_word' id='word_1_764' title='bbox 2117 4827 2283 4882; x_wconf 87' lang='lat' dir='ltr'><strong>edicit</strong></span> <span class='ocrx_word' id='word_1_765' title='bbox 2311 4843 2324 4879; x_wconf 91' lang='lat'>:</span> 
     </span>
    </p>
   </div>
   <div class='ocr_carea' id='block_1_110' title="bbox 2187 5084 3686 5158">
    <p class='ocr_par' dir='ltr' id='par_1_110' title="bbox 2187 5084 3686 5158">
     <span class='ocr_line' id='line_1_110' title="bbox 2187 5084 3686 5158; baseline -0.003 -15"><span class='ocrx_word' id='word_1_766' title='bbox 2187 5090 2407 5158; x_wconf 85' lang='lat' dir='ltr'><strong>Aliquot</strong></span> <span class='ocrx_word' id='word_1_767' title='bbox 2439 5087 2641 5154; x_wconf 78' lang='lat' dir='ltr'><strong>abhinc</strong></span> <span class='ocrx_word' id='word_1_768' title='bbox 2682 5101 2842 5140; x_wconf 88' lang='lat' dir='ltr'><strong>anms</strong></span> <span class='ocrx_word' id='word_1_769' title='bbox 2915 5086 3282 5142; x_wconf 87' lang='lat' dir='ltr'><strong>deﬁnitionem</strong></span> <span class='ocrx_word' id='word_1_770' title='bbox 3333 5101 3494 5140; x_wconf 86' lang='lat' dir='ltr'><strong>aurea</strong></span> <span class='ocrx_word' id='word_1_771' title='bbox 3546 5084 3686 5139; x_wconf 78' lang='lat' dir='ltr'><strong>nulla</strong></span> 
     </span>
    </p>
   </div>
   <div class='ocr_carea' id='block_1_111' title="bbox 2121 5180 3686 5248">
    <p class='ocr_par' dir='ltr' id='par_1_111' title="bbox 2121 5180 3686 5248">
     <span class='ocr_line' id='line_1_111' title="bbox 2121 5180 3686 5248; baseline -0.006 -10"><span class='ocrx_word' id='word_1_772' title='bbox 2121 5184 2388 5238; x_wconf 87' lang='lat' dir='ltr'><strong>munitam</strong></span> <span class='ocrx_word' id='word_1_773' title='bbox 2440 5180 2691 5234; x_wconf 87' lang='lat' dir='ltr'><strong>emittere</strong></span> <span class='ocrx_word' id='word_1_774' title='bbox 2756 5180 3184 5248; x_wconf 83' lang='lat' dir='ltr'><strong>dispensarcque</strong></span> <span class='ocrx_word' id='word_1_775' title='bbox 3237 5181 3498 5248; x_wconf 69' lang='lat' dir='ltr'><strong>przevenit</strong></span> <span class='ocrx_word' id='word_1_776' title='bbox 3572 5193 3686 5230; x_wconf 84' lang='lat' dir='ltr'><strong>mea</strong></span> 
     </span>
    </p>
   </div>
   <div class='ocr_carea' id='block_1_112' title="bbox 2117 5266 3684 5343">
    <p class='ocr_par' dir='ltr' id='par_1_112' title="bbox 2117 5266 3684 5343">
     <span class='ocr_line' id='line_1_112' title="bbox 2117 5266 3684 5343; baseline -0.004 -15"><span class='ocrx_word' id='word_1_777' title='bbox 2117 5276 2399 5343; x_wconf 75' lang='lat' dir='ltr'><strong>tttajestas,</strong></span> <span class='ocrx_word' id='word_1_778' title='bbox 2430 5272 2628 5343; x_wconf 88' lang='lat' dir='ltr'><strong>iisque,</strong></span> <span class='ocrx_word' id='word_1_779' title='bbox 2657 5287 2776 5340; x_wconf 71' lang='lat' dir='ltr'><strong>qua:</strong></span> <span class='ocrx_word' id='word_1_780' title='bbox 2813 5271 2868 5325; x_wconf 90' lang='lat' dir='ltr'><strong>in</strong></span> <span class='ocrx_word' id='word_1_781' title='bbox 2925 5273 3025 5324; x_wconf 85' lang='lat' dir='ltr'><strong>hac</strong></span> <span class='ocrx_word' id='word_1_782' title='bbox 3079 5271 3294 5324; x_wconf 88' lang='lat' dir='ltr'><strong>urbium</strong></span> <span class='ocrx_word' id='word_1_783' title='bbox 3346 5271 3534 5340; x_wconf 85' lang='lat' dir='ltr'><strong>regina</strong></span> <span class='ocrx_word' id='word_1_784' title='bbox 3584 5266 3684 5323; x_wconf 79' lang='lat' dir='ltr'><strong>sita</strong></span> 
     </span>
    </p>
   </div>
   <div class='ocr_carea' id='block_1_113' title="bbox 2118 5359 3684 5442">
    <p class='ocr_par' dir='ltr' id='par_1_113' title="bbox 2118 5359 3684 5442">
     <span class='ocr_line' id='line_1_113' title="bbox 2118 5359 3684 5442; baseline -0.003 -23"><span class='ocrx_word' id='word_1_785' title='bbox 2118 5376 2269 5428; x_wconf 89' lang='lat' dir='ltr'><strong>sunt,</strong></span> <span class='ocrx_word' id='word_1_786' title='bbox 2301 5363 2664 5442; x_wconf 82' lang='lat' dir='ltr'><strong>sanctissimis</strong></span> <span class='ocrx_word' id='word_1_787' title='bbox 2697 5364 3070 5428; x_wconf 87' lang='lat' dir='ltr'><strong>monasteriis,</strong></span> <span class='ocrx_word' id='word_1_788' title='bbox 3104 5375 3158 5417; x_wconf 88' lang='lat' dir='ltr'><strong>et</strong></span> <span class='ocrx_word' id='word_1_789' title='bbox 3202 5364 3268 5417; x_wconf 87' lang='lat' dir='ltr'><strong>iis</strong></span> <span class='ocrx_word' id='word_1_790' title='bbox 3296 5359 3421 5433; x_wconf 71' lang='lat' dir='ltr'><strong>qua:</strong></span> <span class='ocrx_word' id='word_1_791' title='bbox 3462 5371 3590 5415; x_wconf 88' lang='lat' dir='ltr'><strong>sunt</strong></span> <span class='ocrx_word' id='word_1_792' title='bbox 3635 5363 3684 5415; x_wconf 91' lang='lat' dir='ltr'><strong>in</strong></span> 
     </span>
    </p>
   </div>
   <div class='ocr_carea' id='block_1_114' title="bbox 2115 5455 3684 5526">
    <p class='ocr_par' dir='ltr' id='par_1_114' title="bbox 2115 5455 3684 5526">
     <span class='ocr_line' id='line_1_114' title="bbox 2115 5455 3684 5526; baseline -0.002 -15"><span class='ocrx_word' id='word_1_793' title='bbox 2115 5456 2442 5511; x_wconf 84' lang='lat' dir='ltr'><strong>occidentali</strong></span> <span class='ocrx_word' id='word_1_794' title='bbox 2492 5466 2648 5526; x_wconf 87' lang='lat' dir='ltr'><strong>parte</strong></span> <span class='ocrx_word' id='word_1_795' title='bbox 2696 5455 2842 5522; x_wconf 78' lang='lat' dir='ltr'><strong>freti,</strong></span> <span class='ocrx_word' id='word_1_796' title='bbox 2894 5466 3161 5526; x_wconf 90' lang='lat' dir='ltr'><strong>quantum</strong></span> <span class='ocrx_word' id='word_1_797' title='bbox 3202 5465 3290 5510; x_wconf 90' lang='lat' dir='ltr'><strong>est</strong></span> <span class='ocrx_word' id='word_1_798' title='bbox 3328 5457 3382 5510; x_wconf 91' lang='lat' dir='ltr'><strong>in</strong></span> <span class='ocrx_word' id='word_1_799' title='bbox 3424 5455 3607 5508; x_wconf 78' lang='lat' dir='ltr'><strong>littore</strong></span> <span class='ocrx_word' id='word_1_800' title='bbox 3637 5465 3684 5508; x_wconf 84' lang='lat' dir='ltr'><strong>cl</strong></span> 
     </span>
    </p>
   </div>
   <div class='ocr_carea' id='block_1_115' title="bbox 2116 5545 3682 5626">
    <p class='ocr_par' dir='ltr' id='par_1_115' title="bbox 2116 5545 3682 5626">
     <span class='ocr_line' id='line_1_115' title="bbox 2116 5545 3682 5626; baseline -0.003 -22"><span class='ocrx_word' id='word_1_801' title='bbox 2116 5550 2360 5620; x_wconf 80' lang='lat' dir='ltr'><strong>longius;</strong></span> <span class='ocrx_word' id='word_1_802' title='bbox 2383 5548 2636 5605; x_wconf 86' lang='lat' dir='ltr'><strong>similiter</strong></span> <span class='ocrx_word' id='word_1_803' title='bbox 2667 5556 2720 5603; x_wconf 92' lang='lat' dir='ltr'><strong>et</strong></span> <span class='ocrx_word' id='word_1_804' title='bbox 2752 5550 2818 5604; x_wconf 90' lang='lat' dir='ltr'><strong>iis</strong></span> <span class='ocrx_word' id='word_1_805' title='bbox 2838 5565 2956 5619; x_wconf 77' lang='lat' dir='ltr'><strong>qua:</strong></span> <span class='ocrx_word' id='word_1_806' title='bbox 2973 5550 3168 5626; x_wconf 84' lang='lat' dir='ltr'><strong>suntin</strong></span> <span class='ocrx_word' id='word_1_807' title='bbox 3199 5551 3320 5602; x_wconf 90' lang='lat' dir='ltr'><strong>sinu</strong></span> <span class='ocrx_word' id='word_1_808' title='bbox 3342 5545 3682 5600; x_wconf 73' lang='lat' dir='ltr'><strong>Nicomediae.</strong></span> 
     </span>
    </p>
   </div>
   <div class='ocr_carea' id='block_1_116' title="bbox 2117 5629 3681 5713">
    <p class='ocr_par' dir='ltr' id='par_1_116' title="bbox 2117 5629 3681 5713">
     <span class='ocr_line' id='line_1_116' title="bbox 2117 5629 3681 5713; baseline -0.004 -15"><span class='ocrx_word' id='word_1_809' title='bbox 2117 5655 2170 5698; x_wconf 90' lang='lat' dir='ltr'><strong>ct</strong></span> <span class='ocrx_word' id='word_1_810' title='bbox 2208 5659 2380 5712; x_wconf 88' lang='lat' dir='ltr'><strong>usque</strong></span> <span class='ocrx_word' id='word_1_811' title='bbox 2413 5629 2492 5696; x_wconf 62' lang='lat' dir='ltr'><strong>ad</strong></span> <span class='ocrx_word' id='word_1_812' title='bbox 2519 5643 2692 5713; x_wconf 83' lang='lat' dir='ltr'><strong>ipsam</strong></span> <span class='ocrx_word' id='word_1_813' title='bbox 2723 5640 3119 5702; x_wconf 78' lang='lat' dir='ltr'><strong>Nicomediam.</strong></span> <span class='ocrx_word' id='word_1_814' title='bbox 3146 5649 3201 5695; x_wconf 89' lang='lat' dir='ltr'><strong>et</strong></span> <span class='ocrx_word' id='word_1_815' title='bbox 3231 5641 3296 5694; x_wconf 91' lang='lat' dir='ltr'><strong>iis</strong></span> <span class='ocrx_word' id='word_1_816' title='bbox 3319 5655 3439 5707; x_wconf 77' lang='lat' dir='ltr'><strong>quze</strong></span> <span class='ocrx_word' id='word_1_817' title='bbox 3472 5647 3602 5694; x_wconf 90' lang='lat' dir='ltr'><strong>sunt</strong></span> <span class='ocrx_word' id='word_1_818' title='bbox 3632 5637 3681 5692; x_wconf 87' lang='lat' dir='ltr'><strong>iu</strong></span> 
     </span>
    </p>
   </div>
   <div class='ocr_carea' id='block_1_117' title="bbox 2121 5727 3679 5816">
    <p class='ocr_par' dir='ltr' id='par_1_117' title="bbox 2121 5727 3679 5816">
     <span class='ocr_line' id='line_1_117' title="bbox 2121 5727 3679 5816; baseline -0.007 -24"><span class='ocrx_word' id='word_1_819' title='bbox 2121 5735 2337 5804; x_wconf 89' lang='lat' dir='ltr'><strong>insulis,</strong></span> <span class='ocrx_word' id='word_1_820' title='bbox 2362 5735 2530 5801; x_wconf 76' lang='lat' dir='ltr'><strong>Oxea,</strong></span> <span class='ocrx_word' id='word_1_821' title='bbox 2565 5731 2770 5800; x_wconf 88' lang='lat' dir='ltr'><strong>Prima,</strong></span> <span class='ocrx_word' id='word_1_822' title='bbox 2808 5729 3030 5798; x_wconf 87' lang='lat' dir='ltr'><strong>Chalce,</strong></span> <span class='ocrx_word' id='word_1_823' title='bbox 3067 5729 3239 5799; x_wconf 84' lang='lat' dir='ltr'><strong>Platc,</strong></span> <span class='ocrx_word' id='word_1_824' title='bbox 3273 5739 3465 5802; x_wconf 85' lang='lat' dir='ltr'><strong>sancta</strong></span> <span class='ocrx_word' id='word_1_825' title='bbox 3491 5727 3679 5816; x_wconf 71' lang='lat' dir='ltr'><strong>Glyce-</strong></span> 
     </span>
    </p>
   </div>
  </div>
