4056 6392
382 310 485 376 93ῗ

1359 306 1439 366 IN
1482 304 1647 364 CAN.
1678 301 1793 360 XII
1844 296 2053 357 CONC.
2097 294 2205 359 VJI
2247 290 2600 352 (ECUMEN.

3520 279 3629 342 938

391 427 485 481 τὸν
520 425 756 492 ἅπαντα,
793 428 869 490 ὡς
899 424 1070 497 δῶρον
1102 425 1201 494 τῆς
1235 423 1514 493 βασιλείας
1544 436 1668 491 μου,
1706 418 1802 471 καὶ
1848 434 1957 468 καο

2077 411 2240 473 nitur,
2285 408 2642 463 itumohilinm
2670 403 2907 459 detentio
2954 416 3051 473 pro
3104 400 3251 455 omni
3288 398 3446 454 titulo
3472 400 3632 452 debet

395 520 561 590 Octpr
615 511 976 588 φιλοτίμημα.
1031 517 1214 587 Μὸνης
1278 516 1386 585 γὰρ
1438 514 1536 583 τῆς
1590 510 1722 582 παρ’
1774 510 1957 570 αὐτοῖς

384 614 784 683 εὐρισκομένης
812 611 906 664 νῦν
935 611 1172 679 κατοχῆς
1198 609 1306 661 τῶν
1328 607 1598 676 ἁκινῇτων
1632 603 1958 672 ὀφειλούσης

384 706 580 775 ἀρκεῖν
612 704 795 765 αὐτοῖς
843 704 963 756 ἀντὶ.
1020 702 1220 762 παντὸς
1274 698 1662 767 δικαιώματος,
1712 694 1963 764 περιττόν

383 797 500 847 ἔστι
555 794 615 847 τὸ
678 794 1160 864 πολυπραγμονεῖν
1194 792 1320 860 περὶ
1381 790 1610 857 ἑτέροις.
1673 787 1795 837 Ἐπὶ
1831 785 1965 836 πᾶσι

383 886 493 957 γὰρ
523 881 602 948 οἷς
629 886 919 955 κατέχουσι
968 884 1238 955 σήμερον,
1266 883 1393 936 ἄνευ
1423 880 1603 950 μέν’τοι
1633 879 1741 931 τῶν
1775 878 1858 944 ἐφ’
1887 870 1966 937 οἷς

356 976 647 1045 ιὲδόθησαν
677 977 860 1037 αὐτοῖς
891 974 1210 1042 διαγνώσεις
1242 971 1395 1042 παρὰ
1449 971 1558 1023 τῶν
1609 970 1752 1022 κατὰ
1782 967 1966 1036 χώραν

306 1104 307 1107 η
388 1068 751 1136 ἀναγραςνέων
800 1067 891 1118 τὸν
938 1065 1197 1135 δημόσιον
1229 1062 1575 1132 εδικαιοῦσαι,
1623 1062 1697 1121 ὡς
1729 1062 1963 1128 εἴρηται,

384 1159 589 1226 ὀφείλει
623 1161 812 1227 ἀρκεῖν
845 1159 876 1223 ἡ
909 1157 1159 1228 παροῦσα
1208 1155 1601 1226 χρυσὸϐουλλος
1648 1153 1832 1223 γραφὴ
1868 1150 1965 1217 τῆς

392 1250 676 1319 βασιλείας
712 1268 835 1319 μου,
869 1254 963 1303 καὶ
997 1252 1117 1304 ἀντὶ
1146 1253 1378 1322 δωρεᾶς,
1415 1249 1510 1301 καὶ
1539 1248 1659 1300 ἀντὶ
1688 1244 1963 1315 πράσεσιν,

388 1343 485 1395 καὶ
514 1342 635 1393 ἀντὶ
662 1343 851 1412 ἑτέρου
890 1343 1090 1405 παντὸς
1117 1344 1505 1411 δικαιώματος,
1536 1340 1638 1392 κᾶν
1661 1337 1969 1405 οἱονδηποτ-

372 1433 481 1485 λοῦν
510 1434 765 1503 σεκρέτον
788 1433 872 1487 ἐπ’
894 1434 1042 1506 αὐτῷ
1063 1436 1343 1489 δικαιοῖτο.
1371 1433 1501 1487 Οὐδὲ
1531 1430 1971 1499 ἀναγκασθήσον-

389 1542 478 1577 ται
500 1526 556 1578 αἱ
589 1526 748 1595 μοναὶ
779 1526 864 1595 ἐφ’
897 1522 1288 1597 οἷςκατέχουσι
1311 1518 1585 1595 ἀκινήτοις
1614 1520 1989 1592 προκομίζεινν

389 1618 553 1679 ἕτεραι
582 1618 892 1687 παλαιγενῆ
920 1619 1194 1687 προσόντα
1222 1594 1412 1695 alti-tati;
1439 1616 1807 1684 δικαιώματα·
1837 1612 1972 1666 ἀλλὰ

390 1713 456 1779 τῇ
496 1711 749 1783 παρούσῃ
784 1711 1167 1782 χρυσοβούλλῳ
1198 1713 1385 1779 γραφῇ
1422 1710 1522 1778 τῆς
1554 1708 1833 1779 βασιλείας
1861 1724 1965 1776 μου

2062 502 2143 557 eis
2179 501 2450 562 sullicere,
2480 507 2564 553 est
2594 492 3059 567 supervacaneum
3103 495 3171 548 de
3200 495 3327 547 ullis
3376 493 3500 545 aliis
3535 508 3636 544 cu-

2066 596 2210 650 riose
2243 576 2546 663 inquirere.
2580 591 2635 644 In
2670 591 2925 644 omnibus
2960 589 3106 643 enim
3140 603 3261 656 qua:
3298 587 3464 641 hodie
3511 601 3637 656 pos-

2066 687 2266 750 sident,
2330 696 2691 755 prceterquatn
2756 684 2809 736 in
2874 683 2941 737 iis
3000 684 3052 735 in
3106 682 3308 751 quibus
3359 696 3387 734 a
3438 679 3637 752 publici

2067 796 2271 835 census
2307 782 2359 832 in
2395 795 2457 833 ea
2490 781 2707 849 regione
2746 776 3179 844 descriptoribus
3227 774 3431 828 notitiae
3478 775 3639 834 datae.

2066 892 2186 945 qua:
2212 877 2302 945 jus
2330 876 2443 930 lisci
2482 892 2577 927 seu
2614 873 2839 943 publici,
2869 880 2929 925 ut
2957 872 3162 925 dictum
3216 880 3322 931 est,
3384 871 3638 939 probant,

2068 971 2229 1024 debet
2283 984 2523 1038 praesens
2575 965 2876 1033 majestatis
2948 979 3079 1017 meae
3143 964 3403 1031 scriptum
3462 965 3640 1016 Aurea

2072 1061 2221 1114 Bulla
2260 1061 2531 1113 munitum
2569 1058 2818 1113 sullicere
2853 1075 2866 1110 :
2895 1066 2947 1110 ct
2978 1072 3075 1126 pro
3115 1055 3409 1109 donatione
3442 1064 3497 1109 et
3532 1071 3642 1108 ent.

2074 1155 2255 1220 ptione
2303 1159 2358 1205 et
2414 1148 2609 1219 qum-is
2661 1149 2767 1201 alio
2821 1147 2977 1200 titulo
3033 1146 3167 1199 satis
3222 1150 3369 1210 esse,
3429 1144 3641 1197 etiamsi

2070 1250 2439 1317 quodcunque
2472 1246 2616 1300 alitnl
2672 1252 2946 1299 secretum
2998 1241 3051 1294 in
3105 1240 3185 1294 eis
3218 1240 3499 1307 probetur.
3537 1236 3644 1291 Nec

2071 1349 2337 1411 cogentur
2388 1338 2743 1398 monasteria,
2800 1335 2871 1390 ob
2898 1350 2960 1389 ea
3016 1348 3138 1401 qua:
3188 1346 3331 1401 nunc
3366 1331 3646 1399 possident

2074 1435 2402 1501 immobilia,
2437 1432 2659 1501 antiqua
2702 1429 2806 1483 alia
2834 1445 2954 1497 qu:e
2991 1428 3073 1482 eis
3119 1428 3319 1479 adsunt
3342 1426 3464 1493 jura
3522 1439 3645 1492 pro-

2073 1528 2214 1583 ferre
2263 1546 2276 1582 :
2321 1526 2417 1581 sed
2480 1525 2581 1578 hac
2611 1523 2865 1593 praesenti
2923 1521 3230 1599 majestatis
3285 1533 3416 1570 meae
3467 1516 3646 1570 Ant-va

2077 1620 2227 1672 Bulla
2289 1633 2388 1687 pro
2444 1617 2591 1671 omni
2629 1618 2755 1684 jure
2815 1614 3050 1676 utentia,
3109 1628 3172 1665 ea
3223 1620 3481 1681 contenta
3527 1624 3650 1661 esse

2074 1710 2294 1773 debent,
2356 1715 2415 1762 ut
2459 1724 2579 1777 quae
2617 1709 2716 1770 eis,
2753 1715 2810 1759 nt
2861 1705 3013 1775 prius
3053 1705 3314 1771 scriptum
3364 1712 3469 1765 est,
3503 1698 3649 1773 sum-

392 1804 514 1854 ἀντὶ
553 1805 757 1867 παντὸς
795 1804 1168 1874 δικαιώματος
1204 1802 1485 1872 χρώμεναι
1533 1800 1966 1870 ἀρκεσθήσονται

2077 1813 2195 1850 cere
2222 1796 2423 1852 debeat
2450 1841 2465 1862 ,
2503 1808 2556 1851 et
2587 1812 2682 1865 pro
2713 1796 3007 1850 donatione
3028 1805 3085 1849 et
3125 1810 3222 1864 pro
3252 1793 3567 1856 traditione,
3596 1803 3652 1845 et

388 1895 564 1967 ταύτῃ
590 1898 688 1948 καὶ
744 1897 881 1968 μόνῃ
905 1896 1200 1966 ὀφειλούσῃ
1233 1896 1424 1965 ἀρκεῖν
1457 1894 1663 1956 αὐτοῖς,
1704 1893 1778 1954 ὡς
1806 1908 1968 1962 προε-

388 1988 719 2055 γράφη,καὶ
747 1989 1131 2059 ἁντὶδωρεᾶς,
1182 1988 1276 2041 καὶ
1303 1988 1424 2040 ἀντὶ
1452 1985 1829 2055 παραδόσεως,
1875 1984 1968 2036 καὶ

388 2082 510 2134 ἀντὶ
541 2082 743 2144 παντὸς
770 2082 963 2153 ἑτέρον
996 2080 1391 2151 δικαιώματος.
1428 2081 1489 2131 El
1520 2080 1561 2131 δ’
1604 2080 1733 2141 ἴσως
1770 2077 1967 2146 καιροῦ

394 2173 685 2237 καλοῦντος
721 2174 941 2245 θελήσει
986 2174 1371 2244 οίονδηποτοῦν
1428 2172 1800 2245 μοναστήριον
1832 2170 1967 2238 χρή-

390 2266 589 2317 σασθαι
622 2269 715 2319 καὶ
741 2268 853 2328 τοῖς
883 2267 1176 2335 προσοῦσιν
1231 2264 1381 2336 αὐτῷ
1411 2265 1779 2329 δικαιώμασιν
1827 2263 1970 2333 ὑπὲρ

391 2358 587 2410 ἑαυτοῦ
618 2358 790 2411 ταῦτα
847 2357 1204 2431 προκομίξον,
1272 2358 1403 2429 παρ’
1451 2358 1774 2420 οἱουδήτινος
1835 2356 1970 2426 πρὸς

393 2450 552 2502 τοῦτο
583 2450 643 2502 οὐ
689 2451 1095 2519 κωλυθήσεται.
1142 2452 1594 2517 Ἀναγκαστικῶς
1655 2452 1756 2520 γὰρ
1808 2447 1967 2501 τοῦτο

390 2544 453 2595 οὐ
486 2545 742 2612 ποιήσει·
780 2545 829 2596 εἰ
878 2543 936 2595 δὲ
981 2546 1169 2613 οἰκείῳ
1220 2545 1486 2614 θελήματι
1518 2544 1651 2597 αὐτὸ
1683 2542 1973 2613 αἱρεθήσε-

389 2654 503 2700 ται,
530 2638 703 2700 οὐδεἿς
731 2639 758 2689 ὁ
778 2637 1084 2707 ἐμποδίζων
1111 2639 1337 2690 ὲσεῖται.
1367 2638 1440 2689 Οὐ
1486 2638 1647 2706 μόνον
1672 2637 1730 2689 δὲ
1778 2638 1871 2688 ἐπὶ
1905 2637 1969 2705 τῇ

393 2727 676 2782 δικαιώιει
706 2732 804 2798 τῆς
846 2730 948 2798 γῆς
979 2729 1335 2799 συμϐαλεῖται
1370 2733 1480 2792 τοῖς
1525 2728 1909 2798 μοναστηρίοις
1940 2731 1974 2798 ή

400 2819 657 2887 παροῦσα
683 2819 1080 2891 χρυσὸὂουλλος
1104 2819 1310 2890 γραφὴ,
1336 2819 1471 2872 ἀλλὰ
1488 2821 1579 2871 καὶ
1595 2819 1689 2871 ἐπὶ
1709 2821 1819 2879 τοῖς
1840 2834 1978 2889 παρ-

390 2912 559 2973 οἰκοις
592 2913 702 2974 τοῖς
736 2910 831 2963 νῦν
894 2910 1027 2981 παρ’
1064 2912 1241 2964 αὐτῶν
1286 2911 1706 2980 κατεχομένοις,
1746 2918 1840 2962 καὶ
1868 2914 1977 2973 τοῖς

391 3000 763 3071 αὐτουργίοις,
788 3000 998 3072 φόροις,
1029 3002 1393 3072 πανηγύρεσι,
1421 2999 1716 3065 διαδατοῖς,
1740 3001 1975 3068 λίμναις,

396 3095 686 3161 ποταμοῖς,
710 3093 1056 3157 θαλασσίνοις
1095 3093 1349 3157 δικαίοις,
1373 3094 1468 3147 καὶ
1504 3094 1676 3164 ἑτέρῳ
1706 3094 1977 3164 οίῳδήτινι

391 3186 588 3258 δκαίῳ
609 3187 742 3256 παρ’
776 3185 954 3238 αὐτῶν
985 3186 1362 3257 κατεχομένῳ,
1391 3186 1519 3239 ἄνευ
1548 3185 1731 3256 μέντοι
1755 3184 1864 3236 τῶν
1888 3176 1973 3252 ἐφ’

393 3273 475 3338 οἷς
511 3279 704 3331 ἔλαϐον
743 3278 1065 3344 διαγνώσεις
1116 3281 1258 3349 ὑπὲρ
1296 3276 1697 3349 τοῦδημοσίου,
1741 3277 1813 3340 ὡς
1848 3276 1976 3329 πολ-

393 3367 552 3430 λάκις
581 3368 857 3438 ἀνώτερον
879 3370 1209 3440 διείληπται.
1231 3372 1294 3423 El
1320 3370 1375 3423 δὲ
1408 3370 1859 3441 προσετάχθησαν
1889 3369 1976 3422 λς-

393 3458 647 3529 γισθῆναι
679 3462 711 3532 ἢ
761 3464 1060 3535 ἐκκοπήναί
1103 3482 1225 3546 τινα
1266 3463 1606 3546 τελέσματα,
1636 3462 1667 3531 ἢ
1700 3462 1904 3525 πάκτα,
1940 3463 1973 3532 ἦ

396 3554 706 3618 στρατεῖαι,
740 3556 772 3624 ἦ
807 3556 1067 3626 δημόσια,
1173 3540 1477 3619 λιδελλικὰ,
1514 3555 1547 3625 ἢ
1576 3554 1762 3622 ἕτερον
1809 3572 1862 3606 τι
1894 3552 1974 3622 τῷ

394 3643 639 3717 δημοσίῳ
665 3648 888 3718 ἀνῆκον,
933 3633 1027 3703 καὶ
1080 3649 1143 3701 οὐ
1168 3649 1358 3717 γέγονε
1402 3648 1462 3700 τὸ
1491 3647 1895 3715 λελογισμένον,
1932 3647 1966 3716 ἢ

394 3738 581 3811 ἕτερον
609 3757 660 3793 τι
702 3741 814 3811 ἔχει
862 3742 1192 3813 ἐπιλήψιμον
1233 3742 1294 3794 τὸ
1318 3740 1617 3811 δικαίωμα,
1642 3740 1791 3793 οὐδέν
1814 3758 1864 3792 τι
1890 3741 1957 3791 ἐκ

394 3834 585 3888 τούτου
627 3835 957 3904 βλαϐήσεται
982 3835 1048 3886 τὰ
1083 3838 1445 3904 μοναστήρια.

469 3926 535 3978 Τί
569 3927 624 3980 δὲ
649 3927 755 3997 χρὴ
785 3929 853 3979 τὰ
900 3925 1074 3979 πολλὰ
1124 3924 1472 3993 καταλέγειν,
1509 3925 1605 3978 καὶ
1640 3923 1974 3994 ἀπαριθμεῖ-

400 4019 526 4071 σθαι
561 4020 655 4070 καὶ
687 4019 848 4087 χάριν
876 4015 1330 4087 παραδείγματος
1364 4015 1789 4086 ἀπογράφεσθαι
1815 4033 1829 4079 ;
1877 4014 1977 4081 τὴν

401 4112 733 4180 πολυλογίαν
779 4113 812 4181 ή
853 4109 1100 4180 βασιλεία
1135 4127 1238 4180 μου
1276 4111 1721 4179 παρατρέχουσα,
1762 4110 1849 4161 ἵνα
1900 4108 1976 4178 μή

396 4220 483 4265 τις
510 4203 618 4254 τῶν
654 4206 809 4272 παρὰ
836 4202 1012 4255 ταῦτα
1043 4201 1235 4255 δεινῶν
1285 4219 1450 4255 τινων
1490 4201 1597 4271 μὲν
1637 4200 1982 4270 ἐκφωνηθέν-

396 4312 507 4348 των
540 4298 602 4348 ἐκ
634 4298 743 4349 τῶν
770 4297 837 4349 τὰ
874 4296 1111 4364 ἀκίνητα
1139 4294 1542 4347 κατασειόντων
1571 4294 1783 4357 αἰτίων,
1812 4293 1979 4345 τινῶν

2070 1892 2263 1958 quovis
2327 1892 2434 1945 alio
2495 1890 2642 1959 jure.
2712 1890 2806 1943 Sin
2854 1898 3038 1943 autent
3097 1889 3359 1962 invitante
3414 1886 3651 1939 fortasse

2071 1992 2316 2050 tempore
2370 1982 2605 2037 voluerit
2642 1982 2837 2043 ,ullum
2900 1978 3294 2035 monasterium
3350 1978 3419 2032 iis
3482 1978 3648 2030 etiam

2070 2091 2192 2145 quae
2231 2077 2396 2131 habet
2434 2075 2654 2144 juribus
2680 2060 2932 2131 et‘titulis
2957 2072 3061 2137 uti,
3084 2087 3146 2127 ea
3178 2087 3277 2143 pro
3299 2087 3359 2126 se
3388 2070 3649 2136 aﬂ‘erens,

2073 2185 2101 2221 a
2133 2171 2285 2223 nullo
2327 2169 2547 2238 penitus
2577 2167 2977 2239 prohibebitur.
3011 2164 3121 2221 Hoc
3156 2165 3303 2219 enim
3339 2179 3448 2218 non
3488 2163 3655 2217 faciet

2073 2261 2388 2316 necessario
2435 2280 2448 2316 :
2495 2261 2580 2315 sin
2634 2268 2816 2314 autem
2879 2258 3103 2329 propria
3167 2258 3446 2310 voluntate
3518 2256 3651 2310 illud

2074 2354 2321 2422 elegerit,
2352 2367 2514 2407 nemo
2550 2351 2918 2422 impediturus
2950 2350 3290 2404 admittetur.
3317 2347 3435 2404 Non
3470 2350 3648 2406 solum

2076 2456 2258 2499 autent
2301 2445 2367 2498 ad
2406 2447 2633 2507 terreni,
2662 2445 2833 2514 quod
2895 2444 3122 2507 habent,
3172 2443 3265 2512 jus
3307 2442 3650 2512 probandum

2078 2538 2433 2591 monasteriis
2488 2536 2724 2591 sulliciet
2787 2551 3033 2603 pra-scus
3084 2536 3262 2589 Aurea
3315 2535 3501 2598 Bulla;
3558 2536 3653 2590 sed

2078 2630 2241 2684 etiam
2275 2631 2328 2683 in
2365 2631 2664 2699 parochiis,
2698 2646 2821 2699 quae
2847 2644 2993 2683 nunc
3023 2629 3093 2682 ab
3120 2631 3202 2684 eis
3228 2629 3567 2691 detinentur,
3601 2638 3659 2683 et

2080 2722 2322 2791 praediis,
2364 2722 2748 2791 vectigalibus,
2772 2720 3164 2783 conventibus,
3194 2720 3658 2790 trajectionisso-

2081 2813 2409 2879 lutionibus,
2444 2814 2719 2885 portibus,
2746 2813 2951 2880 ﬂuviis,
2993 2812 3214 2882 juribus
3266 2813 3559 2869 maritimis
3603 2824 3661 2869 et

2080 2902 2416 2976 quecunque
2441 2906 2557 2961 alio
2580 2908 2726 2977 jure,
2752 2906 2895 2976 quod
2924 2908 2992 2960 ab
3039 2908 3122 2962 eis
3151 2906 3486 2976 possidetur,
3521 2921 3661 2975 pra»

2084 3010 2330 3068 terquatn
2365 3000 2421 3053 in
2452 2999 2543 3061 iis,
2574 3001 2627 3054 in
2660 3002 2865 3070 quibus
2890 2999 3221 3054 documenta
3281 3014 3383 3069 pro
3414 3000 3659 3069 publico,

2006 3126 2047 3183 ϐ
2087 3099 2145 3145 ιιι
2184 3107 2329 3161 sa-pe
2359 3093 2618 3159 superius
2668 3093 2871 3147 dictum
2914 3102 3022 3157 est,
3056 3102 3340 3162 assumpta
3380 3101 3529 3148 sunt.
3562 3091 3658 3148 ειη

2083 3193 2266 3238 autem
2295 3185 2565 3239 recenseri
2587 3186 2741 3253 jussa
2766 3194 2918 3250 sunt,
2954 3185 3037 3239 vel
3078 3185 3354 3255 amputari
3406 3183 3657 3255 quaedam
3688 3200 3693 3213 κ

2085 3277 2314 3341 tributa,
2362 3279 2448 3332 vel
2498 3294 2678 3348 pacta,
2734 3280 2818 3331 vel
2875 3277 3103 3343 militiae,
3161 3282 3246 3332 vel
3300 3278 3537 3347 publica,
3574 3276 3661 3332 vel

2085 3369 2346 3436 libellica,
2393 3370 2476 3425 vel
2524 3371 2732 3438 aliquid
2780 3369 2956 3435 aliud,
2996 3370 3143 3439 quod
3180 3370 3246 3424 ad
3304 3371 3494 3425 ﬁscum
3537 3385 3662 3439 rer-

2084 3464 2242 3525 tinet,
2274 3473 2330 3518 et
2362 3479 2469 3519 non
2508 3464 2712 3519 factum
2747 3476 2833 3520 est
2873 3464 3020 3536 quod
3067 3462 3461 3522 recensendum
3517 3473 3660 3530 erat,

2084 3555 2168 3609 vel
2196 3556 2418 3627 aliquod
2453 3557 2601 3612 aliud
2633 3547 2796 3612 habet
2828 3560 2942 3630 jus,
2983 3559 3131 3626 quod
3168 3556 3493 3628 reprehendi
3531 3572 3664 3627 pos-

2020 3638 2049 3687 ἰ
2084 3648 2194 3715 sit;
2232 3650 2568 3705 monasteria
2599 3666 2660 3705 ex
2688 3666 2753 3705 eo
2788 3649 2926 3706 nihil
2952 3653 3239 3707 lmdentur.
3308 3660 3319 3670 ‘

2150 3925 2288 3992 Quid
2323 3935 2502 3980 autem
2539 3941 2678 3995 opus
2708 3936 2793 3981 est
2822 3927 2994 3980 inulta
3027 3924 3210 3980 dicere
3252 3935 3307 3980 et
3337 3940 3666 3983 enumerare

2081 4025 2133 4070 et
2166 4017 2400 4086 exempli
2444 4018 2617 4086 gratia
2648 4017 2883 4072 afferre?
2916 4019 3092 4073 tnisso
3136 4034 3168 4072 a
3198 4020 3489 4088 majestate
3542 4036 3664 4077 mea

2084 4109 2452 4179 utultiloquio,
2492 4126 2561 4164 ne
2585 4115 2707 4180 quis
2750 4111 2805 4164 in
2841 4110 3112 4182 ejusmodi
3146 4110 3310 4166 rebus
3333 4112 3565 4169 callidus
3608 4123 3667 4169 et

2086 4202 2262 4267 vafer,
2296 4203 2577 4256 nonnullis
2626 4203 2849 4272 quidem
2907 4203 3091 4269 dictis,
3124 4219 3193 4258 ex
3231 4203 3295 4257 iis
3322 4206 3506 4259 causis
3543 4221 3668 4274 quat

2092 4295 2397 4350 immobilia
2434 4297 2777 4357 concutiunt,
2805 4294 2930 4350 aliis
2949 4309 3080 4349 vero
3107 4294 3323 4350 silentio
3352 4297 3666 4364 praeteritis,

395 4388 457 4440 δὲ
493 4388 1060 4459 παρασιωπηθέντων,
1109 4388 1491 4473 ἐπιδράττοιτο
1545 4387 1652 4440 τῶν
1689 4388 1974 4457 ῥημάτων,

2088 4390 2258 4445 verba
2290 4389 2539 4459 arripiat,
2565 4397 2618 4442 et
2649 4404 2799 4442 more
2835 4386 3066 4443 Iudaico
3107 4389 3302 4451 litterae
3337 4390 3575 4454 insistat,
3609 4403 3667 4446 et

397 4484 495 4532 καὶ
524 4483 667 4535 κατὰ
705 4481 1001 4545 Ἰουδαίους
1029 4481 1106 4552 τῷ
1152 4482 1444 4553 γράμματι
1477 4483 1835 4553 ἐπικάθηται,
1886 4485 1980 4535 καὶ

401 4575 665 4645 ἐπιχειρῇ
720 4575 815 4626 ἐπὶ
870 4578 982 4637 τοῖς
1038 4577 1114 4645 μὴ
1139 4574 1531 4647 ιὲκξεωνήθείσι
1582 4560 1982 4629 διασείεινχκαὶ

403 4666 763 4735 παρενοχλεῖν
790 4669 911 4739 ταῖς
944 4670 1155 4737 μοναῖς,
1185 4668 1461 4736 καθολικῷ
1495 4668 1637 4738 λόγῳ
1690 4671 1785 4721 καὶ
1849 4685 1983 4737 προ-

397 4746 606 4830 εκτικῷ
628 4761 788 4816 τοῦτο
814 4762 847 4826 ὴ
883 4761 1128 4830 βασιλεία
1172 4776 1275 4830 μου
1314 4761 1583 4831 βούλεται,
1616 4763 1711 4814 καὶ
1752 4762 1984 4831 διορίζε-

396 4868 514 4919 ται,
550 4857 642 4906 καὶ
676 4855 752 4917 ώς
783 4855 850 4907 ἂν
902 4857 1008 4907 πᾶν
1043 4855 1179 4925 ὅπερ
1226 4856 1318 4907 ἐπὶ
1366 4859 1477 4920 τοῖς
1535 4855 1778 4924 σήμερον
1829 4854 1982 4924 παρὰ

395 4947 509 4997 τῶν
560 4949 941 5018 μοναστηρίων
985 4948 1376 5017 κατεχομένοις
1428 4949 1460 5017 ἦ
1499 4949 1586 5000 ἐπ’
1636 4948 1828 5008 αὑταῖς
1860 4951 1979 5010 ταῖς

399 5040 695 5110 καθέδραις
727 5042 841 5093 τῶν
885 5042 1273 5111 μοναστηρίων
1300 5042 1465 5111 νοηθῇ
1494 5042 1634 5111 ὑπὲρ
1664 5039 1755 5093 τοῦ
1813 5039 1980 5107 δημο-
2006 5058 2007 5061 η

407 5132 544 5195 δίου,
577 5136 730 5203 παρὰ.
753 5151 894 5195 τινος
923 5135 954 5203 ἢ
990 5134 1084 5185 νῦν
1168 5133 1461 5199 ὀτεδήποτε
1489 5134 1619 5186 αὐτὸ
1644 5133 1800 5185 τοῦτο
1823 5132 1983 5183 δεδω-

410 5218 644 5297 ρήμένον
677 5226 994 5294 λογίζεσθαι
1038 5230 1102 5295 τῇ
1157 5228 1317 5294 μονῇ.
1369 5225 1476 5276 Καὶ
1513 5225 1631 5293 ἅμα
1684 5242 1770 5286 τις
1825 5224 2009 5293 τοῦτο’

407 5310 764 5379 διανοήσεται
813 5322 906 5364 καὶ
940 5320 1260 5384 φθέγξεται,
1297 5318 1393 5369 καὶ
1430 5318 1596 5379 εὐθὺς
1624 5318 1984 5386 ἀντιλήψεται

410 5400 579 5453 αὐτοῦ
607 5403 639 5471 ἡ
677 5401 836 5471 μονὴ,
864 5404 938 5465 ὡς
969 5406 1210 5474 σήμερον
1230 5410 1610 5478 δεδωρημένου
1636 5409 1809 5480 ταύτῃ
1835 5412 1985 5478 παρὰ

408 5495 510 5564 τῆς
552 5496 827 5565 βασιλείας
869 5514 995 5566 μου.
1048 5497 1216 5551 Ὅσον
1261 5504 1371 5573 γὰρ
1398 5503 1524 5571 Δὲιρ⁹’
1558 5498 1640 5565 οἷς
1689 5506 1984 5573 κατέχουσι

416 5586 513 5639 νῦν
541 5590 848 5657 ἀκινήτοις,
884 5590 1014 5658 περὶ
1040 5584 1116 5642 ὧν
1138 5593 1278 5662 ὑπὲρ
1304 5595 1397 5647 τοῦ
1421 5596 1684 5665 δημοσίου
1710 5596 1810 5647 οὐκ
1858 5597 1980 5648 ἕλα-

408 5679 513 5735 δον
527 5682 594 5733 τὰ
622 5677 1016 5751 ¹προγραφέντα
1053 5690 1416 5756 μοναστήρια,
1445 5688 1713 5758 δημόσιον.
1732 5688 1982 5758 βούλεται

412 5772 449 5842 ή
488 5772 736 5843 βασιλεία
777 5792 879 5845 μου
904 5774 1215 5843 λογίζεσθαι
1238 5779 1296 5831 ἓν
1321 5781 1556 5834 ἕκαστον
1584 5781 1789 5835 τούτων
1834 5786 1979 5836 κατα

656 5873 921 5933 ΡΑτιιοι..
956 5873 1071 5933 GR.
1112 5873 1457 5935 CXXXVII.

2086 4492 2314 4537 conetur
2347 4483 2403 4535 in
2450 4482 2541 4546 iis,
2591 4478 2717 4551 quae
2768 4482 2918 4535 dicta
2981 4496 3087 4534 non
3144 4490 3275 4538 sunt
3329 4486 3667 4537 monasteria

2076 4574 2295 4646 agitare
2328 4584 2383 4631 et
2433 4590 2650 4640 vexare,
2694 4575 2967 4630 sententia
3000 4574 3243 4645 generali
3291 4585 3347 4629 et
3396 4575 3669 4630 munifera

2087 4670 2205 4723 vult
2236 4672 2355 4724 mea
2397 4670 2656 4739 majestas
2684 4680 2739 4721 et
2765 4668 3034 4732 decernit,
3072 4678 3130 4722 ut
3154 4683 3317 4723 omne
3346 4668 3399 4723 in
3430 4670 3520 4735 iis,
3545 4686 3670 4739 quae

2084 4759 2251 4817 hodie
2286 4778 2316 4815 a
2350 4764 2705 4816 monasteriis
2741 4762 3118 4831 possidentur,
3146 4763 3228 4815 vel
3268 4762 3322 4815 itt
3373 4761 3510 4831 ipsis
3537 4773 3669 4818 sunt

2089 4857 2554 4909 monasteriorum
2622 4856 2926 4919 cathedris,
2966 4870 3091 4911 esse
3128 4856 3408 4925 publicum
3454 4858 3667 4926 cogita-

2088 4956 2201 4999 tum
2239 4948 2422 5011 fuerit,
2458 4947 2694 5017 idipsunt
2734 4950 2801 5000 ab
2830 4949 3039 5016 aliquo,
3067 4948 3152 5001 vel
3180 4962 3325 5003 nunc
3363 4949 3445 5003 vel
3489 4963 3668 5017 quan-

2088 5042 2427 5117 docunque,_
2461 5020 2790 5094 monasterio
2844 5040 3031 5117 datum
3075 5056 3200 5095 esse
3251 5050 3556 5110 reputctnr.
3606 5039 3668 5093 Et

2089 5135 2250 5189 simul
2281 5151 2341 5189 ac
2372 5135 2476 5189 hoc
2503 5136 2759 5204 cngitarit
2791 5112 3068 5203 quispiam
3113 5152 3176 5189 ac
3210 5133 3429 5198 dixerit,
3455 5133 3505 5186 id
3529 5148 3668 5202 quu-

2090 5244 2195 5297 que
2230 5229 2415 5281 statim
2464 5228 2823 5297 apprehendit
2863 5228 3281 5291 monasterium,
3333 5235 3395 5281 ut
3444 5227 3605 5282 hodie
3636 5241 3668 5279 a

2054 5320 2059 5323 ’
2091 5336 2209 5375 mea
2246 5320 2391 5391 regia
2422 5320 2766 5375 sublimitate
2791 5320 3084 5399 donatum.
3119 5319 3275 5384 Quod
3316 5318 3463 5373 enim
3504 5316 3573 5370 ad
3602 5333 3667 5372 ea

2090 5412 2310 5475 attinet,
2345 5426 2465 5480 quae
2493 5425 2637 5465 nunc
2660 5411 2963 5481 possident,
2990 5409 3318 5473 immobilia,
3352 5408 3425 5462 de
3462 5406 3668 5477 quibus

2089 5520 2189 5575 pro
2247 5505 2467 5573 publico
2518 5502 2851 5557 documenta
2910 5519 3019 5557 non
3080 5508 3412 5571 aeaeperunt
3460 5514 3669 5553 mona-

2091 5597 2295 5661 steria;
2326 5590 2474 5649 'mea
2511 5597 2770 5665 majestas
2820 5596 2939 5649 vult
2997 5594 3423 5664 untunqundque
3469 5606 3663 5648 eorum

2093 5691 2373 5761 publicum
2434 5689 2765 5755 existimari,
2829 5699 2884 5744 et
2954 5696 3275 5759 perpetuam
3350 5686 3663 5741 ﬁrmitatem

2089 5781 2360 5848 obtinere,
2389 5790 2442 5837 et
2475 5796 2503 5835 a
2540 5783 2690 5837 nullo
2723 5782 2791 5836 de
2818 5796 2879 5836 ea
2918 5796 2977 5835 re
3021 5780 3335 5849 disceptari.
3363 5779 3430 5834 Et
3474 5790 3671 5848 quem-

3225 5871 3300 5932 30
