2028 3198
196 157 249 188 939

819 150 958 182 ΤΗΕΟΙ).
980 149 1178 179 BALSAMON

1741 134 1834 179 sta

197 213 343 249 admodum
369 211 476 245 publico
496 210 572 238 nulla
603 218 615 236 a
627 217 657 237 sc
672 210 797 237 molestia
811 210 986 245 negotiumve

1039 208 1120 242 μόνον
1135 208 1166 233 τὸ
1181 207 1254 242 ἔχειν
1266 206 1296 232 τὸ
1311 205 1491 236 ἀδιάσειστον,
1507 203 1554 230 καὶ
1579 203 1617 238 μὴ
1643 202 1688 230 ὑπ’
1714 203 1822 235 οὐδενὸς

196 261 359 291 exhibetur;
389 259 429 285 sic
445 264 497 285 nec
518 257 592 284 aedes
622 264 719 289 sacrae,
744 257 802 283 sive
831 256 985 283 anachore-

197 311 287 333 larum
312 304 427 334 cellulas,
448 310 498 330 nec
529 302 709 333 monasteria,
739 309 791 329 nec
821 301 922 336 aliqua,
951 300 986 328 ab

198 350 370 386 ullo.publici
390 348 625 376 curatorelitibus
640 347 819 382 agitabuntur
843 347 901 374 sive
923 342 988 381 quis

197 397 367 432 probabilem
391 396 449 423 sive
467 402 521 422 nun
547 394 715 429 probabilem
741 400 853 420 causam
880 391 984 425 aderat,

197 445 254 471 sive
269 442 539 478 cujusmodicunque
552 440 588 467 sit
601 440 674 475 quod
693 439 831 473 loquetur.
851 438 984 473 Quisquis

196 491 269 518 cnim
287 490 338 517 hoc
349 484 439 516 facere
449 494 596 523 aggressus
610 487 702 517 fuerit,
719 485 838 512 invalida
849 490 876 512 et
889 492 984 512 revera

197 538 305 564 inﬁrma
321 536 413 562 dicere
431 533 615 563 videliitur,et
634 532 702 559 citra
720 531 804 558 tiliam
825 531 984 558 misericor-

195 583 268 610 diam
286 581 345 616 ejus
356 579 500 607 facultates
509 578 576 605 ﬁsco
585 578 821 605 consecrabantur
843 577 918 611 isque
928 583 986 602 om-

197 625 384 655 ninoinlamis
397 632 504 659 semper
513 624 584 650 erit:
598 627 691 658 utpote
700 622 745 657 qui
762 621 922 657 imperatori
938 620 986 647 ad-

194 674 275 713 30]
294 676 430 702 versetur,
453 670 498 705 qui
519 672 561 705 pie
577 677 608 696 ac
626 669 751 704 religiose
773 669 879 695 diuitem
901 667 986 694 mole-

196 712 278 747 stiam
296 722 323 745 ct
337 717 505 744 vexationem
520 723 533 742 a
551 714 736 746 monasteriis,
757 714 784 740 in
799 714 833 741 iis
844 720 905 748 qua:
920 712 985 747 ipsis

197 766 260 793 data
276 768 350 794 sunt.
369 771 416 798 per
428 765 589 797 pra-sentem
602 761 719 788 Auream
735 759 838 786 Bullam
849 762 983 789 amoveat,

195 817 223 839 et
239 818 287 846 per
307 817 392 844 ipsam
414 809 547 843 exiguum
559 806 670 842 aliquod
683 806 784 833 donum
802 805 856 832 Deo
871 803 984 834 oﬂ'erat,

197 854 509 891 proinnumerabilibus
521 850 662 879 beneﬁciis
677 859 737 887 qua:
752 858 767 878 a
783 850 910 878 muniﬁca
925 850 984 884 cjus

196 890 293 930 destra
307 901 421 935 accepit.
438 899 496 927 Non
514 899 606 926 licebit
623 906 705 933 ergo,
723 904 772 924 nec
796 896 897 932 publici
915 905 979 923 cen-
1002 890 1023 920 Β

196 957 244 976 sus
263 946 441 981 descriptori,
458 953 508 972 nec
524 946 549 972 ei
563 946 610 979 qui
633 944 721 971 cuivis
742 948 848 971 secreto
872 947 980 977 praeest,

196 997 237 1023 vcl
251 993 431 1028 extequatori,
445 992 485 1019 vel
501 992 583 1019 alicui
598 991 645 1018 alii
661 997 794 1025 personat,
811 997 873 1024 qua:
890 988 983 1024 publi-

195 1051 257 1070 cum
272 1044 392 1073 exercet,
405 1039 635 1066 monasteriorum
653 1036 803 1064 immobilia
815 1035 982 1067 describere,

197 1087 237 1114 vel
257 1085 333 1114 focos
348 1091 473 1116 censere,
491 1082 533 1110 vel
547 1081 687 1117 inquirere
703 1085 822 1115 quantus
839 1080 874 1107 sit
888 1085 983 1107 eorum

197 1134 309 1167 l'undus,
326 1133 367 1160 vel
392 1132 552 1159 colonorum
578 1136 719 1161 numerus,
746 1128 788 1155 vel
807 1127 880 1162 quod
904 1131 984 1153 terra:

196 1179 313 1214 amplius
337 1177 505 1214 possidetur,
520 1175 562 1203 vel
580 1182 633 1202 non
656 1174 729 1209 justo
755 1173 842 1208 pretio
862 1176 983 1206 emplum

194 1230 236 1254 est
251 1229 296 1251 aut
310 1224 412 1258 injuste
424 1221 573 1253 detinetur,
582 1220 751 1247 examinare.
764 1218 816 1244 Sed
830 1217 893 1251 quia
904 1216 983 1250 jussu

195 1281 256 1302 meo
276 1271 412 1307 imperiali
430 1270 492 1296 acta
509 1267 631 1295 facienda
655 1271 729 1299 sunt,
746 1270 841 1293 eorum
862 1263 983 1295 nomine,

195 1327 255 1355 qua:
271 1318 352 1346 hodie
363 1324 376 1343 a
390 1314 565 1343 monasteriis
583 1313 748 1344 detinentur,
764 1310 944 1338 immobilium
958 1303 985 1336 ἐι

195 1368 368 1396 colonorum,
385 1367 452 1389 tunc
476 1360 588 1387 domum
611 1359 684 1394 juste
711 1356 907 1386 monasterium
925 1363 984 1382 mo-

196 1412 275 1439 lestia
291 1408 433 1438 aﬁicietur,
451 1411 475 1433 cl
490 1406 562 1441 quod
581 1405 684 1439 injuste
699 1404 802 1430 detinet
814 1403 848 1430 ab
861 1410 894 1430 eo
908 1401 985 1429 aufe-

197 1461 283 1489 retur,
298 1453 409 1490 quando
429 1451 530 1487 publici
547 1457 647 1478 census
660 1445 823 1484 gdescriptor
841 1445 983 1480 ostendit,

196 1503 269 1539 quod
285 1504 356 1529 ultra
371 1499 560 1527 deﬁnitionem
575 1502 601 1524 et
615 1496 810 1524 monasterium
822 1495 923 1523 .locum
939 1501 987 1521 oc-

195 1554 289 1584 cupat,
302 1547 344 1574 vcl
357 1547 480 1577 colonos,
494 1547 535 1571 vel
550 1543 604 1570 ulla
618 1542 682 1569 alia.
692 1541 748 1569 Nec
759 1541 832 1568 enim
847 1541 983 1568 licentiam

198 1574 336 1622 habebunt
362 1592 528 1619 monasteria
545 1589 660 1624 augendi
682 1593 708 1616 et
725 1587 910 1623 ampliﬁcandi
933 1594 966 1613 ea
977 1607 984 1618 ,
1000 1574 1023 1606 (ἶ

196 1648 257 1675 qua:
272 1640 306 1666 ab
322 1638 389 1673 ipsis
407 1638 488 1664 hodie
512 1636 688 1671 possidentur
702 1654 709 1668 ,
730 1642 787 1661 Sive
803 1634 893 1660 coloni
910 1634 965 1660 sint
978 1652 986 1664 ,

197 1686 256 1713 sive
283 1686 347 1717 loci,
366 1686 424 1711 sive
449 1683 550 1718 praedia
577 1682 692 1708 rustica.
721 1679 915 1712 Verumtamen
941 1686 987 1712 per

196 1731 332 1766 ejusmodi
352 1730 525 1757 occasionem
546 1735 600 1755 non
617 1727 710 1755 licebit
725 1727 858 1758 exactori,
875 1731 920 1752 aut
938 1725 987 1752 dc-

198 1777 328 1812 scriptori
346 1775 391 1803 ulli
408 1775 555 1804 [uinariuni
574 1773 617 1800 vel
643 1772 811 1800 inensorium
824 1793 832 1805 ,
852 1776 898 1798 aut
914 1771 987 1797 aliud

198 1825 344 1859 quodpiam
363 1822 487 1857 vectigal,
510 1821 583 1856 quod
607 1820 641 1847 ad
663 1820 749 1854 ipsius
769 1819 885 1845 olliciuui
903 1818 989 1852 pertis

198 1876 271 1903 neat,
287 1870 409 1904 recipere
423 1871 456 1895 ab
472 1859 669 1898 immobilibus,
689 1873 749 1900 quae
765 1873 850 1900 supra
876 1865 987 1899 scriptis

200 1917 346 1952 ‘subjacent
362 1914 547 1942 monasteriis.
563 1913 613 1945 Qui
632 1914 704 1940 enim
719 1916 813 1938 contra
831 1919 915 1938 ausus
931 1912 989 1937 l'ue-

199 1966 243 1996 rit,
260 1964 329 1990 sciat
342 1969 372 1989 se
393 1969 445 1987 non
462 1964 567 1986 tantum
584 1959 609 1985 id
623 1957 697 1993 quod
713 1954 804 1990 exegit
819 1957 987 1991 multiplica—

199 2015 255 2035 tum
276 2007 477 2036 restituturum,
491 2003 539 2031 sed
554 2007 583 2030 et
599 2002 722 2029 omnium
742 2003 876 2028 bonorum
895 1999 986 2034 publi-

199 2055 301 2082 cationi
322 2061 385 2080 cum
403 2052 518 2079 iulamla
534 2055 561 2076 ct
574 2048 695 2075 civilium
715 2055 858 2074 munerum
874 2046 986 2079 incapa-

197 2102 279 2128 t-itate
300 2099 454 2133 subjectum
475 2098 519 2123 iri.
535 2096 582 2122 Sic
597 2096 669 2122 enitn
696 2094 753 2121 vult
771 2102 830 2121 mea
847 2093 987 2125 majestas,

172 2160 174 2163 π
197 2150 254 2184 jam
268 2146 507 2173 mami‘cstauiruin
523 2143 752 2170 monasteriorum
766 2138 915 2167 immobilia
931 2145 990 2164 om-

201 2195 246 2222 nia
267 2193 362 2220 haberi
379 2191 413 2218 ab
430 2197 596 2224 unoquoque
608 2194 747 2218 exactore,
758 2185 836 2220 quasi
852 2192 905 2211 non
923 2182 990 2210 sub-

200 2242 256 2269 sint
270 2240 360 2275 ipsius
378 2238 465 2264 cilicio
484 2237 525 2263 Vol
553 2237 692 2271 potestati.
713 2233 743 2259 Et
758 2230 987 2266 quemadmodum

197 2291 342 2315 exactores
353 2285 379 2311 in
396 2292 448 2310 non
465 2282 597 2317 subjectis
609 2282 660 2308 sibi
679 2278 825 2313 provinciis
842 2277 907 2303 nihil
919 2276 988 2310 juris

199 2333 311 2364 habent,
326 2336 355 2358 ut
369 2331 399 2358 in
415 2332 447 2357 iis
463 2335 544 2365 agant
564 2324 796 2355 administrentve
811 2323 962 2358 quidquam
978 2330 986 2347 :

198 2380 240 2408 sic
260 2386 310 2406 nec
325 2378 353 2406 in
369 2377 557 2405 immobilibus
583 2372 817 2401 monasteriorum
845 2374 1002 2397 exactores.

201 2425 415 2461 provinciarum,
445 2424 546 2458 quibus
584 2427 623 2446 cae
652 2418 779 2449 subsunt,
804 2417 991 2443 censebantur

199 2476 355 2499 exactores.
374 2470 441 2504 Quae
459 2468 542 2502 igitur
569 2465 634 2492 ﬁent
656 2470 715 2491 acta
732 2468 758 2490 et
776 2464 869 2490 ﬁnium
886 2462 990 2491 descri-

203 2521 312 2554 ptiones
324 2518 358 2545 ab
370 2518 421 2549 eis,
442 2523 511 2550 quos
530 2513 658 2547 majestas
677 2512 855 2539 destinaverit
877 2510 911 2537 ad
925 2517 990 2544 pro~

202 2566 336 2592 bationeni
355 2570 471 2593 eorum,
489 2566 549 2595 quae
565 2568 579 2586 a
598 2558 774 2586 monasteriis
796 2558 875 2585 hodie
901 2556 990 2591 possi-

199 2611 310 2642 dentur,
338 2608 561 2641 competentibus
586 2605 701 2631 sccrelis
724 2609 835 2639 propter
862 2603 987 2631 notitiam

200 2656 425 2683 inslnuabuntur.
442 2652 519 2678 Scire
534 2657 651 2684 namque
674 2650 773 2676 debent
788 2649 880 2679 omnia
896 2655 990 2674 mona-

199 2702 295 2733 steria,
317 2700 340 2726 si
357 2697 431 2734 quod
444 2705 477 2725 ex
493 2698 527 2725 iis
550 2696 750 2734 deprehensum
767 2698 847 2723 luerit
863 2696 987 2722 fraudein

201 2748 320 2782 aliquam
339 2748 380 2772 rei
397 2744 578 2772 collusionem
596 2743 637 2771 vel
651 2743 742 2770 dolum
759 2743 785 2769 iii
802 2741 989 2769 immobilibus

200 2801 262 2829 quae
277 2791 358 2819 hodie
373 2793 405 2819 ab
416 2792 485 2826 ipsis
501 2791 674 2826 possidentur
690 2790 787 2817 fecisse
804 2798 811 2816 :
828 2798 881 2816 tton
899 2789 988 2816 solum

202 2838 271 2865 nihil
289 2838 412 2865 utilitatis
429 2845 463 2864 ex
484 2838 534 2864 hac
551 2845 619 2865 mere
639 2836 791 2871 maiestatis
803 2837 895 2863 Aurea
911 2835 987 2863 Bulla

201 2887 435 2918 consecuturum;
452 2884 499 2912 sed
519 2884 601 2912 etiam
620 2884 749 2911 casurum
769 2884 830 2918 jure
846 2882 987 2919 praedictis

1038 253 1251 289 ἁνακρίνεσθαι·
1265 252 1313 279 καὶ
1325 252 1355 278 ὃν
1374 251 1477 286 τρόπον
1499 250 1514 276 ό
1538 250 1667 285 δημόσιος
1689 250 1720 275 οὺ
1737 249 1824 275 πολυ-

1037 300 1238 335 πραγμονεῖται
1265 298 1310 334 ὑφ’
1337 297 1446 330 ἑαυτοῦ,
1460 296 1547 327 οὕτως
1563 296 1624 322 οὐδὲ
1640 296 1673 322 τὰ
1702 295 1763 330 ἱερὰ
1779 303 1824 320 σε-

1045 348 1125 381 μνεῐα
1146 346 1162 381 ἦ
1191 346 1393 381 ὴσυχαστήρια,
1418 342 1589 378 μοναστήριά
1610 350 1641 368 τε
1666 342 1714 368 καὶ
1738 341 1823 367 λοιπὰ

1037 392 1089 418 ὐπὸ
1101 401 1174 424 τινος
1200 392 1254 418 τῶν
1265 391 1314 419 τοῦ
1336 390 1468 426 δημοσίου
1487 388 1654 424 φροντιστῶν
1671 387 1825 422 ἀνακριϐή-

1038 437 1131 465 σεται·
1147 438 1200 465 κᾶν
1214 446 1241 464 τι
1258 434 1591 471 εὕλογονδικαιολογεῖταί
1613 443 1666 465 τις1
1694 434 1747 460 κᾶν
1772 442 1826 459 πα-

1038 484 1164 519 ράλογον,
1178 484 1229 510 κᾶν
1243 483 1335 510 ὁποῖον
1352 483 1385 509 ἂν
1403 483 1445 517 εἴη
1459 481 1489 508 τὸ
1504 480 1736 516 λαληθησόμενον.
1759 479 1824 510 Πᾶς

1036 531 1092 565 γὰρ
1114 530 1129 555 ὁ
1151 528 1272 555 τοιοῦτόν
1291 537 1319 554 τι
1341 528 1530 563 ἐπιχειρήσων
1548 523 1661 559 ποιῆσαι
1686 524 1824 559 ἀνίσχυρα

1035 575 1107 607 δόξει
1120 575 1206 609 λέγων
1224 575 1271 601 καὶ
1287 574 1327 609 τῷ
1348 574 1406 600 om
1431 573 1561 604 ἀϐέϐαια,
1583 573 1630 598 καὶ
1647 570 1824 605 ἁσυμπαθῶς

1035 621 1164 658 ήτούτου
1190 621 1334 657 περιουσία
1359 620 1397 654 τῷ
1428 620 1552 654 δημοσίῳ
1575 617 1832 651 καθοσιωθὴσεται,⁸

1036 669 1084 704 καὶ
1097 667 1180 700 αὐτὸς
1200 668 1295 702 ἄτιμος
1310 668 1414 693 ἐσεῖται
1437 665 1622 697 παντάπασιν,
1646 664 1685 696 ὼς
1715 663 1826 689 ἀντιπί-

1037 722 1114 740 πτων
1143 713 1248 747 βασιλεῖ
1263 712 1383 743 εὐσεὸὦς
1400 720 1430 738 τε
1452 712 1499 738 καὶ
1523 710 1657 745 φιλοθέως
1678 709 1708 736 τὸ
1728 709 1826 735 ἀνενό-

1036 761 1136 797 χλητον
1163 761 1223 792 ταῖς
1240 761 1334 794 μοναῖς
1354 757 1583 793 ἀποχαριζομένῳ
1604 757 1651 782 ἐπὶ
1672 757 1728 787 τοῖς
1749 755 1829 781 δεδω-

1038 808 1169 843 ρημένοτς
1190 808 1285 838 αὐταῖς
1305 806 1348 833 διὰ
1370 806 1417 832 τοῦ
1445 806 1579 841 παρόντος
1615 803 1822 840 χρυσοϐούλλου

1036 855 1126 887 λόγου,
1145 853 1192 879 καὶ
1204 852 1238 879 δι’
1261 852 1344 878 αὑτοῦ
1368 852 1456 887 βραχύ
1481 860 1509 878 τι
1535 850 1623 884 δῶρον
1656 849 1829 885 προσάγοντι

1038 901 1076 936 τῷ
1087 900 1157 935 Θεῷ,
1173 897 1272 926 ἀνθ’ὦν
1290 899 1397 934 μυρίων
1406 897 1571 933 εὐεργεσιῶν
1586 896 1664 932 παρὰ
1678 895 1728 931 τῆς
1742 896 1831 921 πλου-

1037 946 1201 982 σιοπαρόχου
1212 945 1301 978 δεξιᾶς
1313 945 1396 971 αὑτοῦ
1405 944 1634 980 παραπήλαυσεν.
1647 942 1705 968 Οὐκ
1718 941 1830 973 ἐξέσται

1036 992 1083 1022 οὖν
1119 994 1285 1029 ἁναγραφεῖ,
1331 991 1399 1019 οὔτε
1435 991 1640 1027 προκαθημένῳ
1663 989 1831 1023 οίουδήτινος

1038 1041 1168 1076 σεκρέτου
1180 1041 1196 1075 ἢ
1209 1039 1338 1075 ὲξισωτῇ,
1359 1040 1375 1074 ἢ
1398 1032 1659 1073 ὲνεργοῦντίὲτέρῳ
1678 1035 1733 1062 τινί
1744 1042 1833 1069 προσ-

1037 1087 1104 1121 ώπῳ
1116 1086 1163 1113 τοῦ
1179 1086 1320 1121 δημοσίου,
1340 1085 1375 1111 τὰ
1392 1085 1447 1110 τῶν
1479 1082 1671 1118 μοναστηρίων
1708 1080 1831 1114 ἀκίνητα

1037 1127 1257 1166 ἀναγράφεσθαι,
1289 1131 1305 1165 ἢ
1332 1130 1523 1163 καπνολογεῖν,
1566 1128 1582 1163 ἢ
1611 1126 1757 1161 ἀναζητεῖν
1779 1123 1831 1158 μὲ-

1038 1188 1103 1213 τρον
1118 1179 1168 1213 γῆς
1182 1178 1200 1213 ἢ
1217 1178 1247 1204 τὸ
1263 1176 1430 1211 ὑπέρπλεον,
1450 1175 1467 1210 ἦ
1488 1175 1519 1201 τὸ
1530 1174 1631 1205 ἀδίκως
1646 1171 1833 1206 κατεχόμενον

1038 1224 1178 1258 ἐξετάζειν
1197 1232 1205 1240 ·
1219 1223 1276 1250 ἀλλ’
1309 1223 1370 1249 ἐπεὶ
1382 1223 1415 1248 ὲκ
1430 1220 1608 1257 προστάξεως
1624 1219 1675 1254 τῆς
1691 1217 1833 1253 βασιλείας

1040 1280 1091 1306 μου
1105 1271 1233 1306 μέλλουσι
1251 1269 1380 1304 γενέσθαι
1395 1267 1534 1303 πρακτικὰ
1559 1266 1613 1292 τῶν
1631 1266 1751 1300 σήμερον
1765 1271 1834 1289 κατ-

1039 1316 1177 1351 εχομένων
1196 1315 1271 1341 παρὰ
1297 1314 1353 1341 τῶν
1374 1313 1463 1348 μονῶν
1482 1312 1620 1345 ἀκινήτων
1647 1310 1695 1336 καὶ
1731 1308 1833 1342 παροί-

1039 1371 1107 1394 κων,
1123 1362 1183 1387 τότε
1200 1361 1279 1398 μόνον
1301 1358 1483 1394 οχληοήσεται
1504 1358 1519 1392 ἡ
1542 1357 1610 1392 μονὴ
1621 1356 1669 1382 καὶ
1686 1355 1715 1381 τὸ
1730 1355 1840 1384 ἀδίκως.

1041 1408 1224 1443 κατεχόμενον
1239 1405 1467 1441 ἀφαιρεθήσεται,
1486 1405 1533 1431 ὅτε
1550 1405 1563 1430 ὁ
1588 1401 1763 1437 ἀναγραφεὺς
1777 1400 1832 1426 δει-

1040 1454 1129 1486 κνύει,
1142 1454 1179 1484 ὡς
1194 1452 1325 1478 ἐπέκεινα
1338 1451 1385 1477 τοῦ
1400 1452 1582 1486 περιορισμοῠ
1599 1449 1707 1482 κατέχει
1724 1448 1740 1482 ἡ
1762 1447 1832 1480 μονὴ

1040 1500 1123 1527 τοπία
1139 1500 1154 1534 ἢ
1173 1499 1324 1534 παροίκους
1344 1498 1361 1533 ἢ
1378 1498 1471 1532 ἕτερον
1488 1497 1602 1523 δίκαιον.
1621 1495 1691 1522 οὐδὲ
1709 1494 1764 1528 γὰρ
1787 1491 1832 1517 ἐπ’

1042 1548 1132 1578 ἀδείας
1156 1545 1263 1577 ἐἴξουσιν
1301 1545 1329 1571 at
1354 1544 1435 1579 μοναὶ
1452 1543 1487 1569 τὰ
1512 1542 1633 1576 σήμερον
1663 1540 1729 1574 παρ’
1742 1537 1834 1565 αὐτῶν

1042 1592 1223 1627 κατεχόμενα,
1239 1590 1294 1617 εἴτε
1310 1590 1439 1624 πάροικοι
1454 1586 1520 1619 εἷεν,
1537 1586 1592 1612 εἴτε
1604 1585 1693 1616 τόπόι,
1712 1584 1767 1610 εἴτε
1783 1583 1835 1610 αὺ-

1039 1639 1167 1673 τούργια,
1197 1637 1340 1669 ἐπαύξειν,
1357 1636 1403 1662 καὶ
1415 1636 1456 1666 εἰς
1484 1632 1645 1668 πληθυσμὸν
1664 1632 1742 1665 ἄγειν
1757 1629 1836 1655 πλεί-

1039 1693 1098 1712 ονα.
1118 1683 1191 1717 Πλὴν
1211 1684 1243 1717 τῇ
1264 1680 1376 1715 τοιαύτῃ
1393 1679 1529 1714 προφάσει
1542 1678 1591 1703 οὐκ
1615 1675 1723 1709 ἐξέσται
1754 1673 1835 1708 πρά-

1040 1739 1119 1766 κτορι
1147 1730 1163 1764 ἦ
1191 1729 1347 1764 ἀναγραφεῖ
1374 1727 1512 1764 οίῳδήτπινι
1535 1724 1551 1759 ἦ
1580 1723 1724 1754 καπνικὺν,
1743 1720 1837 1756 ἤέτεο

1040 1778 1087 1811 ρόν
1116 1785 1144 1803 τι
1170 1774 1359 1810 ἀνα-γραφικόν
1387 1773 1413 1811 ῆ4
1439 1770 1627 1806 πρακτορικὸν
1656 1768 1836 1803 φορολογημα

1040 1825 1093 1851 ἀπὸ
1108 1824 1163 1849 τῷν
1179 1822 1369 1856 ὑποκειμένων
1382 1820 1443 1850 ταῖς
1454 1818 1635 1852 δηλωθείσαις
1655 1817 1750 1851 μοναῖς
1770 1816 1837 1840 ἀκι-

1040 1871 1129 1905 νήτων
1150 1867 1404 1903 ἀναλαμϐάνεσθαι.
1419 1865 1528 1891 Εἱδὲναι
1544 1864 1597 1899 γὰρ
1616 1862 1719 1897 ὀφείλει
1734 1860 1838 1887 ὁτοῦτο

1041 1917 1185 1951 τολμήσων
1200 1915 1237 1946 ὡς
1251 1915 1281 1940 οὐ
1300 1915 1381 1949 μόνον
1395 1913 1442 1939 ἐπὶ
1455 1912 1484 1937 τὸ
1497 1910 1672 1937 πολλαπλοῦν
1687 1908 1836 1942 ἀντιστρέ-

1040 1964 1085 1998 ψει
1097 1964 1167 1997 ὅπερ
1186 1962 1217 1988 ἂν
1230 1961 1412 1994 ὰναλάϐηται,
1428 1959 1495 1985 αλλὰ
1520 1958 1567 1984 καὶ
1591 1957 1683 1991 τελεία
1702 1953 1835 1989 δημεύσει

1040 2008 1274 2044 ὺποὸληθήσεται,
1287 2007 1334 2033 καὶ
1348 2007 1445 2040 ἄτιμος
1482 2005 1560 2030 ἔσται
1574 2007 1621 2029 και
1646 2002 1835 2030 ἀπολίτευτός.

1041 2056 1121 2084 Οὕτω
1134 2056 1188 2090 γὰρ
1203 2054 1302 2088 θέλειή
1319 2053 1444 2087 βασιλεία
1463 2058 1513 2085 μου
1527 2058 1560 2076 τα
1578 2049 1632 2074 τῶν
1658 2047 1835 2083 δηὶωῢὲντων

1044 2103 1133 2137 μονιῖιν
1151 2103 1269 2135 ἀκίνητα
1285 2100 1374 2125 πάντα
1385 2097 1543 2131 λογίζεσθαι
1572 2096 1616 2129 ὑφ’
1633 2095 1749 2121 ἑκάστου
1777 2093 1834 2118 τῶν

1043 2148 1219 2187 πρακτόρων,
1234 2146 1272 2175 ὡς
1289 2146 1326 2180 μὴ
1343 2145 1408 2170 ὂντα
1420 2143 1473 2169 ὑπὸ
1496 2144 1546 2177 τὴν
1562 2141 1662 2167 ἑαυτοῦ
1686 2140 1774 2175 ἀρχὴν
1789 2140 1837 2165 καί

1044 2194 1182 2224 ἐξουσίαν.
1197 2185 1252 2218 Καὶ
1279 2190 1309 2217 ὃν
1327 2190 1428 2225 τρόπον
1441 2190 1466 2215 οἱ
1481 2189 1635 2224 πράκτορες
1662 2187 1708 2213 ἐπὶ
1723 2188 1780 2217 τοῖς
1797 2185 1837 2220 μὴ

1043 2239 1234 2273 ὑποκειμένοις
1270 2237 1362 2268 αὐτοῖς
1404 2237 1520 2270 θέμασιν
1550 2234 1627 2262 οὐδέν
1674 2242 1700 2259 τι
1729 2232 1836 2259 δίκαιον

1044 2286 1151 2321 ἔχουσιν
1197 2285 1331 2318 ἐνεργεῖν,
1366 2283 1383 2317 ἢ
1413 2282 1481 2312 ὅλως
1509 2283 1596 2308 ποιεῖν
1631 2288 1656 2306 τι
1673 2279 1716 2305 ἐπ’
1730 2279 1836 2309 αὐτοῖς,

1043 2332 1129 2362 οὕτως
1144 2330 1205 2357 οὐδὲ
1219 2331 1266 2356 ἐπὶ
1275 2330 1336 2360 τοῖς
1351 2330 1406 2355 τῶν
1432 2326 1627 2362 μοναστηρίων
1656 2326 1798 2359 ἀκινήτοις
1812 2324 1838 2349 οἱ

1043 2378 1200 2414 πράκτορες
1212 2377 1266 2403 τῶν
1278 2376 1415 2410 θεμάτων,
1429 2375 1474 2409 639’
1491 2374 1537 2406 οὒς
1549 2373 1658 2400 τελοῦσι
1675 2372 1711 2398 τὰ
1723 2371 1839 2397 τοιαῦτα

1042 2425 1171 2459 ἀκίνητα,
1189 2423 1346 2458 πράκτορες
1359 2421 1580 2457 λογισθήσονται.
1601 2420 1642 2446 Τὰ
1655 2419 1748 2454 μέντοι
1784 2425 1837 2442 γε-

1043 2471 1182 2506 νησόμενα
1196 2468 1337 2504 πρακτικὰ
1355 2469 1403 2495 καὶ
1416 2470 1440 2495 οἱ
1459 2467 1633 2502 περιορισμοὶ
1661 2466 1727 2500 παρ’
1743 2461 1781 2492 ὧν
1800 2464 1837 2490 ἂν

1042 2517 1122 2551 ὁρίσῃ
1142 2516 1158 2550 ἡ
1173 2514 1298 2549 βασιλεία
1314 2523 1365 2548 μου
1384 2517 1423 2545 εἰς
1439 2514 1616 2548 παράστασιν
1642 2511 1697 2538 τῶν
1713 2511 1836 2544 σήμερον

1042 2562 1120 2596 παρὰ
1129 2561 1183 2586 τῶν
1202 2560 1392 2594 μοναστηρίων
1403 2559 1562 2593 νεμομένων
1590 2559 1647 2589 τοίς
1665 2556 1836 2592 προσφόροῒοῖ

1043 2607 1184 2640 σεκρέτοις
1215 2604 1247 2630 δι’
1263 2604 1366 2639 εἴδησιν
1394 2602 1719 2637 ἐγκαταστρωθήσονται.
1745 2594 1840 2627 Ὀψείῖ

1042 2653 1117 2679 λουσι
1144 2651 1173 2677 δὲ
1185 2651 1287 2677 εἰδέναι
1302 2651 1392 2676 πάντα
1405 2650 1438 2675 τὰ
1460 2649 1639 2683 μοναστήρια.
1658 2641 1696 2673 ὡς
1727 2638 1784 2667 οἷον
1797 2640 1830 2666 ἂν

1022 2723 1025 2727 ,
1041 2699 1070 2731 ἐξ
1084 2698 1174 2724 αὐτῶν
1185 2698 1286 2732 εὑρεθῇ
1305 2696 1483 2732 ῥᾳδιουργίαν
1498 2691 1561 2717 τινὰ
1578 2689 1767 2724 ποιησάμενον
1783 2688 1830 2713 ἐπὶ

1041 2746 1097 2775 τοῖς
1111 2746 1233 2778 σήμερον
1250 2743 1316 2778 παρ’
1328 2742 1418 2770 αὐτῶν
1437 2737 1645 2773 κατεχομένοις,
1673 2736 1690 2771 ἢ
1707 2743 1828 2770 συμπαι-

1041 2792 1131 2824 γνίαν,
1147 2790 1163 2825 ἢ
1182 2790 1256 2817 δόλον
1272 2786 1473 2825 πλημμελῆσάν
1485 2793 1560 2817 τινα,
1575 2784 1605 2810 οὐ
1620 2784 1701 2818 μόνον
1717 2782 1765 2817 τῆς
1776 2781 1832 2808 ἀπὸ

1039 2836 1086 2863 τοῦ
1102 2836 1237 2871 παρόντος
1249 2834 1449 2871 χρυσοΰθύλλου
1462 2833 1543 2866 λόγου
1558 2831 1608 2867 τῆς
1623 2829 1829 2871 βασιλείαςὶμου

1039 2864 1174 2917 ὠφ;λείας
1183 2883 1233 2909 οὐκ
1250 2864 1420 2917 ἐιὺμοιρήσει
1458 2864 1504 2907 τὴ.
1518 2864 1640 2909 σύνολον,
1679 2875 1747 2902 ἀλλὰ
1763 2864 1828 2901 ’καὶ
