4056 6386
392 349 498 412 943

1568 371 1572 378 ι
1631 333 1910 396 THEOD.
1968 326 2368 389 BALSAMON

3531 323 3636 388 9M

393 464 642 522 hodierni
674 456 1051 536 diei‘rcpetito
1083 452 1281 509 diurno
1310 461 1364 507 et
1407 449 1666 519 deinceps
1709 449 1764 501 in
1798 460 1961 500 omne

2076 439 2216 492 οὕτω
2244 438 2614 510 παρατρέχειν
2632 438 2725 494 ἆτε
2757 437 2849 491 καὶ
2863 437 3040 493 αὐτῶν
3066 435 3494 508 ἀκαταζητήτων
3513 437 3645 508 μελ-

393 575 456 614 ac
494 566 810 629 perpetuum
843 563 1078 621 tempus,
1117 554 1173 602 et
1215 545 1334 600 sine
1360 543 1792 598 contradictione
1861 553 1961 590 su-

395 626 801 716 spiciuutur,ct
853 653 949 708 pro
999 652 1104 691 non
1140 633 1430 704 descriptis
1457 633 1508 686 in
1550 629 1780 701 publicis
1824 626 1962 680 actis

395 742 685 794 habentur.
719 733 870 787 Licet
903 740 1083 786 autem
1117 744 1223 782 non
1260 725 1537 796 descripta
1567 724 1674 778 sint
1706 723 1760 776 in
1794 721 1959 783 actis,

391 835 498 890 alio
535 841 710 884 tamen
745 827 979 897 quodam
1033 823 1192 877 modo
1244 821 1428 890 agnita
1473 828 1641 882 sunt;
1677 829 1726 870 et
1761 815 1840 870 sic
1878 828 1964 867 re-

392 933 571 994 cepta,
610 921 658 978 si
696 921 819 990 quis
878 924 1138 987 prmterea
1195 928 1315 981 qua:
1367 910 1660 964 constituta
1716 917 1842 962 sunt
1878 907 1962 961 lus

391 1017 590 1072 Aureis
615 1011 784 1066 Bullis
830 1019 884 1063 et
939 1005 1191 1077 praesenti
1245 1002 1548 1072 maiestatis
1592 1013 1725 1052 meae
1777 1013 1968 1054 οχοιιιε

392 1110 601 1178 ptione,
638 1104 803 1158 fuerit
851 1115 1020 1154 ausus
1074 1097 1276 1166 aliquid
1326 1091 1548 1162 exsequi
1575 1089 1630 1145 in
1679 1089 1962 1158 quibusvis

391 1196 838 1270 possessionibus
871 1188 1243 1243 immobilibus
1265 1193 1570 1238 vestrorum
1606 1179 1964 1234 monasterio!

391 1309 536 1355 rum,
590 1300 946 1358 praeterquam
986 1279 1132 1353 quod
1169 1279 1308 1333 [33531:
1359 1275 1657 1346 ntajcstatis
1693 1273 1962 1328 tenebitur

319 1366 330 1374 ’
393 1398 520 1436 reus
555 1381 718 1446 (sicut
749 1377 836 1430 his
861 1375 1055 1427 Aureis
1083 1370 1250 1424 Bullis
1278 1368 1558 1424 deﬁnitum
1595 1367 1698 1433 est)
1725 1365 1794 1417 ab
1820 1365 1960 1417 emi-

391 1472 715 1529 nentissiin
751 1481 968 1539 quoque
1014 1480 1110 1534 pro
1171 1472 1414 1530 tempore
1463 1458 1693 1529 mystico
1745 1457 1952 1510 illatum

391 1569 628 1637 cuipiam
668 1574 971 1618 vestrarum
1005 1555 1414 1627 possessionum
1446 1551 1705 1606 damnum
1757 1549 1962 1606 sarcire

392 1652 1122 1731 compclletur.Monasteriis
1145 1663 1364 1720 quoque
1393 1645 1668 1708 omnibus,
1695 1654 1959 1714 quantum

393 1758 444 1808 in
481 1753 615 1824 ipsis
646 1758 749 1816 est,
783 1762 928 1802 curae
956 1745 1079 1808 erit,
1123 1751 1231 1796 tam
1265 1741 1331 1795 iis
1368 1753 1490 1809 quae
1525 1745 1653 1792 sunt
1691 1736 1832 1790 intra
1863 1750 1960 1788 ur-

2070 533 2272 586 λόντων
2290 530 2661 602 διατηρεῖσθαι
2683 530 2789 584 άπὸ
2819 529 2909 584 τοῦ
2940 529 3223 601 δημοσίου,
3255 528 3350 584 ἐπὶ
3377 529 3514 581 πᾶσι
3530 517 3644 591 τοῖς

2069 625 2498 695 τοιουτοτρόπως
2529 623 2952 690 ὲπιγνωσθεῖσιν
2983 621 3135 689 αὐτῷ
3189 621 3284 675 ἀπ’
3315 619 3488 689 ἀρχῆς
3539 619 3644 687 τῆς
3704 615 3716 622 ’

2071 718 2313 787 σήμερον
2345 716 2760 786 ἀπαιτουμένης
2789 714 3092 785 ὲγχρονίας,
3124 713 3221 766 καὶ
3249 713 3329 774 είς
3357 713 3480 772 τοὺς
3516 711 3644 779 ἑξῆς

2070 812 2318 873 ἅπαντας
2349 811 2442 864 καὶ
2471 809 2740 880 διηνεκεῖς
2769 808 2994 878 χρόνους
3024 807 3338 877 δεχομένοις
3388 805 3645 873 ἀναντιρ-

2071 903 2271 972 ρήτως,
2309 903 2402 953 καὶ
2433 901 2508 962 ὼς
2552 900 2685 970 μηδὲ
2768 901 2826 952 ὲν
2911 899 3266 968 δημοσιακοίς
3319 897 3646 965 πρακτικοῖς

2069 995 2466 1062 καταγραφεῖσι
2495 991 2865 1062 λογιζομένοις
2897 1006 2912 1020 ·
2945 989 3046 1044 κᾶν
3077 990 3150 1060 μὴ
3211 986 3646 1058 κατεγράφησαν

2069 1084 2124 1136 δὲ
2159 1085 2218 1136 ἐν
2243 1087 2587 1156 πρακτικοῖς,
2619 1084 2793 1146 ἄλλως
2829 1083 2885 1136 δέ
2924 1099 3041 1144 πως
3066 1081 3416 1151 ἐγνώσθησαν
3449 1095 3462 1110 ·
3491 1079 3647 1148 δεχο-

2072 1175 2253 1246 μένοις
2289 1178 2383 1229 κα).
2413 1175 2575 1242 οὕτω,
2626 1169 2742 1228 τοῦ
2781 1175 3281 1246 κατατολμήσοντος
3344 1171 3564 1246 ἔτερόν,
3589 1186 3648 1222 τι

2069 1273 2220 1344 παρὰ
2245 1273 2578 1342 διωρισμένα
2608 1275 2719 1336 τοῖς
2744 1272 3003 1333 τοιούτοις
3061 1267 3495 1341 χρυσοϐούλλοις,
3551 1265 3648 1317 καὶ

2069 1370 2135 1437 τῇ
2166 1366 2417 1438 παρούσῃ
2447 1365 2598 1420 λύσει
2623 1369 2722 1437 τῆς
2753 1367 3029 1436 βασιλείας
3064 1383 3190 1436 μου,
3224 1363 3317 1416 ἐπὶ
3371 1363 3490 1423 ταῖς
3541 1359 3649 1411 ὑπὸ

2070 1459 2168 1521 τὰς
2198 1460 2320 1512 καθ’
2355 1460 2500 1528 ὑμᾶς
2535 1460 2704 1530 μονὰς
2753 1458 3034 1522 παντοίαις
3086 1458 3366 1532 ἀκινήτοις
3418 1453 3646 1524 κτήσεσι

2071 1551 2502 1622 διαπράξασθαι,
2538 1554 2635 1606 σὺν
2668 1553 2744 1622 τῷ
2775 1554 2870 1606 καὶ
2932 1550 3261 1606 καθοσιώσει
3317 1546 3650 1606 ὑποπίπτειν

2069 1645 2279 1715 (καθὼς
2311 1645 2397 1697 διὰ
2427 1645 2534 1697 τῶν
2568 1645 2824 1699 τοιούτων
2858 1642 3276 1714 χρυσοϐούλλων
3329 1636 3648 1710 διωρίσθη.)

2070 1739 2164 1792 καὶ
2198 1737 2352 1809 παρὰ
2377 1738 2471 1791 τοῦ
2492 1739 2636 1792 κατὰ
2663 1741 2760 1810 τὴν
2785 1741 2998 1810 ἡμέραν
3036 1733 3647 1807 μεγαλεπιφανεστάτου

389 1805 534 1907 boui,
567 1805 749 1912 quam,
777 1853 898 1910 quae
957 1843 1149 1898 extra,
1192 1833 1293 1888 sub
1335 1805 1582 1886 terminis
1643 1827 1710 1882 iis
1769 1826 1964 1880 Aureis

2076 1828 2372 1893 Μυστικοῦ,
2403 1828 2962 1898 καταναγκαζομένου
3000 1829 3079 1890 είς
3107 1827 3206 1897 τὴν
3262 1819 3650 1891 ἐπενεχθεῖσαν

395 1938 560 1992 ιςυιιιε
589 1930 1004 2002 comprehensis
1044 1921 1392 1996 imperatoris
1417 1919 1602 1990 inclyti
1637 1927 1690 1972 ct
1719 1918 1822 1988 pia:
1854 1932 1966 1971 me-

2076 1939 2166 1974 εινι
2197 1922 2305 1974 τῶν
2339 1923 2410 1991 ὑφ
2459 1923 2620 1993 ὑμᾶς’
2671 1922 2917 1993 κτήσεων
2951 1921 3155 1992 βλάϐην
3209 1913 3649 1988 ἀποθεραπεύειν

325 2053 332 2061 ·
395 2029 606 2093 moriar,
635 2026 841 2080 domini
877 2037 941 2076 ac
980 2018 1152 2091 patris
1189 2013 1494 2084 maiestatis
1555 2027 1687 2064 mea:
1737 2025 1798 2063 ea
1847 2026 1969 2079 pcr-

2076 2016 2228 2086 ιύτῇ.
2263 2015 2507 2086 Μελήσει
2547 2017 2734 2086 μέντοι
2763 2017 2856 2069 καὶ
2887 2015 2964 2084 τῷ
2997 2015 3152 2085 μέρει
3179 2012 3289 2066 τῶν
3327 2008 3512 2081 μονῶν
3540 2025 3649 2060 πα·-

371 2136 575 2192 .agere,
601 2133 722 2187 qua:
754 2117 806 2168 in
836 2106 1040 2169 nostris
1070 2106 1479 2166 couuneutariis
1509 2102 1780 2157 declarata
1815 2110 1966 2168 sunt;

2076 2111 2197 2173 τῶν,
2229 2111 2336 2163 τῶν
2365 2128 2423 2162 τε
2450 2110 2600 2174 ἐντὸς
2639 2110 2736 2177 τῆς
2769 2109 3190 2180 μεγαλοπόλεως
3226 2106 3320 2159 καὶ
3354 2105 3510 2166 ἐκτὸς
3542 2099 3650 2154 ὑπὸ

390 2214 496 2270 nisi
535 2211 700 2266 velint
729 2209 820 2262 tali
855 2203 1216 2262 excusatione
1247 2199 1470 2270 privari,
1502 2213 1568 2253 eo
1598 2197 1744 2267 quod
1795 2195 1967 2251 semel

2076 2202 2194 2265 τοὺς
2224 2201 2795 2274 ἐμπεριειλημμένους
2831 2203 3016 2273 μέντοι
3059 2203 3220 2272 ὅρους
3242 2201 3354 2262 τοῖς
3384 2195 3648 2256 τοιούτοις

391 2315 602 2361 tantum
631 2318 692 2356 ea
731 2298 1091 2370 neglexerint.

2076 2294 2492 2365 χρυσοϐούλλοις
2555 2294 2957 2364 διακειμένων,
3022 2293 3115 2346 τοῦ
3177 2295 3236 2345 ὲν
3288 2291 3406 2353 τοίς
3445 2302 3651 2358 μνημοο

391 2404 571 2466 σύνοις
604 2399 698 2455 τοῦ
749 2401 802 2453 ὲν
863 2393 1176 2467 βασιλεῦσιν
1203 2391 1478 2462 ζὰοιδίμου
1513 2386 1772 2442 αύθέντού
1829 2386 1923 2440 καὶ
1975 2389 2182 2460 πατρὸς
2213 2389 2314 2458 τῆς
2341 2390 2618 2459 βασιλείας
2651 2407 2754 2461 μου
2783 2391 3022 2444 ἐκτελεῖν
3053 2391 3149 2442 ὃσα
3169 2391 3228 2442 ἐν
3256 2391 3321 2460 τῇ
3348 2387 3653 2455 ὑπομνήσει

387 2499 540 2571 ὑμῶν
563 2493 914 2562 δεδούλωται,
943 2490 991 2540 εἰ
1024 2487 1098 2556 μὴ
1129 2483 1410 2552 βούλονται
1435 2481 1536 2551 τῆς
1569 2478 1822 2547 τοιαύτης
1852 2478 2164 2543 ὲξκουσείας
2189 2480 2462 2535 διαπεσεῖν
2513 2483 2576 2535 ὲκ
2637 2481 2731 2536 τοῦ
2760 2481 2906 2547 ἅπαξ
2955 2481 3160 2536 τούτων
3219 2479 3620 2549 καταμελῆσαι.

461 2595 568 2650 Sed
595 2604 650 2647 et
678 2587 1037 2646 sanctissima:
1091 2583 1201 2636 Deo
1250 2581 1460 2650 Magnae
1495 2576 1742 2633 ecclesia:
1789 2577 1968 2627 Aurea

389 2690 543 2744 Bulla
567 2686 695 2738 data
722 2690 808 2738 est
837 2675 1074 2750 potentis
1105 2675 1276 2729 nostri
1310 2669 1681 2742 imperatoris,
1707 2684 1825 2738 quae
1855 2667 1969 2720 hthc

389 2784 456 2838 ad
489 2778 713 2834 verbum
748 2771 1013 2829 continet:

464 2871 529 2927 Et
555 2871 628 2924 illi
657 2867 874 2939 quidem
914 2863 1140 2939 antiquo
1170 2866 1224 2914 et
1263 2857 1462 2914 celebri
1511 2857 1824 2913 Solomonis
1871 2871 1964 2913 sa-

394 2962 610 3037 pientiae
665 2937 864 3026 templo
898 2937 996 3024 pro
1045 2951 1253 3007 viribus
1297 2949 1599 3006 ollerebant
1641 2964 1880 3032 omnes:
1917 2954 1973 3003 et

397 3057 527 3112 huic
553 3068 772 3124 quoque
804 3063 960 3104 sacro
980 3055 1032 3101 et
1066 3045 1305 3098 maximo
1333 3044 1558 3112 templo,
1586 3042 1732 3112 quod
1762 3051 1845 3097 est
1869 3041 1972 3096 sub

398 3152 616 3205 nomine
657 3145 750 3204 Dei
782 3139 1081 3210 sapientiae,
1106 3139 1199 3208 qui
1237 3152 1302 3190 ex
1345 3134 1638 3190 Solomone
1672 3143 1726 3190 et
1767 3134 1971 3189 bavide

395 3237 698 3301 secundum
751 3229 1146 3288 humanitatem
1206 3229 1529 3292 derivatur,
1582 3227 1870 3295 magnifice
1916 3236 1971 3280 et

396 3331 650 3402 regaliter
684 3337 987 3400 exstructo,
1011 3323 1168 3392 cuius
1195 3321 1326 3374 illud
1354 3319 1664 3374 Solomonis
1692 3329 1809 3373 erat
1841 3333 1973 3388 prm-

393 3425 664 3494 liburatiu,
691 3435 862 3483 novae,
891 3420 1136 3487 inquam,
1157 3415 1308 3475 Sion,
1333 3429 1473 3468 arcae
1497 3412 1968 3476 sanctiﬁcationis,

396 3516 707 3574 Servatoris
737 3510 910 3568 nostri
942 3509 1216 3574 Ecclesiae,
1247 3523 1412 3576 quam
1445 3522 1609 3576 super
1637 3505 1971 3574 apostolico-

337 3636 353 3643 -
394 3626 516 3665 rum
553 3609 937 3660 mandatorum
971 3612 1178 3672 petram
1214 3615 1406 3656 revera
1461 3599 1712 3654 stabilem
1761 3607 1816 3652 et
1871 3599 1974 3651 iut-

393 3702 650 3760 mobilem
688 3697 926 3768 Spiritus
955 3704 1182 3751 Sanctus
1208 3692 1519 3755 azdilicavit,
1551 3691 1706 3744 multi
1753 3691 1969 3745 diversa

398 3807 623 3849 munera
655 3791 996 3851 obtulerunt,
1025 3803 1146 3857 quae
1180 3787 1232 3841 in
1261 3785 1633 3840 inuuobilibus
1659 3784 1970 3853 possessio-

395 3887 558 3941 nibus
591 3893 908 3952 spectantur
941 3880 1010 3933 ad
1047 3881 1312 3934 orientem
1348 3887 1402 3932 et
1447 3880 1787 3930 occidentem
1823 3875 1970 3938 sitis,

393 3988 450 4034 et
487 3982 542 4032 in
576 3977 853 4044 aliquibus
887 3973 1108 4026 insulis.
1133 3970 1391 4036 Quaedam
1424 3979 1478 4022 et
1515 3984 1608 4036 per
1637 3968 1969 4036 emptionem

397 4070 466 4123 ab
489 4083 555 4123 eo
591 4076 719 4122 sunt
749 4060 1274 4134 reqttisita.~llorum
1305 4061 1470 4112 multa
1515 4062 1606 4129 (ne
1635 4060 1814 4112 dicam
1850 4059 1970 4128 plu-

397 4163 558 4232 rima)
593 4158 831 4213 diversis
881 4173 945 4211 ex
996 4156 1180 4210 causis
1205 4154 1274 4210 ad
1312 4157 1501 4208 iiscum
1545 4153 1812 4222 pertinere
1844 4169 1974 4208 cen-
2004 4141 2015 4150 ’

397 4255 662 4309 sebantur
694 4251 763 4303 ab
799 4250 887 4312 iis,
939 4250 1032 4309 qui
1071 4245 1272 4312 ubique
1314 4253 1444 4300 sunt
1471 4287 1484 4304 .
1522 4245 1725 4314 publici
1768 4258 1972 4296 census

397 4343 828 4412 descriptoribus
859 4341 1094 4408 aliisque
1135 4340 1190 4392 in
1223 4338 1494 4407 ejusmodi
1544 4351 1706 4390 renus
1759 4337 1971 4404 exerci-

398 4431 730 4503 tatis.309
752 4431 1018 4496 Quoniam
1049 4439 1230 4485 autem
1270 4429 1374 4483 hoc
1407 4429 1474 4482 ad
1509 4427 1812 4494 majestatis
1841 4441 1974 4478 mea:

1998 3195 2042 3253 C

2155 2575 2314 2632 ’Δλλά
2347 2579 2440 2632 καὶ
2472 2581 2536 2649 τῇ
2565 2580 2848 2652 ἁγιωτάτῃ
2877 2577 2969 2632 τοῦ
2996 2577 3135 2631 Θεοῦ
3166 2577 3394 2646 Μεγάλῃ
3456 2575 3659 2646 ἐκκληο

2072 2669 2165 2740 σία
2195 2670 2484 2743 ὲπωρέχθη
2514 2672 2916 2742 χρυσὸϐουλλον
2945 2671 3039 2725 τοῦ
3072 2671 3337 2742 κραταιοῦ
3361 2669 3519 2738 ἡμῶν
3554 2669 3655 2740 βα·

2075 2763 2292 2830 σιλέως,
2321 2764 2494 2818 ταῦτα
2523 2765 2668 2819 κατὰ
2694 2766 2848 2837 ῥῆμα
2883 2764 3258 2836 διαλαμϐάνον
3279 2781 3294 2797 ο

2145 2855 2252 2908 Καὶ
2284 2855 2360 2928 τῷ
2404 2856 2626 2928 παλαιῷ
2673 2858 2774 2927 μὲν
2809 2857 3004 2929 ἐκείνῳ
3050 2858 3148 2911 καὶ
3181 2857 3505 2929 περιπύστῳ
3554 2855 3657 2922 τῆς

2076 2947 2172 3002 τοῦ
2205 2948 2553 3018 Σολομῶντος
2580 2949 2773 3020 σοφίας
2804 2949 2920 3020 ναῷ
2942 2951 3002 3004 τὸ
3031 2950 3176 3003 κατὰ
3215 2950 3449 3020 δύναμιν
3471 2964 3660 3019 προσ-

2078 3039 2275 3110 ἔφερον
2313 3039 2626 3111 ξύμπαντες
2651 3057 2666 3071 ⁸
2693 3043 2788 3095 καὶ
2827 3040 2904 3112 τῷ
2939 3041 3071 3112 ίερῷ
3099 3041 3156 3094 δὲ
3183 3040 3358 3110 τούτῳ
3387 3041 3480 3092 καὶ
3500 3056 3659 3109 παμ-

2082 3132 2320 3204 μεγίστῳ
2371 3135 2590 3204 τεμένει
2618 3135 2696 3201 τῷ
2730 3133 2819 3188 ἐπ’
2862 3137 3099 3205 ὀνόματι·
3129 3137 3228 3206 τῆς
3255 3134 3351 3188 τοῦ
3388 3133 3524 3187 Θεοῦ
3561 3133 3659 3185 Σο-

2077 3225 2228 3298 φίας,
2257 3226 2356 3299 τοῦ
2410 3230 2504 3280 καὶ
2555 3229 2618 3281 ἐκ
2676 3227 3024 3298 Σολομῶντος
3059 3229 3410 3297 κατηγμένου
3466 3226 3561 3280 καὶ
3590 3227 3662 3279 ἐκ

2077 3317 2242 3390 Δαϐὶδ
2269 3320 2407 3372 κατὰ
2437 3320 2498 3372 τὸ
2527 3321 2626 3374 ἀνθ
2637 3320 2892 3390 ρώπινον,
2923 3320 3222 3390 φιλοτίμως
3247 3318 3406 3382 ὄντας
3443 3318 3622 3387 ὲνιδρυ
3640 3344 3658 3357 ο

2081 3412 2227 3482 μένῳ
2259 3412 2352 3465 καὶ
2373 3413 2451 3479 τῷ
2473 3412 2586 3464 ὄντι
2620 3412 2936 3484 βασιλικῶς,
2969 3408 3030 3467 οῦ
3062 3415 3314 3475 κάκεῖνος
3338 3409 3405 3482 ἧν
3436 3413 3464 3465 ὁ
3497 3411 3664 3464 Σολοο

2081 3501 2344 3572 μὼντειος
2376 3503 2812 3574 προεκτύπωμα,
2845 3508 2910 3576 τῇ
2952 3507 3050 3576 νέᾳ
3095 3506 3240 3574 λέγω
3270 3504 3430 3566 Σιὼν.
3459 3506 3526 3574 τῇ
3559 3501 3659 3555 τοῦ

2079 3597 2420 3666 ἁγιάσματος
2452 3597 2696 3668 κιϐωτῷ,
2734 3601 2800 3669 τῇ
2833 3597 2930 3650 τοῦ
2959 3599 3210 3668 Σωτῆρος
3236 3598 3394 3668 ἡμῶν
3425 3593 3662 3662 Ἐκκλη-

2081 3691 2195 3760 σία,
2222 3690 2290 3758 ἢν
2322 3694 2387 3762 τῇ
2429 3693 2610 3764 πέτρᾳ
2667 3692 3060 3763 ἐπῳκοδόμησε
3109 3692 3219 3745 τῶν
3273 3689 3660 3744 ἀποστολικῶν

2079 3783 2377 3850 διατάξεων
2429 3785 2492 3836 τὸ
2555 3785 2780 3863 Πνεῦμα
2811 3787 2872 3838 τὸ
2924 3779 3276 3852 ἆγιονῖντως
3309 3784 3531 3854 ἀρραγῆ
3560 3783 3660 3834 καὶ

2081 3869 2399 3938 ἁκλὸνητονζ
2423 3871 2658 3940 διάφορα
2692 3872 2881 3925 πολλοὶ
2931 3873 3285 3942 προσήγαγον
3307 3871 3658 3942 άναθέματα,

2079 3961 2138 4011 ὲν
2172 3963 2450 4031 ἀκινήτοις
2492 3961 2847 4032 θεωρούμενα
2905 3966 3007 4034 κτή
3021 3981 3132 4016 σεσι
3189 3963 3334 4018 κατά
3363 3981 3421 4016 τε
3451 3965 3552 4034 τὴν
3581 3963 3661 4017 ἕω

2079 4053 2453 4122 διακειμέναις
2479 4055 2574 4106 καὶ
2602 4054 2736 4124 πρὸς
2765 4054 2998 4124 δυσμάς,
3023 4056 3159 4109 ἀλλὰ
3179 4056 3243 4126 δὴ
3271 4059 3363 4109 καὶ
3391 4058 3531 4109 κατά
3547 4057 3662 4110 τῶν

2082 4149 2262 4215 νήσων
2292 4149 2471 4212 τινάς.
2510 4150 2630 4201 Εἰσὶ
2679 4150 2725 4202 δ’
2775 4149 2812 4204 ἃ
2849 4150 3150 4221 περιῆλθον
3180 4153 3358 4220 τούτῳ
3409 4153 3504 4204 καὶ
3533 4151 3660 4205 κατ’

2081 4240 2364 4310 ὲξώνῃσιν.
2405 4241 2626 4295 Τούτων
2672 4243 2844 4296 πολλά
2873 4244 2998 4314 (ἵνα
3049 4245 3123 4314 μὴ
3161 4245 3304 4314 λέγω
3354 4245 3421 4298 τά
3447 4245 3660 4315 πλείω)

2081 4331 2152 4385 ὲκ
2171 4333 2443 4402 διαφόρων
2470 4335 2814 4404 αίτιαμάτων
2843 4337 2921 4408 τῷ
2947 4337 3194 4408 δημοσίῳ
3219 4339 3660 4410 προσαρμόττειν

2079 4424 2494 4492 διεγινώσκοντο
2553 4429 2708 4496 παρά
2741 4445 2801 4479 τε
2840 4424 2947 4481 τῶν
2983 4430 3350 4498 ἁναγραφέων
3409 4430 3504 4482 καὶ
3546 4431 3659 4481 τῶν

400 4541 561 4582 aures
595 4525 908 4595 frequenter
934 4523 1171 4579 delatum
1195 4531 1281 4577 est
1313 4535 1342 4572 a
1373 4519 1639 4572 relatione
1664 4534 1853 4572 eorum
1879 4522 1970 4585 qui

2082 4519 2253 4572 ἄλλων
2286 4521 2413 4588 περὶ
2439 4521 2610 4572 ταῦτα
2637 4520 2843 4574 δεινῶν.
2890 4520 3042 4573 Ἐπεὶ
3080 4521 3135 4574 δὲ
3170 4525 3287 4584 ταῖς
3319 4525 3506 4583 ἀκοαῖς
3537 4523 3661 4590 ἐνη-

404 4619 568 4688 hujus
606 4616 788 4686 magni
821 4624 876 4669 et
911 4617 1054 4670 sacri
1089 4615 1272 4684 templi
1301 4622 1429 4665 sunt
1463 4609 1757 4674 mcunomi,
1786 4612 1970 4664 statim

409 4711 544 4764 nihil
574 4720 829 4764 cunctata
866 4707 1278 4784 niajestas‘mca
1303 4703 1444 4756 hanc
1481 4711 1801 4772 prasentem
1839 4705 1973 4758 deli-
2003 4747 2009 4754 .

401 4804 662 4860 nitiouent
711 4806 890 4856 Aurea
921 4801 1072 4852 Bulla
1123 4796 1389 4848 munitam
1444 4795 1799 4850 sanctissimo
1842 4797 1970 4852 huic

401 4894 602 4962 templo
647 4895 872 4961 elargita
927 4900 1049 4954 est;
1089 4904 1183 4956 per
1231 4903 1396 4956 quam
1448 4890 1497 4943 ei
1537 4904 1670 4957 pure
1719 4889 1889 4943 donat
1921 4901 1976 4942 et

396 4986 652 5041 Concedit
701 4999 888 5041 nostra
926 4984 1100 5051 pietas
1131 4983 1316 5034 omnia
1343 5021 1358 5046 ,
1387 4997 1509 5051 quae
1542 4967 1607 5038 ad
1645 4985 1834 5038 iiscum
1874 5001 1971 5039 seu

403 5078 678 5148 publicum
711 5074 1199 5147 quomodocunquc
1248 5075 1538 5143 pertinent,
1560 5091 1625 5128 ex
1656 5075 1743 5137 iis,
1769 5091 1890 5144 qua:
1923 5078 1975 5128 in

403 5177 612 5228 oriente
645 5181 701 5224 et
736 5171 1018 5222 occidente
1045 5181 1094 5220 et
1123 5170 1175 5220 in
1214 5170 1466 5222 ouiuibus
1521 5169 1720 5224 insulis
1754 5170 1823 5223 ab
1867 5170 1975 5223 illis

406 5265 777 5336 possidentur.
821 5260 1238 5312 omnii’ariormu
1275 5261 1636 5316 inimobilium
1669 5264 1973 5329 possessio.

406 5359 586 5418 nibus,
624 5362 884 5420 tanquam
937 5351 1138 5403 donum
1189 5351 1308 5420 ejus
1356 5361 1410 5403 ct
1469 5367 1682 5406 suetam
1735 5354 1974 5421 aliquant

406 5449 762 5507 oblationem,
821 5443 936 5496 sive
963 5443 1139 5498 coloni
1191 5451 1334 5505 suit,
1375 5444 1492 5498 sive
1533 5457 1698 5507 terra,
1747 5446 1974 5508 aiabilis

409 5541 621 5593 scilicet
661 5537 739 5588 vel
777 5535 1060 5604 pratensis,
1107 5536 1188 5590 vel
1218 5539 1434 5589 consita
1471 5536 1694 5599 vitibus,
1727 5538 1809 5590 vel
1839 5539 1971 5590 bor-
2000 5565 2005 5576 ι

349 5701 351 5704 ς
408 5630 600 5693 tensis,
627 5628 711 5681 vel
750 5628 1277 5697 cujusmodicuuque
1313 5623 1538 5696 praedia,
1568 5630 1683 5683 sive
1715 5629 1966 5698 inquilini

411 5723 778 5790 negetiatores
815 5722 893 5776 vel
931 5723 1194 5785 artiiiccs,
1225 5733 1277 5774 et
1312 5723 1358 5776 si
1387 5732 1570 5776 castra
1605 5725 1657 5775 in
1694 5723 1970 5792 aliquibus

405 5827 594 5868 earum
630 5825 908 5870 exstruma
945 5815 1056 5869 sint
1081 5852 1096 5880 ,
1130 5813 1210 5870 vel
1257 5812 1456 5881 aliquid
1506 5815 1678 5878 aliud,
1726 5815 1868 5884 quod
1906 5816 1970 5868 ad

2081 4611 2219 4682 χήθη
2255 4611 2356 4680 τῆς
2393 4611 2673 4680 βασιλείας
2701 4629 2802 4681 μου
2839 4611 2898 4676 ἐξ
2932 4613 3214 4683 ἀναφορᾶς
3253 4614 3362 4666 τῶν
3391 4614 3534 4666 κατὰ
3565 4613 3659 4667 τὸν

2083 4705 2339 4772 μέγιστον
2357 4707 2544 4758 τοῦτον
2566 4707 2661 4758 καὶ
2679 4704 2820 4758 θεῖον
2840 4705 3272 4774 οἰκονομούντων
3291 4707 3440 4772 ναὸν,
3459 4707 3663 4760 αὐτίκα

2082 4798 2247 4866 μηδὲν
2311 4799 2585 4868 μελλῆσαν
2642 4799 2700 4850 τὸ
2734 4798 3002 4876 ἡμέτερον
3048 4801 3250 4868 κράτος
3287 4801 3378 4853 τὸν
3411 4799 3662 4870 παρόντα

2080 4891 2475 4968 χρυσόϐουλλον
2510 4891 2669 4958 λόγον
2699 4891 2778 4961 τῷ
2813 4893 3108 4959 πανσέπτῳ
3139 4894 3313 4964 τούτῳ
3379 4894 3532 4964 σηκῷ
3562 4898 3664 4946 ὲπο

2082 4982 2401 5052 εϐράϐευσε,
2428 4983 2494 5035 δι’
2515 4977 2575 5036 οῦ
2603 4982 2858 5054 καθαρῶς
2882 4984 3030 5054 αὐτῷ
3053 4986 3305 5055 δωρεῖταί
3321 5005 3379 5039 τε
3407 4988 3502 5040 καὶ
3523 4989 3662 5040 ἀπο.

2081 5074 2366 5144 χαρίζεται
2397 5077 2428 5144 ἡ
2465 5077 2711 5148 ἡμετέρα
2763 5079 3014 5131 εὐσέϐεια
3047 5081 3265 5133 ἅπαντα
3293 5082 3360 5134 τὰ
3391 5082 3468 5152 τῷ
3494 5081 3662 5152 δημο-

2082 5167 2184 5236 σίῳ
2216 5167 2573 5236 ὁπωσδήποτε
2607 5169 2936 5240 διαφέροντα
2978 5170 3087 5223 ἀπό
3119 5189 3179 5224 τε
3209 5173 3318 5224 τῶν
3340 5178 3396 5226 ὲν
3426 5177 3490 5242 τῇ
3528 5176 3658 5222 ἀνα-

2047 5291 2050 5294 ~
2079 5261 2208 5328 τολῇ
2229 5262 2323 5312 καὶ
2347 5264 2411 5330 τῇ
2442 5260 2592 5312 δύσει
2621 5266 2714 5313 καὶ
2747 5266 2862 5325 ταῖς
2881 5264 3030 5325 ὅλαις
3061 5266 3243 5334 νήσοις
3275 5262 3657 5331 κατεχομένων

2083 5353 2212 5419 παρ’
2265 5353 2449 5415 αὐτοῖς
2501 5359 2774 5408 παντοίων
2830 5359 3107 5433 ἀκινήτων
3172 5360 3536 5425 ὲπικτήσεων,
3580 5355 3655 5418 ὡς

2080 5444 2248 5512 δῶρον
2280 5445 2484 5513 ταύτης
2525 5449 2617 5499 καὶ
2653 5449 2816 5516 ἱερόν,
2848 5465 2899 5500 τι
2937 5447 3215 5515 ἀνάθημα,
3271 5438 3655 5518 κᾶνσιάροικοι

2081 5530 2204 5599 ὦσι,
2233 5537 2336 5590 κΞιν
2367 5539 2460 5608 γῆ,
2493 5541 2761 5610 ἁρόσιμος
2783 5541 2942 5610 τυχὸν
2976 5543 3008 5613 ἢ
3034 5540 3312 5594 λιϐαδιαία
3335 5543 3368 5614 ἢ
3392 5543 3649 5612 ὑπαμπε-

2081 5629 2171 5692 λος
2203 5630 2236 5698 ἢ
2268 5632 2636 5702 κηπεύσιμοξ,
2697 5632 2802 5685 κᾶν
2852 5633 3159 5703 αύτούργια
3207 5635 3516 5704 οἱαδητινα,
3548 5636 3655 5688 κᾶν

2080 5723 2280 5776 ἔνοικοι
2308 5725 2794 5795 πραγματευταὶῆ
2826 5727 3277 5797 ἐργαστηριακοὶ,
3313 5728 3419 5782 κᾶν
3437 5729 3654 5798 κάστρα

2086 5819 2142 5871 ἓν
2175 5833 2284 5868 τισι
2315 5815 2519 5868 τούτων
2541 5817 2992 5889 ᾠκοδομήοησαν,
3021 5821 3126 5874 κᾶν
3150 5819 3338 5890 ἕτερόν
3368 5837 3420 5874 τι
3440 5823 3656 5876 ὁποιον-
