4056 6388
451 417 558 481 945

1500 418 1575 479 [Ν
1615 418 1782 479 CAN.
1826 415 1934 476 ΧΠ
1974 416 2178 478 CONC.
2214 418 2321 478 VII
2360 419 2711 483 (ECUMEN.

3593 416 3698 481 946

451 530 719 597 δηποτοῦν
747 530 824 599 τῷ
845 531 1088 603 δημοσίῳ
1106 491 1364 603 διαφέρον
1384 531 1444 585 ιν
1473 530 1681 593 τούτοις
1704 527 2014 601 ὲφεύρηται.

2130 528 2402 595 publicum
2454 532 2639 601 utique
2669 531 2921 605 pertinet,
2956 531 3008 586 in
3060 532 3128 587 iis
3181 526 3463 586 inventum
3505 531 3693 586 fuerit.

466 625 794 694 Ἐπανορθοϊ
834 626 889 680 δὲ
916 628 948 695 ἡ
975 626 1221 694 βασιλεία
1257 644 1357 695 μου
1386 626 1473 679 διὰ
1505 626 1600 679 τοῦ
1638 626 1910 697 παρόντος
1932 625 2023 677 εὑ-

454 715 648 775 σεϐοῦς
688 717 1086 785 χρυσοὸούλλου
1133 717 1295 785 λόγου
1328 718 1421 769 καὶ
1445 718 1547 770 ὅσα
1585 734 1689 770 που
1715 716 2019 786 χωλεύοντα

451 809 802 877 εὑρίσκονται
855 811 950 864 ἐπὶ
980 813 1092 873 τοῖς
1143 811 1407 879 προσοῦσι
1440 814 1504 881 τῇ
1536 810 1889 880 διαληφθείσῃ
1924 809 2018 864 τοῦ

450 900 587 952 Θεοῦ
624 900 849 972 Μεγάλη
888 902 1155 972 ἐκκλησίᾳ
1209 902 1592 971 δικαιώμασιν,
1635 906 1693 956 ἐν
1725 906 1857 957 πᾶσι
1906 908 2020 967 τοῖς

450 994 714 1055 τοιούτοις
747 994 1042 1062 ἀκινήτοις,
1070 996 1225 1047 ὁποῖα
1264 996 1328 1047 ἂν
1350 997 1443 1048 καὶ
1475 991 1597 1057 ὦσι,
1631 997 1724 1049 καὶ
1752 998 1931 1051 πάντα
1952 996 2021 1050 τὰ

451 1086 724 1154 προσόντα
758 1088 895 1157 αὑτῇ
930 1089 1071 1142 κατά
1092 1104 1148 1141 τε
1174 1089 1326 1142 δύσιν
1364 1091 1459 1143 καὶ
1501 1090 1765 1161 ἀνατολὴν
1798 1090 1893 1143 καὶ
1921 1090 2021 1152 τάς

448 1176 578 1240 ὅλας
609 1180 826 1248 νήσους,
858 1180 932 1242 ὡς
965 1180 1059 1232 νῦν
1092 1180 1243 1251 παρὰ
1262 1182 1363 1248 τῆς
1389 1181 1665 1251 βασιλείας
1691 1200 1792 1250 μου
1817 1180 2024 1249 δωρού-

452 1285 589 1334 μενα
649 1271 744 1321 καὶ
792 1270 1199 1339 παραδιδόμενα
1247 1270 1420 1339 ταύτῃ
1447 1268 1757 1337 λογίζεσθαι
1809 1268 1898 1321 διὰ
1922 1269 2021 1337 τῆς

449 1360 731 1431 παρούσης
760 1361 1019 1423 εὐσεϐοῦς
1046 1362 1443 1431 χρυσοόούλλου
1472 1363 1752 1431 γραφῆςΤὴ
1789 1360 2021 1428 γαληνό-

446 1471 548 1518 της
574 1455 735 1523 ήμῶν
770 1455 1019 1518 θεσπίζει
1070 1458 1164 1509 καὶ
1219 1456 1535 1525 διορίζεται.
1572 1456 1690 1533 ’Διά
1722 1457 1831 1524 γάρ
1865 1454 2020 1508 τοῦτο

446 1548 542 1598 κα)⁵
588 1548 984 1616 περιορισμοὺς
1039 1546 1309 1617 προϐῆναι
1359 1547 1719 1616 λεπτομερεῖς
1749 1546 2020 1599 παντοίων

444 1637 722 1707 ἀκινήτων
753 1637 1088 1705 δηλωτικοὺς
1137 1640 1232 1689 καὶ
1267 1636 1377 1690 τῶν
1406 1637 1463 1691 ἐν
1490 1638 1674 1697 αὐτοῖς
1704 1635 2021 1705 προσκαθη-

448 1730 627 1793 μένων
682 1728 966 1798 παροίκων
1001 1746 1059 1783 τε
1085 1729 1178 1782 καὶ
1210 1730 1455 1794 ἐνοίκων,
1492 1729 1573 1784 ἔτι
1601 1728 1657 1781 δὲ
1702 1728 1797 1781 καὶ
1827 1726 1933 1781 τῶν
1960 1729 2019 1779 ὲν

440 1820 656 1883 τούτοις
688 1812 1095 1892 εὑρισκομένων
1147 1822 1420 1875 παντοίων
1471 1822 1837 1891 αὑτουργίων,
1868 1823 2018 1897 παρά

439 1917 551 1967 τῶν
582 1916 723 1969 κατὰ
748 1916 946 1979 τόπους
979 1916 1367 1987 ἀναγραφέων,
1391 1917 1487 1970 καὶ
1520 1919 1641 1976 ταῖς
1678 1916 2015 1983 πιστωθῆναι

441 2006 813 2073 ὑπογραφαῖς,
851 2006 1050 2074 καὶτῷ
1082 2008 1238 2076 μέρει
1278 2006 1378 2074 τῆς
1423 2007 1732 2077 ἁγιωτάτης
1758 2006 2019 2077 Μεγάλης

442 2098 743 2167 ἐκκλησίας
812 2099 1128 2168 ἐπιδοθῆναι
1178 2100 1259 2161 εἰς
1292 2099 1597 2168 ἀσφάλειαν
1655 2098 2018 2162 αίωνίζουσαν

437 2192 499 2243 τὸ
525 2194 727 2259 κράτος
755 2194 917 2262 ἡμῶν
977 2192 1355 2260 ὲγκελεύεται,
1406 2195 1482 2256 ὼς
1512 2194 1579 2246 ἂν
1606 2187 1707 2246 ὦσι
1738 2194 1871 2264 δῆλα
1923 2195 2018 2247 καὶ

437 2285 820 2354 ἀναμφίλεκτα
870 2285 1183 2355 ξύμπαντα,
1214 2286 1307 2339 καὶ
1361 2286 1631 2352 μηδέποτε
1667 2286 1777 2338 τῶν
1806 2285 2017 2354 καιρῶν

438 2376 533 2428 ὑπ’
560 2377 850 2446 ἀνάκρισιν
877 2377 1097 2444 ἄγοιντο
1117 2378 1247 2449 παρ’
1263 2378 1575 2431 οὑτινοσοῦν
1599 2377 1709 2430 τῶν
1733 2378 1873 2431 κατὰ
1896 2396 2016 2434 και-

442 2470 568 2534 ροὺς
616 2469 985 2540 ἀναγραφέων
1025 2470 1058 2539 ἢ
1111 2470 1365 2523 ἐπόπτων
1416 2471 1449 2539 ἢ
1488 2471 1760 2536 ὲξισωτῶν
1786 2473 1881 2524 καὶ
1906 2473 2014 2525 τῶν

437 2560 613 2615 ἄλλως
641 2560 1057 2630 ἀνερευνώντων
1078 2560 1145 2614 τὰ
1172 2560 1503 2629 δημοσιακὰ,
1535 2562 1645 2614 τῶν
1667 2562 2015 2630 δηλωθέντων

436 2650 818 2719 περιορισμῶν
897 2652 1427 2720 ὲγκαταστρωθῆναι
1504 2652 1833 2718 ὀφειλόντων
1898 2656 2015 2715 τοῖς

434 2742 774 2811 προσφόροις
808 2743 1091 2812 σεκρέτοις
1118 2741 1187 2794 δι’
1220 2742 1449 2812 εἴδησιν.
1482 2742 1618 2796 Οὐδὲ
1658 2743 1767 2813 γὰρ
1798 2743 2014 2810 ἐξέσται

432 2835 541 2887 τινὶ
560 2834 768 2888 τούτων
793 2835 851 2887 ὲν
879 2835 1183 2906 οίῳδήποτε
1205 2837 1386 2905 χρόνῳ
1416 2835 1540 2890 καθ’
1559 2837 1861 2905 οἱονδήτινα
1880 2844 2015 2908 ’τρό-

433 2941 541 2975 πον
568 2925 628 2977 ὲν
676 2925 794 2987 τοῖς
839 2926 1102 2988 τοιούτοις
1130 2928 1295 2980 πᾶσιν
1338 2927 1619 2993 ἀκινήτοις
1667 2920 2011 2997 ὲίσέρχεσθαι

434 3014 813 3084 ὁπωσδήποτε,
840 3016 873 3086 ἢ
902 3015 1059 3068 ταῦθ’
1080 3016 1186 3069 ὑπὸ
1208 3018 1436 3087 ζήτησιν
1462 3018 1621 3086 ἄγειν
1644 3021 1737 3072 καὶ
1767 3021 2012 3086 ἐξέτασιν

431 3107 766 3174 οίανδήτινα.
824 3107 966 3160 Ἀλλ’
997 3108 1117 3167 οὐδὲ
1150 3108 1493 3178 δικαιώματα
1526 3110 1618 3162 ἐπὶ
1643 3110 1853 3174 τούτοις
1886 3114 2011 3166 ἐστι⁴

434 3198 721 3270 ζητητέον,
756 3199 817 3252 οὑ
874 3201 1145 3254 καπνικδν
1174 3190 1678 3270 ἀναλαμϐάνεσθαι,
1711 3205 1770 3258 οὑ
1805 3223 2011 3277 μετρη-
2041 3238 2087 3295 c

430 3292 632 3352 τίκιον,
665 3292 765 3361 οὑχ
810 3291 1001 3362 ἕτερόν
1053 3310 1104 3344 τι
1135 3294 1512 3363 οἱονδηποτοῦν
1542 3298 1895 3367 φορολόγημα
1930 3300 2012 3363 είς

434 3382 626 3453 κέρδος
655 3387 767 3447 τοῖς
796 3387 1215 3455 ἀναγραφεῦσιν
1266 3387 1675 3456 ἑπινοούμενον,
1704 3392 2014 3462 ἀποτρεπο-

396 3510 403 3521 ο
436 3479 618 3544 μένοις
666 3480 731 3545 τῇ
761 3478 1032 3550 ὲμφανείᾳ
1074 3481 1167 3533 καὶ
1204 3480 1341 3550 μόνῃ
1379 3481 1471 3533 τοῦ
1515 3484 1784 3551 παρόντος
1811 3503 2011 3554 χρυσο-

433 3569 659 3622 εούλλου
690 3569 850 3637 λόγου
882 3570 981 3638 τῆς
1016 3570 1296 3639 βασιλείας
1329 3590 1455 3640 μου,
1484 3575 1579 3626 καὶ
1610 3574 1720 3627 τῶν
1740 3578 2013 3646 προϐησο-

436 3661 612 3725 μένων
638 3661 1031 3730 περιορισμῶν,
1058 3661 1132 3725 ὡς
1153 3664 1485 3733 διείληπται.
1516 3668 1669 3719 Πᾶσα
1694 3668 2014 3737 δὲιπρόστα-

434 3750 516 3815 ξις
545 3755 821 3820 γεγονυῖα,
876 3752 987 3805 εἴτε
1024 3754 1153 3824 περὶ
1186 3740 1719 3827 προαφωρισμένων,
1745 3763 1855 3813 εἴτε
1882 3765 2011 3833 περὶ

431 3846 786 3914 κλασμάτων,
820 3846 930 3898 εἴτε
982 3845 1113 3914 περὶ
1165 3848 1541 3916 συμπαθειῶν,
1579 3853 1690 3904 εἴτε
1739 3854 1868 3923 περὶ
1899 3858 2010 3909 τῶν

431 3936 541 3989 ἀπὸ
572 3937 846 3990 ταπεινῶν
902 3937 1124 4007 στίχων,
1184 3938 1295 3989 εἴτε
1326 3942 1457 4008 περὶ
1487 3942 1597 3994 τῶν
1627 3945 2008 4014 ὑποκειμένων

430 4026 555 4090 ταῖς
579 4031 869 4098 χαραγαῖς,
908 4029 1019 4081 εἴτε
1073 4031 1203 4101 περὶ
1232 4032 1531 4100 στρατειῶν
1563 4040 2008 4108 συμπεπαθημέ-

430 4137 559 4181 νων,
591 4121 695 4173 κᾶν
729 4121 803 4189 μὴ
831 4121 1198 4189 ἀντισήκωσις
1236 4123 1442 4176 τούτων
1466 4125 1702 4192 ἐγένετο,
1733 4129 1846 4182 εἴτε
1878 4135 2007 4202 περὶ

428 4210 526 4263 τοῦ
575 4212 673 4274 τάς
725 4212 964 4276 ἁπόσους
1020 4214 1095 4283 μὴ
1147 4214 1407 4285 στέργειν
1458 4218 1692 4289 δωρεὰς,
1730 4221 1841 4273 εἴτε
1878 4228 2007 4294 περὶ

426 4302 757 4371 οίουδήτινος
784 4304 969 4374 ἑτέρου
1024 4306 1328 4374 κεφαλαίου
1358 4307 1702 4382 ἐξεφωνήθη,
1738 4316 1834 4367 καὶ
1866 4318 2008 4371 κατά

426 4412 482 4447 τι
506 4396 825 4450 ἐναντιῶται
869 4397 949 4467 τῷ
995 4399 1225 4468 παρόντι
1275 4401 1658 4471 χρυσοϐούλλῳ
1711 4404 1855 4476 λόγῳ
1909 4410 2008 4477 τῆς

429 4488 707 4557 βασιλείας
738 4507 859 4558 μου,
890 4490 1017 4543 ὅσον
1058 4491 1328 4561 ἐπ’,αὑτῴ
1358 4494 1663 4559 ’ἀποίσεται
1695 4498 1755 4550 τὸ
1779 4499 2007 4570 ἀνίσχο-

2129 619 2232 674 Per
2268 618 2585 691 praesentem
2630 633 2811 678 autem
2851 625 2992 679 hanc
3039 633 3095 680 et
3139 624 3283 694 piam
3317 624 3691 679 deﬁnitionem

2128 714 2303 768 Aurea
2335 714 2485 768 Bulla
2542 716 2801 769 munitam
2841 717 3099 785 majestas
3138 733 3253 771 mea
3299 718 3526 787 corrigit
3554 733 3703 785 qum-

2128 820 2342 873 cuuque
2379 808 2687 863 claudicare
2734 809 3091 863 inveniuntur
3122 811 3174 861 in
3227 809 3317 874 lis,
3367 824 3489 879 qua:
3543 809 3701 861 dictae
3752 824 3757 831 ·

2128 898 2335 964 Magnae
2387 900 2477 954 Dei
2513 901 2779 955 Ecclesia:
2802 899 3027 965 adsum,
3058 902 3277 969 iuribtts
3309 916 3372 956 ac
3403 886 3607 963 titulis,
3641 902 3694 953 in

2128 986 2387 1045 omnibus
2451 991 2719 1057 ejusmodi
2776 976 3173 1053 immobilibus,
3231 1005 3573 1059 quaecunque
3635 1004 3698 1043 ea

2130 1081 2369 1149 fuerint;
2428 1092 2481 1136 et
2543 1086 2723 1136 omnia
2789 1099 2914 1154 quae
2975 1082 3083 1136 illis
3115 1082 3336 1146 adsum,
3385 1082 3439 1135 in
3484 1082 3702 1143 oriente

2126 1184 2179 1228 et
2232 1174 2557 1247 occidente,
2608 1185 2660 1228 et
2717 1176 2773 1229 in
2814 1160 3094 1229 omnibus
3159 1172 3381 1234 insulis,
3435 1182 3494 1225 ut
3553 1185 3703 1223 nunc

2127 1282 2157 1321 a
2229 1267 2514 1335 majestate
2604 1282 2723 1321 mea
2794 1269 2918 1321 data
2996 1277 3061 1335 ,et
3127 1268 3175 1320 ei
3252 1280 3518 1318 concessa
3598 1279 3703 1331 puo

2131 1370 2356 1424 tentur,
2423 1377 2518 1430 per
2597 1362 2698 1415 hoc
2775 1362 3040 1429 scriptum
3122 1376 3365 1429 prtesens
3441 1359 3704 1429 piumque

2125 1452 2303 1509 Aurea
2324 1455 2474 1507 Bulla
2498 1455 2764 1507 munitum
2792 1454 3060 1508 serenitas
3092 1463 3277 1507 nostra
3302 1452 3453 1517 jubet
3482 1452 3703 1503 statuit-

2126 1562 2253 1614 que.
2288 1546 2368 1600 0b
2402 1562 2519 1600 eam
2568 1548 2712 1599 enim
2765 1562 2986 1600 causam
3032 1557 3087 1600 ct
3136 1552 3356 1600 exactas
3404 1543 3702 1615 procedere

2125 1638 2536 1713 descriptiones,
2572 1652 2693 1705 cura
2727 1637 3008 1693 declarent
3045 1638 3313 1706 cujusque
3342 1635 3560 1705 generis
3592 1634 3700 1686 int-

2128 1730 2368 1795 mobilia,
2399 1741 2453 1787 et
2479 1731 2570 1801 qui
2608 1733 2686 1784 eis
2733 1740 2974 1799 praesunt
3009 1730 3233 1783 colonos
3271 1739 3324 1781 et
3369 1725 3697 1795 inquilinos,

2127 1838 2228 1877 nee
2278 1840 2383 1877 non
2427 1826 2609 1878 omnis
2646 1824 2865 1892 generis
2895 1824 3097 1892 praedia
3136 1822 3339 1877 rustica
3378 1822 3437 1874 in
3486 1821 3570 1873 eis
3605 1818 3694 1870 in-

2126 1925 2307 1975 venta,
2339 1930 2367 1967 a
2414 1916 2662 1969 locorum
2713 1916 3168 1985 descriptoribus,
3218 1927 3521 1980 eorumque
3567 1910 3700 1963 sub-

2123 2003 2513 2070 scriptionibus
2552 2006 2868 2059 conﬁrmari
2897 2047 2911 2070 ,
2942 2016 2998 2059 et
3029 2006 3082 2059 in
3135 2013 3452 2075 perpetuam
3488 2001 3701 2056 securi—

2122 2103 2289 2150 tatem
2362 2097 2727 2152 sanctissime
2779 2098 2985 2169 Magna:
3033 2097 3294 2153 Ecclesiae
3347 2095 3488 2150 tradi
3544 2093 3701 2163 jubet

2120 2198 2309 2243 nostra
2347 2192 2623 2259 maiestas,
2662 2203 2720 2246 ιιι
2751 2193 2935 2246 omnia
2978 2192 3347 2246 manifesta’et
3381 2198 3534 2244 extra
3561 2203 3701 2241 con-

2122 2282 2447 2335 troversiam
2476 2284 2649 2352 posita
2686 2286 2818 2343 sint,
2852 2299 2953 2337 nec
2984 2282 3094 2336 ullo
3129 2292 3375 2351 tempore
3404 2282 3455 2333 in
3482 2277 3699 2346 disqui-

2119 2373 2372 2429 sitionem
2394 2385 2717 2431 revocentnr
2759 2393 2786 2429 a
2815 2376 3216 2443 descriptorum
3266 2389 3541 2442 quoquam
3569 2412 3584 2434 ,
3614 2368 3700 2425 vel

2120 2463 2516 2531 inspectornm,
2537 2468 2615 2521 vel
2649 2478 3104 2537 peraeqnatorutu,
3125 2476 3179 2519 et
3205 2482 3391 2520 eorum
3420 2466 3514 2535 qtti
3541 2464 3703 2518 aliter

2121 2555 2324 2609 ﬁscalia
2355 2566 2796 2626 perscrutantur,
2827 2558 3122 2613 declaratis
3150 2557 3617 2626 descriptionibus
3640 2557 3696 2609 in

2121 2646 2360 2700 futuram
2424 2649 2499 2703 rei
2583 2649 2903 2702 memoriam
2939 2634 3403 2719 competentibus
3471 2649 3698 2703 secretis

2118 2741 2482 2795 insinuandis.
2517 2740 2700 2810 Neque
2725 2743 2868 2797 enim
2899 2742 3154 2812 cuiquam
3179 2758 3365 2795 eorum
3392 2742 3503 2796 ttllo
3536 2743 3700 2794 modo

2118 2828 2328 2907 ingredi
2368 2830 2678 2901 hnjusmodi
2709 2832 3035 2897 immobilia,
3071 2847 3162 2886 aut
3194 2849 3257 2887 ea
3291 2834 3342 2884 in
3377 2843 3698 2886 controver-

2120 2922 2257 2974 siam
2291 2922 2565 2977 deducere
2596 2930 2649 2976 et
2682 2924 3125 2992 disquisitionem
3161 2939 3549 2992 quamcunque
3593 2939 3698 2976 uu-

2117 3029 2281 3080 quam
2315 3013 2519 3069 licebit.
2556 3013 2661 3069 Sed
2706 3031 2806 3070 nec
2837 3016 2903 3071 de
2932 3016 3155 3084 jnribus
3188 3015 3496 3086 (Ecclesiae)
3529 3016 3583 3068 in
3611 3015 3698 3075 Itis

2118 3106 2306 3161 (dic-tis
2338 3107 2802 3177 possessioaibns)
2829 3107 3024 3162 debent
3055 3108 3356 3177 inquirere.
3390 3124 3491 3162 nec
3517 3107 3694 3162 tribu-

2118 3212 2229 3254 tum
2295 3199 2586 3253 l‘nmarittm
2643 3182 2742 3255 nec
2790 3202 3220 3256 mensuraticunt
3276 3200 3697 3270 ret-ipere,‘nec

2121 3293 2348 3361 vectigal
2383 3290 2528 3346 aliud
2556 3294 2939 3363 quodcunque,
2971 3295 3024 3348 in
3054 3296 3266 3349 lucrum
3292 3293 3695 3356 descriptorum

2120 3386 2506 3448 excogitatum,
2564 3386 2654 3454 qui
2713 3386 2777 3438 ad
2836 3387 3010 3440 solum
3070 3394 3348 3454 aspectum
3413 3392 3698 3452 praesrtim

2121 3477 2454 3532 deﬁnitionis
2486 3490 2617 3532 mea:
2654 3480 2955 3548 maiestatis
2984 3482 3158 3534 Aurea
3196 3477 3343 3531 Bulla
3376 3478 3620 3540 munitm,
3644 3487 3698 3527 et

2120 3569 2548 3639 descriptionum
2584 3571 3041 3637 procedentium,
3082 3579 3138 3623 ttt
3171 3570 3527 3622 constitutum
3561 3576 3646 3619 est
3673 3607 3688 3626 .

2122 3663 2498 3730 prohibentur.
2543 3662 2734 3715 Omnis
2768 3672 2948 3714 autem
2982 3679 3103 3730 qum
3156 3662 3298 3715 facta
3350 3670 3451 3719 est,
3489 3660 3689 3724 iussio.

2119 3752 2233 3806 sive
2262 3753 2327 3806 de
2365 3754 2514 3820 prius
2541 3751 2647 3806 alio
2675 3754 2949 3822 deputatis
2976 3793 2990 3815 ,
3041 3754 3157 3805 sive
3207 3756 3275 3804 de
3325 3750 3647 3820 fragmentis
3678 3792 3692 3807 ,

2119 3845 2231 3896 sive
2266 3844 2331 3899 de
2360 3846 2959 3908 comtniserationibus,
2998 3846 3113 3898 sive
3142 3848 3209 3897 de
3243 3844 3309 3897 iis
3342 3860 3463 3911 qua:
3496 3846 3563 3895 ab
3595 3844 3696 3894 ltll-

2119 3936 2340 3990 milibus
2387 3936 2699 4003 ordinibus,
2758 3937 2877 3991 sive
2932 3938 2998 3991 de
3057 3938 3122 3991 iis
3177 3953 3296 4002 qum
3334 3936 3694 3989 incisionibus

2119 4027 2385 4092 Sultjccta.
2424 4029 2541 4081 sive
2573 4030 2638 4083 de
2686 4030 2898 4083 militiis
2945 4030 3236 4094 aﬁ'ctttatis,
3273 4029 3396 4081 licet
3431 4043 3694 4095 compen-

2117 4122 2258 4174 satio
2290 4122 2429 4174 taeta
2468 4137 2577 4174 non
2610 4126 2702 4182 sit,
2735 4124 2849 4175 sive
2874 4124 2941 4175 de
2966 4140 3071 4176 non
3103 4121 3505 4191 arquiescendo
3538 4122 3695 4174 factis

2118 4215 2235 4266 sine
2268 4214 2578 4282 quantitate
2626 4213 3043 4277 deuotionibus,
3078 4215 3194 4269 sive
3243 4216 3309 4269 de
3362 4226 3695 4283 quacunque

2116 4307 2217 4359 alia
2254 4318 2311 4359 re
2350 4306 2487 4359 edita
2517 4305 2813 4373 estjussio,
2845 4315 2898 4357 et
2932 4306 3038 4359 ulla
3072 4307 3125 4359 in
3155 4321 3214 4360 re
3246 4313 3514 4374 repugnet
3553 4318 3690 4373 prm-

2116 4400 2256 4451 St'ttli
2302 4399 2603 4467 majestatis
2640 4414 2771 4452 mea;
2802 4399 3101 4453 definitioni
3140 4400 3318 4453 Aurea
3357 4397 3505 4451 Bulla
3562 4412 3694 4450 tutt-

2118 4492 2262 4553 nilze,
2299 4493 2453 4546 irrita
2485 4494 2587 4547 erit
2618 4502 2674 4547 et
2702 4494 2937 4547 invalida
2973 4510 2988 4548 :
3026 4494 3133 4546 etsi
3160 4531 3174 4555 ,
3207 4507 3275 4546 ne
3320 4490 3688 4555 rescindantr,

430 4598 543 4648 ρον,
602 4578 704 4634 κᾶν
743 4583 807 4635 τὸ
861 4582 937 4651 μὴ
974 4583 1386 4653 ἀνατρέπεσθαι
1429 4588 1523 4659 ἔχη
1576 4590 1899 4662 ἐγκείμενον
1948 4597 2005 4649 ἐν

2118 4584 2167 4637 in
2200 4601 2262 4637 ea
2294 4600 2615 4652 expressum
2650 4588 2720 4641 sit
2757 4586 2882 4656 (nisi
2914 4586 3233 4639 nominatim
3272 4586 3688 4655 pronuntiatum

428 4672 591 4741 αὑτῇ,
625 4672 674 4725 εί
715 4672 788 4742 μὴ
824 4674 1003 4743 ῥητῶς
1036 4676 1351 4747 ὲκφωνηθῇ.
1391 4678 1478 4729 Ἑν
1514 4679 1719 4749 εἰδήσει
1749 4683 1860 4755 γάρ
1894 4701 2005 4737 πα-

431 4762 541 4813 σῶν
574 4761 685 4813 τῶν
704 4763 1095 4831 γεγενημένων
1132 4766 1485 4834 προστάξεων
1536 4770 1569 4837 ή
1604 4770 1853 4843 ἡμετέρα
1885 4773 2004 4826 θεο-

429 4854 637 4919 σέϐεια,
701 4856 763 4906 τὸ
824 4857 965 4906 κατά
1040 4856 1206 4925 μέρος
1250 4858 1457 4923 ταύτας
1507 4864 2037 4932 άπαριθμήσασθαι.

427 4946 703 5011 παρέλκον
733 4946 998 5016 ἡγήσατο,
1036 4948 1129 4998 καὶ
1154 4947 1229 5008 ὡς
1259 4949 1565 5015 ίδιαιτάτως
1600 4954 2003 5024 ἀριθμηθείσας

430 5038 522 5087 καὶ
546 5038 752 5107 ἀνατρα
765 5038 952 5098 πείσας
980 5040 1102 5090 ὅσον
1133 5042 1223 5091 ἐπὶ
1242 5040 1329 5109 τῷ
1362 5043 1592 5109 παρόντι
1621 5044 2001 5116 χρυσοξούλλῳ

427 5124 591 5195 λόγῳ,
623 5129 938 5195 λογίζεσθαι
965 5130 1170 5191 ταύτας
1203 5131 1467 5195 θεσπίζει,
1503 5136 1535 5204 ή
1574 5134 1822 5197 βασιλεία
1864 5154 1997 5205 ⁸μοι).

440 5217 579 5270 Ἀλλ’
607 5222 729 5274 οὑδὲ
765 5221 1105 5291 γενησομένη
1135 5223 1376 5292 οίαδήτις
1398 5224 1563 5295 ὲτὲρα
1586 5228 1880 5298 πρόσταξις
1902 5230 2003 5299 τῆς

428 5309 710 5379 παρούσης
740 5312 999 5376 εὐσεϐοῦς
1058 5314 1378 5385 κατισχύσει
1416 5317 1640 5385 γραφῆς
1662 5333 1677 5349 ’
1736 5320 1870 5370 ἀλλὰ
1902 5322 2000 5373 κὰ-

426 5399 582 5468 κείνη
616 5401 698 5469 ἐφ’
733 5397 813 5465 οἷς
842 5404 1167 5457 ἐναντιῶται
1221 5405 1298 5473 τῷ
1328 5408 1557 5475 παρόντι
1591 5410 1688 5476 τῆς
1722 5409 2001 5479 βασιλείας

431 5508 534 5559 μου
567 5494 806 5563 ὁρισμῷ,
840 5497 965 5547 ὅσον
988 5497 1075 5555 ἐπ’
1110 5498 1261 5568 αὑτῷ
1288 5498 1348 5551 τὸ
1382 5501 1671 5571 ἀνίσχυρον
1710 5503 2001 5557 ἀποίσεται

427 5578 523 5631 γαὶ
542 5580 767 5650 ἄκυρον.
795 5584 898 5636 κᾶν
921 5587 982 5635 τὸ
1019 5585 1093 5655 μὴ
1114 5588 1521 5658 ἀνατρέπεσθαι
1548 5591 1644 5661 ἔχῃ
1681 5593 2001 5663 ἐγκείμενον

427 5672 485 5722 ὲν
519 5674 656 5744 αὖτῇ
685 5673 874 5745 (εἰμὴ
914 5677 1092 5746 ῥητῶς
1132 5681 1423 5752 ὲκφωνηθῇ
1444 5685 1485 5751 ),
1525 5686 1627 5736 κᾶν
1659 5685 1853 5754 ἑτέραν
1884 5688 2001 5741 διά·-

430 5759 958 5838 οτιεινοίανδήτινα.
992 5768 1109 5823 Ἵνα
1128 5770 1221 5823 οὖν
1246 5774 1331 5843 εἴη
1362 5775 1497 5844 δῆλα
1525 5776 1593 5828 τὰ
1625 5778 1896 5846 προσόντα
1932 5782 1998 5850 τῇ

432 5859 713 5929 ἁγιωτάτη
778 5862 874 5918 τοῦ
947 5864 1082 5919 Θεοῦ
1146 5867 1374 5938 Μεγάλῃ
1426 5869 1695 5940 ἐκκλησία
1767 5870 2029 5942 ἀκίνηται

398 6054 421 6068 ο

2116 4676 2327 4745 fuerit).
2364 4678 2617 4730 Otnnintn
2656 4678 2798 4730 enim
2831 4678 3167 4745 jnssionum,
3209 4693 3330 4746 qum
3357 4678 3514 4730 facta:
3540 4687 3689 4740 sunt,

2112 4769 2357 4822 notitiavn
2395 4771 2599 4823 habens
2628 4759 2756 4823 mea.
2779 4772 2977 4837 pietas,
3014 4786 3109 4824 eas
3151 4770 3431 4839 sigillatitn
3465 4786 3693 4823 enume-

2111 4874 2232 4913 rare
2288 4876 2688 4929 supervacuum
2741 4860 3125 4921 exiStimavit,
3159 4871 3215 4915 et
3270 4872 3325 4915 ut
3378 4862 3687 4929 expressim

2109 4955 2456 5007 enu‘mcratas
2491 4962 2539 5007 el
2575 4970 2815 5019 eversas,
2845 4956 2986 5023 quod
3021 4955 3086 5009 ad
3131 4957 3269 5009 banc
3297 4956 3489 5009 Aureae
3522 4956 3687 5007 Balbe

2109 5042 2483 5099 deﬁnitionem
2540 5046 2759 5111 attinet,
2824 5047 3038 5101 censeri
3099 5047 3386 5101 constituit
3432 5048 3687 5116 majeszas

2109 5152 2249 5189 mea.
2278 5136 2381 5190 Sed
2410 5153 2509 5191 uec
2541 5138 2645 5191 ulla
2671 5140 2798 5199 alia,
2826 5155 2947 5207 quae
2974 5139 3028 5192 itt
3061 5150 3339 5209 posterum
3367 5138 3456 5192 ﬁet
3482 5138 3684 5206 jussio,

2108 5227 2235 5282 huic
2275 5231 2374 5297 pite
2423 5231 2711 5298 scripturae
2760 5216 3073 5297 praevalebit
3105 5251 3121 5293 ;
3157 5232 3405 5301 quinidtn
3450 5242 3503 5285 et
3552 5231 3639 5282 illa
3670 5267 3688 5292 ,

2107 5326 2668 5393 quateuusprmsenti
2706 5341 2841 5379 "101B
2876 5325 3180 5396 majestatis
3224 5324 3531 5379 deﬁnitioni
3586 5324 3687 5375 ad-

2105 5425 2384 5480 versatur,
2416 5416 2570 5469 irrila
2607 5418 2719 5481 ﬁct,
2765 5418 3151 5485 uullarnmque
3181 5418 3407 5482 virium;
3443 5416 3589 5479 licet,
3616 5432 3685 5469 ne
3734 5484 3739 5489 ο

2106 5509 2477 5575 sub’vertatur,
2509 5510 2752 5578 apposita
2793 5509 2865 5562 sit
2898 5508 3140 5563 clausula
3179 5509 3306 5578 (nisi
3356 5508 3683 5562 nominatim

2108 5600 2518 5668 pronuntiatum
2573 5598 2667 5667 sit)
2711 5610 2806 5652 aut
2861 5601 3068 5667 qumvis
3123 5598 3227 5652 alia
3264 5598 3569 5663 distinetip.
3617 5595 3685 5649 Ut

2109 5691 2275 5762 igitur
2310 5691 2597 5747 manifesta
2627 5694 2759 5755 sint,
2799 5706 2920 5760 qum
2959 5692 3161 5745 adsunt
3192 5691 3558 5767 sanctissima?
3588 5690 3681 5743 Dei

2108 5784 2290 5853 magni
2321 5784 2598 5849 Ecclesiae,
2631 5785 2928 5839 immobilia
2960 5784 3169 5849 omnia,
3207 5782 3262 5837 in
3299 5794 3555 5851 praesenti
3587 5784 3683 5835 de-

2096 5875 2359 5931 ﬁnitione
2383 5877 2559 5934 Aurea
2590 5875 2741 5931 Bulla
2770 5875 2976 5931 munita
3010 5884 3196 5944 aperte
3227 5874 3494 5943 inscripta
3529 5882 3679 5935 sunt,
