4056 6392
406 432 511 499 949

1392 426 1473 485 1.“T
1513 425 1681 485 CAN.
1717 424 1834 486 XII
1874 424 2080 486 CONC.
2112 426 2220 488 VII
2260 424 2614 487 GZCUMEN.

3532 419 3636 484 950

403 540 502 595 τοῦ
543 540 666 594 νέου
702 538 923 609 Ἰσραὴλ
959 535 1393 607 προηγούμενον,
1416 538 1509 589 καὶ
1528 538 1597 589 τὰ
1624 534 1815 589 τούτου
1849 551 1976 587 κατ-

2082 534 2184 587 Iam
2213 535 2469 597 Auream,
2500 541 2552 587 et
2582 530 2826 586 omnium
2858 527 3224 589 Ecclesiarum
3259 528 3454 595 matri,
3486 543 3641 586 novre

406 634 699 689 ευθύνοντα
725 632 1057 699 διαδήματα,
1106 630 1204 692 τὰς
1231 627 1438 681 τούτων
1464 626 1609 696 ἔχειν
1646 627 1813 695 εὐχὰς
1846 626 1966 679 ἐθέ-

355 788 382 819 d
405 726 594 789 λουσα,
625 728 715 779 τὸν
742 724 987 795 παρόντα
1047 722 1439 793 χρυσόόουλλον
1486 721 1644 787 λόγον
1696 723 1762 790 τῇ
1798 721 1969 788 μητρὶ

356 811 374 847 θ
412 819 604 871 πασῶν
668 820 778 869 τῶν
840 817 1166 885 ἐκκλησιῶν,
1198 817 1263 884 τῇ
1310 816 1406 885 νέα
1434 814 1594 873 Σιὼν,
1630 812 1707 881 τῷ
1754 813 1851 879 τῆς
1877 811 1971 864 τοῦ

408 907 541 959 Θεοῦ
578 906 771 973 σοφίας
800 906 1037 976 ἐνδιαιτή
1048 923 1198 975 ματι,
1219 906 1311 959 καὶ
1337 907 1452 967 τοῖς
1481 905 1622 957 κατὰ
1650 903 1748 966 τὰς
1777 904 1974 971 νήσους

407 999 591 1061 πάσας
623 1001 718 1051 καὶ⁵
748 998 848 1069 τὴν
884 998 1154 1067 ἀνατολὴν
1202 998 1298 1051 καὶ
1324 996 1422 1065 τὴν
1453 996 1605 1051 δύσιν
1646 994 1969 1065 ἐϐράϐευσε,

408 1090 507 1151 τὰς
527 1088 673 1157 ὑπὲρ
693 1089 793 1157 τῆς
826 1088 1101 1158 βασιλείας
1141 1107 1241 1157 μου
1264 1090 1469 1141 τούτων
1494 1087 1660 1155 εὐχὰς
1687 1086 1779 1139 ἐπὶ
1812 1086 1974 1138 πλέον

407 1179 858 1251 ἁναῤῥωνύουσα.
909 1181 1180 1249 Ἀκριὸῶς
1213 1182 1320 1249 γὰρ
1353 1175 1492 1232 οἶδεν
1525 1180 1556 1246 ἡ
1588 1178 1836 1248 βασιλεία
1870 1196 1973 1246 μου

407 1273 484 1334 ὡς
506 1274 568 1325 οὐ
600 1274 835 1338 σώζεται
861 1274 1113 1342 βασιλεὺς
1141 1275 1229 1327 διὰ
1262 1274 1464 1342 πολλὴν
1496 1271 1745 1341 δύναμιν,
1780 1272 1870 1325 καὶ
1900 1272 1974 1333 ὡς

408 1363 574 1429 γίγας
594 1365 652 1416 οὐ
691 1366 999 1435 σωθήσεται
1031 1367 1089 1419 ἐν
1120 1367 1311 1436 πλήθει
1341 1365 1524 1436 ἰσχύος
1548 1366 1714 1419 αὐτοῦ
1734 1382 1746 1395 ·
1772 1365 1975 1435 ψευδὴς

408 1454 464 1527 δέ
504 1456 669 1519 ἵππος
702 1460 784 1521 είς
815 1463 1116 1529 σωτηρίαν,
1141 1460 1284 1513 κατά
1320 1460 1412 1513 τὸν
1454 1460 1596 1513 θεῖον
1635 1460 1798 1525 φάναι
1837 1476 1977 1529 προι

409 1549 589 1619 (βήτην
617 1552 714 1604 καὶ
745 1551 1147 1623 ψαλμογράφον
1187 1554 1281 1606 καὶ
1315 1555 1642 1623 θεοπάτορα.
1685 1554 1976 1622 Τοιγάρτοι

408 1641 506 1693 καὶ
532 1641 605 1716 τὸ.
626 1642 1060 1714 ἀπερικλόνητον
1119 1645 1296 1714 πάντη
1351 1645 1875 1713 περιφυλάττεσθαι,
1909 1645 1975 1714 τῇ

382 1750 470 1785 ντε
502 1734 693 1787 πασῶν
720 1736 1114 1807 προκαθημένῃ
1148 1737 1470 1807 ἐκκλησιῶν,
1502 1737 1595 1790 καὶ
1622 1739 1736 1799 τοῖς
1772 1755 1978 1806 μνημο-

408 1826 646 1878 νευθείσι
670 1829 838 1879 πᾶσιν
863 1829 1217 1897 ἀρχιερεῦσι,
1262 1830 1373 1881 τῶν
1420 1828 1758 1899 ὁπουδήποτε
1809 1828 1978 1895 ἁγίων

408 1920 736 1990 ἐκκλησιῶν,
771 1923 862 1973 καὶ
895 1922 955 1973 τὸ
977 1923 1222 1991 ἀσφαλὲς
1261 1924 1369 1976 τῶν
1409 1924 1720 1992 προσόντων
1751 1921 1978 1983 ταύταις

374 2014 794 2082 δικαιωμάτων
817 2016 911 2067 ἐπὶ
936 2018 1001 2085 τῇ
1049 2020 1255 2086 κατοχῇ
1300 2017 1410 2070 τῶν
1459 2018 1737 2086 ἀκινήτων
1797 2015 1978 2069 αὐτῶν

410 2104 759 2177 βεϐαιότερον
790 2109 1111 2163 καθεστῶσα
1132 2097 1148 2142 έ
1182 2111 1707 2180 προσεπανορθοῦσα
1729 2112 1785 2162 δὲ
1808 2114 1903 2165 καὶ
1928 2112 1983 2163 εἴ

406 2215 459 2250 τι
493 2215 597 2251 που
630 2200 870 2268 χωλεῦόν
910 2203 1059 2254 ἐστιν
1120 2203 1177 2254 ἐν
1203 2205 1316 2264 τοῖς
1373 2203 1555 2255 αὐτῶν
1586 2203 1973 2272 δικαιώμασιν,

407 2290 501 2340 καὶ
526 2288 626 2359 τῆς
656 2291 946 2360 ἀκριϐείας
994 2294 1318 2363 λειπόμενον
1342 2309 1355 2321 ⁸
1389 2296 1483 2347 καὶ
1516 2295 1576 2348 οὐ
1611 2297 1769 2363 μόνον
1796 2297 1975 2361 τοῦτο,

408 2378 546 2432 ἀλλά
568 2384 660 2434 καὶ
693 2385 748 2435 εί
771 2402 821 2436 τι
840 2386 1057 2451 ὀφεῖλον
1075 2388 1517 2457 ἐπακολουθῆσαι
1539 2389 1817 2457 δικαίωμα
1841 2390 1978 2459 πρὸς

407 2471 509 2538 τὴν
559 2473 777 2541 ἀσφαλῆ
834 2476 946 2528 τῶν
997 2484 1259 2530 τοιούτων
1314 2466 1588 2548 ἀκινήτων
1637 2480 1975 2541 δεσποτείαν,

409 2569 648 2635 κατοχὴν
678 2586 735 2621 τε
770 2570 866 2621 καὶ
890 2572 1191 2642 κυριότητα
1217 2571 1473 2639 γενέσθαι
1510 2572 1639 2635 ἴσως
1674 2575 1774 2627 οὐκ
1811 2574 1978 2642 ἔφθαο

409 2671 534 2707 σεν’
598 2658 759 2711 αὐτὸν
811 2660 877 2730 δὴ
922 2662 1016 2713 τὸν
1080 2664 1324 2732 παρόντα
1372 2664 1768 2734 χρυσόϐουλλον
1821 2667 1978 2734 λόγον

412 2749 610 2819 ἰατῆρά
646 2752 678 2820 ή
737 2752 984 2821 βασιλεία
1027 2772 1127 2823 μου
1163 2756 1356 2809 τούτου
1390 2757 1453 2825 δὴ
1499 2759 1592 2811 τοῦ
1636 2760 1977 2825 ἐλλείποντος

406 2844 591 2906 αὐτοῖς
608 2845 956 2910 ἐπιδέδωκεν,
972 2843 1082 2901 οἷον
1102 2850 1288 2918 ἄρτιον
1313 2853 1406 2903 καὶ
1423 2852 1673 2920 ὁλομελὲς
1692 2854 1977 2909 δεικνύντα

406 2934 467 2987 τὸ
497 2936 590 2987 ἐπὶ
619 2940 835 2999 τούτοις
865 2940 1097 3001 δίκαιον,
1129 2942 1221 2993 καὶ
1246 2943 1327 3003 είς
1350 2944 1410 2994 τὸ
1440 2944 1701 3007 παντελὲς
1731 2946 1975 2998 ἀδιάσει-

410 3042 556 3090 στον,
589 3028 657 3080 δι’
695 3020 756 3080 οὗ
800 3028 1010 3097 βεϐαιοῖ
1040 3033 1161 3099 μὲν,
1195 3034 1291 3085 καὶ
1335 3034 1742 3106 ἀσφαλέστερον
1769 3036 1974 3107 τίθησι,

408 3118 521 3168 πᾶν
554 3117 757 3186 προσὸν
783 3122 904 3182 ταῖς
937 3123 1057 3172 κατ’
1098 3122 1298 3184 αὐτοῦς
1333 3125 1668 3191 ἁγιωτάταις
1711 3125 1805 3178 τοῦ
1839 3127 1973 3179 Θεοῦ

2075 625 2231 689 Sion,
2262 624 2352 678 Dei
2377 623 2659 693 sapientia:
2712 620 3046 684 habitaculo,
3075 628 3125 675 et
3163 620 3250 685 iis,
3283 620 3377 690 qui
3415 629 3546 676 sunt
3577 622 3631 677 in

2073 718 2325 772 omnibus
2359 717 2550 772 insulis
2570 715 2923 770 etin'oriente
2953 724 3006 768 et
3031 714 3332 778 occidente,
3365 714 3631 769 antistiti-

2074 807 2177 862 bus
2200 807 2437 870 donavit,
2464 821 2652 859 eorum
2678 820 2777 874 pro
2803 804 3081 872 majestate
3104 819 3222 858 mea
3251 819 3444 872 preces
3465 804 3639 873 magis

2073 895 2426 950 conﬁrmans.
2457 892 2623 949 Recte
2651 894 2795 949 enim
2833 896 2979 949 novit
3010 908 3127 949 mea
3176 894 3457 964 majestas.
3490 893 3637 963 quod

2075 1002 2165 1040 rex
2196 1001 2302 1040 non
2333 995 2586 1042 servatur
2620 1000 2716 1055 per
2763 985 2986 1040 multam
3033 988 3352 1055 potentiam,
3397 993 3453 1040 et
3493 987 3639 1053 quod

2070 1078 2223 1148 gigas
2252 1093 2359 1132 non
2394 1079 2701 1134 servabitur
2745 1079 2798 1133 in
2849 1077 3197 1134 multitudine
3230 1077 3449 1133 virtutis
3475 1093 3635 1135 sum:

2077 1171 2305 1226 mendax
2358 1183 2537 1227 autem
2577 1188 2749 1242 equus
2780 1172 2845 1226 ad
2880 1172 3137 1236 salutem,
3176 1180 3233 1225 ut
3282 1185 3405 1225 eum
3453 1170 3639 1224 divino

2076 1254 2355 1332 Propheta
2375 1277 2427 1320 et
2454 1264 2877 1336 Psalmograpbo
2905 1275 2958 1320 et
2988 1265 3076 1319 Dei
3109 1274 3259 1333 patre
3292 1266 3505 1334 loquar.
3537 1263 3639 1317 Vo-

2078 1344 2193 1411 lcns
2225 1358 2393 1421 enim,
2430 1366 2487 1410 ut
2523 1357 2750 1411 ﬁrmitas
2784 1366 2836 1411 et
2882 1358 3151 1412 stabilitas
3191 1356 3488 1417 Ecclesia},
3527 1371 3647 1425 qua:

2075 1448 2330 1507 omnibus
2358 1458 2572 1519 praeest,
2615 1450 2840 1505 omnino
2876 1460 3146 1515 servetur,
3182 1458 3235 1503 et
3278 1449 3535 1502 omnibus
3561 1448 3647 1500 di-

2077 1542 2183 1596 ctis
2234 1541 2571 1596 antistitibus
2616 1548 2928 1597 sanctarum
2982 1558 3103 1612 quae
3151 1543 3466 1611 ubicunque
3520 1550 3649 1594 sunt

2079 1632 2467 1705 Ecclesiarum,
2512 1642 2566 1686 et
2615 1636 2964 1689 securitatem
3014 1634 3291 1689 titulorum
3338 1649 3401 1690 ac
3440 1632 3647 1701 jurutn,

2078 1725 2314 1793 qumillis
2338 1727 2554 1792 adsunt,
2581 1728 2633 1780 in
2659 1729 2897 1796 ipsorum
2926 1727 3292 1781 immobilittm
3314 1726 3647 1786 detentione,

2084 1819 2291 1875 ﬁrmius
2325 1821 2705 1889 constituens;
2742 1828 2796 1874 et
2827 1830 3087 1890 praetcrea
3119 1822 3399 1890 corrigens
3438 1821 3482 1875 si
3515 1820 3646 1889 quid

2083 1912 2136 1965 in
2162 1928 2351 1968 eorum
2376 1911 2591 1978 jttribus
2626 1914 2916 1976 claudicet,
2949 1922 3004 1967 et
3037 1929 3065 1965 a
3098 1929 3315 1967 summo
3348 1923 3652 1980 exartoqtte

2076 2005 2199 2072 jure
2244 2004 2448 2066 distet;
2489 2014 2545 2058 et
2571 2020 2676 2058 non
2709 2006 2884 2059 solmn
2916 2006 3039 2067 hoc,
3076 2005 3169 2059 sed
3201 2016 3255 2058 et
3292 2006 3337 2059 si
3366 2006 3512 2073 quod
3557 2002 3649 2067 jus

2080 2096 2338 2165 consequi
2383 2096 2541 2167 311
2599 2097 2799 2157 debet,
2854 2099 2921 2151 ad
2968 2097 3234 2165 ejusmodi
3288 2097 3648 2152 itnmobiliutn

2080 2188 2529 2253 dominationem,
2588 2191 2956 2244 detentionetn
3014 2198 3068 2242 ct
3120 2191 3544 2258 proprietatem,
3598 2188 3654 2241 id

2083 2279 2314 2335 fortasse
2342 2282 2495 2350 prius
2523 2280 2722 2336 factum
2755 2297 2864 2337 non
2894 2292 2979 2338 est
3010 2299 3023 2333 :
3059 2284 3197 2337 hanc
3231 2281 3490 2349 tnajestas
3520 2295 3652 2334 inea

2082 2369 2286 2424 Bnllam
2332 2372 2567 2426 Auream
2596 2413 2611 2435 ,
2648 2372 2768 2441 ejus
2808 2373 2950 2440 quod
2996 2375 3151 2430 deest
3194 2372 3648 2432 medicatricem.,

2081 2463 2189 2516 illis
2217 2463 2478 2527 tradidit,
2515 2480 2635 2532 quze
2665 2465 2831 2519 veluti
2872 2465 3174 2533 perfectum
3211 2475 3263 2517 et
3297 2466 3568 2534 integrum
3597 2472 3653 2517 et

2080 2554 2303 2608 omnino
2339 2555 2761 2610 illabefactabilc
2800 2568 2855 2613 et
2889 2556 3165 2611 immobile
3186 2557 3279 2627 jus
3309 2557 3428 2623 ejus
3458 2565 3649 2610 osten-

2081 2644 2199 2700 dit:
2228 2662 2321 2714 per
2351 2663 2512 2715 quam
2541 2632 2832 2701 conﬁrmat
2878 2646 3209 2716 quidem,.et
3258 2647 3429 2700 tutius
3477 2645 3605 2699 facit
3632 2688 3653 2708 ,

2036 2734 2037 2741 “
2080 2737 2447 2807 quodcunque
2481 2738 2574 2806 jus
2620 2740 2777 2795 adest
2825 2739 3191 2795 sanctissimis
3238 2738 3328 2793 Dei
3376 2738 3652 2797 ecclesiis.

2080 2826 2239 2895 eique
2269 2843 2390 2896 quae
2420 2830 2526 2883 illis
2561 2831 2833 2899 praesidet,
2877 2830 2929 2883 in
2966 2831 3083 2885 suis
3127 2830 3525 2892 immobilibus,
3555 2843 3655 2882 cn‘

2076 2918 2539 2991 jttsmodicunque
2573 2922 2795 2986 fuerint,
2832 2932 2886 2976 et
2916 2923 3232 2991 ubicunque
3279 2937 3342 2976 ea
3379 2922 3484 2977 sila
3518 2923 3653 2980 sint,

2080 3021 2132 3065 cl
2165 3012 2308 3081 quod
2340 3013 2626 3093 pulchrum
2678 3015 2965 3083 pulchrius
3014 3015 3301 3093 ccttstitnit
3353 3013 3657 3081 ntajcstatis

2081 3120 2214 3159 mea:
2245 3108 2515 3161 sententia
2559 3116 2611 3160 et
2658 3108 2889 3181 cgiculu.
2932 3107 3205 3178 Quidquid
3241 3116 3423 3162 autem
3464 3113 3552 3162 est.
3599 3106 3655 3161 in

370 3234 373 3235 ν
407 3210 752 3277 ἐκκλησίαις,
775 3213 870 3265 καὶ
910 3213 1044 3283 αὐτῇ
1081 3217 1143 3284 τῇ
1194 3216 1399 3293 τούτων
1430 3219 1827 3292 προκαθημένῃ
1851 3260 1865 3284 ,
1899 3221 1976 3274 δι-

2079 3197 2181 3262 eis,
2217 3199 2269 3252 in
2315 3200 2732 3268 quibuscnnque
2770 3202 2896 3267 quis
2937 3206 3241 3269 spectatth
3282 3200 3355 3255 id
3409 3196 3650 3261 dixerit,

407 3301 632 3370 καίωμα
658 3302 750 3354 ἐπὶ
782 3306 891 3365 τοῖς
930 3306 1107 3357 αὐτῶν
1129 3306 1430 3377 ἀκινήτοις,
1459 3311 1580 3363 ὅποι
1624 3311 1691 3364 ἂν
1711 3314 1807 3365 καὶ
1842 3312 1976 3365 καθ-

407 3393 628 3461 έστηκε,
685 3396 791 3449 κᾶν
831 3398 1175 3469 ὁπουδήποτε
1203 3399 1377 3453 ταῦτα
1430 3402 1755 3470 διάκεινται,
1794 3409 1888 3459 καί
1916 3408 1977 3461 τὸ

405 3485 572 3537 καλὸν
605 3486 825 3540 κάλλιον
879 3488 1064 3557 τίθησι
1088 3492 1154 3560 τῇ
1190 3491 1480 3560 ἐπικρίσει¹
1516 3494 1607 3546 καὶ
1661 3492 1829 3564 ψήφῳ
1876 3494 1977 3563 τῆς

408 3574 691 3644 βασιλείας
727 3596 852 3646 μου.
883 3582 998 3636 Πᾶν
1022 3584 1076 3635 δὲ
1105 3585 1164 3635 ἐν
1180 3585 1385 3647 αὐτοῖς,
1410 3586 1466 3638 ἐν
1490 3586 1695 3649 ὁποίοις
1724 3588 1870 3640 εἴποι
1895 3605 1979 3650 τις

408 3669 807 3739 θεωρούμενον,
841 3673 958 3725 εἴτε
1008 3675 1065 3725 ἐν
1097 3674 1481 3745 χρυσοὸούλλῳ
1509 3676 1653 3746 λόγῳ
1705 3677 1979 3748 διαφόρων

409 3760 695 3829 βασιλέων,
726 3764 838 3815 εἴτε
862 3765 918 3815 ἐν
955 3765 1262 3829 σιγιλλίοις,
1294 3767 1404 3819 εἴτε
1433 3768 1489 3818 ἐν
1512 3747 1713 3828 ἁπλαῖς
1745 3747 1979 3840 προστά-

408 3853 575 3917 ξεσιν,
605 3857 713 3909 εἴτε
745 3859 801 3908 ἐν
832 3857 1069 3921 λύσεσιν,
1090 3861 1335 3912 τουτέστι
1369 3864 1710 3930 πρακτικοῖς,
1736 3864 1977 3919 ὑποσκά-

406 3948 518 4010 ζον,
554 3950 646 4000 καὶ
674 3949 818 4001 κατά
847 3966 899 4000 τι
935 3948 1030 4001 τοῦ
1064 3949 1325 4020 ἀκριϐοῦς
1358 3951 1451 4003 καὶ
1491 3951 1588 4020 τῆς
1622 3952 1978 4024 ὀφειλομένης

404 4038 727 4104 ἀκολουθίας
756 4043 1098 4113 λειπόμενον,
1129 4046 1236 4098 ἀπό
1290 4064 1346 4098 τε
1397 4048 1691 4116 βασιλικῶν
1741 4068 1980 4119 προστα-

402 4134 628 4201 γμάτων
677 4137 768 4188 καὶ
817 4138 1018 4205 νόμων,
1075 4138 1383 4209 ἐπανορθοῖ,
1412 4123 1505 4192 κάλ.
1555 4139 1845 4208 διορίζεται
1903 4143 1977 4211 μὴ

403 4226 547 4279 κατά
576 4244 629 4280 τι
655 4229 941 4298 πρόκριμα
983 4232 1045 4282 ἐκ
1068 4230 1273 4283 τούτων
1309 4227 1449 4284 εἶναι
1482 4234 1600 4296 ταῖς
1625 4228 1978 4302 δηλωθείσαις

403 4320 610 4384 πάσαις
644 4322 974 4389 ἁγιωτάταις
994 4324 1316 4394 ἐκκλησίαις
1335 4326 1413 4385 είς
1429 4325 1520 4379 τὸν
1538 4326 1709 4380 αίῶνα
1739 4326 1976 4390 ἅπαντα,

400 4414 542 4467 ἀλλὰ
573 4415 634 4467 τὸ
668 4415 978 4486 ὑπόσαθρον
1010 4418 1234 4485 ἐκείνων
1257 4418 1350 4470 καὶ
1372 4418 1597 4478 ἀσθενὲς
1615 4418 1981 4472 εὐτονὼτατον

400 4506 544 4562 εἴναι
578 4507 673 4563 καὶ
711 4510 986 4564 ἀνάλωτον
1027 4511 1174 4582 πάσῃ
1212 4511 1551 4582 δικαιολογία
1586 4509 1677 4564 τοῦ
1715 4509 1980 4580 βουλομέ-

2078 3293 2194 3347 sive
2230 3293 2282 3347 in
2320 3294 2588 3362 rescripto
2625 3295 2966 3349 diversorum
3021 3295 3413 3362 imperatorum
3472 3294 3648 3345 Aurea

2077 3384 2230 3440 Bulla
2273 3388 2505 3453 munito,
2534 3387 2648 3442 sive
2701 3387 2756 3441 in
2798 3387 3015 3458 sigillis,
3066 3387 3182 3440 sive
3219 3386 3272 3439 in
3310 3383 3652 3452 simplicibus

2075 3479 2441 3549 jussionibus,
2479 3480 2593 3535 sive
2626 3480 2678 3533 in
2710 3480 3111 3541 solutionibus,
3138 3477 3244 3531 hoc
3290 3486 3372 3530 est
3402 3476 3456 3530 in
3492 3473 3651 3535 actis,

2040 3572 2419 3646 '.clandicans,
2448 3585 2503 3627 et
2535 3574 2717 3641 aliqua
2745 3573 2797 3625 in
2829 3588 2887 3626 re
2915 3572 2982 3626 ab
3010 3587 3076 3625 eo
3102 3570 3245 3639 quod
3278 3577 3363 3624 est
3397 3577 3660 3622 exactum

2079 3673 2131 3716 et
2163 3680 2190 3716 a
2230 3665 2409 3719 debita
2442 3664 2833 3734 consequentia
2862 3665 3145 3727 deﬁciens,-
3178 3680 3208 3717 e
3238 3661 3512 3731 regalibus
3534 3660 3655 3728 jus-

2078 3758 2326 3812 sionibus
2359 3766 2412 3812 et
2453 3758 2660 3827 legibus
2690 3758 2940 3825 corrigit,
2966 3738 3021 3812 et
3055 3755 3305 3811 decernit
3336 3753 3502 3812 dictis
3528 3767 3667 3807 san»

2028 3892 2029 3895 η
2079 3849 2341 3904 ctissimis
2364 3847 2623 3905 Ecclesiis
2659 3849 2864 3929 nullum
2905 3864 2969 3903 ex
3001 3863 3065 3902 ea
3102 3862 3162 3902 re
3196 3844 3569 3915 praejndicium
3595 3843 3650 3897 in

2078 3951 2341 3995 aeternum
2375 3940 2554 3997 aﬂ'erri
2590 3960 2603 3995 :
2636 3945 2729 3997 sed
2760 3943 2905 4011 quod
2940 3943 2992 3996 in
3042 3944 3122 3997 eis
3169 3950 3254 3996 est
3294 3939 3571 3994 inﬁrmum
3600 3947 3656 3991 et

2080 4032 2436 4093 imbecillum,
2468 4049 2591 4111 esse
2626 4035 3000 4088 ﬁrmissimum
3030 4045 3084 4087 et
3124 4033 3269 4087 nulla
3301 4031 3440 4100 juris
3471 4030 3665 4097 alliga--

2080 4125 2228 4181 tione
2268 4127 2689 4195 oppugnandum
2724 4128 2817 4181 ab'
2845 4142 2911 4181 eo
2940 4167 2955 4191 ,
3001 4126 3101 4196 qui
3130 4125 3259 4180 velit
3293 4123 3497 4193 aliquid
3550 4138 3650 4190 pro

2079 4217 2211 4273 ﬁsco
2240 4233 2335 4274 seu
2368 4218 2586 4287 publico
2614 4219 2813 4283 dicere,
2853 4226 2913 4273 ut
2939 4219 3084 4285 quod
3116 4217 3370 4288 pra-senti
3404 4216 3667 4279 majesta-

2083 4315 2150 4367 tis
2187 4308 2668 4383 mezedeﬁnitione
2709 4312 2886 4367 Aurea
2926 4312 3083 4366 Bulia
3110 4312 3320 4366 munita
3358 4310 3660 4364 conﬁrme—

2082 4415 2171 4459 tur
2202 4414 2258 4457 et
2281 4404 2436 4458 valde
2461 4404 2869 4469 corroboretur.
2909 4403 2975 4457 Et
3006 4412 3062 4456 ttt
3098 4418 3162 4455 ex
3198 4400 3387 4455 multis
3423 4414 3613 4453 eorum
3639 4438 3667 4462 ν

2083 4510 2203 4565 quae
2227 4496 2463 4564 cuipiam
2493 4495 2546 4547 in
2574 4504 2812 4549 mentem
2840 4494 3035 4565 venire
3054 4492 3287 4559 possint.
3310 4504 3481 4561 pauca
3511 4502 3661 4558 qua:-

330 4592 331 4599 “
400 4620 493 4654 νου
524 4603 707 4665 λέγειν
737 4621 789 4656 τι
834 4603 977 4673 ὑπὲρ
1013 4603 1107 4657 τοῦ
1142 4576 1427 4673 δημοσίου,
1586 4576 1813 4672 παρέντι
1845 4576 1976 4673 χρυ-

2084 4587 2206 4639 dam
2260 4588 2523 4656 maiestas
2550 4602 2669 4641 mea
2712 4587 3244 4654 memeriarepetat:
3283 4585 3328 4639 si
3373 4582 3515 4637 forte
3553 4582 3657 4635 do-

403 4697 674 4768 σοόούλλῳ
701 4697 845 4768 λόγῳ
891 4700 989 4767 τῆς
1026 4698 1315 4767 βασιλείας
1357 4716 1459 4765 μου
1493 4698 1835 4769 ῥωννύμενον
1882 4698 1976 4751 καὶ

404 4790 609 4859 σφόδρα
648 4790 1138 4859 ἐνδυναμούμενον.
1190 4790 1303 4845 Καὶ
1350 4790 1437 4844 ἵνα
1469 4791 1576 4843 ἀπὸ
1599 4789 1705 4843 τῶν
1733 4788 1972 4853 πολλῶν,

399 4876 476 4935 ὧν
502 4884 569 4937 ἄν
596 4900 681 4946 τις
709 4883 1040 4950 ἐννοήσειεν,
1078 4883 1277 4951 ὀλίγων
1309 4884 1475 4937 τινῶν
1513 4885 1545 4955 ἡ
1596 4882 1840 4951 βασιλεία
1874 4892 2003 4951 μου

358 4972 794 5041 “ὲπιμνησθείη,
859 4973 952 5024 ἐὰν
1001 4972 1166 5041 τυχὸν
1220 4974 1400 5042 δωρεὰ
1455 4975 1638 5035 αὐτοῖς
1694 4971 1977 5049 παροίκων

402 5061 604 5128 ἄστοσος
633 5066 740 5136 εἴη,
776 5065 807 5135 ἥ
849 5066 1048 5136 μέτρον
1079 5067 1199 5135 γῆς,
1228 5066 1261 5134 ἢ
1296 5066 1602 5138 αὐτοὺργιά
1631 5083 1750 5119 τινα
1774 5063 1978 5117 ἐκαινί-

405 5154 608 5223 σθησαν
639 5158 698 5208 ἐν
745 5159 867 5219 τοῖς
914 5155 1179 5218 τοιούτοις
1214 5156 1482 5225 κτήμασι,
1516 5156 1679 5227 τυχὸν
1714 5155 1789 5225 μὴ
1815 5153 1977 5206 δεδω-

405 5247 615 5315 ρημένα
640 5248 847 5314 αὐτοῖς,
878 5248 910 5318 ἢ
950 5250 1041 5302 καὶ
1072 5247 1428 5317 ἐδωρήθησαν
1458 5248 1577 5317 μὲν,
1610 5248 1709 5298 οὐκ
1740 5244 1975 5315 ἀνετράο

398 5354 584 5405 πησαν
613 5336 670 5391 δὲ
691 5340 746 5392 αἱ
776 5341 903 5409 περὶ
925 5339 1135 5393 τούτων
1159 5337 1509 5409 προστάξεις,
1541 5337 1575 5405 ἦ
1599 5338 1692 5389 ἐπὶ
1715 5352 1976 5407 προαφω-

400 5430 677 5501 ρισμὲνοις
724 5430 1120 5501 δεδωρημένοις
1167 5432 1369 5494 αὐτοῖς,
1422 5433 1476 5483 αἱ
1527 5445 1974 5502 περιπροαφωρι-

398 5523 595 5591 σμέναι
619 5522 944 5593 προστάξεις
996 5524 1097 5578 οὐκ
1147 5524 1555 5594 ἀνετράπησαν,
1600 5523 1632 5595 ἤ
1691 5540 1811 5576 τινα
1867 5522 1978 5575 τῶν

396 5614 768 5683 πορισθέντων
803 5615 986 5678 αὐτοῖς
1035 5615 1334 5684 βασιλικῶν
1382 5614 1823 5685 προσταγμάτων
1862 5612 1976 5667 οὐδ’

398 5706 537 5768 ὅλως
556 5706 1041 5777 κατεστρώθησαν,
1068 5707 1101 5777 ἦ
1125 5704 1581 5777 κατεστρώθησαν
1615 5705 1715 5775 μὲν
1756 5704 1835 5768 εἷς
1857 5720 1979 5757 τινα

398 5798 507 5850 τῶν
536 5798 831 5867 σεκρέτων,
866 5798 897 5868 ἦ
937 5798 1395 5867 καταστρωθέντα
1437 5796 1738 5861 ἀπώλοντο,
1778 5796 1869 5849 ῐσα
1918 5794 1978 5849 δὲ

398 5891 607 5945 τούτων
637 5891 1042 5947 πεπιστευμένα
1066 5890 1490 5959 εὑρίσκονται,ἢ
1520 5889 1798 5961 πρακτικὰ
1823 5890 1974 5958 ὀφεί-

2079 4681 2229 4734 natio
2261 4681 2579 4735 colonorum
2613 4679 2767 4749 ipsis,
2799 4689 2893 4732 aut
2926 4691 3304 4733 mensurarum
3352 4685 3508 4729 terra:
3539 4671 3667 4727 sine

2078 4780 2229 4825 certa
2258 4770 2567 4839 quantitate
2622 4769 2718 4833 sit,
2750 4769 2833 4822 vel
2887 4766 3093 4837 praedia
3139 4765 3392 4835 quaedam
3449 4762 3667 4816 rustica

2081 4864 2394 4926 innovarjnt
2422 4850 2487 4918 in.
2509 4863 2818 4932 hujusmodi
2858 4860 3326 4929 possessionibus,
3362 4857 3501 4911 forte
3533 4871 3658 4923 quae

2080 4957 2214 5023 ipsis
2241 4957 2437 5015 donata
2491 4972 2605 5009 non
2634 4955 2885 5017 fuerunt;
2920 4965 3012 5008 aut
3046 4956 3252 5008 donatae
3275 4951 3499 5023 quidem
3533 4948 3653 5002 rue»

2079 5056 2242 5113 runt;
2264 5048 2540 5115 jussiones
2566 5058 2753 5102 autem
2777 5048 2843 5102 de
2875 5047 2960 5101 his
2991 5046 3149 5100 facta:
3186 5061 3296 5107 non
3331 5052 3458 5098 sunt
3492 5055 3655 5095 revo-

2080 5151 2235 5219 catas,
2264 5141 2346 5195 vel
2376 5141 2428 5196 in
2457 5142 2610 5209 prius
2629 5140 2951 5209 designatis,
2970 5140 3247 5210 quaeipsis
3272 5128 3651 5193 donatasuut.

2077 5238 2353 5305 jussiones
2383 5238 2451 5292 de
2483 5239 2631 5307 prius
2663 5236 2904 5292 deﬁnitis
2934 5252 3042 5291 non
3078 5245 3208 5291 sunt
3247 5242 3534 5294 revocata,
3562 5239 3663 5283 aut

2037 5328 2385 5399 -jnssionum
2427 5330 2795 5398 impcralium,
2848 5345 2973 5400 quze
3028 5329 3163 5398 ipsis
3213 5328 3434 5382 tribune
3482 5334 3653 5388 sunt,

2080 5422 2276 5492 aliqua!
2311 5423 2460 5479 nullo
2483 5423 2646 5478 modo
2679 5423 2970 5480 insinuatze
3005 5418 3261 5487 fuerunt:
3297 5429 3393 5475 aut
3433 5418 3659 5472 fuerunt

2080 5518 2297 5589 quidem
2327 5518 2615 5575 insinuata:
2649 5521 2701 5574 in
2737 5520 2921 5588 aliquo
2954 5533 3061 5573 non
3096 5527 3275 5571 tamen
3310 5522 3661 5583 competente

2082 5622 2312 5680 secreto;
2348 5624 2440 5669 aut
2485 5615 2776 5668 insinuata:
2822 5613 3147 5682 perierunt,
3184 5605 3431 5689 exempla
3464 5614 3652 5659 autem

2080 5721 2267 5761 earum
2318 5707 2420 5762 ﬁde
2451 5707 2614 5778 digna
2648 5705 3027 5776 reperiuntur;
3070 5712 3166 5756 aut
3192 5708 3335 5761 acta,
3371 5713 3495 5769 quae
3523 5710 3652 5766 pro-

2081 5798 2277 5853 cedere
2309 5798 2598 5863 debebant,
2629 5814 2737 5867 non
2780 5801 3204 5865 processerunt,
3245 5791 3331 5848 vel
3372 5803 3495 5862 qua:
3524 5803 3657 5861 pro-

2042 5916 2045 5917 ν
2083 5903 2365 5949 cesserunt
2412 5909 2517 5949 non
2567 5902 2695 5947 sunt
2742 5892 3063 5973 insinuata;
3092 5897 3207 5955 aut,
3242 5902 3364 5959 quae
3410 5884 3528 5940 ﬁeri
3558 5883 3654 5937 de-
