4056 6404
446 399 547 464 951

1717 404 1993 466 THEOD.
2029 406 2260 464 BALSA
2270 406 2424 466 MON

3587 395 3699 457 952

441 516 699 579 but-runt.
728 520 998 573 rationum
1033 522 1492 589 computationes,
1524 522 1682 579 [actae
1712 540 1822 578 non
1856 530 2007 589 sunt;

2112 520 2274 579 λοντα
2307 507 2581 589 προϐῆναι
2608 520 2680 569 ὀὐ
2706 516 3055 587 προέϐησαν,
3076 515 3112 586 ἦ
3151 513 3430 584 προϐάντα
3458 511 3521 566 οὗ
3554 528 3690 566 κατ-

436 620 532 661 aut
584 609 722 665 forte
778 611 1078 680 quamlibet
1127 614 1287 669 aliam
1340 617 1411 669 ob
1468 631 1711 681 causam,
1768 619 1883 673 sive
1939 633 2006 671 ex

435 704 762 771 parte,‘sive
791 703 844 757 in
882 713 1077 768 totum,
1118 721 1240 774 quae
1271 707 1469 761 adsunt
1510 724 1652 777 smpe
1684 692 1845 764 dictis
1875 725 1995 765 san-

435 794 539 846 ctis
576 792 665 845 Dei
706 794 959 850 ecclesiis
986 806 1040 850 et
1068 799 1225 851 matri
1254 801 1497 854 omnium
1525 802 1645 870 jura
1670 805 2002 869 clau‘dicant,

435 891 488 936 et
525 885 651 938 inde
683 886 991 942 firmitatem
1045 907 1199 944 suam
1253 908 1359 946 non
1415 894 1648 962 habent;
1684 898 1784 951 etsi
1824 900 2004 953 omnis

435 994 553 1042 qum
589 981 951 1035 instrumenta
985 982 1292 1041 claudicare
1334 986 1498 1040 faciat
1524 1030 1537 1049 .
1574 1003 1736 1044 causa
1786 1006 1892 1045 non
1935 991 2006 1045 sit

432 1068 523 1122 hic
556 1073 875 1125 nominatim
908 1089 1200 1144 expressa;
1249 1087 1342 1132 aut
1376 1079 1479 1133 alia
1528 1076 1671 1133 forte
1705 1082 1838 1150 ipsis
1873 1098 2005 1137 cou-

432 1162 552 1214 cudi
589 1164 896 1219 debuerunt
933 1168 1293 1225 instrumenta
1334 1172 1400 1226 de
1448 1173 1759 1241 bujusmodi
1809 1175 2004 1230 immo-

435 1254 658 1322 bilibus,
686 1272 811 1311 cum
845 1258 1023 1329 aliqua
1087 1263 1278 1317 sal'em
1315 1265 1728 1333 impetraverint
1786 1270 1930 1335 (nam
1958 1270 2021 1325 si'

433 1344 821 1401 documentum
862 1350 929 1404 de
966 1354 1317 1422 quopiam‘ex
1347 1358 1615 1426 possessis
1642 1375 1671 1413 a
1714 1375 1772 1414 se
1811 1362 2006 1414 immo-

435 1435 660 1499 bilibus,
700 1440 1048 1509 nequaquam
1091 1445 1463 1512 acquisierint,
1507 1448 1643 1501 nihil
1684 1463 1712 1501 a
1754 1452 2004 1520 praesenti

432 1526 624 1581 Aurea:
649 1528 814 1584 Bullae
841 1534 1089 1586 oratione
1111 1533 1494 1606 juvabuntur),
1532 1541 1677 1594 nulla
1715 1542 1768 1595 in
1803 1559 1858 1597 re
1895 1546 2005 1599 haec

434 1620 642 1682 ortinia,
674 1632 727 1676 et
766 1639 1108 1696 quaecunque
1140 1629 1243 1682 alia
1294 1633 1529 1700 cuipiam
1584 1651 1680 1704 pro
1718 1636 1849 1691 lisco
1888 1653 2008 1691 cer-

435 1712 572 1765 tauti
626 1712 681 1765 in
738 1728 968 1771 mentem
1007 1722 1335 1791 quandoque
1368 1727 1650 1790 venerint,
1685 1729 1878 1783 lazdere
1908 1746 2007 1782 un-

440 1816 604 1867 quam
640 1807 1019 1864 sanctissimas
1049 1809 1142 1865 Dei
1183 1813 1462 1875 ecclesias,
1506 1827 1560 1869 ct
1589 1818 1882 1888 Sapientiae
1912 1821 2001 1874 Dei

2112 613 2484 681 εστρώοησαν,
2537 612 2570 682 ἢ
2631 610 2929 680 ιῦρισοὲντα
2982 607 3233 676 γενέσθαι
3263 607 3549 674 λογίσιμα,
3592 606 3696 659 οὐκ

2112 704 2377 771 ἐγένοντο,
2404 704 2437 772 ἢ
2460 703 2600 756 κατά
2626 720 2745 756 τινα
2772 703 2903 765 ἴσως
2924 702 3091 770 ἄλλην
3118 699 3312 753 ὁποίαν
3331 698 3396 752 ἄν
3420 716 3507 777 τις
3523 701 3693 763 εἴποι,

2111 799 2292 851 αίτίῖν
2325 798 2434 849 εἴτε
2457 796 2596 849 κατὰ
2626 796 2791 866 μέρος
2826 795 2935 847 εἴτε
2968 790 3481 860 καθολόκληρον,τὰ
3513 806 3685 857 προσ-

2114 890 2241 942 όντα
2271 894 2390 952 ταῖς
2442 886 2699 950 πολλάκις
2758 886 3173 956 διαληφθείσαις
3207 884 3392 951 ἁγίαις
3424 882 3520 935 τοῦ
3554 881 3695 934 Θεοῦ

2114 982 2434 1050 ἐκκλησίαις
2471 981 2567 1035 καὶ
2600 984 2664 1050 τῇ
2702 980 2872 1050 μητρί⁵
2906 977 3095 1033 πασῶν
3128 975 3430 1046 χωλεύουσι
3462 972 3695 1026 δικαιώ-

2119 1089 2287 1141 ματα,
2329 1072 2623 1137 κάντεῦθεν
2652 1073 2753 1126 οὐκ
2787 1073 2969 1142 ἔχουσι
2994 1073 3055 1123 τὸ
3096 1071 3546 1140 ἁπερικλόνητον,
3587 1068 3698 1120 κᾶν

2120 1164 2194 1233 μὴ
2225 1164 2405 1233 ῥητῶς
2430 1164 2664 1217 ἐνταῦθα
2685 1167 2835 1217 πᾶσα
2859 1163 3169 1231 ὁποιαδήτις
3188 1162 3334 1214 αἰτία
3359 1158 3699 1221 ὑποσκάζειν

2115 1257 2347 1309 ποιοῦσα
2399 1257 2470 1309 τὰ
2502 1258 2847 1326 δικαιώματα
2901 1255 3325 1326 ὲκπεφὼνηται·
3384 1253 3416 1322 ἦ
3478 1252 3697 1321 ὀφεῖλον

2110 1349 2273 1417 τυχὸν
2323 1353 2416 1402 καὶ
2450 1349 2618 1420 ἕτερα
2649 1350 2996 1418 δικαιώματα
3051 1347 3565 1417 προσεπορεχθῆναι
3596 1344 3699 1397 αὐ-

2110 1445 2232 1504 ταῖς
2262 1443 2353 1494 ὲπὶ
2386 1445 2498 1504 τοῖς
2527 1443 2792 1503 τοιούτοις
2817 1441 3122 1509 ἀκινήτοις,
3170 1439 3245 1501 ὡς
3280 1439 3444 1492 τινῶν
3475 1439 3698 1515 πάντων

2113 1531 2434 1600 προϐἀντων
2464 1532 2522 1583 ὲν
2556 1532 2752 1592 αὐταῖς
2779 1532 3057 1600 ἀκινήτων
3112 1530 3432 1599 κέκτηνται,
3464 1528 3615 1580 οὐδέν
3640 1546 3700 1580 τι

2110 1623 2218 1674 ἀπὸ
2251 1622 2344 1674 τοῦ
2367 1622 2648 1691 παρόντος
2674 1621 3076 1692 χρυσοδούλλου
3110 1621 3271 1690 λόγου
3305 1620 3700 1699 ὠφεληθήσον-

2111 1733 2223 1777 ται,
2282 1715 2424 1766 κατὰ
2458 1715 2626 1784 μηδέν
2660 1732 2713 1766 τι
2734 1714 2910 1767 ταῦτα
2973 1714 3171 1776 πάντα,
3229 1713 3321 1766 καὶ
3356 1714 3456 1766 ὃσα
3492 1714 3557 1767 ἄν
3608 1729 3698 1775 τις

2112 1807 2249 1860 ἄλλα
2288 1807 2367 1869 εἰς
2407 1805 2529 1859 νοῦν
2560 1806 2700 1876 λάϐῃ
2732 1806 2865 1858 ποτὲ
2893 1805 3034 1874 ὑπὲρ
3062 1805 3154 1858 τοῦ
3195 1804 3461 1873 δημοσίου
3490 1806 3700 1870 ἀγωνι-

435 1896 720 1963 teniplum,
744 1899 1090 1970 reliquasque
1110 1907 1455 1974 metropoles,
1477 1886 2005 1979 archiepiscopatus,

2111 1899 2358 1967 ζόμενος,
2384 1898 2729 1967 καταὸλάψαι
2785 1899 2914 1951 ποτὲ
2943 1899 3040 1961 τὰς
3091 1897 3185 1950 τοῦ
3215 1897 3349 1949 Θεοῦ
3382 1897 3697 1964 ἁγιωτάτας

442 1990 814 2059 episcopatus.
844 2002 1101 2060 poterunt
1133 1996 1185 2049 in
1219 1997 1286 2052 iis
1328 2000 1726 2059 immobilibus.
1763 2020 1904 2072 qure,
1949 2014 2009 2059 ut

432 2077 645 2131 dictum
696 2091 797 2144 est,
842 2084 909 2137 ad
962 2100 1055 2140 eas
1103 2089 1399 2155 pertinent,
1438 2106 1501 2144 ex
1533 2092 2010 2163 qualibuscunque

435 2169 673 2238 juribus.
712 2174 769 2226 Si
816 2177 960 2229 enim
995 2181 1207 2234 nullum
1256 2184 1478 2250 penitus
1514 2183 1603 2252 jus
1631 2187 1682 2240 lu
1716 2186 2007 2255 aliquibus,

437 2278 558 2331 qua:
595 2265 736 2321 forte
770 2268 991 2332 habent,
1043 2271 1416 2329 immobilibus
1470 2277 1770 2344 possident.
1814 2294 1842 2332 a
1876 2295 2012 2347 prae-

437 2356 580 2408 senti
616 2358 788 2411 Aurea
817 2357 967 2413 Bulla
1010 2363 1217 2416 munita
1250 2365 1566 2421 delinitioue
1608 2368 1741 2422 nihil
1785 2371 2010 2423 omnino

432 2448 770 2513 juvabuntur
805 2467 820 2504 :
853 2452 994 2504 sicut
1048 2469 1147 2508 nec
1201 2456 1254 2508 in
1302 2457 1503 2523 quibus
1558 2458 1725 2513 ﬁscus
1760 2477 1822 2513 ex
1853 2461 2005 2527 justa

440 2538 624 2607 aliqua
658 2555 821 2595 causa
852 2544 915 2597 ad
964 2544 1285 2600 bodiernuut
1322 2564 1497 2617 usque
1535 2550 1676 2603 diem
1707 2548 2009 2617 possessio-

438 2646 562 2683 nctn
594 2632 801 2689 habuit.
841 2636 897 2689 lo
935 2637 1019 2691 his
1057 2639 1199 2691 enim
1233 2641 1489 2695 omnibus
1518 2642 1659 2710 juris
1689 2645 2005 2698 observabi-

435 2733 527 2776 tur
560 2736 744 2779 exacta
776 2729 1083 2799 disciplina.
1120 2730 1175 2785 Si
1207 2734 1332 2802 quis
1364 2749 1492 2801 ergo
1524 2737 1654 2789 velit
1682 2775 1696 2798 ,
1728 2738 1798 2790 oh
1826 2738 2009 2791 avari-

439 2816 570 2868 tiam
608 2819 689 2871 vel
742 2820 815 2873 ob
859 2821 1020 2874 aliam
1071 2825 1308 2892 aliquam
1357 2826 1599 2888 causam,
1652 2842 1734 2889 ea,
1790 2844 1910 2896 qua:
1955 2829 2007 2880 iu

433 2912 688 2975 pratseuti
724 2911 1024 2979 majestatis
1061 2931 1193 2969 mea:
1232 2916 1410 2972 Aurea
1452 2916 1603 2972 Bulla
1638 2921 1846 2973 munita
1875 2920 2011 2974 dell-

436 3000 648 3056 nitione
674 3005 969 3058 constituta
996 3016 1147 3072 sunt,
1183 3010 1454 3078 negligere
1486 3028 1499 3062 :
1528 3011 1761 3079 primum
1788 3013 2006 3081 quidem

435 3103 639 3145 Sanetus
659 3094 945 3150 Trinitatis
980 3100 1173 3161 lucem.
1205 3102 1426 3169 quando
1451 3118 1636 3156 coram
1673 3103 2005 3157 formidabili

414 3174 694 3238 \rihunali
720 3187 1068 3251 steterimus,
1107 3206 1210 3245 non
1242 3193 1454 3252 viderit.
1496 3210 1525 3246 a
1568 3194 2006 3249 Christianorum

434 3283 618 3330 autem
659 3287 831 3345 parte,
884 3282 944 3333 ut
974 3280 1145 3357 ludas
1177 3298 1205 3336 a
1243 3284 1579 3341 duodeuario
1612 3303 1842 3341 numero
1870 3328 1883 3351 ,
1918 3303 2014 3341 ex-

435 3370 650 3434 ciderit;
689 3383 946 3440 praetcrea
990 3385 1167 3427 autem
1201 3385 1254 3429 et
1295 3378 1731 3432 maledictionetu
1767 3388 2012 3433 attraxe-

434 3459 509 3511 rit
541 3474 730 3514 eorum
764 3464 857 3529 qui
891 3479 916 3516 a
948 3467 1148 3518 saaculo
1181 3466 1516 3522 dormierunt
1552 3480 1864 3523 sanctorum
1903 3471 2012 3538 pri.

439 3552 860 3618 mogeuitorum,
889 3556 1163 3623 justorum
1196 3572 1246 3613 et
1280 3560 1591 3615 divinorum
1626 3564 1876 3615 Patrum.

506 3727 669 3800 312
686 3730 940 3789 ZONAR.
962 3733 1323 3791 Ecclesiarum
1337 3738 1633 3810 αὐτούργια
1650 3742 2011 3799 ίηοίτοηιιὶήιῖι)

438 3824 647 3877 servari
672 3825 757 3879 hic
781 3842 953 3881 canon
975 3830 1127 3895 jubet
1154 3829 1475 3902 (αὖτούργια
1500 3846 1704 3899 autem,
1739 3836 1841 3890 hoc
1871 3839 2009 3900 loco,

438 3930 779 3986 quaecunque
812 3918 1048 3973 fructum
1084 3937 1148 3975 ex
1184 3938 1243 3976 se
1289 3923 1429 3978 ferre
1474 3938 1716 3993 queant,
1754 3928 2013 3997 intelligi-

438 4007 607 4073 mus),
649 4008 1040 4080 proleruntque
1080 4010 1268 4066 Patres
1293 4015 1653 4082 apestolicum
1700 4031 1964 4070 canonem
1996 4059 2010 4082 ,

439 4110 552 4164 quo
602 4114 781 4151 rerum
831 4103 1326 4156 ecclesiasticarum
1384 4106 1699 4173 procuratio
1755 4108 2013 4175 episcopo

438 4189 817 4257 demandatur,
862 4203 921 4246 ut
959 4202 1053 4250 ea‘s
1104 4195 1213 4259 ille,
1263 4197 1426 4250 veluti
1482 4197 1828 4265 inspectante
1879 4198 2008 4262 Deb,

439 4283 807 4348 administret,
843 4302 941 4340 nec
968 4303 1033 4341 ex
1069 4289 1135 4344 iis
1162 4290 1366 4350 aliquid
1396 4290 1744 4356 intervortat,
1778 4292 1879 4345 hoc
1905 4303 2010 4355 est,

437 4375 540 4427 sibi
599 4382 855 4443 tanquam
899 4381 1180 4450 propriutn
1219 4383 1478 4444 vindicet,
1534 4397 1718 4452 neque
1763 4387 2011 4451 cognatis

426 4466 556 4519 suis
587 4468 866 4535 largiatur.
904 4471 1057 4536 Quod
1094 4472 1137 4525 si
1173 4472 1333 4532 forte.
1376 4473 1633 4540 inquiunt
1687 4474 1737 4525 hi
1795 4474 2023 4536 Patres.‘

441 4558 682 4612 Sterilem
715 4575 906 4630 agrum
942 4578 1005 4615 ac
1042 4565 1277 4629 proinde
1322 4565 1569 4618 ecclesias
1600 4567 1842 4620 inutilem
1891 4584 2011 4623 esse
2038 4594 2089 4652 D

435 4649 731 4717 episcopus
767 4651 1057 4715 obtendat;
1099 4667 1165 4704 ne
1187 4652 1268 4705 sic
1302 4653 1518 4719 quidem
1567 4669 1689 4706 enim
1725 4658 2010 4725 ittagistra-

435 4737 607 4803 tibus,
641 4741 733 4793 sed
773 4741 1115 4794 autlclericis
1149 4751 1243 4793 aut
1288 4743 1549 4808 agricolis
1571 4785 1585 4807 ,
1624 4745 1877 4801 addicat:
1905 4750 2014 4803 cle-

437 4831 568 4885 ricis
596 4833 838 4899 quidem,
872 4833 998 4900 quia
1037 4834 1321 4889 inferiores
1357 4844 1410 4887 et
1433 4836 1664 4905 subjecti
1694 4851 1839 4903 sunt;
1867 4844 2010 4910 agri-

435 4920 579 4973 colis
613 4937 745 4975 vero
773 4963 786 4977 .
816 4931 1004 4989 utpote
1034 4924 1126 4991 qui
1176 4926 1583 4992 ruriedegentt-s
1623 4928 1673 4980 iu
1717 4930 2009 4986 humiliore

438 5023 605 5079 atque
621 5013 954 5081 subjectiore
986 5015 1201 5069 fortuna
1226 5027 1535 5072 versantur.
1556 5020 1709 5085 Quod
1729 5024 1773 5075 si
1793 5033 2011 5077 versute

440 5119 505 5157 ac
555 5104 744 5159 dolose
779 5105 981 5162 clerico
1033 5109 1251 5177 quidem
1315 5120 1408 5164 aut
1468 5114 1718 5182 agricola:
1782 5113 2009 5169 dedatur

443 5210 594 5263 ager,
622 5197 714 5251 sed
766 5198 833 5250 ab
884 5215 949 5252 eo
998 5210 1181 5268 postea
1232 5204 1469 5271 cuipiam
1528 5221 1558 5259 e
1602 5207 2009 5273 magistratibus

442 5290 804 5358 mancipetur,
843 5299 1011 5344 totum
1048 5292 1177 5346 d'ud
1209 5296 1480 5364 negotium
1511 5336 1525 5359 ,
1553 5303 1666 5349 sive
1696 5297 2008 5351 venditione

440 5382 557 5435 sive
585 5382 695 5435 alia
739 5398 1070 5451 quacunque
1119 5390 1331 5442 ratione
1383 5396 1740 5451 transactum,
1794 5388 2004 5440 irritum

440 5487 584 5532 esse.
636 5474 1146 5543 possessionemque
1197 5478 1442 5531 ecclesiae
1488 5477 1725 5541 restitui,
1757 5478 1948 5545 jubenl
1988 5517 2003 5529 .

436 5566 532 5632 qui
566 5578 695 5617 vero
722 5579 833 5618 rem
866 5567 1129 5635 ejusmodi
1179 5568 1481 5630 admiserit,
1517 5579 1573 5619 ut
1620 5585 1712 5636 per
1762 5568 2005 5621 fraudem

443 5653 713 5719 videlicet,
752 5657 835 5710 vel
870 5659 1031 5711 etiam
1070 5657 1360 5710 manifesto
1412 5666 1464 5709 ut
1507 5659 1724 5725 palam,
1758 5660 2005 5727 dynastis

439 5745 836 5817 ecclesiasticas
861 5747 1238 5815 possessiones
1264 5747 1540 5816 proderet,
1574 5751 1687 5804 sive
1718 5744 2005 5818 cpiscOpus

435 5837 551 5894 sive
600 5839 917 5895 monasterii
961 5837 1249 5907 pra-fectus
1277 5840 1367 5906 sit,
1412 5857 1440 5895 e
1474 5841 1750 5921 dignitatis
1788 5843 2001 5912 gradu,

2110 1990 2430 2056 ἐκκλησίας,
2464 1989 2555 2041 τόν
2578 2007 2635 2041 τε
2668 1991 2765 2056 τῆς
2787 1990 2882 2042 τοῦ
2910 1988 3044 2042 Θεοῦ
3068 1988 3260 2053 σοφίας
3278 1983 3451 2050 οἷκον,
3477 1987 3571 2040 καὶ
3592 1985 3697 2048 τὰς

2109 2078 2300 2141 λοιπὰς
2365 2079 2749 2148 μητροπόλεις,
2806 2079 3285 2148 ἁρχίεπισκοπὰς,
3348 2076 3682 2138 ὲπισκοπὰς,

2109 2169 2400 2239 δυνήσεται
2427 2171 2523 2223 ἐπὶ
2550 2173 2683 2234 τοῖς,
2722 2171 2799 2237 ὡς
2845 2171 3084 2239 εἴρηται,
3123 2168 3472 2237 διαφέρουσιν
3506 2167 3696 2230 αὐτοῖς

2110 2263 2386 2332 ἀκινήτοις
2402 2265 2497 2331 ἀφ’
2520 2263 2851 2331 οἱωνδήποτε
2876 2261 3283 2331 δικαιωμάτων.
3307 2261 3367 2312 El
3386 2262 3494 2331 γὰρ
3521 2260 3698 2329 μηδέν

2109 2370 2163 2405 τι
2195 2354 2456 2423 μηδαμῶς
2477 2355 2754 2423 δικαίωμα
2777 2354 3083 2422 ἐκτήσαντο
3128 2353 3221 2405 ἐπί
3252 2368 3395 2404 τισιν
3427 2351 3555 2414 ἴσως
3584 2351 3697 2403 τῶν

2112 2446 2426 2514 προσόντων
2484 2447 2676 2509 αὐταῖς
2732 2447 3029 2515 ἀκινήτων,
3103 2426 3362 2514 οὐδεμίαν
3425 2444 3534 2497 ἀπὸ
3595 2445 3694 2496 τοῦ

2116 2535 2382 2604 παρόντος
2413 2535 2809 2605 χρυσοὸούλλου
2834 2536 2995 2602 λόγου
3030 2535 3296 2603 ὠφέλειαν
3324 2534 3561 2600 ἕξουσιν,
3582 2533 3694 2585 ὦσ-

2112 2643 2218 2695 περ
2250 2627 2370 2678 οὐδὲ
2403 2628 2489 2694 ἐφ’
2526 2621 2607 2687 οἷς
2660 2626 2786 2696 ἔσχε
2824 2626 2924 2697 τὴν
2980 2628 3220 2695 κατοχὴν
3243 2627 3270 2678 ὁ
3297 2626 3556 2694 δημόσιος
3592 2627 3694 2693 ἀφ’

2111 2718 2455 2788 οἱασδήτινος
2489 2718 2714 2784 εὐλόγου
2745 2719 2927 2780 αίτίας
2959 2719 3120 2787 μέχρι
3141 2717 3241 2786 τῆς
3273 2718 3553 2785 σήμερον·
3592 2718 3692 2771 ἐπὶ

2111 2810 2321 2874 τούτοις
2344 2811 2452 2880 γὰρ
2479 2812 2613 2863 πᾶσι
2652 2811 2711 2862 τὸ
2738 2810 2966 2880 ἀκριϐὲς
2998 2808 3589 2879 παραφυλαχῧήσεται.
3624 2810 3693 2861 Εἰ

2109 2918 2194 2962 τις
2211 2900 2303 2954 οὖν
2324 2902 2539 2971 θελήσει
2568 2903 2656 2955 διὰ
2674 2901 3112 2972 φιλοχρηματίαν
3142 2901 3259 2971 ἢδι”
3288 2902 3484 2969 ἑτέραν
3506 2899 3690 2954 αἰτίαν

2111 2994 2235 3046 τινὰ
2266 2994 2677 3063 καταφρονῆσαι
2711 2994 2819 3046 τῶν
2850 2996 2907 3045 ὲν
2941 2993 3018 3064 τῷ
3050 2992 3281 3060 παρόντι
3304 2991 3687 3061 χρυσοϐούὶλιρ

2092 3069 2255 3153 ¹λόγῳ
2287 3085 2383 3151 τῆς
2415 3084 2691 3153 βασιλείας
2745 3102 2845 3153 μου
2900 3082 3297 3152 διωρισμένων,
3354 3082 3548 3152 πρῶτα
3588 3084 3691 3152 μὲν

2112 3170 2205 3226 οὖν
2235 3175 2294 3225 τὸ
2316 3175 2417 3243 τῆς
2449 3175 2609 3241 ἁγίας
2655 3174 2883 3241 Τριάδος
2907 3175 3132 3241 φέγγος,
3172 3174 3263 3226 ὅτε
3302 3176 3692 3243 περιστάμεοα

2111 3266 2189 3335 τῷ
2222 3266 2437 3337 φοϐερῷ
2468 3267 2694 3336 βήματι,
2723 3267 2797 3337 μὴ
2826 3266 3103 3329 Θεάσαιτο,
3139 3264 3363 3317 ἐκπέσοι
3380 3265 3437 3317 δὲ
3463 3265 3558 3317 καὶ
3583 3266 3690 3332 τῆς

2112 3360 2220 3413 τῶν
2252 3361 2593 3429 Χριστιανῶν
2623 3362 2860 3432 μερίδος,
2892 3360 2965 3422 ὡς
3009 3357 3210 3419 Ἰούδας
3230 3358 3325 3426 τῆς
3346 3358 3688 3421 δυοδεκάδος·

2114 3450 2250 3519 πρὸς
2279 3449 2360 3502 ἔτι
2392 3453 2604 3515 τούτοις
2631 3453 2724 3504 καὶ
2756 3453 2854 3520 τὴν
2879 3450 3016 3520 ἀρὰν
3048 3449 3418 3502 ἐπισπάσαιτο
3453 3452 3562 3502 τῶν
3589 3451 3694 3504 ἀπ’

2113 3543 2310 3606 αίῶνος
2367 3544 2893 3614 προκεκοιμημένων
2944 3541 3305 3613 πρωτοτόκων
3368 3542 3559 3611 ἁγίων,
3612 3544 3694 3597 δι-

2113 3639 2284 3689 καίων
2315 3638 2409 3690 καὶ
2432 3637 2705 3707 Θεοφόρων
2741 3636 3025 3709 [Ιατὲρων.

2188 3716 2431 3783 ΖΩΝᾹΡ.
2462 3731 2542 3783 Τὰ
2565 3731 2863 3800 αὐτούργια
2887 3732 2993 3783 τῶν
3021 3732 3327 3802 ἐκκλησιῶν
3358 3730 3690 3813 ἁνεκποίητσ

2113 3822 2141 3872 ὁ
2171 3821 2349 3873 κανὼν
2380 3814 2534 3885 οὗτος
2564 3821 2775 3874 κελεύει
2818 3823 3183 3891 φυλάττεσθαι
3224 3826 3243 3893 (
3262 3823 3594 3893 αὐτούργιον
3640 3824 3689 3875 δ’

2116 3910 2346 3963 ἐνταῦθα
2381 3913 2487 3963 πᾶν
2522 3910 2850 3980 εὐπρόσοδον
2891 3912 3166 3981 νοητέον)·
3198 3913 3291 3967 καὶ
3319 3912 3410 3966 τὸν
3460 3916 3694 3964 ἀποστο-

2114 4002 2264 4055 λικὸν
2284 4003 2484 4056 κανόνα
2519 4004 2882 4077 παράγουσιν,
2911 4008 3057 4067 ὅστις
3087 4004 3163 4073 τῷ
3192 4007 3478 4076 ὲπισκόπῳ
3502 4005 3694 4058 ἀνατί-

2118 4093 2241 4163 θησι
2271 4095 2370 4164 τὴν
2401 4097 2659 4165 φροντίδα
2684 4097 2793 4150 τῶν
2827 4097 3299 4168 ὲκκλησιαστικῶν
3321 4082 3688 4167 πραγμάτων,

2116 4186 2180 4236 ἵν’
2206 4187 2349 4239 αὐτὰ
2378 4188 2550 4257 διοικῇ
2579 4188 2654 4250 ὡς
2679 4188 2769 4241 τοῦ
2800 4189 2933 4242 Θεοῦ
2967 4190 3295 4259 ἐφορῶντος,
3318 4194 3410 4243 καὶ
3432 4180 3603 4261 μηδὲν
3633 4192 3693 4256 ἐξ

2115 4280 2295 4331 αὐτῶν
2334 4283 2744 4351 σφετερίζηται,
2805 4283 2924 4352 ἦτοι
2975 4283 3275 4349 οἰκειῶται,
3331 4284 3691 4355 ἦσυγγενέσι

2115 4370 2408 4442 χαρίζηται
2475 4373 2692 4447 ἑαυτοῦ.
2728 4374 2789 4426 Εἰ
2840 4375 2898 4427 δὲ
2945 4377 3335 4444 προφασίζοιτο
3365 4377 3690 4442 ἐπίσκοπος,

2115 4466 2277 4528 φασὶν
2311 4466 2361 4516 οἱ
2389 4462 2629 4533 Πάτέρες
2666 4457 2834 4531 οὗτοι,
2883 4469 2964 4520 ὅτι
2994 4469 3296 4538 ἀπρόσοδός
3322 4470 3437 4522 ἐστι
3474 4469 3633 4538 τυχὸν
3661 4470 3692 4519 6

2115 4559 2304 4629 ἀγρὸς,
2331 4559 2425 4611 καὶ
2464 4559 2718 4627 οὐδεμίαν
2745 4559 3014 4629 ὠφέλειαν
3050 4565 3116 4631 τῇ
3149 4563 3418 4632 ἐκκλησίᾳ
3447 4563 3692 4631 ἐμποιεῖ,

2119 4652 2256 4718 μηδὲ
2288 4649 2462 4713 οὕτως
2492 4651 2758 4721 ἄρχουσιν
2807 4653 2970 4705 αὐτὸν
3003 4654 3282 4716 ἐκδιδότω,
3335 4655 3469 4707 ἀλλὰ
3496 4656 3695 4724 κληρι-

2115 4744 2232 4803 κοῖς
2265 4741 2587 4813 ἧγεωργοίς
2610 4759 2622 4772 ’
2658 4745 2769 4805 τοῖς
2812 4744 3227 4815 μὲνκληρικοῖς
3279 4746 3353 4807 ὡς
3388 4747 3693 4815 ὑποκειμέ-

2114 4851 2225 4895 νοις
2253 4835 2401 4902 αὐτῴ
2432 4836 2522 4886 καὶ
2557 4834 2861 4901 ὑπείκουσι,
2904 4840 3015 4899 τοῖς
3032 4838 3087 4889 δὲ
3122 4841 3388 4907 γεωργοῖς
3417 4838 3491 4901 ὡς
3522 4840 3696 4908 ἁγρρ-

2114 4945 2235 4989 ταις
2293 4928 2626 4995 ἀνθρώποις,
2690 4932 2781 4981 καὶ
2844 4930 3096 4992 εὐτελοῦς
3153 4933 3245 4982 καὶ
3299 4931 3697 5012 ταπεινοτέρας

2113 5019 2520 5080 καταστάσεως.
2562 5020 2620 5071 El
2656 5021 2709 5073 δὲ
2744 5022 3068 5091 πανούργως
3115 5024 3209 5074 καὶ
3243 5024 3379 5090 μετὰ
3410 5022 3561 5074 δόλου
3595 5024 3695 5075 ὲκ-

2083 5109 2288 5180 ,δοῦείη
2321 5110 2419 5177 μὲν
2440 5114 2464 5162 ὁ
2490 5111 2654 5182 ἀγρὸς
2686 5112 2937 5182 κληρικῷ
2968 5114 2999 5183 ἦ
3026 5112 3279 5183 γεωργῷ,
3304 5113 3361 5179 ἐξ
3396 5115 3604 5166 ἐκείνου
3628 5114 3694 5167 δὲ

2115 5204 2435 5272 μετατεθείη
2467 5205 2547 5265 είς
2605 5205 2927 5275 αρχοντικὺν
2955 5206 3268 5274 πρόσωπον,
3316 5207 3522 5274 ἄκυρον
3547 5203 3695 5259 εἶναι

2111 5292 2171 5343 τὸ
2211 5291 2475 5361 πραχθὲν,
2533 5292 2645 5344 εἴτε
2676 5295 2880 5362 πρᾶσις
2924 5292 3156 5359 λέγοιτο,
3187 5294 3294 5345 εἴτε
3331 5296 3689 5363 συνάλλαγμα

2112 5381 2320 5451 ἕτερον,
2359 5382 2453 5433 καὶ
2478 5381 2955 5433 ἀποκαθίστασοαι
2989 5380 3049 5431 τὸ
3075 5381 3313 5450 πρᾶγμα
3346 5384 3410 5450 τῇ
3452 5380 3694 5449 Ἐκκλη-

2113 5474 2223 5541 σία.
2276 5472 2337 5525 Ὀ
2364 5472 2421 5525 δὲ
2473 5460 2653 5524 τοῦτο⁹
2684 5470 2875 5532 ποιῶν,
2901 5470 2963 5520 τὸ
3005 5471 3145 5538 μετὰ
3174 5470 3325 5522 δόλου
3367 5471 3610 5540 δηλονότι
3650 5471 3687 5541 ἢ

2111 5566 2202 5618 καὶ
2233 5566 2481 5635 φανερῶς
2500 5563 2808 5635 προδιδόναι
2831 5560 3203 5623 δυνάσταιςτὰ
3227 5563 3489 5631 ἐκκλησια
3502 5564 3688 5625 στικᾶ,

2112 5660 2219 5711 εἴτε
2253 5658 2549 5719 ἐπίσκοπος
2582 5658 2689 5723 εἴη,
2722 5654 2833 5707 εἴτε
2891 5656 3215 5722 ἡγούμενος,
3238 5654 3583 5707 ὲκδιωκέσοω
3613 5655 3690 5718 ὡς

2109 5734 2537 5818 διασκορπίζων,
2565 5745 2752 5808 κακῶς
2798 5745 2840 5798 ἁ
2896 5746 2957 5797 οὐ
3016 5745 3344 5814 συνήγαγεν.
3413 5746 3472 5795 Ei
3510 5745 3619 5813 γὰρ
3650 5745 3689 5799 ἃ

2112 5841 2341 5905 ἕκαστος
2405 5841 2673 5911 ἐκτήσατο
2733 5837 3142 5906 διασκορπίζων
3204 5838 3387 5901 κακῶς
3449 5837 3686 5909 κρίματί
