4056 6410
415 429 524 495 953

1420 434 1498 501 ΙΝ
1526 434 1855 505 ’(ᾺΝΧΗΙ
1894 448 2104 509 CONC.
2144 453 2251 513 Vil
2294 458 2649 527 (ECUMEN.

3558 457 3664 521 954

411 562 564 616 Ξστιν
592 561 795 633 ἔνοχος,
824 567 975 638 πόσῳ
1005 569 1204 638 μᾶλλον
1234 573 1261 624 6
1286 571 1690 644 διασκορπίζων
1733 578 1767 631 ἃ
1791 579 1967 650 ἕτεροι

2085 560 2275 637 Quippe
2320 571 2410 640 qui
2445 586 2527 628 ea.
2564 586 2685 639 qua:
2724 564 2842 639 ipse
2889 570 3034 623 haud
3066 569 3305 641 collegit,
3339 572 3478 627 male
3539 573 3663 627 dis-

366 665 374 723 ἦ
408 658 489 730 τῷ
527 659 645 729 Θεῷ
669 661 1018 730 ἁφιέρωσανς
1075 661 1246 731 Οὗτος
1289 668 1386 736 μὲν
1415 666 1519 731 οὗν.
1561 674 1588 724 ὁ
1636 672 1814 725 κανὼν
1854 676 1980 743 περὶ

411 750 751 820 αὑτουργίων
775 748 961 820 λέγειί
997 754 1025 806 ὁ
1048 754 1104 806 δὲ
1134 757 1234 824 τῆς
1272 758 1331 829 ἐν
1389 760 1712 834 Καρθαγένῃ
1761 759 2009 813 συνόδου·

411 840 659 904 εἰκοστὸς
688 842 871 904 ἔνατος
919 845 1099 898 κανὼν
1130 848 1248 900 οὐδὲ
1276 850 1573 917 ἁπρόσοδον
1630 854 1693 921 ἐᾷ
1741 853 1984 904 ἐκποιεῖ-

413 934 561 999 σθαι,
586 936 634 1009 εί
698 936 772 1006 μὴ
807 939 946 1006 μετὰ
1001 945 1442 1011 παρατηρήσεως
1502 944 1593 998 καὶ
1626 946 1751 1006 τοὺς
1787 944 1862 1015 μὴ
1890 962 1989 1011 φυ-

410 1025 711 1089 λάσσοντας
738 1030 831 1083 τὸν
859 1033 1057 1085 κανόνα
1086 1028 1390 1089 ἐκπτώσειν
1421 1038 1638 1100 κολάζει
1663 1040 1758 1108 τῆς
1781 1038 1991 1101 οἰκείας

410 1120 602 1187 τιμῆς.
675 1121 734 1174 Ὀ
788 1122 843 1176 δὲ
882 1124 1054 1192 μέγας
1087 1128 1355 1196 Κύριλλος
1399 1129 1591 1199 Δόμνῳ
1635 1118 1985 1201 ἐπιστέλλων,

410 1212 671 1281 κειμήλια
726 1216 820 1267 καὶ
872 1217 1095 1286 κτήσεις
1155 1221 1446 1287 ἀκινήτους
1486 1220 1793 1286 ἐκκλησιῶν
1822 1222 1985 1274 ἀνεκ-

411 1304 616 1372 ποίητα
681 1300 821 1358 εἶναι
861 1306 1237 1364 διατάττεται·
1306 1312 1442 1364 ἀλλὰ
1496 1311 1670 1365 ταῦτά
1707 1330 1819 1365 τισι
1876 1313 1987 1366 τῶν

410 1395 736 1479 ἡγουμένων
759 1397 927 1468 λῆρος
956 1400 1105 1453 δοκεῖ
1468 1408 1471 1411 ’

2083 662 2308 731 perdat,
2365 664 2525 731 dejici
2583 679 2643 716 ac
2707 664 3009 718 deturbari.
3051 664 3183 719 Nam
3223 666 3267 719 si
3342 666 3657 736 quicunque

2084 768 2183 807 sua
2215 753 2388 822 ipsius
2422 757 2560 808 bona
2600 756 2739 809 male
2765 756 3083 809 distraxerit
3122 756 3330 825 judicio
3363 767 3446 811 est
3478 759 3658 812 obnu-

2080 846 2227 908 xius,
2259 858 2465 915 quanto
2497 847 2646 900 illum
2683 848 2850 910 magis
2899 848 3192 901 obnoxium
3244 865 3366 903 esse
3413 850 3656 903 arbitre-

2089 954 2235 1000 mur,
2274 940 2364 1007 qui
2433 939 2542 993 Deo
2599 941 2666 993 ab
2718 940 2838 993 aliis
2873 950 3223 995 consecratas
3277 942 3659 1011 possessiones

2085 1031 2350 1101 dissipat?
2379 1022 2561 1102 Atque
2595 1033 2684 1087 hic
2718 1035 2936 1102 quidem
2974 1050 3148 1088 canon
3186 1036 3251 1087 de
3275 1036 3418 1101 agris
3447 1036 3660 1091 statuit.
3697 1049 3700 1055 ‘

2085 1122 2532 1194 Cartbaginensis
2583 1136 2761 1178 autem
2815 1126 3007 1195 synodi
3053 1127 3525 1191 undetricesimo,
3576 1141 3664 1181 res

2084 1231 2301 1285 quoque
2348 1217 2505 1280 alite,
2546 1218 2795 1285 quamvis
2842 1219 3049 1271 fructui
3105 1217 3328 1273 ferendo
3364 1234 3473 1271 non
3511 1218 3619 1272 sint
3645 1255 3663 1282 ,

2085 1307 2340 1373 distrahi,
2368 1310 2474 1364 nisi
2508 1312 2759 1363 cautione
2794 1308 3053 1374 adhibita,
3090 1312 3486 1379 prohibentur;
3538 1309 3661 1379 qui-

2088 1417 2194 1468 que
2223 1403 2419 1456 canoni
2460 1419 2568 1456 non
2627 1404 2930 1471 paruerint,
2962 1403 3239 1471 dignitatis
3265 1446 3278 1468 ,
3328 1420 3489 1469 quam
3523 1402 3665 1455 obti-

409 1495 564 1549 nent,
604 1488 906 1555 privatione
937 1494 1259 1548 multantur.
1310 1494 1536 1564 Magnus
1572 1502 1752 1549 autem
1782 1493 2018 1565 Cyrillus
2054 1491 2107 1544 in
2147 1508 2242 1545 sua
2304 1493 2369 1546 ad
2445 1495 2714 1553 Domuum
2790 1496 3050 1564 epistola,
3116 1497 3470 1550 ecclesiarum
3536 1511 3663 1549 vasa

411 1580 674 1651 pretiosa.
707 1598 1001 1651 earumque
1034 1583 1341 1642 immobiles
1391 1570 1788 1657 possessiones.
1822 1586 1972 1639 nullo
2018 1584 2178 1637 modo
2227 1586 2455 1640 alienari
2514 1588 2679 1641 licere
2729 1586 2995 1641 decernit.
3042 1587 3147 1643 Sed
3229 1590 3332 1643 ista
3413 1581 3660 1643 nonnulli

410 1673 868 1728 monasteriorum
904 1677 1141 1746 praefecti
1176 1695 1353 1733 meras
1386 1695 1557 1748 nugas
1588 1688 1802 1748 putant.

410 1767 635 1821 ΛΡΙΣΤ.
672 1787 690 1818 ι
727 1766 884 1821 Κατὰ
912 1771 972 1821 τὸ
1002 1770 1157 1833 δόξαν
1208 1775 1319 1837 τοῖς
1346 1774 1522 1842 ἁγίοις
1552 1773 1892 1835 ἀποστόλοις.
1923 1769 1984 1839 τὸ

444 1898 448 1907 ,
489 1876 507 1906 ι
546 1859 837 1928 ὲκποιηθὲν
859 1861 1013 1930 παρὰ
1038 1862 1334 1916 ἐπισκόπου
1361 1865 1393 1935 ἢ
1423 1866 1728 1933 ἡγουμένου
1750 1865 1983 1934 πρᾶγμα.

487 1969 504 1999 ι
544 1950 642 2018 τῆς
687 1954 992 2023 ἐπισκοπῆς
1016 1954 1048 2025 ἢ
1076 1955 1173 2007 τοῦ
1207 1958 1569 2027 μοναστηρίου
1595 1957 1797 2025 ἄκυρον
1824 1956 1981 2011 ἔστω.

2161 1764 2388 1820 AlllST.
2433 1783 2451 1816 ι
2487 1761 2651 1820 Juxta
2710 1765 2856 1833 quod
2915 1764 3127 1819 sanctis
3174 1745 3437 1833 apostolis
3484 1764 3662 1817 visum

2097 1878 2116 1911 ι
2156 1870 2256 1923 ρει,
2283 1858 2644 1928 quodcunque
2676 1858 2741 1911 ab
2771 1858 3028 1927 episcopo
3060 1857 3141 1911 vel
3180 1857 3494 1909 monasterii
3528 1872 3665 1923 prae-

2099 1972 2117 2005 ‹
2158 1954 2297 2006 feeto
2349 1968 2412 2006 ex
2467 1952 2782 2020 episcopatu
2840 1950 2922 2003 vel
2985 1950 3319 2003 monasterio
3372 1948 3660 2007 alienatur,

496 2060 513 2085 ι
553 2042 661 2094 Καὶ
693 2044 721 2095 ὁ
745 2043 902 2096 τοῦτο
931 2045 1101 2099 ποιῶν
1142 2047 1439 2111 ἐπίσκοπος
1469 2048 1503 2118 ἢ
1553 2047 1855 2119 ἡγούμενος
1896 2050 1985 2101 ἐκ·

2100 2066 2117 2096 ι
2165 2045 2377 2098 irritum
2411 2043 2502 2097 sit.
2540 2043 2605 2096 Et
2650 2044 2938 2112 cpiscopus
2975 2042 3057 2095 vel
3093 2041 3401 2110 praefectus,
3434 2042 3527 2109 qui
3561 2041 3667 2096 hoc

492 2153 509 2182 ι
551 2134 857 2192 διωὶεέσθω.
893 2156 911 2189 ι

484 2226 567 2278 Τὰ
601 2226 708 2280 τῶν
755 2229 1063 2298 ἐκκλησιῶν
1097 2232 1403 2301 πράγματα
1441 2232 1783 2305 ἀνεκποίητα
1842 2227 1982 2286 εἶναι

410 2318 708 2387 ὀφείλουσι,
732 2322 826 2374 καὶ
862 2322 1095 2389 μάλιστα
1132 2324 1198 2377 τὰ
1247 2324 1569 2394 αὐτούργια.
1626 2326 1765 2379 Ὅσα
1790 2326 1845 2378 δὲ
1875 2325 1983 2379 τῶν

413 2411 688 2481 ἀκινήτων
744 2414 884 2491 είσὶν
938 2416 1164 2487 ἀκερδῆ,
1197 2418 1290 2469 καὶ
1325 2417 1530 2486 ζημίαν
1588 2420 1653 2488 τῇ
1686 2419 1984 2490 Ἐκκλησία

412 2502 711 2571 ἐπάγοντα.
740 2508 799 2559 οὺ
834 2509 948 2563 τοῖς
977 2509 1118 2561 κατὰ
1150 2510 1314 2562 τόπον
1372 2510 1631 2580 ἄρχουσιν
1663 2512 1985 2579 ὲκδοθήσον-

410 2613 523 2659 ται,
576 2597 715 2649 ἀλλὰ
744 2598 1029 2668 κληρικοῖς
1054 2599 1087 2669 ἢ
1145 2603 1412 2670 γεωργοῖς
1431 2617 1445 2633 ⁸
1482 2603 1510 2654 ὀ
1543 2602 1600 2654 δὲ
1630 2603 1984 2671 παραϐαίνων

410 2689 480 2740 τὰ
518 2689 829 2759 ὁρισθέντα.
866 2692 914 2744 εἰ
954 2691 1029 2762 μὴ
1064 2693 1361 2755 ὲπίσκοττός
1392 2694 1566 2759 ἔστιν,
1623 2695 1984 2765 ἑκδιωχθήσε-

410 2799 502 2833 ται
527 2780 624 2834 τοῦ
659 2782 1035 2847 ὲπισκοπείου,
1064 2786 1112 2837 εἰ
1143 2784 1197 2838 δὲ
1226 2786 1550 2856 ἡγούμενος,
1586 2787 1680 2840 τοῦ
1718 2805 1986 2859 μοναστηο

412 2875 550 2947 ρίου,
589 2875 667 2940 ὡς
694 2875 1180 2941 διασκορπίζοντες
1209 2878 1392 2942 κακῶς
1424 2879 1460 2934 ἃ
1490 2882 1550 2933 οὐ
1586 2882 1914 2952 συνήγαγον.

1009 3053 1247 3111 ΚΑΝΩΝ
1285 3052 1386 3110 II".
1454 3136 1458 3143 ’

1307 3174 1315 3201 l

413 3252 435 3286 α
486 3233 706 3307 Ἐπειδὴ
761 3236 848 3291 διὰ
877 3239 977 3307 τὴν
1033 3239 1333 3311 γενομένην
1396 3240 1539 3294 κατὰ
1580 3241 1676 3305 τὰς
1706 3241 1983 3312 ἁμαρτίας

488 3351 507 3381 ‹
546 3332 705 3402 ἡμῶν
728 3334 1018 3406 συμφορὰν
1043 3335 1101 3390 ἐν
1123 3337 1245 3399 ταῖς
1274 3335 1593 3406 ἐκκλησίαις
1622 3338 1984 3411 καθηρπάγη-

487 3443 505 3474 ι
551 3424 650 3478 σάν
678 3443 824 3489 τινες
847 3427 1069 3496 εὐαγεῖς
1096 3423 1234 3483 οἶκοι
1268 3429 1373 3482 ὑπό
1412 3449 1574 3484 τινων
1607 3431 1838 3503 ἀνδρῶν.
1871 3436 1989 3486 ἐπι-
2015 3438 2062 3498 c

487 3534 506 3567 σ
548 3518 776 3569 σκοπεῖά
807 3536 867 3571 τε
891 3520 986 3572 καὶ
1035 3523 1391 3591 μοναστὴρια,
1426 3525 1517 3576 καὶ
1551 3524 1798 3591 ἐγένοντο
1827 3525 1986 3579 κοινὰ

485 3627 505 3658 ι
549 3610 902 3677 καταγώγια·
934 3611 984 3662 εί
1018 3611 1115 3678 μὲν
1139 3615 1189 3665 οἱ
1218 3614 1631 3683 διακρατοῦντες
1652 3616 1823 3670 ταῦτα
1853 3634 1985 3687 προ-

485 3719 506 3753 ¢
543 3702 819 3771 αιροῦνται
842 3703 1175 3766 ἀποδιδόναι,
1194 3706 1280 3757 ἵνα
1300 3708 1443 3759 κατὰ
1458 3707 1518 3759 τὸ
1536 3708 1757 3776 ἀρχαῖον
1779 3710 1986 3763 ἀποκα-

486 3808 505 3841 ‹
539 3790 901 3855 τασταθῶσιν,
940 3791 998 3845 εὖ
1030 3794 1124 3846 καὶ
1154 3794 1336 3858 καλῶς
1360 3795 1473 3865 ἔχει
1494 3814 1507 3826 ·
1536 3800 1585 3850 εί
1614 3799 1669 3851 δὲ
1700 3800 1770 3869 μή
1802 3816 1888 3867 γε,
1936 3802 1985 3853 εί

488 3902 504 3934 ι
550 3882 648 3951 μὲν
674 3882 1088 3952 τοῦικαταλόγου
1100 3885 1192 3938 τοῦ
1214 3887 1484 3957 ἱερατικοῦ
1502 3891 1629 3953 εἰσι,
1650 3890 1869 3953 τούτους
1887 3909 1988 3944 κα-

488 3993 507 4023 ι
546 3973 870 4043 θαιρεῖσθαι,
901 3974 976 4037 ὡς
1002 3975 1163 4040 ὄντας
1185 3979 1546 4049 κατακρίτους
1568 3982 1675 4035 ἀπὸ
1694 3981 1787 4034 τοῦ
1812 3982 1987 4034 Πατέ-

396 4108 399 4115 .
487 4086 505 4117 ι
545 4083 655 4135 ρος,
675 4066 768 4120 καὶ
794 4065 887 4120 τοῦ
921 4065 1074 4139 Υίοῦ,
1095 4069 1300 4123 καὶτοῦ
1328 4070 1484 4138 ἁγίου
1518 4071 1852 4143 Πνεῦματος,
1893 4074 2009 4126 και

490 4176 509 4208 ι
544 4157 913 4227 τετάχθωσαν,
946 4159 1082 4212 ὅπου
1117 4160 1145 4212 ὁ
1196 4160 1411 4231 σκώληξ
1436 4162 1496 4214 οὐ
1523 4163 1771 4235 τελευτᾷ,
1800 4165 1894 4218 καὶ
1924 4165 1985 4218 τὸ

487 4269 504 4301 ι
550 4250 661 4320 πῦρ
715 4251 774 4303 οὐ
837 4250 1155 4304 σϐέννυταν
1189 4253 1270 4305 ὅτι
1319 4256 1385 4324 τῇ
1444 4254 1536 4307 τοῦ
1577 4257 1785 4322 Κυρίου
1832 4259 1982 4327 φωνῇ

486 4363 505 4393 ς
545 4341 939 4408 ἐναντιοῦνται,
985 4345 1049 4414 τῇ
1107 4343 1375 4416 λεγούσῃ’
1416 4363 1434 4396 ι
1488 4346 1578 4417 Μὴ
1625 4353 1826 4401 ποιεῖτε
1893 4340 1993 4405 τὸν
2068 4394 2071 4395 ν

485 4452 503 4483 ι
544 4428 693 4487 οἶκον
724 4434 819 4486 τοῦ
852 4435 1065 4505 Πατρός
1094 4452 1195 4505 μου
1227 4431 1375 4488 οἷκον
1416 4438 1705 4508 ἐμπορίου.
1745 4458 1763 4491 ι

478 4525 676 4578 ΒΑΔΣ.
707 4512 803 4577 Διὰ
861 4524 961 4595 τὴν
1009 4524 1118 4578 τῶν
1169 4526 1539 4597 είκονομάχων
1572 4528 1769 4597 μανίαν
1802 4527 1985 4580 πολλοὶ

408 4614 685 4686 δρθόδοξοι
716 4616 781 4666 ἐκ
808 4614 917 4666 τῶν
966 4615 1283 4670 ἐπισκοπῶν
1324 4617 1419 4668 καὶ
1469 4616 1577 4669 τῶν
1611 4616 1985 4686 μοναστηρίων

411 4707 591 4761 αὐτῶν
644 4705 911 4775 φυγόντες
940 4705 1019 4767 είς
1044 4706 1111 4759 τὰ
1140 4706 1241 4777 ὅρη
1274 4706 1597 4762 κατέλαϐον.
1634 4700 1985 4779 Κατεσχέθη-

352 4817 370 4829 '
414 4818 513 4854 σαν
534 4795 629 4853 οὖν
650 4800 700 4852 οἱ
734 4800 949 4866 εὐαγεῖς
982 4793 1130 4852 οὗτοι
1165 4795 1305 4854 οἶκοι
1334 4801 1430 4854 καὶ
1456 4801 1623 4873 ἕτερα
1676 4802 1795 4874 ἱερὰ
1827 4820 1987 4874 φρον-

409 4893 664 4962 τιστήρια
685 4890 835 4961 παρά
860 4906 1042 4953 τινων,
1076 4890 1169 4941 καὶ
1193 4892 1439 4958 ἐγένοντο
1465 4892 1709 4963 κοσμικὰ
1737 4893 1989 4960 καταγώ-

411 4998 529 5049 για.
560 4983 649 5036 Διὸ
671 4981 995 5051 καὶῶρισαν
1026 4983 1073 5033 οἱ
1108 4982 1354 5051 Πατέρες
1380 4985 1826 5055 ἀποκαταστῆναι
1848 4986 1988 5040 αὐτὰ

415 5073 495 5134 είς
520 5071 616 5143 τὴν
640 5073 877 5151 ἀρχαίαν
908 5073 1247 5126 κατάστασιν
1269 5091 1283 5104 ·
1320 5076 1446 5138 τοὺς
1473 5077 1529 5130 δὲ
1567 5076 1640 5147 μὴ
1675 5076 1988 5130 εὐπειθοῦν-

414 5181 511 5223 τας
540 5165 677 5235 πρὸς
707 5165 887 5229 τοῦτο,
915 5165 1051 5219 ἀλλὰ
1075 5166 1468 5236 ἀντεχομένους
1498 5170 1591 5223 τοῦ
1614 5169 1808 5232 κακοῦ,
1832 5170 1989 5239 ίερω-

418 5258 616 5327 μένους
654 5260 753 5327 μὲν
785 5260 968 5321 ὄντας.
1012 5260 1421 5331 καθαιρεῖσθαι,
1462 5262 1682 5326 λαῖκοὺς
1732 5264 1849 5337 δὲῆ
1894 5283 1987 5336 μο-

414 5350 634 5418 ναχοὺς,
660 5349 1039 5419 ἀφορίζεσθαι.
1092 5352 1203 5404 Καὶ
1227 5349 1398 5403 ταῦτα
1424 5352 1523 5420 μὲν
1572 5352 1988 5425 ὲξεφωνήθησαν

416 5438 552 5508 πρὸς
574 5440 674 5505 τὴν
713 5441 835 5493 τότε
870 5441 1229 5494 κατάστασιν.
1266 5440 1533 5495 Ἐλκυσον
1576 5442 1633 5494 δὲ
1666 5443 1757 5496 τὸν
1787 5447 1987 5502 κανόνα

413 5529 513 5582 καὶ
543 5529 622 5581 είς
648 5531 774 5592 τοὺς
804 5531 1133 5599 κατέχοντας
1166 5530 1287 5601 ἱερὰ
1322 5535 1713 5603 φροντιστήρια
1748 5538 1987 5607 σήμερον

418 5622 752 5676 κοινωθέντα
791 5621 849 5686 ἐξ
869 5622 1170 5693 ἐπιδρομῆς
1200 5624 1398 5680 ἐθνῶν.
1450 5624 1580 5678 Οὐδὲ
1637 5626 1743 5696 γὰρ
1775 5627 1989 5698 ἔχουσιν

419 5713 596 5766 εἰπεῖν
627 5715 701 5785 μὴ
742 5717 872 5785 παρ’
908 5714 1088 5769 αὐτῶν
1135 5716 1473 5788 τολμηθῆναι
1509 5717 1570 5771 τὸ
1619 5719 1808 5783 κακὸν,
1864 5722 1993 5774 κάν-

494 5873 539 5903 “
574 5868 733 5927 Joau.
769 5886 844 5939 χι,
882 5871 964 5928 16.

2095 2154 2113 2186 ι
2157 2134 2365 2197 fecerit,
2399 2133 2725 2201 expellatur.
2770 2150 2789 2183 ι
2928 2188 2935 2195 ,

2157 2225 2520 2279 Ecclesiarum
2554 2223 2716 2288 bona,
2753 2233 2804 2276 et
2841 2222 3142 2293 praesertim
3176 2221 3400 2291 prmdia,
3433 2220 3658 2275 alienari

2086 2332 2193 2371 non
2230 2316 2447 2369 debent.
2477 2314 2828 2383 Quercunque
2860 2322 3040 2367 autem
3095 2296 3392 2368 immobilia
3447 2312 3661 2366 inutilia

2085 2419 2233 2474 sunt,
2265 2416 2319 2463 et
2349 2408 2606 2462 damnum
2636 2405 2881 2460 ecclesiae
2908 2405 3141 2460 afferunt
3165 2445 3178 2468 ,
3215 2421 3320 2463 non
3351 2403 3455 2458 loci
3494 2402 3664 2471 magi-

2086 2500 2348 2555 stratibus
2378 2541 2392 2564 ,
2447 2498 2539 2552 sed
2584 2497 2799 2552 clericis
2842 2508 2934 2551 aut
2993 2496 3250 2567 agricolis
3302 2497 3659 2551 locabuntur.

2085 2592 2187 2657 Qui
2218 2598 2397 2661 autem
2451 2590 2665 2642 decreta
2719 2589 3132 2657 transgreditur.
3170 2588 3214 2641 si
3266 2586 3485 2656 quidem
3544 2584 3660 2654 cpi-
3756 2644 3763 2653 ρ

2087 2696 2291 2751 secpus
2317 2689 2420 2747 est,
2450 2679 2772 2734 exturbctnr
2795 2680 3078 2750 episcOpio
3104 2695 3119 2731 :
3149 2679 3231 2732 sin
3264 2671 3444 2731 autem
3473 2692 3663 2729 mona-

2084 2771 2234 2826 sterii
2264 2770 2575 2842 prrefectus,‘
2607 2771 2962 2835 monasterio,
2999 2778 3055 2823 ut
3083 2769 3175 2839 qui
3207 2768 3347 2823 male
3385 2765 3657 2836 dissipant

2085 2881 2207 2936 qua:
2243 2881 2350 2920 11011
2380 2879 2804 2935 congregavere.

2651 3036 2879 3093 CANON
2936 3035 3077 3090 Xlll.

2091 3238 2112 3275 ι
2149 3218 2417 3287 Quoniam
2450 3227 2674 3289 propter
2720 3232 2840 3273 eam
2878 3231 3000 3283 quae
3033 3217 3172 3268 facta
3208 3222 3291 3269 est
3321 3215 3391 3267 ob
3440 3220 3660 3282 peccata

2160 3330 2179 3363 ι
2220 3319 2403 3367 nostra
2453 3311 2505 3365 in
2550 3310 2797 3365 ecclesiis
2836 3306 3227 3368 calamitatem,
3298 3314 3664 3359 sacrosanctae

2166 3425 2183 3455 ι
2224 3404 2469 3474 quaedam
2519 3404 2663 3457 ardes
2715 3418 2745 3457 a
2794 3400 3123 3471 quibusdam
3188 3399 3321 3453 viris
3383 3407 3652 3473 correptae

2169 3519 2188 3552 ι
2230 3506 2383 3562 sunt,
2414 3504 2469 3551 et
2501 3494 2771 3563 cpiscopia
2801 3500 2857 3547 et
2888 3492 3240 3553 monasteria,
3269 3499 3322 3544 et
3345 3488 3660 3559 communia

2162 3612 2181 3642 ι
2223 3591 2362 3645 facta
2397 3585 2743 3649 diversoria;
2796 3585 2881 3647 si,
2919 3586 3010 3652 qui
3060 3598 3123 3637 ea
3171 3581 3392 3651 quidem
3435 3586 3620 3634 leuent
3645 3620 3661 3644 ,

2162 3703 2180 3734 ι
2222 3684 2414 3736 volunt
2444 3679 2694 3741 reddere,
2725 3676 2865 3732 utin
2911 3664 3200 3743 pristinum
3254 3681 3458 3728 statum
3499 3673 3666 3725 resti-

2165 3793 2184 3824 ι
2224 3781 2471 3834 tuantur,
2505 3772 2640 3824 bene
2666 3777 2718 3822 et
2756 3766 2978 3837 pulchre
3011 3765 3212 3819 habet:
3251 3764 3336 3817 sin
3372 3763 3569 3823 minus.
3616 3760 3660 3813 si

2166 3884 2184 3915 ι
2226 3865 2337 3919 sint.
2362 3863 2579 3932 quidem
2619 3858 2976 3915 sacerdotalis
3004 3855 3260 3921 catalogi,
3307 3868 3404 3907 eos
3456 3851 3655 3921 deponi

2165 3976 2184 4009 ι
2221 3956 2514 4025 iubemus;
2546 3952 2630 4007 sin
2667 3964 2796 4003 vero
2827 3946 3077 4002 menacbi
3122 3946 3205 4000 vel
3265 3943 3431 4004 laici,
3479 3956 3668 4010 segre-

2163 4068 2181 4101 ι
2218 4047 2354 4118 gari,
2386 4054 2445 4100 ut
2473 4046 2566 4115 qui
2599 4060 2628 4097 a
2658 4044 2837 4106 Patre,
2859 4048 2912 4093 et
2940 4039 3099 4105 Filio,
3137 4044 3192 4090 et
3228 4034 3431 4104 Spiritu
3468 4040 3664 4087 sancto

2168 4158 2185 4189 ι
2220 4134 2565 4193 condemnati
2598 4134 2727 4193 sint,
2750 4137 2804 4184 et
2836 4130 3163 4196 deputentur
3188 4125 3279 4179 ubi
3320 4122 3523 4197 vermis
3553 4136 3661 4173 non

2161 4250 2179 4283 ι
2220 4231 2471 4289 moritur,
2501 4239 2603 4280 nec
2632 4223 2771 4289 ignis
2813 4218 3206 4288 exstinguitur;
3248 4215 3374 4283 quia
3410 4213 3525 4266 voci
3562 4210 3661 4265 Do-

2159 4340 2178 4374 ι
2231 4318 2361 4372 mini
2395 4316 2778 4383 adversantur,
2813 4327 2932 4380 qua:
2966 4310 3129 4364 dicit:
3168 4327 3185 4359 ι
3223 4306 3302 4360 Ne
3352 4304 3515 4360 facite
3564 4305 3663 4359 do-

2160 4433 2179 4466 ι
2224 4427 2368 4465 mum
2407 4409 2583 4463 Patris
2616 4406 2717 4461 mei
2759 4406 2978 4460 domum
3013 4401 3396 4471 negotiationis
3427 4400 3471 4429 θδ
3505 4436 3522 4452 .
3565 4417 3584 4450 ι

2154 4503 2345 4559 BALS.
2377 4500 2607 4570 Propter
2635 4496 2983 4552 inimicorum
3014 4493 3310 4563 imaginum
3366 4490 3659 4553 insaniam,

2086 4596 2241 4653 multi
2273 4591 2564 4650 orthodoxi
2593 4605 2660 4645 ex
2689 4587 2805 4643 suis
2833 4583 3242 4655 episcopatibus
3290 4587 3344 4636 et
3387 4588 3661 4635 monaste-

2085 4690 2183 4744 riis
2215 4687 2482 4757 fugientes
2515 4690 2726 4736 montes
2758 4685 3192 4747 occupaverunt.
3218 4673 3499 4742 Correptae
3528 4679 3658 4725 sunt

2018 4771 2064 4826 Ῑ)
2091 4796 2220 4850 ergo
2260 4783 2626 4843 sacrosanctae
2658 4774 2774 4828 ista:
2806 4766 2949 4824 aedes
2998 4784 3028 4823 a
3063 4760 3395 4838 quibusdam
3424 4806 3441 4831 ,
3470 4774 3525 4819 et
3554 4763 3659 4816 alia

2090 4886 2244 4928 sacra
2282 4870 2595 4924 divinorum
2632 4862 3085 4919 meditandorum
3112 4861 3224 4913 loca
3251 4900 3264 4919 .
3294 4865 3347 4912 et
3380 4855 3669 4912 saecularia.

2089 4965 2229 5020 facta
2261 4959 2595 5015 habitacula.
2623 4952 2988 5022 Quamobrem
3022 4953 3205 5006 Patres
3231 4951 3658 5011 constituerunt,

2091 5067 2151 5112 ut
2184 5070 2247 5111 ea
2278 5055 2329 5107 in
2361 5051 2642 5119 antiquunm
2694 5048 2855 5118 313
2904 5055 3101 5100 statum
3148 5047 3507 5098 restituantur
3553 5059 3568 5096 :
3624 5042 3661 5095 ii

2090 5158 2267 5203 autem
2301 5146 2395 5214 qui
2430 5158 2539 5197 non
2567 5141 2851 5202 obediunt,
2885 5137 2978 5191 sed
3010 5139 3063 5190 in
3118 5136 3259 5190 malo
3313 5138 3657 5213 persistunt,

2090 5244 2136 5298 si
2165 5240 2276 5295 sint
2308 5234 2525 5306 quidem
2556 5231 2729 5288 sacris
2759 5228 2988 5299 initiati,
3024 5227 3401 5301 deponantur:
3427 5228 3507 5278 sin
3534 5241 3663 5278 vero

2090 5331 2216 5389 laici
2251 5329 2337 5383 vel
2372 5323 2673 5388 monachi,
2727 5327 3105 5391 segregentur.
3151 5319 3218 5371 Et
3267 5318 3383 5372 haac
3436 5317 3657 5385 quidem

2089 5426 2233 5479 dicta
2265 5432 2391 5475 sunt
2428 5417 2493 5471 ad
2524 5428 2669 5479 eam,
2700 5428 2821 5484 quae
2850 5421 2979 5466 tunc
3009 5410 3114 5464 l'uit
3138 5450 3152 5473 ,
3184 5424 3368 5463 rerum
3400 5407 3661 5462 constitu-

2090 5518 2313 5571 tionem.
2344 5507 2584 5564 Extende
2613 5513 2795 5559 autem
2825 5516 3090 5556 canonem
3122 5501 3283 5555 etiam
3323 5499 3388 5552 ad
3416 5514 3535 5563 eos,
3564 5497 3656 5567 qui

2088 5607 2252 5664 hodie
2275 5617 2467 5658 sacras
2514 5599 2655 5655 aedes
2699 5603 2924 5658 tenent,
2958 5609 3024 5648 ex
3057 5591 3293 5663 gentium
3348 5591 3664 5645 incursione

2088 5698 2404 5773 profanatas
2432 5702 2486 5752 et
2513 5703 2831 5750 communes
2858 5685 3105 5743 eﬂ‘ectas.
3137 5683 3323 5754 Neque
3355 5684 3496 5739 enim
3533 5697 3659 5753 pos—
3750 5730 3762 5738 .

2782 5830 2809 5854 φ
