4056 6402
466 354 574 419 939

1680 348 1683 355 ’
1726 374 2006 437 mneo.
2050 373 2457 453 BALSAMON

3603 384 3717 447 960

466 478 741 538 mnum".
780 485 796 523 :
830 471 914 527 si"
940 488 1071 529 vero
1096 473 1219 529 laid
1241 476 1324 532 vel
1356 481 1632 550 "mnum,
1668 489 2031 557 segregabun'
2058 494 2101 547 Α
2131 508 2226 563 τοῦ
2250 508 2347 577 μὲν
2367 511 2644 581 ἱερατικοῦ
2666 512 2963 582 καταλόγου
2978 514 3153 580 ὄντες,
3184 515 3711 588 καθαιρεθήσονταιο

466 572 591 588 ...--
709 563 924 588 sum...
956 565 1046 588 ΩΑ
1082 567 1292 588 -.-ψψ
1331 587 1338 588 ,
1383 587 1388 588 ,
1477 575 1510 588 _.
1559 576 1587 588 _.
1673 580 1682 588 .
1747 581 1766 588 _
1834 583 1845 588 -

424 578 427 579 ν
465 572 593 628 tur;
621 572 678 618 ιιι
706 563 926 619 domum
953 565 1047 622 Dei
1076 567 1298 624 domum
1329 575 1717 643 negotiationis
1744 581 2025 649 facientes.

1045 752 1276 811 CANON
1314 756 1455 814 XIV.

467 855 489 889 ι
526 837 679 903 Quod
714 840 848 897 ordo
872 843 923 898 in
944 847 1093 899 omni
1118 849 1426 906 sacerdotio
1444 856 1708 912 custodiri
1747 858 1925 927 debet,
1948 873 2031 920 est

542 951 560 981 ‹
598 934 850 1007 omnibus
875 937 1225 994 manifestum
1270 960 1285 995 :
1323 952 1377 998 ct
1421 948 1705 1004 sacerdotii
1729 956 2031 1020 promotio-

538 1043 556 1075 ι
600 1041 695 1080 nes
726 1037 915 1083 exacte
972 1046 1193 1087 servare
1252 1036 1360 1091 Deo
1388 1051 1600 1110 gratum
1630 1053 1732 1101 est.
1763 1046 2029 1112 Quoniam

542 1134 559 1164 ι
598 1133 730 1186 ergo
786 1120 1038 1197 videmus
1088 1128 1379 1185 nonnullos
1408 1148 1435 1185 a
1468 1135 1652 1201 pueris
1683 1138 1811 1191 cleri
1846 1150 2030 1199 tonsu-

539 1219 559 1252 ‹
601 1219 713 1258 ram
744 1206 1092 1277 accipientes,
1128 1217 1364 1271 nondum
1406 1233 1628 1291 accepta
1655 1226 2030 1299 episcoporum

537 1311 556 1341 ο
596 1311 852 1351 manuum
903 1300 1271 1370 impositionc,
1319 1312 1458 1379 etin
1506 1324 1927 1389 congregatione
1976 1327 2029 1381 in

541 1402 560 1432 ι
600 1397 853 1454 suggestu
897 1390 1157 1459 legentes,
1195 1407 1248 1449 et
1284 1399 1333 1452 id
1372 1417 1474 1454 non
1509 1409 1771 1464 canonice
1826 1412 2032 1470 facien-

536 1494 554 1525 ι
597 1485 716 1542 tes;
755 1495 849 1547 per
883 1494 1201 1550 prmsentem
1234 1506 1522 1556 canonem,
1565 1514 1629 1551 ne
1665 1499 1765 1554 hoc
1798 1502 1909 1569 fiat,
1939 1506 2032 1572 ju-

535 1585 554 1617 ί
596 1568 785 1623 bemus
819 1591 832 1626 :
873 1574 1035 1643 idque
1072 1578 1248 1645 ipsum
1299 1586 1461 1639 etiam
1499 1588 1549 1641 in
1589 1596 1878 1651 monachis
1914 1614 2033 1653 ser-

539 1677 557 1709 ι
604 1662 736 1714 vari.
790 1662 1037 1724 Lectoris
1088 1682 1270 1728 autem
1323 1693 1579 1734 manuum
1631 1684 2029 1756 impositionem

529 1767 550 1801 ι
590 1751 717 1806 licet
745 1755 796 1808 in
819 1760 1042 1827 proprio
1068 1767 1401 1822 monasterio
1424 1772 1584 1826 etiam
1611 1778 1711 1830 soli
1737 1781 2030 1852 unicuique

533 1860 551 1891 ι
592 1845 852 1911 przefecto
900 1849 1121 1920 facere;
1178 1857 1222 1910 si
1269 1859 1355 1912 ad-
1389 1861 1509 1928 ejus
1552 1845 2027 1933 pml’ecturam'ab

531 2134 551 2167 ι
586 2132 651 2173 ex
713 2124 935 2193 antiqua
1003 2136 1397 2195 consuetudine
1445 2142 1868 2218 clior-episcopos
1915 2157 2025 2225 epi-

528 2224 548 2259 ‹
585 2212 738 2281 scopi
772 2218 1041 2284 permissu
1080 2235 1291 2292 oportet
1315 2212 1689 2299 permanuutn
1728 2212 2029 2313 impositio-

524 2321 544 2354 σ
584 2320 704 2359 nem
736 2307 967 2367 lectores
996 2315 1202 2372 crezfre.
1241 2339 1260 2371 ι

524 2394 721 2455 BALS.
764 2402 912 2458 Ordo
954 2411 1134 2463 omnia
1187 2415 1433 2470 continet
1465 2422 1712 2477 caelestia
1756 2436 1811 2479 et
1856 2404 2029 2485 terre-

450 2491 587 2542 stria
619 2507 634 2546 :
666 2493 836 2549 multo
867 2500 1039 2570 magis
1066 2513 1269 2569 autem,
1298 2510 1342 2562 si
1379 2510 1555 2569 honus
1594 2518 1728 2572 ordo
1760 2519 1810 2573 in
1840 2538 2026 2578 sacer-

448 2579 672 2637 dotibus
710 2599 982 2659 versctur,
1015 2594 1067 2648 id
1104 2596 1268 2650 Deum
1303 2601 1534 2674 mitigat.
1575 2607 1841 2674 Quoniam
1875 2615 2022 2689 ergo,

450 2671 707 2751 inquiunt
732 2681 906 2735 sancti
942 2684 1160 2753 Patres,
1190 2691 1437 2750 videmus
1465 2703 1759 2760 nonnullos
1786 2722 1813 2760 a
1844 2671 2026 2779 pueris

451 2765 625 2835 nigris
657 2772 906 2829 vestibus
937 2774 1184 2843 inclutos,
1219 2795 1477 2857 tanquam
1512 2791 1621 2849 Deo
1651 2765 2022 2871 consecratos.

450 2864 797 2933 tonsuraque
832 2881 940 2922 non
976 2885 1071 2939 per
1095 2876 1341 2948 episcopi
1375 2884 1460 2936 sui
1502 2900 1759 2943 manuum
1796 2892 2027 2963 imposi-

448 2946 655 3007 tionem
705 2968 984 3029 suscepta,
1045 2946 1310 3026 audentes
1361 2984 1570 3044 autem,
1619 2946 1904 3050 postquam
1957 2987 2025 3043 ad

447 3052 663 3100 atatem
701 3057 1072 3123 pervenerint,
1097 3061 1311 3121 divinas
1338 3065 1650 3139 Scripturas
1680 3074 1733 3129 in
1765 3089 2021 3147 suggestu

447 3149 560 3191 non
595 3144 859 3201 canonice
885 3147 1097 3218 legere:
1125 3157 1421 3215 statuimus
1441 3177 1510 3240 ne
1539 3163 1642 3220 hoc
1662 3165 1771 3232 ﬁat,
1802 3178 1859 3223 ut
1881 3175 2022 3240 quod

445 3227 521 3282 sit
554 3231 977 3299 inordinationis
1000 3257 1188 3306 causa.
1216 3265 1317 3304 nec
1346 3236 1480 3320 quis.
1499 3256 2022 3332 (livina‘Scriptums

446 3321 609 3377 aliter
634 3325 686 3379 in
714 3341 977 3399 suggestu
1009 3335 1175 3407 legat,
1211 3355 1374 3409 quam
1405 3346 1449 3400 si
1485 3322 1721 3406 tonsurae
1740 3321 2024 3414 characte—

446 3428 564 3469 rem
599 3425 872 3492 acceperit
897 3442 993 3495 per
1017 3433 1380 3503 episcopalem
1417 3456 1678 3497 manuum
1718 3446 2024 3517 impositio-

447 3521 598 3564 nem.
635 3510 749 3567 Hoc
783 3515 962 3585 ipsum
997 3532 1178 3579 autent
1204 3528 1370 3582 etiam
1404 3531 1458 3585 in
1487 3537 1767 3599 monachis
1796 3556 2022 3597 servan-

447 3691 554 3748 ltoc
632 3701 912 3757 monachis
980 3703 1196 3764 diiiicile
1261 3712 1585 3785 videbatur,
1649 3724 1741 3790 qui
1805 3742 2018 3784 eremos

448 3795 509 3839 ut
580 3788 866 3857 plurimum
932 3797 1195 3869 habitant,
1262 3814 1317 3860 et
1390 3823 1495 3864 non
1563 3788 1792 3882 possunt
1857 3822 2016 3876 urbes

450 3878 626 3944 obire,
673 3899 772 3949 nec
814 3886 1100 3961 episc0pos
1141 3895 1304 3953 facile
1345 3900 1534 3969 adire;
1574 3918 1891 3964 concessum
1938 3922 2021 3967 est

350 4036 353 4041 η
448 3982 640 4027 eorum
698 3978 991 4048 praefectis,
1043 3987 1136 4054 qui
1185 3990 1255 4044 ab
1318 3994 1589 4067 episcopis
1647 4002 2017 4062 characterem

450 4079 734 4137 accepere,
762 4075 1089 4146 presbyteris
1145 4083 1362 4152 quidem
1410 4094 1718 4148 necessario
1750 4099 2021 4153 exsistun-

448 4158 616 4225 tibus,
664 4168 965 4225 monachos
1016 4169 1247 4233 lectores
1305 4180 1359 4234 in
1416 4187 1637 4253 preprio
1683 4194 2021 4247 monasterio

447 4249 650 4319 facere,
698 4269 767 4321 _ut
825 4261 924 4329 ipsi
960 4267 1097 4322 citra
1144 4271 1308 4327 ullum
1363 4249 1812 4346 impedimentum
1857 4285 2019 4356 315

445 4344 661 4402 divinas
721 4351 774 4406 in
831 4369 1086 4428 suggestu
1181 4344 1493 4434 Scripturas
1580 4370 1780 4439 legant.

446 4436 571 4492 liter
598 4440 760 4496 etiam
788 4447 1190 4524 chorepiscOpis
1222 4472 1543 4513 concessum
1574 4472 1676 4527 est,
1716 4475 1774 4517 ut
1801 4467 2019 4534 episco-

446 4531 553 4599 pali
587 4536 855 4601 permissu
896 4541 1125 4601 lectores
1159 4563 1256 4617 per
1298 4565 1555 4604 manuum
1606 4554 2008 4624 impositionem

445 4624 801 4684 constituant.
835 4632 1008 4703 Atque
1053 4638 1165 4691 haec
1198 4639 1417 4706 quidem
1475 4658 1673 4699 canon.
1718 4647 1792 4701 Ex
1822 4665 1886 4703 eo
1914 4668 2009 4707 au-

446 4719 553 4763 tem
586 4714 762 4772 soluta
809 4731 895 4776 est
928 4739 1123 4792 magna
1163 4716 1420 4782 instantia
1450 4746 1638 4788 eorum
1671 4738 1763 4806 qui
1798 4740 2007 4810 dicunt,

442 4818 551 4858 non
580 4821 702 4864 esse
731 4812 958 4870 clericos
983 4831 1098 4879 eos,
1124 4817 1214 4885 qui
1243 4820 1386 4876 solas
1414 4824 1614 4883 habent
1643 4839 1895 4889 tonsuras
1919 4853 2013 4905 per

442 4900 703 4957 antistitis
744 4922 1004 4961 manuum
1042 4908 1442 4978 impositionem
1470 4959 1484 4982 ,
1520 4931 1573 4973 et
1609 4927 1845 4980 nondum
1878 4940 2006 4984 sunt

445 4988 500 5043 in
534 4993 665 5049 cleri
698 4999 945 5053 ordinem
993 5000 1147 5056 relati
1186 5021 1200 5056 :
1234 5015 1287 5059 et
1316 5007 1439 5063 ideo
1470 5027 1629 5079 posse
1681 5016 1801 5072 illos
1847 5019 2016 5074 laico-

440 5096 563 5137 Ium
614 5086 859 5143 habitum
909 5091 1274 5165 amictumque
1301 5101 1569 5170 accipere.
1620 5108 1818 5176 Aperte
1869 5114 2012 5167 enim

442 5180 769 5244 ostenditur,
818 5182 962 5250 quod
1016 5188 1235 5263 quando
1290 5192 1413 5260 quis
1464 5206 1701 5252 tonsurae
1752 5218 2011 5261 manuum

444 5267 847 5339 impositionem
882 5280 1183 5346 susceperit
1203 5282 1270 5336 ab
1297 5286 1560 5353 antistite,
1588 5291 1632 5345 is
1661 5302 1743 5347 est
1770 5298 2016 5363 protinus

453 5363 712 5431 clericus;
744 5374 802 5417 ut
832 5367 920 5419 cui
974 5370 1137 5425 etiam
1192 5373 1243 5427 in
1292 5390 1544 5448 suggestu
1584 5383 1761 5453 legere
1790 5390 1860 5441 sit
1899 5406 2016 5457 per-

418 5448 695 5511 'missum.
728 5445 853 5512 Mihi
886 5470 1065 5516 autem
1100 5465 1328 5534 videtur,
1362 5472 1503 5541 quod
1533 5475 1623 5541 qui
1657 5478 1819 5531 etiam
1849 5481 2017 5551 nigris

447 5547 768 5616 simpliciter
797 5552 1037 5609 vestibus
1076 5555 1237 5613 fuerit
1286 5560 1507 5617 indutus
1540 5566 1609 5618 ab
1642 5547 1928 5639 episcopo,
1956 5580 2016 5625 ut

446 5638 681 5697 clericus
708 5643 877 5708 tieret,
901 5658 1161 5703 amictum
1185 5652 1425 5722 amplius
1446 5666 1657 5712 mutare
1678 5674 1787 5713 non
1820 5671 2016 5730 potest,

447 5735 511 5780 ut
534 5730 627 5797 qui
676 5729 785 5787 Deo
812 5748 869 5790 se
902 5752 1222 5797 consecrare
1254 5748 1621 5815 proposuerit;
1666 5761 1720 5806 et
1750 5729 1872 5807 ideo
1923 5729 2021 5811 nec

456 5832 610 5876 suam
640 5820 748 5879 Deo
781 5826 1226 5897 pollicitationem
1260 5835 1591 5907 rescindere,
1627 5856 1725 5899 nec
1770 5852 2016 5900 sanctum

1394 5966 1491 6022 ιδ

2134 606 2261 658 είδὲ
2290 605 2471 659 λαῖκοὶ
2506 605 2805 675 ἦ⁴μοναχοὶ
2864 609 3253 679 τυγχάνουσιν,
3308 611 3716 682 ἀφορισθήσονο

2133 713 2243 759 ται,
2265 697 2339 760 ὡς
2367 697 2455 749 τὸν
2482 696 2631 750 οἷκον
2650 698 2745 751 τοῦ
2769 699 2904 753 Θεοῦ
2933 699 3084 755 οῐκον
3112 704 3379 774 ἐμπορίου
3404 705 3715 770 ποιοῦντες.

2722 794 2975 851 ΚΑΝΩΝ
3011 796 3113 850 1Δ’.

2141 894 2159 926 ε
2211 877 2336 931 Ὅτι
2370 879 2521 944 τάξις
2550 881 2971 951 ἐμπολιτεύεται
2998 888 3056 939 ἐν
3087 889 3354 963 ἱερωσύνῃ
3385 892 3557 965 πάσῃ,
3589 896 3720 965 ἀρί-

2214 986 2234 1020 ι
2276 970 2436 1037 δηλόν
2463 973 2602 1039 ἐστι,
2633 975 2730 1029 καὶ
2765 976 2828 1028 τὸ
2867 978 2963 1031 σὺν
2993 980 3255 1052 ἀκριϐείᾳ
3284 984 3567 1054 διατηρεῖν
3612 988 3718 1052 τὰς
3816 1004 3819 1005 ⁷

2207 1080 2226 1112 ‹
2273 1063 2369 1129 τῆς
2391 1064 2695 1135 ἱερωσύνης
2713 1069 3057 1139 ἐγχειρήσεις
3079 1073 3197 1143 Θεῷ
3224 1076 3538 1142 εὐάρεστον.
3557 1081 3718 1133 Ἐπεὶ

2214 1172 2231 1203 ι
2278 1152 2371 1206 οὖν
2400 1155 2620 1226 ὁρῶμεν
2642 1160 2796 1222 ἐκτὸς
2816 1163 3157 1231 χειροθεσίας
3188 1169 3443 1237 νῃπιόθεν
3460 1171 3563 1239 τὴν
3584 1191 3721 1225 κου.

2210 1265 2229 1295 ο
2277 1249 2378 1316 ρὰν
2395 1247 2489 1303 τοῦ
2507 1251 2709 1321 κλήρου
2730 1254 3109 1320 λαμϐάνοντάς
3127 1276 3298 1322 τινας,
3318 1262 3391 1330 μή
3402 1280 3486 1333 πω
3504 1263 3561 1316 δέ
3581 1266 3716 1336 παρ’

2210 1358 2229 1389 ι
2274 1342 2588 1396 ἐπισκόπων
2605 1345 2947 1414 χειροθεσίαν
2980 1348 3265 1416 λαϐόντας,
3305 1353 3401 1405 καὶ
3444 1356 3717 1421 ἀναγινώ-

2206 1445 2225 1480 ι
2272 1446 2500 1494 σκοντας
2522 1434 2578 1485 ἐν
2600 1436 2662 1505 τῇ
2686 1436 2902 1502 συνάξει
2923 1438 3012 1491 ἐπ’
3041 1440 3314 1509 ἄμϐωνος,
3332 1445 3716 1509 ἀκανονίστως

2213 1535 2231 1568 ι
2277 1518 2333 1589 δὲ
2360 1519 2519 1573 τοῦτο
2548 1521 2857 1588 ποιοῦντας,
2882 1524 3254 1597 ἐπιτρέπομεν
3294 1531 3402 1584 ἀπὸ
3437 1532 3532 1585 τοῦ
3570 1552 3713 1605 παρ-

2207 1628 2226 1660 (
2270 1608 2424 1673 ὄντος
2491 1612 2651 1667 τοῦτο
2685 1616 2757 1685 μὴ
2793 1617 3042 1683 γίνεσθαι
3069 1637 3082 1651 ο
3122 1621 3185 1673 τὸ
3238 1623 3370 1676 αὐτὸ
3400 1625 3456 1677 δὲ
3508 1626 3718 1694 φυλάτ-

2212 1717 2232 1750 ι
2279 1702 2467 1756 τεσθαι
2520 1706 2618 1758 καὶ
2648 1707 2878 1761 ἐπὶτῶν
2907 1713 3180 1781 μοναχῶν.
3225 1716 3602 1785 Ἀναγνώστου
3655 1722 3713 1773 δὲ

2215 1811 2235 1843 ‹
2281 1796 2629 1864 χειροθεσίαν
2679 1800 2838 1854 ἀδειά
2868 1804 3019 1857 ἐστιν
3082 1807 3141 1859 ἐν
3184 1808 3299 1879 ἰδίῳ
3338 1816 3714 1886 ,μοναστηρίῳ

2208 1903 2227 1936 ί
2273 1887 2370 1940 καὶ
2393 1888 2543 1959 μόνῳ
2568 1891 2785 1964 ἑκάστῳ
2815 1896 3110 1966 ἡγουμένῳ
3145 1903 3340 1959 ποιεῖν,
3373 1902 3420 1953 εί
3456 1905 3605 1973 αὐτῷ
3633 1908 3712 1976 τῷ

2215 1997 2234 2029 ί
2282 1981 2572 2053 ἡγουμένῳ
2606 1986 2838 2057 ἐπετέθη
2863 1991 3173 2059 χειροθεσία
3216 1995 3371 2060 παρὰ
3402 1995 3715 2054 ἐπισκόπου

2211 2088 2231 2121 ‹
2277 2072 2418 2140 πρὸς
2439 2073 2735 2143 προεδρίαν
2781 2078 3110 2148 ἡγουμένου,
3146 2083 3393 2151 δηλονότι
3428 2087 3584 2151 ὄντος
3610 2092 3717 2143 αὐ-

2207 2179 2227 2213 (
2274 2162 2371 2215 τοῦ
2424 2166 2821 2238 πρεσϐυτέρου.
2870 2156 3158 2241 Ὡσαύτως
3220 2179 3317 2229 καὶ
3369 2177 3430 2230 τὸ
3481 2182 3717 2249 ἀρχαῖον

2203 2272 2223 2305 ι
2270 2254 2394 2318 ἔθος
2437 2258 2564 2318 τοὺς
2595 2263 3057 2329 χωρεπισκύπους
3093 2267 3216 2320 κατ’
3272 2269 3580 2343 ἐπιτροπὴν
3611 2275 3710 2326 τοῦ

2202 2361 2222 2395 ‹
2268 2336 2571 2400 ἐπισκόπου
2630 2350 2711 2403 δεῖ
2765 2356 3215 2424 προχειρίζεσθαι
3256 2336 3629 2426 ἀναγνώστας.
3685 2383 3704 2415 ι

2199 2438 2399 2495 ΒΑΛΣ.
2440 2439 2608 2506 Τάξις
2660 2446 2872 2517 συνέχει
2926 2449 3110 2503 πάντα
3140 2451 3210 2506 τά
3238 2454 3465 2523 οὐράνια
3510 2457 3603 2509 καί
3635 2460 3713 2511 τά

2127 2529 2351 2599 ἐπίγεια
2379 2549 2393 2563 °
2419 2535 2600 2605 πολλῷ
2630 2537 2687 2590 δέ
2722 2539 2885 2594 πλέον
2908 2542 2968 2594 τὸ
2992 2542 3095 2612 τῆς
3126 2545 3381 2611 εὐταξίας
3424 2550 3588 2601 καλὸν
3624 2553 3709 2614 είς

2125 2624 2256 2686 τοὺς
2320 2627 2741 2697 ίερουργοῦντας
2797 2633 3218 2707 πολιτευόμενον
3272 2639 3568 2715 θεραπεύει
3615 2646 3710 2698 τὸν

2126 2717 2280 2772 Θεόν.
2324 2720 2478 2773 Ἐπεὶ
2537 2718 2653 2788 οὖν,
2687 2727 2853 2793 φασὶν
2886 2728 2939 2779 οἱ
2973 2730 3121 2796 ἆγιοι
3170 2733 3437 2804 Πνατέρες,
3484 2737 3708 2806 ὁρῶμέν

2126 2828 2280 2876 τινας
2340 2815 2606 2882 νηπιόθεν
2654 2819 3251 2893 μελανειμονήσαντας,
3313 2827 3390 2891 ώς
3448 2829 3525 2899 τῷ
3584 2830 3708 2900 Θεῷ

2134 2904 2569 2974 ἀφιερωθέντας,
2601 2911 2695 2963 καὶ
2742 2913 2949 2980 κουρὰν
2972 2914 3302 2985 δεξαμένους
3354 2921 3428 2990 μὴ
3463 2922 3553 2975 διὰ
3584 2940 3704 2993 χει·
3762 2965 3769 2971 .

2129 2996 2384 3066 ροθεσίας
2417 2999 2513 3052 τοῦ
2560 3002 2827 3073 ἐγχωρίου
2884 3007 3218 3074 ἐπισκόπου,
3268 3012 3590 3081 τολμῶντας
3642 3014 3703 3067 δὲ

2132 3091 2269 3156 μετὰ
2321 3091 2381 3144 τὸ
2411 3092 2834 3167 ἐνηλικιωθῆναι
2867 3100 2958 3151 ἐπ’
3003 3102 3265 3171 ἇμόωνος
3298 3092 3704 3175 ἀναγινώσκειν

2056 3166 2096 3227 C
2127 3182 2225 3244 τὰς
2286 3181 2438 3246 Θείας
2493 3166 3176 3256 Γραφάςνάκανονίστως·
3239 3166 3575 3265 θεσπίξομεν
3627 3199 3705 3269 μὴ

2125 3274 2376 3342 γίνεσθαι
2407 3277 2589 3339 τοῦτο,
2622 3279 2698 3343 ὡς
2740 3284 3029 3352 παραίτιον
3075 3286 3324 3352 ἀταξίας,
3361 3289 3497 3358 μηδέ
3526 3291 3709 3354 ἄλλως

2123 3367 2517 3435 ἀναγινώσκειν
2539 3371 2623 3423 ἐπ’
2655 3370 2908 3443 ἄμϐωνος
2934 3377 3034 3438 τὰς
3062 3364 3231 3441 θείας·
3276 3381 3502 3451 Γραφάς
3555 3402 3703 3451 τινα,

2123 3458 2170 3508 εἰ
2243 3458 2319 3529 μὴ
2382 3458 2521 3531 λάϐῃ
2584 3464 2855 3534 σφραγῖδα
2917 3468 3267 3540 ἐπικουρίδος
3324 3473 3411 3527 διὰ
3461 3478 3713 3546 χειροθε-

2124 3547 2245 3610 σίας
2311 3551 2699 3619 ἐπισκοπικῆς,
2757 3555 2816 3609 τὸ
2883 3559 3017 3611 αὐτὸ
3068 3559 3125 3613 δέ
3202 3563 3569 3631 φυλάττεσθαι
3611 3572 3712 3622 καὶ

2120 3640 2212 3691 ἐπὶ
2243 3644 2511 3711 μοναχῶν.
2540 3643 2664 3699 Ὅτι
2693 3646 2771 3712 δέ,
2801 3648 2878 3707 ὡς
2909 3648 3106 3718 ἔοικεν,
3139 3655 3402 3726 ἐνομίσθη
3430 3656 3698 3730 δυσχερὲς

2122 3727 2260 3784 εἶναι
2291 3732 2451 3787 τοῦτο
2483 3739 2596 3799 τοῖς
2648 3744 2911 3810 μοναχοίς
2945 3742 3046 3806 τὰς
3091 3746 3337 3816 ἐρήμους
3368 3751 3699 3805 κατοικοῦσι

2121 3824 2263 3877 κατά
2295 3826 2454 3892 πολὺ,
2494 3830 2701 3905 καὶμὴ
2747 3831 3073 3900 δυναμένοις
3116 3837 3219 3900 τὰς
3251 3838 3440 3905 πόλεις
3471 3844 3700 3911 περιέρο
3728 3864 3733 3867 λ

2123 3916 2339 3985 χεσθαι,
2380 3920 2475 3972 καὶ
2521 3924 2631 3984 τοῖς
2666 3922 2995 3989 ἐπισκόποις
3039 3928 3396 3999 ἐντυγχάνειν
3431 3933 3701 4005 εὐχερῶς,

2123 4010 2502 4099 ἐνεδόθητοῖς
2558 4016 2888 4085 ἡγουμένοις
2938 4022 3051 4083 τοῖς
3101 4026 3494 4093 σφραγισθείσι
3548 4030 3704 4099 παρά

2119 4100 2230 4153 τῶν
2261 4080 2619 4169 ἐπίσκόπων,
2665 4080 3065 4180 πρεσϐυτέροις
3098 4080 3277 4166 οὔέσιν¹
3309 4116 3369 4180 ἐξ
3423 4080 3699 4188 ἀνάγκης,

2122 4192 2478 4261 ἀναγνώστας
2538 4202 2711 4252 ποιεῖν
2780 4203 3054 4273 μοναχοὺς
3105 4207 3163 4258 ἐν
3217 4207 3295 4276 τῷ
3362 4209 3477 4280 ἰδίῳ
3534 4229 3701 4281 μονα-

2124 4288 2353 4358 στηρίῳ,
2386 4290 2472 4358 ἐφ’
2584 4292 2879 4357 ἀκωλύτως
2927 4296 3325 4377 ἀναγινώσκειν
3357 4303 3578 4368 τούτους
3611 4306 3705 4359 ἐπὶ

2123 4380 2395 4446 ἄμϐωνος·
2436 4382 2535 4446 τὰς
2591 4385 2742 4449 θείας
2805 4387 2843 4438 Γ
2848 4390 3050 4458 ραφάς.
3121 4390 3396 4457 Ὡσαύτως
3483 4398 3703 4469 ἐνεδόθη

2123 4473 2218 4523 καὶ
2279 4476 2391 4536 τοῖς
2451 4478 2890 4545 χωρεπισκόποις
2952 4482 3309 4549 ἀναγνώστας
3360 4489 3706 4558 προχειρίζε-

2050 4543 2090 4599 D
2124 4562 2246 4615 σθαι
2285 4565 2405 4618 κατ’
2467 4570 2773 4638 ἐπιτροπὴν
2825 4573 3215 4646 ἐπισκοπικήν.
3254 4579 3358 4631 Καὶ
3393 4583 3419 4632 ὁ
3475 4584 3574 4650 μὲν
3605 4600 3723 4661 κα·-ι

2113 4656 2218 4710 νὼν
2282 4660 2474 4714 ταῦτα.
2533 4664 2768 4717 Λέλυται
2818 4664 2874 4717 δὲ
2920 4667 3030 4720 ἀπὸ
3082 4670 3272 4723 τούτου
3327 4676 3542 4742 μεγάλη
3610 4678 3707 4731 ἐκ-

2116 4766 2305 4813 στασις
2335 4753 2443 4805 τῶν
2487 4753 2755 4822 λεγόντων
2791 4756 2867 4826 μὴ
2926 4754 3067 4812 εἶναι
3117 4763 3415 4833 κληρικοὺς
3448 4767 3576 4830 τοὺς
3607 4772 3707 4838 μό-

2116 4859 2209 4904 νας
2241 4843 2593 4912 ἐπικουρίδας
2632 4847 2859 4915 ἔχοντας
2887 4850 2973 4903 διά
3002 4854 3348 4922 χειροθεσίας
3380 4858 3706 4929 ἀρχιερατι-

2116 4933 2240 5000 κῆς,
2273 4935 2367 4987 καὶ
2401 4938 2568 5004 μήπω
2612 4939 2985 5008 καταχθέντας
3036 4945 3094 4997 ἐν
3139 4944 3349 5016 κλήρῳ,
3379 4948 3520 5001 ὥστε
3552 4952 3706 5019 ἔχειν

2116 5026 2209 5077 ἐπὶ
2249 5024 2433 5088 ἀδείας
2472 5027 2667 5101 αὐτοὺς
2702 5034 3285 5101 μετασχηματίζεσθαι
3326 5042 3406 5101 είς
3452 5041 3700 5107 λαῖκούς.

2121 5120 2460 5188 Παρίσταται
2508 5122 2617 5192 γάρ
2670 5123 2947 5195 ἀριδήλως
2997 5126 3092 5191 ὼς,
3140 5130 3305 5197 ἡνίκα
3360 5150 3441 5195 τις
3489 5134 3704 5198 δέξεται

2121 5211 2463 5282 χειροθεσίαν
2516 5214 2866 5284 ἐπικουρίδος
2926 5217 3075 5285 παρὰ
3120 5217 3449 5288 ἀρχιερέως,
3500 5227 3703 5280 αὐτίκα

2122 5292 2386 5370 ximus;
2409 5303 2580 5369 ἐστιν,
2616 5305 2691 5368 ὡς
2729 5307 3144 5376 ἐκχωρούμενος
3176 5311 3578 5380 ἀναγινώσκειν
3608 5320 3704 5371 ἐπὶ

2120 5395 2397 5460 άμὸωνος.
2443 5396 2598 5464 Ἐμοὶ
2644 5396 2699 5448 δὲ
2732 5397 2882 5449 δοκεῖ
2926 5399 3007 5450 ὅτι
3042 5401 3136 5452 καὶ
3172 5403 3200 5454 ὁ
3230 5403 3418 5468 ἀπλῶς
3452 5408 3707 5475 μελανες-

2126 5476 2366 5548 μονήσας
2418 5482 2704 5548 ἐπισκόπῳ
2747 5482 2837 5535 τοῦ
2878 5482 3233 5554 κληρωθῆναι
3286 5484 3705 5563 μετασχηματι-

2124 5570 2316 5638 σθῆναι
2356 5571 2418 5623 οὐ
2452 5571 2701 5636 δύναται,
2733 5572 2808 5634 ώς
2843 5574 3178 5643 προθέμενος
3214 5579 3589 5651 άφιερωθῆναι
3624 5586 3702 5655 τῷ

2122 5659 2242 5731 Θεῷ
2274 5678 2287 5691 ·
2320 5662 2618 5716 κάντεῦθεν
2654 5663 2729 5732 μὴ
2759 5664 2958 5734 ἰσχύων
2984 5667 3083 5737 τὴν
3126 5668 3262 5738 πρὸς
3299 5672 3433 5727 Θεὸν
3471 5675 3703 5748 ὑπόσχε-

2127 5771 2211 5807 σιν
2255 5756 2540 5826 ἀθετῆσαι,
2582 5758 2675 5810 καὶ
2727 5759 2995 5828 ἐμπαῖξαι
3026 5761 3087 5813 τὸ
3128 5763 3285 5831 ἅγιον
3314 5768 3501 5837 σχῆμα
3556 5770 3702 5826 κατὰ

2127 5849 2457 5918 σκηνικούςο
2489 5850 2626 5921 ὅπερ
2667 5850 2759 5903 καὶ
2805 5852 2932 5923 περὶ
2986 5852 3097 5909 τῶν
3147 5856 3400 5925 μοναχῶν
3434 5859 3701 5928 πολλάκις
3740 5893 3749 5900 -
