4056 6392
342 353 441 418 9151

1337 359 1419 420 ΙΝ
1460 358 1627 419 CAN.
1671 356 1805 420 XIV
1841 354 2053 416 CGNC.
2093 356 2203 417 VlI
2230 357 2587 418 (ECUMEN.

3478 363 3585 428 962

339 474 494 528 εἷπον
520 488 535 502 ·
566 474 690 538 τοὺς
717 473 774 528 δὲ
810 476 947 555 μετά
1006 474 1300 549 Τρισαγίου
1331 478 1906 548 μελανειμονήσαντας

2012 476 2257 529 habitum
2303 479 2642 531 scenicorum
2681 478 2852 533 instar
2894 479 3155 533 ludificari
3187 480 3350 550 possit
3383 497 3397 545 ;
3436 486 3579 550 quod

339 565 701 627 ἀδιαστίκτως
727 565 869 633 λέγω
895 566 968 637 μὴ
1000 554 1259 621 δύνασθαι
1295 563 1903 637 μετασχηματίζεσθαι.

338 658 446 711 Τοῦ
500 659 556 710 δὲ
594 659 819 721 κανόνος
851 658 1105 722 λέγοντος
1160 660 1247 712 ἐπ’
1294 660 1474 722 ἀδείας
1533 659 1677 724 ἔχειν
1734 659 1911 711 πάντα

336 751 749 820 καθηγούμενον
772 753 1171 820 σφραγισθέντα
1199 753 1350 821 παρά
1384 754 1703 822 ἀρχιερέως,
1726 752 1910 822 δηλον-

336 843 419 893 ότι
457 843 583 895 ὅντα
646 843 816 911 ἱερέα,
848 843 1195 911 ἀναγνώστας
1228 848 1400 897 ποιεῖν
1459 845 1725 913 μοναχοῦς
1757 843 1909 905 ἐντὸς

333 936 435 1001 τῆς
480 936 691 996 οἰκείας
736 936 903 1005 μονῆς
951 937 1046 988 καὶ
1080 938 1271 1006 μόνης,
1320 938 1593 1006 ἐζήτησάν
1643 953 1809 999 τινες,
1858 937 1907 988 εί

336 1029 550 1093 ἐφεῖται
584 1028 730 1092 αὐτῷ
761 1028 878 1096 ἃμα
932 1029 1007 1097 τῷ
1068 1030 1472 1099 σφραγισθῆναι
1517 1028 1674 1081 τοῦτο
1717 1031 1904 1092 ποιεῖν,

336 1121 431 1172 καὶ
461 1120 581 1187 δίχα
617 1122 787 1189 ῥητῆς
810 1121 1111 1190 ἐπιτροπῆς
1140 1120 1235 1173 τοῦ
1260 1121 1560 1192 ἀρχιερέως
1588 1138 1604 1187 ;
1629 1120 1736 1173 Καί
1764 1138 1907 1183 τινες

335 1212 436 1279 μὲν
494 1208 648 1264 εἶπον
699 1214 1086 1267 ἐπακολουθεῖν
1147 1215 1439 1283 σιωπηρῶς
1492 1216 1586 1266 καὶ
1640 1214 1796 1265 τοῦτο
1839 1216 1904 1284 τῇ

262 1353 269 1360 .
334 1307 646 1376 χειροθεσίᾳ
672 1309 771 1375 τῆς
812 1307 1199 1376 ήγουμενείας,
1252 1306 1327 1368 ὡς
1367 1304 1462 1358 τοῦ
1491 1307 1714 1366 κανόνος
1734 1306 1906 1357 ’πλέον

333 1413 386 1446 τι
444 1396 518 1465 μὴ
557 1398 1010 1467 προστιθεμένου,
1052 1398 1323 1468 χρώμενοι
1349 1400 1441 1449 καὶ
1465 1397 1542 1466 τῷ
1582 1394 1660 1448 κδ’
1721 1397 1905 1450 κανόνι

333 1488 433 1554 τῆς
466 1491 522 1541 ἐν
547 1490 835 1560 Λαοδικείᾳ
862 1492 1082 1542 συνόδου
1114 1492 1193 1553 εἰς
1228 1490 1594 1559 συγκρότησιν
1624 1489 1717 1541 τοῦ
1747 1489 1904 1556 λόγου

334 1579 534 1633 αὐτῶν.
556 1581 869 1634 Ἀντέθεντο
894 1583 950 1634 δὲ
981 1584 1071 1635 καὶ
1101 1582 1277 1650 ἕτεροι
1312 1580 1410 1644 ὡς,
1442 1582 1564 1633 ἐπεὶ
1591 1581 1682 1632 καὶ
1713 1582 1740 1633 ὁ
1775 1581 1906 1632 ἁνα-

333 1671 581 1741 γνώστης
616 1673 875 1741 κληρικός
906 1676 1076 1735 ἐστιν,
1130 1674 1335 1738 ὀφείλει
1382 1672 1441 1737 ἐξ
1486 1672 1731 1741 ἀνάγκης
1768 1671 1904 1739 μετὰ

332 1762 676 1830 χειροθεσίας
721 1752 1028 1816 ἐπισκόπού
1059 1763 1423 1834 ἢέπιτροπῆς
1467 1762 1630 1817 αὐτοῦ
1672 1762 1905 1831 σφραγί-

2017 583 2157 635 saepe
2185 571 2343 620 etiam
2378 568 2444 621 de
2474 570 2752 624 monachis
2782 572 2886 624 dixi
2920 590 2933 628 ι
2962 588 3056 625 eos
3087 582 3289 637 autem,
3325 577 3413 643 qui
3450 566 3575 630 cum

2016 659 2240 730 trisagto
2279 661 2449 729 nigris
2480 662 2722 716 vestibus
2777 662 2949 717 induti
2991 664 3212 730 fuerint,
3265 666 3580 724 indistincte

2016 751 2138 805 dico
2168 753 2415 805 habitum
2449 764 2657 807 mutare
2685 770 2791 808 non
2826 771 3003 825 posse.
3028 757 3162 810 Cum
3188 769 3368 817 autem
3403 776 3581 815 canon

2014 844 2177 906 dicat,
2210 845 2369 899 licere
2405 842 2903 907 cuivismonasterii
2930 850 3203 917 przefecto,
3236 853 3325 920 qui
3347 856 3414 905 ah
3437 856 3580 907 anti-

2020 938 2148 991 stite
2179 938 2548 994 characterem
2594 940 2879 1009 acceperit,
2921 944 3174 996 sacerdos
3222 944 3432 997 scilicet
3465 962 3583 998 mo-

2014 1028 2222 1083 nachos
2252 1030 2479 1084 lectores
2512 1031 2689 1085 facere
2711 1033 2850 1087 imra
2883 1036 3270 1088 monasterium
3301 1045 3354 1089 et
3380 1037 3581 1103 solum;

2014 1122 2382 1189 qumsiverunt
2428 1124 2695 1190 nonnulli,
2749 1140 2817 1178 an
2877 1125 2946 1178 sit
2994 1128 3040 1179 ei
3100 1120 3427 1196 permissum
3477 1129 3582 1182 hoc

2013 1211 2210 1277 facere,
2241 1229 2361 1267 cum
2389 1210 2620 1283 primum
2664 1218 3035 1272 characterem
3062 1220 3384 1288 susceperit,
3416 1220 3578 1275 etiam

2014 1303 2131 1358 sine
2175 1320 2431 1373 expressa
2482 1308 2740 1361 antistitis
2800 1309 3202 1377 permissione?
3231 1310 3294 1363 Et
3325 1312 3582 1365 dixerunt

2013 1394 2228 1462 quidem
2278 1397 2547 1463 nonnulli,
2583 1394 2917 1467 przefecturae
2962 1417 3218 1454 manuum
3278 1403 3582 1471 impositio-

2012 1500 2133 1537 nem
2160 1486 2261 1539 hcc
2289 1503 2505 1557 quoque
2537 1491 2696 1544 tacite
2721 1493 3004 1563 consequi,
3039 1502 3226 1562 utpote
3253 1508 3374 1547 cum
3404 1509 3577 1546 canon

2013 1576 2145 1628 nihil
2186 1577 2324 1632 ultra
2360 1580 2580 1647 adjiciat
2613 1592 2946 1637 :utentes-et
3002 1600 3212 1659 canone
3265 1584 3336 1638 24
3385 1587 3578 1655 synodi

2011 1666 2329 1723 Laodicente
2357 1672 2423 1725 ad
2464 1673 2516 1727 id
2551 1676 2695 1743 quod
2737 1674 2927 1728 dicunt
2972 1675 3424 1729 confirmandum.
3474 1676 3580 1729 Alii

2012 1769 2190 1813 autem
2236 1774 2426 1817 contra
2473 1767 2837 1833 opponebam,
2886 1767 3032 1835 quod
3086 1767 3343 1835 quoniam
3407 1766 3579 1821 lector

333 1856 522 1916 ζεσθαι
554 1872 568 1886 ο
603 1855 725 1909 ὅθεν
762 1842 856 1909 καὶ
888 1859 914 1909 ὁ
956 1855 1372 1926 καθηγούμενος
1404 1857 1524 1908 τότε
1553 1855 1903 1923 ἀναγνώστου

2011 1866 2230 1919 quoque
2258 1862 2340 1905 est
2373 1854 2627 1919 clericus,
2656 1856 3161 1931 debetmecessario
3187 1873 3308 1911 cum
3336 1859 3577 1928 episcopi

332 1942 675 2011 χειροθεσίαν
702 1947 917 2013 ποιήσει
983 1947 1040 1996 ἐν
1085 1945 1162 2012 τῷ
1216 1930 1334 2015 (ἰδίῳ
1383 1944 1746 2015 μοναστηρίῳ,
1778 1946 1906 1997 ὅταν

332 2032 427 2084 καὶ
458 2032 616 2084 τοῦτο
643 2034 792 2102 παρά
842 2036 936 2087 τοῦ
992 2036 1123 2101 ἰδίου
1180 2037 1479 2105 ἀρχιερέως
1515 2038 1809 2105 ἐπιτραπῇ.
1843 2035 1907 2088 Εἰ

331 2126 409 2196 μὴ
442 2127 550 2195 γὰρ
581 2125 738 2179 τοῦτο
775 2127 1020 2195 εἴπωμεν
1053 2128 1419 2196 δικαιώσομεν
1446 2127 1505 2190 ἐξ
1539 2130 1784 2195 ἀνάγκης
1812 2129 1907 2180 αὖ-

328 2216 422 2268 τὸν
475 2218 728 2285 δέχεσθαι
782 2221 949 2289 χωρίς
1002 2222 1309 2289 ἐπιτροπῆς
1363 2218 1757 2287 ἀρχιερατικῆς
1812 2220 1906 2272 καὶ

328 2310 455 2370 τοῦς
480 2309 774 2378 λογισμοὺς
802 2312 910 2363 τῶν
941 2311 1194 2381 μοναχῶν
1218 2313 1282 2363 αὑ
1294 2314 1381 2365 τοῦ
1410 2313 1504 2363 καὶ
1525 2310 1609 2361 ἐτέ
1622 2329 1747 2380 ρων,
1772 2314 1906 2381 ὅπερ

339 2402 628 2458 ἀδύνατον.
668 2405 868 2467 Μόνοις
895 2407 1005 2476 γὸρ
1036 2408 1146 2469 τοῖς
1196 2406 1511 2476 ἀρχιερεῦσι
1541 2408 1631 2457 καί
1661 2399 1773 2466 τοῖς
1811 2392 1913 2456 ἐκῖ

334 2497 634 2565 χωρηθεῖσι
666 2500 816 2567 παρὰ
843 2498 1053 2551 τούτων
1118 2499 1352 2568 ἱερεῦσιν
1384 2498 1740 2567 ἐφιλοτιμήθη
1772 2500 1906 2550 ἄνω-

330 2584 424 2638 θεν
463 2588 523 2639 τὸ
565 2588 784 2657 δεσμεῖν
814 2592 907 2642 καὶ
932 2590 1103 2644 λύειν.
1142 2590 1265 2642 Τῶν
1301 2589 1356 2641 δέ
1402 2589 1692 2641 ἀντιθέτων
1728 2590 1905 2640 εἰπόν-

326 2697 437 2733 των
454 2680 563 2743 ιὼς,
598 2683 645 2734 εἰ
680 2684 841 2753 χρεία
866 2685 982 2736 ἐστὶ
1020 2678 1097 2753 τῷ
1141 2683 1539 2753 καθηγουμένῳ
1570 2682 1706 2752 πρὸς
1747 2680 1904 2734 τοῦτο

327 2776 424 2826 καὶ
472 2774 645 2843 ίδικῆς
685 2776 987 2844 ἐπιτροπῆς
1023 2775 1115 2829 τοῦ
1143 2775 1414 2846 ἐγχωρίου
1447 2776 1774 2838 ἐπισκόπου,
1823 2776 1902 2838 εἰς

326 2866 387 2918 τὸ
412 2865 577 2935 μηδὲν
613 2869 858 2937 καταντᾷ
884 2868 943 2920 τὸ
972 2867 1122 2936 παρά
1151 2868 1245 2919 τοῦ
1272 2867 1494 2928 κανόνος
1526 2864 1907 2934 ἐπιφιλοτιμη-
1934 2932 1945 2947 α

328 2958 418 3012 θέν
444 2960 523 3029 τῷ
553 2960 979 3031 καθηγουμένῳ,
1012 2962 1266 3013 ἀντεῖπον
1298 2960 1498 3011 ἐκεῖνοι
1524 2958 1607 3010 ὅτι
1638 2957 1734 3008 καλ.
1760 2955 1902 3008 οὕτω

331 3050 475 3118 μέγα
493 3052 701 3105 δίκαιον
730 3053 940 3105 δέδοται
972 3053 1048 3121 τῷ
1081 3049 1501 3121 καθηγουμένῳ.
1531 3048 1775 3119 Μηδενδς
1797 3050 1903 3117 γὰρ

330 3142 519 3211 ἱερέως
559 3142 864 3212 δυναμένου
900 3143 1253 3211 ἀναγνώστου
1314 3141 1656 3213 χειροθεσίαν
1706 3144 1900 3206 ποιεῖν,

328 3231 430 3285 κᾶν
459 3237 739 3305 ἐπιτραπῇ
770 3233 931 3287 τοῦτο
988 3235 1141 3302 παρά
1190 3234 1514 3307 ἀρχιερέως,
1563 3233 1612 3285 οἰ
1647 3231 1901 3302 ῥηθέντες

323 3326 738 3395 καθηγούμενοι
768 3326 889 3380 καθ’
933 3326 1165 3398 ὁρισμὸν
1202 3324 1590 3396 ἀρχιερατικὸν
1636 3324 1792 3377 τοῦτο
1822 3324 1905 3377 ἐν·

252 3444 253 3447 η
326 3422 648 3489 εργήσουσι,
679 3421 813 3491 ὅπερ
858 3404 977 3473 ἐστὶ
1028 3420 1372 3490 φιλοτίμημα
1418 3419 1607 3472 ίδικόν.
1667 3417 1821 3488 Ἐμοὶ
1847 3417 1903 3471 δέ

325 3516 677 3566 κατανοεῖται
705 3512 1070 3574 ἀδιαστίκτως
1101 3511 1384 3581 ἐνδοθῆναι
1418 3510 1574 3564 τοῦτο
1602 3514 1715 3574 τοῖς
1740 3512 1905 3580 ἡγου-

326 3606 518 3675 μένοις
552 3604 706 3674 παρά
734 3604 828 3657 τοῦ
858 3604 1103 3667 κανόνος.
1146 3604 1269 3656 Ἔτι
1300 3602 1632 3672 ἀμφιϐολίας
1680 3602 1906 3669 γενομέ-
1958 3660 1963 3665 η

323 3715 427 3768 νης
454 3700 583 3767 περὶ
620 3698 715 3751 τοῦ
764 3698 808 3750 εί
858 3698 1098 3765 γίνονται
1138 3696 1435 3765 ἡγούμενοι
1488 3695 1716 3765 ἁνίεροι,
1751 3689 1906 3747 εἶπόν

321 3806 474 3853 τινες
532 3791 628 3855 ὡς,
688 3790 812 3842 ἐπεὶ⁵
869 3791 1010 3842 κατά
1062 3788 1391 3859 δοκιμασίαν
1447 3788 1541 3840 τοῦ
1605 3788 1902 3840 ἐπισκόπου

326 3886 747 3955 οφραγίζονται,
801 3884 1019 3947 πάντως
1063 3882 1371 3947 ἐπιλέξεται
1405 3884 1432 3932 ό
1465 3881 1760 3942 ἐπίσκοπος
1814 3881 1904 3933 τὸν

325 3977 724 4042 εὐδοκιμοῦντα
772 3976 909 4046 πρὸς
966 3974 1212 4045 ἰατρείαν
1259 3973 1465 4043 ψυχῶν,
1530 3972 1633 4024 κᾶν
1690 3972 1903 4041 ἀνίερός

324 4075 477 4124 ἐστιν
504 4087 517 4101 ’
565 4070 626 4122 οὐ
667 4070 775 4139 μὴν
820 4069 912 4121 τὸν
953 4065 1402 4137 χειροτονηθέντα
1436 4064 1531 4118 καὶ
1580 4064 1653 4134 μὴ
1698 4064 1905 4116 εὐδοκι-

326 4162 535 4238 μοῦντα
569 4179 583 4193 ο
613 4161 803 4231 ὥσπερ
830 4160 951 4213 οὐδὲ
976 4162 1004 4212 ὁ
1029 4159 1198 4212 νοσῶν
1235 4156 1562 4227 σωματικῶς
1597 4156 1687 4209 ἴνα
1718 4156 1903 4208 ἐπιλέ-

323 4260 487 4324 ξηται
518 4256 609 4309 τὸν
660 4254 797 4323 πρὸς
848 4253 1147 4322 θεραπείαν
1204 4250 1619 4320 ἀνεπιστήμονα
1676 4247 1804 4318 περὶ
1837 4248 1904 4301 τὰ

326 4347 575 4419 ἰατρικὰ,
611 4347 700 4399 διὰ
749 4345 810 4398 τὸ
866 4344 1166 4413 ἀρχιατρὸν
1220 4344 1382 4397 αὐτὸν
1434 4328 1901 4412 χειροτονηθῆναι,

322 4445 424 4496 καὶ
478 4438 818 4509 παραδράμῃ
879 4436 972 4488 τὸν
1030 4434 1215 4499 δεξιὸν
1262 4434 1357 4486 καὶ
1409 4434 1780 4501 ἐπιστήμονα,
1831 4433 1904 4493 ὡς

326 4532 745 4604 ἁχειροτόνητον
774 4547 787 4560 υ
813 4529 895 4580 ὃτι
932 4527 1068 4597 μηδὲ
1103 4529 1135 4595 ἡ
1183 4523 1510 4595 χειροτονία,
1537 4523 1652 4576 ἀλλ’
1683 4525 1715 4593 ἠ
1748 4524 1906 4594 ἀκρι-

327 4628 429 4696 ϐὴς
477 4625 759 4693 ἐπιστήμη
796 4624 894 4690 τὴν
940 4620 1240 4689 θεραπείαν
1284 4618 1516 4670 δίδωσιν.
1573 4616 1793 4685 ’Έτεροι
1848 4616 1904 4669 δὲ

330 4719 617 4773 ἀντέθεντο
670 4716 763 4780 ὡς,
821 4713 914 4766 τοῦ
965 4713 1189 4774 κανόνος
1243 4709 1612 4781 διοριζομένου
1664 4709 1905 4771 ἐκείνους

332 4812 473 4881 ἐχειν
521 4810 677 4862 τοῦτο
723 4808 783 4859 τὸ
815 4806 1042 4868 δίκαιον,
1090 4804 1215 4865 τοὺς
1259 4800 1695 4871 σφραγισθέντας
1737 4802 1903 4870 ἡγου-

331 4904 527 4973 μένους
588 4900 740 4968 παρὰ
801 4896 1156 4954 ἐπισκόπων,
1207 4893 1447 4961 δηλονότι
1498 4891 1655 4953 ὄντας
1718 4892 1905 4959 ἱερεῖς,

329 4998 691 5061 ἀναφαινεται
718 4990 800 5061 μὴ
834 4984 1233 5059 σφραγίζεσθαι
1262 4983 1585 5053 ἡγούμενον,
1615 4984 1662 5035 εἰ
1706 4982 1781 5052 μὴ
1811 4981 1907 5033 καὶ

335 5086 517 5155 ἱερεύς
548 5088 695 5137 ἐστιν
720 5099 736 5115 ⁸
770 5084 911 5151 ὅπερ
960 5077 1086 5148 ἐμοὶ
1140 5075 1280 5137 τέως
1332 5078 1390 5128 οὐ
1431 5077 1599 5130 δοκεῖ.
1632 5073 1765 5129 Οὐδὲ
1799 5073 1906 5143 γὰρ

330 5179 423 5232 διὰ
472 5181 570 5248 τὴν
602 5174 968 5246 ἡγουμενείαν
1010 5168 1315 5240 προσετέθη
1364 5170 1515 5238 παρά
1567 5168 1676 5237 τῶν
1734 5166 1906 5234 ἀγίων

334 5266 594 5337 Πατέρων
632 5267 692 5317 τὸ
718 5260 856 5316 εἶναι
884 5264 1101 5322 πάντως
1151 5260 1316 5328 ἱερεῖς
1371 5259 1496 5319 τοὺς
1546 5257 1905 5327 ἡγουμένους,

331 5358 471 5411 ἀλλὰ
493 5356 578 5407 διὰ
606 5356 704 5424 τὴν
731 5356 823 5405 τοῦ
859 5352 1206 5418 ἀναγνώστου
1244 5347 1535 5416 σφραγῖδα,
1574 5347 1648 5407 ὡς
1678 5343 1905 5397 δυνατοῦ

337 5449 414 5520 μὴ
447 5449 596 5509 ὄντος
638 5445 790 5515 παρὰ
836 5447 1051 5513 ἀνιέρου
1095 5438 1505 5509 καθηγουμένου
1556 5436 1907 5507 ἀναγνώστην

335 5538 761 5610 σφραγισθῆναι.
825 5534 984 5600 Λέγω
1038 5529 1130 5583 οῦν
1182 5530 1291 5584 ἀπό
1359 5545 1418 5580 τε
1484 5528 1577 5579 τοῦ
1641 5527 1906 5596 παρόντος

336 5633 561 5692 κανόνος
601 5629 698 5681 καὶ
730 5612 846 5679 ἀπὸ
885 5624 977 5676 τοῦ
1032 5622 1094 5676 ιθ⁹
1132 5623 1308 5683 καλῶς
1336 5618 1781 5692 προχειρίζεσθαι
1811 5621 1907 5673 καὶ

336 5709 586 5794 ἀνιέρους
622 5716 1069 5788 καθηγουμένους
1103 5722 1127 5744 ί
1152 5715 1233 5767 ὅτι
1285 5714 1379 5766 καὶ
1428 5712 1688 5779 γυναῖκες
1738 5711 1904 5779 ἡγου-

342 5815 645 5869 ιιενεύιυσι.
681 5813 788 5865 K03.
810 5808 997 5879 ὥσπερ
1028 5808 1231 5860 ἐκεῖναι
1260 5804 1380 5858 οὔτε
1406 5802 1695 5871 λογισμοὺς
1717 5801 1908 5856 ἀναδέ-

2010 1942 2636 2017 manuumimpositione
2666 1948 2744 2000 vel
2764 1947 2881 2016 ejus
2911 1948 3269 2017 permissione
3291 1948 3581 2004 characte-

2009 2049 2120 2088 rem
2156 2036 2466 2104 suscipere;
2502 2039 2644 2091 unde
2673 2046 2725 2092 et
2758 2042 3072 2095 monasterii
3122 2042 3412 2110 praefectus
3442 2052 3575 2098 tunc

2011 2122 2225 2179 lectoris
2264 2128 2658 2183 ordinationem
2694 2131 2766 2183 in
2820 2134 2942 2185 sum
2978 2134 3310 2189 monasterio
3368 2134 3575 2200 faciet,

2006 2217 2225 2285 quando
2269 2218 2371 2273 hoc
2414 2235 2442 2271 a
2474 2222 2692 2291 proprio
2722 2222 2982 2293 episcopo
3006 2227 3052 2279 ei
3092 2229 3417 2295 permissmn
3455 2229 3578 2283 fuc-

2005 2308 2097 2363 rit.
2138 2309 2249 2364 Nisi
2281 2311 2423 2365 enim
2462 2313 2566 2368 hoc
2618 2314 2960 2381 dixerimus,
3005 2334 3127 2371 eum
3182 2335 3401 2389 quoque
3456 2322 3578 2376 sine

2005 2404 2301 2474 episc0pali
2362 2408 2723 2475 permissione
2782 2412 3175 2481 monachorum
3232 2429 3458 2468 suorum
3516 2424 3573 2469 et

2005 2497 2235 2552 aliorum
2270 2498 2644 2555 confessiones
2691 2502 2881 2556 audire
2933 2519 3147 2572 (equum
3204 2507 3577 2573 censebimus,

2004 2586 2148 2655 quod
2202 2587 2315 2641 ﬁeri
2368 2603 2478 2641 non
2530 2597 2725 2657 potest.
2765 2589 2907 2645 Solis
2943 2593 3085 2645 enim
3119 2594 3475 2663 antistitibus,
3520 2609 3577 2652 et

2004 2680 2206 2747 quibus
2247 2680 2314 2733 ab
2362 2681 2497 2749 ipsis
2538 2681 2864 2751 permissum
2916 2682 3098 2749 fuerit,
3154 2686 3575 2750 sacerdotibus,

2003 2788 2243 2841 superne
2276 2788 2597 2829 concessum
2631 2786 2713 2830 est
2743 2775 2914 2845 ligare
2946 2785 3000 2832 et
3029 2778 3259 2836 solvere.
3301 2777 3437 2834 Cum
3474 2796 3577 2845 au-

2004 2876 2110 2920 tem
2137 2868 2377 2923 dixerint
2412 2870 2731 2935 adversarii,
2765 2871 2910 2940 quod
2945 2872 2990 2926 si
3026 2872 3343 2928 monasterii
3373 2875 3570 2941 praefe-

2001 2965 2088 3012 cto
2117 2974 2255 3029 opus
2284 2969 2369 3015 est
2396 2960 2618 3039 speciali
2643 2976 2860 3031 quoque
2884 2961 3028 3017 illius
3057 2963 3296 3032 regionis
3326 2962 3573 3034 episcopi

2002 3053 2379 3119 permissione,
2409 3054 2473 3106 ad
2508 3054 2641 3108 nihil
2678 3053 2816 3108 redit
2843 3057 2986 3124 quod
3018 3054 3274 3125 praefecto
3303 3070 3333 3110 a
3367 3063 3578 3112 canone

2003 3158 2321 3198 concessum
2350 3155 2431 3199 est
2460 3162 2474 3199 :
2513 3145 2587 3199 illi
2615 3154 2804 3200 contra
2839 3147 3117 3210 dixerunt,
3154 3147 3296 3216 quod
3336 3146 3419 3203 sic
3438 3164 3576 3218 quo-

2002 3251 2108 3306 que
2147 3252 2397 3307 magnum
2427 3238 2516 3306 jus
2538 3237 2699 3290 datur
2738 3235 3013 3306 pricfecto.
3040 3237 3174 3291 Cum
3207 3238 3350 3291 enim
3389 3240 3576 3292 nullus

2005 3330 2261 3381 sacerdos
2312 3328 2485 3397 possit
2538 3328 2796 3382 lectorem
2847 3329 3120 3390 ordinare,
3156 3327 3370 3382 etiamsi
3403 3326 3453 3381 ei
3503 3328 3576 3382 ab

2004 3418 2247 3488 antistite
2280 3408 2383 3472 hoc
2420 3419 2746 3488 permissum
2780 3418 2961 3479 fuerit,
2999 3414 3294 3487 supradicti
3330 3416 3574 3487 praefecti

2003 3508 2264 3563 antistitis
2294 3509 2516 3564 decreto
2549 3510 2649 3563 hoc
2684 3507 2904 3573 facient,
2942 3509 3085 3577 quod
3114 3515 3198 3563 est
3228 3508 3445 3577 quidem
3475 3508 3577 3562 do-

2004 3616 2132 3653 num
2182 3602 2435 3669 speciale.
2469 3601 2578 3671 Ego
2608 3614 2735 3655 vero
2783 3601 3023 3669 intelligo
3059 3600 3161 3654 hoc
3210 3600 3574 3654 monasterio-

2005 3708 2126 3747 rum
2182 3692 2451 3762 praafectis
2511 3692 2831 3748 indistincte
2892 3708 2922 3745 a
2982 3707 3191 3746 canone
3246 3706 3571 3747 concessum

2003 3800 2145 3841 esse.
2179 3783 2445 3839 Przeterca
2479 3800 2603 3838 cum
2650 3785 3014 3848 dtlbitaretur,
3062 3801 3129 3837 an
3183 3786 3572 3840 monachorum

2002 3876 2240 3946 praefecti
2272 3876 2428 3938 fiunt,
2452 3877 2544 3944 qui
2570 3876 2743 3931 sacris
2772 3892 2879 3930 non
2915 3885 3043 3931 sunt
3073 3876 3288 3941 initiati;
3319 3875 3574 3931 dicebant

1998 3951 2244 4035 ‘quidam',
2281 3965 2426 4041 quod
2471 3967 2731 4035 quoniam
2774 3982 2840 4021 ex
2880 3966 3125 4036 episcopi
3169 3966 3575 4021 examinatione

2003 4061 2376 4113 characterem
2430 4061 2777 4129 suscipiunt,
2813 4059 2963 4113 illum
3013 4058 3238 4113 omnino
3287 4060 3575 4129 episcopus

2003 4149 2184 4220 eliget,
2213 4151 2306 4220 qui
2357 4152 2423 4205 ad
2469 4151 2775 4205 animarum
2834 4150 3061 4203 salutent
3111 4162 3195 4205 est
3253 4150 3575 4219 probatior,

2002 4241 2212 4293 etiamsi
2251 4256 2359 4294 non
2404 4238 2489 4294 es't
2525 4239 2698 4293 sacris
2731 4240 3000 4305 initiatus;
3036 4256 3139 4293 non
3189 4251 3372 4294 autem
3402 4255 3525 4292 eum
3553 4262 3577 4302 ,-

2003 4334 2095 4402 qui
2147 4332 2427 4385 ordinatus
2475 4341 2576 4394 est,
2630 4331 2721 4385 sed
2783 4345 2891 4384 non
2938 4338 3023 4384 est
3073 4331 3210 4385 satis
3270 4338 3571 4399 spectatus;

2003 4422 2467 4489 Quemadmodum
2519 4435 2619 4475 nec
2672 4422 2739 4486 is,
2773 4421 2864 4489 qui
2916 4427 3144 4491 aegrotat
3182 4412 3565 4490 corporaliter,

1932 4533 1982 4594 ι)
2009 4516 2290 4595 medicinae
2336 4514 2471 4567 artis
2508 4512 2819 4583 imperitum
2850 4511 2918 4565 ad
2964 4513 3289 4565 medendum
3339 4512 3575 4582 eligerit,

2008 4619 2073 4658 eo
2097 4604 2239 4674 quod
2279 4603 2548 4656 archiater
2578 4616 2674 4655 seu
2720 4600 3056 4655 medicorum
3090 4602 3346 4671 princeps
3378 4602 3458 4656 sit
3488 4617 3573 4656 or-

2008 4698 2264 4761 dinatus;
2302 4696 2559 4769 scientem
2592 4707 2721 4748 vero
2751 4701 2807 4747 et
2838 4693 3071 4763 peritum
3123 4688 3532 4763 praetermiserit
3560 4730 3575 4757 τ

2003 4798 2067 4844 ἰιι
2092 4789 2183 4857 qui
2221 4804 2328 4842 non
2362 4788 2432 4843 sit
2466 4786 2750 4841 ordinatus
2782 4802 2794 4837 :
2825 4785 3080 4855 quoniam
3122 4801 3231 4840 non
3276 4786 3569 4849 ordinatio,

2010 4881 2101 4935 sed
2134 4879 2377 4948 perfecta
2404 4878 2634 4933 scientia
2666 4879 2760 4931 dat
2789 4876 3077 4953 medelam.
3104 4878 3207 4931 Alii
3236 4889 3414 4931 autem
3450 4893 3572 4932 con-

2009 4983 2090 5047 tra
2124 4971 2487 5041 opponebam,
2515 4970 2658 5041 quod
2688 4984 2812 5024 cum
2845 4984 3019 5023 canon
3045 4969 3303 5025 decernat
3331 4971 3450 5026 illos
3474 4970 3570 5027 hoc

2004 5064 2094 5134 jus
2132 5063 2331 5118 habere
2369 5062 2819 5118 monasteriorum
2864 5063 3173 5130 praefectos,
3207 5064 3299 5132 qui
3334 5065 3402 5117 ab
3441 5046 3585 5133 cpi?

2008 5157 2189 5225 scopis
2218 5158 2587 5210 characterem
2634 5154 2961 5224 acceperint,
2995 5156 3310 5210 sacerdotes
3341 5156 3569 5221 scilicet,

2010 5257 2233 5320 apparet
2291 5248 2661 5303 characterem
2734 5248 3067 5319 praefecturae
3124 5263 3231 5301 non
3296 5248 3568 5318 susciperc

2008 5341 2360 5413 praefectum,
2397 5341 2501 5394 nisi
2562 5341 2632 5394 sit
2660 5341 2917 5395 sacerdos
2956 5359 2969 5393 :
3004 5340 3150 5408 quod
3188 5355 3295 5392 non
3332 5340 3457 5391 mihi
3493 5342 3561 5392 vi-

2008 5435 2186 5487 detur.
2217 5430 2333 5484 Non
2380 5432 2522 5484 enim
2584 5441 2804 5501 propter
2855 5431 3229 5500 praefecturam
3278 5444 3306 5482 a
3369 5433 3566 5486 sanctit-

2009 5521 2259 5577 Patribus
2293 5522 2536 5576 additum
2576 5531 2661 5576 est
2685 5562 2699 5587 ,
2734 5532 2791 5575 ut
2822 5522 2932 5577 sint
2973 5521 3195 5575 omnino
3232 5519 3565 5575 sacerdotes.

2010 5618 2101 5687 qui
2129 5616 2474 5670 monasteriis
2503 5626 2772 5685 praesunt;
2800 5614 2895 5670 sed
2926 5619 3143 5683 prOpter
3174 5611 3396 5667 lectoris
3420 5613 3563 5666 ordi-

2009 5708 2308 5774 nationem,
2352 5722 2546 5776 nempe
2574 5722 2696 5761 cum
2729 5707 2893 5761 lector
2918 5703 3158 5759 ordinari
3188 5718 3295 5757 non
3331 5704 3503 5773 possit
3541 5719 3565 5757 ο

2009 5798 2326 5855 monasterii
2374 5798 2649 5867 przefecto,
2686 5796 2780 5866 qui
2834 5811 2941 5853 non
2996 5796 3067 5853 sit
3111 5795 3390 5853 sacerdos.
3442 5788 3593 5849 Dico

3450 5916 3459 5939 \
