4056 6402
461 333 567 401 963

1702 336 1975 392 'l'llEUU.
2036 339 2425 398 BALbAMUN
2484 352 2489 355 ’

3628 350 3738 412 964

460 460 593 515 ergo
625 459 689 499 ex
708 445 969 519 praesenti
1000 457 1211 498 canone
1237 451 1289 497 et
1318 457 1383 513 ex
1411 442 1476 497 l9
1498 454 1643 497 recte
1673 447 1736 497 ad
1769 451 2033 513 praetecta

2157 470 2368 521 χονται,
2428 453 2549 506 οὒτε
2601 453 2957 524 ἀναγνώστας
3018 456 3254 522 ποιοῦσι,
3287 456 3458 519 οὕτως
3500 458 3620 512 οὐδὲ
3675 461 3733 514 οι

466 553 582 592 ram
613 538 836 608 provehi
861 538 1022 590 etiam
1053 551 1175 602 eos,
1203 536 1294 605 qui
1328 551 1436 590 non
1463 544 1591 590 sunt
1621 538 1797 592 sacris
1820 538 2036 602 initiati;

460 631 720 699 quoniam
755 626 971 682 femina:
1000 642 1218 695 quoque
1256 628 1608 683 monasteriis
1646 630 2037 697 prmiiciuntnr.

461 722 524 774 Et
556 722 696 776 sicut
736 721 838 774 illae
865 735 966 773 nec
993 728 1341 789 peccatorum
1380 716 1751 775 confessiones
1785 723 2036 784 audiunt.

458 817 623 887 316
682 834 782 872 nec
835 818 1069 871 lectores
1122 815 1329 869 faciunt
1366 831 1381 868 :
1413 816 1491 869 sic
1541 832 1642 870 nec
1691 819 1937 871 monachi
1988 829 2041 872 et

460 912 721 977 praefecti,
754 911 846 979 qui
882 926 986 964 non
1020 910 1506 976 suntsaecrdotcs,
1538 911 1639 964 hoc
1688 910 1922 974 facient;
1972 928 2038 966 eo

457 1001 601 1067 quod
642 1015 739 1054 nec
772 996 893 1067 apti.
913 1001 1129 1067 quidem
1164 1008 1312 1057 sunt.
1362 1008 1420 1051 ιιι
1469 1000 1740 1070 ejusmodi
1793 1003 1867 1054 rei
1917 1017 2040 1069 per-

458 1093 776 1147 missionem
808 1094 875 1147 ab
899 1094 1155 1162 episcopo
1182 1092 1475 1162 accipiant.
1510 1094 1648 1159 Quid
1676 1096 1882 1149 autem?
1903 1096 2037 1148 Cum

461 1184 754 1241 Justiniani
795 1184 1015 1240 Novella
1049 1189 1215 1249 dicat,
1244 1197 1303 1239 ut
1335 1202 1478 1255 saepe
1509 1188 1768 1249 diximus,
1794 1204 1900 1240 non
1926 1188 2036 1240 lieri

456 1280 715 1334 lectorem
757 1280 1109 1348 quempiam,
1148 1280 1249 1343 nisi
1283 1282 1355 1332 sit
1390 1280 1692 1333 octodecim
1726 1295 1899 1334 annos
1934 1296 2032 1333 tta-

422 1382 565 1434 ‘tus,
622 1374 665 1428 si
707 1373 829 1440 quis
866 1374 1047 1427 infans
1096 1373 1175 1426 vel
1218 1389 1350 1437 puer
1383 1373 1601 1426 lectoris
1632 1374 2031 1432 ordinationem

456 1461 525 1515 ab
564 1463 809 1515 antistite
854 1464 1179 1531 susceperit,
1229 1477 1366 1516 eane
1408 1471 1708 1521 contentus,
1759 1466 1903 1529 erit;
1968 1479 2034 1517 an

456 1565 580 1624 post
608 1564 860 1610 octavum
916 1555 1187 1610 decimum
1244 1569 1444 1609 annum
1505 1557 1613 1610 alio
1669 1558 1755 1609 ab-
1791 1558 2039 1613 antistite

459 1650 779 1719 charactere
811 1663 949 1716 opus
981 1646 1235 1701 habebit?
1266 1647 1500 1701 Solutio.
1534 1649 1589 1702 Si
1624 1652 1806 1704 datum
1863 1652 2027 1705 fuerit

455 1757 579 1794 eum
616 1756 807 1795 rursus
845 1756 1064 1809 quoque
1098 1742 1468 1795 characterem
1504 1744 1754 1812 accipere
1781 1786 1796 1808 ,
1845 1755 2035 1813 utpote

457 1833 602 1901 quod
662 1833 870 1901 primus
910 1832 1199 1887 character
1244 1850 1348 1887 non
1401 1836 1572 1902 possit
1619 1838 1940 1896 consistere.
1986 1840 2033 1893 ei

456 1924 640 1978 licebit
663 1930 789 1977 ante
809 1925 1132 1989 secundum,
1162 1908 1438 1980 in'ylaicum
1462 1929 1866 1995 transformari,
1891 1934 2034 2001 quod

452 2026 536 2070 est
565 2017 888 2070 absurdum.
924 2015 990 2069 Et
1021 2018 1141 2070 ideo
1174 2017 1247 2079 ei,
1272 2018 1362 2082 qui
1400 2034 1427 2069 a
1468 2020 1701 2086 pueritia
1746 2021 2035 2077 characte-

416 2148 423 2155 .
455 2124 567 2161 rem
594 2109 831 2176 accepit,
860 2108 1113 2173 sufﬁciet,
1148 2120 1207 2163 ut
1238 2109 1372 2163 tnihi
1406 2109 1643 2175 videtur,
1680 2113 1883 2180 primus
1904 2121 2035 2170 cha—

455 2208 639 2254 racter
678 2200 746 2254 ab
773 2201 1018 2253 antistite
1050 2209 1362 2269 susceptus,
1396 2209 1450 2254 et
1484 2212 1772 2271 reputatus
1806 2206 2034 2274 perinde

455 2307 519 2345 ac
547 2293 594 2346 si
629 2301 751 2361 post
781 2303 1034 2347 octavum
1072 2293 1342 2347 decimum
1395 2308 1597 2349 annum
1640 2298 1707 2350 ab
1748 2313 1814 2350 eo
1862 2297 2036 2355 factus

452 2393 601 2438 esset
640 2400 654 2437 :
693 2396 745 2445 et
773 2401 839 2440 eu
879 2386 1051 2455 magis
1078 2426 1094 2448 ,
1129 2386 1277 2454 quod
1328 2400 1440 2439 nou
1491 2386 1767 2445 invenitur
1817 2405 1991 2445 canon
2020 2434 2032 2456 ,

2157 547 2366 616 ἁνίεροι
2405 547 2632 615 μοναχο“ι
2656 543 2749 600 καὶ
2784 546 3188 618 καθηγούμενοι
3210 549 3454 603 τοιοῦτόν
3481 568 3534 603 τι
3572 554 3732 624 ὲνερ-

2143 641 2397 709 γήσουσι,
2446 640 2533 693 διὰ
2560 641 2620 691 τὸ
2652 640 2786 709 μηδὲ
2818 641 3121 707 πεφυκέναι
3152 640 3401 693 τοιούτου
3429 643 3573 705 τινὸς
3601 645 3732 697 ἐπι-

2142 733 2350 802 τροπὴν
2385 733 2572 786 λαϐεῖν
2622 734 2821 796 αὐτοὺς
2866 735 2930 786 ἐκ
2976 734 3072 787 τοῦ
3128 734 3455 787 ἐπισκόπου.
3506 736 3570 787 Τί
3621 736 3731 802 δέ;

2140 826 2240 894 τῆς
2279 827 2718 877 Ἰουστινιανείου
2772 825 3018 896 Νεαρᾶς,
3067 826 3142 889 ὡς
3177 827 3433 889 πολλάκις
3472 828 3733 898 εἴπομεν.

2141 918 2427 986 λεγούσης,
2481 921 2555 987 μὴ
2608 917 2855 985 γίνεσθαί
2915 935 3037 970 τινα
3098 919 3477 987 ἀναγνώστην,
3538 926 3587 974 εἰ
3650 924 3733 994 μὴ

2141 1010 2656 1081 ὀκτωκαιδεκαετής
2693 1013 2865 1076 ἐστιν,
2900 1012 2996 1064 ἐάν
3025 1029 3108 1073 τις
3146 1014 3339 1082 νήπιος
3379 1012 3455 1065 ὢν
3501 1014 3735 1085 δέξηται

2142 1105 2488 1176 χειροθεσίαν
2542 1104 2895 1173 ἀναγνώστου
2938 1104 3045 1158 ἀπὸ
3084 1108 3408 1175 ἀρχιερέως,
3446 1108 3735 1177 ἀρκεσθή-

2143 1216 2297 1252 σεται
2352 1198 2547 1270 ταύτῃ,
2603 1200 2634 1269 ἢ
2687 1198 2828 1269 μετά
2879 1199 2970 1251 τὸν
3002 1200 3476 1252 ὀκτωκαιδέκατον
3531 1201 3735 1270 χρῦνον

2140 1295 2336 1364 ἐτέρας
2403 1295 2699 1364 σφραγῖδος
2755 1293 3153 1364 ἀρχιερατικῆς
3210 1292 3481 1364 δεηθείη;
3531 1294 3735 1358 Λύαις.

2141 1388 2203 1439 Εἰ
2261 1386 2389 1455 δοθῇ
2440 1384 2839 1453 σφραγίζεσθαι
2878 1384 2972 1435 καὶ
3024 1380 3182 1445 αὖθις
3229 1382 3444 1449 τοῦτον,
3505 1384 3581 1446 ὡς
3621 1386 3737 1453 τῆς

2140 1481 2364 1551 πρώτης
2420 1478 2717 1548 σφραγῖδος
2770 1476 2941 1546 οὔσης
3008 1477 3385 1531 ἀνυποστάτου
3416 1517 3430 1540 ,
3479 1477 3589 1543 ἕξει
3637 1479 3737 1531 ἐπ’

2138 1575 2321 1636 ἀδείας
2358 1574 2461 1643 πρὸ
2504 1574 2603 1640 τῆς
2635 1571 2893 1639 δευτέρας
2938 1571 3542 1640 μετασχηματίζεσθαι,
3585 1571 3734 1641 ὅπερ

2140 1670 2365 1722 ἄτοπον.
2392 1668 2485 1718 Διὸ
2519 1668 2613 1718 καὶ
2654 1665 2884 1734 ἀρκέσει
2909 1664 2986 1732 τῷ
3021 1663 3279 1731 νηπιόθεν
3306 1663 3734 1734 σφραγισθέντι,

2139 1765 2214 1822 ὡς
2245 1762 2369 1830 ἐμοὶ
2399 1761 2566 1824 δοκεῖ,
2595 1762 2627 1829 ἡ
2657 1756 2845 1828 πρώτη
2878 1758 3117 1827 σφραγὶς
3148 1756 3255 1808 ὑπὸ
3290 1757 3381 1809 τοῦ
3418 1757 3735 1827 ἀρχιερέως

2143 1846 2431 1924 δεχομένη,
2459 1853 2552 1904 καὶ
2576 1851 2904 1919 λογιζομένη
2935 1848 3125 1919 ὥσπερ
3169 1851 3216 1900 εἰ
3258 1849 3398 1919 μετὰ
3427 1849 3519 1901 τὸν
3549 1849 3733 1902 ὀκτω-

2143 1950 2467 2001 καιδέκατον
2488 1945 2682 2015 χρόνον
2717 1944 2909 2010 γέγονε
2936 1942 3069 2012 παρ’
3105 1942 3270 1994 αὐτοῦ
3302 1954 3316 1968 ⁸
3360 1943 3453 1993 καὶ
3495 1941 3729 2009 μᾶλλον,

2140 2043 2266 2095 ἐπεὶ
2290 2041 2409 2094 οὐδὲ
2435 2037 2615 2091 κανὼν
2648 2036 2965 2105 εὑρίσκεται
2986 2035 3162 2101 λέγων
3187 2034 3725 2104 προκριματίζεσθαι

2139 2135 2229 2186 τὸν
2259 2131 2363 2202 πρὸ
2392 2118 2487 2182 τοῦ
2546 2126 2790 2179 τοιούτου
2844 2125 3039 2195 χρόνου
3096 2123 3335 2177 λαϐόντα
3368 2125 3727 2209 χειροθεσίαν

2139 2222 2512 2291 ἀναγνώστου.
2548 2219 2685 2289 Περὶ
2724 2218 2907 2286 μέντοι
2952 2215 3062 2267 τῶν
3106 2217 3420 2285 προνομίων
3453 2217 3546 2268 τοῦ
3574 2234 3725 2287 χωρ-

2139 2317 2444 2371 επισκόπου
2475 2310 2751 2380 ἀνάγνωθι
2781 2310 2872 2362 τὸν
2904 2306 2935 2361 ι’
2959 2308 3161 2361 κανόνα
3186 2308 3285 2379 τῆς
3316 2310 3374 2361 ἐν
3416 2309 3721 2381 Ἀντιοχείᾳ

2140 2410 2379 2464 συνόδου.

452 2500 545 2569 qui
577 2501 723 2553 dicat
753 2516 877 2555 eum
912 2500 1097 2569 aliquo
1131 2500 1451 2569 praajudicw
1479 2500 1640 2567 aﬂ‘ici,
1675 2504 1767 2572 qui
1811 2516 1936 2562 ante
1962 2509 2013 2564 id
2057 2520 2269 2577 tempus
2295 2499 2512 2557 lectoris
2530 2498 2776 2553 ordinem
2832 2496 3153 2564 susceperit.
3211 2495 3284 2549 De
3340 2497 3716 2567 chorepiscOpi

451 2603 632 2648 autem
688 2592 983 2661 privilegiis
1038 2591 1151 2661 lege
1202 2606 1462 2647 canouem
1516 2594 1582 2647 10
1619 2596 1873 2651 Antioch.
1933 2604 2148 2671 synodi.

524 2683 777 2739 ZONAR.
840 2684 1070 2750 Quidam
1142 2685 1289 2738 nulla
1343 2701 1611 2740 manuum
1677 2690 2028 2758 impositioue

452 2781 619 2833 creati
649 2780 899 2837 lectores.
935 2778 1037 2832 hoc
1067 2787 1150 2832 est
1190 2779 1335 2831 nulla
1370 2789 1523 2832 certa
1555 2781 1933 2849 designatione
1961 2785 2031 2840 ad

455 2871 506 2923 id
543 2885 742 2924 munus
772 2870 950 2933 electi,
987 2871 1039 2923 in
1075 2870 1440 2924 conventibus
1472 2885 1501 2923 e
1545 2884 1799 2942 Suggestu
1848 2891 2034 2930 sacros

454 2962 622 3015 libros
656 2963 925 3032 legebant.
957 2964 1007 3016 ld
1044 2978 1175 3031 ergo
1214 2963 1298 3016 hic
1321 2977 1498 3015 canon
1530 2963 1645 3017 ﬁeri
1690 2974 1856 3031 vetat,
1894 2984 2029 3036 quo-

456 3055 601 3107 niam
641 3055 695 3107 in
734 3053 908 3119 omni,
949 3054 1147 3123 inquit,
1187 3046 1494 3125 sacerdotio
1521 3056 1731 3111 ordinis
1761 3059 2028 3113 rationem

455 3146 757 3199 habendam
784 3144 945 3208 'csse,
981 3145 1140 3215 plane
1166 3145 1399 3208 clarum,
1436 3148 1537 3200 hoc
1581 3157 1690 3212 est,
1722 3148 1878 3203 valde
1916 3166 2032 3203 ma-

457 3237 716 3293 infestum
752 3246 808 3292 et
853 3247 1099 3306 apertum
1151 3247 1257 3291 est.
1290 3239 1390 3302 Qui
1443 3254 1573 3292 vero
1624 3256 1723 3293 nec
1772 3256 2032 3295 manuum

458 3331 802 3398 impositioue
835 3330 1175 3398 designatus,
1208 3345 1305 3383 nec
1344 3330 1398 3383 in
1435 3331 1698 3385 lectorum
1737 3334 1919 3387 album
1950 3351 2035 3388 re-

398 3409 405 3420 ’
456 3421 599 3475 latus
630 3422 738 3485 sit;
783 3422 959 3491 qualis
1018 3422 1231 3475 illorum
1282 3432 1364 3476 est
1419 3423 1578 3486 ratio,
1618 3424 1779 3493 quia
1829 3428 2033 3481 teneris

458 3514 570 3566 Deo
605 3514 875 3583 sepositi,
908 3513 1041 3566 nihil
1071 3514 1217 3566 aliud
1253 3529 1415 3582 quam
1452 3530 1712 3569 coronam
1756 3518 1809 3572 in
1845 3521 2024 3589 capite

455 3613 704 3674 gestant;
736 3605 806 3658 ab
848 3621 913 3659 co
956 3606 1193 3657 divinam
1253 3604 1595 3674 Seripturam
1655 3610 1721 3661 de
1776 3624 2033 3681 suggestu

460 3698 659 3766 populo
706 3696 1071 3767 pronuntiari,
1126 3698 1374 3766 qiuedam
1425 3686 1635 3753 ordinis
1693 3706 2033 3769 perturbatio

461 3798 562 3843 t-sl.
600 3790 655 3843 ld
694 3791 860 3857 igitur
890 3804 955 3842 ne
985 3788 1076 3842 ﬁat
1114 3789 1165 3841 in
1202 3799 1477 3857 posterum
1516 3790 1783 3857 decernit;
1817 3796 2035 3848 eadem-

458 3897 564 3949 qtle
603 3881 992 3936 constitutione
1046 3884 1345 3935 monachos
1374 3898 1592 3953 quoque
1628 3889 1798 3943 teneri
1834 3886 2030 3953 ,jubct.

461 3973 524 4026 Et
578 3988 706 4026 vero
754 3973 1033 4034 lectorem,
1103 3973 1300 4041 inquit,
1370 3990 1629 4028 manuum
1688 3976 2037 4044 impositioue

458 4080 665 4130 creare,
702 4067 755 4119 in
802 4081 901 4120 suo
948 4065 1211 4119 duntaxat
1267 4068 1621 4130 monasterio,
1672 4069 1716 4122 si
1758 4070 1917 4125 modo
1969 4074 2036 4126 ab

458 4158 715 4227 episcopo
740 4158 1069 4226 praefectura:
1091 4158 1462 4213 characterem
1494 4161 1724 4229 accepit,
1753 4171 1807 4214 et
1838 4177 2023 4217 sacer-

465 4249 619 4303 dotio
682 4249 926 4304 initiatus
973 4247 1161 4314 fuerit,
1207 4249 1324 4319 ipse
1374 4253 1693 4307 monasterii
1750 4254 2036 4323 praefectus

462 4350 657 4410 potest.
685 4340 1073 4409 Chorep'rscopi
1107 4355 1327 4409 quoque
1345 4342 1487 4409 ejus,
1513 4344 1602 4396 cui
1640 4344 2035 4413 subjiciuntur,

2212 2689 2457 2745 ΖΩΝΑΡ.
2485 2685 2661 2744 Τινὲς.
2695 2683 2769 2753 μὴ
2792 2682 3039 2753 τυχόντες
3074 2681 3412 2751 χειροθεσίας
3440 2681 3556 2751 ἤτοι
3585 2686 3725 2748 πρέ-

2140 2784 2427 2859 χειρίσεως
2452 2777 2799 2845 ἀναγνώστου
2828 2779 2884 2826 ἐν
2909 2777 3029 2835 ταῖς
3054 2774 3359 2838 συνάξεσιν,
3392 2774 3633 2833 ἀνιόντες
3659 2775 3722 2825 ἐν

2138 2878 2350 2947 ἄμϐωνι
2374 2872 2815 2940 ὑπανεηγίνωσκον
2847 2870 2946 2928 τὰς
2979 2866 3191 2935 βίϐλους
3210 2867 3307 2927 τὰς
3342 2866 3510 2934 ἱεράς.
3547 2866 3722 2918 Τοῦτο

2140 2966 2236 3024 οὖν
2267 2968 2467 3021 κωλύει
2494 2964 2739 3033 γίνεσθαι
2778 2966 2803 3015 ό
2828 2959 3022 3031 παρὼν
3048 2959 3251 3021 κανὼν,
3286 2959 3459 3024 λέγων
3488 2961 3567 3011 ὅτι
3600 2960 3725 3027 ἀρί-

2141 3063 2299 3134 δηλόν
2318 3064 2486 3125 ἐστιν,
2513 3059 2634 3111 ἀντὶ
2658 3056 2751 3110 τοῦ
2785 3057 2924 3108 πάνυ
2952 3054 3187 3125 φανερὸν
3210 3056 3301 3105 καὶ
3328 3054 3613 3122 πρόδηλον.
3635 3053 3722 3105 ὅτι

2138 3156 2294 3221 τάξις
2353 3155 2410 3205 ἐν
2460 3153 2731 3221 ἱερωσύνῃ
2791 3150 2943 3220 πάσῃ
3000 3146 3361 3202 πολιτεύεται.
3424 3145 3494 3198 Τὸ
3539 3146 3595 3198 δὲ
3628 3146 3723 3197 τὶν

2143 3249 2216 3319 μὴ
2267 3248 2502 3317 τυχόντα
2561 3244 2925 3314 χειροθεσίας,
2992 3241 3130 3311 μηδὲ
3176 3244 3289 3303 τοῖς
3342 3240 3725 3307 ἀναγνώσταις

2137 3340 2593 3406 συντεταγμένον,
2632 3331 2733 3388 οἷοί
2785 3338 2926 3386 εἰσιν
2953 3334 3089 3397 ὅσοι,
3152 3334 3411 3402 νηπιόθεν
3467 3334 3545 3402 τῷ
3598 3331 3726 3399 Θεῷ

2134 3434 2271 3502 τάχα
2286 3416 2695 3500 ἀφορισθέντες,
2720 3427 2923 3497 κουρὰν
2949 3428 3108 3498 μόνον
3134 3426 3291 3495 ἔσχον
3312 3428 3401 3478 ἐπὶ
3424 3429 3521 3494 τῆς
3552 3445 3727 3498 κορυ-

2136 3525 2240 3592 φῆς
2276 3522 2372 3576 καὶ
2408 3522 2573 3572 πλέον
2607 3520 2779 3583 οὐδὲν,
2808 3522 2894 3570 ἐπ’
2923 3519 3177 3590 ἄμϐωνος
3212 3522 3613 3588 ἀναγινώσκειν
3642 3522 3725 3591 τῷ

2137 3617 2250 3685 λαῷ
2271 3618 2339 3667 τα
2375 3614 2470 3682 τῆς
2506 3613 2865 3665 θεοπνεύστου
2900 3614 3122 3682 Γραφῆς
3155 3613 3387 3677 ἀταξίας
3414 3612 3553 3666 ἐστι.
3596 3616 3728 3665 Κω-

2220 3725 2253 3758 ;ι
2285 3707 2377 3758 οὖν
2420 3706 2615 3758 μηκέτι
2656 3706 2815 3757 τοῦτο
2841 3704 3090 3758 γίνεσθαι
3122 3722 3135 3734 ο
3170 3707 3231 3756 τὸ
3262 3706 3393 3758 αὐτὸ
3419 3705 3476 3758 δὲ
3504 3707 3595 3757 καὶ
3625 3709 3725 3758 ἐπὶ

2140 3797 2409 3866 μοναχῶν.
2453 3796 2828 3864 Ἀναγνώστου
2864 3798 2918 3848 δὲ
2964 3797 3329 3867 χειροθεσίαν,
3362 3799 3517 3863 φησὶ,
3552 3798 3723 3849 δύνα-

2135 3709 2253 3769 λύει
2285 3707 2377 3759 οὖν
2419 3706 2615 3776 μηκέτι
2656 3706 2815 3757 τοῦτο
2841 3704 3090 3772 γίνεσθαι
3122 3722 3135 3734 ο

2135 3909 2223 3943 ται
2256 3892 2350 3942 καὶ
2385 3890 2693 3960 ἡγούμενος
2728 3893 2904 3942 ποιεῖν
2939 3891 2995 3941 ἐν
3030 3890 3177 3958 μόνῳ
3210 3891 3288 3958 τῷ
3319 3890 3506 3959 οἰκείῳ
3547 3908 3721 3958 μονα-

2138 3983 2364 4052 στηρίῳ,
2399 3985 2448 4034 εἰ
2478 3982 2749 4052 σφραγῖδα
2779 3983 2891 4050 ἔχει
2919 3982 3222 4050 ἀρχιερέως
3250 3983 3344 4050 καὶ
3372 3982 3549 4049 ἱερεύς
3578 3985 3719 4034 ἐστι.

2136 4076 2247 4127 Καὶ
2279 4076 2329 4125 οἱ
2352 4066 2844 4143 χωρεπίσκοποι¹δὲ
2879 4071 2997 4141 μετ’
3032 4052 3335 4141 ἐπίτροπῆς
3368 4071 3460 4123 τοῦ
3487 4072 3720 4123 ἐπισκό-

2140 4184 2265 4230 που,
2303 4165 2395 4233 ὑφ’
2438 4166 2495 4217 ὂν
2532 4164 2769 4229 τελοῦσι,
2808 4164 3064 4216 δύνανται
3096 4162 3450 4231 ἀναγνώστας
3473 4164 3721 4232 χειροθε-

2138 4259 2270 4310 τεῖν.
2302 4255 2460 4309 Κατὰ
2484 4255 2541 4308 δὲ
2573 4255 2663 4307 τόν
2694 4255 2918 4309 δέκατον
2959 4258 3161 4307 κανόνα
3196 4255 3292 4325 τῆς
3320 4257 3378 4307 ἐν
3416 4256 3719 4325 Ἀντιοχείᾳ

2141 4350 2358 4401 συνόδου
2396 4351 2445 4400 οἱ
2480 4348 2893 4417 χωρεπίσκοποι
2926 4349 3021 4400 καὶ
3050 4347 3435 4409 ὑποδιακόνους
3475 4348 3691 4416 χειροθε

388 4496 389 4501 η
461 4432 704 4500 episcopi
753 4432 1113 4500 permissione
1144 4431 1376 4484 lectores
1403 4471 1418 4492 ,
1457 4431 1588 4499 quin
1620 4436 1786 4488 etiam
1835 4450 1901 4489 ex
1936 4437 2033 4491 de-

2140 4441 2289 4493 τοῦσι
2317 4441 2413 4493 καὶ
2438 4442 2765 4511 ὲφορκιστάς
2797 4442 2934 4512 (55).

464 4534 615 4577 creto
644 4522 869 4576 canonis
899 4520 1092 4575 decimi
1124 4519 1316 4589 synodi
1351 4522 1699 4576 Antioche-nte
1732 4564 1746 4587 ,
1768 4525 2035 4595 hypodia-

469 4634 637 4674 conos
669 4633 890 4689 quoque
918 4627 975 4672 et
1006 4614 1313 4671 exorcistas
1340 4617 1557 4669 creandi
1586 4617 1676 4686 jus
1708 4620 1929 4676 habent.

466 4711 695 4767 ARIST.
771 4729 788 4762 ι
838 4708 974 4764 Sine
1022 4720 1288 4761 manuum
1372 4707 1608 4775 episcopi
1694 4710 2038 4779 impositioue

545 4826 560 4855 ι
604 4817 761 4858 nemo
815 4784 1185 4875 dc‘suggesm
1248 4797 1404 4865 leget.
1446 4795 1558 4853 Hoc
1588 4811 1639 4853 et
1668 4805 1717 4853 in
1754 4805 2035 4860 inonachis

538 4921 555 4947 ι
598 4892 995 4950 observabitur.
1047 4886 1355 4942 Monasterii
1403 4905 1532 4943 vero
1592 4892 1898 4960 praefectus,
1948 4898 2034 4950 cui

537 5011 553 5037 ι
594 4980 885 5057 episcopus
915 4996 1108 5034 manus
1151 4980 1424 5049 imposuit,
1475 4982 1526 5035 in
1558 4998 1655 5037 suo
1702 4987 1818 5040 solo
1848 5002 2038 5041 mona-

535 5076 559 5133 ι’
595 5079 761 5133 ειεῆο
784 5077 1039 5130 lectorem
1065 5074 1358 5128 ordittabit.
1403 5073 1838 5147 Cltorepisc0pus
1870 5082 2032 5134 etiam

547 5194 565 5224 ‹
610 5184 862 5228 zectorem
895 5170 1120 5224 creabit.
1162 5191 1179 5221 ι

538 5291 688 5346 Licet
715 5300 995 5345 tonsuram
1030 5292 1223 5345 habeat
1246 5293 1513 5363 quispiam
1540 5272 1952 5357 sacerdotalem,
1987 5293 2031 5345 si

469 5382 760 5444 non‘ct,ab
784 5384 1039 5452 episcopo
1076 5376 1329 5438 manuum
1369 5384 1770 5454 impositionetn
1808 5385 2034 5450 recepit,

2154 4706 2371 4760 ΑΡΙΣΤ.
2409 4723 2427 4756 ι
2481 4706 2666 4768 Ἑιιτὸς
2720 4704 3060 4774 χειροθεσῑας
3094 4705 3397 4757 ἐπισκόπου
3427 4706 3528 4756 οὐκ
3582 4703 3720 4755 ἀνα-

2208 4819 2235 4875 μ
2284 4798 2552 4868 γνώσεταί
2578 4816 2659 4858 τις
2687 4799 2774 4849 ἐπ’
2803 4796 3054 4866 ἄμϐωνος
3079 4812 3105 4851 ’χ
3126 4798 3394 4867 κρατήσει
3429 4796 3588 4848 τοῦτο
3618 4803 3721 4849 καὶ

2220 4911 2237 4943 ι
2288 4896 2379 4944 ἐπὶ
2412 4892 2687 4962 μοναχῶν.
2723 4890 3056 4960 Ἡγούμενος
3087 4890 3165 4954 δὲ,
3195 4888 3537 4959 χειροθεσίαν
3575 4888 3719 4957 ἔχων

2223 5004 2239 5034 σ
2290 4984 2589 5036 ἐπισκόπου
2620 4984 2677 5034 ἐν
2711 4984 2857 5054 μόνῳ
2887 4982 2965 5051 τῷ
3000 4984 3114 5053 ἰδίῳ
3151 4981 3503 5051 μοναστηρίῳ
3532 4997 3720 5048 χειρο-

2222 5097 2239 5128 ‹
2288 5078 2503 5147 θετήσει
2528 5078 2903 5147 ἀναγνώστην.
2929 5074 3340 5147 Προχειρίζεται
3359 5075 3718 5142 ἀναγνώστην

2218 5190 2237 5221 ι
2286 5175 2377 5222 καὶ
2405 5173 2836 5239 χωρεπίσκοπος.
2880 5190 2919 5243 ιν

2212 5262 2330 5315 Κᾶν
2374 5263 2576 5333 κουράν
2623 5280 2707 5325 τις
2742 5262 3017 5331 ἱερατικὴν
3059 5260 3176 5331 ἔχῃ,
3226 5262 3273 5311 εἰ
3334 5260 3408 5327 μὴ
3453 5258 3546 5311 κα)⁸
3578 5254 3711 5325 παρ’

2144 5358 2450 5408 ἐπισκόπου
2475 5356 2813 5426 χειροθεσίαν
2842 5354 3077 5418 δέξεται,
3112 5356 3212 5406 οὐκ
3251 5354 3624 5421 ἀναγνώσεται
3654 5351 3713 5401 ἐν

1677 5479 1872 5539 Guill.
1904 5478 2233 5557 Beveregii
2281 5482 2470 5537 notae.

542 5581 654 5652 (35)
690 5579 1102 5652 Χειροθετσῦσι
1137 5580 1240 5652 καὶ
1269 5580 1653 5652 ἐφορκιᾳτὰς.
1725 5579 1780 5632 In
1808 5578 2036 5652 Supple—

475 5649 660 5706 mento
690 5650 756 5703 ad
780 5649 1100 5704 Parisieusis
1156 5649 1383 5704 Zonarae
1434 5650 1753 5709 editionem.
1801 5666 1865 5703 ex
1927 5651 2034 5701 alio

478 5724 661 5777 nescio
695 5736 804 5790 quo
827 5722 1035 5779 codice.
1067 5731 1187 5790 post
1217 5724 1331 5774 haec
1377 5722 1565 5773 ultima
1606 5721 1725 5785 ejus
1783 5722 1834 5771 iu
1888 5720 2033 5772 hunc

478 5789 741 5846 eanouem
770 5794 953 5861 verba,
979 5789 1203 5861 dicitur,
1236 5792 1332 5842 καὶ
1353 5789 1632 5861 εἰρηνικὰς
1650 5790 1886 5842 διδόασιν
1920 5793 2034 5861 επι-

476 5861 669 5927 nolit;
709 5862 847 5916 κατά
899 5860 989 5915 τὸν
1060 5859 1299 5915 κανόναο
1347 5860 1498 5932 ζήτει
1559 5862 1655 5931 τῆς
1699 5866 1753 5923 ς’
1812 5859 2030 5913 συνόδου

2144 5579 2342 5631 κανόνα
2374 5583 2441 5645 ιγ’
2470 5575 2711 5645 περὶτοῦ
2760 5577 2871 5630 ἄνω
2896 5574 3213 5640 κεφαλαξου,
3261 5584 3307 5625 et
3357 5572 3555 5645 litteras
3582 5587 3715 5637 quo-

2143 5666 2239 5717 que
2267 5648 2516 5717 paciﬁca;
2535 5644 2693 5716 juxta
2726 5661 2976 5698 canonem
3010 5646 3319 5698 concedunt.
3357 5644 3546 5717 Qunam
3583 5659 3711 5717 synf

2144 5712 2229 5770 odi
2267 5712 2428 5770 sexto:
2463 5712 2713 5769 cauonem
2766 5717 2851 5779 15,
2898 5722 2962 5768 de
2995 5717 3163 5781 capite
3214 5728 3373 5780 supra
3411 5714 3568 5764 uicto.
3602 5712 3708 5766 Sed

2143 5791 2254 5843 haec
2282 5794 2333 5840 in
2367 5789 2553 5843 codice
2591 5787 3030 5843 Amerbachiano
3066 5802 3170 5840 non
3208 5785 3482 5854 leguntur.
