4056 6414
311 340 413 404 965

1269 336 1376 396 -ΙΝ
1413 334 1578 396 CAN.
1610 335 1710 394 XV
1747 327 1958 398 CONC.
2003 337 2115 399 VII
2147 337 2500 400 (ECUMEN.

3450 345 3556 408 966

317 464 373 528 τῇ
399 455 615 524 συνάξει
648 455 736 508 ἐπ’
763 453 1016 525 ἄμϐωνος
1048 452 1146 514 τὰς
1178 451 1330 521 ἱερὰς
1360 451 1452 502 τοῦ
1485 447 1620 501 Θεοῦ
1649 448 1885 518 βίϐλους.

1998 456 2042 506 in
2078 463 2350 510 conventu
2383 471 2570 512 sacros
2603 456 2698 512 Dei
2725 457 2895 514 libros
2918 474 2947 514 c
2970 468 3222 530 suggestu
3256 475 3364 517 non
3387 461 3549 533 leget.

320 550 598 612 Ὡσαύτως
650 548 772 601 οὐδὲ
834 545 1068 618 μοναχὺς
1121 543 1587 612 τοῦτομποιήσει.
1643 541 1769 603 Τοῖς
1826 541 1882 593 (Σὲ

313 643 646 712 ἡγουμένοις,
681 639 1069 707 πρεσϐυτέροις
1095 634 1234 700 οὖσι,
1269 635 1363 687 καὶ
1392 634 1540 704 παρὰ
1583 633 1883 685 ἐπισκόπου

309 734 399 788 διὰ
430 733 768 806 χειροθεσίας
826 729 995 784 αὐτοῦ
1050 730 1151 800 τὴν
1207 728 1546 799 προστασίαν
1576 727 1678 795 τῆς
1718 726 1884 795 μονῆς

310 827 751 896 ἁναδεξαμένοις,
805 823 958 878 ἄδεια
1005 823 1207 875 δίδοται
1262 821 1593 892 χειροθετεῖν
1639 817 1886 885 ἀναγνώ-

313 936 447 989 στην
493 921 548 971 ὲν
604 917 748 987 μόνῳ
797 903 878 986 τῷ
915 915 1028 984 ίδίῳ
1055 912 1419 983 μοναστηρίῳ.
1475 898 1786 980 Ἀ).λὰι’καὶ
1834 908 1884 959 οἱ

311 999 724 1076 χωρεπίσκοποι
754 1003 1110 1070 ἀναγνώστας
1156 1001 1633 1072 χειροτοτήσουσιν
1668 1016 1682 1030 ο
1722 999 1794 1059 ὡς
1827 997 1884 1049 δὲ

309 1099 339 1149 ό
368 1098 592 1158 δέκατος
619 1096 801 1148 κανὼν
833 1095 931 1165 τῆς
958 1096 1016 1148 ἐν
1070 1093 1374 1162 Ἀντιοχείᾳ
1399 1091 1621 1143 συνόδου
1652 1090 1883 1158 διαλαμ-

309 1191 486 1254 ϐάνει,
511 1190 608 1241 καὶ
632 1188 1021 1246 ὑποδιακόνους
1054 1186 1154 1240 καὶ
1189 1185 1516 1255 ὲφορκιστὰς
1572 1178 1717 1235 οὗτοι
1746 1182 1887 1235 καθ-

316 1277 538 1338 ωτῶσιν
571 1295 587 1312 ·
617 1283 666 1333 εἰ
715 1283 808 1333 καὶ
869 1282 896 1332 ό
952 1279 1122 1350 μέγας
1163 1278 1440 1338 Βασίλειος
1502 1277 1563 1328 οὐ
1616 1276 1889 1345 συγχωρεί

309 1376 493 1437 αὐτοῖς
543 1373 672 1428 ἄνευ
698 1371 925 1442 γνώμης
959 1370 1124 1424 αὑτοῦ
1163 1372 1244 1434 εἰς
1275 1369 1736 1440 ἐκκλησιαστικὴν
1786 1367 1888 1418 ὑπο

312 1469 548 1538 ηρεσίαν
580 1467 702 1518 τινὰ
731 1464 1163 1534 παραδέχεσθαι,
1196 1462 1283 1514 διὰ
1311 1463 1371 1514 τὸ
1395 1457 1886 1530 καταφρονητικῶς

310 1562 508 1624 αὐτοὺς
530 1561 624 1614 καὶ
655 1560 918 1631 ῥᾳθύμως
943 1559 1070 1628 περὶ
1098 1557 1196 1630 τὴν
1217 1556 1475 1626 ἐπιλογὴν
1502 1554 1610 1607 τῶν
1629 1551 1886 1606 τοιούτων

307 1655 662 1710 διατίθεσθαι.
899 1662 904 1665 ’

274 1745 278 1752 ’
915 1747 1152 1801 ΚΑΝΩΝ
1184 1745 1286 1801 IE'.

314 1865 335 1896 ε
386 1844 662 1914 Κληρικδς
698 1843 804 1896 ἀπὸ
840 1842 934 1894 τοῦ
973 1841 1240 1912 παρόντος
1271 1839 1344 1910 μὴ
1377 1839 1799 1892 καταταττέσθω
1827 1841 1884 1892 ὲν

384 1954 402 1984 ι
449 1935 602 1986 δυσὶν
656 1931 972 2003 ἐκκλησίαις
1007 1945 1022 1960 ·
1070 1932 1348 2004 ἐμπορίας
1402 1930 1511 1997 γὰρ
1543 1929 1635 1981 καὶ
1665 1930 1886 1999 αἰσχρο-

384 2045 404 2077 ι
453 2025 706 2092 κερδείας
753 2025 884 2077 ῐδιον
925 2022 1105 2082 τοῦτο,
1151 2021 1244 2074 καὶ
1276 2021 1557 2091 ἀλλότριον
1587 2021 1884 2090 ἐκκλησια-

385 2138 403 2170 ι
453 2119 650 2182 στικῆς
706 2115 1020 2186 συνηθείας.
1083 2113 1430 2183 Ἦκούσαμεν
1461 2113 1569 2182 γὰρ
1600 2112 1660 2176 ἐξ
1714 2113 1885 2179 αὐτῆς

386 2231 405 2264 ι
453 2210 743 2282 Κυριακῆς
801 2208 990 2278 φωνῆς
1045 2208 1129 2260 δτι
1180 2227 1198 2258 ι
1235 2207 1310 2260 Οὐ
1366 2206 1586 2258 δύναταί
1631 2205 1886 2268 τιςδυσὶ

388 2323 407 2356 ι
454 2303 667 2374 κυρίοις
695 2300 970 2354 δουλεύειν
1003 2313 1018 2328 ⁶
1049 2300 1083 2370 ἦ
1118 2300 1226 2367 γὰρ
1254 2298 1345 2350 τὸν
1373 2298 1469 2351 ἕνα
1507 2297 1748 2369 μισήσει,
1789 2297 1885 2348 καὶ

341 2405 359 2442 1
391 2417 411 2450 t
458 2398 551 2451 τὸν
577 2395 767 2466 ἓτερον
793 2393 1094 2464 ἀγαπήσει,
1120 2391 1153 2460 ἦ
1187 2391 1282 2444 τοῦ
1311 2390 1428 2452 ἐνὸς
1458 2387 1764 2454 ἀνθέξεται,
1791 2390 1886 2440 καὶ

391 2509 410 2541 ι
455 2489 550 2544 τοῦ
625 2488 815 2558 ἑτέρου
885 2486 1310 2556 καταφρονήσει.
1349 2501 1367 2534 ι
1433 2482 1705 2544 Ἕκαστος
1769 2478 1884 2540 οὖν,

386 2606 405 2638 t
452 2585 590 2639 κατὰ
623 2582 721 2653 τὴν
743 2559 1116 2649 ⁸ἀιποστολικὴν
1159 2575 1364 2647 φωνὴν,
1398 2577 1454 2628 ὲν
1568 2558 1793 2644 ἐκλήθη,
1829 2574 1886 2624 ἐν

384 2698 404 2730 ι
447 2679 620 2747 τούτῳ
650 2675 857 2744 ὀφείλει
895 2674 1106 2742 μένειν,
1133 2670 1229 2722 καὶ
1277 2667 1661 2739 προσεδρεύειν
1695 2669 1753 2718 ἐν
1789 2665 1887 2735 μιᾷ

391 2790 410 2824 t
456 2769 742 2840 ἐκκλησίᾳ.
774 2767 857 2819 Τὰ
887 2767 996 2834 γὰρ
1049 2763 1116 2815 δι’
1139 2761 1592 2833 αἰσχροκέρδειαν
1622 2759 1887 2828 γινόμενα

383 2884 402 2916 ‹
445 2865 536 2916 ἐπὶ
577 2856 1192 2932 τῶνὶὲκκλησιαστικών
1240 2854 1584 2924 πραγμάτων
1632 2851 1889 2921 ἀλλότρια

386 2970 407 3003 ί
451 2949 546 3003 τοῦ
601 2946 736 3000 Θεοῦ
800 2946 1197 3014 καθεστήκασι.
1267 2945 1415 3013 Πρὸς
1469 2942 1570 3011 τὴν
1615 2941 1710 2993 τοῦ
1756 2940 1885 3010 βίου

383 3061 402 3091 ι
447 3040 640 3092 τούτου
684 3037 876 3107 χρείαν
908 3033 1326 3103 ἐπιτηδεύματά
1369 3034 1476 3084 εἰσι
1504 3031 1737 3100 διάφορα
1765 3045 1780 3058 ⁸
1829 3029 1887 3093 ἐξ

1925 1811 1964 1863 Β

383 3153 400 3184 ι
450 3132 634 3185 αὐτῶν
679 3127 793 3193 οὖν,
843 3129 896 3180 εἴ
946 3145 1028 3189 τις
1076 3125 1338 3196 βούλοιτο,
1381 3125 1450 3178 τὰ
1502 3113 1759 3195 χρειώδη⁹
1788 3121 1955 3204 τοῦ“ο

390 3247 407 3277 ι
455 3223 708 3294 σώματος
736 3220 1064 3290 ποριζέσθω.
1099 3219 1243 3287 Ἔφη
1295 3217 1403 3286 γὰρ
1438 3217 1465 3268 ὀ
1521 3213 1842 3274 Ἀπόστολος
1868 3228 1883 3243 ο

252 3331 256 3338 ·
323 3341 328 3348 ·
385 3337 404 3369 ι
453 3318 587 3378 Ταῖς
619 3313 833 3385 χρείαις
896 3329 1019 3380 μου,
1067 3309 1160 3362 καὶ
1212 3311 1324 3370 τοῖς
1376 3304 1495 3360 οὖσι
1549 3306 1667 3377 μετ’
1729 3305 1886 3376 ἐμοῦ,

389 3429 407 3460 ‹
454 3409 810 3477 ὑπηρέτησαν
840 3405 893 3457 αἱ
927 3405 1108 3472 χεῖρες
1157 3395 1336 3454 αὗται.
1378 3419 1397 3451 ι
1445 3400 1556 3452 Καὶ
1584 3399 1756 3452 ταῦτα
1793 3398 1890 3468 μὲν
1930 3451 1932 3454 ,

391 3521 408 3553 ι
452 3499 511 3553 ὲν
541 3498 718 3568 ταύτῃ
750 3499 816 3566 τῇ
846 3496 1200 3563 θεοφυλὰκτῳ
1242 3493 1399 3545 πόλει
1435 3509 1445 3522 ’
1480 3495 1538 3545 ἐν
1567 3491 1622 3543 δὲ
1650 3493 1760 3554 τοῖς
1787 3491 1891 3555 ἔξω
1984 3513 1989 3520 ·

389 3613 420 3645 r-
455 3589 676 3662 χωρίοις
703 3589 794 3642 διὰ
823 3588 920 3656 τὴν
952 3577 1194 3655 ἔλλειψιν
1227 3585 1340 3638 τῶν
1369 3584 1673 3655 ἀνθρώπων
1707 3601 1890 3653 παρα-

389 3704 410 3736 (
455 3682 758 3754 χωρείσθω.
795 3699 813 3730 ›

384 3778 582 3831 ΒΑΛΣ.
621 3775 805 3843 Σαφής
829 3775 977 3825 ἐστιν
1019 3774 1046 3824 ὀ
1081 3771 1282 3824 κανών.
1314 3769 1618 3840 Διορίζεται
1675 3772 1783 3840 γὰρ
1816 3771 1890 3838 μὴ

308 3866 753 3924 κατατάττεσθαί
779 3879 901 3914 τινα
931 3861 1194 3930 κληρικὸν
1220 3862 1300 3922 εἰς
1334 3861 1428 3912 δύο
1454 3861 1779 3928 ἐκκλησίας,
1804 3857 1922 3911 διὰ¹

305 3967 373 4019 τὸ
401 3959 539 4016 εἶναι
562 3961 724 4014 τοῦτο
753 3953 1203 4025 αἰσχροκέρδειαν
1233 3954 1329 4005 καὶ
1369 3951 1662 4022 ἐμπορίαν.
1706 3951 1792 4012 Ὡς
1833 3948 1892 4002 δέ

308 4073 459 4117 τινος
491 4052 761 4112 εἰπόντος,
788 4048 898 4099 Καὶ
929 4043 1096 4096 πόθεν
1132 4042 1202 4094 τὰ
1228 4041 1364 4111 πρὸς
1387 4040 1700 4110 ζωάρκειαν
1740 4039 1894 4104 ἕξου-

313 4165 401 4200 σιν
415 4147 476 4198 οἱ
504 4141 758 4213 κληρικοὶ
788 4136 1094 4199 ἁνενδεῶς;
1147 4130 1300 4186 εἷπον
1329 4131 1379 4185 οἱ
1437 4134 1679 4202 ιΙατέρες
1725 4132 1894 4185 πολλὰ

309 4235 456 4291 εἶναι
482 4236 578 4289 καὶ
604 4235 840 4302 διὰςρορα
867 4228 1304 4297 ἐπιτηδεύματα,
1337 4225 1600 4294 ἐλεύθερα
1633 4224 1726 4276 καὶ
1752 4224 1891 4276 ἀκα-

307 4330 601 4396 τάγνωστα
621 4341 634 4352 ·
673 4326 767 4377 καὶ
796 4320 1209 4390 ποριζὼθωσαν
1242 4316 1310 4370 δι’
1340 4314 1520 4369 αὐτῶν
1543 4316 1612 4368 τὰ
1635 4314 1892 4386 χρειώδη.

315 4420 649 4490 [Ιαρήγαγον
677 4417 733 4468 δὲ
786 4413 880 4467 καὶ
930 4413 1155 4482 χρήσεις
1193 4411 1356 4480 χάριν
1399 4407 1592 4460 τούτου
1637 4407 1744 4460 ἀπὸ
1787 4403 1893 4460 τῶν

1992 544 2258 600 Similiter
2293 559 2474 602 autem
2508 563 2607 602 nec
2638 551 2938 605 monachus
2966 551 3067 606 hoc
3111 550 3290 607 faciet.
3332 555 3400 607 At
3435 571 3553 608 m0-

1985 639 2352 692 nasteriorum
2409 638 2680 709 prmfectis
2708 683 2721 706 ,
2769 645 2812 697 si
2861 645 3164 714 presbyteri
3206 646 3336 709 sint,
3378 658 3434 701 et
3483 649 3555 702 ab

1983 729 2241 798 episc0po
2267 746 2362 800 per
2385 747 2639 785 manuum
2667 733 3221 804 ejusimpositionem
3250 739 3556 792 mansionis

1984 835 2170 874 curam
2218 832 2564 890 acceperunt,
2603 838 2798 879 manus
2833 827 2884 878 itt
2940 828 3192 881 lectorem
3239 830 3556 900 imponendi

1985 913 2040 965 in
2073 928 2172 966 suo
2203 914 2318 967 solo
2355 918 2683 970 monasterio
2709 925 2948 985 potestas
2975 919 3152 973 datur.
3185 920 3288 976 Sed
3314 931 3367 977 et
3397 925 3557 977 chor-

1984 1003 2224 1072 episcopi
2268 1004 2504 1060 lectores
2555 1007 2933 1063 ordinabunt:
2979 1019 3036 1064 ut
3071 1020 3251 1065 autem
3309 1014 3555 1066 decimus

1987 1097 2176 1165 synodi
2237 1095 2591 1150 At'ttiochcnte
2648 1114 2823 1153 canon
2867 1104 3090 1168 statuit,
3147 1104 3580 1172 hypodiaconos'

1984 1189 2146 1241 etiam
2177 1196 2230 1241 et
2259 1188 2561 1242 exorcistas
2593 1188 2668 1241 illi
2695 1193 3051 1246 constituunt.
3079 1192 3299 1245 Etiamsi
3326 1192 3558 1248 Basilius

1986 1295 2217 1349 magnus
2246 1281 2347 1335 hoc
2375 1283 2454 1336 eis
2503 1297 2608 1335 non
2662 1285 2931 1350 concedit,
2959 1287 3078 1340 sine
3107 1287 3225 1355 ejus
3255 1289 3558 1353 voluntate,

1987 1371 2052 1423 ad
2088 1363 2518 1426 ecclesiasticum
2567 1372 2930 1429 ministerium
2982 1378 3292 1446 quempiam
3347 1379 3561 1432 admit—

1987 1473 2134 1526 tere;
2166 1466 2293 1533 quia
2322 1467 2396 1519 illi
2437 1469 2788 1539 contemptim
2839 1479 2894 1524 et
2940 1471 3237 1526 oscitanter
3279 1471 3332 1524 in
3369 1472 3559 1526 talium

1987 1559 2255 1612 electione
2291 1573 2351 1613 se
2381 1544 2596 1628 gerunt.

2570 1740 2798 1796 CANUN
2857 1740 2974 1796 XV.

1999 1850 2018 1882 ι
2064 1831 2306 1886 Clericus
2331 1832 2399 1885 ab
2429 1832 2530 1887 hoc
2559 1834 2814 1902 deinceps
2847 1845 3093 1905 tempore
3127 1837 3178 1889 in
3216 1837 3431 1892 duabus
3467 1852 3559 1892 cc-

2067 1912 2092 1972 ἐ
2119 1923 2302 1978 clesiis
2333 1941 2440 1980 non
2477 1927 2774 1981 collocetur
2817 1943 2832 1981 :
2880 1930 3263 1998 negotiationis
3309 1933 3454 1984 enim
3505 1939 3564 1985 et

2063 2032 2082 2066 ι
2123 2015 2296 2084 turpis
2320 2017 2463 2086 lucri
2505 2020 2787 2090 proprium
2818 2031 2942 2087 est,
2975 2030 3028 2076 et
3067 2030 3133 2076 ab
3189 2001 3561 2080 ecclesiastica

2065 2128 2085 2161 ι
2125 2113 2520 2168 consuetudine
2569 2115 2832 2169 alienum.
2882 2116 2962 2170 Ab
2997 2117 3111 2186 ipsa
3164 2119 3308 2172 enim
3344 2119 3560 2174 Domini

2064 2221 2083 2254 ι
2133 2219 2265 2258 voce
2302 2205 2632 2270 audivimus,
2672 2225 2690 2258 ι
2729 2222 2837 2262 non
2889 2223 3049 2277 posse
3077 2211 3387 2280 quempiam
3427 2211 3565 2266 duo-

2066 2310 2085 2342 ‹
2119 2293 2224 2348 bus
2247 2293 2484 2348 dominis
2511 2297 2718 2351 servire
2747 2313 2760 2348 :
2795 2298 2880 2351 vel
2915 2298 3058 2354 enim
3096 2316 3261 2353 unum
3297 2301 3424 2354 odio
3461 2303 3566 2353 ha-

2066 2402 2085 2438 t
2129 2386 2303 2451 bebit,
2332 2398 2383 2441 et
2409 2388 2640 2442 alterum
2675 2389 2893 2460 diliget;
2929 2391 3008 2443 vel
3043 2409 3207 2444 unum
3262 2397 3562 2461 amplecte-

2065 2495 2085 2528 t
2125 2485 2233 2543 tur,
2259 2487 2312 2532 et
2343 2480 2569 2533 alterum
2606 2481 2841 2551 negliget
2871 2482 2937 2534 °'.
2976 2482 3362 2554 UnusquiSque
3407 2500 3560 2553 ergo,
3609 2496 3621 2508 '

2067 2587 2086 2619 ι
2129 2570 2434 2624 secundum
2474 2571 2678 2625 dictum
2709 2573 3066 2642 apostolicum
3096 2613 3112 2638 ,
3144 2575 3200 2629 itt
3245 2590 3330 2639 eo,
3365 2576 3420 2629 in
3455 2592 3568 2645 quo

2067 2681 2086 2712 ι
2133 2670 2362 2718 vocatus
2406 2673 2526 2726 est,
2576 2666 2738 2717 debet
2787 2679 3029 2730 manere,
3081 2675 3134 2720 et
3169 2667 3220 2720 in
3254 2667 3414 2738 317
3456 2686 3564 2722 una

2067 2771 2086 2803 ι
2123 2745 2350 2808 ecclesia
2395 2756 2658 2811 assidere.
2689 2756 2819 2824 QUI!
2851 2759 2995 2813 enim
3031 2770 3249 2829 proptr:
3283 2771 3440 2831 turpe
3469 2763 3554 2816 lu-

2067 2863 2086 2896 ‹
2125 2861 2279 2899 crum
2316 2848 2454 2901 ﬁunt
2483 2849 2534 2902 in
2561 2846 2953 2906 ecclesiasticis
3002 2851 3258 2921 negotiis,
3294 2869 3355 2907 ea
3391 2871 3420 2907 a
3451 2854 3570 2915 Deo

2068 2955 2087 2988 ι
2125 2947 2255 2991 sunt
2288 2940 2484 2995 aliena.
2517 2942 2596 2994 Ad
2644 2925 2806 3010 hujus
2845 2951 3024 2997 autem
3073 2943 3194 2997 vitae
3230 2924 3387 3000 usu'm
3438 2957 3568 3001 sunt

2066 3047 2084 3079 ι
2127 3029 2337 3084 diversa
2375 3032 2556 3086 studia
2587 3049 2602 3086 :
2643 3049 2709 3088 ex
2744 3035 2811 3088 iis
2848 3050 2998 3102 ergo,
3036 3035 3078 3088 si
3117 3037 3243 3104 quis
3298 3039 3425 3093 velit
3452 3081 3467 3106 ,
3502 3057 3566 3094 ea

2066 3139 2084 3168 ι
2123 3137 2244 3189 qua:
2270 3133 2396 3176 sunt
2417 3123 2708 3192 corporiad
2741 3141 2896 3178 usum
2931 3128 3238 3181 necessaria
3267 3139 3586 3199 comparet.‘

2067 3230 2086 3263 ι
2133 3213 2272 3268 Dixit
2304 3216 2446 3268 enim
2480 3216 2793 3284 Apostolus;
2833 3237 2851 3269 ι
2881 3221 3072 3274 usibus
3103 3223 3257 3285 meis,
3287 3233 3340 3275 et
3371 3201 3437 3277 iis
3472 3215 3574 3293 qui
3601 3263 3612 3285 ,

2069 3325 2086 3356 ι
2125 3307 2339 3362 mecum
2369 3321 2515 3373 sunt,
2558 3326 2752 3366 manus
2787 3313 2902 3365 ἰεῑιε
2931 3315 3420 3370 subministrarunt
3445 3317 3512 3369 “.
3541 3335 3560 3367 ι

2072 3419 2088 3450 ι
2134 3399 2197 3452 Et
2232 3401 2346 3455 haec
2373 3402 2590 3468 quidem
2626 3405 2679 3458 in
2717 3406 2818 3460 hac
2867 3423 2916 3459 a.
2945 3407 3052 3460 Deo
3079 3409 3455 3464 conservanda
3490 3401 3571 3461 ci-

2071 3512 2088 3544 ‹
2130 3493 2291 3549 \itate
2320 3511 2334 3547 :
2370 3495 2420 3548 in
2456 3497 2522 3549 iis
2557 3505 2735 3550 autem
2767 3514 2887 3567 qua:
2917 3511 3064 3554 extra
3090 3511 3216 3554 sunt
3245 3501 3378 3558 loris
3432 3515 3566 3571 pro-

2068 3605 2086 3637 ι
2126 3601 2242 3654 pter
2272 3587 2554 3641 hominum
2585 3589 2820 3658 inapiant
2857 3590 3223 3662 indulgeatur.
3256 3611 3272 3644 ι

2066 3763 2256 3818 BALS.
2286 3763 2615 3833 Perspicuus
2646 3772 2729 3820 est
2760 3781 2958 3820 canon.
3008 3765 3216 3821 Statuit
3275 3770 3445 3835 enim,
3499 3785 3568 3822 ne

1993 3857 2120 3925 quis
2151 3857 2385 3910 clericus
2413 3858 2467 3911 in
2487 3858 2703 3912 duabus
2735 3861 2979 3913 ccclesiis
3009 3862 3396 3927 constituatur,
3421 3863 3566 3931 quod

1993 3948 2046 4001 id
2080 3949 2153 4002 sit
2192 3961 2350 4016 turpe
2383 3950 2595 4002 lucrum
2634 3960 2690 4004 et
2723 3951 3045 4018 negotiatio.
3096 3951 3339 4006 Perinde
3381 3963 3566 4006 autem

1992 4057 2058 4096 ac
2087 4050 2130 4096 si
2163 4043 2397 4096 dixisset
2429 4044 2738 4111 quispiam;
2788 4043 2851 4096 Et
2892 4044 3039 4096 unde
3071 4045 3259 4113 clerici
3303 4061 3388 4109 ea,
3443 4037 3601 4113 qute'

1995 4136 2060 4187 ad
2099 4135 2301 4186 victum
2341 4134 2643 4204 sulliciunt,
2695 4135 2835 4186 citra
2871 4136 3038 4186 ullam
3073 4112 3434 4203 indigentiam
3469 4135 3566 4186 ha-
3640 4125 3644 4130 ”

1999 4226 2240 4281 bebunt?
2276 4227 2535 4280 dixerunt
2581 4226 2791 4289 Patres,
2844 4227 3012 4279 multa
3070 4241 3194 4280 esse
3240 4235 3293 4280 et
3346 4227 3562 4279 diversa

2007 4320 2210 4385 studia,
2241 4321 2408 4374 libera
2445 4331 2500 4373 et
2545 4335 2653 4374 non
2707 4319 3058 4374 damnanda:
3091 4330 3146 4374 et
3198 4335 3294 4395 per
3329 4335 3391 4374 ea
3447 4336 3573 4390 qua:

2000 4414 2101 4468 sibi
2139 4423 2268 4468 sunt
2298 4411 2364 4466 ad
2399 4411 2602 4465 victum
2639 4396 2952 4467 necessaria
2977 4413 3286 4481 acquirant.
3319 4411 3572 4466 Adduxe~
3654 4395 3665 4403 ’

314 4487 581 4582 Πρᾶξεων
603 4509 716 4561 τῶν
755 4504 1070 4560 ἀποστόλων
1107 4503 1202 4556 καὶ
1230 4500 1610 4568 εὐαγγελικάςο
1644 4501 1736 4562 Εἰς
1768 4499 1896 4569 μέν’

2003 4514 2132 4560 runt
2164 4514 2346 4559 autem
2396 4504 2562 4574 hujus
2614 4504 2687 4558 rei
2726 4505 2904 4572 gratia
2956 4507 3118 4560 etiam
3170 4506 3470 4574 sententias
3502 4521 3572 4559 ex

315 4621 402 4656 τοι
438 4602 536 4662 τὰς
568 4598 672 4662 ἔξω
702 4597 798 4665 τῆς
853 4593 1249 4664 βασιλευούσης
1279 4593 1387 4644 τῶν
1443 4591 1651 4644 πόλεων
1687 4589 1892 4663 χώρας,

317 4692 445 4746 ἔνθα
470 4691 644 4760 λείψις
663 4685 966 4757 ἀνθρώπων
995 4685 1212 4738 εἰδότων
1235 4682 1542 4754 γράμματά
1569 4682 1709 4746 ἐστι,
1750 4699 1897 4754 παρ.

321 4788 605 4858 εχὼρησαν
629 4782 722 4835 καὶ
750 4780 831 4840 εἰς
859 4776 951 4828 δύο
979 4775 1277 4844 ἐκκλησίας
1309 4772 1740 4827 κατατάττεσθαί
1775 4791 1894 4827 τινα

318 4878 601 4950 κληρικόν.
636 4861 853 4926 Γίνεται
889 4869 947 4922 δὲ
977 4869 1218 4937 σήμερον
1246 4867 1306 4920 τὸ
1339 4866 1626 4920 ἀνάπαλιν.
1670 4866 1760 4920 Ἐν
1784 4868 1892 4937 γὰρ

312 4955 575 5058 ταῖςέξω
602 4967 808 5039 χώραις
832 4964 935 5058 *διὰ
1121 4959 1404 5058 βασιλικὴν
1439 4959 1758 5058 ὲιξκου-σείαν
1782 4960 1892 5058 τῶν

315 5051 513 5130 ἱερέων
548 5058 768 5118 πλείους
797 5053 938 5106 εἰσὶν
959 5053 1007 5104 οἱ
1039 5051 1294 5121 κληρικοὶ
1335 5051 1489 5122 παρὰ
1519 5054 1642 5113 ταῖς
1685 5051 1894 5121 ἐκκλη-

319 5152 489 5214 σίαις,
519 5151 610 5220 καὶ
639 5149 727 5202 διὰ
753 5145 912 5200 τοῦτο
943 5142 1120 5204 οὐδεὶς
1149 5141 1544 5197 κατατάττεται
1566 5145 1647 5206 είς
1673 5144 1768 5197 δύο
1795 5149 1890 5196 ὲκ-

317 5243 576 5316 κλησίας.
617 5242 705 5294 Ἐν
729 5241 785 5292 δὲ
818 5241 885 5310 τῇ
920 5233 1280 5307 βασιλευούσῃ
1307 5235 1418 5290 τῶν
1461 5237 1670 5290 πόλεων
1699 5237 1761 5289 ού
1797 5237 1892 5306 μό-

314 5352 410 5392 νον
437 5337 516 5397 εἰς
547 5333 642 5386 δύο
668 5331 982 5400 ἐκκλησίας,
1009 5328 1144 5383 ἀλλὰ
1175 5329 1269 5382 καὶ
1295 5329 1393 5390 εἰς’
1413 5331 1563 5398 τρεῖς
1593 5329 1642 5380 οἱ
1673 5328 1891 5392 πλείους

206 5488 224 5499 ,
312 5427 768 5485 κατατάττονται.
824 5424 915 5487 Ὣς
971 5425 1112 5476 ἔοικε
1153 5421 1230 5486 δὲ,
1274 5419 1756 5490 κατεφρονήθησαν
1822 5421 1894 5475 τὰ

317 5521 419 5575 τοῦ
454 5520 718 5590 παρόντος
748 5519 998 5580 κανόνος,
1051 5515 1140 5567 διὰ
1175 5514 1234 5567 τὸ
1277 5515 1382 5584 μὴι
1409 5511 1734 5578 κολάζεσθαι
1767 5514 1896 5576 τοὺς

321 5615 518 5670 τούτου
552 5610 998 5684 καταφρονητὰς,
1029 5609 1172 5680 ἢδιὰ
1198 5611 1260 5662 τὸ
1308 5609 1512 5672 πλῆθος
1548 5609 1657 5665 τῶν
1691 5609 1894 5678 ἐκκλη-

408 5823 453 5856 ⁸⁵
485 5821 671 5879 Matth.
705 5818 884 5882 vn“.
963 5817 1008 5850 “
1046 5819 1165 5874 Act.
1210 5833 1300 5882 xx,
1345 5817 1434 5872 54.

2000 4597 2234 4653 Actibus
2267 4599 2643 4666 apostolorum
2676 4607 2729 4650 et
2759 4611 2827 4650 ex
2856 4597 3189 4668 Evangeliis.
3237 4597 3296 4650 In
3331 4598 3577 4668 regioni-

2000 4694 2101 4744 bus
2133 4687 2341 4754 autem,
2376 4704 2496 4758 quae
2531 4698 2660 4744 sunt
2691 4698 2843 4743 extra
2879 4689 3120 4766 reginam
3167 4687 3386 4741 urbium
3410 4730 3424 4754 ,
3473 4691 3568 4743 ubi

1996 4791 2078 4836 est
2099 4781 2280 4854 inopia
2318 4781 2598 4834 hominum
2631 4782 2722 4850 qui
2752 4782 2934 4835 sciunt
2967 4780 3203 4843 litteras,
3238 4781 3566 4849 permissum

1995 4880 2082 4926 est
2125 4886 2186 4925 ut
2217 4871 2420 4946 aliquis
2451 4871 2688 4925 clericus
2724 4871 2777 4924 in
2810 4870 3027 4925 duabus
3062 4870 3310 4926 ecclesiis
3350 4874 3562 4926 consti-

1995 4971 2205 5016 tuatur.
2241 4961 2328 5015 Fit
2361 4969 2543 5016 autem
2574 4962 2736 5018 hodie
2769 4970 2983 5017 contra.
3031 4965 3085 5017 In
3144 4964 3385 5018 externis
3417 4964 3564 5018 enim

1997 5053 2334 5124 regionibus,
2373 5064 2596 5123 propter
2650 5054 2986 5122 imperialem
3019 5056 3363 5111 sacerdotum
3401 5071 3567 5111 excu-

1995 5148 2282 5211 sationem,
2341 5145 2526 5200 clerici
2591 5155 2722 5201 8unt
2782 5146 2967 5216 plures
3019 5147 3292 5210 ecclesiis,
3340 5157 3396 5202 et
3443 5150 3565 5202 ideo

1995 5241 2179 5295 nullus
2205 5239 2260 5292 in
2301 5239 2513 5293 duabus
2541 5233 2796 5294 ecclesiis
2849 5240 3229 5294 constituitur.
3284 5238 3339 5292 In
3376 5238 3562 5308 regina

1999 5347 2179 5389 autem
2214 5332 2456 5394 urbium,
2493 5347 2602 5387 non
2642 5334 2819 5387 solum
2867 5333 2924 5386 in
2959 5331 3196 5397 duabus,
3235 5331 3346 5401 sed
3398 5330 3562 5384 etiam

2015 5429 2066 5479 in
2101 5425 2276 5479 tribus
2321 5425 2573 5480 ecclesiis
2613 5423 2858 5495 plerique
2895 5423 3331 5479 constituuntur.
3369 5418 3439 5474 Ut
3481 5426 3566 5474 est

1997 5525 2175 5569 autem
2237 5513 2556 5580 verisimile,
2623 5529 2862 5583 prmsens
2921 5529 3096 5569 canon
3159 5510 3428 5582 neglectui
3480 5517 3566 5563 est

1997 5607 2218 5664 habitus
2265 5624 2329 5663 eo
2371 5607 2513 5679 quod
2553 5622 2662 5662 non
2709 5607 3011 5676 puniantur
3048 5606 3168 5676 ejus
3221 5611 3568 5673 contempto.
