4056 6392
456 301 565 365 957

1728 300 2004 362 THEOD.
2039 296 2431 358 BALSAMON
2468 300 2475 303 ⁷⁷

3611 290 3725 355 989

463 427 593 477 res;
649 411 733 466 vel
789 419 1015 483 propter
1059 410 1420 465 ccc.esiarum
1483 409 1914 476 multitudinem,
1960 411 2044 464 vel

2159 409 2288 460 σιῶν
2314 407 2409 461 καὶ
2442 406 2538 479 τὴν
2587 404 2947 475 στενοχωρίαν
2976 392 3084 457 τῶν
3144 402 3584 473 ἀξιολογωτέρων
3628 409 3730 456 καὶ

464 511 751 573 propterea
788 503 932 572 quod
983 501 1078 573 qui
1127 501 1277 572 digni
1315 513 1463 564 sunt,
1515 517 1623 556 una
1684 517 1810 557 cum
1870 504 2036 556 rebus

470 596 625 664 ipsis,
657 596 710 649 iu
754 608 1042 667 augustum
1075 595 1346 649 contracti
1381 605 1531 649 sunt.
1578 597 1680 661 Qui
1718 605 1904 649 autem
1956 595 2041 648 diu

466 700 600 742 cunt
640 705 905 743 canonem
939 697 1178 743 tractare
1212 688 1279 741 de
1318 689 1405 751 iis,
1437 689 1528 757 qui
1570 690 1622 741 in
1661 688 1893 741 duarum
1946 703 2042 740 tir-

465 784 614 836 bium
649 783 828 834 cleros
867 782 1057 835 referri
1094 783 1308 843 volunt,
1347 782 1488 834 male
1517 779 1729 834 dicunt.
1759 780 1863 834 Alii
1895 780 2041 835 enim

464 887 709 925 canones
743 873 845 925 lioc
883 872 1366 926 \cheun'ntissitne
1399 872 1659 941 puniunt.

550 964 805 1019 ZONAR.
871 966 1132 1018 Eumdem
1194 922 1424 1017 duabusr
1465 966 1714 1018 ecclesiis
1772 922 2103 1018 clerimun‘-

465 1073 642 1110 canon
692 1058 893 1110 ascribi
947 1064 1113 1120 vetat,
1183 1058 1358 1124 turpis
1414 1056 1553 1108 lucri
1606 1056 1923 1109 aviditatem
1980 1070 2045 1108 ac

467 1142 899 1219 negotiationem
966 1149 1031 1201 id
1081 1148 1388 1217 appellans.
1444 1147 1615 1201 Nemo
1666 1149 1813 1202 enim
1865 1158 2045 1218 potest

466 1244 683 1296 duobus
721 1242 957 1296 douiinis
1008 1245 1236 1306 servire,
1288 1250 1344 1294 et
1398 1241 1801 1310 unusquisque,
1845 1248 1941 1306 ait,
1988 1253 2047 1295 ιιι

476 1344 666 1386 monet
692 1333 1013 1402 Apostolus,
1050 1333 1100 1385 in
1127 1348 1234 1402 quo
1269 1334 1460 1387 ordine
1487 1342 1709 1387 vocatus
1739 1341 1841 1398 est,
1875 1334 1925 1386 in
1955 1334 2047 1388 illo

468 1435 788 1499 permaneat
828 1444 841 1478 :
876 1426 928 1478 in
966 1418 1124 1493 cujus
1158 1427 1321 1493 igitur
1352 1425 1597 1479 ecclesia:
1629 1426 1836 1477 clerum
1866 1426 2042 1492 primo

467 1520 700 1585 quisque
754 1504 1200 1581 sublectus‘est,
1270 1518 1324 1570 in
1381 1532 1444 1569 ea
1496 1516 1789 1569 stationem
1844 1517 2048 1571 habere

470 1619 733 1679 perpetuo
762 1608 936 1676 jubet.
970 1609 1265 1663 Abducunt
1295 1607 1566 1678 siquidem
1599 1624 1825 1678 prorsus
1854 1627 1880 1661 a
1912 1607 2046 1674 Deo,

469 1716 813 1769 quatcunque
847 1700 900 1752 in
956 1702 1352 1755 ecclesiasticis
1404 1702 1566 1755 rebus
1608 1703 1845 1756 sordida
1898 1704 2047 1756 utili-

2142 501 2252 553 τῶν
2290 500 2656 569 πραγμάτων.
2694 500 2759 550 Οί
2818 498 2874 549 δὲ
2908 498 3155 563 λέγοντες
3214 496 3306 549 τὸν
3358 496 3558 549 κανόνα
3609 490 3741 566 (τογ’

2144 592 2529 661 διαλαμϐάνειν
2566 589 2835 659 περὶτῶν
2885 589 3228 658 βουλομένων
3277 590 3359 651 εἰς
3402 588 3495 640 δύο
3538 589 3734 650 πόλεις

2146 684 2582 738 κατατάττεσθαι
2612 684 2866 751 κλήρους,
2914 684 3098 742 κακῶς
3138 681 3380 749 λέγουσι.
3416 679 3590 735 Τοῦτο
3619 682 3735 750 γὰρ

2145 779 2323 848 ἕτεροι
2354 776 2602 846 διάφοροι
2629 776 2852 839 κανόνες
2875 777 3015 846 μετὰ
3046 774 3408 845 σφοδρότητος
3432 774 3732 828 ἐκόλασαν.

2215 956 2460 1009 ΖΩΝΛΡ.
2492 954 2563 1007 Τὸ
2596 955 2651 1005 ὲν
2682 953 2776 1007 δύο
2808 953 3131 1023 ἐκκλησίαις
3184 952 3479 1006 τάττεσθαι
3534 952 3738 1023 κληριο

2154 1049 2248 1101 κὸν
2288 1048 2379 1099 τὸν
2420 1045 2583 1099 αὐτὸν
2621 1044 3003 1115 ἀπαγορεύειό
3033 1042 3233 1108 κανὼν,
3269 1044 3737 1114 αἰσχροκέρδειαν

2149 1140 2311 1192 τοῦτο
2362 1139 2544 1192 καλῶν
2580 1140 2676 1191 καὶ
2739 1138 3029 1208 ἐμπορίαν.
3078 1136 3281 1207 Ωύδεὶς
3341 1136 3452 1205 γὰρ
3504 1135 3739 1189 δύναται

2147 1230 2271 1283 δυσὶ
2318 1232 2529 1301 κυρίοις
2568 1230 2860 1292 δουλεύειν,
2927 1229 3020 1282 καὶ
3085 1229 3335 1292 ἕκαστος,
3373 1227 3532 1298 φησὶ,
3586 1230 3742 1283 κατὰ

2147 1321 2238 1373 τὸν
2283 1319 2636 1385 ’Λπόστολον,
2679 1322 2737 1373 ὲν
2850 1320 3055 1389 ἐκλήθη
3082 1320 3251 1385 τάξει,
3309 1322 3368 1372 ἐν
3421 1320 3591 1391 ταύτῃ
3627 1337 3737 1389 με-

2153 1413 2310 1477 νέτω,
2337 1414 2431 1466 καὶ
2474 1412 2863 1482 προσεδρεύειν
2899 1412 3110 1465 κελεύει
3161 1415 3225 1483 τῇ
3284 1412 3569 1483 ἐκκλησίᾳ,
3603 1415 3664 1465 ἐν
3693 1406 3738 1487 ᾖ

2148 1506 2208 1570 te
2234 1508 2409 1577 ἀρχῆς
2458 1507 2768 1577 ἐκληρώθη.
2813 1507 2952 1560 Ὅσα
3000 1507 3107 1577 γὰρ
3159 1507 3227 1560 δι’
3276 1504 3737 1578 αἰσχροκέρδειαν

2149 1598 2386 1665 γίνονται
2426 1598 2657 1650 ἐπὶτῶν
2690 1598 3188 1667 ὲκκλησιαστικῶν,
3234 1598 3582 1668 ἁλλοτριοῦσι
3630 1599 3735 1652 τοῦ

2150 1689 2309 1744 Θεοῦ.
2338 1691 2411 1743 Τὸ
2442 1690 2499 1743 δὲ
2557 1693 2614 1743 ἐν
2663 1692 2756 1745 δύο
2818 1692 3138 1763 ἐκκλησίαις
3176 1692 3470 1747 τάττεσθαι
3510 1693 3742 1755 πάντως

473 1795 604 1847 tatis
630 1793 933 1862 Cttpidllale
967 1802 1258 1862 geruntur.
1286 1793 1439 1859 Quod
1475 1810 1601 1847 vero
1634 1794 1848 1849 duabus
1873 1794 2047 1850 cecle-

2159 1783 2239 1836 διὰ
2279 1784 2340 1834 τὸ
2367 1785 2758 1855 ἀμφοτέρωθεν
2797 1785 3095 1854 λαμϐάνειν
3141 1785 3428 1855 σιτηρέσια
3498 1785 3738 1852 γίνεται,

468 1888 565 1942 siis
597 1886 872 1955 quiSpiam
944 1886 1275 1952 ascribatur,
1312 1903 1539 1957 prorsus
1570 1904 1638 1942 ex
1673 1903 1741 1941 eo
1777 1888 1855 1950 ﬁt,
1895 1898 1951 1941 ιιι
1977 1904 2044 1942 ex

472 1990 705 2049 utraque
738 1981 997 2034 videlicet
1054 1981 1376 2037 demensum
1410 1986 1670 2055 accipiat,
1715 2001 1826 2055 quo
1867 1986 1919 2040 in
1958 1987 2045 2041 lu-

467 2076 610 2127 cello
646 2076 926 2143 turpitudo
990 2074 1156 2131 inest.
1202 2073 1339 2130 lline
1390 2077 1557 2131 veluti
1603 2077 1884 2148 objicienti
1919 2080 2036 2134 cui-

470 2166 612 2234 piam
639 2184 653 2227 ;
689 2165 1052 2232 Qua-ratione
1084 2166 1247 2235 igitur
1273 2168 1439 2221 vitam
1474 2168 1672 2224 Clerici
1710 2172 2045 2235 tolerabunt,

471 2274 516 2311 sn
558 2258 764 2319 minus,
801 2273 964 2325 quam
1026 2257 1159 2325 ipsis
1221 2256 1453 2312 sulliciat
1484 2298 1497 2320 ,
1550 2261 1618 2314 ab
1666 2275 1771 2314 una
1813 2262 2045 2315 ecclesia

467 2349 894 2419 suppeditetur?
928 2350 1197 2405 Auctores
1232 2353 1460 2405 canonis
1491 2352 1706 2407 diversa
1735 2353 2044 2407 studiorum

468 2456 671 2511 getiera
706 2456 829 2495 esse
861 2444 1216 2510 respondent,
1250 2444 1451 2511 quibus
1487 2459 1550 2496 ea
1580 2460 1701 2513 qua:
1743 2445 1808 2498 ad
1842 2447 2044 2500 victum

468 2538 745 2604 pertinent
771 2543 1181 2605 comparentur.
1212 2532 1391 2588 Unum
1420 2534 1583 2602 igitur
1610 2552 1676 2588 ex
1701 2536 1770 2590 iis
1802 2536 2046 2606 aliquod.

467 2631 632 2696 cujus
683 2641 787 2696 ope
840 2625 943 2679 sibi
1001 2625 1313 2679 necessaria
1369 2625 1742 2691 conquirant,
1797 2610 2049 2697 amplecti

474 2716 697 2777 debere,
758 2728 983 2783 remque
1046 2712 1352 2783 apostolico
1414 2712 1638 2766 oraculo
1696 2712 2045 2777 conﬁrmant,

469 2806 705 2870 dicente,
750 2804 946 2858 .‘llauus
1004 2820 1131 2858 mea:
1166 2806 1547 2859 ministrat-unt
1601 2805 1785 2858 usibus
1817 2806 1962 2865 meis.
2001 2818 2049 2860 et

469 2900 537 2953 iis
572 2900 896 2969 qnimecum
925 2909 1071 2965 sunt,
1100 2913 1161 2953 ut
1192 2901 1245 2953 in
1273 2898 1423 2954 Actis
1448 2899 1700 2977 liabetur.
1734 2899 1911 2970 Atque
1935 2901 2049 2954 haec

469 2993 713 3060 quidem,
751 2990 1030 3060 inquiunt,
1062 2990 1115 3045 in
1144 2991 1245 3045 hac
1291 3006 1486 3060 magna
1520 3005 1583 3045 ac
1608 2992 1798 3062 regina
1832 2992 2046 3047 urbium

470 3064 711 3149 civitate,
762 3092 983 3154 propter
1019 3082 1305 3137 hominum
1340 3092 1462 3153 quae
1493 3083 1547 3138 in
1579 3098 1641 3140 ea
1686 3094 1771 3141 est
1805 3085 2052 3143 multitu-

470 3175 678 3242 dinem,
724 3174 799 3228 ita
848 3174 1056 3229 servari
1107 3174 1389 3244 jubemus.
1428 3173 1626 3229 Verum
1671 3184 1828 3229 extra
1873 3174 2044 3240 illam,

2152 1874 2290 1944 ὅπερ
2316 1875 2543 1943 κέρδους
2568 1874 2796 1945 αἰσχροῦ
2826 1878 2996 1930 ἐστιν.
3040 1866 3249 1946 ’Ὡστέερ
3287 1877 3343 1928 δέ
3384 1891 3527 1938 τινος
3549 1875 3741 1929 ἀντει-

2151 1967 2344 2029 πόντος
2373 1967 2482 2031 ὃτι,
2520 1969 2627 2019 Καὶ
2654 1969 2770 2030 πῶς
2796 1968 3052 2039 ζήσονται
3094 1970 3143 2022 οἱ
3184 1969 3617 2040 κεκληρωμένοι,
3659 1968 3744 2038 μὴ

2108 2054 2115 2060 ’
2153 2063 2491 2134 ἀρκούμενοι
2523 2066 2637 2127 τοῖς
2661 2066 2965 2135 διδομένοις
3010 2066 3196 2130 αὐτοῖς
3231 2068 3294 2119 ἐκ
3336 2069 3434 2138 τῆς
3476 2066 3603 2135 μιᾶς
3646 2064 3747 2117 ὲκε-

2155 2155 2421 2223 κλησίας;
2461 2157 2831 2210 ἀντιτιθέασιν
2888 2159 2937 2211 οἱ
2968 2160 3193 2229 ποιηταὶ
3241 2156 3603 2220 τοῦκανόνος
3651 2157 3743 2209 ὅτι

2149 2236 2379 2320 διαφορά
2395 2250 2535 2301 εἰσιν
2558 2249 2967 2320 ἐπιτηδεύματα
2988 2252 3123 2319 πρὸς
3142 2251 3241 2318 τὴν
3263 2249 3358 2303 τοῦ
3378 2249 3493 2319 βίου
3517 2252 3740 2320 χρείαν,

2151 2344 2247 2395 κει)⁵
2267 2343 2331 2395 ὲκ
2352 2343 2557 2396 τούτων
2579 2346 2698 2396 τινὰ
2723 2345 3199 2414 μετερχέσθωσαν,
3224 2346 3330 2407 ἵνα,
3350 2338 3427 2399 ὧν
3445 2345 3742 2415 χρῄζουσι,

2150 2434 2240 2487 διὰ
2273 2434 2478 2487 τούτων
2512 2435 2684 2489 ταῦτα
2710 2436 3062 2506 πορίζωνται,
3102 2438 3197 2491 καὶ
3248 2439 3309 2491 ὲκ
3349 2439 3443 2499 τοῦ
3504 2439 3747 2491 ἀποστό-

2150 2525 2244 2578 λου
2286 2530 2481 2598 χρῆσιν
2524 2528 2886 2598 παράγουσιν,
2933 2532 3003 2583 Ai
3051 2530 3244 2598 χεῖρές
3272 2549 3412 2599 μου.
3464 2532 3740 2599 εἰπόντος,

2154 2620 2549 2687 ὑπηρέτησαν
2577 2621 2708 2687 ταῖς
2744 2623 2973 2690 χρείαις
2994 2640 3113 2693 μου
3144 2625 3244 2677 καὶ
3290 2624 3416 2690 τοῖς
3443 2619 3587 2679 οὖσι
3605 2624 3743 2694 μετ’

2151 2712 2320 2782 ἐμοῦ,
2355 2714 2430 2777 ὼς
2482 2718 2539 2768 ὲν
2570 2718 2693 2779 ταῖς
2745 2716 2988 2787 Πράξεσι
3045 2717 3383 2787 γέγραπται.
3419 2716 3607 2771 Ταῦτα
3655 2719 3742 2782 δὲ,

2153 2807 2311 2873 φασὶ,
2340 2806 2571 2876 λέγομεν
2619 2807 2869 2877 γίνεσθαι
2915 2812 2973 2863 ὲν
3012 2810 3187 2883 ταύτῃ
3252 2814 3318 2882 τῇ
3373 2810 3744 2885 βασιλευούσῃ

2154 2898 2309 2951 πόλει
2344 2900 2456 2967 (57)
2495 2900 2584 2954 διὰ
2608 2899 2709 2973 τὴν
2748 2902 3152 2972 πολυπλήθειαν
3184 2903 3293 2958 τῶν
3326 2906 3384 2958 ἐν
3430 2905 3595 2975 αὐτῇ.
3643 2903 3744 2957 Ἐν

2152 2990 2208 3043 δὲ
2239 2993 2361 3054 ταῖς
2403 2990 2508 3058 ἔξω
2539 2991 2768 3065 χώραις,
2802 2994 2931 3047 ἔνθα
2961 2994 3199 3064 ἔλλειψις
3251 2995 3557 3063 ἀνθρώπων
3595 2997 3742 3061 ἐστὶ,

2156 3083 2596 3157 παραχωρείσθω
2632 3084 2693 3138 τὸ
2719 3084 2819 3139 ἕνα
2860 3086 2917 3139 ὲν
2958 3085 3055 3140 δύο
3092 3086 3414 3157 ἐκκλησίαις
3465 3087 3746 3141 κατατάτο

2152 3176 2363 3233 τεσθαι.

469 3270 753 3346 quibusin
792 3268 927 3343 locis
961 3270 1243 3324 hominum
1278 3261 1503 3340 penuria
1530 3256 1638 3336 est,
1673 3286 1842 3326 unum
1886 3271 2119 3326 duarum
2184 3273 2542 3329 ecclesiarum
2612 3273 2920 3329 ministerio
2989 3274 3251 3332 clericum
3314 3274 3494 3331 addici
3570 3275 3748 3333 licere

470 3363 840 3418 decernimus.

471 3452 706 3509 ARIST.
746 3472 764 3505 ι
795 3453 1047 3510 Clericus
1070 3455 1127 3510 in
1154 3428 1370 3511 duabus
1396 3455 1653 3511 ecclesiis
1685 3458 1740 3512 in
1767 3468 2046 3529 posterum

2159 3451 2366 3508 ΑΡΙΣΤ.
2412 3472 2431 3504 ι
2480 3454 2751 3525 Κληρικὸς
2785 3456 2843 3509 ὲν
2898 3456 3050 3511 δυσὶν
3114 3457 3430 3529 ἐκκλησίαις
3465 3460 3528 3513 τὸ
3553 3460 3751 3514 λοιπὸν

554 3567 573 3600 ι
612 3547 1091 3619 Constantinopoli
1128 3560 1195 3604 ne
1219 3551 1631 3606 constituatur:
1670 3562 1725 3605 at
1751 3562 1904 3606 extra
1930 3566 2049 3606 eam
2120 3556 2125 3563 '

561 3660 579 3693 ι
623 3649 849 3711 propter
880 3636 1161 3695 hominum
1199 3642 1485 3712 penuriam
1520 3644 1890 3711 permittatur.
1935 3660 1955 3694 ι

554 3818 679 3874 Νοη
710 3832 881 3889 potest
917 3822 1182 3891 quispiam
1210 3820 1416 3875 duobus
1445 3821 1642 3876 servire
1672 3822 1901 3877 dominis
1933 3838 1952 3878 :
1978 3823 2056 3883 vel

472 3915 613 3968 enim
646 3930 806 3968 unum
842 3915 963 3968 odio
989 3912 1220 3979 habebit,
1267 3916 1570 3971 secundum
1609 3917 1817 3972 dictum
1871 3915 2056 3971 Domi-

482 4009 688 4071 nicum,
722 4017 773 4061 et
802 4009 1032 4060 alterum
1067 4006 1292 4076 diliget;
1343 4009 1431 4063 aut
1488 4024 1653 4077 unum
1688 4010 2054 4080 amplectetur,

475 4111 525 4153 et
578 4100 811 4154 alterum
865 4110 1180 4154 contemnet.
1232 4100 1505 4184 Quocirca
1559 4117 1646 4167 ea,
1684 4119 1807 4174 quae
1837 4101 2057 4174 prbpter

480 4201 639 4261 turpe
692 4190 906 4245 lucrum
968 4192 1021 4244 in
1068 4192 1471 4248 ecclesiasticis
1504 4195 1740 4264 negotiis
1788 4194 1949 4258 ﬁunt,
2000 4202 2059 4247 ut

483 4282 593 4335 Deo
626 4282 829 4348 aliena,
862 4282 977 4337 haec
1011 4284 1256 4353 synodus
1289 4286 1516 4366 reiicit:
1549 4293 1605 4339 et
1639 4300 1745 4340 non
1792 4286 2060 4352 permittit

478 4375 983 4445 Constantinopoli,
1017 4376 1187 4446 318
1223 4377 1313 4432 ubi
1347 4388 1433 4431 est
1464 4378 1763 4431 multitudo
1795 4377 2058 4433 sacerdo-

482 4478 623 4534 tum,
649 4483 818 4521 unum
852 4467 1115 4522 clericum
1147 4470 1198 4521 in
1231 4467 1449 4522 duabus
1482 4468 1732 4523 ecclesiis
1759 4469 2056 4534 constitui;

482 4562 577 4613 sed
614 4561 667 4613 in
701 4546 808 4612 una
851 4546 1134 4615 assiduum
1191 4574 1315 4613 esse
1345 4558 1599 4613 ecclesia.
1643 4559 1725 4614 Si.
1756 4567 1936 4615 antem
1989 4565 2057 4617 ad

487 4655 616 4707 vita:
665 4654 1048 4707 necessitatem
1100 4666 1208 4705 non
1247 4650 1520 4706 suﬂiciant
1553 4668 1675 4723 qua:
1728 4655 1777 4708 ei
1831 4656 2056 4723 dantur,

486 4744 649 4801 talem
680 4743 831 4797 aliud
864 4742 1108 4796 studium
1141 4756 1415 4810 quaerere,
1470 4753 1523 4799 et
1552 4759 1627 4798 ex
1654 4760 1720 4800 eo
1759 4762 1878 4816 qua:
1929 4760 2058 4803 sunt

2230 3563 2249 3595 ι
2304 3545 2380 3614 μὴ
2421 3547 2841 3599 καταταττέσθω
2871 3548 2931 3600 ἄν
2978 3549 3554 3613 Κωνσταντινουπόλει
3579 3567 3595 3583 ·
3634 3551 3752 3618 ἔξω

2230 3658 2248 3689 ι
2295 3639 2351 3691 δὲ
2383 3640 2588 3709 ταύτης
2613 3632 3052 3711 παραχωρείσθω
3073 3642 3163 3697 διὰ
3181 3644 3291 3697 τῶν
3313 3644 3620 3714 ἀνθρώπων
3639 3645 3751 3716 τὴν

2186 3720 2195 3727 κ
2234 3752 2252 3784 ι
2301 3734 2558 3804 ἔλλειψιν.
2600 3754 2618 3786 ι

2220 3826 2301 3879 Οὐ
2336 3824 2591 3880 δύναταί
2616 3843 2707 3892 τις
2739 3825 2882 3880 δυσὶ
2920 3827 3153 3896 κυρίοις
3174 3828 3498 3883 δουλεύειν
3517 3845 3532 3861 ⁸
3559 3829 3598 3897 ἣ
3622 3832 3752 3902 ⁵γὰρ

2155 3913 2261 3975 τὸν
2286 3914 2395 3968 ἕνα
2444 3915 2715 3984 μισήσει,
2751 3916 2893 3970 κατὰ
2926 3918 3024 3987 τὴν
3064 3918 3351 3988 Κυριακὴν
3384 3918 3569 3989 φωνὴν
3592 3960 3608 3983 ,
3640 3920 3753 3973 και

2156 4008 2263 4061 τὸν
2287 4008 2497 4076 ἕτερον
2523 4010 2861 4078 ἀγαπήσειο
2896 4012 2934 4081 ἢ
2966 4010 3074 4065 τοῦ
3107 4012 3245 4077 ἐνὸς
3268 4011 3607 4079 ἀνθέξεται,
3638 4015 3749 4069 καί,

2156 4100 2267 4155 τοῦ
2309 4100 2516 4170 ἐτέρου
2550 4103 3020 4171 καταφρονήσει.
3060 4105 3160 4157 Διὰ
3195 4104 3354 4158 τοῦτο
3408 4104 3505 4157 καὶ
3557 4105 3629 4158 τὰ.
3672 4104 3751 4158 δι’

2162 4194 2608 4264 αἰσχροκέρδειαν
2657 4195 2754 4247 ἐπὶ
2813 4195 2923 4248 τῶν
2973 4196 3445 4266 ὲκκλησιαστικῶν
3481 4199 3754 4269 πραγμά-

2161 4304 2271 4338 των
2305 4289 2589 4357 γινόμενα,
2652 4289 2729 4351 ὡς
2769 4289 3026 4361 ἀλλότρια
3059 4290 3285 4361 Gemini]
3328 4292 3547 4354 σύνοδος
3596 4292 3750 4363 αὕτη

2164 4382 2466 4436 ἀποϐάλλει
2498 4398 2511 4412 ·
2536 4381 2632 4434 καὶ
2657 4384 2720 4435 οὐ
2746 4387 3022 4455 συγχωρεῖ
3050 4385 3109 4439 ὲν
3141 4387 3750 4454 Κωνσταντινουπόλει,

2160 4474 2290 4528 ἔνθα
2324 4473 2526 4543 πλῆθος
2556 4475 2869 4545 ἱερωμένων
2899 4460 3071 4546 ἐστὶν,
3103 4481 3163 4531 ὲν
3206 4478 3360 4546 δυσὶν
3415 4481 3749 4551 ἐκκλησίαις

2160 4568 2257 4620 ’ἐνα
2285 4566 2547 4636 κληρικὸν
2584 4568 3046 4634 κατατάττεσθαι,
3083 4568 3223 4623 ἀλλὰ
3274 4572 3333 4623 ἐν
3408 4572 3507 4642 μιᾷ
3572 4588 3753 4643 προσ-

2161 4658 2407 4728 εδρεύειν
2439 4659 2730 4730 ἐκκλησίᾳ.
2767 4661 2829 4713 Εί
2862 4660 2920 4713 δὲ
2948 4662 3049 4714 οὐκ
3080 4664 3333 4732 ἀρκεῖται
3357 4665 3493 4732 πρὸς
3523 4666 3619 4733 τὴν
3650 4664 3754 4718 τοῦ

2165 4749 2284 4818 βίου
2339 4752 2533 4820 χρείαν
2571 4756 2683 4812 τοῖς
2738 4752 3039 4821 διδομένοις
3092 4755 3261 4824 αὐτῷ,
3306 4756 3657 4826 ἐπιτήδευμά
3696 4776 3755 4810 τι

485 4836 704 4903 corpori
765 4831 1081 4886 necessaria
1131 4845 1475 4901 comparare,
1530 4834 1793 4890 decernit.
1848 4836 1926 4891 Ita
1977 4840 2052 4893 le-

2165 4839 2353 4908 ἕτερον
2386 4839 2749 4911 μετέρχεσθαι
2794 4842 2885 4895 τὸν
2920 4843 3161 4896 τοιοῦτον
3194 4845 3513 4915 διορίζεται,
3549 4848 3646 4900 καὶ
3690 4850 3755 4915 ἐξ

485 4926 561 4979 cit
598 4922 919 4993 Apostolus,
980 4931 1040 4975 ut
1073 4922 1187 4992 ipse
1216 4922 1395 4987 dicit;
1431 4921 1514 4977 Ea
1554 4926 1743 4995 quibus
1770 4929 1899 4982 mihi
1927 4945 2058 4999 opus

482 5027 598 5068 erat
628 5023 679 5067 et
718 5015 785 5067 iis
812 5014 901 5083 qui
932 5029 1133 5067 mecum
1165 5023 1311 5080 sunt,
1348 5016 1429 5071 lia:
1460 5032 1648 5071 manus
1682 5020 2058 5076 subministra—

483 5114 628 5156 runt.
1342 5122 1345 5125 “

1079 5284 1305 5340 CANUN
1345 5286 1491 5355 xw.

488 5390 508 5425 ι
552 5364 744 5429 Om'uis
777 5373 934 5428 luxus
971 5384 1023 5430 et
1061 5387 1293 5434 ornatus
1323 5394 1624 5450 corporeus
1656 5392 1737 5439 est
1792 5399 1823 5438 a
1868 5400 2052 5451 sacer-

2167 4932 2334 5011 αύτοῦ
2363 4932 2688 5001 πορίζεσθαι
2709 4937 2777 4986 τὰ
2808 4934 3040 5004 χρειώδη
3071 4935 3163 4987 τοῦ
3190 4935 3462 5004 σώματος.
3500 4940 3607 4990 Καὶ
3637 4954 3759 5006 γαρ

2169 5023 2340 5086 οὓτως
2381 5023 2553 5076 ἐποίει
2619 5027 2712 5077 καὶ
2756 5027 2784 5077 ὁ
2821 5026 3175 5094 ’Λπόστολος,
3228 5029 3301 5091 ὡς
3359 5032 3521 5094 αὐτὸς
3558 5030 3709 5097 λεῖα.
3734 5050 3757 5066 ·

2174 5116 2310 5181 Ταῖς
2344 5118 2572 5185 χρείαις
2588 5136 2707 5185 μου
2738 5120 2837 5173 καὶ
2863 5120 2989 5184 τοῖς
3014 5116 3159 5175 οὖσι
3196 5124 3328 5193 μετέ
3349 5122 3495 5193 ἐμοῦ
3526 5125 3760 5192 ὑπηρέ-

2169 5223 2368 5275 τησαν
2394 5211 2454 5261 αἱ
2492 5210 2688 5278 χεῖρες
2712 5208 2909 5266 αὗται.

2644 5316 2661 5329 ~
2762 5305 3001 5357 ΚΑΝΩΝ
3038 5307 3154 5374 ις’.
3457 5368 3465 5381 ,

2172 5411 2191 5443 ι
2239 5393 2395 5445 Πᾶσα
2430 5392 2662 5463 βλακεία
2696 5398 2788 5448 καὶ
2821 5399 3418 5474 κόσμησις’σωματικὴ
3461 5401 3751 5475 ἀλλότριαι

1687 5497 1877 5559 Guill.
1914 5501 2233 5581 Beveregii
2289 5515 2474 5567 notae.

558 5595 672 5665 (36)
712 5568 776 5648 ὀί
809 5593 879 5647 δὲ
904 5594 1195 5676 έέγοκτες
1227 5601 1620 5676 τὸνᾉκανονα.
1648 5601 1773 5659 Ηωο
1804 5622 1978 5676 usque
2004 5612 2070 5662 ad

486 5664 743 5740 tiueuilex
772 5681 874 5719 ms.
906 5664 1202 5726 Bodleiano
1233 5674 1579 5729 restituimus
1608 5691 1623 5740 ;
1660 5680 1752 5731 sed
1792 5680 1844 5730 in
1876 5664 2072 5733 Aruer-

493 5734 763 5790 buclnano
796 5752 903 5792 non
936 5749 1174 5795 exstant.

2249 5613 2359 5692 (δῖ)
2540 5617 2722 5683 ταύτῃ
2756 5613 2825 5681 τῇ
2849 5616 3280 5692 ,βασιλευούσῃ
3337 5629 3531 5680 πόλει.
3564 5625 3751 5682 Codex

2132 5714 2135 5715 ν
2179 5682 2647 5765 ᾼιιιειίκιυίιὶιηιυς.
2678 5682 2825 5765 legit,
2884 5690 2941 5739 ὲν
3012 5692 3183 5765 ταύτῃ
3235 5682 3601 5764 εἶεγαλοπόλει
3652 5700 3752 5752 καὶ

2181 5754 2565 5828 βασιλευούσῃ,
2604 5761 2655 5811 in
2687 5754 2781 5810 huc
2810 5772 2998 5827 magna
3035 5754 3548 5834 urbeuet't'oiperiali.
