4056 6388
399 300 503 363 969

470 518 489 550 r
541 502 678 563 Τοὺς
727 497 820 552 οὖν
882 499 1111 561 ἑαυτοὺς
1161 498 1501 565 κοσμοῦντας
1556 501 1886 561 ἐπισκόπους
1934 499 1967 570 ἦ

473 613 493 645 r
543 595 837 664 κληρικούς
863 593 1193 663 δι’ἐσθῆτων
1219 594 1491 663 λαμπρῶν
1520 594 1616 656 καὶ
1646 594 1968 660 προφανῶν,

478 705 498 739 ι
548 686 772 747 τούτους
836 683 1191 754 διορθοῦσθαι
1256 686 1395 754 χρή·
1440 685 1489 736 εί
1520 683 1575 741 δὲ
1629 684 1966 752 ἐπιμένοιεν,

471 798 490 831 ι
536 776 797 845 ἐπιτιμίῳ
837 774 1266 844 παραδίδοσθαι·
1300 773 1565 837 ὡσαύτως
1598 773 1694 826 καὶ
1734 775 1861 836 τοὺς
1899 776 1968 826 τὰ

474 891 492 921 ι
543 868 694 938 μύρα
725 867 1070 938 χρωμένους.
1118 866 1270 919 Ἐπεὶ
1309 866 1366 919 δὲ
1418 866 1544 937 ῥίζα
1586 867 1812 934 πικρίας
1854 867 1967 920 ἄνω

472 981 489 1012 ι
536 960 749 1030 φύουσα
779 960 993 1027 μίασμα
1027 958 1220 1026 γέγονε
1245 960 1309 1027 τῇ
1339 958 1599 1027 καθολικῇ
1645 953 1964 1028 Ἐκκλησία,

469 1071 486 1101 ι
535 1053 566 1120 ἠ
591 1051 699 1102 τῶν
731 1049 1354 1119 Χριστιανοκατηγόρων
1378 1049 1611 1118 αἵρεσις,
1644 1049 1743 1102 καὶ
1765 1052 1811 1101 οἱ
1832 1050 1965 1102 ταύ-

469 1162 486 1194 ι
532 1160 634 1212 την
665 1142 970 1211 δεξάμενοι,
1010 1142 1072 1193 οὐ
1107 1141 1270 1212 μόνον
1298 1140 1398 1201 τὰς
1433 1140 1708 1211 εἰκονικὰς
1748 1142 1964 1205 ἀναζω-

466 1252 483 1281 ι
532 1233 840 1302 γραφήσεις
887 1232 1260 1298 ἐδδελύξαντο,
1294 1230 1432 1284 ἀλλὰ
1458 1232 1551 1284 καὶ
1583 1234 1763 1286 πᾶσαν
1801 1233 1962 1286 εὐλά-

470 1338 488 1370 ‹
534 1320 692 1374 δειαν
750 1321 1061 1385 ἀπώσαντο,
1132 1321 1259 1382 τοὺς
1317 1319 1532 1388 σεμνῶς
1572 1323 1667 1375 καὶ
1726 1323 1966 1387 εὐσεϐῶς

469 1430 486 1462 ι
536 1412 791 1483 βιοῦντας
822 1412 1273 1483 προσοχθίζοντες
1300 1429 1313 1443 ·
1348 1414 1449 1465 καὶ
1483 1414 1845 1484 πεπλήρωται
1874 1412 1965 1469 ἐπ’

470 1521 489 1554 ι
534 1504 719 1565 αὐτοῖς
740 1504 799 1556 τὸ
826 1504 1230 1572 γεγραμμένον·
1261 1520 1280 1553 ι
1313 1502 1598 1573 Βδέλυγμα
1620 1505 1964 1575 ἁμαρτωλῶν

464 1615 482 1646 ι
531 1597 867 1651 θεοσέϐεια.»
895 1597 957 1649 ΕΞ
977 1597 1245 1667 εὑρεθῶσι
1266 1597 1444 1649 τοίνυν
1466 1597 1610 1667 τινὲς
1632 1598 1966 1665 ἐγγελῶντες

466 1708 484 1743 ι
532 1693 642 1752 τοῖς
663 1690 765 1763 τὴν
793 1691 985 1759 εὐτελῆ
1024 1691 1118 1743 καὶ
1151 1689 1357 1759 σεμνὴν
1397 1690 1673 1760 ἁμφίασιν
1720 1708 1967 1761 περικει-

440 1803 484 1833 ι(
532 1785 740 1853 μένοις,
774 1782 843 1836 δι’
866 1782 1149 1851 ἐπιτιμίου
1201 1782 1659 1851 διορθούσθωσαν.
1722 1784 1816 1837 Ἐκ
1849 1787 1960 1854 γὰρ

466 1894 483 1924 ι
531 1874 639 1929 τῶν
671 1875 881 1930 ἄνωθεν
928 1875 1139 1945 χρόνων
1183 1876 1292 1936 πᾶς
1336 1875 1611 1944 ίερατικὸς
1648 1876 1789 1946 ἀνὴρ
1821 1879 1963 1945 μετὰ

469 1982 486 2014 ι
537 1964 764 2035 μετρίας
811 1966 907 2018 καὶ
942 1966 1149 2036 σεμνῆς
1200 1964 1529 2034 ἁμφιάσεως
1589 1966 1956 2022 ἐπολιτεύετο.

465 2075 482 2107 ι
532 2057 643 2111 Πᾶν
669 2056 777 2127 γὰρ
800 2056 827 2109 ὃ
854 2056 931 2126 μὴ
953 2056 1038 2108 διὰ
1060 2056 1269 2127 χρείαν,
1296 2055 1432 2108 ἀλλὰ
1463 2057 1550 2109 διὰ
1573 2057 1961 2128 καλλωπισμὸν

464 2168 486 2219 ι
532 2151 1047 2220 παραλαμϐάνεται,
1082 2152 1418 2221 περπερείας
1446 2150 1558 2220 ἔχει
1594 2152 1956 2223 κατηγορίαν,

464 2264 481 2295 ι
530 2245 601 2304 ὡς
637 2244 665 2297 ὁ
696 2244 868 2314 μέγας
899 2244 1002 2314 ἔφη
1034 2242 1335 2313 Βασίλειος.
1387 2244 1529 2296 Ἀλλ’
1557 2243 1677 2297 οὐδὲ
1700 2246 1764 2297 ἐκ
1797 2263 1958 2317 σηριο

463 2355 480 2387 ι
528 2336 641 2388 κῶν
670 2336 1005 2405 ὑφασμάτων
1036 2336 1467 2405 πεποικιλμένην
1520 2336 1725 2408 ἐσθῆτα
1783 2338 1961 2391 ἐνεδέο

467 2450 483 2480 ι
529 2430 654 2485 δυτό
688 2447 792 2495 τις,
824 2431 943 2483 οὐδὲ
979 2429 1367 2500 προσετίθεσαν
1397 2432 1695 2501 ἑτερόχροα
1729 2432 1956 2503 ἐπιϐλή.

463 2542 482 2576 ‹
532 2541 679 2593 ματα
711 2525 770 2575 ἐν
806 2526 917 2586 τοῖς
952 2524 1144 2597 ἄκροις
1194 2522 1303 2575 τῶν
1344 2512 1604 2595 ἱματίων.
1680 2524 1959 2579 Ἤκουσαν

462 2635 480 2668 ι
527 2617 637 2686 γὰρ
671 2619 761 2681 {sic
812 2618 911 2686 τῆς
953 2615 1286 2685 θεοφθόγγου
1325 2614 1599 2685 γλώσσης,
1626 2616 1706 2668 ὅτι
1770 2618 1834 2669 Οἱ
1889 2617 1960 2670 τὰ

466 2728 483 2759 ι
528 2707 767 2776 μαλακὰ
796 2708 1127 2777 φοροῦντες
1156 2708 1226 2761 ἐν
1258 2706 1384 2773 τοῖς
1416 2707 1607 2774 οἴκοις
1638 2708 1757 2762 τῶν
1779 2709 1961 2775 βασι-

461 2817 479 2849 ι
523 2800 704 2852 λείων
735 2802 915 2853 εἰσίν.
963 2817 981 2849 ι

454 2888 653 2942 ΒΛΛΣ.
715 2888 839 2939 Τῶν
868 2888 1266 2960 Είκονομάχων
1299 2890 1716 2959 μεταϐαλόντων
1759 2892 1958 2959 ,πᾶσαν

383 2977 847 3049 ἐκκλησιαστικὴν
871 2980 1207 3034 κατάστασιν
1233 2981 1326 3033 καὶ
1350 2979 1640 3033 εὐλάϐειαν
1663 2980 1800 3050 πρὸς
1822 2982 1959 3034 ἀκα·

1416 297 1500 357 ΙΝ
1537 296 1705 357 CAN.
1740 296 1871 356 XVI
1919 296 2129 356 CONC.
2175 300 2284 360 VII
2319 301 2677 364 CECUMEN.

479 428 498 461 ι
547 410 653 463 είσι
707 409 805 477 τῆς
844 408 1124 478 ἱερατικῆς
1171 406 1377 472 τάξεως
1407 412 1525 461 καὶ.
1555 411 1962 467 καταστάσεως.
2002 421 2041 469 Λ

3540 310 3642 369 970

2154 428 2175 459 ς
2214 412 2382 468 dotali
2416 416 2609 473 ordine
2647 430 2701 469 et
2732 428 2877 472 statu
2919 419 3151 472 alienus.
3186 418 3486 492 EpiscOpos
3514 438 3644 495 ergo

2156 522 2173 555 ι
2214 507 2295 560 vel
2345 507 2598 573 clericos,
2647 512 2741 578 qui
2795 528 2855 565 se
2901 512 3204 578 splendidis
3234 522 3290 566 et
3331 515 3640 577 insignibus

2154 616 2172 646 ι
2210 598 2461 652 vestibus
2493 614 2788 665 exornant,
2834 620 2892 658 se
2938 606 3217 674 corrigere
3268 615 3519 674 oportet;
3557 606 3641 659 {In

2153 708 2172 739 ι
2209 700 2389 745 autem
2420 704 2800 762 permaneant,
2838 699 3016 765 poenis
3066 700 3308 751 coerceri
3338 713 3353 750 :
3392 699 3645 754 similiter

2150 797 2168 830 ι
2211 791 2263 834 et
2296 798 2411 847 eos,
2445 785 2537 853 qui
2572 795 2702 839 sunt
2740 787 3035 855 unguentis
3076 787 3326 843 delibuti.
3373 770 3640 854 Quoniam

2166 891 2184 922 ‹
2217 882 2398 929 autent
2459 877 2612 932 radix
2683 878 2998 934 acerbitatis
3046 896 3267 935 sursum
3320 882 3639 951 pullulans,

2148 984 2164 1014 ι
2208 966 2502 1022 Catholicae
2536 968 2791 1031 Ecclesia:
2822 971 2929 1023 fuit
2960 970 3461 1042 inquinamentum,
3487 974 3645 1029 Chri-

2150 1075 2168 1107 ι
2211 1062 2419 1113 stiauos
2449 1062 2655 1119 scilicet
2706 1064 3087 1119 accusantium
3142 1064 3399 1132 haeresis;
3451 1076 3506 1121 et
3543 1067 3640 1137 qui

2148 1166 2164 1197 ι
2210 1165 2328 1203 eam
2367 1163 2746 1221 susceperunt,
2780 1168 2887 1210 non
2925 1156 3100 1212 solum
3136 1158 3433 1225 imaginum
3461 1160 3669 1227 pietur

2148 1259 2166 1292 ι
2207 1256 2295 1295 ras
2326 1244 2557 1297 aversati
2594 1256 2745 1310 sunt,
2779 1247 2873 1303 sed
2902 1263 3119 1301 omnem
3174 1250 3334 1307 etiam
3380 1248 3637 1317 pietatem

2148 1350 2167 1384 ‹
2204 1348 2267 1386 ac
2304 1336 2620 1404 religionem
2652 1326 3032 1402 cxtruserunt,
3066 1354 3187 1402 eos,
3223 1341 3433 1411 quipie
3460 1354 3513 1396 et
3537 1343 3637 1395 hoa

2148 1442 2167 1475 ‹
2209 1439 2368 1481 ueste
2399 1429 2608 1493 vivunt,
2645 1430 2773 1487 odio
2806 1431 3106 1499 habentes;
3144 1445 3197 1487 et
3236 1433 3289 1487 in
3338 1433 3407 1488 iis
3448 1435 3639 1504 imple.

2148 1538 2167 1569 ι
2209 1527 2323 1574 tum
2361 1520 2460 1579 fuit
2495 1523 2639 1591 quod
2672 1524 2940 1591 scriptum
2969 1539 3093 1580 est:
3127 1526 3478 1581 Abominatio
3514 1543 3642 1596 pec-

2147 1630 2166 1661 t
2206 1614 2380 1667 catori
2414 1615 2607 1685 religio
2635 1626 2688 1671 ot
2723 1632 2883 1673 verus
2929 1617 3023 1673 Dei
3069 1620 3272 1674 cultus.
3328 1618 3387 1674 Si
3428 1621 3637 1674 inventi

2148 1726 2165 1756 ε
2209 1707 2395 1775 itaque
2425 1708 2632 1765 fuerint
2669 1712 2912 1766 nonnulli
2951 1727 3046 1767 eos
3076 1711 3393 1779 irridentes,
3419 1716 3512 1785 qui
3557 1716 3638 1769 vi-

2147 1817 2167 1849 ‹
2205 1800 2306 1855 lem
2335 1811 2391 1855 et
2408 1802 2718 1873 modestum
2752 1804 3014 1858 amictum
3070 1805 3246 1860 induti
3278 1816 3425 1871 sunt,
3473 1822 3633 1878 poena

2143 1910 2162 1943 ‹
2198 1894 2570 1964 corrigantur.
2604 1895 2652 1953 Α
2681 1896 3062 1965 superioribus
3092 1898 3237 1951 enim
3298 1908 3473 1967 usque
3503 1906 3640 1953 tetri-

2140 2003 2157 2033 ι
2196 1984 2427 2051 poribus
2484 1986 2670 2040 omnis
2723 1987 2808 2040 vir
2857 1996 3108 2055 sacratus
3171 2003 3295 2042 cum
3354 1990 3637 2045 moderato

2145 2091 2164 2123 ε
2201 2082 2253 2127 et
2302 2074 2537 2131 honesto
2587 2074 2910 2133 indumento
2950 2080 3305 2145 versabatur.
3361 2079 3637 2151 Quidquid

2143 2182 2161 2214 ι
2204 2165 2373 2229 enim,
2408 2181 2519 2227 non
2553 2175 2778 2238 propter
2808 2184 2992 2234 usum,
3021 2172 3447 2234 ostentatorium
3475 2187 3639 2228 orna-

2138 2275 2160 2313 .c
2200 2265 2313 2313 tum
2353 2261 2674 2326 assumitur,
2708 2260 2763 2314 in
2809 2260 2974 2316 luxus
3016 2263 3511 2330 reprehensionem
3554 2266 3639 2320 in-

2143 2366 2162 2400 ι
2196 2350 2392 2414 currit,
2451 2361 2510 2407 ut
2560 2353 2637 2406 ait
2684 2367 2916 2423 magnus
2954 2350 3223 2419 Basilius.
3280 2355 3385 2412 Sed
3421 2372 3523 2412 nec
3569 2373 3635 2413 ex

2066 2471 2074 2481 -
2146 2460 2163 2492 ς
2203 2443 2398 2498 sericis
2451 2446 2687 2511 texturis
2742 2447 3009 2503 variatum
3065 2449 3190 2516 quis
3245 2450 3636 2506 vestimentum

2150 2552 2167 2584 ι
2214 2533 2492 2593 habebat:
2547 2548 2724 2604 neque
2776 2536 2828 2589 in
2882 2538 3328 2593 veStimentorum
3406 2540 3640 2595 ﬁmbriis

2148 2644 2166 2675 ι
2212 2625 2426 2693 adjecta
2460 2633 2619 2686 erant
2652 2625 2816 2683 alieni
2868 2628 3076 2689 coloris
3113 2612 3512 2686 additamenta.
3562 2632 3637 2685 Ex

2146 2736 2165 2767 α
2201 2717 2386 2773 divina
2440 2718 2586 2779 enim
2652 2719 2835 2789 lingua
2888 2721 3185 2776 audierunt
3231 2725 3398 2791 quod,
3467 2743 3486 2775 ι
3532 2723 3637 2791 Qui

2150 2826 2171 2859 ι
2207 2809 2464 2865 mollibus
2494 2812 2822 2872 vestiuntur.
2857 2813 2911 2866 in
2940 2813 3151 2879 aedibus
3185 2829 3371 2885 regum
3400 2818 3633 2871 sunt".i

2139 2898 2333 2954 BALS.
2356 2899 2510 2957 Cum
2528 2898 2893 2959 ilconomachi
2948 2918 3163 2958 omnem
3213 2890 3638 2963 ecclesiasticam

2067 2993 2520 3049 constitutionem
2540 3001 2606 3049 et
2639 2993 2895 3063 pietatem
2934 2995 2988 3049 in
3021 2996 3400 3053 confusionem
3442 3008 3499 3055 et
3530 3001 3637 3054 im-

382 3068 685 3121 ταστασίαν
744 3070 838 3121 καὶ
888 3069 1372 3135 ἀνευλάϐειαν,“ὼ;
1409 3070 1519 3121 τῶν
1563 3072 1746 3133 αὐτοῖς
1781 3084 1959 3139 προσ-

393 3175 439 3177 _,
573 3159 586 3177 .
692 3176 695 3177 ,
760 3160 777 3177 κ
938 3163 960 3173 -
1104 3162 1116 3177 .
1156 3163 1167 3176 .
1334 3163 1346 3177 .
1542 3165 1553 3177 .
1665 3163 1681 3177 .
1742 3164 1805 3177 η-
1939 3165 1951 3177 .

2070 3087 2324 3155 pietatem
2350 3094 2686 3151 mutassent,
2714 3093 2906 3155 utpote
2959 3088 3176 3143 clericis
3231 3097 3286 3143 et
3333 3092 3634 3162 episcopis,

384 3159 698 3229 ερχομένων
723 3160 1002 3231 κληρικῶν
1031 3162 1126 3215 καὶ
1152 3163 1473 3215 ἐπισκόπων
1530 3163 1848 3225 άνευλαϐῶς
1867 3165 1962 3218 καὶ

384 3249 697 3320 ἀδιαφόρως
764 3254 1188 3324 ὲκχωρηθέντων
1241 3253 1647 3319 πολιτεύεσθαι,
1710 3253 1798 3307 τνα
1848 3257 1961 3319 τοῖς

388 3339 694 3413 θελήμασιν
721 3344 901 3396 αὐτῶν
936 3346 1228 3411 ὐπείκωσι,
1267 3346 1362 3398 καὶ
1398 3344 1487 3399 διὰ
1535 3346 1694 3400 τοῦτο
1730 3350 1824 3400 καὶ
1860 3350 1961 3418 τῆς

390 3432 674 3503 ἱερατικῆς
708 3435 1028 3505 ἐνδυμενίας
1058 3436 1194 3506 πρὸς
1241 3438 1300 3489 τὸ
1334 3436 1742 3509 βλακικώτερον
1791 3456 1956 3509 μετα-

385 3525 678 3596 δληθείσης
718 3532 812 3580 καὶ
842 3529 1246 3601 κοσμιώτερον·
1281 3531 1609 3600 διωρίσαντο
1637 3535 1686 3587 οἱ
1720 3535 1959 3605 Πατέρες

384 3619 749 3689 ἐπιτιμᾶσθαι
776 3620 910 3695 ¹τούς
951 3621 1394 3686 καλλωπίζοντας
1434 3624 1661 3687 ἑαυτοὺς
1693 3625 1784 3693 διὰ
1814 3628 1966 3680 ἐνδυ-

388 3707 580 3776 μενίας
615 3709 896 3780 λαμπρᾶς,
930 3709 1024 3763 καὶ
1047 3712 1121 3781 μὴ
1147 3709 1564 3781 διορθουμένους
1587 3712 1726 3781 μετὰ
1747 3730 1961 3785 παραγ-

386 3801 574 3868 γελίαν
599 3818 613 3834 ·
635 3803 893 3866 ὡσαύτως
921 3803 1251 3867 κολάζεσθαι
1275 3803 1370 3857 καὶ
1399 3805 1525 3868 τοὺς
1547 3805 1617 3859 τὰ
1638 3805 1786 3876 μύρα
1812 3824 1962 3877 χριο-

388 3892 603 3963 μένους.
658 3895 812 3947 Ἐπεὶ
840 3894 894 3947 δὲ
931 3895 983 3948 οἱ
1040 3895 1194 3949 αὐτοὶ
1224 3896 1494 3967 αίρετικοὶ
1555 3896 1692 3967 πρὸς
1747 3897 1962 3964 τούτοις

388 3987 699 4053 κατεγέλων
725 3986 835 4040 τῶν
878 3986 1139 4056 βιούντων
1179 3988 1319 4059 μετὰ
1358 3988 1690 4058 σεμνότητος
1743 3990 1838 4042 καί
1870 3990 1962 4042 εὐ-

389 4075 634 4144 λαϐείας,
667 4077 762 4130 καὶ
794 4078 1062 4148 ἐνδύμασι
1107 4078 1405 4149 χρωμένων
1437 4078 1838 4151 εὐτελεστέροις
1870 4080 1960 4145 διὰ

387 4169 751 4227 ταπείνωσιν·
783 4169 989 4240 ὥρισαν
1028 4171 1077 4223 οἱ
1114 4172 1247 4224 θεῖοι
1289 4170 1536 4241 Πατέρες
1562 4170 1686 4233 τοὺς
1712 4172 1958 4225 τοιοῦτόν

387 4277 440 4313 τι
474 4261 764 4326 ποιοῦντας
793 4262 862 4315 δι’
890 4263 1182 4333 ἐπιτιμίων
1205 4262 1573 4334 διορθοῦσθαι·
1602 4263 1750 4329 Ὅτι,
1774 4268 1958 4331 φασιν,

388 4354 439 4406 oi
469 4356 634 4424 lapsi;
664 4356 887 4409 άείποτε
921 4355 1060 4423 μετὰ
1094 4354 1319 4425 μετρίας
1365 4355 1462 4409 καὶ
1522 4356 1727 4426 σεμνῆς
1761 4356 1962 4423 διάγω·-

2074 3178 2166 3246 qui
2194 3176 2261 3232 ad
2293 3191 2390 3235 eos
2421 3175 2778 3243 accedebant,
2811 3177 2976 3247 impie
3008 3188 3064 3232 et
3093 3185 3302 3234 temere
3347 3184 3513 3235 vitam
3550 3162 3654 3239 in:

2068 3270 2295 3325 stituere
2328 3268 2637 3339 permissis,
2694 3279 2754 3324 ut
2796 3284 2988 3324 eorum
3035 3272 3304 3326 voluntati
3367 3275 3640 3345 obseque-

2068 3371 2299 3426 rentur;
2334 3370 2390 3417 et
2419 3362 2545 3417 ideo
2600 3362 2944 3417 sacerdotale
2989 3378 3208 3434 quoque
3256 3364 3636 3421 indumentum

2068 3455 2137 3510 ad
2171 3455 2225 3509 id
2256 3455 2400 3523 quod
2433 3455 2558 3525 plus
2604 3454 2768 3509 habet
2805 3453 2971 3519 luxus
3017 3462 3073 3510 et
3121 3464 3349 3511 ornatus
3377 3468 3638 3513 mutatum

2066 3559 2212 3604 esset
2244 3565 2261 3604 :
2290 3556 2601 3604 statuerunt
2654 3547 2828 3603 divini
2875 3550 3092 3614 Patres,
3118 3562 3217 3604 eos
3253 3551 3432 3617 puniri
3466 3553 3558 3622 qui
3583 3568 3644 3607 se

2066 3639 2354 3710 splendida
2396 3650 2553 3696 veste
2577 3647 2874 3702 exornant,
2908 3649 2966 3694 et
3002 3648 3127 3709 post
3157 3640 3637 3700 denuntiationem

2067 3745 2179 3787 non
2217 3733 2596 3802 corriguntur,
2629 3742 2685 3786 et
2727 3731 2983 3791 similiter
3030 3731 3214 3801 puniri
3248 3748 3344 3789 eos
3386 3737 3481 3803 qui
3532 3751 3638 3791 un-
3680 3750 3683 3753 λ

2066 3824 2287 3895 guentis
2315 3823 2543 3881 delibuti
2570 3831 2728 3880 sunt.
2766 3823 3036 3891 Quoniam
3075 3833 3259 3882 autem
3300 3826 3355 3880 hi
3378 3836 3639 3903 praeterea

2072 3914 2312 3970 haeretici
2347 3915 2649 3971 irridebant
2677 3929 2796 3980 eos,
2829 3915 2923 3986 qui
2970 3916 3061 3987 pie
3109 3924 3165 3971 et
3203 3917 3436 3975 honeste
3483 3920 3636 3975 vive-

2068 4008 2226 4071 bant,
2256 4020 2313 4063 et
2343 4007 2633 4064 vilioribus
2673 4009 2973 4067 utebantur
3000 4009 3244 4065 vestibus
3272 4018 3493 4080 propter
3532 4010 3641 4068 huc

2068 4098 2358 4165 utilitatem
2394 4117 2409 4154 :
2438 4106 2759 4161 statuerunt
2796 4100 2973 4155 sancti
3017 4097 3216 4157 Patres
3257 4115 3377 4165 eos,
3408 4100 3501 4170 qui
3532 4105 3642 4156 tale

2067 4190 2197 4260 quid
2233 4189 2463 4259 faciunt,
2492 4205 2591 4259 per
2621 4205 2817 4260 pinnas
2840 4189 3068 4260 corrigi.
3110 4189 3439 4249 Sacerdotes
3468 4191 3640 4258 enim,

2068 4281 2349 4352 inquiunt,
2377 4294 2596 4349 semper
2625 4279 2754 4335 olim
2804 4278 3048 4334 modeste
3100 4289 3157 4335 et
3210 4280 3441 4335 honeste
3474 4280 3638 4345 vitam

2066 4376 2429 4433 instituebant
2480 4375 2557 4445 (et
2613 4374 3038 4444 splendidiorem
3074 4382 3326 4439 vestem,
3363 4391 3486 4443 quae
3533 4392 3639 4430 non

390 4448 493 4516 γῆς
532 4446 906 4500 ἐπολιτεύοντο
941 4445 1172 4518 (καὶτὸν
1216 4445 1291 4515 μὴ
1312 4444 1402 4498 διὰ
1430 4445 1617 4515 χρείαν
1643 4446 1737 4499 τοῦ
1774 4445 1961 4516 σῶμα⁸

2070 4478 2290 4539 propter
2320 4480 2478 4523 usum
2511 4468 2761 4537 corporis
2787 4468 3047 4531 sumitur,
3072 4468 3497 4522 ostentationem
3525 4468 3643 4521 sive

392 4556 485 4600 τος
542 4539 922 4609 λαμπρότερον
1002 4530 1297 4609 ἱματισμὸν
1353 4538 1724 4608 περπερείαν,
1793 4539 1963 4608 ἤγουν

2070 4562 2255 4616 luxum
2288 4576 2526 4631 magnus
2550 4561 2762 4615 vocavit
2795 4560 3084 4627 Basilius),
3113 4561 3207 4615 sed
3250 4576 3428 4629 neque
3463 4561 3638 4614 serica

394 4630 675 4701 βλακείαν,
717 4630 1000 4700 ὠνόμαζεν
1048 4633 1075 4684 ὁ
1123 4630 1298 4699 μέγας
1335 4628 1806 4696 Βασίλειος),μάλλ’
1845 4630 1964 4682 οὐδὲ

2070 4661 2243 4718 veste,
2272 4663 2543 4706 metaxata
2574 4652 2793 4707 scilicet
2822 4652 2996 4721 (seres
3044 4653 3188 4705 enim
3234 4666 3448 4707 vermes
3490 4651 3639 4720 sunt)

391 4723 597 4790 ἐσθῆτα
645 4724 899 4794 σηρικὴν,
942 4722 1108 4793 ἤγουν
1156 4721 1460 4795 μεταξατὴν
1513 4722 1703 4791 (σῆρες
1736 4723 1864 4793 γὰρ
1916 4724 1964 4776 oi

2070 4741 2443 4796 induebantur
2480 4741 2586 4796 viri
2617 4741 3013 4807 sacerdotales,
3046 4755 3226 4811 neque
3275 4741 3383 4794 alia
3436 4741 3637 4795 diversi

398 4817 730 4885 σκώληκες),
775 4814 1081 4885 ὲνεδέδυντο
1136 4812 1805 4884 ἱερατικοὶνᾶνδρεςηῦτε
1844 4814 1968 4868 τινὰ

392 4910 686 4979 ἑτερόχροα
725 4908 1076 4976 ὲπιϐλήματα
1116 4908 1511 4976 προσετίθεσαν
1536 4908 1594 4960 ὲν
1621 4910 1733 4969 τοῖς
1774 4908 1964 4977 ἄκροις

391 5001 502 5051 τῶν
531 4998 764 5068 ἱματίων
790 4996 994 5060 αὐτῶν,
1050 4998 1220 5067 ἤγουν
1264 4996 1540 5066 μαργέλια
1568 5010 1583 5027 ·
1626 4996 1725 5049 καὶ
1765 4996 1960 5065 ἐφεξῆς

392 5093 713 5161 ἐπιφέρουσι
758 5091 821 5142 τὸ
860 5086 1221 5157 εὐαγγελικὸν
1274 5088 1464 5158 ῥητόν.
1532 5086 1831 5156 Ἀνάγνωθι
1867 5088 1963 5140 καὶ

392 5186 487 5236 τὸν
545 5182 624 5246 κζ’
677 5182 875 5235 κανόνα
937 5180 1037 5250 τῆς
1079 5186 1132 5243 ς’
1201 5178 1440 5232 συνόδου.
1484 5180 1838 5248 Αίτιωμένων
1900 5178 1959 5232 δὲ

390 5278 503 5330 τῶν
536 5256 1087 5345 λαμπρειμονούντων
1124 5270 1408 5342 κλῆρικῶν
1437 5270 1524 5323 διὰ
1548 5274 1782 5342 ἱματίων
1811 5270 1965 5340 λεγο-

283 5444 295 5453 .
394 5370 575 5441 μένων
606 5368 878 5437 ἐξαμίτων
906 5368 1137 5437 ἐχόντων
1175 5367 1235 5418 οὐ
1272 5364 1433 5434 μόνον
1482 5364 1779 5435 ἑτερόχροα
1807 5364 1958 5418 ἀντί-ι

395 5481 561 5529 ﬂava,
590 5463 726 5516 ἀλλὰ
756 5463 847 5516 καὶ
874 5463 1248 5533 χρυσόπαστα,
1274 5462 1411 5530 πρὸς
1444 5460 1501 5511 δὲ
1529 5459 1620 5513 καὶ
1650 5460 1960 5529 γράμματα

396 5556 663 5625 πολυτελῆ
695 5556 897 5626 χρυσᾶ.
929 5551 1080 5608 εἶπόν
1108 5572 1253 5617 τινες
1279 5555 1370 5606 τὸν
1400 5553 1600 5606 κανόνα
1634 5553 1964 5623 ἐκφωνῆθῆ-

394 5665 482 5703 ναι
515 5648 602 5700 διὰ
626 5650 726 5718 τὴν
758 5648 878 5700 τότε
916 5643 1086 5701 οὖσαν
1119 5646 1348 5712 ἀταξίαν
1381 5647 1463 5711 είς
1494 5645 1595 5709 τὰς
1637 5646 1962 5717 ἐκκλησίας,

468 5741 509 5771 ⁸⁷
537 5739 729 5794 Matth.
765 5755 846 5804 ιι,
890 5739 950 5792 8.

714 5839 986 5897 Paruoc.
1032 5836 1149 5895 Gn.
1181 5833 1553 5897 CXXXVII.
1618 5918 1623 5925 _

2073 4834 2276 4889 coloris
2305 4834 2685 4889 additamenta
2718 4835 2951 4889 vestium
2990 4833 3234 4903 ipsarum
3261 4833 3496 4887 ﬁmbriis
3542 4834 3638 4886 ad-

2062 4927 2350 4996 jiciebant,
2393 4927 2602 4981 scilicet
2629 4927 2864 4993 limbos;
2892 4934 2947 4979 et
2973 4924 3174 4979 deinde
3219 4925 3426 4978 dictmn
3473 4940 3640 4978 evan-

2066 5019 2305 5088 gelicum
2346 5019 2634 5088 adjiciunt.
2682 5017 2827 5087 Lege
2879 5025 2937 5071 et
2993 5032 3257 5077 cauonem
3307 5017 3396 5083 27,
3443 5018 3636 5087 synodi

2062 5119 2253 5173 sextae,
2283 5110 2422 5164 Cum
2489 5120 2673 5165 autem
2724 5119 3121 5165 accusarentur
3175 5109 3396 5179 quidem
3455 5109 3639 5163 clerici

2066 5202 2356 5274 splendide
2386 5203 2589 5267 induti,
2620 5204 2713 5271 qui
2750 5211 2933 5256 vestes
2965 5202 3221 5257 samittos
3253 5203 3429 5256 dictas
3453 5214 3639 5269 gesta-

2067 5298 2223 5359 bant,
2255 5311 2379 5365 qua:
2410 5310 2518 5349 non
2556 5295 2734 5351 solum
2791 5294 2997 5350 diversi
3051 5295 3251 5349 coloris
3300 5304 3639 5362 antepannas

2064 5403 2163 5444 seu
2192 5387 2440 5443 ﬁmbrias
2492 5387 2788 5453 habebant,
2842 5387 2938 5441 sed
2979 5388 3142 5442 etiam
3204 5400 3347 5441 auro
3403 5384 3636 5445 intexta,

2068 5487 2329 5545 praeterea
2366 5485 2571 5541 autem,
2635 5487 2690 5530 et
2743 5485 3093 5545 sumptuosas
3147 5488 3345 5528 aureas
3390 5473 3636 5535 litteras;

2068 5569 2322 5623 dicebant
2349 5567 2611 5637 quidam,
2656 5566 2865 5623 editum
2919 5581 3043 5621 esse
3093 5579 3376 5629 cauouem,
3416 5571 3640 5633 propter

2076 5680 2194 5721 eam
2257 5678 2381 5735 qua.-
2410 5672 2541 5719 tunc
2569 5672 2690 5718 erat
2727 5662 2784 5719 in
2818 5658 3086 5727 eCclesiis,
3122 5674 3303 5716 rerum
3352 5656 3637 5714 confusio-

3258 5822 3327 5885 31
