4056 6406
317 354 418 414 973

1275 346 1352 403 IN
1397 347 1556 405 CAN.
1594 347 1756 406 XVII
1797 346 2008 406 CONC.
2046 348 2158 406 ΠΙ
2198 347 2547 406 (ECUMEN.

3439 346 3542 406 οτι

315 484 395 545 είς
417 481 542 542 τοὺς
564 479 1007 545 πολιτευομένους
1037 481 1178 528 κατὰ
1214 477 1365 535 Θεὸν,
1400 475 1719 544 διωρίσαντο
1754 477 1878 537 τοὺς

1992 457 2072 524 qui
2128 459 2426 510 secundum
2488 457 2651 509 Deum
2706 457 2884 508 vivere
2935 456 3296 518 constituunt,
3336 464 3540 510 statue-

317 571 822 641 καταλιμπάνοντας
878 569 1141 636 μοναχοὺς
1191 567 1257 618 τὰ
1309 568 1486 618 οἰκεῖα
1539 567 1876 635 μοναστὴρια

317 665 405 716 διὰ
435 661 790 730 φιλοδοξίαιιῆ
825 658 1206 721 ἀνυποταξίαν,
1249 658 1340 708 καὶ
1372 657 1751 726 ὲγχετροῦντας
1782 658 1876 726 μὲν

315 753 520 814 κτίζειν
543 751 858 818 εὐκτηρίους
885 751 1086 813 οἴκους,
1110 749 1181 817 μὴ
1217 740 1435 815 ἔχοντας
1467 747 1523 799 δὲ
1548 748 1877 816 αὐτάρκειαν

317 843 451 910 πρὸς
475 840 840 910 ἁπαρτισμδν,
875 839 1179 892 κωλύεσθαι
1210 841 1359 907 παρὰ
1385 840 1476 890 τοῦ
1514 841 1653 890 κατὰ
1692 839 1876 908 χώραν

316 935 635 992 ἐπισκόπου,
672 932 857 1001 ὥσπερ
881 932 1296 999 συγκροτεῖσθαι
1345 934 1466 994 τοὺς
1520 932 1742 1000 ἔχοντας
1786 934 1878 984 ἀνθ

314 1027 530 1086 ε·.δεὼς.
555 1027 625 1082 Τὸ
662 1027 791 1078 ait?)
841 1027 895 1077 δὲ
939 1025 1178 1091 γίνεσθαι
1232 1027 1324 1078 καὶ
1374 1027 1466 1076 ἐπὶ
1523 1026 1724 1078 λαῖκῶν
1785 1027 1877 1078 καὶ

314 1117 612 1186 κληρικῶν.
683 1118 755 1168 Σὺ
815 1117 870 1167 6‘s
923 1118 970 1167 εί
1039 1117 1209 1178 Οέλεις
1272 1115 1461 1169 μαθεῖν
1539 1117 1873 1184 πλατύτερον

315 1210 429 1271 πῶς
465 1212 555 1262 καί⁸
589 1211 738 1280 παρὰ
767 1210 923 1262 τίνων
954 1209 1308 1273 κτίζονταιτὰ
1335 1213 1693 1276 μοναστηρια.
1724 1207 1874 1274 ζήτει

314 1317 434 1366 κερ.
471 1301 517 1351 α’
577 1301 668 1351 τοῦ
729 1306 776 1352 α’
834 1301 1008 1352 τίτλον
1044 1299 1135 1351 τοῦ
1172 1299 1213 1350 δ’
1262 1298 1468 1367 βιϐλίου
1510 1300 1618 1350 τῶν
1663 1298 1877 1350 Βασιλι⁴

317 1393 448 1452 κῶν,
506 1393 641 1458 ὅπερ
693 1393 810 1443 ἐστὶ
863 1392 1028 1460 μέρος
1090 1391 1190 1460 τῆς
1249 1387 1368 1459 ρκγ¹
1447 1390 1873 1440 Ἰουστινιανείου

315 1486 534 1548 νεαρᾶς,
593 1485 684 1535 καί
731 1484 790 1534 τὸ
837 1484 954 1534 ὅλον
1027 1479 1074 1534 α’
1123 1500 1246 1548 κεφο
1292 1480 1386 1532 τοῦ
1437 1477 1504 1533 ια’
1557 1481 1732 1532 τίτλον
1782 1477 1874 1530 τοῦ

315 1575 582 1643 παρόντος
617 1575 1019 1642 συντάγματος,
1055 1575 1148 1625 καὶ
1179 1573 1247 1624 τα
1293 1571 1350 1624 ἔν
1379 1573 1524 1641 αὐτῷ
1559 1590 1571 1602 ’
1611 1573 1874 1635 ὡσαύτως

313 1667 406 1717 καὶ
435 1665 526 1716 τὸν
577 1670 623 1717 α’
657 1665 854 1716 κανόνα
885 1665 981 1733 τῆς
1014 1663 1174 1730 ἁγίας
1203 1663 1296 1715 καὶ
1326 1663 1571 1730 μεγάλης
1603 1661 1649 1714 α’
1679 1667 1773 1714 καὶ
1830 1663 1873 1731 β’

315 1755 536 1807 συνόδου
568 1757 670 1824 τῆς
719 1758 776 1808 ἐν
831 1755 908 1824 τῷ
957 1755 1068 1822 ναῷ
1107 1755 1214 1806 τῶν
1282 1755 1482 1821 Ἀγίων
1539 1755 1875 1807 Ἀποστόλων

318 1848 611 1914 συστάσης,
650 1848 743 1899 καὶ
772 1847 947 1917 μάθῃς
978 1847 1156 1899 πάντα
1187 1847 1254 1899 τὰ
1284 1847 1412 1915 περὶ
1457 1847 1556 1914 τῆς
1586 1847 1874 1916 οἰκοδομῆς

311 1938 421 1990 τῶν
455 1940 860 2009 μοναστηρίων.
885 1939 958 1991 Τὸ
990 1939 1172 2008 μέντοι
1199 1938 1567 2009 προκομισοὲν
1591 1940 1745 2008 παρὰ
1772 1939 1879 1992 τῶν

316 2034 485 2099 ἁγίων
519 2033 801 2100 Πατέρων,
833 2033 906 2102 μὴ
951 2031 1342 2100 ὲξακουὸμενον
1385 2032 1479 2084 καὶ
1528 2032 1621 2083 ἐπὶ
1672 2032 1879 2086 λαῖκῶν

315 2127 410 2178 καὶ
439 2124 741 2192 κληρικῶν,
774 2124 1010 2176 ὲκλαϐοὖ
1037 2126 1117 2185 εἰς
1173 2125 1368 2193 μόνους
1413 2124 1539 2194 toi);
1588 2123 1878 2194 μοναχοὺς.

315 2219 388 2270 Τὸ
412 2218 468 2270 δὲ
496 2216 804 2270 κωλύεσθαι
851 2217 976 2279 τοὺς
1025 2215 1312 2278 κτίζοντας
1362 2217 1734 2286 μοναστήρια,
1785 2215 1882 2268 καὶ

319 2311 395 2381 μὴ
427 2310 645 2379 ἔχοντας
674 2308 950 2378 ἀρκοῦσαν
982 2308 1232 2377 δαπάνην
1267 2308 1500 2360 ἕλκυσον
1531 2309 1612 2370 είς
1648 2307 1877 2373 πάντας,

315 2405 482 2472 ἤγουν
513 2402 592 2462 εἰς
636 2401 876 2465 λαῐκοὺς,
919 2400 1238 2470 κληρικοὺς,
1279 2399 1614 2461 ἐπισκόπους
1640 2439 1654 2463 ,
1713 2415 1882 2468 μοναο

317 2494 446 2560 χοῦς
477 2494 571 2544 καὶ
603 2491 846 2551 λοιπούς.
893 2490 1190 2559 Ἐρωτήσει
1237 2489 1293 2542 δέ
1338 2507 1442 2550 τις,
1491 2491 1597 2542 Καὶ
1627 2491 1744 2552 πῶς
1781 2490 1881 2559 τὴν

317 2579 566 2652 δαπάνην
619 2583 1060 2652 ἁπαιτηϋήσεται
1098 2582 1126 2632 ὁ
1157 2580 1327 2632 οέλων
1373 2579 1558 2632 κτίσαι
1611 2583 1885 2652 μοναστή·

319 2693 434 2745 ριον
457 2693 470 2736 ;
497 2670 644 2742 ’Ἆρα
675 2673 900 2744 χρυσίου
931 2673 1103 2726 πολλὰ
1125 2690 1246 2725 τινα
1273 2673 1512 2726 τάλαντα
1552 2673 1584 2742 ἢ
1629 2675 1887 2744 μετρίους

320 2769 639 2835 στατῆρας;
688 2767 900 2830 Λύσις.
959 2765 1125 2817 Οὐδὲν
1201 2763 1261 2827 ἐξ
1300 2764 1520 2833 ἀμφοῖν.
1585 2763 1723 2817 Οὔτε
1779 2766 1888 2834 γὰρ

321 2857 690 2926 ἁναγκάζεταί
725 2875 808 2921 τις
832 2860 1208 2928 προσαγαγεῖν
1237 2857 1315 2927 τῷ
1342 2860 1459 2928 Θεῷ
1487 2859 1887 2930 μεγαλοπρεπῆ

322 2951 415 3001 καὶ
447 2950 604 3012 ἀξίαν
637 2951 1032 3019 προσαγωγὴν,
1062 2950 1184 3002 οὔτε
1213 2951 1634 3020 μικροπρεποῦς
1660 2953 1887 3022 χρυσίου

324 3045 642 3112 κερμάτιον,
704 3043 778 3112 μὴ
820 3042 1022 3112 ἀρκοῦν
1063 3027 1152 3106 ἐἰς
1199 3043 1226 3095 ὃ
1278 3044 1545 3114 προέθετο
1593 3045 1889 3114 προφέρων

1919 921 1921 924 ‘
1985 925 2106 963 nem
2160 911 2452 974 sufliciunt,

1986 558 2133 609 runt,
2178 555 2236 600 ut
2270 548 2559 609 monachi,
2603 549 2694 613 qui
2739 558 2953 614 propter
2984 547 3167 614 glori:e
3193 546 3543 615 cupiditatem

1985 650 2080 688 Sua
2144 639 2475 691 monasteria
2528 639 2884 704 relinquunt,
2949 637 3031 689 vel
3103 638 3264 690 etiam
3328 646 3546 706 propter

1985 725 2432 791 inobedicntiam,
2473 737 2524 780 et
2550 729 2786 781 oratoria
2816 727 3034 796 quidem
3058 728 3328 782 :edificare
3354 741 3549 798 aggre-

1985 816 2230 881 diuntur,
2265 836 2369 872 non
2407 821 2607 874 habent
2643 831 2820 874 autem
2849 836 2966 890 qua:
3000 822 3066 874 ad
3099 822 3215 884 ejus
3252 821 3546 889 perfectio-

2522 913 2917 980 prohibeantur
2978 914 3045 966 ab
3109 913 3254 968 illius
3303 914 3546 982 regionis

1984 1002 2261 1071 episcoiuo,
2307 1013 2364 1055 ut
2403 1004 2493 1076 qui
2545 1019 2604 1055 ea
2653 1005 2982 1058 constituere
3023 1004 3206 1059 minus
3247 1004 3544 1060 sufﬁciunt.

1986 1093 2099 1147 Hoc
2136 1095 2312 1162 ipsum
2354 1108 2534 1148 autem
2570 1097 2733 1149 etiam
2773 1097 2885 1149 fieri
2940 1097 2993 1148 in
3047 1096 3202 1150 laieis
3241 1104 3294 1150 et
3330 1097 3547 1150 clericis

1983 1186 2293 1242 decrevere.
2344 1189 2400 1240 Si
2439 1188 2601 1242 latius
2646 1197 2828 1242 autem
2880 1190 3023 1244 scire
3061 1190 3217 1254 velis,
3269 1189 3545 1259 quomodo

1983 1288 2036 1332 et
2063 1293 2090 1330 a
2116 1279 2314 1343 quibus
2345 1279 2686 1333 mdilicautur
2717 1281 3045 1334 monasteria
3073 1321 3087 1344 ,
3123 1289 3308 1350 quaere
3339 1297 3461 1349 cap.
3493 1283 3545 1342 1,

1985 1373 2068 1424 tit.
2112 1371 2162 1433 1,
2197 1372 2290 1424 lib.
2337 1388 2387 1424 Iv
2429 1369 2646 1427 Basilio.
2681 1387 2800 1440 qua:
2838 1373 3054 1439 quidem
3099 1384 3181 1427 rst
3242 1389 3369 1441 pars
3444 1372 3544 1424 125

1983 1462 2271 1516 Justianini
2297 1462 2549 1524 Novellze,
2572 1474 2622 1518 et
2643 1472 2811 1517 totum
2831 1479 2952 1532 cap.
2974 1465 3024 1526 1,
3043 1467 3124 1518 tit.
3151 1465 3170 1516 1
3194 1467 3237 1525 1,
3265 1467 3549 1533 praesentis

1983 1558 2181 1625 operis,
2203 1565 2256 1609 et
2284 1571 2404 1624 qum
2435 1565 2562 1609 sunt
2585 1557 2636 1609 in
2665 1571 2729 1611 eo
2754 1576 2768 1621 ;
2803 1557 3052 1611 similiter
3078 1567 3131 1609 et
3153 1570 3270 1608 can.
3300 1557 3322 1608 1
3352 1567 3551 1611 sancta:

1983 1656 2037 1701 et
2064 1664 2267 1718 magna:
2305 1649 2494 1716 primre
2532 1659 2582 1703 et
2608 1651 2864 1703 secunda:
2904 1648 3094 1718 synodi
3130 1649 3321 1718 quaain
3349 1651 3547 1718 letliplu

1986 1739 2312 1792 Sanctorum
2341 1739 2734 1808 Apostolorum
2761 1751 3090 1809 congregata
3113 1750 3195 1794 est
3231 1757 3244 1792 :
3280 1750 3333 1793 et
3363 1741 3549 1796 disces

1909 1810 1950 1863 Β
1977 1833 2159 1885 omnia
2193 1847 2313 1900 qua:
2342 1833 2406 1884 ad
2447 1833 2904 1886 monasteriorum
2927 1831 3346 1886 aedificationem
3373 1833 3546 1900 perti-

1981 1931 2133 1975 nent.
2166 1920 2321 1987 Quod
2368 1933 2548 1976 autem
2599 1937 2628 1976 a
2667 1923 2872 1977 sanctis
2901 1921 3155 1977 Patribus
3190 1924 3242 1975 in
3278 1923 3548 1991 prooemio

1981 2013 2189 2066 dictum
2227 2021 2332 2076 est,
2359 2013 2412 2066 in
2458 2014 2617 2067 laicis
2648 2015 2812 2068 etiam
2849 2021 2904 2068 et
2928 2013 3148 2068 clericis
3179 2030 3284 2068 non
3323 2015 3550 2068 exaudi-

1985 2115 2122 2167 tum,
2146 2105 2211 2159 de
2240 2105 2373 2159 solis
2392 2089 3201 2174 monachis‘accipe.Prohiberi
3225 2115 3404 2158 autem
3431 2120 3548 2170 eos,

1981 2195 2073 2263 qui
2119 2194 2446 2248 monasteria
2493 2193 2796 2255 :edificant,
2856 2204 2910 2247 et
2960 2201 3237 2262 sumptum
3281 2193 3550 2248 sufﬁcien-

1981 2294 2091 2340 tem
2123 2299 2234 2339 non
2270 2285 2493 2351 habent,
2527 2285 2595 2339 ad
2617 2301 2806 2340 omnes
2837 2286 3044 2340 scilicet
3081 2286 3270 2350 laicos,
3291 2288 3546 2348 clericos,-

1983 2377 2299 2446 episcopos,
2333 2377 2633 2433 monachos
2662 2387 2716 2432 et
2744 2377 2982 2446 reliquos
3014 2381 3266 2433 extende.
3301 2380 3550 2448 Rogare-

1985 2469 2054 2521 rit
2103 2478 2282 2523 autem
2340 2470 2636 2539 quispiam,
2695 2469 2756 2522 Et
2793 2479 3032 2538 quantus
3083 2481 3336 2539 sumptus
3372 2473 3440 2527 ab
3485 2489 3551 2526 eo

1983 2558 2252 2626 exigetur,
2278 2558 2372 2626 qui
2394 2558 2524 2611 velit
2545 2559 2938 2612 monasterium
2966 2558 3287 2611 exstruere?
3315 2558 3552 2611 Multane

1986 2651 2104 2705 auri
2136 2651 2362 2714 talenta,
2385 2666 2450 2703 an
2475 2661 2705 2706 stateres
2737 2649 2977 2718 aliquot?
3018 2648 3245 2704 Salutio.
3265 2649 3550 2718 Neutrum.

1986 2745 2106 2798 Non
2138 2743 2280 2798 enim
2313 2750 2538 2811 cogetur
2569 2742 2842 2811 quispiam
2888 2741 3234 2810 magniﬁcam
3276 2752 3330 2795 et
3374 2745 3554 2812 magni

1988 2836 2147 2906 pretii
2202 2835 2312 2889 Deo
2353 2833 2551 2888 offerre
2599 2835 2959 2898 oblationem,
3009 2850 3108 2889 nec
3151 2835 3419 2890 minutnla
3457 2838 3556 2891 ah-

1990 2933 2123 2996 quot
2169 2925 2286 2979 auri
2337 2925 2692 2986 numismata,
2749 2925 2813 2977 ad
2847 2939 2909 2978 ea
2952 2940 3072 2993 qua:
3118 2927 3404 2994 proposuit
3445 2942 3552 2980 non

1990 3017 2366 3072 sufﬁcientiam
2401 3016 2634 3071 aﬂerens
2678 3017 3021 3072 exaudietnr.
3058 3016 3161 3071 Sed
3205 3021 3330 3081 quia
3361 3035 3556 3074 mona-

323 3111 867 3204 εἰσακουσοὴσεταίξ
913 3135 1052 3187 Ἀλλ’
1114 3135 1237 3187 ἐπεὶ
1310 3111 1370 3188 τὸ
1438 3111 1728 3206 ἐλάχιστον
1782 3111 1887 3190 ’ὑπὸ

1994 3115 2222 3168 sterimn
2254 3128 2281 3166 ο
2313 3112 2493 3167 tribus
2530 3113 2596 3165 ad
2625 3111 2911 3165 minimum
2954 3113 3234 3165 monachis
3263 3114 3556 3169 constitui-

326 3229 492 3298 τριῶν
535 3229 792 3298 μοναχῶν
838 3227 1156 3301 συνίσταται
1213 3228 1596 3299 μοναστήριον,
1641 3231 1888 3298 ἀναγκαο

326 3318 586 3389 comm:
655 3320 683 3369 ὁ
739 3319 919 3372 κτίσαι
1000 3317 1208 3386 μέλλων
1277 3321 1641 3386 προσαγαγεῖν
1708 3319 1756 3369 εί
1816 3317 1890 3387 μὴ

323 3411 565 3475 πλείονα,
598 3410 734 3472 τέως
762 3409 818 3461 δὲ
850 3409 920 3461 τὰ
951 3408 1224 3478 ἀρκοῦντα
1263 3409 1341 3470 είς
1388 3406 1736 3477 ἀπαρτισμὸν
1760 3407 1889 3460 ναοῦ

303 3491 418 3552 ’καὶ
464 3499 780 3568 οἰκονομίαν
830 3497 1000 3550 αὐτοῦ
1053 3499 1147 3550 καί
1207 3498 1376 3568 τριῶν
1425 3495 1693 3564 μοναχῶν.
1753 3497 1891 3566 Φησὶ

321 3595 431 3660 γαρ
459 3592 492 3660 ἠ
525 3587 586 3642 ιδ’
617 3590 784 3658 νεαρὰ
819 3588 914 3640 τοῦ
965 3589 1230 3658 βασιλέως
1293 3588 1482 3658 κυρίου
1528 3587 1755 3650 Λέοντος
1797 3587 1891 3641 τοῦ

323 3684 620 3748 Φιλοσόφου
681 3683 820 3750 μετᾶ
873 3683 934 3734 τὸ
987 3681 1272 3751 προοίμιον
1321 3680 1530 3733 ταῦτα·
1563 3679 1749 3748 Φαμὲν
1799 3675 1908 3758 οὖν.

323 3772 422 3837 ὼς,
459 3774 580 3825 ἐπεὶ
613 3773 674 3824 τὸ
703 3774 846 3824 Θεῖον
895 3771 1070 3839 ἐπῆγε
1116 3770 1290 3839 στόμα
1315 3785 1328 3800 ·
1375 3771 1568 3823 ’Ὅπου
1608 3769 1726 3822 εἶσὶ
1784 3771 1894 3823 δύο

323 3863 364 3930 ’ἢ
412 3862 568 3931 τρεῖς
624 3861 994 3931 συνηγμένοι
1045 3860 1113 3913 ἐν
1165 3857 1244 3924 τῷ
1310 3860 1557 3929 ὀνόματί
1579 3876 1722 3928 μου,
1772 3858 1900 3912 ἐκεῖ

325 3957 444 4022 εὶμι
476 3954 734 4024 ἐνμέσῳ
778 3952 999 4016 αὐτῶν,
1045 3951 1242 4022 χρῆναι
1279 3952 1340 4004 τὸ
1383 3951 1667 4020 ἐλάχιστον
1718 3952 1894 4020 τρισὶν

330 4044 596 4114 ἐπαρκεῖν
626 4045 686 4096 τὸ
737 4045 1107 4114 μοναστηρίου
1152 4044 1348 4112 κλῆσιν
1387 4043 1754 4111 ὑποδυόμενον
1801 4041 1894 4107 ἐρ-

325 4151 448 4201 γον,
487 4135 729 4204 δηλονότι
761 4135 994 4187 καὶτῶν
1033 4134 1208 4188 ἄλλων
1245 4133 1405 4203 ἱερῶν
1432 4132 1748 4202 κειμηλίων,
1799 4134 1896 4186 ὅσα

328 4243 388 4278 τε
419 4229 556 4296 πρὸς
582 4228 863 4295 ἁγιστείαν
894 4227 988 4279 καὶ
1016 4226 1323 4293 δοξολογίαν
1350 4226 1572 4296 ὁρῶσιν,
1617 4226 1896 4297 ὑπαρχού-

331 4336 433 4386 σης
462 4321 563 4388 τῆς
589 4320 869 4388 εὐπορίας,
898 4319 990 4390 Τῷ
1025 4320 1125 4388 μὲν
1173 4317 1266 4370 οὖν
1300 4318 1434 4388 πρὸς
1466 4318 1756 4383 ἀνιέρωσιν
1796 4336 1894 4387 μο·

331 4412 629 4480 ναστηρίου
690 4412 969 4466 ἀκώλυτον
1018 4412 1194 4476 ἕξοντι
1253 4409 1352 4479 τὴν
1404 4410 1770 4480 ἐπιχείρησιν,
1817 4411 1897 4472 είς

1993 3213 2104 3268 tur,
2130 3214 2376 3275 cogetur,
2399 3204 2493 3273 qui
2517 3203 2630 3257 vult
2653 3203 2946 3267 aedificare,
2979 3202 3171 3256 afferre
3191 3203 3354 3273 320
3380 3205 3424 3258 si
3451 3221 3556 3258 non

1993 3297 2171 3364 plura,
2235 3311 2298 3350 ea
2344 3297 2564 3365 quidem
2604 3305 2752 3349 certe
2785 3310 2902 3363 quae
2958 3293 3233 3347 suﬂiciuut
3277 3296 3342 3347 ad
3375 3297 3559 3366 templi

1995 3387 2404 3455 perfectionem,
2471 3403 2734 3457 suamque
2798 3395 2852 3441 et
2931 3387 3092 3440 trium
3165 3389 3556 3442 monachorum

1997 3481 2388 3536 habitationem
2418 3489 2471 3536 et
2498 3479 2892 3548 provisionem.
2949 3480 3084 3532 Dicit
3110 3481 3250 3535 enim
3285 3483 3346 3534 Μ
3389 3483 3558 3552 impe-

1997 3571 2196 3624 ratoris
2258 3571 2462 3624 domini
2530 3570 2729 3626 Leonis
2795 3569 3113 3640 Philosophi
3167 3570 3386 3626 Novella
3441 3583 3564 3643 pos:

1995 3665 2320 3732 procemium
2373 3663 2516 3718 haec:
2566 3663 2808 3718 Dicimus
2865 3666 3046 3733 itaque
3098 3665 3242 3733 quod
3304 3668 3560 3734 quoniam

1997 3757 2184 3810 divino
2231 3770 2326 3808 ore
2357 3755 2565 3809 dictum
2599 3765 2700 3820 est,
2747 3754 2846 3808 Ubi
2884 3766 3003 3809 sunt
3045 3756 3150 3808 duo
3183 3760 3262 3808 vel
3303 3768 3408 3810 tres
3439 3774 3564 3810 con-

1996 3851 2199 3918 gregati
2231 3847 2284 3900 in
2305 3849 2512 3901 nomine
2561 3865 2695 3910 meo,
2727 3847 2838 3900 illic
2865 3864 2982 3901 sum
3011 3848 3066 3900 in
3093 3848 3262 3900 medio
3295 3865 3474 3902 eorum
3496 3851 3564 3913 ⁸⁸,

1998 3953 2213 4013 oportet
2249 3942 2424 3998 tribus
2471 3944 2536 3997 ad
2587 3944 2873 3997 minimum
2922 3942 3168 3998 sufficere
3209 3959 3366 4014 Opus,
3420 3948 3560 4014 quod

1980 4034 2320 4090 ‘monasterii
2353 4034 2504 4089 subit
2537 4034 2957 4103 appellationem
2987 4073 3002 4098 ,
3055 4043 3110 4089 et
3154 4035 3386 4088 aliorum
3417 4037 3564 4090 scili-

2000 4137 2085 4184 cet
2116 4129 2476 4198 pretiosorum
2508 4127 3025 4192 instrumentorum,
3057 4143 3179 4196 quae
3208 4127 3273 4180 ad
3315 4142 3565 4182 ceremo—'

2000 4224 2120 4277 nias
2152 4219 2355 4287 Deique
2385 4219 2593 4273 cultum
2633 4227 2686 4271 et
2717 4219 2959 4272 nominis
2979 4218 3398 4272 celebrationem
3443 4235 3567 4287 pcr-

2000 4314 2194 4374 tinent,
2232 4327 2338 4365 non
2365 4310 2556 4365 deesse
2594 4310 2928 4364 facultatem.
2964 4310 3098 4363 Eum
3142 4324 3289 4375 ergo,
3321 4309 3412 4378 qui
3447 4325 3565 4363 Ino-

2003 4405 2300 4460 nasterium
2349 4417 2675 4457 consecrare
2725 4403 2852 4455 velit
2893 4401 3110 4469 aggredi
3143 4401 3279 4454 citra
3317 4401 3565 4470 prohibi—

329 4503 586 4555 τοσοῦτον
617 4505 801 4573 δεήσει
851 4505 911 4557 τὸ
945 4504 1228 4574 ἐλάχιστον
1267 4502 1327 4554 τὸ
1378 4503 1672 4571 ἁφιέρωμα
1716 4518 1887 4554 συντε-

2003 4499 2228 4559 tionem,
2262 4510 2331 4549 eo
2369 4510 2542 4564 usque
2585 4495 2655 4546 ad
2704 4494 2984 4546 minimum
3020 4493 3293 4561 oportebit
3341 4494 3405 4546 ad
3446 4495 3567 4554 eius

332 4593 468 4646 λείν.
513 4594 638 4646 ’Ὁτι
670 4595 726 4645 δὲ
753 4596 802 4645 οἱ
854 4595 1122 4656 πλεῖστοι,
1160 4593 1296 4664 πρὸς
1336 4593 1432 4662 τὴν
1488 4593 1742 4660 τοιαύτην
1784 4595 1905 4644 ἐπι-

333 4686 586 4755 χείρησιν
621 4687 847 4747 ἑαυτοὺς
873 4686 1229 4747 ἐπιδιδόντες,
1270 4686 1442 4736 ἐνίοτε
1482 4685 1656 4735 ὀπίσω
1703 4683 1900 4753 βουλῆς

335 4778 753 4840 ἀπολείπονται,
786 4776 1156 4846 προλαϐόντος
1200 4777 1294 4829 τοῦ
1353 4776 1608 4841 θανάτου,
1657 4778 1752 4828 καὶ
1803 4777 1902 4846 τῆς

333 4870 394 4920 ἐν
424 4868 733 4938 ἀνθρώποις
763 4869 960 4928 αὐτοὺς
989 4871 1436 4938 συναναστροφῆς
1460 4866 1900 4934 ὲξαφανίζοντος,

332 4962 511 5011 ἐκεῖνο
557 4963 686 5030 ἡμῖν
740 4960 1052 5021 Θεσπίζεται
1105 4959 1178 5019 ὡς
1209 5000 1222 5019 ,

335 5051 560 5121 Θούσης,
603 5053 673 5104 τὰ
714 5053 772 5104 ὲν
804 5054 939 5120 αὐτῇ
974 5051 1312 5121 διορισθέντα
1349 5050 1501 5104 ἔσται
1536 5054 1631 5119 τῆς
1667 5051 1896 5118 Ἐκκλη-

337 5147 480 5206 σίας.
516 5146 576 5196 Εἰ
607 5144 684 5208 δὲ,
715 5145 874 5197 ὁποῖα
915 5144 1086 5195 πολλὰ
1117 5143 1272 5211 φέρει
1306 5144 1364 5193 to
1391 5142 1605 5212 ἄδηλον,
1649 5142 1754 5212 πρὸ
1806 5143 1904 5209 τῆς

1695 5234 1902 5285 παίδων

1276 4960 1659 5021 διατυπώσεως
1709 4957 1905 5027 προελ-

333 5238 446 5290 τῶν
501 5237 720 5288 οἰκείων
778 5236 1156 5306 ἀναρπασθείη
1205 5235 1631 5297 διατυπώσεως,

335 5329 438 5399 μὲν
469 5329 712 5381 ὑπόντων
737 5328 863 5399 ἄχρι
893 5328 1086 5397 τριῶν,
1120 5342 1383 5394 τέταρτον
1417 5327 1580 5394 μέρος
1603 5325 1702 5390 τῆς
1732 5324 1908 5394 ὑπάρ-

334 5421 473 5487 ξεως
499 5418 843 5472 οἰκειώσεται
874 5419 906 5486 ἡ
937 5420 1071 5487 μονή
1112 5433 1125 5446 ·
1178 5416 1439 5468 ἐπέκεινα
1480 5414 1535 5464 δὲ
1567 5413 1660 5464 τοῦ
1712 5413 1898 5480 τρίτου

334 5513 573 5584 ἀριθμοῦ
599 5512 880 5584 προϊόντος
909 5511 1002 5562 τοῦ
1037 5510 1137 5579 τῆς
1166 5510 1329 5578 γονῆς
1375 5505 1638 5571 πλήθους,
1693 5521 1903 5572 συγκα-

334 5606 620 5670 ταλὲξεται
652 5606 711 5658 τὸ
769 5605 1131 5673 μοναστήριον
1168 5604 1280 5661 τοῖς
1319 5601 1500 5660 παισὶ,
1549 5597 1643 5648 καὶ
1691 5596 1759 5647 τὰ
1812 5597 1904 5647 ἴσα

336 5697 548 5751 τούτων
617 5697 828 5764 ἑκάστῳ
883 5694 1109 5763 λήψεται
1156 5695 1218 5746 ἐκ
1257 5692 1437 5761 πάσης
1465 5689 1801 5757 περιτυσίας,
1836 5683 1902 5758 ἧς

415 5793 460 5823 ⁸⁸
491 5792 681 5847 Matth.
717 5806 872 5855 avni,
908 5788 1000 5841 9.0.

2006 4586 2476 4660 Conseorationem
2527 4587 2862 4656 impendere.
2903 4586 3170 4651 Quoniam
3219 4595 3397 4638 autem
3452 4587 3570 4655 plu-

2006 4679 2154 4744 rimi,
2186 4679 2277 4748 qui
2310 4695 2368 4733 se
2398 4679 2490 4732 tali
2536 4678 2614 4732 rei
2671 4676 3054 4746 aggrediunda:
3091 4675 3388 4735 dedidere..
3428 4689 3563 4729 non-

2005 4787 2284 4841 nunquam
2330 4781 2516 4841 postea
2551 4769 2781 4822 consilio
2823 4768 3180 4831 frustrantur,
3215 4776 3391 4819 morte
3431 4781 3567 4834 pne:-

2005 4862 2276 4923 veniente,
2329 4868 2384 4911 et
2414 4874 2601 4911 eorum
2641 4858 2780 4910 inter
2815 4857 3060 4909 homines
3096 4854 3566 4916 conversationem

2005 4953 2249 5011 tollente,
2298 4949 2430 5002 illud
2469 4965 2496 4999 ιι
2541 4949 2696 5001 nobis
2729 4949 3073 5011 decernitur;
3112 4945 3254 5014 quod
3301 4945 3346 4998 si
3399 4953 3562 4998 testa.

2008 5051 2255 5096 mentum
2308 5040 2680 5110 praecesserit,
2738 5055 2858 5108 quae
2907 5040 2958 5091 in
3007 5054 3073 5092 co
3117 5037 3380 5106 disposita
3421 5046 3568 5094 sunt,

2007 5144 2170 5189 erunt
2245 5132 2556 5186 Ecclesire:
2627 5131 2712 5184 sin
2779 5139 2961 5182 autem
3033 5128 3338 5196 eujnsmodi
3404 5128 3570 5178 multa

2008 5241 2193 5280 rerum
2247 5223 2404 5278 εαξη
2444 5221 2790 5279 incertitudo,
2845 5231 2987 5286 ante,
3037 5221 3239 5273 factum
3285 5219 3351 5272 de
3410 5220 3575 5271 rebus

2013 5318 2127 5373 suis
2161 5325 2543 5372 testamentum
2585 5329 2614 5365 e
2652 5313 2831 5366 medio
2877 5314 3128 5368 sublatus
3165 5313 3347 5368 fuerit,
3380 5311 3424 5361 si
3463 5312 3573 5359 sint

2016 5408 2234 5478 quidem
2293 5417 2402 5459 trcs
2463 5405 2665 5466 liberi,
2719 5412 2967 5470 quartam
3043 5403 3310 5454 bonorum
3366 5409 3572 5465 partem

2013 5501 2113 5553 sibi
2170 5496 2463 5551 vindicabit
2536 5497 2980 5548 monasterium:
3041 5492 3124 5544 sin
3194 5502 3373 5541 autem
3435 5487 3572 5538 ultr.

2017 5592 2232 5645 tertium
2301 5602 2586 5639 numerum
2648 5584 2818 5651 prolis
2870 5579 3196 5648 processerit
3265 5575 3571 5628 multitudo,

2016 5683 2401 5750 monasterium
2464 5696 2567 5733 una
2623 5695 2746 5733 cum
2805 5677 2991 5730 liberis
3051 5671 3461 5729 numerabitur,
3521 5679 3576 5722 et
