4056 6400
485 332 598 389 9‘73

1791 324 2062 383 't‘i‘iEOD.
2104 322 2193 379 BA
2203 322 2499 383 LSAMON

3616 329 3727 390 B76

492 446 869 515 unusquisque
915 456 1104 497 eorum
1135 441 1397 510 aequalem
1426 450 1630 505 partem
1670 440 1903 509 accipiet
1934 444 2052 491 uni-

2157 463 2252 529 Οὐχ
2306 461 2540 514 ἅπτεται
2607 463 2743 531 χρέα
2794 460 2886 513 τοῦ
2944 462 3289 532 τεθνηκότος.
3339 463 3602 527 Ἀπαιδος
3663 467 3724 516 δὲ

490 551 770 590 versarunt
793 533 1133 594 facultatum,
1153 547 1289 601 quas
1306 531 1547 585 defuncti
1568 531 1746 584 debita
1766 546 1873 584 non
1892 531 2055 582 attin-

433 661 450 678 ..
492 639 645 697 gunt.
683 629 739 679 Si
763 635 943 679 autem
977 626 1177 678 liberos
1218 640 1326 678 non
1352 624 1548 677 habeat
1575 623 1666 692 qui
1710 623 1818 675 vita
1858 637 2049 676 exces-

452 732 463 816 γ
488 725 595 787 sit,
634 721 727 775 sed
769 718 987 782 irelictis
1013 717 1331 787 parentibus
1369 716 1685 776 decesserit,
1715 714 1781 768 iis
1809 728 1929 783 quae
1953 714 2052 765 ha-

455 805 463 826 ⁷
490 816 580 869 bet
611 813 859 867 bifariam
886 810 1097 874 divisis,
1121 809 1289 862 altera
1312 807 1529 877 quidem
1566 822 1690 873 pars
1712 805 2052 874 parentibus,

488 908 657 961 altera
701 918 830 959 vero
890 901 1226 956 monasterio
1257 900 1520 953 tradetur.
1554 898 1610 952 Si
1669 905 1847 952 autem
1882 899 2050 951 haere-

489 999 651 1054 dibus
685 991 1106 1051 ascendentibus
1139 991 1433 1046 destitutus
1466 988 1650 1055 fuerit,
1700 1003 1797 1043 eos
1846 996 2052 1051 autem,

487 1091 581 1162 qui
653 1105 748 1159 per
813 1084 1237 1155 transversalem
1296 1083 1495 1137 lineam
1552 1097 1678 1137 eum
1728 1081 2052 1150 attingunt,

485 1186 669 1238 clerus
697 1178 1017 1236 admiserit:
1057 1176 1159 1245 ipsi
1188 1175 1430 1245 quidem,
1456 1174 1775 1243 quicunque
1827 1172 2050 1236 fuerint,

486 1258 704 1330 tertiam
762 1281 973 1343 partem
1020 1268 1409 1340 possidebunt,
1465 1265 1584 1331 duae
1635 1274 1814 1319 autem
1869 1273 2053 1334 partes

488 1368 746 1423 Ecclesiae
758 1364 1034 1418 accedent.
1057 1360 1120 1414 Et
1138 1362 1251 1415 haec
1277 1359 1496 1430 quidem
1531 1360 1597 1412 de
1622 1358 1689 1413 iis
1713 1357 1806 1427 qui
1864 1373 2053 1414 mona-

486 1462 654 1518 steria
690 1458 982 1513 aedificant.
1027 1453 1384 1525 Interrogatio
1420 1467 1439 1516 ;
1482 1450 1541 1504 Si
1588 1450 1711 1519 quis
1741 1450 1919 1504 au'iem
1949 1449 2054 1503 do-

487 1572 635 1610 mum
688 1532 1033 1614 oratoriam,
1101 1562 1210 1601 non
1286 1543 1729 1607 monasterium,
1784 1541 2054 1596 aedificare

486 1647 737 1710 voluerit,
772 1652 1048 1697 tantamne
1080 1649 1141 1692 ut
1175 1636 1366 1691 afferat
1409 1637 1706 1704 impensam
1727 1673 1741 1697 ,
1771 1633 1922 1703 algeo
1959 1647 2055 1702 po-

485 1735 817 1797 etulabitur?
855 1731 1059 1787 Salutio
1090 1742 1111 1782 :
1156 1730 1530 1799 Nequaquam.
1588 1723 1712 1780 Haec
1780 1726 1933 1779 enim
1990 1725 2054 1778 de

486 1831 620 1886 solis
662 1824 1018 1880 monasteriis
1063 1821 1172 1875 lata
1203 1829 1349 1875 sunt.
1392 1816 1493 1885 Qui
1535 1824 1619 1872 est
1652 1831 1783 1884 ergo
1813 1814 2050 1887 aedifica-

486 1932 644 1977 turus
695 1919 894 1975 oilerre
956 1925 1181 1986 cogetur
1224 1914 1373 1982 quod
1403 1910 1534 1967 satis
1573 1918 1676 1971 est,
1703 1924 1769 1963 ex
1810 1907 2052 1977 episcopi

484 2012 920 2069 examinatione.
954 2007 1052 2062 His
1095 2021 1228 2075 ergo
1253 2006 1329 2060 ita
1367 2020 1428 2059 se
1468 2001 1823 2063 habentibus,
1867 2001 1919 2054 in
1961 2015 2054 2052 ur-

480 2106 636 2161 bium
673 2102 892 2174 quidem
933 2099 1116 2169 regina
1161 2097 1229 2153 ab
1257 2111 1345 2161 eo,
1379 2095 1472 2165 qui
1517 2094 1676 2149 statis
1716 2092 2053 2162 temporibus

483 2207 567 2255 est
611 2193 1028 2265 chartOphylax,
1066 2189 1255 2245 crucis
1292 2188 1419 2243 fixio
1447 2195 1600 2243 extra
1633 2187 1823 2240 urbem
1860 2186 2050 2252 alicui,

483 2290 745 2360 templum
802 2286 1044 2341 excitare
1096 2280 1301 2337 volenti
1346 2294 1455 2334 non
1504 2280 1689 2342 datur,
1740 2277 1847 2332 nisi
1893 2278 2051 2346 juxta

484 2383 723 2453 primum
765 2391 1031 2434 canonem
1099 2375 1287 2445 prima;
1332 2379 1388 2427 et
1442 2370 1696 2427 secundae
1746 2369 1939 2441 synodi
1997 2369 2052 2422 in

484 2476 711 2544 scriptis
760 2470 1098 2541 deposuerit,
1170 2483 1233 2522 se
1292 2466 1478 2520 omnia
1521 2465 1773 2518 attulisse
1820 2478 1942 2533 quae
1988 2462 2053 2517 ad

481 2569 601 2638 ejus
647 2565 1039 2637 perfectionem
1092 2561 1389 2630 pertinent,
1440 2565 1501 2612 ut
1550 2546 1806 2627 superius
1841 2556 2051 2609 dictum

487 2668 610 2725 cst,
647 2667 700 2712 et
722 2672 784 2711 ea
810 2654 1118 2710 minuta-tim
1160 2651 1564 2707 confirmaverit
1590 2649 1643 2703 in
1679 2647 2055 2705 ecclesiastico

489 2750 698 2805 codice.
719 2748 781 2803 In
810 2745 1054 2802 externis
1078 2752 1259 2798 autem
1297 2740 1708 2812 regionibus.ut
1762 2739 1889 2793 mihi
1932 2740 2055 2809 qui-

485 2846 608 2899 dem
626 2842 860 2903 videtur,
879 2837 1015 2893 nihil
1059 2832 1329 2905 ejusmodi
1370 2832 1671 2888 subtilitate
1687 2831 2051 2902 ,disqliiritur;

486 2937 582 2990 sed
610 2935 740 2989 licet
775 2932 925 2989 omni
956 2928 1159 2984 volenti
1184 2927 1389 2995 absque
1413 2925 1517 2978 ulla
1540 2924 1787 2978 molestia
1815 2915 2052 2977 orato'ria

485 3027 780 3082 :rdiiicare.
835 3023 978 3089 Quin
1012 3033 1065 3076 et
1102 3021 1190 3074 hic
1214 3022 1376 3073 etiam
1435 3016 1588 3070 multi
1633 3018 1842 3085 absque
1878 3016 2055 3069 scien-

488 3123 563 3175 tia
598 3120 840 3189 episcOpi
869 3116 1036 3171 multa
1055 3113 1260 3169 audent
1284 3112 1574 3183 ejusmodi.
1592 3110 1739 3176 Quia
1764 3119 1945 3163 autem
1964 3124 2055 3164 so-
2083 3099 2126 3158 C

478 3212 590 3265 lius
612 3210 797 3279 templi
824 3214 1077 3275 sumptus
1100 3204 1342 3258 meminit
1368 3203 1580 3266 canon’,
1600 3210 1850 3270 sumptus
1873 3212 2052 3254 autem

481 3304 729 3366 nomine,
764 3299 946 3355 omnia
978 3312 1101 3369 quae
1142 3304 1273 3352 sunt
1317 3288 1654 3349 monasterio
1679 3294 1829 3347 utilia
1871 3302 1925 3347 et
1964 3293 2051 3355 iis,

398 3374 405 3382 ’
479 3396 576 3465 qui
630 3394 686 3447 in
729 3392 848 3462 ipso
879 3398 1231 3453 exercentur,
1279 3385 1855 3457 comprehenduntur:
1885 3384 2054 3439 debes

486 3498 552 3543 tu
590 3496 867 3557 sumptum
902 3499 1121 3553 quoque
1160 3482 1239 3536 sic
1274 3481 1559 3550 accipere.

560 3578 816 3634 ZONAR.
849 3578 895 3631 Α
943 3574 1227 3631 monachis
1266 3570 1596 3628 monasteria
1633 3567 1955 3625 exmdificari
1986 3583 2057 3623 ne

489 3676 670 3739 iiccat,
714 3674 803 3727 bic
835 3669 1315 3726 canondecernit:
1350 3666 1418 3721 ab
1452 3666 1755 3735 imperandi
1782 3663 2055 3734 siquidem

490 3768 674 3825 studio
707 3765 1048 3836 parendique
1093 3761 1436 3831 impatientia
1469 3760 1720 3815 homines
1748 3760 1802 3813 in
1832 3758 1882 3812 id
1922 3767 2058 3812 con-

490 3862 674 3918 silium
711 3857 915 3928 impelli
960 3856 1119 3911 dicit.
1140 3854 1281 3910 Cum
1314 3854 1457 3909 enim
1504 3852 1649 3918 illos,
1679 3851 1880 3921 inquit,
1923 3850 2056 3905 obe—

490 3952 711 4007 (tientia:
758 3948 975 4005 taedium
1025 3947 1209 4018 cepit,
1268 3944 1688 4000 aediﬁcationem
1735 3944 2056 3999 moliuntur.

492 4047 617 4100 Mox
660 4059 789 4100 eum
845 4041 914 4096 ad
961 4037 1358 4110 perﬁciendum
1391 4035 1683 4091 facultates
1706 4046 1817 4089 non
1856 4044 2059 4104 suppe-

489 4147 651 4202 tant,
706 4148 874 4203 opera
937 4131 1191 4186 inchoata
1253 4129 1597 4199 relinquunt.
1668 4126 1727 4182 id
1781 4142 1852 4183 ne
1919 4125 2058 4190 ﬁat,

490 4229 730 4300 episcopi
782 4224 964 4281 studio
1008 4223 1192 4278 'curari
1254 4223 1428 4293 jubet.
1459 4221 1614 4289 Quod
1648 4220 1696 4275 si
1723 4220 1809 4274 cui
1846 4225 2058 4273 tantum

492 4327 745 4390 suppetat
795 4317 851 4373 in
894 4324 1196 4386 sumptum,
1231 4322 1495 4385 quantum
1523 4315 1675 4383 operi
1728 4308 2061 4365 absolvenda

492 4414 630 4469 satis
655 4426 780 4466 esse
814 4410 1015 4479 possit,
1048 4408 1119 4462 ab
1158 4420 1223 4461 eo
1252 4406 1467 4474 cogiata
1499 4402 1686 4474 perﬁci
1717 4400 1854 4454 nihil
1893 4407 2059 4454 vetat.

498 4501 755 4555 Eamdem
804 4513 971 4570 porro
1022 4496 1471 4551 constitutionem
1517 4492 1584 4546 ad
1635 4490 1863 4545 clericos
1904 4497 1963 4544 et
1995 4489 2065 4545 ad

496 4594 665 4647 laicos
705 4591 911 4659 pariter
936 4587 1158 4643 extendi
1203 4588 1407 4656 placet.

498 4683 731 4739 ARtsT.
772 4698 792 4733 ι
821 4681 925 4745 Qui
975 4678 1366 4733 monasterium
1397 4683 1687 4731 exstruere
1712 4674 1828 4729 vult
1851 4715 1866 4741 ,
1898 4674 1942 4729 si
1974 4679 2071 4730 lia-

571 4795 595 4830 ι
630 4778 757 4832 beat
774 4772 998 4844 quidem
1034 4771 1240 4840 quibus
1284 4769 1565 4840 perficiat,
1612 4781 1751 4839 Opus
1786 4769 2072 4839 aggredia-

574 4887 593 4921 ι
632 4878 743 4932 tur,
780 4875 837 4920 et
853 4864 931 4918 ad
969 4863 1130 4918 tinem
1164 4863 1309 4918 istud
1341 4862 1626 4933 perducat.
1662 4859 1759 4916 Sin
1789 4860 1992 4923 minus,
2037 4874 2068 4912 a

577 4979 595 5013 ‹
646 4963 747 5017 1οεὶ
783 4967 1042 5023 episcopo
1081 4951 1455 5021 prohibeatur.
1491 4948 1637 5007 Idem
1668 4948 1812 5006 etde
1836 4948 1990 5004 laicis
2017 4955 2071 5002 et

632 5048 916 5105 monachis
940 5045 1098 5101 valet.
1131 5061 1151 5093 ι

962 5218 1120 5290 321
1163 5210 1417 5284 CANON,
1444 5215 1637 5274 xvm.

510 5335 529 5367 ι
576 5316 705 5379 Sine
740 5309 1044 5381 oﬂensione
1084 5320 1205 5369 este
1245 5313 1412 5369 etiam
1445 5308 1514 5364 iis
1542 5309 1636 5379 qui
1664 5318 1819 5364 extra
1850 5321 1980 5366 sunt
2001 5314 2070 5379 ιθ,

578 5428 596 5460 ι
632 5407 816 5478 inquit
844 5405 1063 5461 divinus
1094 5404 1393 5476 Apostolus
1425 5418 1441 5458 :
1484 5403 1749 5458 mulieres
1780 5412 1966 5460 autem
2014 5408 2067 5464 in

578 5597 625 5630 “
655 5594 677 5648 l
705 5592 833 5648 Cor.
866 5608 923 5656 χ,
953 5591 1046 5647 52.

584 5762 697 5827 (39)
730 5762 1196 5829 Σταυροπὴγιον.
1230 5760 1365 5819 Vide
1398 5760 1684 5821 Suicerum
1718 5766 1817 5822 sub
1845 5784 1997 5825 voce.

2158 553 2497 623 ὑπάρχοντος
2528 553 2622 605 τοῦ
2656 554 2746 605 τὸν
2779 554 2893 622 βίον
2924 554 3281 617 ἀπολιπόντος
3302 595 3317 619 ,
3358 555 3449 606 ἐπὶ
3501 555 3723 625 γονεῦσι

2155 645 2212 698 δὲ
2276 646 2549 713 λιπόντος,
2598 647 2720 717 διχῆ
2754 649 2862 701 τῶν
2898 651 3210 717 προσόντων
3241 648 3651 718 διαιρουμένων,
3686 652 3721 719 ἡ

2159 737 2258 805 μὲν
2287 739 2526 803 γονεῦσι,
2560 741 2592 809 ή
2624 740 2668 791 δ’
2690 741 2853 807 ἑτέρα
2874 744 3038 810 μοῖρα
3055 740 3131 810 τῷ
3159 743 3509 812 μοναστηρίῳ
3538 760 3722 813 παρα-

2158 830 2503 898 σχεθήσεται.
2536 832 2598 884 Εἰ
2624 831 2668 883 δ’
2696 832 2900 902 ἔρημος
2923 834 3008 901 εἴη
3043 834 3400 903 κληρονόμων
3435 836 3724 901 ἀνιόντων,

2154 923 2280 984 τοὺς
2306 926 2366 976 ἐκ
2397 923 2627 989 πλαγίου
2651 925 2706 977 δὲ
2731 926 2996 987 εἰσιόντας
3014 926 3040 976 ό
3059 926 3260 997 κλῆρος
3280 927 3567 995 προσίεται
3587 944 3599 955 ·
3624 930 3728 981 αὐ-

2153 1016 2237 1067 τοὶ
2261 1014 2381 1083 μὲν,
2399 1015 2512 1067 ὅσοι
2542 1017 2606 1067 ἂν
2631 1017 2723 1069 καὶ
2741 1011 2842 1069 ὦσι
2870 1058 2883 1078 .
2903 1016 2964 1068 τὸ
2983 1018 3162 1086 τρίτον
3181 1018 3345 1085 μέρος
3368 1018 3731 1087 διανεμήσον-

2153 1122 2264 1171 ται,
2298 1109 2357 1159 τε]
2386 1108 2635 1177 δίμοιρον
2670 1110 2724 1161 δὲ
2758 1111 3108 1180 προχωρήσει
3136 1113 3200 1179 τῇ
3242 1111 3564 1181 Ἐκκλησία.
3608 1112 3731 1164 Καὶ

2152 1201 2327 1253 ταῦτα
2363 1202 2459 1270 μὲν
2490 1203 2567 1265 είς
2589 1203 2709 1263 τοὺς
2740 1203 3021 1266 κτίζοντας
3075 1205 3432 1274 μοναστήρια.
3471 1204 3732 1271 Ἐρώτη-

2153 1304 2273 1358 σις.
2316 1294 2378 1346 Ei
2421 1293 2476 1345 δέ
2522 1312 2604 1356 τις
2647 1295 2932 1364 εὐκτήριον
2970 1292 3137 1360 οἷκον,
3174 1296 3295 1366 οὐχὶ
3336 1300 3729 1365 μοναστήριον,

2153 1385 2374 1454 θελήσει
2422 1386 2628 1451 κτίσαι,
2702 1386 2972 1455 τοσαύτην
3032 1387 3282 1457 δαπάνην
3344 1389 3733 1455 προσαγαγεῖν

2153 1477 2617 1546 ἀπαιτηθήσεται;
2653 1478 2866 1542 Λύσις.
2920 1478 3206 1547 Οὐδαμῶς.
3241 1479 3376 1548 Περὶ
3413 1481 3521 1547 γὰρ
3553 1496 3737 1548 μονα-

2156 1572 2394 1640 στηρίων
2469 1570 2643 1622 ταῦτα
2704 1569 3143 1640 νενομοθέτηται.
3212 1571 3736 1640 ’Λναγκασθήσεται

2153 1662 2248 1717 οὖν
2280 1666 2307 1715 ὁ
2337 1663 2521 1716 κτίσαι
2554 1661 2766 1731 μέλλων
2798 1666 3193 1733 προσαγαγεῖν,
3226 1667 3371 1717 κατὰ
3395 1663 3738 1734 δοκιμασίαν

2086 1768 2126 1823 Β
2154 1752 2250 1806 τοῦ
2283 1753 2608 1815 ἐπισκόπου,
2644 1753 2704 1803 τὺ
2726 1753 2953 1823 ἀρκοῦν.
2991 1756 3209 1809 Τούτων
3257 1756 3433 1816 οὕτως
3460 1755 3735 1823 ἐχόντων,

2154 1848 2213 1898 ὲν
2235 1846 2332 1914 μὲν
2349 1848 2414 1915 τῇ
2439 1844 2801 1917 βασιλευούσῃ
2818 1847 2925 1898 τῶν
2949 1847 3158 1901 πόλεων
3190 1847 3364 1909 ἄλλως
3410 1849 3741 1918 σταυροπή-

2153 1956 2271 2006 γιον
2303 1940 2417 2007 (59)
2450 1939 2602 2008 παρὰ
2633 1938 2727 1991 τοῦ
2761 1939 2901 1992 κατὰ
2932 1939 3160 2008 καιροὺς
3197 1937 3618 2007 χαρτοφύλακος
3661 1939 3738 1992 οὐ

2153 2030 2353 2083 δέδοταί
2383 2048 2492 2083 τινι
2526 2030 2632 2094 ἔξω
2662 2031 2761 2100 τῆς
2792 2030 3001 2091 πόλεως
3043 2030 3248 2098 ταύτης
3289 2032 3574 2100 ἀνεγεῖραι
3632 2030 3741 2083 θέ-

2154 2121 2301 2173 λοντι
2332 2120 2477 2184 ναὸν,
2510 2123 2559 2173 ει
2587 2120 2660 2191 μὴ
2708 2123 2849 2174 κατὰ
2887 2120 2977 2174 τὸν
3007 2121 3055 2173 α’
3105 2124 3306 2174 κανόνα
3343 2119 3442 2191 τῆς
3498 2122 3743 2191 πρώτης

2155 2214 2250 2265 καὶ
2277 2210 2534 2282 δευτέρας
2563 2211 2783 2263 συνόδου
2817 2211 3121 2283 κατάθηται
3149 2212 3523 2284 διἐὲγγραςρῆς
3550 2231 3743 2284 προσ.

2154 2308 2399 2374 ενεγκεῖν
2422 2328 2445 2365 1·
2471 2306 2651 2359 πάντα
2697 2307 2770 2360 τὰ
2824 2306 2962 2377 πρὸς
3005 2292 3353 2377 ἇπαρτισμδν
3390 2308 3605 2371 τούτου,
3649 2308 3741 2369 ὡς

2156 2400 2399 2470 εἴρηται,
2448 2401 2545 2454 καὶ
2592 2401 2864 2474 βεὸαιώσῃ
2921 2402 3062 2455 αὐτὰ
3111 2402 3252 2455 κατὰ
3298 2402 3497 2455 λεπτὸν
3545 2404 3604 2454 ὲν
3648 2404 3739 2471 τῷ

2155 2493 2597 2563 ἐκκλησιαστικῷ
2644 2495 2835 2547 κώδικι
2875 2512 2890 2526 ·
2924 2496 2981 2547 ὲν
3033 2494 3092 2547 δὲ
3154 2497 3274 2557 ταῖς
3335 2494 3439 2558 ἔξω
3472 2497 3734 2565 χώραις,

2155 2585 2229 2646 ὼς
2259 2588 2385 2654 ἐμοὶ
2423 2586 2593 2651 δοκεῖ,
2638 2586 2796 2639 οὐδέν
2836 2601 2888 2639 τι
2939 2586 3183 2639 τοιοῦτον
3219 2586 3667 2656 ἀκριϐολογεῖται
3717 2604 3735 2619 ο

2156 2676 2293 2729 ἀλλὰ
2320 2677 2484 2728 παντὶ
2503 2675 2579 2745 τῷ
2604 2675 2916 2747 βουλομένῳ
2952 2679 3164 2745 ἐφεῖται
3214 2677 3739 2749 ἀπολυπραγμονή-

2156 2785 2262 2831 τως
2292 2768 2499 2830 κτίζειν
2530 2769 2823 2839 εύκτήρια.
2891 2768 3001 2821 Καὶ
3054 2769 3289 2821 ἐνταῦθα
3317 2770 3373 2822 δὲ
3401 2773 3449 2822 oi
3507 2770 3740 2834 πλείους

2155 2866 2325 2933 χωρὶς
2343 2862 2602 2931 εἰδήσεως
2625 2864 2989 2933 ἐπισκοπικῆς
3011 2862 3180 2915 πολλὰ
3203 2864 3447 2933 τολμῶσι
3474 2864 3733 2919 τοιαῦτα.

2171 2955 2327 3008 Ἐπεὶ
2358 2956 2413 3009 δὲ
2440 2955 2609 3027 μόνης
2639 2956 2886 3024 δαπάνης
2912 2954 3166 3009 τοῦναοῦ
3192 2957 3440 3027 ἐμνήσθη
3466 2958 3493 3009 ό
3523 2957 3733 3020 κανὼν,

2158 3050 2236 3120 τῷ
2262 3050 2486 3118 ὀνόματι
2509 3048 2568 3101 δὲ
2605 3049 2704 3118 τῆς
2743 3047 2988 3116 δαπάνης
3033 3050 3214 3102 πάντα
3244 3049 3323 3115 ¹τὰ
3369 3049 3602 3120 χρειώδη
3652 3050 3736 3120 τῷ

2164 3143 2516 3214 μοναστηρίῳ
2550 3143 2649 3195 καὶ
2681 3144 2795 3203 τοῖς
2826 3142 3189 3211 ἁσκουμένοις
3220 3145 3279 3195 ἐν
3321 3138 3489 3210 αὐτῷ¹
3511 3160 3739 3212 συμπε-

2163 3232 2606 3302 ριλαμϐάνονται,
2644 3230 3009 3300 ὀφείλειςκαὶ
3060 3233 3124 3285 σὺ
3170 3231 3343 3296 οὓτως
3393 3234 3739 3288 ὲκλαόέσθαι

2160 3324 2258 3392 τὴν
2288 3324 2559 3392 δαπάνην.

2238 3566 2479 3623 ΖΩΝΑΡ.
2506 3566 2733 3621 Κωλύει
2762 3568 2789 3620 ὁ
2823 3564 3006 3631 κανὼν
3038 3568 3099 3620 τὸ
3134 3566 3284 3639 παρὰ
3316 3585 3451 3638 μονα
3459 3568 3570 3639 χῶν
3598 3569 3728 3622 κτί-

2163 3660 2354 3726 ζεσθαι
2408 3661 2773 3731 μοναστήρια,
2820 3659 3117 3730 φιλαρχίας
3155 3660 3329 3728 λέγων
3372 3654 3513 3714 εἶναι
3572 3662 3741 3715 τοῦτο

2163 3758 2261 3809 καὶ
2284 3755 2676 3821 ἁνυποταξίας.
2727 3756 3183 3825 Ἀπαναινόμενοι
3218 3756 3351 3824 γὰρ,
3383 3756 3541 3825 φησι,
3570 3771 3740 3809 τουτο

2164 3845 2313 3898 ἐστιν
2371 3846 2695 3916 ἀρνούμενοι
2739 3846 2838 3916 τὴν
2887 3847 3176 3915 ὑπακοὴν,
3218 3846 3563 3917 ἐπιχειροῦσι
3620 3850 3743 3900 mi.

2165 3940 2298 4004 ζειν.
2324 3940 2435 3994 Καὶ
2459 3939 2533 4012 μὴ
2560 3939 2918 4009 εὐποροῦντες
2950 3941 3249 4009 ἀπαρτίσαι
3275 3942 3414 3994 αὐτὰ
3462 3940 3745 4010 καταλιμ-

2167 4034 2429 4087 πάνουσιν
2460 4030 2650 4102 ἀτελῆ.
2685 4029 2858 4083 Τοῦτο
2905 4030 3211 4085 κωλύεσθαι
3267 4032 3419 4101 παρὰ
3444 4033 3551 4083 τῶν
3609 4035 3740 4085 Em-

2170 4124 2391 4177 σκόπων
2423 4122 2622 4195 ὁρίζει.
2659 4124 2722 4176 Ei
2767 4122 2823 4176 δὲ
2875 4122 2989 4192 ἔχει
3050 4123 3331 4192 ἀρκοῦσαν
3382 4123 3628 4192 δαπάνην
3657 4127 3744 4188 εἰς

2166 4216 2228 4269 τὸ
2258 4220 2489 4285 ποιῆσαι
2516 4216 2723 4268 τέλειον
2776 4214 2960 4284 ἔργον,
3012 4214 3040 4266 ὃ
3085 4214 3444 4267 ἐϐουλεύσατο
3482 4216 3743 4283 γινέσθω.

2168 4308 2245 4361 Τὸ
2274 4308 2407 4362 αὐτὸ
2445 4307 2503 4360 δὲ
2546 4307 2861 4377 διορίζεται
2910 4309 3136 4376 κρατεῖν
3174 4308 3267 4360 καὶ
3323 4308 3420 4359 ἐπὶ
3454 4308 3744 4378 κληρικῶν

2170 4403 2268 4457 καὶ
2296 4399 2527 4454 λαϊκῶν.
3114 4394 3121 4407 ”

2172 4669 2394 4724 ΔΡΙΣΤ.
2463 4685 2482 4718 ι
2524 4665 2586 4718 '0
2639 4664 2961 4735 βουλόμενος
3021 4666 3206 4718 κτίσαι
3268 4669 3652 4739 μοναστήριον,
3698 4672 3752 4723 εἰ

2249 4778 2267 4811 ι
2319 4760 2419 4828 μὲν
2473 4758 2589 4827 ἔχοι
2643 4756 2712 4809 τὰ
2762 4757 2897 4824 πρὸς
2948 4755 3324 4826 ἀπαρτισμὸν,
3353 4758 3606 4829 ἀρχέσθω
3638 4762 3742 4812 τοῦ

2250 4872 2271 4905 ι
2316 4851 2500 4922 ἔργου,
2536 4850 2632 4901 καὶ
2665 4848 2745 4910 εις
2775 4847 2952 4918 πέρας
2976 4848 3197 4916 ἀγέσθω
3227 4850 3388 4901 τοῦτο
3420 4865 3434 4880 θ
3467 4853 3514 4902 εἰ
3544 4850 3601 4901 δὲ
3640 4855 3749 4922 μὴ,

2251 4965 2270 4997 ι
2317 4940 2610 4997 κωλυέσθω
2663 4940 2815 5010 παρὰ
2860 4938 2957 4993 τοῦ
3008 4942 3147 4994 κατὰ
3199 4939 3386 5012 χώραν
3439 4944 3757 4999 ἐπισκόπου

2253 5056 2272 5088 ι
2320 5035 2512 5090 τούτου
2544 5031 2879 5103 κρατοῦντος
2910 5033 3006 5086 καὶ
3029 5033 3123 5086 ἐπὶ
3170 5033 3378 5086 λαῑκῶν
3424 5035 3519 5087 καί
3570 5053 3757 5103 μονα-

2255 5150 2272 5181 ί
2320 5128 2451 5201 χῶν.
2499 5145 2517 5179 Ι

2750 5219 2992 5275 ΚΑΝΩΝ
3045 5217 3149 5273 IH'.

2187 5334 2205 5368 ι
2262 5314 2632 5382 ’Δπρόσκοποι
2671 5312 2890 5381 γίνεσθε
2927 5311 3020 5363 καὶ
3062 5310 3175 5374 τοῖς
3229 5309 3450 5377 ἔξωθεν,
3503 5314 3675 5383 φησὶν
3714 5320 3763 5383 _6

2256 5427 2275 5459 ι
2323 5374 2467 5469 θεῖος
2512 5374 2839 5465 Ἀπόστολος
2899 5418 2914 5432 ⁸
2971 5403 3030 5455 τὸ
3073 5402 3130 5456 δὲ
3177 5374 3446 5471 γυναῖκας
3482 5374 3761 5462 {velami—
