4056 6448
428 390 525 449 977

494 622 511 653 ε
562 603 991 674 προσκόμματος
1052 607 1245 661 αἴτιον.
1300 607 1368 661 Εῖ
1415 625 1498 670 τις
1556 602 1652 662 οὖν
1695 608 1890 677 δούλην
1940 610 1974 679 ἦ

493 712 512 747 ς
562 692 851 763 ἐλευθέραν
875 695 931 747 ἐν
958 694 1036 766 τῷ
1062 696 1395 767 ἐπισκοπείῳ
1449 697 1730 769 κτώμενος
1791 713 1979 768 φωρα-

492 801 512 835 t
560 784 699 852 θείη,
753 784 787 856 ἢ
836 786 893 838 ἐν
936 787 1287 859 μοναστηρίῳ
1337 788 1475 860 πρὸς
1523 790 1836 861 ἐγχείρησιν
1865 791 1978 844 δια-

491 894 511 927 t
558 876 745 935 κονίας
773 878 939 942 τινὸς,
970 881 1311 951 ἐπιτιμάσθω
1334 899 1347 911 ·
1376 882 1650 952 ἐπιμένων
1674 882 1752 947 δὲ,
1776 884 1975 937 καθαι-

490 988 507 1019 ‹
560 969 779 1041 ρείσθω.
824 972 885 1024 Εἰ
913 971 968 1024 δὲ
1000 974 1094 1026 καὶ
1123 972 1273 1045 τύχοι
1304 976 1361 1027 ἐν
1397 976 1747 1045 προαστείοις
1786 979 1975 1044 γυναῖ-

487 1080 505 1114 ι
552 1081 655 1126 κας
699 1060 859 1131 εἶναι,
894 1067 988 1120 καὶ
1021 1065 1239 1137 θελήσοι
1271 1068 1571 1131 ἐπίσκοπος
1602 1068 1633 1136 ἢ
1669 1069 1975 1139 ἡγούμενος

488 1176 505 1208 ‹
556 1159 782 1227 πορείαν
810 1159 868 1211 ἐν
899 1163 1012 1219 τοῖς
1062 1162 1241 1214 ἐκεῖσε
1290 1161 1649 1231 ποιήσασθαι,
1705 1165 1975 1234 παρόντος

486 1269 504 1299 ‹
551 1250 911 1322 ἐπισκόπουῆ
945 1253 1268 1321 ἡγουμένου,
1312 1254 1435 1323 μηδ’
1477 1254 1613 1317 ὅλως
1657 1255 1974 1325 ἐγχείρησιν

485 1364 499 1391 ε
549 1341 830 1404 διακονίας
860 1343 1135 1397 ποιεῖσθαι
1186 1345 1310 1399 κατ’
1356 1346 1562 1399 ἐκεῖνον
1636 1346 1732 1399 τὸν
1780 1346 1974 1416 καιρδν

484 1450 501 1483 ι
550 1432 712 1501 γυνὴ,
755 1432 874 1487 ἀλλ’
907 1434 1159 1499 ἰδιαζέτω
1193 1438 1252 1489 ἐν
1300 1437 1473 1508 ἑτέρῳ
1506 1438 1673 1507 τόπῳ,
1722 1438 1829 1500 ἕως
1907 1437 1973 1490 ἂν

482 1540 501 1572 ι
542 1523 641 1593 τὴν
665 1524 1084 1596 ἐπαναχώρησιν
1116 1527 1413 1598 ποιήσηται
1450 1530 1477 1581 6
1508 1527 1837 1593 ἐπίσκοπος,
1883 1528 1973 1603 διᾲ

483 1633 500 1663 σ
533 1615 591 1667 τὸ
619 1615 1012 1688 ἀνεπίληπτον.
1062 1637 1081 1669 ι

476 1705 670 1761 ΒᾹΛΣ.
708 1706 1008 1778 Μαθόντες,
1040 1712 1115 1775 ὡς
1146 1711 1343 1779 ἔοικεν,
1399 1715 1451 1769 οι
1514 1714 1661 1782 ἅγιοι
1723 1714 1969 1785 Πατέρες

404 1796 486 1848 ὃτι
517 1798 598 1857 εἰς
629 1801 959 1853 ἐπισκοπεῖα
1020 1804 1118 1861 καὶ
1168 1807 1250 1868 είς
1322 1808 1663 1878 μοναστήρια
1719 1806 1970 1875 διάγουσι

405 1892 684 1955 γυναῖκες,
722 1886 878 1945 εἷπον
911 1893 1006 1957 ὡς,
1040 1895 1165 1948 ἐπεὶ
1194 1898 1221 1950 ό
1267 1896 1439 1967 μέγας
1476 1898 1773 1961 ἀπόστολος
1821 1901 1970 1959 Παῢο

404 1981 493 2040 λος
528 1984 665 2052 πρὸς
696 1985 1024 2053 Κορινθίους
1070 1988 1402 2045 ἐπιστέλλων
1428 1989 1719 2059 διωρίσατο
1764 1993 1970 2060 ἀπροσ-

306 2082 307 2085 “
403 2075 607 2137 κόπους
658 2070 797 2132 εἶναι
836 2079 1024 2148 ἡμᾶς,
1071 2080 1144 2149 μὴ
1202 2081 1385 2152 μόνοις
1428 2086 1542 2145 τοῖς
1598 2084 1769 2148 ἐντὸς,
1835 2084 1969 2139 ἀλλά

403 2161 629 2229 καὶτοῖς
659 2167 880 2233 ἔξωθεν,
911 2171 1079 2242 ἤγουν
1105 2171 1179 2242 μὴ
1207 2174 1391 2243 μόνοις
1426 2177 1538 2240 τοῖς
1571 2179 1803 2241 πιστοῖς,
1830 2177 1967 2231 ἀλλά

403 2261 496 2311 καὶ
525 2263 635 2322 τοῖς
662 2262 912 2326 ἀπίστοις
944 2282 960 2298 ο
984 2265 1044 2318 1:6
1080 2265 1136 2318 δὲ
1171 2268 1479 2336 συνδιάγειν
1512 2271 1650 2341 μετά
1675 2272 1958 2337 γυναικῶν

404 2352 738 2416 ἐπισκόπους
762 2354 797 2425 ἢ
822 2355 1163 2425 ἡγουμένους
1203 2360 1261 2411 ἐν
1291 2362 1642 2434 μοναστηρίῳ
1675 2362 1707 2434 ἢ
1747 2364 1806 2419 ἐν
1843 2366 1966 2418 ἐπι-

402 2444 643 2514 σκοπείῳ
702 2447 905 2510 παντός
963 2449 1080 2503 ἐστι
1138 2451 1569 2522 προσκόμματος
1633 2455 1826 2520 αἴτιον,
1875 2458 1969 2510 καὶ

402 2529 637 2598 λοιδορία
676 2532 739 2586 οὗ
771 2537 1008 2605 τυχοῦσα
1042 2537 1144 2607 τῆς
1191 2539 1659 2612 ἐκκλησιαστικῆς
1685 2546 1965 2598 καταστά-

401 2637 535 2681 σεως
558 2640 574 2655 ο
627 2623 936 2691 ὀφείλουσιν
984 2630 1343 2697 ἐπιτιμᾶσθαι
1374 2633 1424 2686 οἱ
1459 2634 1701 2688 τοιοῦτόν
1720 2655 1770 2689 τι
1810 2638 1968 2707 ποιή-

401 2727 605 2775 σοντες,
642 2716 991 2784 ἐπιμένοντες
1038 2722 1093 2773 δὲ
1140 2724 1538 2795 καθαιρεῖσθαι.
1588 2728 1676 2791 Ὠς
1731 2729 1786 2789 δέ
1817 2747 1964 2791 τινος

398 2800 639 2870 εἰπόντος
695 2808 1009 2881 ἀδιάκριτον
1056 2810 1286 2868 εἶναιτὸ
1341 2818 1666 2883 κολάζεσθαι
1722 2823 1967 2890 τούτους,

399 2895 752 2969 ὁπωσδήποτε
810 2904 949 2971 μετὰ
980 2908 1258 2971 γυναικῶν
1284 2910 1774 2980 συνδιαιτωμένους
1800 2921 1968 2985 (συμ-

402 2985 577 3044 6αίνει
608 2990 720 3060 γάρ
738 3010 861 3046 τινα
895 2994 955 3059 ἐξ
982 2996 1162 3050 αὐτῶν
1207 3001 1347 3054 κατά
1394 3002 1626 3071 πάροδον
1664 3006 1967 3061 καταλῦσαι

399 3080 479 3141 είς
520 3083 844 3150 προάστειόν
889 3104 940 3139 τι
987 3092 1252 3157 γυναῖκας
1281 3092 1425 3161 ἔχον,
1458 3094 1550 3147 καὶ
1589 3096 1649 3148 οὐ
1688 3096 1910 3152 δύναται
1939 3102 1968 3153 6

1363 399 1446 459 IN
1484 397 1653 459 ΒΑΝ·
1686 396 1887 459 XVIII
1929 395 2147 458 CONC.
2185 399 2296 459 VII
2331 401 2683 466 CECUMEN.

494 527 513 559 ι
564 508 688 562 σθαι
725 507 782 560 ἐν
812 510 1184 574 ἐπισκοπείοις
1238 511 1273 584 ἢ
1330 512 1720 586 μοναστηρίοις
1772 509 2057 576 παντὸςΔ

3539 412 3641 473 978

2160 530 2179 562 ‹
2226 514 2519 584 episcopiis
2555 515 2638 568 vel
2679 514 3026 571 monasteriis
3058 516 3292 583 versari,
3343 526 3428 573 est
3467 520 3648 573 omnis

2158 620 2177 653 ι
2221 603 2547 659 oﬂ‘ensioois
2594 619 2784 658 causa.
2833 606 2889 660 Si
2939 607 3063 677 quis
3108 622 3237 673 ergo
3267 607 3524 662 ancillam
3566 609 3648 662 vel

2157 714 2175 746 ι
2225 697 2449 751 liberam
2513 699 2568 751 in
2619 698 2899 768 episcopio
2940 701 3222 768 possidere
3270 701 3647 767 deprehensus

2156 807 2174 840 ι
2218 789 2404 854 fuerit,
2434 790 2520 842 vel
2553 790 2605 843 in
2647 790 3003 856 monasterio,
3046 792 3114 845 ad
3142 791 3507 845 ministerium
3541 791 3643 845 ali-

2154 897 2173 930 ι
2211 879 2353 946 quod
2406 880 2750 944 obeundum,
2782 882 3209 952 reprehendatur
3252 900 3267 936 :
3326 883 3409 937 sin
3464 892 3647 937 autem

2156 992 2173 1023 ι
2219 983 2547 1043 perseveret,
2603 975 2929 1044 deponatur.
2966 975 3020 1035 Si
3053 991 3182 1031 vero
3218 976 3381 1030 etiam
3410 977 3466 1029 in
3513 976 3649 1037 sol)-

2152 1083 2171 1114 ι
2220 1064 2391 1119 urhiis
2419 1068 2674 1121 mulieres
2697 1082 2818 1122 esse
2853 1066 3160 1137 couligerit,
3198 1078 3252 1121 et
3276 1068 3502 1121 voluerit
3534 1068 3649 1135 cpi-

2156 1177 2172 1206 ι
2215 1173 2449 1226 scopus,
2495 1159 2580 1211 vel
2640 1158 2959 1213 monasterii
3012 1159 3304 1228 praefectus
3352 1160 3485 1225 illuc
3549 1162 3651 1212 iter

2153 1265 2171 1296 ο
2215 1249 2394 1303 facere
2437 1250 2696 1319 praesenti
2740 1250 3007 1319 episcopo
3034 1253 3114 1304 vel
3155 1252 3471 1305 monasterii
3505 1267 3649 1319 pras-

2155 1358 2172 1390 ι
2215 1341 2382 1401 lecto,
2418 1343 2617 1395 mulier
2644 1358 2709 1396 eo
2742 1353 2989 1411 tempore
3020 1344 3172 1405 nullo
3199 1343 3361 1397 modo
3398 1336 3650 1395 ministe-

2150 1449 2172 1481 ι
2218 1431 2359 1484 rium
2382 1433 2576 1497 obeat;
2629 1434 2723 1488 sed
2774 1435 2882 1487 alio
2914 1435 2965 1487 in
3001 1435 3124 1488 loco
3166 1449 3417 1488 seorsum
3464 1434 3661 1503 degat,

2157 1542 2173 1573 ι
2217 1523 2392 1578 donec
2421 1528 2719 1580 recesserit
2759 1528 3053 1597 episcopus
3088 1546 3117 1594 ς,
3154 1537 3211 1581 ut
3256 1529 3433 1582 omnis
3466 1543 3649 1597 repre-

2147 1633 2167 1664 ι
2212 1616 2493 1673 hensionis
2522 1619 2740 1673 occasio
2765 1621 2987 1674 vitetur.
3022 1640 3042 1673 ›

2162 1703 2353 1762 BALS.
2399 1705 2537 1762 Cum
2584 1709 3005 1777 intellexissent,
3059 1720 3119 1765 ut
3170 1710 3411 1777 videtur,
3468 1712 3649 1773 sancti

2075 1795 2295 1861 Patres,
2326 1800 2476 1864 quod
2513 1801 2565 1855 in
2584 1801 2878 1871 episcopiis
2909 1811 2964 1856 et
2998 1804 3350 1865 monasteriis
3392 1804 3647 1858 mulieres

2071 1901 2383 1958 versantur,
2426 1894 2705 1954 dixerunt.
2754 1893 2898 1961 quod
2934 1895 3196 1962 quoniam
3236 1910 3468 1965 magnus
3509 1910 3645 1965 apo-

2070 1985 2245 2038 stolus
2293 1984 2497 2041 Paulus
2541 1986 2607 2040 ad
2652 1974 2971 2041 Corinthios
3005 1986 3256 2040 scribens
3289 1987 3509 2049 statuit,
3541 2002 3665 2040 nos.

2071 2077 2193 2130 sine
2238 2076 2541 2133 offensione
2586 2091 2712 2132 esse
2744 2077 2987 2143 debere,
3046 2091 3156 2130 non
3202 2078 3383 2132 solum
3428 2078 3498 2131 iis
3552 2078 3645 2146 qui

2068 2171 2238 2229 intus.
2272 2170 2366 2225 sed
2402 2170 2470 2226 iis
2497 2171 2661 2226 etiam
2690 2170 2783 2240 qui
2807 2181 2961 2225 extra
2989 2179 3153 2237 sunt,
3174 2170 3386 2225 scilicet
3412 2187 3517 2225 non
3555 2186 3646 2225 so-

2069 2262 2179 2314 lum
2232 2261 2521 2328 ﬁdelibus,
2571 2263 2665 2317 sed
2707 2270 2763 2317 et
2805 2262 3158 2329 inﬁdelibus;
3210 2264 3500 2332 episcopos
3541 2277 3645 2315 au-

2070 2360 2177 2406 tem
2235 2352 2319 2407 vel
2372 2353 2690 2409 monasterii
2732 2353 3017 2422 praefectos
3078 2370 3201 2409 cum
3253 2354 3473 2409 feminis
3524 2370 3647 2409 ver-

2071 2445 2206 2505 sari.
2235 2446 2288 2499 in
2320 2445 2658 2500 monasterio
2686 2446 2770 2500 vel
2801 2445 2853 2499 in
2888 2446 3191 2515 cpiscopio,
3230 2456 3316 2504 est
3354 2447 3532 2501 omnis
3563 2446 3648 2499 of-

2070 2535 2338 2611 fensionis
2384 2551 2552 2591 causa
2590 2543 2646 2591 et
2686 2552 2796 2591 non
2832 2537 3059 2605 vulgare
3091 2536 3352 2606 probrum
3384 2537 3657 2591 ecclesia-

2070 2627 2222 2681 sticae
2249 2628 2706 2694 constitutionis;
2741 2628 2967 2691 debent,
3006 2629 3096 2696 qui
3130 2628 3237 2681 tale
3272 2627 3402 2694 quid
3448 2628 3643 2681 facturi

2071 2729 2219 2783 Sunt,
2254 2720 2438 2790 puniri
2469 2737 2483 2772 ι
2518 2721 2603 2775 sin
2640 2727 2819 2774 autem
2866 2726 3235 2788 perseverent,
3260 2718 3480 2788 deponi.
3516 2720 3649 2772 Per-

2071 2813 2199 2867 inde
2232 2820 2411 2866 autem
2467 2827 2533 2866 ac
2569 2812 2615 2867 si
2639 2811 2867 2866 dixisset
2890 2810 3117 2881 aliquis,
3165 2825 3194 2864 a
3243 2820 3392 2866 recto
3435 2810 3645 2866 discer-

2072 2903 2235 2959 nendi
2265 2904 2477 2973 judicio
2515 2918 2637 2958 esse
2674 2903 2952 2969 alienum,
2999 2909 3059 2956 ut
3093 2901 3393 2972 puniantur
3439 2901 3498 2964 ii.
3551 2902 3645 2973 qui

2069 2998 2564 3066 quomodocunque
2606 3010 2732 3050 cum
2781 2996 3099 3051 mulieribus
3151 3003 3440 3050 versantur
3486 3000 3647 3064 (eon—

2070 3088 2233 3158 tiugit
2272 3090 2418 3143 enim
2474 3098 2533 3144 ut
2565 3088 2767 3159 aliquis
2802 3103 2993 3142 eorum
3030 3088 3084 3142 in
3128 3088 3368 3143 transitu
3408 3085 3647 3141 divertat

396 3170 690 3236 ἐπίσκοπος
744 3174 844 3246 τὴν
870 3177 1009 3247 μετά
1057 3180 1264 3235 τούτων
1315 3183 1589 3255 διαγωγὴν
1639 3187 1968 3259 ἀποπέμψα-

2074 3181 2125 3234 in
2156 3183 2498 3248 suburbano,
2534 3183 2588 3237 in
2617 3198 2726 3252 quo
2756 3190 2885 3237 sunt
2926 3180 3212 3245 mulieres,
3242 3189 3296 3235 et
3325 3195 3433 3235 non
3466 3188 3646 3249 potest

394 3266 566 3334 σθαι),
585 3267 812 3337 ὥρισαν,
830 3272 879 3324 εί
904 3273 1081 3345 συμόῇ
1108 3275 1286 3345 τοῦτο,
1313 3279 1433 3348 μηδ’
1455 3279 1592 3344 ὅλως
1615 3281 1848 3352 ὁρῶντος
1870 3285 1965 3338 τοῦ

395 3358 695 3413 ἐπισκόπου
725 3362 756 3430 ἢ
785 3362 879 3416 τοῦ
910 3366 1213 3436 ἡγουμένου
1247 3370 1516 3425 διακονεῖν
1540 3373 1639 3437 τὰς
1669 3378 1955 3444 γυναῖκας,

395 3447 511 3500 ἀλλ’
539 3451 596 3502 ἐν
623 3453 774 3521 τόπῳ
816 3453 990 3526 ἑτέρῳ
1043 3456 1250 3522 ταύτας
1284 3449 1590 3531 ἀναχωρεῖν
1621 3465 1715 3518 καὶ
1753 3465 1965 3536 ἡσυχά-

395 3537 509 3602 ζειν
559 3541 674 3594 ἔστ’
732 3543 799 3597 ἂν
831 3538 977 3600 οὗτοι
1029 3549 1472 3621 ἀποχωρήσωσιο
1508 3555 1605 3621 τὴν
1645 3555 1702 3608 δὲ
1758 3559 1965 3611 τούτων

395 3631 672 3687 διακονίαν
694 3636 940 3703 γίνεσθαι
968 3641 1185 3706 πάντως
1216 3643 1370 3713 παρά
1400 3646 1631 3715 ἀνδρῶν.
1668 3624 1824 3702 Οὕτω
1856 3651 1965 3722 γὰρ

395 3725 457 3776 τὸ
482 3728 848 3797 ἀνεπίληπτον
881 3733 998 3801 ἤτοι
1029 3734 1455 3790 ἀσκανδάλιστον
1486 3738 1572 3791 ἐπ’
1612 3740 1796 3801 αὐτοῖς
1843 3758 1968 3794 συν-

398 3822 686 3892 τηρηθείη.
716 3820 865 3894 Ἆρα
914 3825 992 3889 δὲ,
1030 3827 1124 3879 ἐὰν
1160 3828 1218 3892 ἐξ
1273 3829 1687 3902 ἀντιδιαστολῆς
1737 3833 1793 3885 ἐν
1839 3835 1964 3887 ἐπι-

399 3916 638 3983 σκοπείῳ
673 3916 705 3985 ἢ
737 3919 1085 3989 μοναστηρίῳ
1118 3919 1193 3995 μὴ
1227 3921 1554 3989 συνδιάγωσι
1600 3904 1741 3994 μετκ
1769 3943 1966 3995 γυναι-

397 4008 533 4073 κῶν,
562 4009 680 4061 ἀλλ’
707 4011 765 4062 ἐν
801 4011 962 4081 ἑτέρᾳ
988 4012 1264 4083 κατοικία,
1299 3994 1963 4088 συγγνωμονηθήσονταις

397 4102 609 4166 Λύσις.
661 4102 725 4155 υἱ
761 4103 861 4171 μὲν
914 4103 1159 4167 κανόνες,
1192 4105 1375 4170 καθὼς
1408 4107 1669 4172 πολλάκις
1710 4111 1964 4180 εἴπομεν,

397 4192 578 4246 καὶτὸ
613 4193 689 4259 νζ¹
724 4211 851 4263 κεφ.
901 4194 995 4248 τοῦ
1040 4203 1090 4249 α’
1138 4198 1317 4251 τίτλου
1361 4197 1455 4252 τοῦ
1496 4206 1543 4269 γ’
1588 4201 1795 4271 βιόλίου
1855 4205 1966 4257 τῶν

397 4286 702 4358 Βασιλικῶν
774 4290 1217 4359 ἀπαγορεύουσιν
1289 4292 1588 4363 ἱερωμένον
1639 4296 1764 4349 τινά
1824 4298 1966 4367 μετά

397 4379 641 4439 ὑπόπτου
678 4381 938 4449 γυναικὸς
981 4383 1313 4451 συνδιάγειν,
1349 4386 1479 4445 ἄνευ
1520 4387 1752 4457 μητρὸς,
1798 4389 1967 4458 θυγα-

394 4472 542 4541 τρὸς.
575 4473 832 4545 ἀδελφῆς,
865 4478 959 4530 καὶ
1012 4476 1121 4529 τῶν
1147 4476 1350 4531 λοιπῶν
1380 4479 1707 4534 ἀνυπόπτων
1748 4484 1965 4552 προσώ-
2006 4496 2010 4500 ·

2071 3276 2543 3330 conversationem
2577 3290 2698 3330 eum
2721 3274 2830 3328 illis
2859 3272 3198 3344 repudiare),
3230 3283 3565 3339 statuerunt,
3598 3276 3642 3328 si

2070 3366 2174 3421 hoc
2216 3368 2524 3440 contigerit,
2575 3370 2727 3425 nullo
2771 3372 2933 3426 modo
2978 3371 3205 3428 vidente
3246 3370 3506 3441 episcopo
3560 3370 3645 3424 vel

2070 3461 2384 3515 monasterii
2414 3461 2670 3530 prazfecto
2722 3464 3036 3519 ministrare
3079 3463 3361 3528 mulieres,
3411 3461 3506 3517 sed
3554 3475 3647 3517 cas

2068 3553 2124 3607 in
2159 3555 2327 3608 alium
2350 3555 2528 3608 locum
2562 3555 2839 3618 secedere,
2874 3566 2927 3611 et
2961 3559 3014 3610 in
3042 3555 3262 3611 silentio
3288 3555 3508 3624 degere,
3548 3551 3649 3607 do-

2069 3660 2168 3699 nec
2209 3646 2286 3699 illi
2319 3647 2652 3701 recesserint
2679 3664 2694 3712 ;
2723 3646 2873 3702 viros
2896 3657 3081 3702 autem
3124 3649 3193 3703 iis
3218 3650 3445 3701 omnino
3475 3646 3645 3699 mini-

2067 3747 2265 3791 strare.
2300 3734 2390 3791 Sic
2433 3738 2579 3791 enim
2615 3738 2796 3793 onmis
2832 3739 3280 3808 reprehensionis
3322 3739 3440 3793 sive
3480 3752 3639 3792 scan-

2067 3826 2174 3881 dali
2204 3829 2470 3885 vitabitur
2492 3831 2758 3887 1occasio.
2791 3828 3051 3901 Nunquid
3099 3842 3282 3885 autem
3320 3840 3659 3901 argumento»

2068 3934 2098 3971 a
2123 3921 2401 3976 contrario
2430 3929 2651 3992 sumpto
2675 3962 2691 3988 ,
2731 3924 2777 3978 si
2810 3922 2864 3978 in
2900 3923 3183 3994 episcopio
3226 3922 3309 3977 vel
3344 3922 3399 3977 in
3450 3936 3648 3976 mona-

2069 4012 2238 4066 Sterio
2281 4028 2405 4066 cum
2460 4015 2788 4071 mulieribus
2826 4031 2939 4069 non
2984 4025 3403 4079 conversentur,
3446 4019 3541 4070 sed
3590 4015 3645 4069 in

2068 4104 2191 4159 aliis
2243 4105 2473 4172 aedibus,
2506 4106 2587 4162 eis
2616 4108 2774 4162 venia
2811 4106 3078 4162 dabitur?
3125 4105 3361 4161 Salutio.
3390 4105 3645 4162 Canones

2068 4184 2311 4263 quidem,
2346 4206 2406 4251 ut
2440 4212 2585 4269 saepe
2610 4198 2868 4263 diximus,
2900 4206 2956 4255 et
2981 4214 3103 4268 cap.
3127 4199 3219 4265 37,
3248 4202 3329 4252 tit.
3366 4198 3418 4260 l,
3445 4198 3542 4252 lib.
3582 4190 3645 4252 in

2066 4286 2289 4343 Basilic.
2318 4288 2597 4359 prohibet,
2639 4305 2709 4345 ne
2757 4292 2883 4361 quis
2917 4305 3107 4347 eorum
3138 4291 3234 4361 qui
3263 4301 3396 4345 sunt
3428 4304 3493 4345 ex
3539 4304 3643 4344 sa-

2067 4379 2329 4433 cerdotali
2383 4380 2579 4435 ordine
2633 4397 2758 4439 cum
2797 4392 3049 4453 suspecta
3093 4382 3323 4437 muliere
3371 4391 3653 4447 versetur,

2067 4469 2437 4538 praeterquam'
2486 4486 2611 4526 cum
2660 4481 2833 4526 matre
2868 4513 2885 4539 ,
2942 4486 3175 4545 sorore,
3231 4472 3341 4526 lilia
3386 4480 3441 4527 et
3513 4472 3644 4527 reli-

396 4582 550 4618 πων·
581 4568 642 4620 τὸ
690 4568 747 4622 δὲ
796 4567 895 4643 νζί
946 4578 1073 4639 κεφ.
1128 4570 1314 4641 αὑτοῦ,
1369 4571 1535 4644 μέρος
1583 4574 1643 4627 ὃν
1691 4577 1787 4647 τῆς
1855 4578 1965 4647 ρλζ¹

2072 4562 2194 4631 quis
2262 4563 2512 4627 personis
2582 4563 2650 4619 de
2706 4564 2905 4637 quibus
2969 4565 3121 4621 nulla
3185 4568 3395 4619 oriatur
3464 4564 3647 4634 suspi-

408 4659 835 4714 Ίουστινιανείου
883 4663 1105 4735 νεαρᾶς,
1156 4661 1305 4731 λέγει
1351 4663 1525 4717 ταῦτα
1557 4665 1772 4734 ῥητῶς·
1808 4667 1964 4721 Ἐπί-

397 4767 602 4804 σκοπον
634 4750 692 4805 δὲ
720 4751 986 4823 μηδεμίαν
1011 4754 1287 4819 παντελῶς
1321 4757 1554 4825 γυναῖκα
1582 4756 1726 4825 ἔχειν
1755 4758 1786 4828 ἢ
1822 4760 1964 4828 μετά

394 4844 563 4915 αὐτῆς
598 4845 767 4896 οἰκεῖν
798 4845 1187 4914 συγχωροῦμεν
1207 4863 1222 4880 ο
1258 4848 1306 4900 εί
1333 4847 1389 4899 δὲ
1413 4847 1755 4920 ἀποδειχθείη
1782 4851 1962 4916 τοῦτο,

392 4936 493 4999 τῆς
540 4936 845 5006 ἐπισκοπῆς
892 4937 1256 4994 ἐκϐαλλέσθω.
1289 4941 1350 4994 Εἰ
1405 4940 1535 5009 γοῦν
1569 4945 1595 4993 6
1629 4943 1815 5007 ἁπλᾶ-ς
1842 4962 1965 4997 συν-

394 5027 556 5080 οικῶν
604 5027 901 5092 ἐπίσκοπος
956 5028 1094 5097 μετά
1161 5030 1415 5097 γυναικὸς
1447 5032 1778 5098 οἱασδήτινος
1831 5033 1965 5085 καθ-

395 5125 656 5194 αιρείται,
702 5120 883 5192 πολλῷ
946 5119 1107 5174 πλέον
1150 5122 1179 5173 6
1237 5121 1294 5175 ἐν
1332 5122 1665 5194 ἐπισκοπείῳ
1722 5122 1964 5177 τοιοῦτόν

394 5232 447 5266 τι
502 5213 735 5282 ποιήσας
783 5210 1114 5269 ἀπεντεῦθεν
1165 5211 1665 5284 καθαιρεθήσεται,
1724 5217 1799 5279 ὡς
1843 5219 1966 5287 ἐμοὶ

393 5308 560 5371 δοκεῖ,
596 5307 684 5360 διὰ
709 5306 771 5358 τὸ
796 5306 895 5376 τῆς
916 5307 1115 5374 νεαρᾶς
1138 5305 1501 5360 ἀδιάστικτον.
1534 5309 1606 5362 Τὸ
1649 5308 1833 5378 μέντοι
1904 5310 1965 5364 ιε’

328 5400 331 5403 ’
394 5416 521 5464 κεφ.
550 5398 643 5450 τοῦ
665 5404 717 5452 α’
747 5397 927 5450 τίτλου
959 5398 1055 5451 τοῦ
1107 5393 1148 5449 δ’
1185 5397 1390 5468 βιϐλίου
1458 5400 1657 5453 κωλύει
1696 5402 1755 5454 οὐ
1805 5403 1966 5474 μόνον
2016 5434 2021 5437 λ

394 5492 456 5543 τὸ
488 5494 813 5561 καταμεῖναι
839 5494 1075 5558 γυναῖκα
1101 5494 1157 5544 ἐν
1188 5496 1535 5564 μοναστηρίῳ
1561 5495 1808 5567 ἀνδρῴῳ,
1843 5497 1874 5568 ἢ
1904 5499 1965 5550 τὸ

395 5583 685 5647 ἀνάπαλιν,
712 5582 846 5634 ἀλλά
875 5583 970 5634 καὶ
997 5583 1056 5634 τὸ
1079 5583 1215 5643 ὅλως
1243 5584 1506 5636 εἰσελθεῖν
1537 5588 1595 5638 ἐν
1626 5587 1773 5657 αὐτῷ
1805 5590 1966 5657 χάριν

395 5676 733 5746 οἱασδήτινος
769 5675 1101 5739 ὑποθέσεως.
1146 5677 1458 5746 Σημεξωσαι
1487 5672 1580 5732 οὖν
1622 5682 1713 5732 τὸν
1767 5683 1966 5734 κανόνα

394 5756 619 5835 λέγοντα
648 5746 730 5822 ὅτι
758 5766 880 5821 οὐδὲ
905 5766 1066 5835 δούλη
1107 5768 1229 5820 οὐδὲ
1271 5769 1537 5838 ἐλευθέρα
1581 5770 1785 5838 ὀφείλει
1834 5788 1965 5823 συν-

397 5863 604 5931 διάγειν
638 5861 778 5931 μετά
806 5859 1103 5914 ἐπισκόπου
1148 5859 1176 5928 ἢ
1224 5861 1528 5930 ἡγουμένου
1580 5862 1701 5917 καθ’
1759 5863 1968 5932 οἷο-δί-

2070 4654 2174 4707 cio.
2240 4654 2308 4710 57
2366 4666 2552 4712 autem
2607 4656 2730 4726 ejus
2790 4668 2991 4728 caput,
3037 4659 3181 4730 quod
3232 4668 3317 4715 est
3367 4672 3492 4728 pars
3543 4658 3652 4712 l3?

2066 4743 2358 4802 Justianini
2385 4748 2641 4814 Novellae,
2667 4751 2781 4805 haec
2812 4751 2946 4805 dicit
2976 4767 3239 4822 expresse
3265 4768 3281 4809 :
3310 4751 3681 4829 Episcopum.

2070 4849 2250 4892 autem
2284 4841 2489 4896 nullam
2528 4844 2744 4910 penitus
2774 4842 2979 4897 habere
3010 4842 3270 4897 feminam
3304 4845 3389 4897 vel
3421 4856 3547 4896 cum
3577 4856 3643 4896 ea

2070 4928 2318 4985 habitare
2368 4934 2778 4998 pel‘lnillilllus:
2816 4934 2860 4990 si
2911 4934 3014 4990 hoc
3062 4944 3247 4989 autem
3297 4935 3655 4990 demonstrat-7

2071 5032 2185 5077 tum
2223 5023 2406 5090 fuerit,
2443 5027 2767 5097 episcopatu
2792 5028 3067 5094 ejiciatur.
3117 5027 3176 5082 Si
3206 5042 3375 5099 ergo,
3408 5029 3500 5099 qui
3546 5042 3645 5083 so-

2070 5112 2351 5168 lummodo
2382 5132 2506 5171 cum
2558 5132 2888 5188 quacunque
2940 5118 3169 5175 muliere
3211 5121 3494 5175 cohabitat
3523 5120 3644 5190 epi-

2069 5221 2269 5275 St‘Opttt-l
2321 5207 2661 5277 deponitur:
2712 5210 2886 5265 multo
2916 5214 3089 5282 magis
3130 5213 3226 5283 qui
3268 5212 3375 5268 tale
3419 5213 3550 5282 quid
3588 5213 3653 5267 in

2070 5296 2348 5369 episcopio
2382 5301 2593 5368 fecerit,
2614 5304 2736 5359 ideo
2766 5304 3100 5374 deponetur,
3157 5315 3214 5361 ut
3248 5307 3380 5361 mihi
3409 5306 3643 5369 videtur,

2071 5396 2198 5464 quia
2231 5392 2455 5450 Novella
2481 5396 2799 5454 indistincte
2824 5400 3088 5470 loquitur.
3115 5398 3235 5454 Jam
3259 5416 3388 5455 vero
3410 5415 3530 5467 cap.
3551 5400 3641 5462 l5.

2072 5487 2157 5542 tit.
2197 5486 2250 5550 l,
2282 5486 2376 5541 lib.
2417 5504 2490 5554 IV,
2527 5489 2811 5559 prohibet,
2844 5506 2952 5545 non
2981 5492 3159 5545 solum
3192 5492 3476 5545 mulzerem
3528 5508 3645 5546 ma-

2072 5595 2203 5632 nere
2266 5582 2319 5633 io
2364 5582 2605 5634 virorum
2666 5582 3020 5644 monasterio,
3072 5583 3157 5635 vel
3219 5591 3475 5637 contra:
3548 5584 3643 5640 sed

2072 5675 2237 5726 etiam
2296 5672 2524 5726 omnino
2591 5676 2645 5727 in
2719 5675 2893 5743 ipsum
2948 5674 3156 5744 ingredi
3215 5690 3543 5744 quacunque
3576 5675 3643 5729 de

2073 5778 2264 5818 causa.
2296 5764 2433 5819 Nota
2467 5782 2601 5835 ergo
2624 5782 2892 5821 canonem
2924 5769 3018 5836 qui
3053 5765 3227 5830 dicit,
3278 5767 3426 5835 quod
3473 5783 3641 5843 neque

2075 5856 2270 5911 ancilla
2298 5872 2474 5929 neque
2506 5858 2672 5914 libera
2700 5859 3004 5913 debetcum
3038 5859 3297 5930 cpisc0po
3334 5858 3414 5915 νει
3447 5874 3632 5914 mona-
