4056 6436
445 431 549 491 9ῗ9

1703 429 1977 488 Tanai).
2007 410 2435 488 nusmum

3569 423 3678 481 980

445 543 594 599 Sterii
649 542 899 612 [δι-τρίοριο
934 541 1126 609 quavis
1168 557 1230 594 ex
1279 557 1437 592 causa
1475 557 1578 591 una
1614 541 1825 603 lit'gu‘l'c.
1870 540 2000 604 Qua:

2111 558 2223 592 τινα
2284 541 2569 608 λόγον.Τὰ
2623 542 2807 609 μέντοι
2843 541 2991 608 ἶπερὶ
3041 539 3147 591 τῶν
3203 539 3260 590 ἐν
3327 534 3678 604 προαστείοις

448 649 624 691 autem
649 637 712 687 de
744 637 1064 688 mulieribus
1098 649 1218 702 qua:
1255 644 1382 687 sunt
1411 635 1462 686 in
1503 634 1833 702 suburbanis
1856 633 1998 684 dicta

446 741 593 793 sunt,
637 730 773 780 citra
802 729 962 779 ullam
997 728 1352 780 curiosiorem
1399 726 1868 793 investigationem
1911 741 2004 776 as-

443 834 727 876 sumantur
788 821 854 874 de
897 821 1229 874 suburbanis
1275 836 1392 887 quae
1438 821 1502 872 ad
1530 820 1868 887 episcopium
1912 817 1993 869 vel

443 914 835 966 monaSIerium
887 913 1007 981 iure
1035 912 1264 965 dominii
1301 912 1607 978 pertinent:
1659 912 1702 964 si
1748 911 1891 962 enim
1949 909 1999 960 in

442 1010 674 1076 publicis
710 1011 960 1080 hospitiis
1008 1010 1088 1063 vel
1136 1011 1300 1062 etiam
1345 1009 1395 1060 in
1437 1007 1628 1060 alienis
1671 1005 2002 1059 suburbanis

439 1101 792 1166 diverterint,
832 1104 1048 1158 diliicile
1081 1114 1204 1169 est,
1246 1113 1306 1156 nt
1352 1102 1623 1161 existimo,
1665 1116 1728 1155 ea
1778 1114 1897 1168 qua:
1939 1099 1988 1149 in

440 1212 651 1252 canone
683 1202 1031 1252 continentur
1057 1199 1359 1253 observari.

512 1291 764 1345 ZONAR.
809 1291 995 1344 Tertio
1026 1308 1243 1360 quoque
1283 1293 1489 1360 primae,
1531 1302 1582 1345 ct
1611 1294 1800 1361 quinto
1838 1303 2003 1346 sexta:

442 1383 634 1454 synodi
665 1397 894 1446 canone,
933 1384 998 1437 de
1029 1384 1114 1443 iis,
1156 1399 1276 1452 qua:
1313 1384 1459 1436 domi
1493 1386 1854 1446 habebantur,
1886 1399 2002 1436 mu-

442 1477 669 1530 lieribus
715 1477 1020 1531 deﬁnitum.
1073 1477 1173 1531 llic
1214 1493 1342 1531 vero
1385 1479 1548 1532 etiam
1580 1494 1752 1531 canon
1797 1479 1851 1531 in
1892 1479 2006 1546 epi-

442 1568 743 1633 sc0pioaut
777 1569 826 1620 in
865 1568 1099 1621 virorum
1123 1571 1452 1624 nmnastcrio
1476 1570 1730 1623 feminam
1764 1585 2004 1622 commo-

444 1658 550 1710 rari
577 1669 744 1722 vetat,
772 1660 973 1727 quique
1014 1662 1135 1715 illas
1154 1662 1527 1730 cujuscunque
1562 1676 1741 1716 causa:
1777 1661 2001 1716 obtentu

440 1749 496 1803 in
546 1751 631 1806 his
671 1752 805 1806 locis
861 1753 1170 1814 habuerint,
1211 1753 1370 1822 322
1423 1754 1597 1822 pmnis
1652 1755 1702 1807 in
1753 1769 1848 1808 eos
1887 1755 2001 1806 aui-

440 1841 725 1902 madvcrti,
785 1856 847 1894 ac
882 1844 986 1895 nisi
1014 1841 1293 1910 ejecerint,
1321 1843 1492 1896 sacris
1525 1841 1768 1908 initiatos
1803 1841 2002 1909 deponi

2107 635 2282 686 οὐσῶν
2309 633 2584 699 γυναικῶν
2616 634 2881 705 εἰρημένα
2909 631 3483 698 ἁπολυπραγμονὴτως
3514 627 3681 693 ἐκλη-

2111 727 2410 793 ςνοήσονται
2436 730 2513 788 εἰς
2537 728 2831 794 προάστεια
2861 724 3198 786 υεσποτικῶς
3221 724 3298 792 τῷ
3332 722 3674 788 ἐπισκοπείῳ

2112 819 2204 868 καὶ
2230 821 2290 885 τῇ
2331 821 2461 888 μονῇ
2489 819 2816 887 διαφέροντα
2839 834 2850 846 ·
2882 821 2929 869 εἰ
2955 818 3061 886 γὰρ
3097 815 3497 868 καταλύσουσιν
3527 806 3682 865 οὗτοι

2111 911 2191 970 είς
2225 909 2585 979 ξενοδοχεῖατῆ
2619 913 2698 973 εἰς
2753 911 3010 980 ἀλλότρια
3063 911 3388 980 προάστεια,
3419 909 3691 977 δυσχερές

2107 1007 2276 1067 ἐστιν,
2309 1004 2383 1066 ὡς
2414 1004 2639 1072 νομίζω,
2669 1006 2737 1058 τὰ
2772 1006 2867 1058 τοῦ
2896 1006 3120 1068 κανόνος
3158 1003 3542 1073 ἐνεργηοῆναι.

2183 1285 2427 1338 ΖΩΝΑΡ.
2461 1283 2569 1334 Καὶ
2620 1284 2648 1333 ὁ
2689 1284 2872 1350 τρίτος
2901 1281 3081 1333 κανὼν
3117 1281 3218 1345 τῆς
3258 1277 3483 1349 πρώτης
3533 1279 3699 1330 συνό-

2109 1380 2222 1439 δον,
2269 1377 2363 1429 καὶ
2413 1379 2439 1429 ὁ
2485 1376 2735 1442 πέμπτος
2787 1378 2882 1442 τῆς
2919 1375 3086 1441 ’ἐκτης
3145 1373 3273 1442 περὶ
3310 1372 3691 1424 συνεισάκτων

2096 1469 2384 1535 ’γυναικῶν
2415 1467 2777 1532 διαλέγονται.
2799 1466 2907 1516 Καὶ
2939 1455 3094 1524 οὗτος
3124 1464 3180 1514 δέ
3210 1464 3237 1514 ὀ
3267 1461 3445 1514 κανὼν
3477 1460 3690 1514 κωλύει

2109 1563 2168 1614 τὸ
2225 1563 2281 1613 ἐν
2338 1559 2673 1628 ἐπισκοπείῳ
2705 1559 2735 1627 ἢ
2770 1559 2827 1608 ἐν
2877 1556 3092 1627 ἀνδρῴα
3147 1556 3282 1623 μονῇ
3342 1555 3551 1621 διάγειν
3583 1571 3690 1621 γυ-

2109 1655 2394 1714 ναῖκα,κα“ι
2425 1653 2514 1704 τὸν
2544 1654 2601 1704 ἐν
2637 1651 2976 1720 ἐπισκοπείῳ
3004 1651 3162 1720 χάριν
3199 1649 3512 1710 ὑποθέσεως
3533 1666 3694 1710 τινος

2111 1748 2144 1819 ἢ
2203 1749 2258 1798 ἐν
2323 1745 2673 1816 μοναστηρίῳ
2735 1743 2926 1813 ἔχοντα
2997 1746 3264 1810 γυναῖκας
3318 1743 3695 1810 ἐπιτιμᾶσθαι

2109 1844 2342 1905 κελεύει,
2371 1841 2467 1895 καὶ
2507 1844 2552 1893 εξ
2589 1841 2661 1909 μὴ
2685 1840 2907 1892 ἐκϐάλοι
2939 1840 3132 1904 αὐτὰς,
3167 1837 3262 1890 καὶ
3297 1837 3693 1904 καθαιρεῖσειαι

436 1929 653 2000 juheut.
681 1931 785 1985 Sed
812 1949 988 2002 neque
1017 1935 1066 1987 in
1093 1937 1491 1995 suburbanum,
1525 1935 1577 1987 in
1613 1949 1718 2002 quo
1753 1934 2002 1987 ministe-

2111 1936 2229 1997 τοὺς
2293 1934 2644 2002 ἱερωμένους.
2693 1932 2838 1984 Ἀλλ’
2898 1931 3018 1983 ούδέ
3074 1933 3130 1981 ἐν
3182 1927 3512 1998 προαστείῳ,
3549 1927 3689 1978 ἔνθα.

439 2026 518 2086 ria
556 2043 650 2094 per
681 2027 907 2082 leininas
937 2039 1283 2089 exercentur,
1329 2030 1644 2097 episc0pum
1690 2038 1782 2080 aut
1813 2041 2001 2080 mona-

439 2119 589 2170 sterii
657 2121 968 2188 praefectum
1024 2122 1172 2175 abire
1239 2121 1539 2189 permittit;
1617 2121 1720 2174 nisi
1785 2119 1889 2173 illae
1947 2120 2000 2172 in

441 2209 605 2262 alium
659 2211 876 2274 locum,
917 2214 1275 2281 quoadusque
1310 2213 1598 2281 episcopus
1648 2211 2003 2280 preel'ectusve

441 2301 778 2370 discc~scrit,
815 2314 1115 2362 transeant.
1153 2305 1292 2371 Lege
1334 2306 1636 2372 Ancyram:
1664 2319 1880 2372 quoque
1907 2317 2000 2373 sy-

443 2390 570 2442 nodi
601 2407 861 2446 canonem
899 2394 1388 2461 umlcvigesiunnn.
1416 2454 1426 2462 .

443 2484 669 2539 ARIST.
708 2505 727 2536 ι
784 2485 900 2540 Νοη
948 2496 1164 2554 oportet
1199 2487 1428 2540 feininas
1477 2487 1528 2539 in
1570 2485 1861 2552 episcopus
1912 2493 2004 2538 aut

513 2593 532 2625 ‹
581 2574 924 2628 monasteriis
954 2575 1300 2628 commorari.
1330 2574 1383 2626 Si
1414 2588 1518 2640 qua
1547 2574 1708 2639 igitur
1738 2571 1838 2622 hoc
1872 2585 2003 2622 ansa

519 2686 544 2733 ¢_
585 2666 1338 2734 fuerit,reprehendatur:jsin
1364 2664 2001 2736 perstiterit,deponatur.

516 2775 534 2806 ‹
575 2756 884 2821 Quinetiam
907 2757 1218 2825 ubicunque
1247 2758 1539 2823 epiScopus
1569 2755 1647 2832 vel
1685 2753 2003 2807 monasterii

513 2867 533 2898 ‹
577 2849 867 2917 przefectus
894 2849 1150 2912 adfuerit,
1188 2849 1332 2902 nulla
1367 2849 1561 2922 mulier
1590 2848 1884 2909 ministret,
1922 2846 2003 2898 vel

514 2961 532 2993 ι
571 2951 827 3010 apparet;
861 2941 953 2995 sed
980 2956 1224 2995 seorsum
1258 2949 1413 3007 agat,
1449 2941 1620 2994 donec
1645 2938 1949 2993 recesserit.
1982 2957 2000 2986 ι

512 3035 640 3091 Sine
691 3033 994 3088 ollensione
1045 3044 1259 3104 oportet
1302 3049 1403 3087 nos
1435 3049 1558 3088 esse
1602 3035 1768 3086 etiam
1817 3032 1882 3084 iis
1913 3031 2004 3096 qui

438 3135 591 3182 extra
631 3136 780 3188 sunt,
816 3126 1116 3182 secundum
1162 3126 1405 3179 divinum
1441 3124 1763 3192 Apostolum
1794 3139 1806 3186 ;
1836 3124 1899 3174 et'
1924 3120 2008 3171 id-

437 3223 587 3274 eirco
613 3219 873 3274 mulieres
911 3219 964 3270 in
995 3217 1292 3285 episcopiis
1321 3225 1417 3269 aut
1446 3217 1689 3268 virorum
1729 3222 2006 3267 monaste-

2105 2027 2362 2096 γυναῖκές
2394 2029 2532 2079 εἰσιν
2587 2024 2980 2096 ύπηρετοῦσαι,
3008 2023 3226 2075 ἀπιέναι
3261 2021 3510 2089 βούλεται
3560 2020 3692 2071 ἐπί-

2105 2113 2359 2183 σκοπονῆ
2392 2114 2716 2182 ἡγούμενον,
2750 2116 2798 2165 εἰ
2831 2116 2905 2182 μὴ
2954 2114 3159 2164 ἐκεῖναι
3211 2115 3268 2163 ἐν
3317 2110 3487 2178 ἑτέρῳ
3527 2108 3689 2176 τόπῳ

2108 2208 2474 2276 μεταστῶσιν,
2505 2207 2607 2268 ’ἐως
2654 2209 2720 2259 ἂν
2767 2205 2976 2260 ἐκεῖθεν
3007 2208 3033 2256 ὁ
3061 2205 3354 2265 ἐπίσκοπος
3384 2203 3416 2273 ἢ
3449 2206 3475 2255 ὁ
3506 2201 3686 2270 furati-

2107 2314 2265 2367 μενος
2293 2298 2739 2366 ύποχωρὴσωσιν.
2769 2297 3171 2362 Ἀναγνωστέον
3219 2295 3311 2347 καὶ
3347 2295 3435 2346 τὸν
3483 2295 3549 2345 ιϐ’
3579 2312 3688 2346 κα-

2106 2388 2231 2441 νόνα
2264 2384 2364 2456 τῆς
2398 2391 2454 2439 ἐν
2490 2389 2734 2457 Ἀγκύρα
2769 2389 3012 2441 συνόδου.

2104 2480 2324 2536 ΑΙῚΣΤ.
2363 2500 2381 2530 t
2429 2481 2500 2534 Οὔ
2568 2482 2648 2534 δεῖ
2701 2485 2964 2550 γυναῖκας
3036 2481 3400 2535 ἐνδιαιτᾶσθαι
3460 2485 3688 2534 ἐπισκο-

2185 2593 2202 2623 ι
2250 2573 2423 2633 πείοις
2454 2573 2485 2643 ἢ
2528 2575 2909 2642 μοναστηρίοις
2934 2592 2947 2604 ·
2981 2576 3032 2626 εἴ
3051 2593 3135 2637 τις
3165 2575 3258 2628 οὖν
3287 2576 3443 2626 τοῦτο
3475 2575 3685 2643 τολμή-

2181 2686 2198 2716 ‹
2248 2682 2349 2724 σει,
2390 2667 2768 2734 ἐπιτιμὰσοω’
2801 2667 2850 2718 εί
2885 2666 2938 2718 δέ
2971 2666 3242 2735 ἐπιμένει,
3280 2666 3683 2734 καθαιρείσῦω.

2183 2779 2200 2809 ι
2246 2759 2404 2810 Ἀλλὰ
2438 2761 2530 2811 καὶ
2567 2757 2694 2810 ἕνΟα
2735 2759 3072 2821 παραϐάλλει
3117 2760 3411 2820 ἐπίσκοπος
3449 2760 3480 2828 ἢ
3521 2759 3690 2825 ἡγού-

2183 2871 2198 2901 ι
2249 2868 2427 2920 μενος,
2464 2851 2704 2920 μηδεμία
2755 2849 2894 2918 γυνὴ
2926 2849 3258 2912 διακυνείτω,
3289 2851 3320 2920 ἢ
3357 2851 3641 2919 φαινέσθω
3666 2866 3682 2880 ⁶

2181 2961 2198 2991 ι
2242 2943 2354 2994 ἀλλ’
2393 2941 2638 3005 ἰδιαζέτω
2671 2943 2862 3012 μέχρις
2895 2944 3318 3016 ἀναχωρήσεως.
3363 2963 3380 2992 ι

2199 3035 2604 3105 ’Λπροσκὸπους
2634 3035 2717 3086 δεῖ
2745 3035 2896 3104 ἡμᾶς
2922 3035 3165 3100 γίνεσθαι
3197 3035 3290 3086 καὶ
3317 3036 3427 3094 τοῖς
3453 3032 3685 3097 ἔξωθεν,

3012 3127 3102 3177 καὶ
3150 3125 3236 3176 διὰ
3283 3124 3445 3175 τοῦτο
3492 3124 3554 3175 οὐ
3597 3124 3687 3175 δεῖ

2107 3126 2246 3177 κατὰ
2276 3127 2366 3177 τὸν
2400 3129 2540 3178 θεῖον
2594 3126 2921 3178 ’Λπύστολον
2944 3141 2957 3154 '

2110 3220 2370 3285 γυναῖκας
2405 3221 2574 3271 οἰκεῖν
2617 3221 2674 3272 ἐν
2718 3218 3090 3278 ἐπιτκοπείοις
3143 3217 3174 3288 ἢ
3210 3216 3475 3286 ἀνδρῴοις
3509 3233 3685 3285 μονα-

437 3312 535 3363 riis
587 3311 836 3364 habitare
882 3324 992 3363 non
1045 3315 1298 3377 oportet;
1361 3308 1455 3362 sed
1521 3323 1644 3360 eum
1695 3307 1790 3374 qui
1841 3320 2004 3358 ausus

2116 3312 2387 3379 στηρίοις⁶
2437 3309 2570 3363 ἀλλὰ
2618 3311 2708 3363 τὸν
2766 3312 3130 3381 τολμήσαντα
3199 3309 3344 3378 ἔχειν
3401 3309 3593 3378 δούλην
3647 3309 3683 3380 ἢ

451 3400 622 3454 fuerit
656 3398 907 3452 ancillam
934 3399 1014 3452 vel
1052 3400 1275 3476 liberam
1309 3401 1379 3454 ob
1408 3398 1625 3468 aliquod
1651 3396 2009 3450 ministerium

441 3495 496 3564 in
529 3495 806 3564 episcopio
856 3503 948 3548 aut
991 3493 1323 3548 monasterio
1365 3493 1637 3554 retinere,
1687 3489 2014 3559 reprehendi

435 3587 627 3652 iubent
670 3587 877 3641 Patres.
920 3587 1052 3642 Eum
1087 3595 1290 3660 autem,
1327 3587 1418 3654 qui
1457 3594 1510 3639 et
1553 3593 1674 3654 pest
1727 3584 2014 3652 reprehen-

438 3680 646 3750 sionem
679 3693 772 3732 eas
808 3693 914 3731 non
958 3677 1150 3746 abigit,
1192 3678 1287 3731 sed
1321 3677 1372 3730 in
1403 3678 1681 3746 episcopio
1728 3685 1821 3729 aut
1853 3691 2010 3728 man-

439 3770 592 3822 sione
620 3770 798 3823 adhuc
833 3771 996 3824 etiam
1049 3784 1270 3823 manere
1310 3770 1610 3838 permittit,
1648 3769 1840 3837 deponi
1902 3777 2013 3820 sta-

439 3870 625 3915 luunt.
661 3861 719 3914 Si
750 3876 880 3916 vero
917 3861 970 3915 in
999 3862 1262 3932 episcopii
1310 3861 1394 3914 vel
1451 3861 1773 3914 monasterii
1803 3861 2008 3913 subur-

438 3951 598 4006 banis
623 3952 917 4020 episcopus
963 3960 1058 4004 aut
1099 3952 1416 4006 monasterii
1463 3953 1754 4022 praefectus
1788 3952 2008 4012 abierit,

439 4052 495 4097 ct
541 4044 848 4112 contigerit]
895 4045 1153 4099 mulieres
1207 4044 1405 4098 ibidem
1441 4060 1601 4110 esse,
1637 4046 1718 4099 ha:
1766 4043 2010 4098 ministe-

436 4138 578 4207 rium
631 4138 736 4192 neu
786 4137 984 4193 obeant
1010 4136 1269 4205 quamdiu
1301 4136 1376 4190 illi
1409 4136 1482 4190 ibi
1553 4145 1714 4200 sunt;
1763 4135 1859 4190 sed
1902 4135 2009 4188 alio

439 4230 491 4280 in
536 4229 654 4281 loco
697 4243 948 4282 seorsum
987 4238 1164 4293 stent,
1212 4229 1389 4282 donec
1429 4228 1758 4282 recesserint
1799 4228 1898 4288 illi,
1952 4238 2010 4280 ut

439 4321 876 4390 reprehensionis
907 4322 1132 4375 occasio
1170 4320 1426 4373 evitetur.

1011 4411 1239 4466 CANON
1288 4412 1431 4464 ΧΙΧ.

444 4524 459 4562 ι
511 4503 696 4557 Tanta
753 4505 1104 4561 exsecrabilis
1153 4507 1395 4558 avaritia:
1463 4505 1612 4558 labes
1655 4504 2003 4558 ecclesiarmn

513 4618 532 4645 ι
574 4606 812 4651 rectores
849 4595 1079 4661 invasit,
1103 4605 1159 4648 ut
1179 4596 1420 4648 nonnulli
1455 4610 1643 4648 eorum
1670 4594 1907 4648 virorum
1943 4610 2005 4646 ac

516 4706 531 4736 ι
575 4689 889 4750 mulierum,
924 4689 1018 4756 qui
1041 4687 1192 4755 piiac
1216 4686 1454 4754 religiosi
1491 4687 1770 4749 dicuntur,
1796 4686 2006 4739 Domini

516 4799 532 4831 ι
578 4782 818 4834 mandati
845 4779 1022 4843 obliti,
1077 4779 1359 4840 fallantur,
1387 4793 1439 4832 et
1465 4795 1555 4835 eos
1579 4779 1672 4848 qui
1711 4779 1776 4832 ad
1828 4795 2009 4832 sacer-

514 4892 532 4922 ‹
575 4873 806 4927 dotalem
853 4872 1099 4926 ordinem
1147 4880 1200 4923 et
1242 4872 1405 4922 vitam
1457 4871 1812 4924 monasticam
1848 4888 2006 4924 acce-

515 4983 532 5011 ‹
580 4964 752 5027 dunt,
789 4964 1036 5032 pecuniis
1064 4964 1375 5019 admittant.
1423 4965 1486 5019 Et
1534 4982 1766 5033 quorum
1818 4983 2004 5033 repro-

513 5076 528 5102 ι
581 5061 704 5107 hum
737 5065 820 5112 est
862 5056 1213 5124 principium,
1263 5060 1574 5112 universum
1615 5074 1830 5126 quoque
1878 5060 2003 5126 reji-

516 5167 531 5195 ι
571 5147 821 5198 ι-ἱοιιιιιιιιι
866 5156 968 5210 est,
1045 5158 1101 5201 ut
1145 5151 1219 5203 ait
1271 5167 1500 5219 magnus
1557 5150 1839 5203 Basilius:
1903 5167 2001 5204 nec

515 5257 529 5286 ε
577 5231 684 5291 Deo
716 5240 840 5293 licet
877 5249 930 5294 et
967 5256 1288 5296 maunnonze
1329 5245 1554 5297 servire.
1607 5242 1661 5294 Si
1695 5243 1817 5311 quis
1871 5259 2000 5309 οι·μο

514 5353 528 5382 ι
575 5333 840 5408 inventus.
865 5335 1021 5387 fuerit
1065 5336 1166 5388 hoc
1211 5337 1414 5396 facere,
1448 5336 1740 5403 episcopus
1781 5336 1998 5404 quidem

514 5446 530 5475 ι
580 5427 664 5481 vel
719 5429 1038 5482 monasterii
1089 5429 1379 5496 praefectus
1426 5430 1506 5480 vel
1561 5444 1627 5480 ex
1676 5426 2003 5481 sacerdotali

513 5538 528 5569 ι
571 5520 781 5582 ordine,
811 5534 901 5572 aut
935 5531 1250 5583 cesset,ant
1298 5522 1626 5588 deponatur,
1673 5530 1731 5573 ut
1765 5521 1878 5572 vult
1909 5536 2000 5570 ca-

512 5630 527 5661 ι
568 5627 674 5663 non
731 5610 766 5662 2
817 5611 1278 5664 Chalcedonrnsis
1334 5622 1536 5665 sancte
1575 5613 1766 5679 synodi
1814 5630 1828 5663 :
1887 5628 1972 5661 Ino

514 5721 529 5749 ι
576 5705 798 5755 nasterii
843 5715 1022 5757 autem
1062 5705 1315 5771 pnel'ecta
1369 5720 1396 5756 a
1445 5707 1782 5757 monasterio
1815 5709 2002 5756 extin-

517 5812 532 5842 ι
582 5795 742 5845 datur
809 5805 859 5846 et
920 5796 1009 5846 alii
1078 5797 1411 5849 monasterio
1467 5798 1715 5848 tradatur
1764 5797 1827 5846 ad
1874 5797 2004 5846 Sail:—

517 5899 535 5932 ι
581 5883 891 5950 jectionem.
930 5886 1196 5940 Similiter
1237 5897 1287 5941 et
1339 5887 1658 5942 monaswrii
1690 5886 2003 5954 praefectus,

2111 3403 2403 3470 ἐλευθέραν
2433 3404 2490 3455 ἐν
2528 3403 2605 3471 τῷ
2654 3403 2992 3470 ἐπισκοπείῳ
3027 3402 3059 3471 ἢ
3097 3404 3154 3454 ἐν
3201 3401 3280 3470 τῷ
3329 3400 3685 3470 μοναστηρίῳ

2109 3495 2196 3548 διά
2239 3513 2358 3547 τινα
2399 3497 2705 3564 ὑπηρεσίαν
2757 3495 3118 3565 ἐπιτιμᾶσθαι
3165 3494 3596 3565 προστάττουσιν
3631 3495 3689 3545 οἱ

2112 3590 2374 3658 Πατέρες.
2413 3588 2515 3640 Τὸν
2547 3589 2602 3639 δέ
2635 3579 2772 3651 ’μετὰ
2804 3590 2900 3658 τὴν
2932 3591 3252 3656 ἐπιτίμησιν
3295 3587 3371 3657 μὴ
3413 3587 3684 3639 διώκοντα

2110 3681 2333 3743 ταύτας,
2361 3680 2473 3733 ἀλλ’
2507 3682 2564 3733 ἐν
2593 3684 2655 3750 τῇ
2697 3683 2970 3752 ἐπισκοπῇ
3009 3684 3038 3752 ἦ
3072 3686 3136 3751 τῇ
3196 3685 3327 3756 μονῇ
3363 3684 3454 3733 καὶ
3483 3682 3560 3745 είς
3599 3681 3684 3732 ἔτι

2114 3770 2296 3838 μένειν
2348 3770 2758 3839 συγχωροῦντα,
2794 3772 3178 3842 καθαιρεῖσοαι
3233 3773 3584 3842 διορίζονται.
3613 3772 3682 3823 Εἰ

2109 3864 2165 3916 δὲ
2197 3864 2252 3915 ἐν
2291 3865 2598 3934 προαστείῳ
2649 3866 2750 3932 τῆς
2791 3867 3098 3933 ἐπισκοπῆς
3129 3865 3161 3935 ἣ
3187 3864 3283 3917 τοῦ
3315 3864 3684 3935 μοναστηρίου

2109 3956 2406 4018 ἐπίσκοπος
2439 3956 2469 4024 ἢ
2507 3956 2812 4024 ἡγούμενος
2843 3957 3088 4024 ἀπέλθοι,
3135 3959 3230 4010 καὶ
3275 3957 3491 4027 τύχοιεν
3535 3947 3685 4008 εἶναι

2109 4048 2287 4100 ἐκεῖσε
2327 4049 2592 4114 γυναῖκας
2617 4065 2632 4080 ⁶
2675 4053 2749 4118 μὴ
2791 4049 3212 4102 διακονείτωσαν
3265 4044 3447 4112 αὗται,
3479 4049 3682 4117 μέχρις

2110 4140 2175 4192 ἂν
2207 4139 2512 4208 ἐνδημῶσιν
2568 4132 2712 4192 οὗτοι
2763 4142 2982 4192 ἐκεῖσε·
3029 4140 3147 4192 ἀλλ’
3200 4142 3258 4192 ἐν
3309 4141 3482 4210 ἑτέρῳ
3523 4142 3680 4208 τύπῳ

2113 4231 2420 4294 ἰδιαζᾶντως
2455 4233 2700 4285 εστωσαν
2733 4233 2895 4303 μέχρι
2927 4235 3027 4303 τῆς
3051 4233 3232 4287 αὐτῶν
3266 4235 3679 4304 ἀναχωρήσεως

2108 4325 2195 4377 διὰ
2223 4325 2283 4376 τὸ
2312 4326 2700 4395 ἀνεπίληπτον.

2695 4419 2936 4472 ΚΑΝΩΝ
2967 4417 3067 4472 ΙΘ’.

2118 4525 2135 4556 ι
2179 4507 2444 4561 Τοσοῦτον
2483 4510 2832 4581 κατενεμήθη
2875 4511 2972 4580 τῆς
3013 4510 3383 4580 φιλαργυρίας
3409 4510 3468 4563 τὸ
3509 4509 3682 4579 μύσος

2188 4617 2206 4649 ι
2246 4602 2323 4662 είς
2355 4602 2482 4663 τοὺς
2533 4602 2803 4672 ἡγήτορας
2847 4601 2956 4653 τῶν
3009 4602 3338 4671 ἐκκλησιῶν,
3389 4601 3530 4654 ὥστε
3585 4603 3684 4653 καί

2190 4710 2207 4736 ε
2246 4708 2394 4751 τινας
2427 4691 2534 4742 τῶν
2578 4692 2894 4759 λεγομένων
2931 4691 3178 4742 εύλαόῶν
3230 4689 3441 4758 ἀνδρῶν
3473 4707 3532 4739 τε
3585 4691 3686 4740 καὶ

2187 4799 2204 4830 ε
2249 4782 2522 4845 γυναικῶν
2563 4782 2986 4850 ἐπιλαθομένους
3019 4784 3116 4849 τῆς
3167 4779 3386 4850 ἐντολῆς
3412 4780 3506 4832 τοῦ
3539 4779 3680 4830 Θεοῦ

2186 4895 2202 4923 ‹
2245 4875 2672 4944 ἐξαπατηθῆναι,
2708 4877 2801 4927 καὶ
2853 4875 2937 4926 διὰ
3001 4875 3224 4943 χρυσίου
3285 4876 3381 4935 τὰς
3437 4872 3686 4937 εἶσδοκάς

2186 4987 2201 5014 ι
2247 4967 2352 5018 τῶν
2383 4968 2841 5036 προσερχομένων
2889 4967 2966 5033 τῷ
3001 4966 3265 5035 ἱερατικῷ
3302 4966 3548 5032 τάγματι
3585 4967 3686 5014 καὶ

2184 5079 2200 5108 ι
2249 5058 2323 5126 τῷ
2375 5059 2596 5126 μονήρει
2652 5057 2751 5127 βίῳ
2803 5058 3094 5110 ποιεῖσθαι.
3152 5057 3264 5109 Καὶ
3303 5057 3512 5123 γίνεται
3536 5049 3612 5107 ὧν
3648 5058 3684 5125 ἡ

2187 5171 2203 5201 ι
2248 5151 2385 5220 ἀρχὴ
2416 5152 2674 5217 ἀδτῐκιμος
2705 5152 2798 5202 καὶ
2823 5151 2884 5202 τὸ
2911 5151 3033 5202 ὅλον
3061 5147 3390 5217 ἀπόϐλητον,
3414 5147 3488 5209 ὥς
3514 5163 3686 5215 φησιν

2186 5265 2202 5296 ‹
2245 5246 2270 5294 ὁ
2308 5245 2480 5313 μέγας
2534 5245 2812 5304 Βασίλειος
2843 5261 2856 5271 ·
2908 5245 3028 5296 οὐδέ
3083 5244 3192 5311 γὰρ
3246 5242 3366 5310 Θεῷ
3400 5245 3495 5294 καὶ
3526 5259 3685 5312 μαμ-

2188 5355 2204 5382 σ
2257 5339 2409 5405 μωνᾶ
2440 5336 2707 5389 δουλεύειν
2738 5337 2966 5400 ἔξεστιν.
2999 5337 3064 5386 Εἴ
3087 5353 3172 5396 τις
3201 5331 3294 5387 οὖν
3324 5333 3685 5402 εὑρεοᾔ’τοῦσ

2194 5450 2209 5478 ι
2257 5446 2317 5480 το
2345 5429 2532 5492 ποιῶν,
2566 5431 2613 5480 εί
2662 5429 2760 5496 μὲν
2808 5427 3105 5488 ἐπίσκοπὸς
3136 5427 3286 5477 ἐστιν
3317 5424 3348 5492 ἢ
3375 5423 3688 5494 ἡγούμενος

2194 5540 2208 5569 ι
2255 5521 2286 5588 ἧ
2324 5537 2405 5582 τις
2449 5521 2540 5572 τοῦ
2575 5518 2870 5589 ἱερατικοῦ,
2901 5520 2933 5589 ἦ
2967 5519 3268 5572 παυσασοιο
3318 5519 3348 5585 ἣ
3398 5516 3690 5583 καθαιρεί-

2187 5633 2203 5661 ι
2254 5612 2385 5672 σΟω,
2415 5614 2556 5663 κατὰ
2584 5613 2671 5664 τὸν
2699 5612 2952 5680 δεύτερον
2989 5613 3190 5663 κανῦνα
3236 5611 3332 5677 τῆς
3371 5610 3426 5661 ἐν
3457 5610 3687 5678 Χαλκη-
3761 5657 3764 5660 λ

2187 5721 2204 5750 ι
2252 5702 2360 5754 δὸνι
2384 5702 2544 5771 ἁγίας
2568 5702 2784 5753 συνόδου
2804 5719 2814 5730 ·
2849 5703 2897 5752 εί
2929 5700 2984 5752 δέ
3017 5700 3689 5769 ἡγουμένη,ἐκδιιι›χθὴτίι›

2189 5813 2205 5841 ι
2247 5791 2340 5842 τοῦ
2400 5791 2784 5858 μοναστηρίου.
2821 5791 2914 5843 καὶ
2970 5789 3332 5859 παραδοοήτω
3392 5790 3450 5838 ἐν
3509 5786 3693 5854 ἑτέρῳ

2192 5904 2208 5935 ι
2254 5881 2598 5953 μοναστηρίῳ
2667 5883 2800 5951 πρδς
2877 5881 3170 5952 ὑποταγὴν.
3240 5877 3514 5939 Ὠααύτ-ς·
3589 5883 3686 5930 καὶ
