4056 6458
400 417 496 480 981

823 626 848 638 θ

475 639 494 672 ‹
536 622 662 676 Ἐπὶ
695 625 751 677 δὲ
779 626 887 678 τῶν
915 629 1068 698 παρὰ
1098 631 1300 698 γονέων
1331 635 1784 703 παραδεδομένων
1813 635 1969 704 δίκην

475 734 492 764 ι
538 717 826 788 προικῴων
877 724 989 783 τοῖς
1049 723 1282 785 τέκνοις,
1333 725 1365 794 ἢ
1425 727 1743 797 ἰδιοκτήτων
1791 729 1971 782 αὐτῶν

478 828 495 858 ε
542 813 886 880 πραγμάτων
913 818 1366 886 προσαγομένων,
1404 821 1810 888 ὁμολογούντων
1862 824 1970 877 τῶν

477 919 494 948 σ
543 905 932 972 προσαγόντων
958 907 1133 963 ταῦτα
1162 906 1305 962 εἶναι
1335 913 1691 981 ἁφιερωμένα
1721 916 1799 984 τῷ
1827 917 1966 985 Θεῷ·

483 1013 500 1044 σ
542 994 845 1064 ὡρίσαμεν,
877 1001 980 1054 κᾶν
1033 1019 1090 1054 τε
1141 1005 1322 1074 μείνῃ,
1364 1005 1466 1058 κᾶν
1489 1023 1549 1058 τε
1610 1007 1822 1080 ἐξέλθῃ,
1876 1014 1972 1078 μὲ-

477 1103 494 1132 «
537 1103 648 1138 νειν
700 1090 838 1142 αὐτὰ
891 1093 948 1143 ἐν
1000 1093 1078 1162 τῷ
1141 1100 1491 1170 μοναστηρίῳ
1540 1101 1682 1154 κατὰ
1712 1103 1812 1171 τὴν
1843 1103 1973 1156 ὑπό-

486 1198 501 1226 ς
547 1185 943 1262 σχεσινὶαύτοῦ
970 1203 984 1218 ·
1026 1190 1074 1240 εἰ
1111 1190 1184 1257 μὴ
1237 1192 1320 1262 εἴη
1361 1193 1508 1246 αἰτία
1545 1194 1637 1246 τοῦ
1686 1198 1969 1266 προεστῶ-

481 1289 498 1320 ‹
538 1288 630 1336 τος
660 1272 794 1342 (40).
839 1294 858 1327 ι

485 1365 681 1420 ΒΑΛΣ.
720 1368 808 1421 Ἐν
850 1371 928 1440 τῷ
957 1372 1014 1424 ε”
1036 1377 1224 1430 κανόνι
1275 1380 1372 1446 τῆς
1427 1383 1722 1452 παρούσηςΔ
1753 1387 1970 1440 συνόδου

406 1456 720 1527 ὡρίσθησαν
752 1463 902 1531 παρὰ
930 1466 1038 1520 τῶν
1069 1469 1240 1535 ἁγίων
1284 1473 1544 1542 Πατέρων
1589 1475 1822 1547 διάφορά
1853 1497 1975 1532 τινα

407 1549 566 1617 χάριν
597 1551 692 1620 τῆς
723 1552 1012 1619 διαῖόσεως
1054 1561 1357 1629 χρημάτων
1405 1570 1898 1636 κατατασσομένων
1941 1571 1972 1641 ἢ

419 1645 900 1712 ίῖιροτονουμὲνων
958 1651 1016 1701 ὲν
1049 1653 1235 1723 κλήρῳ
1290 1657 1582 1726 οἱῳδήτινι.
1637 1661 1975 1727 Ἀκολούθως

409 1732 501 1784 οὖν
531 1735 680 1804 αὐτῷ
723 1740 816 1791 καὶ
848 1741 874 1792 ό
913 1745 1105 1813 παρὼν
1149 1747 1354 1813 κανὼν,
1392 1751 1668 1816 ὀνειδίζων
1699 1755 1826 1817 τοὺς
1855 1757 1974 1808 ἐπι·

413 1826 649 1890 σκόπους
680 1832 771 1883 καὶ
797 1833 1264 1903 καθηγουμένους,
1303 1843 1429 1903 τοὺς
1483 1843 1570 1896 διὰ
1604 1844 1976 1916 φιλαργυρίαν

409 1917 731 2010 δεχομένους
798 1926 950 1988 τινὰς
1017 1929 1157 1996 μετὰ
1229 1935 1602 2001 προσενέξεως
1674 1944 1975 2010 χρημάτων

413 2000 579 2070 (οὗτοι
637 2012 744 2080 γάρ
774 2015 911 2066 εἰσιν
963 2019 1009 2069 οἱ
1068 2021 1334 2092 ἡγήτορες
1382 2025 1474 2075 καὶ
1521 2023 1635 2079 οἷον
1664 2029 1852 2100 ὁδηγοὶ
1881 2032 1975 2086 τοῦ

408 2100 584 2169 λαοῦ),
613 2103 908 2174 διορίζεται
958 2109 1032 2179 μὴ
1078 2115 1532 2184 συναριθμεῖσθαῖ
1573 2136 1696 2173 τινα
1732 2125 1790 2173 ὲν
1822 2125 1978 2176 ἀδελ-

410 2193 600 2262 φότητι
633 2197 794 2264 μονῇ³
823 2199 854 2269 ἢ
887 2201 944 2252 ὲν
977 2202 1167 2272 κλήρῳ
1213 2206 1343 2259 ναοῦ
1395 2209 1482 2261 διὰ
1513 2210 1711 2276 δόσεως
1753 2217 1975 2284 χρημά-

409 2299 554 2334 τωνο
588 2286 714 2348 τοὺς
759 2288 816 2340 δὲ
864 2292 1090 2356 τούτους
1123 2297 1468 2366 δεχομένους.
1511 2304 1846 2370 ἐπισκόπους
1882 2310 1980 2376 μὲν

411 2371 566 2437 ὂντας
593 2378 686 2428 καὶ
718 2380 1057 2449 ἡγουμένους
1089 2387 1440 2456 ῐερωμένους,
1477 2392 1508 2462 ἢ
1538 2396 1808 2449 παύεσθαι
1838 2400 1979 2465 μετὰ
2006 2428 2007 2431 η

412 2470 790 2562 παραγγελίαν
835 2473 866 2543 ἢ
919 2475 1298 2545 καθαιρεῖσθαι
1326 2499 1340 2511 ο
1391 2486 1440 2535 εἰ
1488 2485 1544 2536 δὲ
1583 2488 1978 2562 μονάξουσαιῆ

411 2555 704 2624 ἡγούμενοι
731 2563 955 2632 ἁνίεροι,
1011 2568 1368 2626 ἐκδιιῖικεσθαι
1416 2576 1523 2628 ἀπὸ
1573 2579 1665 2630 τοῦ
1713 2555 1984 2655 μοναστηζ

414 2653 553 2718 ρίου,
581 2654 673 2704 καὶ
705 2659 1092 2724 παραδίδοσθαι
1123 2665 1180 2714 ἐν
1208 2665 1372 2736 ἑτέρᾳ.
1411 2673 1545 2738 μονῇ
1578 2672 1662 2738 ἐφ’
1776 2653 1982 2728 ὑποτα-

413 2743 634 2804 κτικοὺς
667 2741 825 2799 εἶναι.
861 2749 940 2802 Τὰ
975 2753 1159 2819 μέντοι
1193 2759 1340 2826 παρά
1371 2777 1532 2812 τινων
1558 2769 1979 2837 προσφερόμενα

413 2831 488 2924 τῷ
539 2832 656 2903 Θεῷ
711 2838 1210 2914 αὑτοπροαιρέτως,
1259 2851 1352 2901 καὶ
1410 2853 1518 2905 ἀπὸ
1561 2857 1765 2922 γονέων
1798 2860 1982 2924 αὐτοῖς

413 2921 821 3020 δὶαφέροντα,ῆ
885 2933 979 2985 καὶ
1021 2936 1324 3020 ⁴ἀλλαχόθεν
1378 2921 1578 3008 ποθὲν,
1641 2921 1982 3020 ἀναφαίρετα

413 3009 552 3067 εἶναι
606 3020 666 3088 τῇ
703 3025 862 3091 μονῇ,
897 3027 998 3080 κᾶν
1045 3025 1108 3080 τε
1159 3031 1318 3104 μείνῃ
1371 3036 1428 3086 ἐν
1477 3037 1551 3104 τῷ
1583 3047 1984 3113 μοναστηρίφὸ

413 3110 732 3178 ἀφιερώσας
776 3115 970 3181 ταῦτα,
1006 3122 1108 3174 κᾶν
1149 3140 1206 3175 τε
1238 3126 1467 3195 ἐξέλθῃο
1511 3131 1561 3181 εἰ
1609 3133 1778 3201 μήπω
1810 3110 1984 3199 αἴτιος

1391 429 1474 490 ΙΝ
1502 431 1667 490 CAN.
1713 433 1848 492 XlX
1907 432 2115 493 CONC.
2152 434 2260 492 VII
2300 433 2650 495 (ECUTdEN.

476 547 492 579 ι
540 527 841 599 ἡγούμενος
889 533 962 603 μὴ
1006 535 1145 604 ἔχων
1179 544 1513 609 χειροτονίαν
1566 540 1960 608 πρεσϐύτέρου.
1995 541 2040 596 Α

3309 397 3332 428 οι

3536 435 3642 498 988

2143 558 2162 590 ‹
2209 542 2300 610 qui
2357 542 2661 614 presbyteri
2710 543 3112 599 ordinationem
3163 557 3272 599 non
3325 545 3514 601 habet.
3562 549 3632 606 De

2147 652 2166 684 ‹
2212 635 2279 689 iis
2307 647 2509 700 autem,
2546 651 2667 703 quae
2699 637 2901 690 dantur
2932 637 3120 692 liberis
3142 653 3172 692 a
3204 641 3525 708 parentibus
3553 641 3635 694 in-

2145 746 2168 778 (
2209 736 2322 783 star
2376 730 2539 793 dotis,
2597 731 2680 784 vel
2731 734 2898 791 rebus
2947 733 3063 789 suis
3115 733 3366 802 propriis
3420 733 3640 796 oblatis,

2148 837 2166 864 ο
2212 821 2600 890 profitentibus
2657 824 2746 885 iis.
2797 825 2890 893 qui
2933 840 2998 878 ea
3039 824 3298 890 offerunt,
3352 841 3474 878 esse
3533 824 3644 879 Deo

2143 933 2161 964 ί
2204 924 2548 976 consecrata,
2583 919 2900 982 statuimus,
2948 928 3008 972 nt
3052 920 3166 973 sive
3196 927 3472 980 maneant,
3526 919 3645 974 sive

2147 1024 2166 1056 ι
2209 1017 2426 1068 exeant,
2475 1022 2536 1060 ea
2573 1009 2626 1062 in
2683 1010 3019 1064 monasterio
3072 1018 3353 1073 maneant,
3419 1020 3478 1064 ut
3544 1009 3648 1062 fuit

2149 1117 2166 1147 ι
2217 1099 2459 1167 ipsorum
2508 1100 2818 1168 professio:
2875 1101 2973 1155 nisi
3031 1101 3077 1155 is
3141 1101 3233 1170 qui
3291 1108 3486 1169 praeest
3518 1136 3547 1163 ι⁴
3589 1102 3642 1154 in

2148 1208 2168 1240 ι
2209 1189 2366 1258 culpa
2397 1189 2624 1258 fuerit.)

2149 1370 2346 1426 BALS.
2400 1374 2458 1426 In
2529 1387 2738 1426 canone
2783 1374 2816 1428 5
2869 1377 3157 1442 praesentis
3199 1373 3395 1444 synodi
3431 1371 3645 1427 diversa

2074 1464 2322 1533 quaedam
2369 1478 2399 1515 a
2439 1465 2644 1518 sanctis
2676 1463 2931 1520 Patribus
2963 1466 3259 1536 constituta
3287 1473 3418 1518 sunt
3453 1465 3520 1518 de
3551 1479 3646 1534 pe-

2075 1553 2358 1606 cuniarum
2381 1550 2602 1605 datione
2625 1552 2693 1606 ab
2734 1553 2822 1615 iis,
2857 1553 2948 1622 qui
2983 1555 3035 1606 in
3065 1554 3250 1621 aliquo
3273 1553 3420 1608 clero
3445 1552 3650 1606 consti-

2078 1653 2304 1698 tuuntur
2326 1645 2407 1700 vel
2431 1646 2777 1700 ordinantur.
2824 1647 2885 1700 Ei
2923 1662 3053 1716 ergo
3085 1655 3486 1715 consequenter
3514 1661 3652 1715 pra:-

2077 1752 2205 1791 sens
2233 1751 2442 1805 quoque
2467 1753 2641 1792 canon
2667 1779 2680 1802 ,
2715 1738 3117 1806 reprehendens
3148 1740 3433 1807 cpiscopos
3461 1749 3514 1791 ct
3537 1756 3654 1793 mo-

2079 1827 2434 1880 nasteriortim
2457 1825 2762 1894 praefectos,
2783 1827 2872 1894 qui
2899 1836 3124 1896 propter
3141 1828 3422 1880 avaritiam
3441 1828 3652 1898 aliquos

2079 1918 2387 1986 suscipiunt
2460 1932 2582 1970 cum
2652 1919 3007 1986 pecuniarum
3084 1919 3360 1973 oblatione
3417 1921 3475 1980 (ii
3504 1920 3647 1972 enim

2080 2020 2206 2066 sunt
2245 2009 2428 2079 populi
2461 2011 2632 2064 duces
2667 2020 2721 2064 et
2757 2011 2924 2064 veluti
2955 2011 3008 2064 in
3048 2012 3430 2079 viaductores)
3463 2011 3649 2064 decer-

2080 2105 2183 2169 n‘t,
2222 2105 2436 2174 nequis
2465 2104 2517 2156 in
2555 2105 2868 2158 monasterii
2913 2105 3255 2160 fraternitate
3296 2105 3377 2158 vel
3415 2106 3465 2157 in
3503 2106 3653 2157 clem

2082 2199 2265 2267 templi
2323 2212 2418 2267 per
2464 2197 2808 2267 largitionem
2863 2199 3106 2265 pecunize
3164 2207 3646 2251 remurmt-retur:

2081 2290 2170 2357 qui
2214 2304 2339 2344 vero
2380 2290 2504 2344 illos
2532 2291 2872 2359 suscipiunt,
2906 2291 2962 2344 'si
3014 2291 3126 2345 sint
3158 2289 3375 2358 quidem
3409 2289 3650 2356 episcopi

2081 2393 2134 2434 et
2165 2387 2618 2437 monasteriorum
2648 2383 2887 2452 przefeeti
2919 2382 3254 2445 sacerdotes,
3301 2383 3382 2435 vel
3409 2391 3530 2449 post
3564 2383 3655 2436 de-

2085 2477 2480 2530 nuntiationem
2511 2485 2728 2530 cessent
2762 2475 2847 2528 vel
2882 2475 3256 2542 deponantur;
3313 2474 3358 2526 si
3396 2475 3504 2530 sinat
3554 2487 3651 2524 au—

2083 2577 2191 2622 tem
2250 2569 2572 2633 monachae,
2612 2568 2693 2622 vel
2739 2567 3190 2622 monasteriorum
3217 2564 3455 2634 pueri-cli
3481 2566 3656 2620 sacris

2084 2676 2191 2714 non
2230 2660 2469 2722 initiati},
2509 2661 2839 2714 monasterio
2880 2660 3262 2717 extrudantur,
3315 2665 3371 2710 et
3414 2655 3506 2708 alii
3541 2671 3648 2708 mo.

2086 2752 2322 2806 naslerio
2351 2751 2656 2814 tradantur,
2689 2762 2748 2805 ut
2787 2750 2897 2804 sint
2936 2749 3196 2816 subjecti.
3235 2748 3365 2814 Quae
3409 2757 3589 2800 autem
3628 2764 3654 2798 :-.

2086 2844 2370 2898 nonnullis
2411 2843 2519 2896 Deo
2553 2859 2652 2898 sua
2676 2850 2885 2914 _sponl.e
2921 2839 3246 2902 offeruntur,
3282 2841 3362 2894 vel
3392 2855 3420 2894 a
3461 2855 3657 2907 paren-

2085 2936 2250 3000 tibus,
2280 2943 2338 2988 ut
2367 2951 2487 3001 qua:
2539 2934 2605 2987 ad
2646 2935 2796 3002 ipsos
2823 2933 3137 3002 pertinent,
3173 2932 3254 2985 vel
3299 2930 3652 2984 aliundecuu-

2087 3043 2212 3098 que,
2260 3043 2324 3081 ea
2361 3043 2388 3080 a
2429 3027 2764 3080 monasterio
2803 3042 2911 3080 non
2969 3041 3130 3100 posse
3155 3025 3386 3089 auferri,
3436 3025 3554 3077 sive
3603 3024 3656 3076 iu

2087 3122 2424 3174 monasterio
2497 3119 2761 3172 inanserit
2837 3117 2932 3187 qui
2997 3131 3060 3170 ea
3117 3117 3482 3180 consecravit,
3541 3114 3657 3168 sive

411 3199 512 3269 τῆς
579 3203 908 3270 ὲξελεύσεως
955 3213 983 3263 ὁ
1036 3213 1448 3288 καθηγούμενος
1512 3223 1761 3293 γένηται.
1813 3224 1983 3283 Εἶπον

2088 3227 2343 3278 egressus
2407 3210 2618 3266 fuerit:
2667 3211 2771 3264 nisi
2833 3212 2972 3263 forte
3037 3209 3123 3273 is,
3166 3208 3259 3277 qui
3330 3205 3661 3260 monasterio

415 3387 507 3446 λον
538 3388 719 3452 ἕξουσι
750 3394 934 3463 χώραν
960 3399 1042 3459 εὶς
1066 3399 1134 3451 τὰ
1154 3403 1476 3458 κοινοϐιακὰ
1514 3403 1870 3480 μοναστήρια,
1905 3415 1987 3475 εἰς

413 3479 471 3530 δὲ
509 3480 580 3534 τὰ
603 3484 932 3542 κελλιωτικὰ
963 3491 1064 3543 οὐκ
1093 3494 1475 3565 ἐνεργήσουσι,
1500 3499 1589 3554 διὰ
1618 3503 1678 3556 τὺ
1705 3479 1988 3574 σιτηρέσια

415 3572 737 3666 ἐξωνεῖσθαι
783 3582 909 3644 τοὺς
957 3583 1409 3658 ἀδελφαταρίους,
1459 3592 1532 3663 μὴ
1585 3572 1855 3666 μέντοι
1895 3601 1988 3653 καὶ

414 3665 625 3720 δὶκαιον
657 3670 1022 3742 ἀποκάρσεως
1050 3678 1082 3747 ἢ
1118 3679 1468 3750 κληρώσεως.
1503 3686 1781 3742 Ἤκουσαν
1807 3691 1864 3744 δὲ
1896 3694 1989 3746 ἐπὶ

417 3761 557 3811 πᾶσι
585 3761 678 3812 καὶ
715 3765 795 3825 εἰς
830 3766 1040 3830 πάντας
1065 3771 1195 3832 τοὺς
1243 3762 1513 3844 μοναχοὺς
1546 3778 1638 3832 τὸν
1670 3784 1871 3836 κανόνα
1905 3785 1991 3851 ἐξ·

415 3853 739 3916 ακούεσθαι,
770 3857 858 3911 διὰ
900 3859 961 3913 τὸ
1020 3862 1094 3931 μὴ
1136 3864 1406 3936 διαφορὰν
1439 3866 1580 3925 εἶναι
1619 3875 1870 3946 μοναχῶν
1895 3878 1989 3931 καὶ

422 3947 806 4037 μοναστήρῑων
832 3951 940 4004 ἀπὸ
987 3953 1096 4006 τῶν
1125 3957 1387 4016 κανόνων.
1448 3962 1726 4033 Ἠρώτησε
1779 3967 1837 4022 δέ
1882 3986 1986 4037 τις,

415 4036 492 4094 ὡς
519 4039 679 4112 τοῦ-ε’
731 4044 955 4107 κανόνος
1010 4046 1384 4118 διοριζομένου
1417 4054 1750 4111 ἀπεντεῦθεν
1791 4060 1985 4116 καθαι-

420 4131 633 4198 ρεῖσθαι
662 4135 752 4185 τὸν
775 4135 944 4200 οὕτως
972 4143 1459 4212 χειροτονήσαντα,
1479 4148 1595 4211 πῶς
1619 4150 1646 4200 ό
1668 4150 1858 4221 παρὼν
1886 4170 1990 4206 κα-

417 4220 526 4273 νὼν
549 4223 843 4294 διορίζεται
871 4227 903 4298 ἢ
938 4229 1229 4296 παύεσθαι,
1280 4234 1310 4304 ἢ
1344 4235 1728 4307 καθαιρεῖσθαι
1753 4220 1844 4296 τὸν
1896 4246 1990 4299 διὰ

417 4314 620 4408 δόσεως
657 4319 960 4387 χρημάτων
1010 4324 1302 4394 δεχόμενον
1336 4330 1637 4401 οἱονδήτινα
1669 4333 1927 4404 κληρικὺν
1955 4317 2007 4408 ἢκ

420 4407 650 4476 μοναχόν
673 4427 686 4471 ;
706 4410 918 4476 Λύσις.
939 4412 1068 4465 Ὅτε
1095 4415 1194 4484 μὲν
1219 4418 1524 4486 χειροτονία
1553 4421 1794 4490 οῖαδήτις
1826 4407 1989 4494 γένηέ

2059 3491 2222 3545 ’θεῖε
2290 3490 2346 3542 in
2426 3486 2771 3542 monasteriis
2848 3486 2935 3541 ubi

2089 3312 2320 3372 pricest,
2378 3304 2709 3373 egressionis
2785 3318 2951 3357 causa
3010 3302 3197 3356 fuerit:
3263 3299 3422 3369 323
3496 3296 3655 3350 Dixe-

2091 3403 2218 3448 runt
2265 3411 2394 3465 ergo
2446 3396 2691 3464 quidam,
2751 3395 2865 3448 haec
2920 3395 3038 3448 sine
3097 3387 3264 3446 dubio
3330 3390 3508 3443 locum
3568 3389 3664 3440 ha-

3028 3485 3392 3540 communiter
3463 3481 3670 3534 vivitur.

2094 3583 2237 3653 (quae
2289 3580 2542 3636 coenobia
2589 3578 2894 3647 dicuntur),
2945 3576 3039 3632 sed
3079 3576 3272 3629 nonin
3321 3571 3560 3632 cellulis.
3595 3588 3664 3625 eo

2091 3675 2236 3740 quod
2272 3674 2326 3726 in
2358 3672 2760 3726 fraternitatem
2793 3669 2995 3738 rece‘pti
3040 3669 3242 3721 victum
3269 3672 3494 3728 emant,
3550 3677 3660 3716 non

2094 3776 2275 3818 tamen
2302 3763 2396 3832 jus
2448 3773 2688 3817 tonsum
2725 3760 2806 3813 vel
2841 3759 3158 3813 clericatus.
3210 3754 3521 3809 Audierant
3566 3768 3665 3806 au-

2091 3872 2198 3915 tem
2240 3858 2292 3912 id
2329 3857 2383 3912 in
2423 3855 2683 3910 omnibus
2711 3861 2766 3907 et
2820 3852 2888 3907 de
2923 3849 3178 3904 omnibus
3228 3845 3522 3901 monachis
3579 3843 3663 3897 in-

2093 3952 2260 4021 telligi
2290 3967 2304 4004 :
2340 3965 2405 4004 eo
2459 3947 2606 4018 quod
2639 3944 3038 4000 monachorum
3095 3949 3148 3992 et
3197 3937 3661 3993 monasteriorum

2095 4061 2204 4100 non
2243 4043 2316 4098 sit
2353 4039 2664 4097 differentia
2722 4053 2787 4091 ex
2841 4049 3072 4091 canone.
3129 4031 3422 4102 Rogaverit
3478 4037 3661 4083 autem

2093 4138 2389 4208 quispiam,
2424 4148 2552 4188 cum
2581 4144 2758 4187 canon
2793 4128 2826 4184 5
2854 4134 3087 4191 statuat,
3116 4140 3263 4190 eum,
3294 4123 3386 4194 qui
3445 4122 3526 4176 sic
3575 4135 3662 4176 or-

2092 4229 2322 4293 dinavit,
2358 4241 2425 4281 eo
2451 4225 2573 4295 ipso
2602 4221 2838 4292 deponi;
2885 4218 3164 4290 quomodo
3211 4231 3454 4286 praesens
3483 4228 3660 4268 canon

2093 4327 2379 4385 decernat,
2408 4318 2494 4374 vel
2525 4331 2746 4372 cessare
2776 4313 2860 4368 vel
2895 4313 3093 4382 deponi
3134 4326 3282 4373 eum,
3318 4309 3409 4378 qui
3445 4325 3542 4378 per
3568 4324 3662 4377 pe-

2093 4413 2397 4472 cuniariam
2427 4401 2701 4465 dationem
2729 4406 2896 4461 ullum
2927 4402 3306 4465 clericum_vel
3333 4401 3658 4455 monachum
3698 4441 3701 4446 ,

415 4517 506 4553 ται
566 4501 706 4569 μετὰ
746 4500 944 4566 δόσεως
999 4507 1320 4574 χρημάτων,
1367 4510 1508 4562 κατὰ
1551 4513 1642 4564 τὸν
1679 4511 1718 4565 ε’
1766 4491 1986 4581 κανόνα,

2096 4505 2373 4577 suscepit?
2403 4501 2641 4558 Salutio.
2675 4498 3138 4565 Quotiescunque
3171 4493 3394 4562 quidem
3446 4492 3554 4546 Illa
3589 4491 3659 4545 -flt
3696 4545 3700 4549 _

416 4591 753 4647 ἅπεντεῦθεν
784 4596 1248 4670 καθαιρεθήσεται
1277 4603 1305 4652 ό
1336 4605 1724 4673 χειροτονήσας
1745 4622 1759 4636 ·
1809 4608 1897 4660 ὅτε
1931 4609 1987 4662 δὲ

424 4685 560 4754 μόνη
587 4687 719 4756 δοχὴ
748 4681 1044 4756 προσώπου
1076 4693 1306 4762 γένηται
1328 4694 1439 4747 εἴτε
1476 4698 1532 4748 ὲν
1561 4696 1746 4766 κλήρῳ
1793 4701 1900 4752 εἴτε
1932 4703 1990 4753 ὲν

427 4778 784 4847 μοναστηρίῳ
813 4777 902 4830 διὰ
927 4781 1246 4849 χρημάτων,
1281 4783 1457 4846 ἄλλως
1487 4786 1548 4838 οὐ
1592 4786 1990 4859 καθαιρεθήσε-

418 4885 510 4921 ται
540 4871 568 4921 ὁ
602 4869 662 4921 τὸ
693 4871 860 4922 κακὸν
891 4872 1141 4938 ποιήσας,
1165 4875 1212 4926 εἰ
1244 4874 1318 4945 μὴ
1349 4876 1487 4942 μετά
1517 4878 1856 4948 ἐπιφώνησιν
1886 4881 1988 4948 ἐμ-

426 4960 579 5028 μένει
618 4962 712 5013 ὲπί
752 4960 832 5030 τῷ
867 4962 1059 5029 κακῷξο
1101 4963 1182 5016 ὅτι
1211 4965 1300 5016 καὶ
1355 4967 1402 5017 οἱ
1459 4967 1681 5030 κανόνες
1743 4967 1986 5037 διάφοροί

422 5052 583 5105 εἰσιν.
629 5053 686 5106 '0
726 5055 826 5123 μὲν
859 5053 970 5122 γὰρ
1003 5055 1134 5126 περὶ
1164 5058 1499 5126 χειροτονίας
1545 5059 1794 5128 ἀθέσμου
1841 5059 1990 5112 διδά-

423 5162 579 5198 σκει·
619 5147 645 5198 ὁ
667 5146 724 5199 δὲ
753 5149 882 5216 περὶ
916 5147 1077 5218 δοχῆς
1129 5149 1465 5219 παραλόγου.
1533 5153 1640 5204 Καὶ
1668 5151 1840 5204 ταῦτα
1895 5153 1993 5221 μὲν

425 5237 555 5304 περὶ
583 5236 690 5290 τῶν
715 5237 1218 5306 χειροτονησάντων
1317 5239 1627 5306 δεξαμένων
1663 5240 1815 5302 τινὰς
1843 5243 1994 5310 παρὰ

419 5328 518 5398 τὴν
549 5328 658 5381 τῶν
695 5330 934 5383 κανόνων
963 5330 1256 5398 περίληψιν
1289 5329 1374 5382 διὰ
1415 5331 1613 5395 δόσεως
1649 5331 1948 5401 χρημάτων
1976 5348 1988 5361 ·

1654 5421 1840 5483 Guill.
1871 5423 2192 5500 Beveregii
2235 5428 2424 5483 nota).

491 5517 603 5571 (ιίθ)
637 5519 705 5571 Εἰ
731 5516 814 5585 μὴ
833 5518 925 5582 εἴη
956 5523 1114 5571 αἰτία
1140 5518 1245 5571 τοῦ
1279 5519 1674 5585 προεστῶτος.
1699 5521 1757 5574 ln
1791 5522 1981 5576 codice

420 5595 613 5658 nostro
656 5587 953 5640 Bodleiano
977 5599 1099 5656 post
1129 5587 1242 5641 hzec
1272 5591 1433 5641 verba
1466 5591 1705 5653 additur,
1737 5592 1985 5658 Σημείω-

421 5674 514 5726 σαι
541 5657 631 5708 τὸν
649 5658 895 5725 παρόντα
926 5659 1126 5710 κανόνα
1158 5659 1245 5726 διὰ
1274 5659 1398 5718 τοὺς
1430 5660 1673 5722 διδόντας
1697 5657 1982 5726 τὲςίλεγο-

423 5725 594 5799 μένας
619 5723 923 5799 ἀποέίαγάςν
957 5728 989 5794 ἦ
1020 5723 1354 5792 πωλοῦντας.
1385 5730 1416 5798 ἦ
1443 5730 1811 5799 ἀγοράζοντας
1837 5723 1987 5783 ἁδελ-

422 5794 589 5870 φάτα,
607 5801 716 5870 ⁸καὶ
741 5796 830 5849 διὰ
856 5799 980 5858 τοὺς
1015 5794 1415 5870 εἰσαγομένους
1440 5794 1520 5870 εἰς
1545 5794 1612 5851 τὰ
1647 5803 1986 5870 μοναστήρια

427 5867 562 5931 μετὰ
602 5866 803 5929 δόσεως
845 5867 1217 5937 νομισμάτων.
1267 5868 1382 5937 Ἐφ’
1417 5866 1496 5933 οἷς
1521 5871 1685 5923 καλόν
1727 5866 1984 5922 Eata-fai-

2097 4618 2222 4657 cunt
2268 4595 2623 4668 pecuniarum
2671 4591 2893 4646 datione
2927 4586 3226 4650 ordinatio,
3289 4596 3349 4638 ut
3402 4593 3520 4638 vult
3574 4598 3662 4637 ca-

2097 4707 2202 4747 non
2232 4691 2286 4752 5,
2315 4704 2381 4743 eo
2413 4700 2638 4755 quoque
2672 4684 2793 4752 ipso
2830 4681 3140 4750 deponetur
3194 4678 3286 4746 qui
3339 4677 3614 4731 ordinavit
3649 4695 3661 4728 :

2093 4783 2318 4854 quando
2354 4790 2537 4835 autem
2595 4778 2714 4834 sola
2775 4790 3031 4847 persona:
3085 4770 3386 4841 susceptio,
3442 4770 3558 4824 sive
3611 4770 3662 4823 in

2093 4878 2246 4930 clero
2279 4875 2394 4928 sive
2426 4873 2480 4926 in
2515 4867 2873 4933 monasterio,
2905 4881 3002 4936 per
3037 4864 3302 4933 pecunias
3344 4863 3487 4917 facta
3542 4861 3659 4913 fue-

2092 4968 2186 5029 rit,
2214 4967 2308 5036 qui
2343 4963 2474 5017 illud
2509 4963 2713 5014 malum
2751 4943 2880 5014 fecit
2937 4973 3047 5011 non
3097 4959 3261 5010 aliter
3331 4954 3657 5029 deponetuf,

2091 5072 2253 5128 quam
2291 5057 2337 5108 si
2370 5063 2492 5124 post
2519 5050 2988 5107 denuntiationem
3027 5049 3080 5102 in
3121 5049 3263 5105 malo
3318 5045 3659 5121 perstiterit;

2094 5149 2354 5219 quoniam
2381 5160 2622 5200 canones
2680 5157 2898 5212 quoque
2942 5153 3072 5196 sunt
3115 5140 3344 5194 diversi.
3387 5139 3481 5191 Ille
3513 5137 3657 5191 enim

2093 5243 2162 5296 de
2186 5239 2376 5294 illicita
2405 5235 2754 5292 ordinatione
2778 5234 2940 5288 docet
2975 5252 2990 5287 :
3024 5233 3113 5287 hic
3145 5247 3277 5286 vero
3302 5231 3370 5285 de
3429 5243 3657 5296 suscep-

2095 5333 2264 5393 tione,
2305 5344 2429 5399 quze
2466 5329 2523 5381 fit
2553 5333 2750 5397 praeter
2778 5325 3066 5380 rationem.
3105 5325 3172 5379 Et
3198 5323 3314 5378 haec
3348 5320 3574 5390 quidem
3597 5322 3661 5373 de

2975 5408 2995 5431 Ι

2088 5525 2228 5586 πεῖν,
2272 5521 2396 5575 Ἐὰν
2450 5521 2705 5591 ἀνομίας
2735 5519 3125 5591 παρατηρήσῃ,
3176 5514 3372 5583 Κύριε,
3401 5513 3485 5574 τίς
3530 5513 3663 5591 uaro-

2089 5583 2378 5660 στήάεταις
2439 5583 2572 5657 Quae
2631 5589 2766 5660 nihil
2819 5583 2971 5642 aliud
3006 5583 3187 5660 th't'am
3237 5583 3658 5660 nota-quaedam

2090 5653 2410 5726 ma'rginalis
2446 5653 2679 5715 videtur.
2714 5658 2858 5714 Sane
2889 5663 2953 5711 ad
3006 5653 3355 5711 Balsamonis
3389 5653 3661 5718 interpre—

2091 5736 2352 5792 tationem
2391 5748 2498 5784 non
2539 5731 2767 5799 pertinet
2794 5771 2808 5795 ,
2839 5736 3025 5799 utpote
3095 5728 3239 5780 inter
3275 5740 3439 5791 quam
3482 5735 3534 5776 et
3570 5735 3664 5774 ca-

2091 5819 2286 5858 noncn
2321 5804 2652 5857 collocatur.
