4056 6460
457 440 561 512 985

1441 443 1525 504 IN
1546 440 1714 504 CAN.
1740 438 1879 501 XIX
1917 438 2107 500 CONC
2175 444 2282 504 VII
2318 443 2670 510 (ECUMEN.

3583 439 3687 502 98‘;

456 564 631 624 ἄλλως
650 560 758 615 άπὸ
788 561 975 631 φήμης
999 557 1156 611 τινῶν
1180 556 1215 625 ἦ
1240 553 1334 610 καὶ
1359 554 1478 617 ἐνὸς
1507 552 1736 625 ἀκούσῃ,
1767 550 1887 606 τότε
1911 553 2015 603 sla-

2133 562 2189 606 et
2250 558 2618 625 patria‘rcham
2672 559 2927 615 delictum
2985 560 3041 617 in
3095 556 3430 613 monasterio
3481 552 3683 609 factum

457 651 760 714 ελεύσεται,
810 646 885 710 ὡς
931 650 1172 717 είρηται,
1220 646 1317 698 καὶ
1364 647 1647 714 ἐρευνήσει
1694 642 1762 696 τὰ
1814 640 2022 712 ψυχικά

463 742 775 810 σφάλματα,
822 738 923 792 κᾶν
961 740 1033 808 μὴ
1079 740 1107 791 ὁ
1158 736 1329 790 εἰπὼν
1372 736 1633 806 βούληται
1687 734 2027 788 ὑπεισελθεϊν

461 834 647 900 ἀγῶνα
705 828 1056 896 ἀποδείξεως.
1102 828 1161 883 Ὀ
1210 828 1319 897 γάρ
1372 824 1697 899 Χριστιανὸς
1734 825 2021 895 ἄνθρωπος

459 927 619 995 χρέος
652 922 786 993 ἔχει,
815 924 945 976 ὅταν
974 932 1026 995 τι
1066 921 1272 992 ἀκούσῃ
1304 921 1598 988 γενόμενον
1628 920 1895 983 ἐναντίον,
1930 918 2022 970 λέ-

458 1031 574 1080 γειν
598 1014 757 1065 τοῦτο
780 1000 858 1082 τῷ
880 990 1043 1081 κοινῷ
1072 1010 1425 1080 πνευματικῷ
1446 1010 1619 1078 Πατρὶ
1636 1009 1729 1062 καὶ
1748 1010 2015 1081 ἀρχιερεῖ.

462 1108 621 1168 Ἴσως
648 1107 705 1160 δέ
748 1108 810 1160 οὐ
853 1107 928 1177 μὴ
984 1107 1230 1177 βούλεται
1282 1104 1621 1157 ὑπεισελθεῖν
1688 1107 1782 1158 τὸν
1829 1105 2017 1171 ἀγῶνα

454 1194 643 1247 τοῦτον
663 1208 678 1224 ·
710 1194 805 1247 καὶ
852 1195 910 1248 τὸ
941 1193 1448 1259 καταλιμπάνεσθαι
1489 1192 1577 1246 διά
1607 1194 1706 1264 τὴν
1761 1194 2017 1262 τοιαύτην

456 1287 636 1339 αἰτίαν
669 1287 739 1340 τὰ
770 1288 978 1358 ψυχικὰ
1007 1289 1299 1365 σφάλματα
1321 1290 1692 1358 άνεπιτήρητα
1722 1289 1815 1341 καὶ
1838 1288 2019 1358 ἀδιόρ-

456 1382 624 1441 θωτα,
662 1382 776 1433 ἔστι
802 1381 961 1434 τοῦτο
1004 1382 1180 1450 πάντη
1204 1381 1426 1445 ἄτοπον,
1464 1380 1689 1452 μηδενὸς
1738 1380 2015 1452 ἐγγράφου

454 1473 778 1541 οἷουδήτινος
806 1474 1088 1542 βασιλικοῦ
1127 1476 1160 1544 ἢ
1192 1474 1586 1545 πατριαρχικοῦ
1615 1474 1913 1537 κωλύοντος
1938 1476 2018 1537 είς

454 1563 630 1614 τοῦτο.
658 1563 804 1633 Πλὴν
835 1563 901 1615 τὰ
942 1567 1281 1634 μοναστήρια
1325 1564 1598 1631 ὀφείλουσι
1644 1564 2016 1633 διατηρεῖσθαι

456 1656 865 1731 ἁκαινοτόμητα
894 1658 953 1708 ἐν
974 1655 1089 1718 ταῖς
1110 1655 1357 1725 ἐρεύναις
1380 1655 1487 1707 τῶν
1516 1654 2013 1722 άποστελλομένων,

358 1756 359 1761 ‘
457 1746 728 1813 μηδεμιᾶς
784 1744 1038 1798 ἐντεῦθεν
1088 1744 1375 1814 διδομένης
1427 1744 1694 1812 δαπάνης.
1742 1743 1875 1796 Τότε
1906 1742 2015 1813 γὰρ

455 1838 550 1888 καὶ
579 1838 613 1905 ἡ
647 1837 932 1907 διόρθωσις
959 1837 1066 1890 τῶν
1114 1836 1362 1908 ψυχικῶν
1411 1837 1742 1905 σφαλμάτων
1776 1837 2013 1899 εὐκόλως

455 1932 551 1983 σὺν
580 1931 699 2000 Θεῷ
729 1932 1038 1999 γενήσεται.
1085 1932 1208 1985 Ἐπὶ
1231 1932 1287 1985 δέ
1341 1950 1404 1999 γε
1439 1935 1551 1994 τοῖς
1604 1934 1723 1986 κατ’
1777 1932 2017 1984 ἐπίδοσιν

452 2022 654 2075 δοθεῖσι
703 2023 1092 2092 μοναστηρίοις
1151 2025 1247 2077 καὶ
1302 2025 1422 2078 κατ’
1460 2022 1776 2094 ἐφορείανῆ
1813 2023 2019 2075 οἰκονο-

456 2114 607 2185 μίαν,
647 2116 679 2185 ἢ
739 2116 1019 2179 παντελῶς
1070 2115 1405 2186 ἐλευθερίαν,
1454 2116 1514 2169 οὐ
1559 2116 1721 2181 μόνον
1778 2114 1845 2167 τά
1880 2112 2021 2168 ἄλλα

449 2205 653 2275 ψυχικὰ
683 2206 974 2275 σφάλματα
998 2196 1343 2277 ἐπιζητήσει,
1369 2205 1505 2261 ἀλλά
1530 2206 1624 2260 καὶ
1646 2207 1694 2259 εί
1717 2204 2018 2273 κατελύθη-

453 2313 573 2361 σαν,
605 2297 639 2368 ἢ
673 2297 1035 2351 καταλύονται
1072 2298 1317 2368 μερικῶς
1362 2296 1395 2367 ἢ
1452 2296 1682 2350 καθόλου
1733 2295 1884 2365 παρὰ
1909 2295 2018 2348 τῶν

452 2389 727 2443 λαϐόντων
750 2389 926 2444 ταῦτα
946 2406 962 2421 ⁸
1000 2391 1093 2443 καὶ
1122 2391 1173 2443 εί
1223 2391 1447 2460 εὑρήσει
1474 2389 1630 2452 τινάς
1672 2388 1928 2458 μειώσεις
1960 2388 2019 2440 ἐν

451 2479 635 2543 αὐτοῖς
684 2481 997 2548 γινομένας,
1042 2480 1452 2549 καταναγκάσει
1491 2480 1617 2540 τοὺς
1643 2478 1817 2531 ταῦτα
1861 2476 2018 2530 κατέ-

451 2588 645 2639 χοντας
668 2571 1042 2643 ἁποκαθιστᾷν
1074 2572 1272 2636 ταῦτα,
1323 2570 1507 2633 καθὼς
1544 2569 1880 2642 παρέλαϐον,
1921 2570 2018 2621 καὶ

450 2660 590 2712 κατὰ
615 2660 713 2731 τὴν
747 2660 1009 2731 εὐπορίαν
1037 2661 1130 2714 τοῦ
1162 2660 1525 2731 μοναστηρίου
1554 2676 1568 2692 ’
1605 2658 1744 2728 πλὴν
1768 2655 1855 2711 ἐπ’
1877 2658 2018 2711 ἐκεί-

449 2758 562 2816 νοις
594 2756 708 2817 τοῖς
755 2753 945 2816 ἐνδεῶς
982 2754 1164 2824 έχουσι
1220 2754 1355 2824 πρὸς
1387 2753 1486 2823 τὴν
1532 2753 1866 2806 κατάστασιν
1896 2752 2018 2803 καθ’

449 2846 517 2915 ἢν
567 2844 740 2899 ταῦτα
790 2846 1128 2915 παρέλαϐον’
1170 2847 1239 2899 τὰ
1307 2845 1366 2899 δέ
1412 2862 1475 2913 γε
1524 2844 1882 2914 βελτιωθέντα
1924 2843 2019 2896 καὶ

450 2937 856 3007 ἐπαυξηθέντα,
898 2939 1079 3001 καλῶς
1130 2938 1344 3008 ἔχοντα,
1398 2938 1497 2991 οὐκ
1532 2936 2014 3002 ἐλαττωθήσονται,

448 3028 582 3081 ἀλλὰ
615 3032 872 3096 μένουσιν
912 3031 986 3091 ὡς
1017 3030 1251 3100 ἔχουσιν.
1287 3031 1347 3082 Οἱ
1368 3030 1424 3082 δὲ
1458 3032 1580 3082 κατ’
1610 3029 1862 3098 ἐφορείαν
1896 3045 2019 3078 και-

450 3122 608 3190 ρικην
638 3123 732 3175 καὶ
762 3122 954 3191 ἑτέραν
992 3122 1306 3192 οἰκονομίαν
1346 3121 1634 3175 ἐκδοθέντα
1671 3119 2013 3187 κατέχοντες,

2125 650 2457 716 pervenerit,
2495 651 2612 707 sive
2662 651 2863 721 alioqui
2907 667 2976 707 ex
3027 650 3169 704 fama
3226 649 3562 717 aliquorum,
3602 646 3685 699 vel

2122 740 2286 794 etiam
2316 741 2481 797 unius
2511 743 2805 807 audiverit,
2837 751 2992 809 tunc,
3029 752 3089 797 ut
3125 742 3336 798 dictum
3370 750 3477 802 est,
3506 742 3684 809 ingre-

2122 830 2329 895 dietur,
2362 843 2416 887 et
2468 835 2908 903 perscrutabilur
2965 834 3160 888 delicta
3200 833 3413 891 animae.
3469 829 3683 883 etiamsi

2100 923 2169 979 .is
2223 923 2316 991 qui
2378 923 2535 988 dixit,
2596 927 2734 979 nolit
2789 926 2973 981 subire
3008 924 3297 994 probandi
3358 922 3683 992 periculum.

2122 1013 2296 1068 Homo
2326 1016 2469 1070 enim
2502 1015 2878 1080 Christianus,
2908 1016 3129 1083 quando
3166 1015 3368 1085 aliquid
3397 1030 3506 1069 non
3538 1021 3685 1081 recte

2122 1104 2328 1161 factum
2364 1108 2651 1171 audiverit,
2702 1110 2867 1165 debet
2918 1109 3022 1163 hoc
3056 1109 3235 1163 dicere
3260 1106 3536 1162 communi
3577 1104 3686 1172 spi-

2120 1200 2305 1254 ritdali
2337 1199 2490 1255 Patri
2533 1211 2587 1256 et
2623 1204 2879 1257 antistiti.
2918 1198 3179 1255 Fortasse
3210 1204 3392 1254 autem
3434 1213 3544 1253 non
3568 1197 3684 1248 vult

2120 1290 2222 1343 hoc
2242 1290 2425 1345 subire
2454 1292 2790 1362 periculum;
2824 1302 2877 1348 et
2901 1299 3120 1362 propter
3139 1288 3407 1360 ejusmodi
3435 1304 3681 1351 causam,

2120 1382 2318 1436 delicta
2353 1384 2548 1438 anima:
2576 1385 2922 1438 inobservata
2958 1391 3013 1438 et
3043 1384 3354 1437 incorrecta
3374 1379 3687 1449 relinquere

2122 1482 2203 1528 est
2243 1472 2402 1527 valde
2431 1475 2746 1537 absurdum,
2780 1474 2932 1527 nullo
2963 1462 3293 1544 quocunque
3343 1471 3548 1539 scripto
3580 1471 3686 1523 im-

2120 1566 2401 1636 peratorio
2446 1567 2532 1621 vel
2581 1564 2937 1636 patriarchali
2992 1564 3095 1619 hoc
3153 1564 3509 1633 prohibente.
3577 1560 3685 1616 Sed

2125 1662 2462 1714 monasteria
2489 1660 2709 1728 quidem
2734 1660 2934 1714 debent
2953 1674 3060 1712 non
3087 1660 3338 1711 innovata
3365 1653 3686 1711 conservari

2127 1752 2182 1806 in
2217 1754 2750 1821 perscrutationibus
2784 1764 2972 1805 e0rum
3023 1751 3117 1820 qui
3155 1751 3467 1814 mittuntur,
3521 1749 3687 1801 nullis

2128 1846 2327 1900 exinde
2374 1845 2515 1900 datis
2565 1845 2905 1915 sumptibus.
2954 1842 3112 1897 Tunc
3159 1841 3303 1895 enim
3352 1840 3548 1893 anima
3588 1840 3686 1891 de-

2122 1938 2379 1991 lictorum
2431 1935 2706 1991 correctio
2751 1935 2933 1999 facile,
2972 1936 3017 1989 si
3071 1935 3215 1989 Deus
3259 1930 3429 1995 volet,
3478 1930 3590 1986 (iet.
3625 1930 3683 1983 in

2121 2029 2472 2084 monasteriis
2506 2039 2689 2082 autem
2723 2044 2842 2097 qua:
2872 2028 2938 2081 ad
2975 2026 3395 2089 incrementum,
3438 2035 3492 2079 et
3540 2025 3686 2096 regi-

2120 2137 2246 2175 men
2275 2121 2389 2174 sive
2416 2120 2978 2183 administrationem,
3010 2127 3106 2173 aut
3133 2117 3355 2173 omnino
3378 2117 3683 2172 libertatem

2120 2214 2244 2268 data
2281 2220 2433 2278 sunt,
2468 2228 2575 2267 non
2610 2213 2787 2267 solum
2826 2214 2932 2267 alia
2963 2212 3158 2267 anima!
3186 2211 3385 2266 delicta
3418 2210 3684 2279 inquiret,

2121 2312 2217 2366 sed
2247 2312 2515 2373 etiaman
2564 2310 2825 2365 dissoluta
2878 2310 3011 2373 sint,
3065 2308 3149 2362 vel
3202 2304 3578 2362 dissolvantur
3629 2305 3684 2357 in

2122 2413 2276 2473 parte
2302 2404 2386 2457 vel
2412 2403 2466 2457 in
2498 2404 2813 2458 universum
2850 2402 2917 2455 ab
2950 2402 3036 2466 iis,
3074 2400 3166 2469 qui
3198 2414 3260 2454 ea
3299 2412 3557 2466 accepere
3590 2404 3684 2451 :et

2121 2495 2166 2548 si
2200 2494 2442 2547 inveniet
2470 2493 2523 2546 in
2556 2492 2625 2547 iis
2655 2493 2872 2562 aliquas
2908 2491 3024 2545 ﬁeri
3064 2488 3495 2546 imminutiones.
3527 2493 3687 2555 coget

2118 2588 2427 2643 detinentes
2451 2601 2512 2641 ea
2536 2587 2848 2647 restituere,
2879 2581 3337 2654 quemadmodum
3397 2594 3684 2649 accepere,

2120 2689 2174 2735 ct
2210 2678 2516 2733 secundum
2548 2677 2866 2731 monasterii
2915 2675 3267 2740 facultatem;
3319 2673 3412 2725 sed
3462 2672 3516 2724 in
3580 2670 3686 2724 illis

2120 2772 2367 2841 quidem,
2419 2770 2513 2838 qui
2568 2778 2791 2836 propter
2845 2766 3085 2837 inopiam
3145 2781 3254 2820 non
3313 2764 3591 2819 sullicinut
3617 2764 3685 2817 ad

2120 2874 2319 2916 statum
2346 2864 2399 2916 in
2419 2877 2527 2932 quo
2552 2875 2614 2914 ea
2649 2874 2909 2929 accepere
2933 2876 2948 2924 ;
2980 2874 3103 2929 qua:
3135 2867 3262 2911 euut
3286 2868 3467 2911 autem
3492 2852 3686 2910 eﬂecta

2120 2956 2346 3010 meliora
2376 2963 2430 3010 et
2461 2960 2649 3019 aucta,
2685 2968 2808 3008 cum
2840 2959 2991 3006 recte
3019 2966 3079 3005 se
3115 2949 3371 3013 habeant,
3423 2963 3531 3001 non
3590 2948 3689 2999 mi-

2121 3034 2387 3111 nuentur,
2426 3048 2517 3101 sed
2556 3046 2859 3099 manebunt
2905 3051 2965 3097 ut
2996 3058 3055 3097 se
3086 3042 3308 3097 habent.
3348 3039 3451 3105 Qui
3505 3030 3684 3093 autem

2121 3158 2183 3196 ea
2218 3141 2487 3206 detinent,
2528 3154 2649 3209 quae
2683 3144 2812 3193 sunt
2842 3135 2952 3191 illis
2989 3134 3215 3199 tradita,
3248 3142 3309 3186 ut
3344 3131 3584 3202 regimen
3631 3138 3688 3184 et
3730 3164 3743 3177 ρ

450 3215 546 3265 καὶ
575 3215 1093 3284 καταλυμηνάμενοι
1142 3214 1337 3280 ταῦτα,
1380 3215 1427 3267 εἰ
1468 3214 1541 3285 μὴ
1581 3213 2011 3284 βούλονταιάπο-

2122 3233 2656 3289 administrationem
2722 3231 2787 3285 ad
2850 3238 3066 3298 tempus
3120 3225 3461 3296 suscipiant,
3505 3234 3559 3278 et
3605 3224 3687 3278 eis

448 3306 709 3377 καθιστᾷν
740 3308 909 3361 ταῦτα
935 3309 1014 3370 είς
1048 3308 1076 3360 ὃ
1125 3306 1434 3377 παρέλαϐον
1478 3308 1684 3377 σχῆμα,
1719 3307 1804 3359 ἵνα
1850 3307 2016 3372 ἀφαι-

450 3399 672 3467 ρῶνται,
703 3400 779 3469 μὴ
819 3399 1186 3469 ὠφελούμενοι
1211 3398 1306 3467 ἀφ’
1336 3392 1411 3453 ὧν
1453 3398 1668 3468 ἔχουσιν
1699 3398 2013 3467 ἐγγράφων,

447 3490 782 3561 προθεσμίας
809 3491 1089 3562 διδομένης
1121 3492 1303 3555 αὐτοῖς
1334 3490 1699 3561 ἁρμοζούσης.
1718 3489 1936 3553 Μεταξὺ
1959 3489 2016 3541 δὲ

446 3583 548 3651 τῆς
572 3582 907 3653 προθεσμίας
942 3582 1249 3651 ὀφείλουσιν
1276 3583 1677 3655 ἐπιτηρεῖσθαι,
1711 3584 1762 3634 εί
1792 3582 2013 3651 φροντί-

449 3677 632 3738 ζουσιν
662 3675 844 3744 ἔργοις
878 3676 1062 3738 αὐτοῖς
1108 3677 1239 3742 περὶ
1272 3675 1372 3744 τῆς
1406 3677 1487 3737 είς
1537 3674 1600 3727 τὸ
1649 3675 1877 3744 ἀρχαῖον
1916 3673 2015 3725 αὑ-

446 3768 555 3819 τῶν
583 3769 991 3829 καταστάσεως,
1018 3767 1094 3829 ῶς
1149 3767 1468 3837 δεδήλωται.
1506 3765 1638 3820 Τότε
1670 3766 1778 3834 γὰρ
1818 3755 2016 3834 ἡπρο-

449 3859 649 3929 θεσμία
696 3860 1123 3931 φυλαχθήσεται.
1161 3864 1221 3913 Δί
1259 3862 1315 3914 δὲ
1356 3860 1647 3927 ἀποταγαὶ,
1704 3861 1825 3911 ἐπεὶ
1864 3859 2013 3926 παρά

417 3955 680 4015 ’κανόνας
706 3954 936 4007 δίδονται
958 3955 1052 4006 καὶ
1076 3954 1484 4023 λαμϐάνονται,
1514 3952 1835 4023 σχολάσουσι
1871 3968 2011 4003 παν-

446 4046 618 4109 τελῶς
637 4046 746 4100 ἀπὸ
774 4049 868 4101 τοῦ
905 4048 1020 4111 νῦν,
1058 4050 1149 4101 καὶ
1177 4050 1205 4100 ὀ
1237 4048 1624 4118 εὑρισκόμενος
1652 4046 1946 4116 λαμϐάνων
1974 4046 2009 4115 ἢ

446 4140 641 4205 διδοὺς,
677 4142 725 4194 εί
760 4144 860 4211 μέν
902 4144 1050 4195 ἐστιν
1074 4140 1398 4212 ἡγούμενος,
1430 4142 1516 4194 ἵνα
1550 4141 1878 4209 ἐκδιώκηται
1909 4140 2015 4192 ἀπὸ

446 4233 548 4303 τῆς
579 4232 939 4305 ἠγουμενείας
960 4251 973 4264 '
1008 4236 1055 4287 εί
1092 4233 1150 4286 δὲ
1185 4233 1615 4302 χαριστικάριος,
1644 4231 2014 4303 ἐκδιωχθήσεὲ

445 4345 537 4382 ται
581 4327 689 4381 ἀπὸ
715 4328 816 4395 τῆς
854 4328 1044 4398 μονῆς.
1085 4326 1151 4378 Ai
1180 4327 1235 4379 δὲ
1270 4325 1376 4378 ἀπὸ
1422 4327 1529 4379 τῶν
1560 4324 2013 4396 προσερχομένων

448 4421 530 4483 είς
565 4422 874 4491 ἁπόκαρσιν
910 4421 1198 4488 γινόμεναι
1245 4419 1509 4481 ἑκουσίοις
1548 4417 1642 4470 καὶ
1701 4417 1843 4469 κατὰ
1879 4415 2016 4484 γνώ-

452 4531 560 4582 μην
589 4515 695 4566 τῶν
746 4516 1165 4583 προσφερόντων,
1194 4512 1537 4583 προσενέξεις
1586 4511 2013 4582 προσδεχθήσον-

447 4620 562 4671 ται,
598 4611 692 4659 καὶ
719 4608 1207 4678 ἀπογραφήσονται
1261 4609 1320 4659 ἐν
1367 4605 1443 4676 τῷ
1469 4600 1671 4677 βρεϐίῳ
1700 4606 1798 4675 τῆς
1824 4607 2010 4675 μονῆς,

448 4702 710 4772 εἰδήσεως
737 4700 1020 4769 διδομένης
1043 4702 1171 4769 περὶ
1198 4700 1309 4753 τῶν
1336 4700 1802 4770 προσφερομένων
1822 4699 1914 4750 καὶ
1938 4698 2017 4767 τῷ

448 4794 738 4864 ἁγιωτάτῳ
769 4793 1105 4863 πατριάρχῃ,
1132 4796 1234 4846 κᾶν
1259 4796 1308 4846 οἱ
1329 4794 1394 4845 τὰ
1435 4796 1770 4862 μοναστηρια
1801 4792 2018 4861 ἔχοντες

448 4886 817 4956 ὑπομνήματα
838 4885 1131 4955 κέκτηνται
1156 4886 1391 4954 περὶτοῦ
1414 4885 1713 4955 λαμϐάνειν
1734 4887 2016 4952 ἁποταγὰς

449 4979 543 5034 καὶ
570 4979 939 5050 προσενέξεις,
970 4980 1067 5032 καὶ
1112 4980 1527 5049 ἀποκερδαίνειν
1560 4979 1764 5040 ταύτας
1787 4996 1802 5009 ·
1856 4978 2015 5030 τοῦτο

447 5074 555 5143 γὰρ
581 5074 687 5125 ἀπὸ
711 5071 805 5125 τοῦ
849 5071 944 5125 νῦν
969 5071 1171 5137 ὀφείλει
1201 5071 1477 5140 σχολάσαι,
1513 5072 1607 5127 καὶ
1636 5070 1880 5139 γίνεσθαι
1916 5089 2016 5125 καί·
2058 5088 2061 5095 ·

452 5165 559 5226 θὼς
581 5158 785 5218 ἄνωθεν
810 5168 1027 5235 εἴρηται
1054 5181 1068 5193 ο
1110 5162 1247 5217 ἀλλὰ
1285 5165 1377 5216 καὶ
1403 5167 1459 5217 αί
1492 5165 1792 5235 σωζόμεναι
1820 5179 2016 5235 προσεπ-

450 5262 622 5326 νέξεις
647 5264 744 5315 ούκ
772 5261 1080 5331 ὀφείλουσιν
1125 5257 1485 5328 ἐκποιηθῆναι
1526 5264 1593 5330 τῇ
1648 5262 1868 5330 ἀφορμῇ
1904 5262 2013 5314 τῶν

449 5355 663 5423 ὑπομνη
674 5355 881 5422 μάτων.
925 5355 990 5407 Ἦ
1020 5353 1203 5421 μέντοι
1232 5350 1453 5421 φροντὶς
1481 5352 1540 5402 οὐ
1575 5351 1734 5420 μόνον
1775 5351 1885 5405 τῶν
1910 5352 2014 5420 ψυ-

444 5444 555 5516 χῶν
580 5445 691 5496 τῶν
725 5442 999 5513 μοναχῶν,
1030 5442 1164 5495 άλλά
1199 5441 1294 5494 καὶ
1332 5440 1511 5493 αὐτῶν
1557 5440 1668 5493 τῶν
1706 5444 2007 5511 κοσμικῶν,

445 5535 527 5604 τῷ
570 5534 1207 5605 ἁγιωτάτῳνπατριάρχῃ
1241 5534 1546 5586 ἐπίκειται·
1581 5534 1674 5585 καὶ
1711 5516 1837 5586 ὅταν
1884 5535 2011 5589 θεά-

450 5625 611 5694 σηται
642 5641 763 5677 τινα
792 5624 899 5676 τῶν
922 5627 1206 5694 κοσμικῶν
1226 5624 1467 5694 διψῶντα
1488 5624 1586 5695 τὴν
1600 5624 1807 5691 ουιείαν
1830 5643 2008 5694 σωτη-

455 5722 596 5788 ρίαν,
639 5719 755 5782 πῶς
800 5719 1077 5789 ἐνδέχεται
1127 5719 1216 5772 ἵνα
1250 5718 1529 5787 κωλύηται
1566 5718 1659 5769 τοῦ
1698 5720 1921 5771 τάσσειν
1950 5720 2008 5773 ὲν

449 5818 515 5881 τῇ
551 5815 685 5884 μονῇ
712 5811 803 5864 ἐπὶ
821 5812 1060 5880 ψυχικῆς
1094 5814 1364 5881 σωτηρίας
1391 5811 1485 5862 τοῦ
1516 5813 1953 5879 προσερχομένου
1987 5834 1999 5877 ξ

456 5904 606 5970 Ἥξει
674 5903 783 5973 γάρ
836 5902 1113 5956 ἀκώλυτον
1160 5904 1186 5953 ὀ
1231 5902 1530 5970 ἁγιώτατος
1571 5900 1908 5970 πατριάρχης
1942 5907 1998 5959 τὸ

2119 3327 2381 3383 damnum
2412 3324 2671 3390 all‘erunt,
2703 3325 2748 3377 si
2783 3322 2959 3378 nolint
2996 3323 3049 3376 in
3104 3336 3251 3384 eum,
3310 3332 3420 3389 quo
3466 3332 3687 3385 accepe-

2120 3430 2268 3485 runt,
2308 3428 2509 3474 statum
2542 3434 2603 3473 ea
2635 3418 2949 3481 restituere,
2986 3415 3331 3477 auferantur,
3368 3427 3471 3465 nec
3519 3410 3588 3464 ab
3618 3409 3685 3462 iis

2116 3529 2241 3582 quae
2270 3514 2469 3567 habent
2497 3512 2720 3580 scriptis
2757 3510 3038 3579 juventur,
3064 3507 3146 3563 eis
3174 3506 3305 3561 dato
3336 3502 3684 3561 convenienti

2118 3608 2207 3662 die
2249 3605 2545 3676 praeﬁnito.
2574 3605 2784 3658 Interea
2817 3611 3020 3665 autem,
3070 3601 3195 3654 dum
3238 3597 3437 3668 pendet
3492 3593 3684 3649 termi-

2120 3716 2246 3764 nus,
2290 3699 2569 3753 observari
2606 3697 2826 3757 debent,
2872 3710 2940 3748 an
2996 3693 3099 3762 ipsi
3150 3690 3300 3760 operi
3357 3689 3424 3742 de
3464 3685 3685 3740 restitu-

2122 3792 2268 3844 tione
2307 3790 2520 3844 scilicet
2564 3790 2618 3842 in
2685 3788 2955 3856 integrum
3010 3789 3230 3843 vacent,
3290 3788 3348 3833 ut
3401 3789 3682 3832 ostensum

2120 3892 2225 3937 est.
2260 3880 2397 3935 Tum
2429 3882 2574 3934 enim
2602 3881 2764 3933 etiam
2800 3877 3070 3930 terminus
3102 3872 3434 3928 servabitur.
3458 3868 3685 3923 Rennu-

2118 3974 2372 4028 tiationes
2406 3985 2612 4035 autem,
2646 3970 2908 4040 quoniam
2962 3976 3160 4037 praeter
3194 3979 3435 4018 canones
3475 3962 3676 4013 dantur

2118 4076 2170 4121 ct
2204 4065 2575 4134 accipiuntur,
2607 4062 2808 4117 dehinc
2826 4062 3073 4118 -omniuo
3127 4060 3446 4117 cessabunt,
3482 4064 3535 4107 ct
3589 4052 3681 4118 qui

2120 4158 2370 4227 accipere
2411 4156 2492 4209 vel
2526 4154 2661 4208 dare
2704 4153 2964 4206 inventus
2999 4151 3183 4212 fuerit,
3234 4148 3278 4202 si
3340 4146 3409 4201 sit
3466 4142 3682 4213 quidem

2117 4249 2437 4305 monasterii
2473 4247 2794 4317 praefectus,
2832 4259 2898 4300 ex
2948 4241 3271 4312 praefectura
3326 4237 3633 4307 expellatur
3668 4252 3681 4288 :

2119 4344 2205 4400 sin
2243 4351 2426 4396 autem
2455 4338 2893 4411 praebendarius,
2934 4353 2964 4390 e
2997 4332 3330 4389 monasterio
3360 4328 3681 4397 expelletur.

2116 4435 2249 4502 Qum
2279 4442 2461 4487 autem
2493 4430 2560 4484 ab
2594 4431 2682 4495 iis,
2717 4430 2807 4499 qui
2842 4428 2905 4482 ad
2945 4435 3230 4479 tonsuram
3261 4422 3508 4483 veniunt,
3544 4419 3680 4471 fiunt

2120 4527 2457 4583 offerentium
2488 4535 2785 4593 spontanea
2816 4520 3097 4574 voluntate
3130 4516 3457 4574 oblationes,
3495 4510 3673 4563 susci-

2122 4620 2340 4689 pientur
2375 4624 2427 4670 et
2468 4610 2960 4668 describcntur‘in
3018 4605 3293 4662 breviario
3344 4599 3683 4661 monasterii,

2118 4710 2186 4766 de
2214 4711 2280 4765 iis
2308 4723 2429 4777 quae
2459 4706 2767 4761 olleruntur
2794 4705 2959 4760 etiam
2981 4700 3331 4757 sanctissimo
3361 4692 3687 4766 patriarcbze

2118 4804 2433 4872 cognitione
2471 4800 2636 4865 data;
2667 4796 2886 4852 etiamsi
2918 4790 3250 4849 monasteria
3292 4788 3539 4844 tenentes
3584 4784 3686 4839 do-

2117 4904 2374 4948 cumenta
2409 4891 2650 4944 habeant
2676 4888 2746 4943 de
2796 4885 3139 4955 accipiendis
3181 4876 3685 4936 renuntiationibus

2116 4996 2169 5041 et
2194 4981 2587 5041 oblationibus.
2633 4987 2689 5033 et
2736 4979 2803 5033 iis
2852 4973 3265 5033 luerit‘aciendis
3320 4988 3336 5025 :
3390 4970 3493 5024 hoc
3536 4966 3681 5021 enim

2114 5084 2336 5131 cessare
2359 5086 2505 5126 nunc
2545 5070 2727 5135 debet,
2760 5080 2814 5124 et
2843 5070 2957 5123 ﬁeri
2991 5062 3457 5136 quemadmodum
3505 5073 3674 5127 supc-

2114 5171 2235 5225 rius
2266 5168 2470 5221 dictum
2504 5175 2619 5229 est;
2652 5163 2747 5219 sed
2781 5164 2944 5216 etiam
2985 5168 3215 5215 servatae.
3238 5155 3545 5211 oblationes
3571 5165 3681 5205 non

2114 5260 2317 5314 debent
2376 5258 2600 5310 alienari
2664 5261 2931 5324 praetextu
2984 5253 3460 5306 documentorum.
3512 5242 3683 5296 Porro

2106 5362 2299 5407 autem
2334 5364 2445 5403 ﬂOll
2482 5348 2657 5403 solum
2717 5361 2847 5401 cura
2900 5343 3214 5397 animarum
3260 5336 3680 5395 monachorum,

2114 5442 2209 5499 sed
2236 5442 2482 5511 ipsorum
2515 5440 2680 5493 etiam
2718 5437 3090 5495 saecularium.
3122 5430 3394 5488 incumbit
3433 5425 3672 5481 sanctis-

2112 5535 2599 5600 simopatriarehae
2635 5549 2648 5583 :
2699 5539 2754 5586 et
2785 5530 3007 5599 quando
3058 5527 3253 5581 viderit
3286 5524 3523 5590 aliquem
3572 5532 3676 5572 sa:-

2111 5626 2381 5681 cularium
2440 5624 2717 5677 sitientem
2750 5620 3031 5691 propriam
3086 5617 3342 5677 salutem,
3398 5610 3674 5680 quomodo

2110 5719 2391 5786 continget
2419 5714 2695 5785 prohiberi
2730 5714 3028 5783 quominus
3066 5710 3123 5762 in
3168 5705 3667 5761 monasterio'eutn

2110 5814 2360 5875 collocet,
2386 5811 2451 5862 ad
2483 5809 2715 5863 salutem
2746 5806 2941 5859 animm
2969 5804 3085 5875 ejus
3115 5802 3206 5871 qui
3246 5797 3486 5855 accedit?
3518 5795 3665 5850 Citra

2117 5910 2286 5964 ullum
2324 5906 2466 5959 enim
2500 5900 2947 5970 impedimentum
2971 5896 3321 5953 sanctissimo
3346 5892 3667 5965 patriarcha:
