4056 6416
475 358 579 422 991

552 584 572 615 ς
612 565 845 634 accipiat
900 566 1221 622 monasterii
1266 569 1556 628 muliebris
1603 573 1879 643 praefecta,
1917 590 2045 632 cum

545 675 564 708 ι
605 655 782 726 aliqua
821 672 930 713 anu
972 660 1257 718 monacha.
1291 660 1349 720 Si
1377 671 1563 720 autem
1589 667 1810 742 eveniat
1843 677 1902 722 ut
1944 668 2047 724 ali-

556 769 570 796 α
617 764 782 816 quam
860 751 992 808 velit
1042 761 1334 822 cognatam
1395 756 1699 812 monachus
1752 759 2046 828 aspicere,

559 861 576 891 ι
619 852 886 908 praesente
919 842 1174 912 praefecta
1205 861 1329 900 cum
1376 862 1440 901 ea
1479 849 1825 918 colloquatur
1851 850 2049 920 exiguo

561 952 582 984 ε
619 944 672 988 et
709 934 857 989 brevi
887 951 1164 1002 sermone,
1208 945 1264 992 et
1295 953 1419 994 mox
1452 941 1521 997 ab
1550 955 1612 996 ea
1640 943 1887 998 recedat.
1915 960 1935 994 ι

552 1207 747 1263 BALS.
781 1205 837 1260 ln
869 1209 1048 1279 primo
1088 1207 1312 1278 quidem
1364 1223 1486 1276 cap.
1518 1208 1585 1263 l2
1636 1209 1720 1263 tit.
1765 1220 2050 1278 praesentis

481 1303 663 1370 operis
702 1303 934 1358 diversae
964 1304 1110 1372 leges
1144 1305 1212 1358 de
1242 1305 1589 1358 monasteriis
1630 1303 1845 1359 tradita:
1873 1314 2004 1359 sunt
2034 1321 2049 1359 :

488 1410 731 1461 praesens
765 1403 942 1448 autem
983 1410 1155 1448 canon
1189 1395 1467 1461 contituit,
1501 1410 1606 1450 non
1647 1411 1770 1450 esse
1805 1396 2050 1450 facienda

481 1489 720 1554 duplicia
759 1488 1114 1554 menasteria,
1154 1504 1222 1542 ne
1254 1488 1410 1543 multi
1464 1504 1531 1544 ex
1578 1505 1644 1545 eo
1681 1489 2048 1545 olfendantur.

482 1578 763 1649 Tanquam
803 1592 984 1634 autem
1028 1583 1230 1636 dixerit
1281 1583 1580 1652 quispiam,
1633 1584 1737 1639 hoc
1777 1599 1900 1640 esse
1949 1585 2052 1640 ho-

483 1684 697 1728 nestum
729 1675 930 1743 etjure
977 1673 1400 1739 admittendum,
1437 1677 1881 1748 quandoquidem
1907 1695 2054 1749 qure-

481 1765 603 1820 dam
637 1767 879 1836 suspicio
911 1767 1167 1823 inciderit
1200 1778 1423 1838 propter
1465 1785 1728 1839 personas
1774 1786 1878 1826 non
1905 1772 2043 1826 satis

486 1859 676 1913 firmas
713 1867 766 1914 et
798 1860 1048 1928 stabiles,
1087 1861 1155 1928 (si
1210 1863 1355 1917 enim
1412 1876 1440 1914 a
1497 1863 1812 1933 suSpicione
1862 1864 2047 1929 alieni,

492 1952 712 2020 cognati
749 1952 982 2008 fortasse
1011 1954 1097 2008 vel
1130 1954 1329 2010 fratres
1371 1955 1451 2010 vel
1485 1954 1575 2011 alii
1612 1955 1907 2024 ejusmodi,
1954 1972 2052 2011 ve-

481 2045 587 2099 lint
641 2061 762 2114 esse
817 2048 1098 2113 monachi,
1133 2063 1236 2104 cur
1289 2064 1399 2104 non
1429 2049 1509 2104 eis
1542 2049 1729 2104 licebit
1759 2049 1815 2104 in
1845 2051 2051 2121 duplici

484 2141 820 2192 monasterio
871 2138 1203 2212 habitare?)
1266 2140 1458 2217 dicunt
1519 2143 1734 2205 Patres,
1786 2145 1933 2212 quod
1983 2160 2053 2200 ne

481 2241 613 2287 tunc
663 2232 884 2302 quidem
945 2245 1210 2304 cognatos
1257 2235 1424 2290 simul
1477 2235 1726 2292 habitare
1780 2245 2048 2306 oporteat,

483 2342 550 2382 ne
591 2325 760 2396 aliqui
795 2344 862 2382 ex
899 2342 964 2384 eo
987 2329 1377 2386 oﬂ‘endantur:
1430 2330 1527 2386 sed
1577 2331 1664 2386 vir
1718 2331 1939 2398 quidem
1997 2332 2052 2387 in

479 2422 724 2475 virorum
787 2422 1070 2491 proprium
1132 2425 1528 2479 monasterium
1596 2426 1793 2490 abeat,
1858 2425 2053 2480 mulier

479 2524 662 2567 autem
702 2513 756 2566 in
788 2513 1100 2568 mulierum.
1145 2513 1238 2568 Sic
1291 2515 1437 2568 enim
1493 2515 1738 2570 viventes
1787 2517 2049 2584 separati.

483 2606 592 2660 Deo
619 2607 831 2676 accepti
889 2607 1153 2662 servient.
1206 2607 1340 2672 Quze
1393 2609 1544 2677 prius
1595 2616 1776 2663 autem
1836 2609 2053 2665 fuerant

478 2698 718 2767 duplicia
761 2700 1102 2752 monasteria
1144 2715 1209 2753 ex
1251 2698 1478 2754 decreto
1540 2708 1596 2754 ct
1622 2697 1626 2702 ”
1657 2701 2052 2756 constitutione

477 2791 662 2859 magni
706 2789 884 2845 Patris
940 2790 1127 2844 Basilii
1182 2792 1555 2846 administrari
1595 2793 1906 2861 jusserunt,
1945 2795 2052 2849 sci-

478 2880 603 2936 licet
634 2889 694 2935 ut
727 2897 835 2935 non
869 2891 1287 2948 converseutur,
1323 2883 1424 2937 hoc
1451 2895 1554 2948 est,
1591 2899 1697 2938 non
1732 2884 2049 2939 cohabitent

475 2972 577 3026 viri
641 2983 696 3028 et
768 2973 1027 3028 mulieres
1098 2974 1150 3028 in
1223 2990 1330 3031 uno
1379 2975 1744 3041 monasterio;
1789 2975 2046 3044 quoniam

478 3063 728 3118 adulterii
787 3065 1027 3134 suspicio
1087 3065 1266 3120 oritur
1325 3081 1391 3121 ex
1450 3067 1881 3123 cohabitatione.
1941 3069 2044 3123 Sed

1663 351 1666 354 ’
1740 367 2022 431 THEOD.
2067 366 2470 432 BALSAMON

555 491 573 523 ‹
615 474 834 542 gulares
870 469 1106 530 feminas
1134 474 1480 538 deferuntur.
1513 487 1666 535 extra
1693 491 1908 550 portam
1932 482 2050 536 haec
2075 482 2126 538 Δ

3608 385 3703 443 992

2230 500 2250 535 ι
2287 481 2536 553 ἀνδρείου
2596 481 2797 552 μέρους
2845 482 2985 554 πρὸς
3026 482 3127 548 τὰς
3174 486 3468 550 κανονικὰς
3517 487 3700 546 ἀποκο-

2232 590 2254 624 ‹
2294 570 2565 638 μίζονται,
2597 572 2795 642 ἔξωθεν
2819 575 2920 646 τῆς
2959 576 3136 647 πύλης
3187 577 3362 634 ταῦτα
3392 579 3698 649 λαμϐανέτω

2229 684 2249 716 ‹
2287 667 2319 734 ὴ
2353 667 2631 737 ἡγουμένη
2661 667 2755 721 τού
2780 671 3098 737 γυναικείου
3138 672 3520 742 μοναστηρίου,
3573 679 3696 744 μετὰ

2229 774 2249 809 ι
2287 760 2458 828 γραός
2492 777 2639 824 τινος
2663 764 2998 835 μοναστρίας
3017 781 3032 795 ⁸
3076 766 3129 820 εί
3165 766 3223 820 δὲ
3245 768 3446 840 συμϐῇ,
3469 771 3558 823 καὶ
3583 788 3700 840 συγ-

2174 887 2182 908 .
2224 866 2243 898 ‹
2279 849 2408 918 γενῆ
2438 867 2558 902 τινα
2601 851 2744 904 θέλει
2782 852 3130 907 θεάσασθαιὸ
3162 858 3414 928 μοναχὸς,
3449 860 3538 912 ἐπὶ
3572 878 3699 932 mp-

2231 958 2249 990 ι
2288 943 2447 1013 ουσίᾳ
2493 946 2594 1012 τῆς
2621 944 2963 1016 *ἡγουμένης
2991 948 3164 1020 ταύτῃ
3208 951 3599 1021 προσομιλείτω
3622 953 3700 1008 διὰ

2234 1052 2254 1084 ‹
2298 1036 2513 1106 μικρῶν
2553 1039 2646 1091 καὶ
2679 1039 2926 1110 βραχέων
2952 1040 3164 1112 λόγων,
3201 1043 3296 1098 καὶ
3333 1047 3602 1116 συντόμως
3647 1047 3700 1112 ἐξ

2231 1144 2250 1178 ι
2290 1127 2459 1198 αὐτῆς
2491 1128 2945 1201 ἀπαναχωρείτω.
2985 1152 3003 1186 ι

2216 1215 2413 1272 ΒΑΛΣ.
2450 1219 2538 1272 Ἐν
2593 1221 2691 1288 μὲν
2721 1221 2798 1292 τῷ
2831 1230 2878 1277 α’
2913 1225 3108 1292 κειραλ.
3138 1225 3235 1280 τοῦ
3285 1227 3350 1295 ιβ’
3416 1229 3590 1284 τίτλου
3619 1231 3702 1283 τοῦ

2152 1308 2421 1377 παρόντος
2445 1312 2825 1383 συντάγματος
2887 1313 3348 1389 κατεστρώθησαν
3384 1321 3606 1394 διάφορα
3629 1321 3704 1375 νόο

2154 1419 2298 1472 μιμα
2336 1407 2495 1474 χάριν
2552 1406 2661 1460 τῶν
2715 1411 3097 1480 μοναστηρίων
3121 1430 3134 1444 ο
3166 1415 3194 1467 ὁ
3221 1414 3277 1468 δὲ
3312 1415 3502 1487 παρὼν
3537 1418 3703 1471 κανὼν

2149 1491 2443 1563 διορίζεται
2496 1496 2570 1566 μὴ
2615 1497 2863 1566 γίνεσθαι
2917 1503 3082 1557 διπλᾶ
3130 1509 3490 1578 μοναστήρια,
3526 1509 3622 1564 διὰ
3650 1510 3706 1563 τὺ

2155 1582 2231 1654 μὴ
2277 1585 2731 1650 σκανδαλίζεσθαι
2755 1593 2820 1644 ὲκ
2856 1593 3050 1647 τούτου
3076 1595 3204 1660 τοὺς
3235 1597 3486 1662 πολλούς.
3521 1598 3607 1660 Ὣς
3652 1599 3705 1653 δέ

2151 1690 2295 1737 τινος
2329 1679 2575 1742 εἰπόντος
2603 1683 2768 1734 καλὸν
2811 1678 2952 1738 εἶναι
2983 1687 3076 1740 καὶ
3105 1690 3516 1760 εύπαράδεκτον
3537 1691 3700 1756 τοῦτο,

2151 1763 2281 1817 ὅταν
2310 1765 2516 1833 ὑποψία
2551 1787 2637 1834 τις
2673 1771 2944 1847 ύποτρὲχῃ
2974 1776 3062 1830 διὰ
3107 1777 3175 1832 τὰ
3200 1781 3509 1852 ἀστήρικτα
3548 1784 3705 1854 πρόσ-

2152 1871 2274 1906 ωπα
2295 1893 2312 1920 ,
2339 1855 2408 1925 (εί
2439 1857 2546 1927 γὰρ
2587 1861 2907 1926 ἀνύποπτοι,
2963 1871 3248 1937 συγγενεῖς
3274 1873 3462 1942 τυχὸν,
3503 1873 3707 1942 ἀδελφοὶ

2153 1945 2393 2018 ἤέτεροι
2447 1952 2696 2018 τοιοῦτοι,
2749 1956 3033 2026 θελήσουσι
3093 1962 3328 2032 μονάσαι
3357 2005 3372 2032 ,
3431 1965 3516 2019 ίνα
3557 1966 3606 2019 τί
3652 1965 3705 2019 οὐ

2155 2041 2732 2111 παραχωρηθήσονται
2780 2049 2861 2113 εἰς
2891 2050 3115 2104 διπλοῦν
3143 2058 3422 2110 κατοικεῖν
3450 2058 3706 2128 μοναστή·

2154 2134 2332 2203 ριονις)
2403 2138 2567 2203 φασὶν
2596 2139 2646 2190 oi
2674 2141 2917 2212 Πατέρες
2970 2143 3046 2207 ὡς
3077 2144 3200 2198 οὐδὲ
3231 2147 3536 2219 τηνικαῦτα
3595 2150 3707 2212 τοὺς

2155 2228 2444 2294 συγγενεῖς
2468 2227 2588 2283 δέον
2637 2231 2757 2285 ἐστὶ
2809 2238 3103 2300 συνοικεῖν,
3157 2237 3245 2292 ἵνα
3309 2242 3384 2312 μὴ
3422 2242 3489 2295 ἐκ
3529 2241 3706 2294 τούτου

2153 2318 2747 2386 προσκόπτωσίτινεςο
2803 2325 2920 2378 ἀλλ’
2963 2329 2992 2380 δ
3043 2328 3142 2398 μὲν
3190 2331 3334 2403 ἀνὴρ
3393 2333 3586 2387 ἀνιέτω
3637 2334 3710 2398 είς

2152 2407 2360 2480 ἀνδρῶν
2406 2415 2768 2485 μοναστήριον
2825 2419 3147 2473 ίδιαίτατον*
3181 2422 3310 2492 mea
3350 2424 3485 2494 γυνὴ
3514 2425 3592 2487 εἰς
3617 2441 3705 2492 γυ-

2152 2503 2410 2556 ναικεῖον.
2445 2503 2605 2559 Οὕτω
2644 2508 2753 2578 γὰρ
2798 2509 3005 2574 ζῶντες
3067 2517 3489 2587 κεχωρισμένοι,
3535 2514 3708 2586 εὐαρὲ-

2155 2609 2298 2654 στως
2332 2595 2680 2651 δουλεύσουσι
2707 2601 2786 2670 τῷ
2809 2601 2951 2674 Θεῷ.
2997 2605 3077 2657 Td
3111 2607 3300 2675 μέντοι
3356 2609 3705 2679 προγεγονότα

2153 2683 2317 2736 διπλᾶ
2374 2689 2709 2760 μοναστήρια
2771 2695 3249 2760 παρεκελεύσαντο
3325 2699 3706 2760 πολιτεύεσθαι,

2153 2776 2297 2830 κατά
2338 2779 2430 2831 τὸν
2473 2781 2702 2850 ὁρισμὸν
2744 2787 2839 2837 καὶ
2879 2785 2977 2857 τὴν
3020 2786 3290 2857 διαταγὴν
3340 2791 3435 2844 τοῦ
3485 2790 3706 2862 μεγάλου

2154 2871 2368 2940 Πατρὸς
2396 2873 2702 2942 Βασιλείου,
2743 2877 2913 2947 ἤγουν
2951 2878 3028 2947 μὴ
3085 2882 3512 2947 συνδιαιτᾶσθαι,
3567 2897 3706 2935 τουτ-

2152 2963 2268 3017 έστι
2293 2965 2366 3034 μὴ
2401 2969 2667 3020 συνοικεῖν
2723 2970 2922 3037 ἄνδρας
2952 2971 3048 3024 καὶ
3087 2975 3356 3041 γυναῖκας
3414 2979 3472 3028 ὲν
3505 2974 3582 3028 ἑνὶ
3622 2990 3707 3044 μο-

2156 3061 2471 3130 ναστηρίῳ·
2511 3061 2592 3114 ὅτι
2637 3062 2839 3132 ὑποψία
2893 3063 3008 3117 ἐστὶ
3048 3066 3298 3135 μοιχείας
3348 3068 3455 3121 ἀπὸ
3489 3069 3586 3135 τῆς
3625 3083 3708 3118 συ·

477 3170 656 3224 neque
685 3156 990 3211 monachus
1027 3167 1352 3225 potestatem
1397 3158 1593 3213 habeat
1622 3174 1744 3212 cum
1777 3159 2042 3214 monacha

2153 3151 2474 3219 νοικήσεως.
2525 3152 2687 3206 Ἀλλὰ
2724 3154 2860 3221 μηδὲ
2901 3155 3136 3226 μοναχὺς
3166 3158 3344 3227 ἐχέτω
3381 3159 3559 3212 ἄδειαν
3584 3157 3707 3228 μετὰ

478 3262 724 3301 seorsum
761 3248 1186 3314 confabulandi,
1215 3249 1298 3303 vel
1337 3249 1682 3312 comedendi,
1718 3250 1802 3303 vel
1833 3249 1886 3304 in
1923 3267 2045 3305 mu-

481 3338 634 3391 liebri
703 3340 1038 3394 monasterio
1118 3342 1513 3409 pernoctandi;
1586 3341 2045 3409 quemadmodum

479 3449 580 3488 nec
611 3442 826 3489 contra.
863 3433 994 3498 Quae
1049 3442 1229 3488 autem
1289 3441 1417 3488 sunt
1475 3434 1803 3488 monialibus
1849 3436 1916 3490 ad
1966 3437 2052 3491 vi—

477 3537 624 3579 ctum
675 3525 1004 3587 necessaria,
1062 3541 1088 3578 a
1130 3527 1263 3579 viris
1315 3525 1684 3594 recipiantur,
1743 3543 1848 3581 non
1903 3527 2048 3581 intra

480 3617 899 3678 monasterium,
935 3616 1030 3670 sed
1069 3625 1224 3670 extra
1254 3625 1467 3686 portam
1506 3617 1644 3682 ejus,
1681 3633 1775 3685 per
1825 3633 2044 3672 manum

479 3709 794 3766 monasterii
850 3709 1120 3776 praelecta:
1169 3717 1222 3763 et
1272 3725 1411 3763 anus
1460 3711 1762 3763 monaclue.
1818 3711 1872 3764 Si
1923 3711 2047 3782 quis

478 3813 656 3854 autem
691 3802 991 3855 monachus
1037 3801 1168 3855 velit
1204 3800 1523 3854 monacham
1573 3812 1860 3871 cognatam
1890 3819 2046 3858 suam

475 3891 745 3962 aspicere,
781 3908 846 3946 ne
876 3892 1037 3947 liceat
1089 3893 1136 3945 ei
1169 3909 1420 3947 seorsum
1454 3909 1578 3946 cum
1628 3910 1691 3947 ea
1751 3880 2041 3951 Sermones

474 3986 772 4040 conferre:
812 3985 904 4038 sed
943 3985 996 4038 in
1033 3985 1327 4054 prazsentia
1376 3983 1647 4050 praelecta;
1699 3987 2043 4052 monasterii,

473 4085 528 4131 et
580 4076 833 4145 protinus
879 4071 1158 4130 recedere.
1202 4074 1408 4135 Nomen
1449 4086 1630 4130 autem
1678 4075 1878 4141 δίαιτα,
1913 4094 2046 4147 ιιοη,

477 4179 536 4224 ιιι
568 4170 709 4238 apud
768 4169 1182 4239 grammaticos,
1225 4183 1324 4238 pro
1355 4169 1631 4236 convivio,
1666 4173 1775 4224 sed
1819 4186 1916 4239 pro
1949 4172 2047 4225 ba-

473 4245 741 4317 bitatione
799 4264 1104 4329 accipitur:
1160 4263 1341 4317 δίαιτα
1390 4263 1534 4317 enim
1587 4264 1731 4330 apud
1770 4264 2049 4332 juriscon-

474 4356 651 4408 sultos
698 4363 782 4410 est
821 4355 1228 4410 habitaculum.
1262 4353 1508 4423 Duplicia
1551 4365 1734 4410 autem
1768 4367 2048 4411 monaste-

476 4462 552 4499 ria
613 4447 726 4516 dici
790 4447 1037 4501 nonnulli
1104 4446 1470 4512 afﬁrmabant,
1545 4461 1653 4500 non
1708 4463 1830 4515 qua:
1880 4448 2045 4504 simul

2157 3243 2398 3312 μοναχῆς
2427 3245 2549 3297 κατ’
2607 3244 2743 3298 ἰδίαν
2777 3248 3129 3318 προσομιλεῖν
3159 3248 3190 3318 ἢ
3227 3251 3549 3316 συνεσθίειν,
3599 3249 3628 3318 ἢ
3657 3250 3706 3299 ἐν

2122 3337 2448 3404 ⁸γυναικείῳ
2480 3340 2829 3409 μοναστηρίῳ
2855 3340 3304 3414 διανυκτερεύειν
3324 3363 3338 3377 ·
3370 3345 3553 3414 ὥσπερ
3597 3342 3703 3396 οὐδὲ

2148 3426 2208 3478 τὸ
2247 3426 2540 3484 ἀνάπαλιν.
2606 3429 2689 3481 Τά
2745 3430 2802 3484 δὲ
2852 3433 3130 3500 ἀναγκαῖα
3170 3438 3296 3499 ταῖς
3368 3437 3706 3507 μοναζούσαις

2149 3519 2588 3588 ἀποκομίζεσθαι
2618 3522 2710 3575 διά
2767 3523 2997 3593 ἀνδρῶν,
3047 3527 3166 3597 οὐχὶ
3220 3530 3378 3593 ἐντὸς
3411 3529 3504 3582 τοῦ
3553 3545 3701 3595 μονα-

2151 3613 2398 3682 στηρίου,
2429 3612 2564 3666 ἀλλὰ
2598 3614 2758 3678 ἐκτὸς
2787 3616 2886 3685 τῆς
2945 3615 3120 3686 πύλης
3181 3620 3351 3673 αὑτοῦ
3404 3621 3492 3674 διά
3541 3620 3726 3688 χειρδ;“

2147 3703 2462 3771 ἡγουμένης
2496 3705 2588 3780 καὶ
2623 3707 2952 3775 μοναστρίας
2978 3712 3164 3778 γραός.
3202 3713 3266 3764 Εἰ
3296 3713 3494 3782 δήποτέ
3519 3729 3602 3773 τις
3622 3727 3706 3778 μο-

2148 3794 2308 3864 ναχὸς
2338 3793 2557 3862 θελήσει
2591 3795 2887 3850 θεάσασθαι
2932 3800 3272 3868 μονάζουσαν
3326 3803 3559 3872 συγγενῆ
3616 3802 3706 3853 αύ-

2148 3885 2263 3952 τοῦ,
2301 3885 2375 3956 μὴ
2423 3889 2862 3958 παραχωρείσοω
2902 3893 3017 3943 κατ’
3052 3892 3182 3944 ίίίαν
3224 3895 3345 3961 μετ’
3393 3895 3558 3962 αὐτῆς
3588 3909 3703 3944 συν-

2149 3978 2318 4046 είρειν
2355 3977 2572 4045 λόγους,
2605 3965 2740 4033 ἀλλά
2795 3982 2936 4034 κατά
2969 3984 3274 4052 παρουσίαν
3295 3989 3396 4057 τῆς
3422 3985 3707 4059 ἡγουμένης

2147 4073 2240 4124 καὶ
2269 4072 2326 4123 ἐν
2362 4071 2612 4142 συντόμῳ
2641 4072 2964 4142 ἀναχωρεῖν.
3014 4075 3086 4128 Τὸ
3132 4077 3309 4148 ὄνομα
3349 4079 3406 4133 δὲ
3449 4078 3543 4147 τῆς
3581 4072 3709 4128 διαί-

2147 4181 2245 4231 της
2292 4162 2392 4216 ούκ
2464 4163 2869 4233 ὲκλαμϐἀνεται
2933 4169 3016 4229 είς
3075 4168 3352 4239 εὐωχίαν,
3403 4169 3543 4222 κατὰ
3590 4167 3708 4226 τοὺς

2147 4257 2591 4326 γραμματικοὺς,
2643 4257 2758 4311 ἀλλ’
2817 4260 2897 4320 είς
2971 4262 3328 4331 κατοίκησινο
3377 4262 3554 4316 δίαιτα
3609 4257 3706 4327 γὰρ

2143 4347 2301 4418 ,παρὰ
2334 4350 2446 4412 τοῖς
2491 4353 2735 4420 νομικοῖς
2772 4353 2804 4420 ἡ
2844 4352 3100 4406 κατοικία
3147 4354 3288 4409 ἐστί.
3328 4354 3502 4407 Διπλᾶ
3537 4353 3590 4405 δὲ
3622 4366 3707 4417 μο-

2149 4442 2418 4509 ναστὴρια
2469 4435 2624 4494 εἷπον
2655 4459 2802 4505 τινες
2858 4443 3115 4510 λέγεσθαι
3163 4446 3224 4498 ού
3286 4447 3358 4500 τά
3414 4447 3602 4516 ἔχοντα
3655 4443 3710 4492 ὲν

473 4512 676 4588 habent
709 4535 856 4590 viros
894 4545 948 4591 et
977 4535 1247 4600 feminas,
1291 4537 1381 4591 sed
1417 4551 1540 4605 quae
1598 4512 1768 4606 prope
1810 4546 1865 4592 et
1912 4552 2046 4592 con—

2150 4531 2334 4600 ταυτῷ
2362 4534 2456 4586 καὶ⁹
2483 4533 2685 4604 ἄνδρας
2711 4536 2809 4588 κα)⁵
2859 4537 3144 4604 γυναῖκας,
3185 4538 3324 4592 ἀλλά
3377 4512 3474 4592 τάἾ
3497 4532 3706 4604 πλησίον

465 4630 657 4695 juncte
690 4626 954 4682 aedificata
979 4635 1130 4692 sunt,
1156 4638 1500 4698 et-tanquam
1529 4643 1698 4682 unum
1723 4637 2046 4698 reputantur

473 4729 690 4789 propter
723 4720 950 4774 multam
985 4723 1266 4775 unionem.
1300 4719 1407 4775 Sed
1435 4736 1502 4774 ex
1546 4721 1649 4774 hoc
1695 4735 1905 4775 canone
1946 4737 2043 4790 ap-

473 4819 648 4879 paret,
683 4827 790 4866 non
815 4812 922 4867 dici
959 4819 1247 4882 propterea
1277 4798 1512 4881 duplicia
1541 4813 1874 4866 monasteria
1900 4853 1915 4878 ,
1946 4813 2042 4868 sed

472 4903 620 4972 quod
679 4903 899 4980 in‘uno
977 4904 1282 4972 eodemque
1339 4904 1678 4959 monasterio
1737 4903 2044 4958 habitarent

471 4995 768 5063 aliquando
799 5036 815 5061 ,
862 5003 924 5050 ut
982 5004 1066 5052 est
1123 4997 1462 5062 verisimile,
1513 4997 1615 5051 viri
1667 5005 1720 5051 et
1763 4997 2039 5052 mulieres.

470 5087 768 5143 Constituit
801 5089 972 5152 enim,
1003 5101 1063 5144 ut
1087 5091 1298 5160 cognati
1351 5090 1571 5157 abeant,
1614 5090 1690 5143 illi
1737 5089 1954 5160 quidem
1988 5089 2042 5143 in

473 5179 740 5242 virorum,
788 5179 870 5234 be
900 5196 1031 5236 vero
1080 5181 1132 5235 in
1185 5161 1471 5236 mulierum
1514 5183 1886 5248 monaSIeria;
1923 5189 2044 5234 tan-

471 5283 635 5337 quam
670 5278 817 5324 esset
853 5270 1123 5336 prohiblta
1155 5267 1210 5323 in
1240 5285 1351 5325 uno
1380 5278 1435 5324 et
1465 5270 1658 5325 eodem
1706 5271 1830 5324 loco
1853 5284 2040 5324 eorum

472 5360 766 5414 habitatio.
817 5360 1082 5416 Similiter
1128 5361 1285 5431 jubet
1335 5378 1405 5418 ne
1463 5373 1891 5425 conversentur,
1939 5364 2043 5416 hoc

469 5464 575 5515 est,
605 5468 676 5506 ne
709 5453 762 5505 in
795 5467 904 5507 uno
945 5455 1284 5508 menasterio
1340 5453 1654 5508 cohabitent
1681 5453 1780 5506 viri
1821 5461 1874 5508 et
1919 5467 2042 5504 mu-

471 5545 657 5602 lieres.
715 5545 856 5615 Lege
905 5553 959 5600 et
1020 5555 1193 5600 totum
1253 5547 1487 5615 primum
1535 5547 1620 5598 tit.
1674 5560 1730 5599 tv
1777 5545 1902 5606 lib.,
1947 5545 2041 5614 qui

473 5638 744 5707 ejusmodi
781 5640 948 5692 multa
984 5638 1145 5692 docet
1181 5649 1235 5693 et
1262 5639 1476 5702 statuit,
1511 5645 1571 5692 ut
1621 5653 1799 5708 neque
1853 5653 2044 5691 mona-

476 5729 614 5782 chus
648 5745 748 5783 nec
775 5730 950 5785 laicus
980 5731 1248 5785 muliebre
1278 5731 1669 5786 monasterium
1704 5732 2044 5801 ingrediatur

481 5836 867 5892 quamcunque
927 5825 998 5880 ob
1055 5841 1318 5879 causam:
1357 5836 1410 5880 et
1456 5824 1642 5880 deﬁnit
1697 5826 1763 5880 de
1822 5824 1910 5887 iis,
1953 5826 2045 5895 qui

2150 4624 2247 4676 καὶ
2283 4625 2580 4694 ήνωμένως
2611 4628 2919 4702 κτισθέντα,
2951 4628 3046 4682 καὶ
3067 4629 3395 4702 λογιζόμενα
3432 4629 3491 4682 ἓν
3517 4623 3706 4680 ὡσανεὶ

2145 4715 2232 4769 διὰ
2285 4717 2387 4786 τὴν
2463 4718 2665 4788 πολλὴν
2734 4701 2980 4790 ενάτῆτα.
3061 4723 3195 4775 Ἀπὸ
3237 4723 3296 4776 δὲ
3343 4721 3438 4776 τοῦ
3499 4719 3705 4776 κανόνος

2146 4809 2506 4878 ἀναφαίνεται
2535 4812 2609 4881 μὴ
2643 4811 2897 4878 λέγεσθαι
2925 4813 3014 4866 διὰ
3048 4815 3208 4868 τοῦτο
3252 4815 3420 4868 διπλᾶ
3448 4807 3702 4883 μοναστή-

2150 4919 2263 4972 ρια,
2300 4900 2434 4955 ἀλλά
2469 4902 2550 4954 ὅτι
2581 4904 2638 4954 ἐν
2667 4904 2746 4955 ἑνὶ
2775 4907 2866 4957 καὶ
2897 4905 2974 4975 τῷ
3006 4906 3156 4976 αύτῷ
3212 4905 3557 4976 μοναστηρίῳ
3589 4915 3705 4953 κατ-

2145 4993 2325 5065 ῴκουν
2359 4993 2511 5056 ποτὲ,
2541 4993 2615 5055 ὼς
2674 4995 2870 5058 ἔοικεν,
2897 4996 3089 5066 ἄνδρες
3137 4998 3229 5051 καὶ
3275 4999 3550 5064 γυναῖκες.
3596 4993 3702 5042 Διο-

2148 5083 2360 5152 ρίξεται
2386 5083 2493 5152 γὰρ
2516 5083 2643 5146 τοὺς
2672 5088 2997 5155 προσγενείς
3031 5087 3368 5156 ἀφίστασθαι
3403 5086 3482 5149 εἰς
3503 5077 3701 5150 ἁνδρῷα

2147 5175 2244 5226 καὶ
2265 5175 2550 5241 γυναικεία
2580 5175 2945 5246 μοναστήρια,
2977 5176 3054 5239 ὡς
3107 5175 3276 5246 οὔσης
3332 5171 3700 5239 κεκωλυμένης

2145 5265 2245 5330 τῆς
2292 5267 2373 5328 είς
2421 5265 2552 5318 αύτδ
2606 5265 2699 5318 καὶ
2723 5265 2782 5318 ἒν
2834 5269 3114 5330 κατοικίας
3166 5267 3393 5324 τούτων.
3443 5262 3698 5318 Ὡσαύτως

2147 5356 2586 5427 παρακελεύεται
2621 5358 2696 5428 μὴ
2737 5358 3069 5422 διαιτᾶσθαι,
3124 5358 3374 5413 τουτέστι
3407 5358 3483 5426 μὴ
3535 5366 3698 5405 συνοιο

2145 5455 2284 5514 κεῖν,
2350 5453 2410 5503 ὲν
2462 5453 2544 5504 ἑνὶ
2609 5452 2961 5522 μοναστηρίῳ
3030 5453 3231 5521 ἄνδρας
3279 5454 3375 5505 καὶ
3425 5449 3692 5518 γυναῖκας.

2157 5542 2456 5612 ’Λνάγνωθι
2489 5545 2580 5596 καὶ
2604 5545 2695 5596 τὸν
2724 5545 2845 5597 ὅλον
2873 5545 3088 5614 πρῶτον
3130 5543 3311 5597 τίτλον
3360 5542 3452 5596 τοῦ
3521 5540 3560 5591 δ’
3624 5534 3694 5602 βι-

2147 5635 2319 5701 ϐλίου,
2355 5635 2681 5689 διδάσκοντα
2725 5638 2856 5706 περὶ
2905 5636 3166 5690 τοιούτων
3221 5633 3454 5696 πολλῶν,
3485 5625 3689 5699 διοριξά·

2151 5747 2309 5799 μενον
2369 5733 2504 5800 μήτε
2537 5729 2774 5799 μοναχὸν
2811 5729 2950 5798 μήτε
2990 5730 3177 5783 λαῖκὸν
3245 5730 3464 5779 εἰσιέναι
3495 5725 3570 5783 εἰς
3599 5735 3686 5784 γυ·

2147 5825 2384 5875 ναικεῖον
2452 5821 2815 5891 μοναστήριον
2877 5821 3040 5891 χάριν
3104 5819 3436 5887 οἱασδήτινος
3490 5809 3680 5867 αἰτίας*
