4056 6402
432 282 534 344 995

507 415 525 445 ‹
560 403 644 449 est
677 398 1082 461 neCessarium;
1126 397 1220 452 sed
1245 401 1382 455 .sine
1430 402 1619 463 notitia
1667 403 1978 456 monasterii
2015 409 2061 462 Α

505 506 524 538 ι
563 488 803 556 ριιείεοιὶ
833 504 956 542 eum
989 490 1151 558 recipi
1187 506 1292 544 non
1324 495 1599 548 convenit.
1637 511 1655 544 ι

501 599 692 653 BALS.
757 599 1048 669 Postquam
1100 603 1372 670 pollicitus
1417 607 1487 660 sit
1547 607 1744 676 aliquis
1781 618 1834 662 et
1883 608 1988 665 Deo

425 693 700 762 professus
733 710 790 747 se
821 696 874 746 in
905 698 1255 762 monasterio,
1283 698 1333 750 in
1367 715 1471 768 quo
1493 709 1684 756 tonsus
1707 713 1810 768 est,
1839 721 1990 758 man-

425 802 644 849 Snrum,
682 787 953 854 quomodo
975 788 1023 840 ei
1055 791 1396 856 permittctur
1420 808 1573 845 suam
1596 795 1983 861 professionem

425 878 734 940 infirmare,
785 889 836 930 et
870 879 922 931 in
971 881 1116 932 aliud
1151 887 1538 937 monasterium
1570 887 1756 939 abire?
1788 888 1986 943 Statuit

421 985 546 1037 ergo
571 985 771 1034 canon,
798 986 864 1023 ne
889 974 1191 1025 monachus
1221 975 1301 1027 vel
1327 978 1588 1030 monacha
1611 994 1676 1031 ex
1733 995 1832 1033 suo
1877 997 1988 1034 nio-

419 1064 658 1115 nasterio
695 1063 1002 1117 inordinate
1032 1066 1292 1130 recedat,
1338 1078 1390 1120 et
1431 1069 1484 1121 in
1528 1070 1671 1124 aliud
1717 1085 1987 1129 monaste-

419 1153 554 1203 rium
587 1169 643 1206 se
673 1155 936 1219 conferat,
959 1166 1010 1208 ut
1045 1158 1097 1209 in
1132 1175 1195 1210 eo
1223 1160 1538 1215 collocetur.
1581 1165 1634 1216 Si
1671 1165 1773 1217 hoc
1800 1176 1980 1220 autem

419 1255 638 1309 pr0pter
673 1247 929 1312 pusillum
965 1258 1016 1302 et
1039 1250 1307 1316 abjet-tum
1340 1255 1582 1307 animum
1621 1273 1761 1324 smpe
1793 1259 1906 1325 fiat,
1937 1261 1982 1313 is

415 1352 483 1390 ne
509 1340 573 1390 ab
603 1355 667 1394 co
696 1341 786 1406 qui
825 1352 1024 1410 praeest
1068 1346 1366 1412 recipiatur
1391 1389 1405 1410 ,
1462 1351 1580 1402 sine
1632 1353 1859 1406 scientia
1920 1371 1985 1410 ac

414 1430 606 1484 notitia
634 1431 775 1498 ejus,
805 1435 896 1502 qui
921 1435 1066 1489 illius
1096 1452 1281 1490 curam
1311 1441 1472 1507 gerit,
1508 1446 1819 1499 monasterii
1845 1463 1980 1514 pra:-

414 1517 537 1571 fecti
569 1560 583 1581 ,
636 1523 844 1577 scilicet
902 1527 1347 1582 siuedimissoria
1406 1531 1525 1596 ejus
1577 1533 1804 1600 epiStola
1836 1538 1978 1591 :sed

413 1611 588 1664 solum
642 1612 878 1682 hospitio
901 1618 1238 1683 excipiatur,
1277 1637 1343 1673 ne
1391 1623 1458 1676 ad
1506 1626 1786 1678 Stecularia
1831 1628 1980 1681 abire

1681 283 1953 344 THEOD.
1997 285 2396 344 BALSAMON

2165 416 2182 448 ι
2235 400 2749 468 προσλαμϐάνεσθαι
2780 403 2832 453 δὲ
2865 403 2993 455 ἄνευ
3039 405 3263 474 γνώμης
3296 406 3387 459 τοῦ
3413 407 3656 477 ἡγουμέ-

2166 509 2184 540 ι
2229 508 2321 543 νου
2355 493 2515 545 αὑτοῦ
2545 494 2606 544 οὐ
2638 496 2918 563 προσήκει.
2971 514 2988 545 ι

2160 601 2358 653 ΒΑΛΣ.
2395 602 2551 654 Μετὰ
2583 603 2643 654 τὸ
2675 602 2857 658 δοῦναί
2891 623 3011 658 τινα
3039 607 3312 678 συνθήκας
3340 609 3434 662 καὶ
3463 610 3658 678 ὁμολο-

2090 693 2214 760 γίας
2249 697 2326 749 εἰς
2380 696 2510 746 Θεὸν
2546 697 2704 764 χάριν
2737 698 2826 748 τοῦ
2863 700 3189 768 προσμένειν
3224 704 3282 753 ὲν
3336 697 3654 776 ᾖὰπεκάρη

2093 788 2249 852 μονῇ,
2283 785 2399 849 πῶς
2451 788 2983 858 παραχωρηθήσεται
3016 790 3112 859 τὴν
3153 792 3362 845 οἰκείαν
3393 793 3657 866 ἀθετῆσαι

2088 876 2396 943 ὁμολογίαν,
2445 882 2537 930 καὶ
2572 882 2650 940 εἰς
2700 882 2897 950 ἑτέραν
2931 882 3185 935 ἀπελθεῖν
3242 887 3446 957 μονήν;
3478 890 3659 956 Διορίη

2088 967 2240 1028 ζεται
2273 964 2365 1020 οὖν
2407 970 2434 1019 ὁ
2465 970 2642 1022 κανὼν
2677 975 2813 1040 μήτε
2861 975 3094 1044 μοναχὸν
3140 979 3278 1046 μήτε
3322 981 3653 1049 μονάστριαν

2087 1059 2440 1123 ἀσυντάκτως
2476 1062 2779 1132 ἀναχωρεῖν
2827 1065 2934 1117 ἀπὸ
2967 1067 3063 1134 τῆς
3103 1070 3311 1132 οὲκείας
3343 1070 3530 1140 μονῆς,
3558 1073 3653 1124 καὶ

2085 1152 2166 1212 εἰς
2190 1151 2377 1221 ἕτερον
2404 1153 2735 1222 ἀπέρχεσθαι
2770 1161 3132 1226 μοναστὴριον
3160 1160 3319 1229 χάριν
3360 1161 3454 1214 τοῦ
3483 1181 3654 1216 κατα-

2085 1243 2316 1310 ’παγῆναι
2348 1227 2404 1294 ἐν
2439 1244 2603 1313 αὐτῷ.
2640 1246 2699 1296 ΕΞ
2729 1246 2784 1298 δὲ
2832 1248 3088 1310 πολλάκις
3143 1251 3229 1303 διὰ
3280 1253 3650 1323 μικροψυχίαν

2084 1328 2310 1395 γένηται
2362 1329 2538 1394 τοῦτο,
2590 1332 2664 1401 μὴ
2725 1337 3240 1405 προσλαμϐάνεσθαι
3285 1343 3446 1395 αὐτὸν
3498 1351 3651 1414 παρὰ

2083 1418 2176 1469 τοῦ
2227 1421 2570 1487 προεστῶτος
2617 1424 2746 1476 ἄνευ
2800 1427 3054 1496 εἰδήσεως
3108 1431 3201 1483 τοῦ
3251 1436 3650 1504 κουρεύσαντος

2083 1507 2246 1559 αὐτὸν
2276 1511 2598 1580 ἡγουμένου,
2644 1512 2885 1582 δηλονότι
2936 1518 3105 1586 χωρὶς
3147 1520 3478 1591 ἀπολυτικῆς
3511 1543 3652 1594 γρα-

2085 1598 2192 1665 φῆς
2222 1599 2408 1650 αὐτοῦ’
2456 1601 2592 1654 ἀλλά
2642 1604 2800 1670 μόνον
2830 1605 3218 1678 ξενοδοχεῖσθαι
3240 1629 3254 1642 ο
3285 1613 3369 1665 ἵνα
3421 1615 3496 1683 μὴ
3523 1617 3652 1686 βια-

985 1709 1078 1763 iciq
1107 1714 1272 1764 vitam
1307 1727 1466 1772 agere
1526 1714 1694 1770 Porro
1747 1733 1977 1772 magum
2012 1743 2050 1772 η
2084 1690 2181 1756 σθῇ
2211 1691 2290 1750 είς
2319 1695 2556 1761 κοσμικὲι
2585 1696 2822 1761 ἀπιέναι,
2853 1701 2946 1750 καὶ
2990 1702 3194 1766 διάγειν
3228 1708 3366 1772 μετά
3415 1707 3645 1762 λαῐκῶν.

411 1711 639 1769 cogatur
685 1713 739 1758 et
769 1720 890 1759 cum
929 1708 1078 1763 laicis
1107 1714 1272 1764 vitam
1307 1727 1486 1781 agere.
1526 1714 1694 1770 Porro
1747 1733 1977 1789 magnus
2011 1743 2050 1796 Β

411 1786 728 1853 Basiliusin
761 1799 877 1854 suis
909 1802 1160 1856 asceticis
1193 1806 1462 1871 capitibus
1499 1811 1731 1872 statuit,
1765 1819 1824 1862 ut
1855 1828 1975 1866 mo-

410 1883 639 1946 nachus,
661 1885 765 1954 .qui
796 1888 980 1942 animo
1009 1888 1304 1946 offenditur
1327 1933 1341 1956 ,
1373 1895 1595 1948 recedat
1648 1898 1713 1952 ab
1768 1915 1866 1966 eo,
1922 1904 1974 1956 in

407 1988 513 2039 quo
539 1983 726 2030 tonsus
759 1986 865 2043 est,
897 1984 1231 2036 monasterio
1263 2001 1275 2036 :
1309 1992 1362 2038 et
1409 1986 1514 2040 hoc
1572 1987 1769 2054 faciat,
1830 2003 1980 2062 post-

405 2079 566 2132 quam
591 2071 903 2124 monasterii
929 2073 1182 2138 praefecto
1205 2076 1252 2128 id
1277 2079 1440 2133 semel
1461 2089 1513 2132 et
1537 2083 1730 2135 iterum
1754 2085 1971 2148 dixerit,

403 2167 458 2210 et
484 2159 642 2210 etiam
676 2163 977 2228 monachis,
1003 2180 1102 2219 nec
1135 2169 1336 2221 malum
1373 2172 1688 2241 corrigitur.
1744 2175 1970 2246 Hospitii

404 2259 586 2302 autem
614 2252 833 2306 nomine
861 2269 928 2307 ne
961 2254 1112 2310 dicas
1150 2261 1472 2314 monachum
1501 2304 1515 2327 ,
1547 2265 1638 2330 qui
1693 2266 1817 2320 alibi
1850 2277 1972 2321 ton-

405 2354 501 2392 sus
530 2349 633 2405 est,
659 2343 744 2394 diu
780 2343 979 2399 debere
1006 2350 1213 2402 versari
1271 2351 1322 2404 in
1379 2354 1554 2406 alieno
1599 2363 1969 2427 monasterio;

403 2429 503 2482 hac
536 2433 678 2484 enim
709 2435 919 2488 ratione
949 2439 1006 2489 fit
1039 2437 1183 2492 fraus
1211 2444 1407 2495 canoni
1437 2461 1452 2500 :
1481 2446 1572 2498 sed
1623 2451 1810 2516 paucis
1855 2452 1972 2503 die-

403 2522 520 2574 bus.
560 2523 634 2577 Ne
667 2527 880 2582 mireris
910 2538 1090 2584 autem
1124 2570 1137 2595 ,
1193 2537 1470 2598 quomodo
1522 2555 1549 2588 a
1605 2555 1811 2594 canone
1863 2561 1967 2597 non

399 2613 621 2674 punitur
654 2616 718 2676 is,
751 2617 842 2682 qui
881 2634 1004 2670 eum
1041 2625 1456 2690 transgreditur.
1486 2625 1626 2696 Lege
1653 2643 1707 2684 et
1753 2632 1820 2684 80
1847 2650 1967 2687 can.

400 2718 523 2773 syu.
559 2705 772 2772 Cartlt.,
803 2718 854 2762 et
885 2711 1024 2764 scies
1047 2716 1318 2780 quomodo
1347 2720 1668 2786 puniuntur,
1711 2727 1800 2792 qui
1839 2727 1966 2781 alibi

399 2797 541 2850 tonsi
575 2807 722 2860 sunt,
757 2809 809 2853 et
837 2803 927 2869 qui
955 2818 1049 2858 eos
1083 2807 1393 2877 suscipiunt

2092 1777 2150 1830 '0
2189 1780 2369 1846 μέντοι
2401 1783 2573 1850 μέγας
2594 1785 2870 1850 Βασίλειος
2896 1793 2952 1843 ὲν
2982 1795 3094 1855 τοῖς
3120 1796 3434 1864 ἀσκητικοῖς
3468 1798 3638 1853 αὐτοῦ

2080 1871 2392 1936 κεφαλαίοις
2414 1875 2707 1938 διορίζεται
2736 1880 2828 1930 τὸν
2861 1885 3112 1953 μοναχὸν,
3140 1886 3513 1958 βλαπτόμενον
3540 1894 3649 1962 ψυ-

2078 1961 2265 2028 χικῶς,
2298 1965 2596 2035 ἀναχωρεῖν
2627 1969 2719 2036 ἀφ’
2749 1965 2817 2043 ἧς
2847 1975 3101 2046 ἁπεκάρη
3133 1980 3323 2050 μονῆς
3354 1985 3447 2036 καὶ
3483 1961 3646 2051 ⁴τοῦτο

2077 2053 2132 2102 δὲ
2167 2056 2340 2106 ποιεῖν
2375 2057 2514 2126 μετά
2544 2058 2601 2110 τὸ
2647 2063 2820 2114 εἰπεῖν
2861 2065 2955 2117 καὶ
2999 2068 3146 2133 ἅπαξ
3180 2075 3273 2124 καὶ
3305 2073 3386 2137 δὶς
3413 2077 3480 2128 τὰ
3509 2081 3646 2149 περὶ

2075 2146 2263 2199 τούτου
2301 2150 2438 2216 πρὸς
2466 2152 2556 2205 τὸν
2607 2156 3023 2227 καθηγούμενον
3053 2168 3144 2216 καὶ
3172 2167 3299 2229 τοὺς
3346 2173 3638 2240 μοναχοὺς,

2076 2237 2274 2309 καὶμὴ
2311 2242 2666 2315 διορθωθῆναι
2713 2249 2770 2301 τὸ
2815 2253 3004 2307 κακόν.
3051 2257 3139 2326 Τῷ
3186 2259 3410 2330 ὀνόματι
3455 2237 3642 2335 τῆς

2076 2329 2378 2400 ξενοδοχίας
2429 2336 2502 2405 μὴ
2533 2337 2693 2410 εἴπῃς
2725 2343 2816 2394 ἐπὶ
2865 2344 3032 2398 πολὺν
3058 2351 3246 2421 καιρὸν
3276 2353 3367 2405 τὸν
3396 2355 3643 2420 ξενοκου-

2074 2422 2229 2490 ρίτην
2267 2428 2498 2496 μοναχῦν
2539 2429 2746 2498 διάγειν
2782 2436 2863 2497 εἰς
2911 2438 3198 2511 ἀλλοτρίαν
3248 2446 3434 2515 μονὴν,
3482 2451 3640 2506 τοῦτο

2072 2511 2180 2581 γάρ
2209 2514 2302 2566 καὶ
2331 2523 2646 2592 περιγραφὴ
2678 2524 2770 2576 τοῦ
2802 2530 3019 2593 κανόνος
3048 2535 3215 2586 ἐστίν’
3242 2511 3468 2608 ἀλλ’έᾷ
3492 2545 3636 2612 ἠμέ-

2075 2620 2196 2672 ραις
2228 2610 2499 2677 μετρίαις.
2545 2615 2635 2683 Μὴ
2668 2616 2957 2690 θαυμάσῃς
3003 2624 3056 2676 δὲ
3086 2627 3202 2689 πῶς
3236 2631 3295 2682 οὐ
3346 2633 3636 2698 κολάζεται

2071 2697 2220 2764 παρά
2249 2699 2340 2751 τοῦ
2375 2704 2592 2763 κανόνος
2629 2709 2654 2758 ὁ
2686 2711 3006 2782 παραϐάτης
3044 2717 3257 2774 τούτου.
3296 2722 3635 2791 Ἀνάγνωσον

2070 2791 2281 2839 καὶτὸν
2320 2797 2372 2840 π’
2427 2796 2626 2848 κανόνα
2679 2801 2772 2868 τῆς
2805 2806 2861 2852 ἐν
2896 2807 3222 2882 Καρθαγένῃ
3261 2817 3499 2880 συνόδου,
3539 2823 3635 2874 καὶ

2072 2881 2247 2951 μάθῃς
2283 2883 2430 2946 ὅπως
2454 2888 2502 2938 οἰ
2535 2888 2906 2961 ξενοκουρῖται
2949 2900 3286 2973 κολάζονται,
3315 2908 3407 2961 καὶ
3433 2913 3479 2962 οξ
3508 2912 3636 2964 τού-

2067 2989 2188 3034 τους
2219 2974 2513 3044 δεχόμενοι.

464 3084 908 3156 328'ZON’AR.
938 3091 1255 3160 Monachos,
1293 3113 1400 3164 quo
1435 3097 1552 3152 loco
1603 3103 1840 3170 primum
1875 3124 1962 3159 re-

2139 3085 2382 3147 ΖΩΝΛΡ.
2438 3097 2578 3159 Τοὺς
2643 3106 2932 3174 μοναχοὺς,
2987 3109 3112 3164 ἔνθα
3161 3117 3498 3183 ἀπετάξαντο
3551 3125 3632 3194 τῷ

395 3173 499 3230 bus
527 3179 778 3232 humanis
807 3195 835 3232 a
874 3195 932 3234 se
987 3184 1305 3248 alijudicatis-
1357 3190 1670 3243 monastica:
1714 3195 1835 3246 vita!
1882 3197 1962 3248 in-

394 3267 644 3318 stitutum
675 3271 906 3338 amplexi
935 3282 1080 3335 sunt,
1116 3275 1169 3326 in
1209 3292 1272 3327 eo
1311 3294 1530 3332 manere
1555 3322 1570 3345 ,
1637 3299 1740 3338 nec
1799 3288 1958 3340 aliam

394 3355 494 3409 sibi
533 3358 821 3412 stationem
873 3378 1117 3428 qurerere
1171 3376 1406 3430 oportet.
1446 3369 1598 3432 Onod
1651 3376 1694 3428 si
1746 3379 1867 3444 quis
1907 3380 1956 3431 in

394 3448 622 3500 alterum
660 3455 1044 3506 monasterium
1084 3495 1097 3519 ,
1135 3458 1326 3511 relicto
1378 3462 1557 3528 priore
1581 3503 1595 3526 ,
1654 3466 1772 3520 deni
1801 3481 1955 3537 gret;

394 3537 629 3605 hospitio
659 3541 865 3595 scilicet
909 3544 1181 3600 hominem
1233 3550 1407 3618 excipi
1459 3569 1678 3610 necesse
1712 3569 1795 3612 est
1827 3601 1841 3623 ,
1894 3578 1959 3616 ne

393 3627 616 3694 profana
644 3631 940 3688 diversoria
971 3637 1203 3702 ingredi,
1238 3649 1291 3693 et
1322 3657 1444 3695 cmn
1503 3645 1570 3700 iis
1597 3689 1611 3713 ,
1667 3652 1758 3717 qui
1809 3655 1955 3707 nulla

394 3718 459 3769 ad
490 3719 715 3776 honeste
735 3725 1021 3779 vivendum
1048 3726 1330 3798 disciplina
1361 3732 1612 3790 instrueti
1642 3751 1768 3792 sunt
1790 3745 1953 3797 vitam

388 3825 548 3877 agere
575 3823 800 3881 cogatur
833 3834 846 3870 :
880 3819 1075 3872 ascribi
1131 3838 1257 3875 vero
1281 3824 1496 3890 ordini,
1531 3837 1584 3882 et
1640 3830 1690 3883 in
1725 3832 1950 3887 fratrum

391 3915 675 3956 numerum
710 3906 927 3973 referri,
966 3911 1071 3964 nisi
1103 3913 1223 3980 ejus
1276 3918 1416 3971 unde
1459 3918 1713 3976 discessit
1765 3943 1953 3980 mona-

386 3995 537 4046 s'erii
565 3996 817 4063 praefecto
842 4015 1142 4068 annuente,
1173 4025 1278 4061 non
1308 4011 1454 4064 licet.
1489 4016 1664 4082 Atque
1706 4017 1794 4071 hic
1821 4021 1952 4087 qui-

384 4082 506 4136 dem
544 4100 720 4140 canou
749 4104 986 4157 omnem,
1025 4095 1142 4150 sine
1178 4099 1286 4152 ullo
1312 4101 1644 4172 discrimine,
1682 4112 1950 4166 secessio-

387 4187 507 4224 ucin
539 4174 883 4232 interdictam
910 4197 1032 4236 esse
1065 4185 1303 4241 decernit
1349 4207 1362 4243 :
1413 4209 1638 4263 magnus
1682 4213 1810 4252 vero
1852 4199 1954 4251 Ba-

383 4261 556 4325 silius,
590 4263 642 4316 in
673 4272 922 4323 asceticis
953 4272 1067 4327 suis
1098 4277 1368 4343 capitibus
1395 4319 1408 4342 ,
1435 4281 1648 4338 diverso
1684 4289 1843 4340 modo
1880 4290 1948 4344 de

384 4354 769 4409 monachorum
794 4359 1128 4418 discessione
1149 4367 1409 4434 loquitur,
1435 4387 1594 4438 quam
1634 4375 1704 4426 ita
1724 4377 1940 4432 demum

379 4446 603 4497 concedi
653 4450 863 4516 probat,
917 4454 959 4505 si
1015 4467 1294 4511 manentes
1322 4461 1583 4526 spirituali
1614 4467 1943 4523 detrimento

379 4532 717 4605 afficiantur;
743 4555 806 4594 ac
829 4551 940 4595 tum
975 4547 1190 4613 quidem
1224 4548 1343 4612 ejus
1380 4550 1692 4607 detrimenti
1717 4572 1936 4614 causam

379 4621 632 4690 praefecto
656 4633 885 4696 aperire,
911 4648 975 4688 ac
1002 4638 1045 4688 si
1082 4638 1297 4703 quidem
1343 4655 1405 4690 ea
1438 4643 1679 4706 tollatur,
1732 4649 1786 4701 in
1837 4665 1934 4705 sua

377 4729 648 4786 quemque
683 4723 913 4779 statione
940 4729 1270 4796 persistere;
1315 4730 1403 4784 illa
1446 4749 1572 4789 vero
1613 4741 1791 4796 adhuc
1821 4757 2106 4817 manente,

377 4808 542 4874 jubet.

376 4922 597 4978 ARIST.
637 4927 960 4983 ιιΜοιιοοιιο
986 4933 1069 4986 vel
1110 4941 1385 4995 monachae
1414 4959 1569 4999 suam
1629 4949 1934 5018 relinquere

453 5037 470 5066 ‹
513 5019 842 5073 mansiOnem
871 5062 884 5082 ,
928 5033 982 5076 et
1035 5026 1191 5081 aliam
1227 5031 1432 5099 ingredi
1473 5053 1576 5091 non
1613 5041 1765 5096 liceat
1798 5061 1811 5096 :
1849 5046 1932 5097 sin

452 5125 468 5152 ε
513 5107 860 5172 ingrediatur,
899 5121 955 5164 ut
984 5114 1182 5184 hospes
1243 5124 1579 5192 accipiatur;
1635 5141 1688 5182 at
1741 5146 1930 5199 praeter

451 5214 468 5244 ‹
513 5199 745 5264 prchecti
779 5206 1101 5259 sententiam
1136 5225 1203 5263 ne
1228 5213 1542 5270 admittatur
1575 5232 1664 5274 aut
1699 5225 1930 5294 hospitio

450 5304 468 5335 ι
506 5285 822 5354 excipiatur.
864 5310 883 5342 ι

441 5392 626 5461 Recipi
659 5397 872 5463 quidem
911 5411 963 5456 et
991 5404 1222 5474 hospitio
1271 5412 1444 5481 excipi
1491 5421 1810 5475 monachum
1844 5427 1939 5480 rel'

373 5487 727 5549 monacham,
771 5491 838 5545 ad
888 5494 1046 5549 aliam
1094 5503 1427 5559 mansionem
1469 5511 1919 5582 proficiscentem,

373 5588 611 5641 praesens
638 5593 806 5634 canon
842 5599 944 5636 non
977 5591 1256 5656 permittit,
1295 5611 1362 5648 ne
1390 5598 1454 5650 ad
1489 5607 1777 5662 saaculares
1830 5628 1923 5665 ne-

373 5672 613 5726 cessario
640 5673 927 5758 diverteris,
963 5683 1035 5736 ibi
1069 5698 1382 5751 permaneat
1415 5709 1427 5755 ;
1462 5704 1517 5745 at
1556 5711 1672 5751 eam
1728 5703 1925 5758 admit-

2067 3179 2275 3252 κόσμῳ,
2299 3189 2658 3254 συνετάξαντο
2695 3195 2749 3245 δὲ
2783 3201 2844 3266 τῇ
2873 3209 3136 3276 μοναχικῇ
3171 3209 3432 3283 πολιτείᾳ,
3459 3233 3629 3284 προσ-

2067 3274 2251 3342 μένειν
2287 3285 2571 3350 προσήκει,
2621 3290 2715 3340 καὶ
2766 3293 2839 3360 μὴ
2877 3295 3085 3348 ἐκεῖθεν
3119 3302 3442 3374 ἀναχωρεῖν.
3475 3311 3534 3362 Εἰ
3569 3297 3648 3365 δέ’

2061 3383 2144 3429 τις
2168 3371 2512 3446 ἀναχωρήσῃ,
2548 3380 2638 3429 καὶ
2669 3384 2748 3443 εἰς
2783 3385 2972 3454 ἑτέραν
3007 3392 3214 3465 ἀπέλθῃ
3261 3401 3450 3471 μονὴν,
3481 3403 3624 3467 ξενο-

2060 3461 2334 3528 δοχεῖσθαι
2373 3468 2470 3532 μὲν
2511 3470 2696 3522 τοῦτον
2729 3476 3045 3548 ἀναγκαῖον,
3074 3485 3158 3538 ἵνα
3185 3489 3260 3558 μὴ
3299 3491 3496 3566 βιασθῇ
3543 3500 3624 3561 εἰς

2061 3555 2354 3622 κοσμικοὺς
2384 3560 2622 3623 ἀπιέναι,
2652 3565 2743 3617 καὶ
2792 3572 3099 3640 συνδιάγειν
3125 3582 3233 3644 τοῖς
3262 3582 3429 3646 ζῶσιν
3468 3591 3618 3642 ἀδια-

2037 3648 2259 3716 ’φόρωςυ
2290 3652 2807 3721 προσλαμϐάνεσθαι
2835 3663 2890 3715 δὲ
2926 3666 3087 3719 αὐτὸν
3120 3677 3213 3724 καὶ
3265 3682 3620 3736 κατατάττειν

2057 3740 2121 3808 τῇ
2156 3739 2478 3812 ἀδελφότητι
2509 3748 2568 3798 οὺ
2599 3747 2698 3812 δεῖ,
2755 3754 2802 3804 εἰ
2835 3757 2909 3826 μὴ
2941 3760 2966 3809 ὁ
3001 3761 3301 3832 ἡγούμενος
3351 3771 3618 3846 ἐπιτρέψῃ

2054 3831 2154 3898 τῆς
2185 3835 2372 3904 μονῆς,
2401 3839 2493 3907 ἀφ’
2523 3835 2589 3910 ἧς
2622 3845 2865 3915 ἐξῆλθεν.
2915 3849 2974 3905 '0
3011 3855 3113 3923 μὲν
3142 3831 3234 3913 οὖν
3262 3866 3442 3918 κανὼν
3467 3831 3619 3933 (ibt-.0:

2055 3923 2398 3982 ἁδιάστικτον
2456 3931 2567 4002 ἔχει
2596 3937 2694 4006 τὴν
2727 3939 2959 3997 κώλυσιν
2992 3948 3090 4016 τῆς
3120 3951 3516 4025 ἀναχωρήσεως
3542 3976 3557 3992 ⁶
3589 3965 3617 4014 ὁ

2055 4021 2110 4072 δὲ
2142 4024 2314 4091 μέγας
2347 4027 2624 4093 Βασίλειος
2652 4035 2710 4086 ἐν
2738 4040 2849 4100 τοῖς
2900 4043 3219 4111 ἀσκητικοῖς
3249 4050 3415 4105 αὑτοῦ
3442 4074 3614 4126 κεφα-

2052 4111 2220 4176 λαίοις
2241 4117 2505 4182 διαστίςει
2528 4127 2653 4193 περὶ
2675 4126 2773 4194 τῆς
2793 4129 2900 4184 τῶν
2922 4138 3170 4204 μοναχῶν
3192 4144 3614 4219 ἀναχωρήσεως,

2052 4206 2146 4256 καὶ
2169 4208 2267 4260 οὐκ
2298 4211 2471 4275 ἄλλως
2501 4217 2680 4281 αὐτοῖς
2703 4223 3004 4293 ἀναχωρεῖν
3031 4230 3267 4303 δίδωσιν,
3296 4206 3363 4291 ἐἰ
3381 4206 3466 4312 pi]
3497 4206 3607 4312 diu:

2050 4297 2217 4363 χικῶς
2254 4301 2575 4368 βλάπτοιντο
2599 4323 2612 4337 '
2648 4313 2743 4364 καὶ
2769 4316 2889 4368 τότε
2922 4319 2976 4371 δὲ
3010 4322 3108 4392 τὴν
3133 4297 3313 4381 αἰτίαν
3339 4297 3614 4404 τήέβὶά-

1977 4415 2021 4471 D
2049 4385 2152 4454 6ης
2182 4389 2536 4461 ἐπαγγέλλειν
2569 4401 2646 4470 τῷ
2687 4404 2989 4478 ἡγουμένῳ,
3052 4385 3146 4467 καὶ
3193 4421 3238 4472 εἰ
3296 4385 3611 4497 μὲνμθερξ-

2944 4477 2951 4478 κ
3296 4477 3308 4490 ι
3458 4477 3462 4478 ⁷
3509 4477 3580 4497 IV—v

2050 4477 2264 4534 πεύοιτο
2308 4487 2368 4538 τὸ
2424 4491 2595 4545 αἴτιον
2643 4491 2819 4563 αὖθις,
2851 4500 3060 4570 διάγειν
3093 4508 3341 4576 βούλεται
3380 4516 3612 4573 ἕκαστον

2048 4569 2105 4668 έν
2145 4575 2209 4642 τῇ
2245 4577 2421 4648 οἰκείᾳ
2453 4586 2628 4652 μονῇ·
2658 4588 2706 4637 εἰ
2751 4589 2806 4640 δὲ
2858 4569 3231 4661 ἀθεράπευτον
3330 4608 3388 4658 τὸ
3422 4569 3610 4674 κακδν,

2044 4655 2222 4726 λέγειν
2251 4664 2406 4721 τοῦτο
2437 4671 2527 4723 ἐπὶ
2557 4676 2654 4739 τῆς
2683 4679 3058 4754 ἀδελφότητοςη

2139 4771 2250 4810 rem
2326 4771 2492 4817 totam
2572 4768 2627 4823 in
2676 4770 2908 4830 fratrum
2985 4795 3254 4841 conventu
3322 4795 3610 4856 enuntiare

2042 4955 2265 5010 ΑΡΙΣΤ.
2316 4979 2335 5010 ι
2369 4962 2615 5033 Μοναχόν
2669 4969 2699 5038 ἢ
2736 4944 3066 5047 μονάστριαν
3098 4984 3172 5054 μὴ
3199 4987 3402 5052 ἐξέστω
3430 5013 3602 5051 κατα-

2117 5065 2135 5096 ι
2183 5049 2473 5118 λιμπάνειν
2500 5058 2596 5126 τὴν
2623 5061 2829 5118 οἰκείαν
2855 5070 3041 5139 μονὴν,
3072 5077 3162 5126 καὶ
3183 5079 3347 5153 ἑτέρᾳ
3380 5090 3602 5155 προσιέ-

2114 5158 2132 5190 ‹
2179 5159 2286 5193 ναι·
2335 5146 2383 5196 εἰ
2413 5146 2458 5198 δ’
2493 5150 2760 5219 ἀφίκοιτο,
2818 5158 3232 5233 ξενοδοχείσθω·
3409 5146 3597 5247 μέντοι

2114 5249 2131 5279 ι
2179 5234 2574 5305 προσδεχέσθω,
2628 5246 2722 5298 καὶ
2777 5246 3155 5322 ξενοδοχείτθω
3188 5234 3598 5344 παράυγνὼμην

2113 5339 2133 5372 ι
2179 5323 2272 5375 τοῦ
2305 5328 2631 5397 ἡγουμένου.
2679 5355 2697 5387 ι

2108 5435 2179 5486 Τὸ
2215 5439 2315 5504 μὲν
2343 5439 2696 5514 ὑποδέχεσθαι
2731 5454 2824 5506 καὶ
2858 5454 3244 5531 ξενοδοχεῖσθαι
3278 5473 3510 5544 μοναχὸν
3559 5480 3594 5541 ἢ

2037 5529 2276 5598 μοναχὴν
2328 5533 2386 5583 ἐν
2439 5537 2601 5610 ἑτέρα
2637 5548 2772 5614 μονῇ
2819 5551 3083 5605 ἀπιοῦσαν
3127 5560 3154 5610 ὁ
3193 5563 3380 5628 παρὼν
3411 5569 3596 5620 κανὼν

2033 5619 2131 5669 οὐκ
2161 5621 2460 5690 ἐπιτρέπει,
2521 5631 2603 5683 ἵνα
2643 5635 2716 5704 μὴ
2744 5637 2832 5690 διὰ
2865 5644 3110 5715 ἀνάγκην
3158 5654 3238 5712 εὶς
3283 5662 3586 5723 κοσμικοὺς

2033 5707 2304 5781 ἀπέλθοιῆ
2333 5715 2514 5787 μείνῃ·
2542 5723 2602 5773 τὸ
2637 5722 2692 5774 δὲ
2722 5730 3049 5796 προσλαϐεῖν
3073 5741 3164 5791 καὶ
3191 5745 3590 5812 προσδέξασθαι
