4056 6398
400 269 500 334 997

1526 265 1604 324 ΙΝ
1642 263 1804 323 CAN.
1850 262 1977 321 XVI
2021 260 2226 322 CONC.
2265 262 2377 321 VII
2421 261 2770 320 (ECUME-N.

3535 262 3633 321 Qiif‘i

397 384 586 454 αὐτὴν,
617 386 708 438 καὶ
738 385 992 447 συντάξαι
1017 384 1081 451 τῇ
1108 381 1426 451 ἀδελφότητι
1452 382 1600 450 παρὰ
1620 384 1843 450 γνώμην
1861 379 1958 448 τῆς
1985 429 1991 439 ,

2097 395 2193 442 are,
2231 389 2284 433 et
2316 388 2571 449 praeterea
2597 380 2842 446 accipere
2869 418 2881 436 ,
2935 387 2990 430 et
3051 378 3190 430 inter
3240 393 3457 431 sorores
3515 379 3625 431 sine

398 478 729 547 ἡγουμένης,
757 479 857 530 οὐκ
887 480 1192 543 ἐπιτρέπει.

985 565 1221 618 ΚΑΝΩΝ
1250 562 1376 618 KB’.

405 678 422 710 ι
470 658 588 728 Θεῷ
626 659 722 726 μὲν
755 657 813 708 τὸ
852 659 961 709 πᾶν
995 657 1368 720 ἀνατίθεσθαι,
1403 656 1497 709 καὶ
1539 657 1598 709 οὗ
1645 661 1758 718 τοῖς
1814 656 1965 710 ἰδίοις

474 953 490 980 1

478 1501 493 1529 1

478 1589 496 1620 1

491 3151 507 3181 ι

493 3332 510 3363 ς

495 3975 516 4009 ί

499 4440 518 4471 ι

542 751 808 818 θελήμασι
858 750 1195 814 δουλοῦσθαι,
1251 752 1394 819 μέγα
1438 752 1626 819 χρῆμα
1671 749 1963 818 τυγχάνει·

539 842 673 892 Εἴτε
701 843 809 908 τὰρ
866 842 1115 903 ἐσθίετε,
1154 842 1274 893 εἴτε
1323 842 1546 903 πίνετε,
1572 843 1598 891 ὁ
1629 841 1768 901 θεῖος
1801 839 1964 890 Ἀπό-

540 932 720 993 στολός
752 950 905 1000 φησι,
945 933 1138 985 πάντα
1173 937 1258 998 εὶς
1295 933 1480 994 δόξαν
1523 931 1670 1000 θεοῦ
1726 930 1963 984 ποιεῖτε.

543 1022 774 1091 Χριστὸς
829 1022 881 1074 δὲ
912 1025 939 1074 ὁ
987 1024 1116 1085 Θεὸς
1159 1023 1315 1092 ἡμῶν
1367 1024 1424 1075 ἐν
1457 1028 1567 1084 τοῖς
1619 1022 1966 1089 Εὐαγγελίοις

540 1112 702 1164 αὑτοῦ
752 1113 847 1175 τάς
878 1114 1052 1183 ἀρχάς
1081 1113 1188 1164 τῶν
1238 1115 1647 1183 ἁμαρτημάτων
1679 1114 1967 1165 ἐκκόπτειν

550 1205 937 1274 προστέταχεν.
991 1207 1062 1257 Οὐ
1093 1205 1198 1272 γὰρ
1224 1209 1255 1276 ἠ
1288 1209 1502 1276 μοιχεία
1529 1205 1684 1275 μόνον
1715 1207 1842 1275 παρ’
1871 1207 1967 1256 αὐ-

539 1297 628 1347 τοῦ
662 1297 969 1360 κολάζεται,
995 1299 1130 1351 ἀλλὰ
1165 1302 1258 1351 καὶ
1283 1301 1314 1368 ἡ
1344 1301 1556 1369 κίνησις
1582 1302 1672 1351 τοῦ
1705 1299 1966 1368 λογισμοῦ

542 1388 677 1456 πρὸς
707 1388 806 1456 τὴν
853 1389 952 1457 τῆς
1007 1390 1252 1458 μοιχείας
1295 1391 1606 1458 ἐγχείρησιν
1635 1393 1970 1462 κατακέκρι-

539 1497 649 1544 ται,
703 1480 952 1548 λ⁴ἐγοντος
1003 1483 1167 1534 αὑτοῦ
1199 1500 1211 1512 ·
1278 1483 1340 1535 '0
1381 1484 1686 1551 ἐμϐλέψας
1717 1484 1972 1553 γυναῖκα

543 1570 692 1635 πρὸς
721 1571 788 1622 τὸ
839 1571 1204 1639 ἐπιθυμῆσαι
1244 1572 1434 1640 αὐτῆς
1469 1573 1584 1642 ἤδη
1615 1576 1972 1645 ἐμοίχευσεν

542 1661 736 1728 αὐτὴν
756 1663 824 1714 ἐν
846 1662 920 1730 τῇ
962 1663 1173 1732 καρδίᾳ
1225 1665 1430 1718 αὐτοῦ·
1486 1666 1638 1718 ἔνθεν
1669 1667 1760 1719 οὖν
1793 1669 1968 1737 μαθη-

545 1754 850 1820 τευθέντες,
885 1756 1182 1826 λογισμοὺς
1236 1757 1522 1826 ὀφείλομεν
1564 1759 1870 1829 καθαίρειν.
1909 1761 1969 1812 Εἰ

546 1845 653 1912 γὰρ
683 1845 778 1897 καὶ
809 1845 986 1898 πάντα
1020 1847 1249 1912 ἔξεστιν,
1286 1847 1401 1900 ἀλλ’
1443 1850 1501 1901 οὐ
1555 1851 1730 1903 πάντα
1763 1851 1973 1918 συμφέ-

548 1954 652 2007 ρει,
700 1940 774 2000 ὡς
823 1939 882 2003 ἐξ
945 1940 1309 2009 ἁποστολικῆς
1356 1943 1537 2010 φωνῆς
1583 1943 1968 2012 διδασκόμεθα.

555 2027 898 2094 Ἐπάναγκες
948 2029 1040 2082 οὖν
1086 2033 1204 2082 ἐστι
1249 2032 1412 2083 παντὶ⁸
1444 2033 1597 2100 ἀνδρὶ
1643 2032 1730 2086 διά
1778 2035 1838 2087 τὸ
1875 2034 1972 2103 ζῇν

544 2122 761 2174 ἐσθίειν.
795 2125 904 2175 Καὶ
933 2120 1014 2186 οἷς
1043 2125 1140 2194 μὲν
1164 2124 1278 2194 βίος
1303 2127 1419 2178 ἐστὶ
1445 2129 1620 2197 γάμου
1649 2129 1742 2180 καὶ
1769 2130 1988 2182 τέκνων

548 2213 638 2264 καὶ
691 2213 885 2279 λαῐκῆς
935 2215 1249 2280 διαθέσεως,
1296 2218 1497 2288 ἀναμὶξ
1543 2218 1744 2272 ἐσθίειν
1774 2220 1973 2288 ἄνδρας

548 2306 642 2356 καὶ
673 2308 938 2370 γυναῖκας
971 2305 1078 2357 τῶν
1125 2308 1465 2378 ἁδιαὸλήτων
1498 2311 1635 2372 ἐστὶ,
1688 2289 1846 2379 μόνον
1896 2312 1972 2380 τῷ

551 2395 964 2468 διδόντιγτροφὴν
985 2399 1081 2468 τὴν
1103 2401 1449 2468 εὐχαριστίαν
1475 2402 1869 2472 προσάγοντας,
1899 2405 1972 2474 μὴ

551 2487 688 2553 μετά
737 2503 898 2538 τινων
934 2489 1236 2556 θυμελικῶν
1285 2490 1748 2560 ἐπιτηδευμάτων,
1796 2493 1972 2545 είτουν

553 2580 861 2632 σατανικῶν
891 2580 1172 2650 ᾀσμάτων,
1206 2582 1450 2652 κιθαρῶν
1483 2601 1540 2634 τε
1577 2587 1669 2636 καὶ
1704 2585 1974 2656 πορνικῶν

556 2662 928 2739 λυγισμάτιων,
958 2669 1039 2734 οἷς
1073 2674 1360 2740 ἐπέρχεται
1390 2677 1699 2746 προφητικὴ
1724 2679 1851 2743 ἀρά,
1880 2677 1975 2730 οὖ·-

551 2766 718 2834 τωςὴ
770 2766 1023 2833 λέγουσα·
1079 2769 1222 2821 Οὐαὶ
1265 2773 1318 2822 οἱ
1371 2773 1521 2838 μετὰ
1565 2773 1808 2841 κιθάρας
1874 2777 1974 2826 καὶ

554 2859 896 2925 ψαλτηρίου
951 2860 1060 2914 τὸν
1103 2857 1272 2914 οἶνον
1295 2864 1594 2930 πίνοντες,
1642 2868 1711 2917 τὰ
1742 2866 1808 2918 δὲ
1835 2869 1976 2935 ἔργα

555 2951 772 3017 Κυρίου
825 2953 932 3005 οὐκ
967 2953 1359 3021 ἐμϐλέπουσι,
1415 2956 1513 3008 καὶ
1565 2959 1633 3011 τὰ
1681 2959 1825 3027 ἔργα
1861 2959 1977 3010 τῶν

555 3039 771 3109 χειρῶν
817 3044 1003 3097 αὐτοῦ
1070 3047 1141 3099 οὑ
1189 3044 1570 3102 κατανοοῦσι.
1634 3051 1737 3103 Καὶ
1778 3051 1830 3102 εἴ
1872 3051 1970 3103 πού
1999 3056 2044 3112 (ι

556 3151 686 3184 ποτε
720 3131 828 3187 εἶεν
853 3135 1083 3190 τοιοῦτοι
1113 3139 1168 3189 ἐν
1199 3143 1310 3201 τοῖς
1339 3141 1704 3209 Χριστιανοῖς,
1738 3145 1979 3213 διορθού-

480 3228 510 3274 ἰ
561 3221 794 3277 σθωσαν⁶
827 3227 874 3277 εἰ
901 3225 957 3278 δὲ
985 3228 1059 3297 μή
1087 3244 1170 3295 γε,
1199 3231 1570 3297 κρατείτωσαν
1600 3233 1684 3284 ἐπ’
1707 3235 1887 3296 αὐτοῖς
1913 3238 1978 3288 τὰ

557 3315 710 3382 παρὰ
741 3315 850 3367 τῶν
882 3318 984 3385 πρὸ
1013 3320 1167 3387 ἡμῶν
1199 3323 1498 3385 κανονικῶς
1540 3326 1848 3378 ἐκτεθέντα.
1882 3322 1978 3387 Οἷς

561 3403 616 3455 δὲ
649 3409 673 3457 ὁ
704 3406 814 3474 βίος
849 3409 995 3459 ἐστὶν
1027 3409 1246 3478 ἡσύχως
1294 3411 1386 3462 καὶ
1419 3414 1770 3481 μονότροπος,
1802 3417 1828 3466 ὁ
1855 3432 1971 3466 συν-

558 3498 857 3567 ταξάμενος
892 3500 1084 3570 Κυρίῳ
1118 3503 1192 3571 τῷ
1224 3503 1341 3572 Θεῷ
1371 3503 1533 3572 ζυγὸν
1580 3509 1789 3576 μονήρη
1823 3504 1980 3577 ἆραι,

563 3591 846 3643 καθίσεται
882 3592 1024 3644 κατὰ
1063 3594 1230 3661 μόνας
1263 3596 1356 3648 καὶ
1387 3599 1664 3666 σιωπήσῃ·
1704 3599 1838 3651 ἀλλὰ
1872 3601 1980 3669 μὴν

562 3684 657 3736 καὶ
688 3686 797 3744 τοῖς
830 3685 1103 3753 ἱερατικὸν
1138 3686 1522 3754 ἐκλεξαμένοις
1571 3689 1684 3757 βίον
1716 3689 1823 3742 οὐδ’
1843 3691 1982 3752 ὅλως

560 3774 734 3838 ἔξεστι
763 3776 884 3826 κατ’
927 3775 1060 3826 ἰδίαν
1095 3777 1309 3843 γυναιξὶ
1341 3777 1659 3844 συνεσθίειν,
1697 3781 1744 3831 εί
1777 3782 1848 3848 μή
1881 3798 1982 3832 που

566 3868 704 3934 μετά
731 3884 888 3920 τινων
936 3867 1210 3935 θεοφὸρων
1244 3869 1335 3919 καὶ
1364 3869 1606 3922 εὐλαδῶν
1637 3870 1846 3940 ἀνδρῶν
1891 3873 1982 3923 καὶ

562 3958 852 4025 γυναικῶν.
874 3957 958 4009 ἵνα
989 3958 1082 4009 καὶ
1108 3955 1295 4029 αὖτὴὴ
1325 3958 1663 4021 συνεστίασις
1689 3961 1820 4028 πρὸς
1855 3975 1987 4012 κατ-

560 4051 788 4122 όρθωσιν
834 4050 1206 4119 πνευματικὴν
1257 4051 1472 4121 ἀπάγῃ.
1540 4052 1649 4104 Καὶ
1709 4052 1800 4104 ἐπὶ
1853 4070 1984 4121 συγ-

561 4141 735 4207 γενῶν
784 4141 840 4192 δὲ
895 4140 954 4192 τὸ
1008 4139 1140 4191 αὐτὸ
1181 4141 1424 4194 ποιείτω.
1476 4141 1538 4194 Εἰ
1585 4142 1641 4194 δὲ
1696 4147 1787 4196 καὶ
1830 4142 1987 4208 αὖθις,⁵

565 4237 622 4285 ὲν
655 4234 932 4304 ὁδοιπορία
959 4233 1334 4303 συμὸῇτὰτῆς
1362 4235 1662 4302 ἀναγκαίας
1693 4237 1879 4306 χρείας
1907 4239 1985 4309 μὴ

565 4328 920 4397 ἐπιφέρεσθαι
976 4327 1273 4396 μοναχὸνῆ
1330 4328 1602 4396 ἱερατικὸν
1649 4329 1837 4398 ἄνδρα,
1889 4332 1980 4382 καὶ

564 4421 652 4473 διὰ
677 4420 736 4473 τὸ
786 4421 1081 4486 ἀναγκαῖον
1131 4418 1431 4471 καταλῦσαι
1494 4419 1741 4488 βούλεται
1788 4422 1899 4474 εἴτε
1929 4425 1984 4474 ὲν

567 4512 868 4580 πανδοκείῳ
897 4513 1004 4564 εἴτε
1036 4515 1092 4564 ἐν
1129 4510 1261 4580 οἴκῳ
1300 4512 1463 4575 τινὸς,
1487 4511 1668 4565 ἄδειαν
1700 4512 1846 4582 ἔχειν
1880 4516 1982 4566 αὖ·

503 4624 520 4656 ι
567 4605 658 4656 τὸν
683 4603 836 4655 τοῦτο
860 4606 1052 4666 ποιεῖν,
1077 4603 1150 4665 ὼς
1173 4605 1267 4672 τῆς
1286 4603 1475 4672 χρείας
1493 4605 1946 4674 κατεπειγούσης.
1962 4623 1980 4655 ι

499 4698 694 4751 ΒΑΛΣ.
765 4695 822 4748 Ὀ
859 4693 1048 4764 παρὼν
1102 4694 1281 4747 κανὼν
1333 4695 1530 4748 κωλύει
1587 4696 1712 4759 τοὺς
1768 4697 1988 4759 λιαῖκοῦς

431 4791 569 4858 μετὰ
596 4787 902 4858 θυμελικῶν
929 4788 1200 4855 παιγνίων
1231 4790 1324 4842 καὶ
1350 4790 1629 4859 ὀρχήσεων
1653 4789 1869 4856 ἐσθίειν,
1898 4792 1992 4844 καὶ

428 4884 810 4953 παρεγγυᾶται
861 4883 972 4943 τοῖς
1023 4881 1264 4933 τοιοῦτόν
1292 4899 1344 4934 τι
1385 4881 1594 4934 ποιοῦσι
1647 4882 1993 4953 Χριστιανοίς

429 4975 794 5044 διορθοῦσθαν
823 4974 872 5025 εἰ
906 4971 964 5025 δὲ
1004 4974 1101 5041 μὴ,
1143 4975 1361 5042 κρατεῖν
1397 4972 1482 5024 ἐπ’
1517 4975 1700 5034 αὐτοῖς
1734 4974 1801 5024 τά
1841 4973 1992 5040 παρὰ

431 5068 541 5117 τῶν
572 5066 810 5118 κανόνων
864 5061 1281 5134 προορισθέντα.
1316 5061 1455 5124 Τοὺς
1490 5064 1673 5132 μέντοι
1727 5062 1994 5131 μοναχοὺς

434 5158 681 5219 καὶτοὺς
725 5155 1050 5226 ίερωμένους
1098 5153 1532 5222 παρακελεύεται
1587 5154 1660 5223 μὴ
1694 5153 1995 5205 συνεσθίειν

439 5245 577 5316 μετὰ
593 5246 868 5313 γυναικῶν
894 5244 1011 5296 κατ’
1036 5243 1192 5306 ἰδίαν,
1218 5241 1320 5294 κᾶν
1349 5243 1413 5310 τῇ
1444 5243 1670 5312 ἀληθείᾳ
1694 5235 1794 5293 ὦσι
1823 5257 1993 5309 προσ-

436 5338 617 5403 γενεῖς
671 5334 848 5388 αὐτῶν
890 5351 903 5364 ·
934 5333 1049 5386 ἀλλ’
1081 5335 1137 5384 ἐν
1181 5332 1320 5399 φωτὶ
1354 5332 1446 5381 καὶ
1478 5331 1615 5398 μετὰ
1653 5329 1894 5380 εὐλαὸῶν
1918 5345 1996 5380 τι-

440 5443 570 5492 νων,
607 5426 695 5477 διὰ
742 5425 801 5477 τὸ
846 5426 982 5494 μήτε
1031 5423 1229 5485 αὐτοὺς
1275 5421 1379 5474 ὑπὸ
1422 5422 1695 5488 λογισμῶν
1736 5421 1996 5473 ἐναντίων

440 5518 850 5582 κατασείεσθαι,
891 5519 1026 5588 μήτε
1071 5516 1262 5578 ἄλλους
1305 5511 1696 5574 σκανδαλίζειν.
1738 5512 1825 5564 Ἐν
1855 5512 1996 5564 ὁδοι-

2068 471 2333 539 prafecta:
2364 473 2640 524 voluntate
2671 472 2940 523 collocare
2972 486 3075 521 non
3109 470 3392 537 permittét.

2635 563 2863 617 cases
2906 562 3102 642 sxum

2071 677 2091 709 ‹
2125 659 2233 712 Deo
2271 660 2486 726 (pridem
2511 659 2823 711 universum
2855 657 3126 717 dedicare,
3153 666 3206 710 et
3239 671 3344 710 nou
3399 656 3632 726 propriis

2146 771 2164 802 ι
2204 755 2572 806 voluntatilms
2603 755 2843 815 servire,
2903 767 2986 804 res
3034 766 3224 815 magna
3269 761 3350 803 est
3386 769 3398 802 :
3441 771 3457 802 ι
3507 750 3631 805 Sive

2145 863 2162 894 ι
2201 847 2344 897 enim
2373 844 2696 909 comeditis,
2741 845 2852 897 sive
2886 845 3069 896 bibitis
3101 883 3116 906 ,
3167 845 3346 913 inquit
3409 845 3631 898 divinus

2147 953 2164 984 ι
2201 935 2517 1000 Apostolus,
2575 935 2754 988 onu'iia
2804 934 2854 984 iu
2923 931 3010 983 Dei
3039 931 3262 1000 gloriam
3302 932 3459 985 facile
3497 933 3566 986 ⁷ο.
3607 950 3626 983 ›

2151 1046 2166 1077 ι
2207 1026 2458 1080 Christus
2491 1035 2669 1078 autem
2700 1024 2841 1078 Deus
2877 1035 3063 1077 noster
3093 1030 3145 1076 in
3176 1024 3289 1077 suis
3323 1024 3632 1090 Evangeliis

2149 1140 2164 1170 ι
2204 1120 2365 1187 jussit
2401 1127 2741 1186 peccatorum
2793 1115 3052 1181 principia
3073 1113 3631 1168 rr~secare.Nonenim

2149 1231 2164 1260 ι
2208 1210 2537 1263 adulterium
2590 1208 2763 1259 solum
2799 1207 2939 1274 apud
2994 1209 3168 1274 ipsum
3227 1208 3478 1274 punitur;
3539 1207 3631 1258 sel

2147 1324 2164 1356 ι
2206 1305 2368 1356 etiarn
2400 1302 2727 1372 cognitionis
2755 1310 2931 1354 motus
2956 1301 3019 1352 ad
3041 1299 3457 1368 aggrediendqu
3477 1298 3634 1372 adul-

2147 1417 2164 1448 ‹
2212 1399 2406 1450 terium
2434 1397 2850 1458 condemnatur,
2877 1396 2995 1461 ipso
3019 1391 3234 1445 dicente
3258 1409 3270 1442 :
3297 1409 3312 1440 ι
3347 1391 3446 1454 Qui
3478 1404 3636 1457 aspc-

2147 1509 2165 1540 ι
2204 1491 2280 1542 xit
2312 1489 2591 1542 mulierem
2626 1487 2692 1540 ad
2725 1484 3216 1554 concupiscendam
3253 1484 3428 1552 ipsam
3458 1523 3472 1545 ,
3512 1497 3633 1536 eam

2149 1600 2166 1632 ι
2198 1581 2308 1650 jam
2341 1581 2393 1634 in
2424 1580 2588 1634 corde
2637 1594 2734 1631 suo
2780 1575 3105 1630 adulteravit
3150 1574 3192 1605 “
3231 1591 3244 1626 :
3282 1591 3300 1624 ι
3343 1573 3488 1626 unde'
3532 1588 3632 1625 nos

2153 1689 2172 1722 ‹
2212 1687 2430 1739 quoque
2458 1669 2660 1733 edocti,
2694 1667 2954 1720 debemus
2987 1663 3346 1733 cogitationes
3377 1677 3633 1730 purgare.

2150 1783 2169 1815 ι
2207 1765 2314 1818 Etsi
2343 1765 2484 1816 enim
2518 1762 2698 1815 omnia
2729 1760 2912 1822 licent,
2940 1773 3046 1810 non
3077 1764 3257 1810 tamen
3308 1753 3489 1808 omnia
3540 1769 3637 1806 ex—

2148 1876 2166 1907 (
2205 1858 2425 1926 pcdiuut
2454 1856 2520 1920 τ’,
2560 1873 2578 1906 ι
2616 1865 2672 1908 ιιι
2731 1870 2758 1906 a
2809 1869 2940 1908 voce
2993 1849 3295 1921 apostolica
3356 1847 3634 1901 docemur.

2153 1969 2171 2000 ι
2209 1948 2394 2004 Cuivis
2420 1964 2550 2018 ergo
2582 1947 2788 2001 homini
2839 1960 3062 2014 necesse
3117 1950 3204 1996 est
3248 1938 3534 1994 comedere
3579 1946 3639 1990 ut

2154 2063 2170 2093 ι
2209 2043 2372 2096 vivat.
2407 2038 2466 2093 Et
2496 2029 2694 2107 quibus
2718 2043 2801 2090 est
2859 2036 2971 2087 vita
3023 2032 3236 2102 quidem
3303 2027 3636 2081 matrimonii

2153 2157 2170 2187 ι
2208 2145 2260 2189 ει
2314 2133 2607 2187 liberorum
2643 2138 2695 2184 et
2746 2128 2895 2182 laicze
2943 2123 3371 2184 constitutionis,
3427 2120 3634 2174 mixtim

2152 2247 2169 2278 ‹
2207 2225 2492 2282 comedere
2518 2225 2666 2275 viros
2701 2231 2754 2274 et
2796 2221 3052 2272 mulieres
3078 2255 3092 2280 ,
3127 2223 3210 2270 est
3243 2217 3310 2269 ab
3351 2215 3495 2269 omni
3547 2229 3638 2266 rc-

2150 2337 2167 2368 ι
2209 2314 2567 2383 prchensioue
2593 2311 2867 2374 alienum;
2899 2310 2943 2362 si
2978 2307 3140 2362 modo
3169 2308 3217 2360 ei
3246 2347 3262 2370 ,
3296 2307 3382 2372 qui
3413 2307 3505 2359 dat;
3533 2322 3639 2357 nn-

2153 2428 2170 2458 ι
2207 2409 2558 2462 trilueutum.
2619 2403 2825 2471 gratias
2877 2409 3072 2468 agant,
3121 2415 3226 2453 non
3259 2415 3378 2451 cum
3411 2398 3639 2452 scenicis

2152 2519 2168 2550 ι
2211 2496 2532 2566 quibusdam
2562 2495 2761 2548 studiis
2793 2494 2909 2547 sive
2965 2491 3235 2546 Satauicis
3267 2493 3491 2546 canticis
3519 2527 3539 2556 ,
3587 2503 3642 2546 et

2156 2610 2173 2640 ι
2213 2587 2580 2641 citharoedicis
2604 2601 2665 2638 ac
2696 2585 3019 2638 meretriciis
3048 2583 3290 2648 vocibus,
3322 2599 3460 2651 quos
3515 2599 3639 2651 pro-

2154 2700 2171 2732 ‹
2212 2680 2423 2749 phetiea
2451 2679 2756 2732 exsecratio
2789 2675 3116 2729 ﬂexionihus
3139 2691 3234 2728 seu
3271 2675 3613 2740 pestieulatio

2155 2793 2172 2824 ι
2218 2773 2373 2826 nibus
2407 2771 2773 2839 persequitur,
2831 2767 2909 2820 sic
2964 2767 3192 2820 dicens:
3231 2787 3248 2818 ι
3290 2765 3376 2819 Va:
3438 2767 3503 2820 iis
3551 2765 3642 2834 qui

2156 2887 2173 2918 ι
2214 2882 2336 2920 cum
2367 2864 2569 2918 cithara
2599 2870 2651 2915 et
2683 2860 2942 2931 psalterio
2977 2859 3159 2911 vinum
3194 2859 3404 2917 bibunt,
3436 2859 3642 2911 homini

2156 2979 2174 3005 σ
2217 2966 2393 3008 autem
2423 2968 2584 3021 opera
2617 2966 2721 3003 non
2761 2950 3078 3015 respiciunt,
3102 2958 3154 3000 et
3181 2965 3340 3017 opera
3385 2964 3642 3002 manuum

2155 3066 2173 3098 ‹
2210 3048 2327 3112 cjus
2361 3059 2464 3097 nou
2496 3041 2845 3095 considerant
2877 3041 2946 3092 ⁷³.
2980 3059 2998 3090 ›
3038 3041 3099 3092 Et
3135 3040 3306 3092 sicubi
3346 3039 3478 3094 tales
3527 3041 3648 3093 fur--

2157 3157 2174 3189 ι
2213 3138 2323 3192 rint
2357 3136 2496 3188 inter
2525 3133 2891 3197 Christianos,
2913 3132 3260 3200 corrigantur
3289 3150 3301 3185 :
3335 3134 3417 3185 sin
3444 3134 3645 3204 minus,

2158 3253 2176 3283 ‹
2216 3232 2475 3285 adversus
2504 3243 2596 3282 eos
2629 3227 2797 3278 robur
2826 3237 2985 3278 Suum
3030 3225 3349 3286 obtineant,
3406 3205 3546 3291 quoi
3576 3229 3643 3278 ab

2157 3346 2174 3377 ι
2211 3321 2646 3376 antecessoribus
2678 3319 2942 3370 canonice
3001 3316 3193 3368 tradiia
3248 3325 3395 3370 stitit.
3437 3317 3645 3381 Quibus

2157 3436 2174 3467 ι
2213 3428 2390 3469 autem
2427 3415 2609 3480 quieta
2641 3419 2722 3463 est
2757 3409 2864 3461 vita
2893 3417 2945 3461 et
2977 3408 3240 3465 solitaria.
3289 3417 3344 3459 ut
3393 3409 3480 3472 qui
3543 3408 3649 3460 Do-

2157 3529 2174 3560 ‹
2218 3509 2366 3562 min
2400 3505 2508 3557 Deo
2558 3505 2744 3572 juguui
2800 3500 3162 3554 monasticum
3217 3501 3402 3555 tollere
3449 3511 3652 3554 statue-

2161 3621 2177 3652 ι
2219 3603 2346 3662 rint,
2383 3599 2434 3650 in
2465 3595 2758 3651 solitudine
2784 3602 2835 3647 et
2881 3593 3096 3645 silentio
3136 3591 3326 3645 sedere
3362 3593 3647 3645 convenit:

2159 3712 2177 3743 ι
2215 3692 2307 3746 sed
2344 3705 2440 3742 nec
2472 3688 2536 3742 iis
2568 3688 2755 3741 etiam.
2789 3685 2879 3753 qui
2911 3685 3070 3736 vitam
3105 3684 3496 3736 sacerdotalem
3537 3683 3650 3737 ele-

2161 3805 2177 3835 ι
2217 3783 2414 3853 gerint,
2441 3779 2564 3834 licet
2594 3776 2815 3832 omnino
2864 3758 3108 3829 seorsum
3155 3789 3278 3826 cum
3337 3773 3650 3828 mulieribus

2162 3894 2181 3927 ι
2211 3875 2534 3934 comedere;
2570 3871 2672 3924 nisi
2703 3870 2890 3937 utique
2915 3883 3038 3920 cum
3069 3866 3272 3920 divinis
3298 3873 3350 3918 et
3384 3865 3650 3934 religiosis

2165 3987 2183 4018 ‹
2222 3965 2355 4018 viris
2379 3979 2441 4015 ac
2475 3961 2814 4020 mulieribus,
2854 3966 2910 4010 ut
2939 3959 3114 4024 ipsum
3147 3957 3311 4009 etiam
3340 3956 3646 4010 convivium

2166 4077 2184 4110 ι
2229 4057 2292 4110 ad
2323 4053 2656 4123 spiritualem
2681 4051 3070 4104 correctionem
3114 4050 3367 4102 adducat.
3396 4049 3565 4101 Porro
3597 4049 3648 4101 id

2165 4169 2181 4201 ι
2226 4149 2402 4218 ipsum
2438 4144 2600 4198 etiam
2639 4145 2690 4196 in
2719 4141 2967 4211 cognatis
2995 4141 3107 4195 fiat.
3161 4141 3214 4193 Si
3251 4148 3427 4194 autem
3461 4153 3653 4193 rursus

2161 4258 2179 4289 ‹
2217 4239 2510 4303 contingat,
2550 4241 2606 4285 ut
2631 4248 2750 4300 qua:
2801 4238 2927 4284 sunt
2984 4225 3268 4283 ad'usum
3331 4231 3643 4283 necessaria

2166 4349 2184 4381 (
2218 4345 2320 4382 non
2354 4325 2544 4378 aﬂ'erat
2572 4323 2873 4399 monachus
2903 4321 2984 4374 vel
3017 4319 3275 4374 sacerdos
3295 4359 3308 4381 ,
3339 4327 3392 4372 et
3430 4331 3652 4386 propter

2168 4439 2185 4471 ι
2224 4419 2595 4473 necessitatem
2627 4413 2774 4475 velit,
2804 4414 2918 4466 sive
2948 4412 3011 4464 ad
3075 4411 3353 4478 publicum
3407 4412 3655 4463 diverso-

2169 4532 2187 4564 ‹
2225 4513 2389 4574 rium,
2423 4509 2536 4562 sive
2567 4506 2630 4559 ad
2664 4505 2898 4571 alicujus
2955 4507 3174 4557 domum
3235 4501 3545 4564 divertere;
3605 4503 3654 4556 ei

2171 4621 2189 4655 ι
2229 4603 2388 4656 liceat
2419 4599 2522 4663 hoc
2549 4596 2745 4661 facere,
2785 4605 2970 4663 utpote
2990 4600 3216 4662 urgente
3249 4594 3594 4647 necessitate.
3629 4611 3648 4641 ›

2164 4692 2360 4747 BALS.
2398 4691 2642 4743 Praesens
2684 4701 2858 4740 canon
2897 4684 3145 4753 prohibet
3187 4683 3378 4747 laicis,
3413 4698 3481 4735 ne
3533 4698 3654 4736 cum

2095 4780 2327 4838 scenicis
2359 4777 2581 4832 ludicris
2613 4785 2664 4829 ct
2698 4774 3076 4828 saltationibus
3107 4772 3410 4832 comedent.
3433 4782 3486 4826 et
3535 4788 3659 4826 sua-

2095 4876 2186 4927 det
2214 4871 2539 4926 Christianis
2569 4867 2732 4936 329
2763 4867 2852 4934 qui
2889 4866 2992 4918 tale
3027 4866 3154 4934 quid
3190 4864 3436 4928 faciunt,
3490 4872 3549 4918 ut
3601 4878 3659 4917 se

2096 4964 2372 5032 corrigaut
2409 4978 2422 5013 :
2453 4961 2536 5014 sin
2569 4960 2745 5010 niinus
2774 4995 2790 5021 ,
2818 4959 3076 5010 adversus
3131 4970 3223 5009 eos
3277 4955 3453 5008 valere
3477 4993 3492 5017 ,
3541 4970 3658 5022 qua:

2097 5056 2398 5110 cauonibus
2429 5060 2585 5104 antea
2619 5057 2908 5102 (‘OnSllltlla
2947 5049 3096 5102 fuere
3122 5087 3139 5114 ,
3200 5047 3460 5101 decernit.
3493 5043 3660 5098 Porro

2099 5157 2151 5201 et
2172 5143 2468 5198 monachis
2501 5151 2552 5194 et
2581 5141 2955 5195 sacerdotibus
2988 5137 3231 5208 prazcipit
3256 5179 3271 5203 ,
3321 5154 3384 5190 ne
3411 5151 3657 5191 seorsum

2104 5251 2226 5290 cum
2260 5232 2576 5287 mulieribus
2606 5230 2923 5294 eomcdaut,
2969 5230 3177 5284 etiamsi
3230 5243 3416 5283 revera
3472 5241 3656 5280 eorum

2105 5337 2344 5397 cognatae
2377 5325 2578 5378 fuerint
2603 5342 2616 5389 ;
2646 5324 2740 5378 scd
2778 5326 2974 5393 palam.
3013 5331 3067 5377 et
3097 5338 3216 5375 cum
3253 5319 3525 5389 aliquibus
3563 5317 3660 5369 bo—

2104 5422 2189 5469 uis
2220 5429 2282 5467 ac
2323 5413 2612 5483 religiosis,
2640 5424 2696 5466 ut
2765 5429 2935 5482 neque
2967 5413 3070 5482 ipsi
3102 5427 3130 5464 a
3163 5408 3451 5465 contrariis
3512 5405 3653 5474 cogi.

2105 5507 2398 5562 tatiouibus
2461 5514 2818 5573 moveantur,
2881 5519 3054 5574 neque
3122 5501 3240 5556 aliis
3306 5496 3657 5555 offensionem

522 5699 973 5765 7°l(10r.x,51.
1058 5701 1098 5731 τι
1143 5697 1329 5751 Matth.
1370 5694 1546 5762 v,‘28.
1631 5663 2107 5760 "lCor.vt,i2.
2185 5685 2688 5752 "lsa.v,ll,l2.
