4056 6452
516 291 623 355 999

1778 283 2057 342 TIIEOD.
2096 280 2497 339 BALSAMON

3621 283 3734 347 1000

519 407 951 475 scandalumque
990 407 1284 475 praebeant.
1326 404 1381 458 Si
1416 406 1541 475 quis
1580 414 1758 458 autem
1811 404 2004 456 horum
2039 401 2093 453 in

2205 398 2366 467 πορίᾳ
2386 398 2439 450 δὲ
2469 397 2499 466 ἤ
2524 400 2580 449 ἐν
2608 399 2771 469 ἑτέρᾳ
2800 399 3079 471 ἀναγκαίᾳ
3107 401 3352 472 διακονίᾳ
3386 396 3736 471 ἀποδημοῦντὰ

521 502 719 555 itinere
750 500 831 553 vel
866 500 918 552 in
961 499 1070 552 alio
1106 512 1215 551 non
1252 498 1571 567 negligendo
1623 496 1928 550 ministerio
1975 509 2096 561 per-

518 608 647 665 egre
676 592 949 655 versetur,
980 600 1036 644 et
1076 605 1183 643 non
1226 589 1421 644 habeat
1445 605 1507 643 ea
1535 605 1654 659 quae
1677 596 1805 643 Sttnl.
1834 587 1901 639 ad
1929 587 2092 638 vitam

522 680 855 744 necessaria,
893 688 1229 744 statuerunt,
1259 694 1384 733 eum
1417 679 1621 748 absque
1648 678 1758 732 ullo
1781 676 2096 747 prasjudicio

522 776 578 829 in
613 772 851 842 hospitio
880 771 1097 842 publico
1122 770 1207 824 vel
1234 771 1287 823 in
1329 769 1523 825 alienis
1558 768 1770 823 mdibus
1798 766 2082 828 diversari,

492 873 743 935 .pr0pter
770 872 1055 934 urgentem
1094 864 1479 917 necessitatem
1509 861 1754 930 corporei
1781 860 2097 913 nutrimenti

521 964 575 1011 et
608 955 829 1025 quietis.
858 956 1035 1024 Atque
1095 953 1184 1008 hic
1237 954 1458 1023 quidem
1513 961 1597 1007 est
1654 952 1818 1019 hujus
1877 948 2100 1004 canonis

525 1063 744 1117 scopus.
782 1048 914 1117 Ejus
942 1055 1124 1102 autem
1174 1046 1503 1116 prooemium
1548 1054 1634 1100 est
1687 1060 1753 1099 ex
1798 1044 1972 1114 prima
2031 1041 2099 1095 ad

522 1136 839 1191 Corinthios
867 1133 1107 1205 Epistola
1149 1134 1330 1203 magni
1367 1122 1598 1201 apostoli
1630 1132 1804 1194 Pauli,
1834 1145 1955 1200 quzc
2013 1130 2093 1183 sic

522 1244 782 1299 expresse
813 1228 944 1283 dicit
977 1244 991 1279 :
1026 1225 1144 1280 Sive
1175 1224 1593 1286 eonteditis,sive
1618 1223 1817 1285 bibitis,
1840 1222 2016 1275 omnia
2045 1220 2100 1272 in

524 1322 622 1374 Dei
651 1320 899 1373 honorem
944 1318 1119 1388 facile.
1155 1316 1289 1371 Illud
1335 1320 1549 1379 autem,
1592 1315 1849 1369 Debemus
1897 1313 2100 1382 cogita-

525 1416 696 1467 tiones
724 1428 953 1481 purgare
974 1453 991 1477 ,
1019 1426 1084 1464 ex
1141 1409 1381 1465 secunda
1416 1411 1483 1463 ad
1498 1408 1814 1464 Corinthios
1841 1407 2099 1476 Epistola.

525 1504 662 1559 [llud
701 1521 713 1558 :
749 1505 943 1558 Omnia
972 1502 1151 1565 licent,
1182 1501 1271 1555 sed
1308 1519 1409 1555 non
1437 1502 1613 1556 omnia
1658 1501 1938 1569 expediunt
1969 1542 1982 1564 ,
2032 1516 2099 1555 ex

530 1599 699 1666 prima
736 1597 803 1650 ad
840 1596 1153 1653 Corinthios
1180 1594 1446 1663 Epistola.
1484 1593 1549 1647 Et
1589 1593 1754 1656 illud,
1797 1592 1886 1645 Va:
1944 1593 2050 1645 illis
2082 1634 2097 1657 ,

524 1691 617 1757 qui
647 1706 764 1745 cum
793 1688 998 1742 cithara
1020 1702 1076 1742 et
1110 1688 1362 1756 psalterio
1407 1689 1582 1741 rinam
1617 1687 1829 1748 bibunt,
1875 1694 1927 1739 et
1977 1702 2099 1754 qua:

2199 503 2319 539 τινα
2354 490 2415 539 ἐκ
2463 487 2689 552 τούτων,
2738 490 2832 541 καὶ
2880 492 2945 541 τὰ
2983 489 3120 557 πρὸς
3168 490 3311 561 ζωὴν
3363 491 3634 559 ἐπιτήδεια
3673 493 3734 562 μὴ

2198 578 2413 649 ἔχοντα,
2467 581 2760 652 διωρίσατο
2830 582 3315 651 ἀποκριματίστως
3365 583 3643 636 καταλύειν
3690 587 3735 637 ὲν

2200 670 2515 742 ξενοδοχείῳ
2554 672 2677 742 ἢέν
2713 658 2983 743 ἀλλοτρίῳ
3023 672 3178 742 οἴκῳ,
3214 672 3305 725 διὰ
3349 673 3408 725 τὸ
3442 677 3737 743 κατεπεῖγον

2197 762 2298 832 τῆς
2328 764 2647 831 σωματικῆς
2677 766 2886 833 τροφῆς
2919 763 3018 817 καὶ
3048 763 3436 827 ἀναπαύσεως.
3470 765 3573 817 Καὶ
3602 766 3627 816 ό
3653 766 3736 834 μὲν

2200 856 2403 917 σκοπὸς
2456 855 2551 908 τοῦ
2591 855 2815 918 κανόνος
2844 849 3024 916 οὗτος.
3063 856 3136 908 Τὸ
3183 856 3469 927 προοίμιον
3513 855 3566 908 δὲ
3595 858 3737 911 αὐτοῦ

2198 947 2346 999 ἔστιν
2385 947 2493 999 ἀπὸ
2525 947 2626 1016 τῆς
2661 948 2799 1017 πρὸς
2826 947 3160 1019 »Κορινθίους
3187 947 3412 1018 πρώτης
3447 948 3739 1018 Ἐπιστολῆς

2196 1038 2292 1091 τοῦ
2330 1039 2567 1108 μεγάλου
2601 1040 2905 1093 ἀποστόλου
2958 1039 3193 1105 Παύλου,
3245 1040 3391 1093 οὕτω
3420 1039 3667 1111 λεγούσης
3693 1042 3740 1092 ὲν

2204 1131 2379 1200 μέρειν
2420 1132 2555 1183 Εἴτε
2600 1132 2857 1197 ἐσθίετε,
2886 1133 3007 1187 εἴτε
3058 1134 3284 1197 πίνετε,
3325 1132 3520 1185 πάντα
3560 1134 3638 1197 εις
3662 1130 3744 1184 δό-

2202 1224 2317 1288 ξαν
2370 1225 2519 1278 Θεοῦ
2563 1225 2805 1279 ποιεῖτε·
2860 1227 2919 1279 τὸ
2950 1226 3028 1291 δὲ,
3094 1227 3444 1295 Ὀφείλομεν
3475 1227 3746 1294 καθαίρειν

2199 1317 2550 1384 λογισμοὺς,
2572 1318 2678 1369 ἀπὸ
2698 1320 2797 1388 τῆς
2822 1318 2956 1388 πρὸς
2980 1317 3296 1389 Κορινθίους
3325 1319 3581 1390 δεύτέρας
3616 1318 3744 1372 Ἐπι-

2202 1408 2415 1473 στολῆς·
2449 1408 2531 1473 τὸ,
2577 1409 2781 1462 Πάντα
2807 1410 3073 1475 ἔξεστιν,
3103 1410 3243 1464 ἀλλ’
3287 1411 3359 1463 οὐ
3390 1410 3580 1463 πάντα
3619 1425 3746 1478 συμ-

2200 1500 2387 1568 φέρει,
2419 1501 2526 1552 ἀπὸ
2558 1501 2654 1570 τῆς
2686 1504 2820 1571 πρὸς
2841 1503 3159 1572 Κορινθίους
3176 1502 3401 1572 πρώτης
3433 1500 3744 1569 Ἐπιστολῆςο

2201 1594 2298 1645 καὶ
2348 1593 2431 1657 τὸ,
2479 1595 2625 1646 Οὐαὶ
2693 1598 2744 1647 οἱ
2776 1596 2926 1663 μετὰ
2996 1593 3241 1661 κιθάρας
3284 1594 3382 1647 καὶ
3438 1594 3747 1662 ψαλτηρίου

2204 1685 2310 1738 τὸν
2333 1681 2501 1738 οἶνον
2518 1688 2817 1752 πίνοντες,
2842 1686 2934 1738 καὶ
2952 1688 3020 1739 τὰ
3043 1687 3192 1755 ἑξῆς,
3217 1688 3279 1738 ὲκ
3303 1688 3401 1756 τῆς
3429 1684 3522 1738 τοῦ
3552 1685 3745 1737 Ἡσαΐου

530 1781 787 1851 deinceps
841 1790 1168 1850 sequuntur,
1207 1796 1269 1835 ex
1316 1781 1453 1835 lsaia
1494 1780 1774 1848 propheta.
1801 1777 2103 1832 Canonicas

2207 1775 2562 1845 προρητείας.
2603 1776 2907 1839 Κανονικὰς
2954 1777 3009 1829 δὲ
3064 1755 3394 1846 παραδόσεις
3453 1776 3500 1827 οἱ
3532 1775 3745 1844 Πατέρες

527 1880 705 1927 autem
742 1873 1064 1929 traditiones
1093 1874 1285 1933 dicunt
1314 1872 1505 1927 Patres
1535 1874 1604 1926 42
1625 1882 1680 1927 et
1708 1874 1776 1927 45
1815 1887 1937 1926 can.
1977 1887 2103 1925 san-

526 1975 739 2020 ctorum
771 1966 1169 2035 apostolorum.
1193 1975 1246 2019 et
1274 1966 1342 2020 60
1358 1964 1620 2035 Carthag.
1648 1980 1768 2036 syn.
1799 1974 1853 2019 ct
1878 1965 1947 2019 62
1979 1982 2099 2036 syn.

529 2058 585 2112 in
616 2055 828 2111 Trullo.

595 2146 846 2202 ZONAR.
883 2148 1183 2204 Monachus
1216 2157 1268 2202 et
1323 2150 1496 2204 sacris
1550 2150 1794 2205 initiatos
1850 2151 2101 2207 homines

527 2240 774 2309 privatim
808 2242 862 2294 in
892 2240 1083 2301 eadem
1118 2256 1301 2294 mensa
1334 2256 1457 2295 cum
1509 2240 1727 2296 feminis
1776 2244 2103 2298 accumbere

529 2332 621 2387 hic
672 2347 846 2387 canon
905 2342 1071 2388 vetat.
1130 2332 1366 2388 Exordio
1430 2349 1562 2389 vero
1597 2335 1767 2388 utitur
1798 2351 2001 2404 ,atque
2032 2337 2100 2390 ad

531 2424 697 2479 Deum
731 2426 910 2480 omnia
943 2426 1228 2481 referenda
1263 2442 1384 2482 esse
1431 2427 1817 2494 demonstrat,
1866 2430 2101 2483 dictum-

531 2533 641 2587 que
672 2518 918 2587 Apostoli
983 2519 1189 2589 profert
1238 2521 1467 2576 dicentis
1500 2538 1514 2574 :
1550 2510 1668 2574 Sive
1726 2523 2062 2575 manducatis
2086 2561 2103 2587 ,

532 2609 639 2663 sive
686 2610 859 2663 bibitis
889 2651 901 2673 ,
950 2611 1130 2663 omnia
1160 2611 1214 2663 in
1250 2612 1471 2680 gloriam
1522 2611 1615 2664 Dei
1666 2612 1843 2679 facile.
1903 2613 2104 2668 Deinde

534 2690 839 2751 sermonem
879 2700 1213 2767 aggreditur,
1258 2708 1421 2769 atque
1464 2716 1530 2753 ex
1572 2701 1780 2755 Christi
1834 2710 2102 2771 prmcepto

533 2798 882 2860 peccatorum
922 2789 1074 2844 initia
1107 2806 1134 2841 a
1167 2790 1411 2846 fidelibus
1436 2792 1728 2846 resecanda
1754 2809 1877 2848 esse
1912 2805 2098 2848 osten-

536 2881 636 2933 dit.
677 2879 789 2935 lllis
819 2894 1050 2949 namque
1086 2883 1286 2947 verbis,
1320 2882 1425 2947 Qui
1471 2883 1664 2937 viderit
1708 2885 1980 2941 mulierem
2033 2886 2102 2940 ad

535 2973 1001 3039 concupiscendum
1026 2990 1163 3037 eam,
1220 2975 1340 3044 jam
1394 2976 1683 3030 moechatus
1733 2988 1810 3032 est
1862 2994 1979 3031 eam
2046 2982 2101 3033 in

2213 1866 2348 1932 φασὶ
2368 1865 2470 1917 τὸν
2499 1865 2587 1933 μ6²
2620 1867 2714 1918 καὶ
2759 1864 2846 1935 μγ¹
2874 1867 2981 1919 τῶν
3008 1868 3180 1935 ἁγίων
3211 1867 3545 1928 ἀποστόλων,
3598 1864 3677 1916 τὸν
3714 1862 3744 1919 ξ’

2205 1960 2303 2026 τῆς
2339 1960 2396 2009 ὲν
2450 1958 2779 2029 Καρθαγένῃ
2812 1960 3033 2012 συνόδου
3065 1962 3161 2012 καὶ
3193 1960 3287 2013 τὸν
3323 1959 3399 2024 ξδ’
3472 1962 3566 2027 τῆς
3594 1960 3644 2010 ὲν
3683 1954 3745 2024 τῷ

2204 2049 2476 2118 Τρούλλῳ.
3512 2036 3517 2039 ⁷

2279 2142 2524 2195 ΖΩΝΑΡ.
2570 2142 2626 2193 '0
2676 2140 2866 2211 παρὼν
2895 2141 3076 2195 κανὼν
3129 2142 3333 2196 κωλύει
3368 2142 3627 2213 μοναχοίις
3666 2140 3743 2192 καὶ

2219 2234 2556 2303 ἱερωμένους,
2575 2233 2695 2284 κατ’
2729 2232 2867 2284 ἰδίαν
2896 2232 3196 2285 συνεσθίειν
3230 2234 3466 2301 γυναιξί.
3504 2229 3744 2302 Προοιμὼ

2206 2325 2360 2389 ζεται
2394 2324 2473 2385 δὲ,
2518 2324 2611 2376 καί
2643 2341 2807 2393 φησιν
2847 2325 2929 2376 ὅτι
2964 2325 3140 2377 πάντα
3176 2325 3284 2394 χρὴ
3336 2324 3413 2394 τῷ
3445 2323 3557 2394 Θεῷ
3581 2319 3741 2377 ἀνατί-

2206 2417 2417 2482 θεσθαι,
2448 2418 2540 2469 καὶ
2569 2417 2767 2485 χρῆσιν
2802 2418 2867 2469 ὲκ
2901 2417 2997 2469 τοῦ
3036 2415 3368 2469 Ἀποστόλου
3399 2418 3641 2484 παράγει,
3668 2412 3740 2464 λέ-

2203 2526 2410 2578 γοντος,
2441 2509 2581 2562 Εἷτε
2622 2509 2874 2574 ἐσθίετε,
2905 2509 3026 2561 εἶτε
3071 2508 3298 2575 πίνετε,
3326 2508 3519 2562 πάντα
3558 2509 3636 2573 είς
3660 2504 3740 2559 δό-

2205 2605 2321 2669 ξαν
2351 2604 2499 2658 Θεοῦ
2544 2605 2786 2657 ποιεῖτε.
2835 2600 2970 2656 Εἶτα
3004 2602 3447 2673 μεταχειρίζεται
3476 2601 3562 2654 τὸν
3590 2599 3740 2667 λόγον,

2205 2697 2430 2767 φάσκων
2453 2698 2535 2749 ὅτι
2563 2698 2592 2749 ό
2616 2695 2853 2765 Χριστὸς
2875 2693 2973 2758 τὰς
3012 2696 3188 2766 ἀρχὰς
3217 2696 3329 2749 τῶν
3367 2694 3742 2764 ἁμαρτημάτων

2207 2790 2514 2861 περιαιρεῖν
2568 2790 2695 2851 τοὺς
2745 2789 2969 2850 πιστοὺς
3021 2788 3254 2857 κελεύει.
3304 2789 3392 2843 Ἐν
3439 2787 3545 2859 γὰρ
3586 2785 3654 2855 τῷ
3675 2782 3743 2835 λέ-

2184 2900 2342 2953 .γειν,
2386 2883 2449 2935 Ὀ
2485 2881 2792 2950 ἐμϐλέψας
2846 2882 3082 2951 γυναικὶ
3122 2883 3275 2951 πρὸς
3319 2883 3384 2936 τὸ
3418 2877 3741 2949 ἐπιθυμήσω

2206 2975 2396 3044 αὐτῆς
2439 2974 2557 3043 ἤδη
2585 2975 2943 3044 ἐμοίχευσεν
2975 2974 3172 3043 αὐτὴν
3225 2977 3298 3030 ἐν
3326 2975 3401 3045 τῇ
3444 2972 3639 3043 καρδίᾳ
3658 2970 3744 3023 αὐ-

536 3062 691 3113 corde
713 3077 829 3126 suo,
857 3077 967 3117 non
1017 3064 1342 3119 adulterium
1395 3067 1781 3134 solummodo,
1830 3072 1925 3125 sed
1986 3070 2103 3139 ipsa

2211 3070 2339 3132 τοῦ,
2369 3072 2432 3121 οὑ
2461 3070 2835 3139 τῆν’μοιχείαν
2863 3068 3083 3133 κολάζει
3117 3069 3300 3139 μόνον,
3322 3068 3458 3122 ἀλλὰ
3487 3066 3575 3120 καὶ
3600 3061 3741 3129 αὐτὴν

540 3167 758 3221 quoque
788 3156 939 3224 pravi
974 3166 1158 3211 motus
1193 3157 1345 3210 initia
1371 3161 1621 3228 castigat.
1674 3161 1809 3215 Cum
1846 3164 1990 3216 enim
2051 3165 2103 3217 in

540 3243 783 3297 mulieris
832 3246 1006 3299 forma
1058 3249 1477 3317 contemplanda
1534 3252 1804 3321 quispiam
1855 3254 2107 3311 curiosus

540 3342 646 3398 est,
672 3335 913 3390 admisso
947 3351 1128 3405 pravae
1157 3338 1457 3395 affectionis
1494 3341 1670 3410 initio,
1704 3360 1898 3414 nempe
1950 3347 2107 3415 Cupi-

540 3426 728 3490 ditate,
764 3442 827 3480 ex
858 3443 923 3483 eo
960 3429 1127 3497 ipsius
1175 3447 1393 3501 quoque
1450 3439 1710 3506 cogitatio
1735 3447 1789 3492 et
1837 3439 1978 3492 ratio
2040 3438 2105 3491 ad

544 3520 748 3572 crimen
794 3520 1203 3590 suscipiendum
1252 3525 1565 3595 impellitur.
1620 3528 1858 3584 Proinde
1900 3532 2107 3601 cogita—

542 3610 741 3674 tiones,
794 3612 990 3681 inquit,
1052 3615 1362 3671 interimere
1404 3619 1663 3676 debemus
1720 3623 1845 3691 (est
1893 3631 1946 3676 ct
2003 3624 2110 3675 hoc

544 3718 760 3773 quoque
790 3706 1197 3775 apostolicum),
1233 3710 1416 3773 idest,
1442 3722 1664 3781 propter
1691 3712 1794 3767 hoc
1822 3723 2109 3768 nascentes

542 3796 802 3851 debemus
828 3799 1185 3869 exstinguere
1211 3840 1224 3863 ,
1256 3801 1576 3871 priusquam
1638 3819 1757 3859 sese
1809 3806 1973 3861 altius
2031 3806 2109 3860 ef-

544 3888 684 3942 ferre
718 3903 782 3941 ac
816 3891 1098 3945 nobiscum
1148 3891 1432 3947 colluctari
1481 3896 1713 3963 possint.
1774 3894 1871 3951 Vel
1920 3898 2111 3950 καθαί-

546 3997 687 4051 ρειν,
728 3981 779 4035 id
821 3991 905 4038 est
952 3997 1183 4052 purgare
1217 3984 1467 4055 (utraque
1507 3986 1651 4040 enim
1699 3986 1859 4041 lectio
1897 3988 2111 4043 admitti

543 4074 766 4144 potest),
796 4089 862 4133 ne
893 4073 1145 4130 videlicet
1164 4085 1399 4130 mentem
1430 4075 1661 4146 impuris
1695 4080 2113 4149 cogitationibus

544 4167 898 4225 contaminari
935 4166 1220 4233 sinamus,
1270 4168 1367 4223 sed
1420 4184 1517 4226 eas
1566 4186 1726 4239 quam
1792 4172 2109 4243 longissime

2208 3165 2310 3230 τὴν
2360 3163 2453 3215 τοῦ
2507 3158 2711 3224 πάθους
2748 3162 2941 3232 ἀρχήν.
2989 3161 3159 3214 Ὅταν
3188 3161 3298 3230 γάρ
3338 3178 3422 3223 τις
3470 3157 3739 3229 περιέργως

2213 3257 2318 3327 ἴδῃ,
2351 3255 2642 3323 δεξάμενος
2663 3254 2760 3323 τὴν
2786 3254 2879 3305 τοῦ
2906 3253 3114 3316 πάθους
3138 3254 3338 3323 ἀρχὴν,
3363 3252 3461 3323 τὴν
3482 3246 3737 3317 ἐπιθυμίαν

2207 3346 2430 3416 δηλαδὴ,
2458 3347 2577 3397 τότε
2604 3344 2751 3414 αὐτῷ
2775 3346 2803 3396 ό
2830 3345 3089 3415 λογισμὸς
3108 3348 3345 3400 κινεῖται
3368 3346 3499 3418 πρὸς
3518 3344 3574 3397 τὸ
3591 3340 3739 3412 ἁμάρ-

2210 3456 2381 3507 τημα.
2412 3439 2621 3502 Ἔνθεν,
2657 3438 2810 3507 φησι,
2842 3438 3139 3506 λογισμοὺς
3172 3438 3465 3508 ὀφείλομεν
3496 3432 3742 3500 καθαιρεῖν

2212 3529 2503 3597 (καὶτοῦτο
2520 3529 2574 3581 δὲ
2595 3528 3000 3598 ἀποστολικὸν),
3026 3532 3300 3597 τουτέστι,
3325 3531 3410 3582 διὰ
3429 3528 3743 3597 τοῦτοχρεω·

2212 3620 2443 3688 στοῦμεν
2482 3620 2838 3674 καταϐάλλειν
2860 3622 2987 3683 τοὺς
3003 3620 3318 3689 λογισμοῦς,
3336 3622 3427 3674 καὶ
3451 3619 3521 3691 μὴ
3552 3619 3634 3687 ὲᾷν
3660 3612 3745 3665 αὖ·

2211 3716 2336 3776 τοὺς
2360 3713 2673 3784 ἐπαίρεσθαι
2694 3714 2787 3765 καὶ
2807 3714 3291 3779 κατεξανίστασθαι
3324 3714 3498 3783 ἡμῶν
3534 3710 3563 3781 ἢ
3585 3705 3742 3762 καθαί-

2214 3806 2629 3877 ρειν(γράιρεται
2644 3806 2751 3874 γὰρ
2766 3805 2861 3858 καὶ
2877 3805 3091 3871 οὕτως),
3112 3806 3233 3859 ἀντὶ
3249 3807 3366 3870 τοῦ,
3391 3805 3463 3876 μὴ
3492 3804 3581 3873 ἐᾷν
3616 3797 3743 3870 μολύ⁸

2212 3898 2396 3950 νεσθαι
2442 3898 2532 3950 τὸν
2582 3897 2841 3965 λογισμὸν
2870 3897 2938 3949 δι’
2958 3896 3310 3967 ἐνθυμήσεων
3339 3894 3598 3967 πονηρῶν,
3648 3883 3741 3942 ἀλλ’

2209 3990 2637 4057 ἀποπέμπεσθαι
2664 3988 2883 4052 ταύτας·
2914 3990 2949 4060 ἢ
2977 3990 3072 4042 καὶ
3097 3989 3185 4043 διὰ
3205 3992 3304 4060 τῆς
3333 3986 3630 4058 παραδοχῆς
3650 3978 3740 4033 τῶν

2210 4081 2470 4134 ὑπόπτων
2500 4080 2869 4151 διαλογισμῶν
2895 4082 3223 4152 μολυνθέντα
3272 4082 3543 4153 καθαίρειν
3586 4072 3740 4134 αὐτὸν,

2212 4174 2505 4226 ἐκπλύνειν
2535 4174 2630 4227 τοῦ
2662 4174 2941 4244 μολυσμοῦ
2977 4176 3063 4228 διὰ
3098 4177 3405 4246 μετανοίας,
3448 4174 3538 4229 καὶ
3571 4170 3638 4242 μὴ
3664 4167 3739 4235 iii”

544 4258 935 4323 ainandemus;
965 4260 1048 4314 vel
1072 4261 1234 4314 etiam
1265 4254 1501 4318 mentem
1526 4302 1544 4328 ,
1574 4263 1645 4319 ob
1686 4264 1957 4319 admissas
2006 4265 2105 4319 im-

2206 4265 2522 4336 περαιτέρω
2548 4267 2813 4336 χωρῆσαι.
2841 4270 2910 4321 Ei
2929 4268 3036 4336 γὰρ
3058 4270 3155 4322 καὶ
3178 4270 3373 4323 πάντα
3391 4287 3485 4338 μοι
3506 4266 3735 4330 ἔξεστιν,

548 4366 709 4419 puras
735 4351 1089 4420 cogitationes
1138 4353 1479 4424 inquinatam
1505 4395 1522 4421 ,
1578 4370 1947 4425 expurgemus
1972 4397 1986 4421 ,
2047 4371 2112 4411 ac

2212 4358 2353 4412 ἀλλ’
2383 4360 2455 4413 οὺ
2487 4359 2683 4413 πάντα
2719 4360 3035 4429 συμφέρει.
3078 4362 3264 4416 Ταῦτα
3294 4364 3351 4415 δὲ
3388 4360 3478 4413 τοῦ
3530 4352 3735 4428 μεγάλου

545 4442 858 4510 pmnitentia
890 4450 1197 4499 contractas
1237 4446 1428 4500 sordes
1473 4447 1723 4500 eluamus
1749 4486 1765 4511 ,
1804 4462 1977 4515 neque
2027 4448 2105 4501 ul-

2216 4453 2429 4506 Παύλου
2453 4453 2520 4506 τὰ
2549 4455 2791 4525 ῥήματα.
2822 4456 3104 4520 Ἔξεστιν
3127 4453 3260 4524 οὖν,
3285 4457 3435 4528 φησὶ,
3456 4454 3517 4506 τὸ
3545 4449 3739 4504 ἐσθίειν

548 4532 715 4587 terius
748 4535 997 4601 progredi
1033 4536 1327 4603 patiamur.
1363 4536 1507 4589 Nam
1541 4537 1638 4589 etsi
1668 4537 1796 4589 mihi
1837 4539 2013 4591 omnia
2038 4540 2111 4592 li-

548 4633 681 4685 cent,
714 4641 818 4676 non
871 4633 1043 4677 tamen
1095 4627 1275 4678 omnia
1345 4625 1625 4694 expediunt
1661 4641 1685 4678 :.
1716 4628 1829 4681 haec
1898 4644 2113 4697 quoque

550 4715 727 4786 magni
767 4713 919 4768 Pauli
959 4717 1119 4770 verba
1151 4724 1300 4771 sunt.
1331 4716 1475 4771 Licet
1518 4734 1641 4788 ergo
1664 4759 1681 4785 ,
1712 4720 1885 4788 inquit
1911 4760 1926 4782 ,
1965 4725 2112 4777 edere

548 4818 603 4860 ut
644 4808 801 4864 vivas.
841 4807 902 4862 Et
940 4809 1333 4878 qui'communi
1375 4812 1591 4880 quidem
1622 4828 1772 4868 more
1818 4831 1939 4869 cum
1976 4833 2111 4869 uxo-

551 4902 701 4957 ribus
730 4904 847 4963 suis
877 4919 941 4958 ac
969 4903 1160 4959 liberis
1197 4904 1503 4960 habitantes
1526 4906 1727 4976 degunt
1752 4947 1767 4971 ,
1810 4925 1934 4963 cum
1994 4928 2111 4966 mn-

552 4992 772 5047 Iieribus
803 4994 984 5049 cibum
1015 5011 1214 5065 capere
1271 4996 1513 5053 minime
1551 5003 1913 5069 prohibentur
1942 5045 1956 5068 ,
2012 5021 2112 5059 nec

552 5098 648 5138 eos
670 5086 954 5156 quisquam
984 5089 1057 5144 ob
1087 5090 1138 5144 id
1171 5090 1573 5158 reprehendat,
1620 5094 1663 5146 si
1695 5097 1911 5151 meritas
1940 5098 2111 5151 inter-

552 5188 617 5227 ea
646 5174 839 5230 divinze
888 5177 1198 5235 liberalitati
1251 5184 1453 5248 gratias
1502 5198 1699 5250 agant.
1745 5201 1920 5254 neque
1971 5188 2112 5241 inter

552 5267 741 5335 epulas
766 5270 972 5323 comica
1004 5272 1206 5337 studia,
1236 5274 1337 5327 hoc
1369 5286 1474 5340 est,
1518 5277 1804 5330 Satanicas
1835 5279 2112 5332 cautiones

556 5357 868 5415 adhibeant.
901 5359 1159 5427 Quaenam
1217 5363 1329 5416 haec
1368 5365 1539 5418 vero?
1584 5364 1822 5419 Cithara:
1877 5371 2115 5421 meretri-

554 5446 758 5518 ciaeque
785 5447 1066 5506 ﬂexiones.
1099 5450 1419 5508 Flexionum
1467 5465 1646 5509 autem
1707 5458 1968 5520 nomine,
2019 5468 2115 5512 aut

558 5539 868 5599 inconditas
890 5542 1228 5609 saltationes,
1253 5556 1345 5599 aut
1367 5559 1558 5599 vocum
1597 5548 1652 5599 in
1683 5550 1969 5603 cantilenis
1997 5566 2115 5605 mo-

556 5630 868 5687 dulationes
898 5635 1241 5703 signiﬁcavit.
1282 5635 1338 5689 In
1365 5650 1462 5691 eos
1507 5636 1772 5706 siquidem
1799 5677 1815 5701 ,
1868 5640 1976 5703 ait,
2026 5642 2116 5696 illa

559 5723 837 5791 prophetae
875 5727 1177 5781 exsecratio
1204 5726 1370 5793 cadit,
1410 5725 1523 5794 Vw,
1552 5732 1642 5797 qui
1679 5746 1793 5783 cum
1817 5733 2021 5787 cithara
2068 5745 2116 5788 et

2216 4543 2313 4598 διὰ
2332 4547 2418 4615 [to
2448 4544 2577 4614 ζῇν.
2616 4548 2724 4599 Καὶ
2751 4549 2798 4600 οἱ
2832 4549 2929 4617 μὲν
2970 4550 3110 4603 κατὰ
3142 4551 3346 4618 κόσμον
3379 4546 3623 4617 βιοῦντες,
3661 4537 3735 4587 καἱ

2217 4636 2433 4703 γυναιξὶ
2460 4635 2729 4700 συζῶντες
2764 4639 2859 4690 καὶ
2889 4639 3117 4701 τέκνοις,
3145 4639 3207 4691 ού
3236 4638 3526 4692 κωλύονται
3551 4622 3736 4696 γυναιξὶ

2219 4729 2539 4793 συνεσθίειν,
2593 4729 2712 4782 οὐδὲ
2759 4730 3011 4799 διαϐολῆς
3058 4731 3243 4793 αὐτοῖς
3286 4731 3454 4783 αἴτιον
3503 4722 3660 4782 τοῦτον
3697 4714 3737 4765 εί

2221 4820 2338 4889 μετ’
2364 4820 2715 4891 εὐχαριστίας
2743 4822 2841 4890 τῆς
2872 4822 3008 4891 πρὸς
3058 4823 3189 4876 Θεὸν
3221 4825 3437 4890 γίνοιτο,
3467 4820 3555 4870 καὶ
3575 4813 3627 4866 οὒ
3654 4822 3735 4877 με’

2218 4911 2538 4965 σολαὸοὖσιν
2570 4915 2627 4965 ὲν
2665 4915 2785 4975 ταῖς
2827 4899 3128 4982 τραπέζαις
3160 4915 3336 4971 αὐτῶν
3366 4905 3613 4973 θυμελικά
3635 4904 3736 4951 ἐπι-

2215 5000 2548 5069 τηδεύματα,
2596 5002 2764 5071 ἤγουν
2810 5007 3073 5056 σατανικὰ
3110 5005 3348 5074 ᾅσματα.
3399 5003 3459 5054 Τί
3498 4998 3549 5050 δὲ
3589 4990 3732 5044 ταῦτα

2218 5094 2357 5157 sict;
2392 5092 2624 5163 Κιθάραι
2675 5093 2768 5146 καὶ
2801 5092 3111 5162 λυγίσματα
3157 5094 3407 5165 πορνικά.
3444 5087 3537 5141 Διὰ
3568 5084 3617 5135 δὲ
3643 5091 3730 5129 τω)

2222 5182 2570 5251 λυγισμάτων
2585 5184 2616 5253 ἢ
2632 5188 2729 5247 τὰς
2751 5186 3021 5254 ἁσέμνους
3046 5188 3297 5257 ὀρχήσεις
3312 5182 3540 5255 ᾐνίξατο,
3560 5176 3588 5244 ἣ
3608 5170 3666 5223 τὰ
3686 5170 3731 5217 ἐν

2216 5277 2333 5335 ταῖς
2361 5275 2522 5345 ᾠδαῖς
2584 5276 2899 5346 λυγίσματα
2928 5281 3037 5333 τῶν
3080 5278 3290 5347 φωνῶν.
3325 5271 3414 5337 Οἷς
3455 5270 3707 5336 ἐπέρχεται

2220 5367 2371 5435 φησὶ,
2398 5370 2709 5439 προφητικὴ
2738 5372 2867 5440 ἀρὰ,
2893 5373 2972 5436 τὸ,
3005 5373 3148 5425 Οὐαὶ
3177 5374 3229 5427 οἱ
3244 5369 3390 5440 μετὰ
3410 5362 3630 5429 κιθάρας
3649 5350 3725 5405 καὶ

2217 5462 2558 5527 ψαλτηρίου
2575 5456 2745 5515 οἶνον
2768 5464 3070 5532 πίνοντες,
3093 5467 3185 5519 καὶ
3211 5466 3276 5518 τὰ
3296 5444 3439 5533 ἑξῆς.
3468 5450 3617 5511 Εἰοῦν
3642 5453 3725 5499 εἰσι

2217 5550 2447 5603 τοιοῦτοί
2470 5569 2614 5615 τινες
2655 5556 2714 5607 ἐν
2764 5556 3131 5627 Χριστιανοίς,
3158 5554 3586 5627 διορθούσθωσανο
3614 5542 3655 5594 εί
3678 5533 3722 5627 δι

2223 5643 2320 5713 μὴ.
2344 5646 2392 5697 0!
2423 5645 2642 5698 παλαιοὶ
2678 5625 2899 5712 κανόνες
2925 5625 3295 5720 κρατείτωσαν
3324 5647 3410 5700 ἐπ’
3431 5625 3721 5720 αὐτοῖςτκίῖἱ

2227 5734 2398 5789 ταῦτα
2464 5736 2567 5808 μὲν
2598 5738 2725 5807 περὶ
2758 5716 3014 5795 λαῖκῶντό
3048 5741 3224 5797 κανὼν
3255 5737 3536 5802 διετάξατο.
3562 5719 3639 5785 Οἷς
3656 5716 3715 5779 δὲ»
