4056 6408
398 341 523 405 ιοοι

1388 329 1471 393 IN
1505 329 1671 391 CAN.
1705 327 1877 390 XXII
1903 324 2116 388 CONC.
2149 325 2263 389 VII
2303 320 2662 386 (ECUMEN.

3526 314 3661 384 loti?

395 451 582 521 φησιν,
616 447 643 500 ὁ
671 445 778 517 βίο,
813 442 1038 515 ἡσύχιος
1068 441 1161 494 καὶ
1192 440 1546 511 μονότροπος,
1573 438 1711 492 ἀλλὰ
1740 439 1849 508 μὴν
1873 435 1967 490 καὶ

2079 434 2327 495 psalterio
2361 435 2541 489 vinum
2566 432 2793 498 bibunt;
2829 439 2874 486 et
2906 448 3021 503 qum
3068 441 3398 504 sequuntur.
3454 434 3513 487 Si
3569 435 3661 500 (ι.ιὶ

392 543 507 606 τοῖς
553 539 849 609 ἱερατικοῖς
879 534 978 587 οὐκ
1007 534 1183 600 ἔξεστι
1225 529 1345 585 κατ’
1397 529 1534 583 ίδίαν
1581 528 1797 597 γυναιξὶ
1844 544 1972 577 συν-

394 631 615 684 εσθίειν.
666 630 728 681 Εἰ
755 628 810 680 δέ
854 643 983 679 ποτε
1028 624 1186 677 τοῦτο
1218 622 1460 691 γίνεσθαι
1486 621 1689 689 δεήσει,
1720 636 1974 688 συμπαρ-

393 726 562 775 όντων
596 721 777 783 αὐτοῖς
814 718 1011 784 τιμίων
1059 716 1269 786 ἀνδρῶν
1298 733 1357 767 τε
1392 718 1485 769 καὶ
1525 714 1799 781 γυναικῶν
1846 730 1973 764 συν-

397 812 815 882 εστιαθήσονται
858 807 1128 877 γυναιξὶν,
1161 806 1249 859 ἵνα
1282 805 1376 858 καὶ
1407 803 1806 875 ήσυνεστίασις
1838 801 1975 871 πρὸς

394 902 734 972 κατόρθωσιν
750 918 880 955 πνευ
888 918 991 972 ματ
1003 897 1351 968 ικὴνιάπάγῃδ
1372 896 1629 967 κατορθοῖ
1643 897 1751 964 γὰρ
1766 896 1791 946 ὁ
1805 893 1976 956 οὕτως

393 997 720 1058 ἀνυπόπτως
777 991 1074 1045 συνεσθίων
1142 990 1358 1060 γυναιξὶ
1402 990 1463 1042 το
1513 986 1836 1054 δοξάζεσθαι
1884 984 1976 1038 τὸν

395 1088 550 1142 Θεόν.
578 1088 642 1140 Οί
679 1086 789 1156 γὰρ
810 1084 1045 1156 δρῶντες
1070 1083 1248 1135 αὐτῶν
1280 1082 1384 1148 ἔξω
1408 1080 1584 1150 πάσης
1614 1075 1976 1147 διατηροῦντα

397 1179 595 1233 ἑαυτὸν
624 1177 889 1248 ἀποψίας,
920 1172 1205 1243 δοξάζουσι
1227 1174 1317 1228 τὸν
1341 1175 1499 1237 Θεὸν,
1529 1173 1670 1226 κατὰ
1699 1171 1790 1224 τὸν
1815 1170 1976 1238 εὐαγ-

394 1271 611 1340 γελικὸν
632 1270 789 1337 λόγον
817 1270 908 1322 τὸν
928 1268 1176 1336 λέγοντα·
1201 1265 1505 1335 Λαμψάτω
1533 1265 1598 1319 τὸ
1628 1262 1757 1333 φῶς
1804 1260 1972 1331 ὑμῶν

393 1364 737 1434 ἔμπροσθεν
772 1361 892 1416 τῶν
921 1359 1269 1429 ἀνθρώπων,
1300 1359 1461 1424 ὅπως
1484 1357 1655 1411 ἴδωσι
1705 1356 1778 1409 τὰ
1821 1356 1979 1410 καλὰ

393 1456 538 1525 ἔργα
567 1453 734 1524 ὑμῶν
759 1453 859 1506 καὶ
902 1451 1213 1517 δοξάσωσι
1243 1450 1349 1504 τὸν
1379 1450 1612 1518 Πατέρα
1655 1447 1824 1516 ὑμῶν
1870 1446 1978 1501 τὸν

393 1550 463 1601 ἐν
488 1546 613 1613 τοῖς
632 1545 930 1615 οὐρανοῖς.
966 1546 1075 1598 Καὶ
1103 1544 1163 1597 ού
1202 1543 1362 1614 μόνον
1404 1543 1717 1613 ἀλλοτρίαις
1758 1540 1977 1609 γυναιξὶ

397 1639 699 1692 συνεσθίειν
728 1641 755 1691 ὁ
793 1638 1026 1707 μοναχδς
1071 1635 1103 1706 ἢ
1149 1637 1177 1688 ὁ
1224 1635 1523 1705 ίερωμένος
1556 1635 1650 1689 ἐπὶ
1696 1633 1975 1703 παρουσίᾳ

397 1732 563 1784 τινῶν
604 1729 854 1784 εύλαὸὦν
882 1730 1223 1793 ἁπαιτεῖται,
1256 1727 1393 1780 ἀλλὰ
1430 1726 1525 1779 καὶ
1550 1727 1640 1780 ὅτε
1676 1725 1972 1794 συγγενέσι

2078 527 2244 599 igitur
2276 526 2589 596 hujusmodi
2634 526 2779 579 inter
2825 526 3170 581 Christianos
3218 528 3329 581 sint
3357 566 3371 591 ,
3414 528 3613 595 corrigi
3650 543 3661 576 :

2078 619 2162 672 sin
2199 619 2404 681 minus,
2437 618 2787 688 antiquorum
2842 634 3112 671 canonum
3157 620 3578 672 constitutiones
3612 620 3663 671 in

2078 711 2207 779 ipsis
2240 711 2443 765 servari
2476 711 2668 779 placet.
2704 711 2770 764 Et
2807 712 2922 765 Inec
2952 711 3171 781 quidem
3211 714 3277 765 de
3308 712 3462 766 luicis
3484 728 3661 766 catum

2076 805 2285 858 statuit.
2324 802 2535 868 Quibus
2569 819 2719 868 vero,
2760 804 2935 872 inquit
2960 844 2972 865 ,
3006 807 3131 856 vitm
3180 822 3355 873 genus
3416 805 3665 873 quietum

2078 904 2131 948 et
2172 894 2505 958 solitarium,
2536 893 2666 963 quin
2698 904 2750 947 et
2782 895 2848 948 iis
2889 896 2979 963 qui
3032 895 3084 946 in
3150 912 3227 949 sat
3248 912 3364 949 rum
3414 897 3664 949 ordinem

2077 985 2310 1053 coeptati
2348 994 2496 1049 sunt,
2565 985 2819 1054 privatim
2871 987 3195 1041 mulieribus
3246 991 3499 1041 convesci
3554 1003 3664 1041 non

2079 1078 2228 1132 licet.
2261 1077 2317 1131 Id
2353 1094 2478 1132 vero
2519 1079 2563 1133 si
2593 1079 2925 1148 quandoque
2962 1081 3273 1134 necessario
3306 1080 3420 1144 ﬁat,
3452 1096 3664 1150 nequa—

2078 1184 2240 1236 quam
2276 1183 2398 1223 cunt
2435 1168 2656 1225 feminis
2700 1171 3052 1224 discumbere
3079 1210 3095 1236 ,
3154 1172 3259 1227 nisi
3298 1174 3666 1240 praesentibus
3708 1221 3712 1239 τ

2080 1261 2323 1317 honestis
2353 1263 2484 1316 viris
2516 1277 2578 1315 ac
2612 1263 2939 1318 mulieribus
2970 1301 2985 1326 ,
3051 1264 3379 1334 permissum
3441 1266 3555 1330 sit,
3606 1276 3665 1319 ut

2080 1352 2421 1421 Spiritualem
2455 1354 2694 1423 aliquem
2725 1356 2961 1409 fructum
3016 1357 3134 1425 ipsa
3190 1356 3278 1411 illa
3335 1358 3664 1411 convivendi

2080 1446 2314 1500 societas
2356 1446 2551 1515 pariat.
2580 1445 2842 1515 Quisquis
2871 1447 3017 1501 enim
3047 1448 3149 1501 hoc
3188 1459 3347 1517 pacto
3387 1450 3523 1503 citra
3566 1465 3662 1504 su-

2083 1539 2383 1607 spicionem
2410 1554 2532 1593 eum
2557 1540 2876 1595 mulieribus
2896 1542 3156 1605 vescitur,
3178 1552 3404 1597 caeteros
3435 1544 3500 1597 ad
3530 1560 3669 1612 prae-

2082 1629 2305 1683 conium
2334 1629 2532 1687 divinae
2567 1631 2745 1685 laudis
2772 1632 3023 1700 impellit.
3062 1632 3196 1686 Nam
3253 1635 3345 1703 qui
3387 1634 3455 1688 ab
3494 1649 3559 1689 eo
3599 1651 3668 1687 ne

2082 1721 2420 1776 tenuissima!
2442 1723 2660 1792 quidem
2687 1724 2983 1792 snspicioni
3019 1725 3197 1777 locum
3225 1727 3458 1794 relinqui
3487 1728 3667 1781 anim-

395 1818 611 1889 γυναιξὶ
663 1819 962 1873 συνεσθίει.
987 1816 1102 1870 -Ἐν
1134 1818 1193 1871 δὲ
1236 1819 1567 1888 ὁδοιπορίαις
1609 1818 1907 1888 ίερωμένος
1941 1816 1972 1888 ἢ

2079 1813 2434 1876 adverterint,
2472 1812 2639 1870 Deum
2676 1817 2930 1870 laudibus
2974 1814 3229 1881 efferunt,
3276 1830 3335 1871 ut
3386 1819 3439 1872 in
3486 1818 3664 1873 EVun-

398 1913 653 1983 μοναχδς,
685 1913 735 1965 εί
769 1912 845 1982 μὴ
874 1910 986 1980 ἔχοι
1016 1910 1149 1963 ὅπου
1179 1910 1582 1974 ἀναπαύσεται,
1614 1910 1771 1964 ἄδεια
1814 1908 1970 1965 ἔσται

2079 1906 2218 1974 gelio
2252 1910 2523 1975 scriptum
2554 1916 2663 1971 est,
2702 1908 2811 1963 illis
2850 1909 3034 1962 verbis
3067 1926 3081 1962 :
3115 1907 3204 1963 Sic
3248 1911 3422 1963 luceat
3460 1912 3555 1963 lux
3583 1929 3668 1966 re-

395 2001 546 2071 αύτῴ
575 2001 668 2054 καὶ
698 2002 756 2054 ἐν
784 1998 1088 2069 πανδοκείῳ
1115 2000 1208 2051 καὶ
1236 1998 1293 2051 ὲν
1317 1998 1450 2068 οἴκῳ
1482 1997 1629 2060 τινὸς
1660 1996 1970 2051 καταλῦσαι

2079 2009 2188 2052 stra
2221 2014 2402 2052 coram
2434 1999 2735 2053 hominibus
2781 1994 2943 2071 330
2971 2011 3026 2053 ut
3067 2003 3276 2057 videant
3307 2021 3465 2071 opera
3490 2014 3665 2059 vestra

395 2091 585 2162 χρείας
619 2089 1075 2159 κατεπειγούσης’
1121 2085 1263 2156 πλὴν
1317 2088 1480 2139 κάκεῖ
1524 2084 1643 2157 μετ’
1686 2085 1972 2151 εὐλαϐείας

2079 2088 2211 2141 bona
2241 2130 2254 2155 ,
2317 2099 2369 2143 et
2415 2088 2717 2159 gloriﬁcent
2765 2090 2977 2145 Putrem
3024 2102 3250 2146 vestrum
3283 2134 3298 2157 ,
3348 2095 3439 2162 qui
3492 2104 3571 2149 est
3610 2097 3665 2148 in

397 2180 649 2251 βούλεται
680 2182 707 2234 ὁ
733 2178 914 2233 κανὼν
951 2177 1049 2231 καὶ
1081 2175 1375 2246 σωφρόνως
1406 2177 1607 2241 αὐτοὺς
1640 2176 1739 2248 τὴν
1767 2176 1973 2246 διαγω-

2079 2181 2219 2235 coctis
2248 2182 2315 2237 ".
2350 2180 2541 2252 Neque
2575 2183 2750 2236 solum
2784 2183 3229 2254 quandocunque
3279 2186 3662 2252 eum_alienis,

393 2271 497 2343 γὴν
532 2273 827 2327 ποιεῖσθαι.

2079 2272 2175 2327 sed
2204 2273 2368 2326 etiam
2392 2275 2438 2327 si
2469 2290 2595 2328 cum
2645 2276 3054 2344 propinquitate
3090 2276 3298 2345 junctis
3344 2278 3664 2335 mulieribus

398 2366 649 2420 monachi
677 2376 769 2420 aut
791 2366 1182 2421 sacrisinitiati
1213 2364 1397 2421 cibum
1423 2363 1665 2434 capiant,
1723 2362 1991 2419 modestia
2019 2372 2300 2433 spectatos
2332 2366 2581 2422 homines
2605 2367 2854 2424 adhiberi
2883 2369 2985 2423 hoc
3016 2383 3229 2423 canone
3251 2379 3513 2426 statutum
3547 2382 3655 2429 est.

395 2453 453 2510 In
498 2458 693 2512 itinere
731 2465 937 2522 tamen.
970 2458 1061 2512 uhi
1110 2456 1247 2512 alius
1305 2456 1680 2512 commorandi
1734 2455 1890 2512 locus
1936 2472 2045 2512 non
2087 2469 2358 2529 suppetat,
2392 2469 2611 2517 sacrato
2645 2462 2849 2516 homini
2882 2472 2975 2517 aut
3003 2466 3276 2520 monacho
3320 2467 3543 2537 impune
3592 2466 3659 2519 ad

396 2566 696 2621 cauponam
720 2552 1006 2614 divertere,
1032 2561 1123 2608 aut
1146 2554 1202 2608 iu
1227 2552 1452 2609 alterius
1473 2551 1781 2620 cujuspiam
1806 2551 1972 2607 domo
2015 2554 2244 2611 instanti
2278 2557 2599 2613 necessitati
2630 2558 2949 2614 satisfacere
2980 2574 3307 2615 concessum
3378 2564 3451 2617 sit
3482 2582 3495 2618 :

399 2646 452 2698 in
491 2645 557 2699 iis
587 2659 805 2714 quoque
837 2644 971 2700 locis
1006 2645 1285 2713 religionis
1316 2643 1679 2699 nihilominus
1726 2658 1795 2698 ac
1826 2648 2203 2713 temperantiae
2239 2649 2507 2703 rationem
2543 2648 2613 2703 ab
2643 2649 2753 2704 illis
2807 2663 2985 2705 canon
3020 2652 3208 2707 haberi
3241 2653 3413 2723 jubet.

397 2737 623 2791 ΑΡΙΣΤ.
674 2753 694 2787 ι
724 2736 961 2799 Λαῖκοὺς
995 2737 1093 2806 μὲν
1128 2736 1327 2807 ἄνδρας
1386 2734 1691 2788 συνεσθίειν
1725 2734 1975 2802 γυναιξὶν

2085 2736 2317 2795 AlllST.
2359 2758 2378 2791 ι
2433 2738 2634 2794 Laicos
2682 2740 2901 2809 quidem
2957 2742 3106 2797 viros
3156 2758 3280 2797 cum
3346 2746 3667 2802 mulieribus

3567 2564 3660 2619 sed

477 2846 494 2879 ι
540 2827 884 2897 ἀδιάϐλητον·
911 2829 1267 2899 μονοτρόποις
1292 2827 1349 2880 δὲ
1366 2827 1468 2879 οὐκ
1487 2825 1669 2889 ἔξεστι
1688 2827 1810 2879 κατ’
1836 2824 1974 2879 ἰδίαν

474 2938 492 2970 ι
543 2919 763 2986 γυναιξὶ
799 2918 1126 2984 συνεσθίειν,
1159 2920 1207 2971 εἰ
1250 2919 1458 2988 μήπου
1506 2917 1649 2987 μετά
1698 2917 1976 2985 θεοφόδων

481 3030 499 3063 ι
548 3012 643 3065 καὶ
681 3012 926 3067 εύλασῶν
954 3011 1165 3082 ἀνδρῶν
1190 3028 1251 3064 τε
1289 3011 1702 3079 καὶγυναικῶν.
1743 3011 1832 3065 Ἐν
1872 3009 1977 3080 ὀδῷ

477 3123 496 3156 ι
542 3104 597 3156 δὲ
635 3104 867 3175 μοναχὸς
899 3103 931 3173 ἢ
973 3104 1244 3174 ίερατικὸς
1271 3102 1432 3174 ἀνὴρ,
1469 3103 1545 3174 μὴ
1575 3102 1974 3174 ἐπιφερόμενος
2009 3156 2051 3213 c

480 3215 499 3248 ι
547 3197 615 3251 τὰ
648 3197 945 3265 ἀναγκαῖα,
980 3198 1037 3250 ὲν
1071 3195 1377 3268 πανδοκείῳ
1410 3195 1799 3251 καταλύσουσι.
1850 3214 1870 3248 ι

474 3464 549 3520 Τὸ
584 3462 684 3536 μὲν
721 3465 840 3535 μετ’
873 3465 1227 3537 εὐχαριστίας
1272 3468 1367 3522 καὶ
1402 3467 1572 3536 φόϐου
1604 3465 1765 3533 Θεοῦ,
1790 3465 1866 3537 μὴ
1892 3465 1983 3519 διά

400 3571 566 3610 τινων
598 3556 907 3627 θυμελικῶν
949 3558 1044 3611 καὶ
1080 3556 1399 3611 σατανικῶν
1424 3557 1713 3628 ᾀσμάτων,
1760 3555 1983 3618 λαῖκοὺς

402 3648 602 3719 ἄνδρας
625 3648 844 3717 γυναιξὶ
876 3649 1179 3702 συνεσθίειν
1200 3649 1310 3703 τῶν
1333 3648 1680 3718 ἀδιασλήτων
1705 3647 1842 3701 ἐστί’
1866 3649 1983 3709 τοῖς

403 3742 500 3793 καὶ
528 3738 642 3810 βίον
682 3740 907 3810 ἡσύχιον
956 3740 1161 3810 ἔχουσι,
1199 3741 1295 3796 καὶ
1326 3740 1698 3811 μονοτρόπως,
1741 3739 1818 3802 ὡς
1853 3756 1981 3792 συν-

404 3829 733 3901 ταξαμένοις
769 3830 889 3900 Θεῷ
939 3833 1033 3884 καὶ
1068 3831 1385 3902 καταμόνας
1420 3831 1669 3892 καθίσαι.
1702 3831 1799 3884 καί
1854 3846 1985 3883 σιω-

405 3920 600 3991 πῆσαι,
630 3922 751 3974 κατ’
772 3921 909 3975 ἰδίαν
931 3923 1066 3985 ὅλως
1089 3923 1188 3976 οὐκ
1212 3922 1392 3987 ἔξεστι
1418 3922 1633 3992 γυναιξὶ
1660 3919 1980 3985 συνεσθίειν,

403 4015 455 4066 εί
488 4016 564 4084 μή
601 4031 704 4067 που
741 4014 884 4084 μετά
913 4032 1077 4069 τινων
1104 4013 1384 4083 θεοφόϐων
1416 4014 1627 4086 ἀνδρῶν
1659 4031 1723 4068 τε
1756 4016 1853 4068 καὶ
1881 4030 1981 4081 γυ-

403 4106 608 4159 ναικῶν
643 4107 1067 4177 συνεστιαθῆναι
1117 4106 1461 4177 θελήσουσιν·
1516 4108 1604 4160 ἵνα
1639 4108 1736 4162 καὶ
1777 4106 1917 4179 αὐτὴ
1948 4108 1982 4178 ἡ

422 4197 762 4261 συνεστίασις
790 4198 926 4269 πρὸς
957 4199 1300 4271 κατόρθωσιν
1322 4199 1704 4271 πνευματικὴν
1730 4197 1982 4269 γένηται.

434 4287 521 4340 Ἐν
562 4287 666 4359 ὁδῷ
692 4287 770 4354 δὲ,
798 4289 847 4363 ει
878 4288 948 4342 τὰ
974 4290 1247 4359 ἀναγκαῖα
1278 4290 1381 4345 οὐκ
1412 4290 1792 4361 ἐπιφέρονται,
1827 4290 1984 4346 ἄδεια

405 4375 611 4431 δίδοται
642 4379 737 4430 καὶ
768 4378 990 4451 μοναχῷ
1019 4381 1113 4434 καὶ
1138 4381 1402 4452 ἱερατικῷ
1426 4381 1586 4453 ἀνδρὶ
1600 4382 1659 4435 ὲν
1682 4380 1986 4452 πανδοκείῳ

405 4470 523 4524 εἴτε
568 4473 663 4525 καὶ
693 4474 751 4528 ὲν
784 4474 920 4543 οτκῳ
956 4475 1250 4532 καταλύειν
1282 4477 1374 4533 διὰ
1407 4477 1504 4550 τὴν
1544 4476 1986 4547 κατεπείγουσαν

400 4561 619 4634 χρείαν.

478 4738 531 4773 ’δ
553 4740 745 4800 Matth.
782 4760 837 4812 v,
872 4743 960 4800 16.

668 5828 941 5887 ΡΑτιιοι..
971 5828 1085 5888 Gn.
1130 5826 1478 5891 CXXXVII.

2159 2848 2178 2880 ι
2219 2830 2473 2886 convesci
2507 2841 2589 2887 est
2630 2831 2697 2885 ab
2730 2831 2878 2887 omni
2910 2832 3334 2902 reprehensione
3369 2835 3607 2890 alienum
3644 2855 3659 2892 :

2157 2942 2175 2974 ι
2216 2924 2481 2979 solitariis
2506 2933 2688 2980 autem
2728 2925 2862 2980 viris
2898 2939 3022 2978 cum
3057 2927 3378 2982 mulieribus
3410 2928 3664 2996 privatim

2159 3031 2179 3065 ι
2223 3015 2504 3069 convivari
2533 3030 2642 3085 non
2682 3016 2809 3070 licet
2839 3032 2853 3081 ;
2886 3016 2990 3071 nisi
3021 3016 3249 3072 forsitan
3282 3035 3389 3073 una
3413 3036 3536 3075 cum
3569 3023 3664 3077 Dei

2162 3124 2181 3158 ι
2219 3108 2537 3165 timentibus
2566 3116 2622 3162 et
2655 3108 2927 3179 religiosis
2953 3110 3088 3165 viris
3117 3117 3172 3165 et
3224 3112 3571 3169 mulieribus.
3609 3115 3664 3168 In

2162 3216 2181 3250 ι
2222 3200 2417 3256 itinere
2449 3207 2632 3255 autem
2673 3202 2978 3258 monachus
3011 3203 3090 3257 vel
3123 3210 3179 3257 et
3210 3206 3384 3260 sacris
3421 3206 3667 3262 initiatus

2161 3307 2181 3340 ι
2227 3288 2333 3355 vir,
2369 3303 2557 3344 secum
2585 3290 2899 3346 necessaria
2936 3306 3045 3346 non
3086 3292 3342 3360 all‘erens,
3367 3293 3423 3348 in
3490 3295 3668 3363 publi-

2161 3399 2181 3432 ι
2220 3396 2347 3435 eum
2379 3380 2748 3438 diversorium
2773 3382 3031 3438 divertat.
3067 3401 3087 3434 ι

2153 3471 2292 3528 Cum
2323 3473 2626 3544 gratiarum
2653 3475 2873 3542 quidem
2908 3476 3127 3531 actione
3171 3484 3226 3531 et
3270 3475 3365 3533 Dei
3424 3478 3619 3534 timore
3646 3519 3663 3545 ,

2084 3581 2194 3621 non
2229 3568 2465 3624 scenicis
2511 3569 2787 3639 aliquibus
2816 3576 2870 3624 et
2903 3570 3165 3626 satanieis
3243 3572 3474 3627 canticis
3504 3613 3520 3639 ,
3570 3573 3668 3631 lai—

2083 3674 2181 3714 eos
2210 3659 2358 3714 viros
2412 3675 2539 3714 cum
2598 3660 2924 3715 mulieribus
2982 3662 3279 3726 eonvesci.
3340 3663 3665 3732 reprehendi

2086 3749 2296 3818 nequit.
2332 3750 2423 3805 Eis
2454 3759 2658 3815 autem,
2685 3751 2781 3820 qui
2817 3752 2980 3805 vitam
3008 3753 3248 3820 quietam
3278 3761 3334 3808 et
3360 3756 3665 3809 solitariam

2084 3841 2393 3910 elegerunt,
2424 3850 2484 3897 ut
2514 3842 2609 3913 qui
2635 3842 2744 3897 Deo
2768 3843 3180 3912 spoponderunt
3209 3844 3456 3901 solitarie
3478 3850 3667 3901 sedere

2086 3935 2140 3981 et
2165 3927 2349 3993 silere,
2385 3944 2495 3982 non
2528 3930 2754 3984 omnino
2792 3931 2921 3987 licet
2947 3946 3072 3987 cum
3103 3931 3428 3989 mulieribus
3480 3939 3666 4005 priva-

2084 4018 2182 4071 tim
2212 4019 2501 4074 comedere
2532 4036 2547 4074 :
2583 4019 2690 4075 nisi
2725 4019 2868 4076 forte
2927 4036 3052 4075 cum
3099 4021 3374 4092 religiosis
3429 4027 3662 4094 quibus-

2086 4109 2212 4164 dam
2254 4111 2394 4165 viris
2419 4121 2513 4165 aut
2547 4112 2876 4168 mulieribus
2902 4114 3181 4168 convivari
3227 4114 3391 4170 velint
3423 4131 3439 4182 ;
3503 4125 3562 4172 ut
3611 4128 3669 4173 et

2087 4202 2267 4271 ipsum
2301 4202 2468 4256 etiam
2505 4203 2820 4258 convivium
2856 4204 2924 4257 ad
2981 4203 3322 4274 spiritualem
3363 4208 3669 4263 correctio-

2086 4307 2211 4346 nem
2245 4293 2453 4349 tendat.
2483 4293 2540 4348 In
2575 4293 2773 4350 itinere
2810 4304 2992 4349 autem
3022 4334 3040 4359 ,
3093 4296 3141 4350 si
3190 4301 3502 4353 necessaria
3556 4314 3665 4354 non
3708 4302 3709 4305 “

2088 4383 2418 4450 aﬂeruntur,
2448 4385 2575 4441 licet
2604 4386 2878 4440 monacho
2936 4395 3032 4441 aut
3072 4387 3282 4445 homini
3335 4391 3665 4445 sacerdotali

2090 4475 2147 4529 in
2188 4474 2468 4545 publicum
2499 4473 2889 4539 diversorium,
2922 4475 3008 4530 vel
3052 4474 3113 4530 in
3162 4476 3400 4548 alicujus
3438 4477 3664 4533 domum

2006 4579 2063 4640 ι)
2091 4567 2363 4624 divertere
2397 4575 2625 4640 propter
2650 4575 2937 4637 urgentem
2972 4566 3147 4638 ipsius
3180 4568 3589 4627 necessitatem.

3191 5843 3269 5904 32
