4056 6416
487 323 624 389 1009

1673 320 1745 377 IN
1774 317 1938 377 (IAN.
1988 315 2012 374 Ι
2049 314 2260 375 ϐῡΝιῖ.
2305 315 2513 374 CPOL.

3590 304 3725 368 1010

479 436 798 492 ἐπισκόπων
849 435 1289 506 χειροτονεῖσθαι.
1341 431 1451 486 Καὶ
1496 435 1555 486 τὸ
1586 429 1629 495 ζ’
1666 449 1792 499 κειρ.
1849 428 1945 484 τοῦ
2003 424 2053 496 γ’

2177 435 2266 490 ine
2325 434 2443 488 haec
2501 446 2754 502 expresse
2827 427 3092 483 decernit.
3159 421 3421 491 Regionis
3489 419 3732 490 episcopi

480 529 665 583 τίτλου
738 527 832 581 τοῦ
885 526 928 580 ε’
985 526 1194 595 βιϐλίου
1237 524 1536 593 διορίζεται
1594 523 1725 592 περὶ
1776 523 1838 574 τὸ
1894 521 2048 582 τέλος

393 645 397 648 ’
482 621 654 674 ταῦτα
687 620 864 690 ῥητῶς
891 635 903 649 ·
933 617 1056 671 Τῶν
1088 618 1225 669 κατᾶ
1254 617 1418 668 τόπον
1444 615 1760 668 ἐπισκόπων
1785 615 2058 666 ἐποπτευ-

481 712 679 774 όντων,
721 713 771 764 ει
800 709 981 772 καλῶς
1015 711 1048 778 ἡ
1079 709 1347 780 διοίκησις
1377 707 1665 778 προόαίνει
1688 723 1703 738 ·
1754 707 1847 760 καὶ
1895 707 1944 757 εἰ
1971 704 2062 756 εὕ-

485 821 620 873 ρωσι
653 803 728 872 μὴ
772 793 1075 872 χρησίμους
1129 800 1288 862 ὄντας
1328 800 1454 858 τοὺς
1510 800 1811 866 διοικητὰς,
1873 797 2060 852 ἄδειαν

485 895 716 963 ἑχόντων
751 893 879 947 ἄνευ
911 891 1116 961 ζημίας
1171 892 1364 954 ἄλλους
1433 891 1554 944 ἀντὶ
1614 889 1820 942 τούτων
1868 891 2060 956 ἐπιτη-

483 985 657 1046 δείους
687 987 882 1039 ποιεῖν.
920 985 1084 1036 Ὠττε
1149 984 1250 1037 κᾶν
1313 985 1460 1046 ὅπως
1512 982 1943 1052 ἐπιστηριχθῶσι
1993 981 2063 1033 τά

487 1077 824 1144 παρανόμως
865 1079 897 1148 ἢ
942 1078 1316 1138 ἀκανονίστως
1344 1078 1456 1138 τοῖς
1511 1076 1758 1134 τυπικοῖς
1807 1073 2061 1142 περιεχό-

489 1183 647 1234 μενα,
683 1167 744 1218 ού
798 1168 1186 1237 κρατήσουσιν.
1228 1164 1351 1217 Ἔτι
1391 1165 1656 1233 ἐρωτήσει
1709 1180 1818 1226 τις,
1870 1163 1917 1214 εί
1955 1163 2063 1232 ἄρα

485 1259 593 1311 ἀπὸ
625 1258 718 1310 τοῦ
745 1258 1074 1326 διορίζεσθαι
1101 1261 1193 1310 τὸν
1219 1258 1420 1310 κανόνα
1455 1255 1598 1326 ἔχειν
1628 1255 1720 1307 τὸν
1764 1253 2063 1308 ἐπίσκοπον

485 1350 712 1402 τοιαῦτα
745 1350 930 1404 δίκαια
969 1352 1026 1401 ἐν
1077 1350 1154 1419 τῷ
1205 1349 1473 1402 κτισθέντι
1529 1347 1679 1417 παρά
1701 1365 1843 1409 τινος
1898 1363 2064 1412 μονα·

491 1445 700 1514 στηρίῳ
747 1445 826 1506 εἰς
867 1443 966 1512 τὴν
995 1443 1210 1512 ἐνορίαν
1266 1440 1454 1507 αὐτοῦ,
1512 1441 1605 1494 καὶ
1634 1439 1952 1494 ἀποκεῖσθαι
2005 1439 2064 1489 ἐν

492 1537 606 1595 τοῖς
640 1536 885 1604 ἀρχείοις
907 1536 1006 1605 τῆς
1036 1535 1343 1602 ἐπισκοπῆς
1377 1535 1438 1586 τὸ
1469 1532 1686 1602 βρέὸιον
1725 1535 1936 1593 τούτου,
1969 1533 2058 1582 ἐκ·

489 1629 750 1698 χωρεῖται
787 1628 938 1698 αύτῷ
974 1626 1370 1698 παραπέμπειν
1397 1624 1552 1678 τοῦτο
1591 1625 1720 1676 ἔνθα
1779 1623 2056 1692 βούλεται,

490 1721 587 1773 καὶ
620 1719 809 1782 ἁπλῶς
839 1717 1196 1789 κυριαρχικὸν
1220 1717 1429 1771 δίκαιον
1459 1717 1602 1785 ἔχειν
1645 1717 1732 1768 ἐπ’
1760 1716 1929 1783 αὐτῷ.
1954 1716 2062 1768 Νο-

497 1813 643 1882 μίζω
672 1812 768 1866 οὖν
793 1811 866 1875 ὡς
895 1813 962 1864 ἐκ
985 1811 1080 1864 τοῦ
1113 1812 1337 1874 κανόνος
1365 1810 1554 1864 τούτου
1591 1811 1690 1863 οὐκ
1728 1809 1944 1878 ἐνεδόθη
1985 1809 2064 1876 τῷ

490 1905 777 1975 ἐπισκόπῳ
822 1903 1267 1970 κατεξουσιάζειν
1309 1903 1404 1955 τοῦ
1451 1901 1840 1972 μοναστηρῐου,
1867 1899 1944 1962 ὡς
1974 1900 2066 1952 δε-

497 1998 773 2060 σποτικῶς
801 1996 1146 2066 διαφέροντος
1176 1998 1242 2066 τῆ
1270 1994 1536 2065 ἐκκλησίᾳ
1563 1993 1750 2046 αὐτοῦ·
1776 1991 1890 2045 ἀλλ’
1917 1992 2064 2061 ἔχειν

496 2090 633 2160 μόνα
667 2091 854 2144 δίκαια
886 2087 1220 2142 ἐπισκοπικὰ
1249 2087 1339 2138 ἐπ’
1379 2084 1550 2154 αὐτῷ.
1604 2083 1727 2138 Εἰσὶ
1765 2084 1820 2136 δὲ
1869 2081 2063 2147 ταῦτα,

491 2184 778 2252 ἀνάκρισις
807 2183 914 2236 τῶν
941 2181 1190 2251 ψυχικῶν
1219 2177 1570 2247 σφαλμάτων.
1604 2179 1926 2246 ἐπετήρησις
1957 2192 2066 2228 των

491 2272 838 2326 διοικούντων
890 2271 1045 2334 αὐτὸ,
1099 2269 1342 2341 ἀναφορὰ
1391 2270 1485 2322 τοῦ
1536 2269 1801 2335 ὀνόματος
1853 2268 2064 2332 τούτου,

496 2364 590 2418 καὶ
616 2365 854 2434 σφραγὶς
898 2364 993 2416 τοῦ
1036 2363 1366 2432 ἡγουμένου.
1407 2360 1884 2430 Συντηρηθήσεται
1913 2355 2005 2412 οὖν
2031 2361 2064 2428 ὴ

499 2457 636 2526 μονὴ
669 2456 931 2526 ἐλευθέρα
956 2455 1052 2508 καὶ
1079 2453 1200 2507 καθ’
1235 2453 1435 2523 ἐαυτὴν
1477 2451 1865 2519 διεξαγομένη,
1905 2451 2068 2502 ἀνεκ-

496 2550 718 2617 ποίητος
745 2549 836 2600 καὶ
874 2546 1174 2616 ἁδώρητος.
1216 2546 1275 2598 'O
1308 2544 1364 2598 δὲ
1392 2543 1532 2597 κατὰ
1560 2541 1745 2613 χώραν
1778 2541 2069 2612 ἀρχιερεὺς

494 2641 607 2707 ἕξει
636 2643 724 2695 ἐπ’
756 2641 894 2711 αὐτῇ
931 2640 1070 2710 μόνα
1095 2638 1162 2692 τὰ
1193 2637 1425 2706 ρηθέντα
1473 2632 1808 2688 ἐπισκοπικὶι
1847 2632 2055 2685 δίκαια.

497 2736 608 2788 Καὶ
633 2734 743 2786 ἀπὸ
771 2733 867 2803 μὲν
909 2733 1002 2785 τοῦ
1040 2731 1306 2800 παρόντος
1355 2729 1577 2790 κανόνος
1625 2727 1721 2780 καὶ
1756 2726 1816 2789 ἐξ
1861 2725 1974 2792 ἑτέ(
1993 2741 2071 2776 ων

493 2826 771 2894 διαφόρων
801 2827 982 2895 νόμων
1009 2826 1103 2877 καὶ
1141 2824 1381 2878 κανόνων
1419 2819 1736 2890 ἐξεχωρήθη
1774 2818 1925 2888 παρὰ
1974 2817 2069 2870 τοῦ

498 2919 829 2988 βουλομένου
886 2917 1266 2986 ἀνεγείρεσθαι
1327 2915 1690 2984 μοναστήριον
1746 2913 1810 2963 ἐκ
1848 2911 2066 2976 καινῆς,

496 3013 636 3065 κατὰ
665 3010 766 3080 τὴν
815 3009 1097 3078 παροῦσαν
1145 3007 1505 3076 θεσμοθεσίαν
1529 3022 1543 3036 ·
1595 3007 1628 3074 ὴ
1655 3005 1714 3057 δὲ
1753 3003 1940 3072 Νεαρᾶ
1970 3002 2068 3056 τοῦ

2163 528 2482 588 observent,
2570 540 2636 577 an
2705 529 2850 577 recte
2931 516 3340 573 administratio
3423 510 3736 580 procedat;

2163 630 2217 674 et
2286 621 2330 673 si
2392 618 2701 671 invenerint
2767 629 2875 666 non
2942 625 3064 666 esse
3124 608 3263 670 frugi
3328 605 3741 658 administrato-

2165 729 2276 772 rcs,
2331 719 2649 780 potestatem
2719 707 2955 759 habeant
2999 703 3133 757 citra
3206 699 3375 755 ullum
3437 697 3740 750 detrimen—

2165 817 2278 860 tum
2335 805 2472 856 alios
2522 817 2617 871 pro
2660 801 2726 854 iis
2758 810 2918 868 aptos
2968 805 3016 850 et
3051 794 3294 848 'idoneos
3340 784 3735 842 constituendi.

2165 899 2346 964 Quare
2416 893 2918 962 qnomodocunque
2979 887 3302 941 confirmata
3373 892 3427 936 et
3475 877 3739 933 corrobo-

2165 1000 2282 1046 rata
2344 989 2589 1050 fuerint,
2638 1003 2756 1056 qum
2793 983 3016 1040 statutis
3074 980 3335 1033 adversus
3391 989 3632 1027 canones
3683 978 3739 1022 et

2167 1085 2316 1147 leges
2348 1082 2724 1140 continentur,
2768 1093 2876 1131 non
2908 1075 3194 1130 Valchunt.
3241 1070 3512 1123 Prmtcrea
3562 1065 3735 1117 inter-

2167 1174 2435 1241 rogaverit
2500 1169 2791 1238 quispiam,
2864 1183 2931 1220 an
2997 1181 3060 1218 ex
3121 1179 3208 1220 eo.
3272 1159 3415 1223 quod
3481 1158 3739 1209 decernat

2165 1282 2339 1321 canon
2372 1264 2687 1331 episcopum
2751 1276 2812 1313 ea
2883 1258 3084 1311 habere
3135 1254 3260 1322 jura
3321 1253 3372 1302 in
3407 1245 3741 1303 monasterio

2164 1357 2322 1428 333
2351 1356 2420 1409 ab
2461 1354 2641 1422 aliquo
2688 1353 2740 1405 in
2793 1366 2889 1404 sua
2947 1344 3169 1401 diceresi
3219 1342 3484 1396 :editicato
3515 1377 3531 1401 ,
3586 1347 3636 1391 et
3687 1337 3739 1388 in

2164 1450 2415 1520 archivis.
2435 1448 2782 1515 episcopatus
2805 1443 2974 1496 Breve
3001 1441 3166 1508 hujus
3196 1453 3318 1492 esse
3346 1433 3741 1501 reponendum,

2167 1542 2269 1610 ipsi
2306 1540 2650 1609 permittatur
2688 1536 2754 1589 ad
2822 1548 3205 1600 quemcunque
3247 1529 3375 1583 velit
3400 1525 3530 1579 illud
3567 1533 3746 1576 trans-

2168 1631 2403 1693 mittere,
2429 1639 2503 1692 et,
2541 1637 2598 1680 ιιι
2629 1626 2793 1679 semel
2824 1626 3022 1684 dicant,
3053 1623 3143 1690 jus
3175 1617 3402 1672 dominii
3439 1616 3491 1668 in
3529 1629 3594 1668 eo
3647 1611 3747 1663 oh-

2167 1723 2360 1777 tinere.
2393 1721 2656 1776 Existimo
2683 1733 2836 1786 ergo,
2869 1717 3011 1785 quod
3046 1730 3108 1767 ex
3151 1713 3256 1766 hoc
3286 1723 3499 1762 canone
3521 1721 3629 1759 non
3661 1711 3748 1757 est

2173 1812 2428 1880 episcOpo
2459 1823 2806 1865 concessum.
2831 1812 3151 1871 potestatem
3185 1801 3238 1854 in
3268 1799 3318 1852 id
3349 1792 3745 1852 monasterium

2172 1905 2419 1959 obtinere
2441 1941 2455 1966 ,
2501 1908 2756 1967 tanquam
2791 1896 2857 1949 ad
2887 1895 3008 1966 ejus
3039 1893 3328 1949 ecclesiam
3365 1889 3490 1956 jure
3515 1882 3746 1938 dominii

2173 1995 2482 2064 pertineat:
2509 1991 2605 2046 sed
2639 1990 2803 2044 habet
2832 1990 2886 2042 in
2908 2003 2972 2042 eo
2997 1993 3205 2040 tantum
3235 1984 3358 2054 jura
3392 1973 3744 2047 episcopaiia.

2174 2087 2250 2143 Ea
2286 2095 2464 2140 autem
2501 2094 2650 2148 sunt,
2680 2082 3001 2138 delictorum
3034 2078 3230 2130 anima:
3259 2069 3611 2131 examinatio,
3640 2066 3746 2121 ob-

2174 2178 2410 2235 servatio
2436 2190 2624 2231 eorum
2653 2172 2745 2242 qui
2776 2172 2867 2226 illa
2900 2168 3288 2224 administrant
3315 2202 3331 2226 ,
3363 2161 3482 2230 ejus
3509 2156 3748 2212 nominis

2177 2267 2367 2324 relatio
2408 2277 2462 2322 et
2511 2265 2748 2336 prafecti
2802 2261 3095 2317 ordinatio.
3140 2253 3565 2312 Conservabitur
3617 2265 3747 2318 ergo

2177 2360 2565 2416 monasterium
2605 2358 2837 2414 liberum
2893 2363 2946 2410 et
3003 2369 3098 2424 per
3151 2367 3211 2408 se
3261 2346 3748 2403 administratum.

2175 2470 2284 2508 non
2314 2449 2600 2507 alienabilc
2631 2463 2732 2505 nec
2761 2447 3036 2503 donabile.
3069 2443 3220 2499 Illius
3267 2449 3444 2495 autem
3484 2435 3749 2506 regionis.

2177 2548 2230 2600 in
2259 2561 2366 2612 qua
2407 2544 2570 2599 situm
2607 2550 2712 2602 est,
2750 2540 2981 2594 antistes
3005 2537 3151 2592 dicta
3186 2535 3362 2590 solum
3386 2532 3509 2601 jura
3534 2527 3748 2596 episco-

2177 2637 2318 2708 palia
2345 2638 2396 2690 in
2423 2653 2489 2692 eo
2522 2634 2742 2691 habebit
2775 2651 2788 2687 ι
2821 2644 2873 2686 et
2901 2648 2928 2684 a
2970 2629 3219 2700 praesenti
3253 2627 3472 2696 quidem
3516 2639 3750 2683 canone,

2175 2739 2232 2786 et
2263 2730 2331 2784 ab
2356 2728 2483 2784 aliis
2503 2727 2737 2782 diversis
2767 2725 2974 2794 legibus
3000 2730 3055 2776 et
3085 2719 3390 2774 canonibus
3426 2731 3752 2773 concessum

2177 2829 2280 2884 est.
2311 2829 2391 2884 ut,
2425 2821 2518 2889 qui
2541 2819 2724 2882 vellet.
2754 2814 3083 2870 monasteria
3121 2828 3257 2867 nova
3290 2816 3620 2872 exstrueret,
3656 2807 3753 2858 ob-

2179 2916 2410 2970 servatis
2444 2915 2546 2966 ritu
2595 2921 2648 2965 et
2695 2912 2866 2964 forma
2896 2908 2983 2962 hic
3007 2905 3362 2975 prtescriptis.
3397 2904 3532 2969 Imp.
3574 2908 3753 2952 autem

2179 3005 2384 3058 domini
2415 3003 2703 3070 Nicephori
2729 3003 2924 3056 Phocte
2952 2996 3170 3052 Novella
3197 2996 3461 3057 decernit,
3491 3008 3597 3045 non
3632 3005 3756 3042 esse

498 3104 768 3173 βασιλέως
799 3102 968 3173 κυροῦ
991 3101 1312 3171 Νικηφόρον
1348 3099 1461 3168 (46)
1494 3098 1588 3151 τοῦ
1631 3099 1795 3150 Φωκᾶ
1845 3096 2070 3164 διορίζε-

2180 3099 2248 3153 de
2281 3111 2424 3150 novo
2453 3093 2818 3149 construenda
2845 3088 3172 3144 monasteria
3203 3126 3218 3149 ,
3248 3085 3330 3139 vel
3367 3080 3706 3138 xenodochia
3739 3119 3754 3141 ,

497 3215 585 3250 ται
620 3197 693 3266 μὴ
739 3193 1254 3256 κατασκευάζεσθαι
1304 3192 1498 3245 νεωστὶ
1536 3189 1956 3259 μοναστήρια,ἢ
1991 3190 2076 3252 ξε-

497 3289 694 3350 νῶνας,
729 3287 762 3358 ἢ
798 3287 1163 3354 γηροκομεῖα,
1187 3286 1218 3354 ἦ
1241 3283 1436 3348 ἄλλους
1463 3284 1680 3350 εὐαγεῖς
1706 3283 1910 3346 οἴκους,
1941 3280 2077 3334 ἀλλὰ

497 3381 605 3435 τῶν
630 3381 917 3449 παρόντων
945 3377 1325 3448 ἐπιμελεῖσθαι
1347 3395 1360 3408 ·
1387 3377 1482 3430 καὶ
1513 3375 1840 3446 προστίθησι
1864 3373 1990 3444 περὶ
2013 3371 2075 3424 τὸ

496 3475 648 3537 τέλος
678 3472 852 3526 ταῦτα
882 3471 1084 3542 ῥητῶςο
1119 3471 1282 3525 Ὥστε
1304 3470 1412 3526 ἀπὸ
1442 3469 1536 3526 τοῦ
1559 3467 1674 3531 νῦν,
1700 3469 1837 3538 ὅπερ
1867 3468 2013 3522 ἐστιν
2041 3466 2074 3539 ἡ

497 3565 763 3637 ἀρχὴτῆς
795 3565 1030 3634 ἑϐδόμης
1077 3564 1426 3626 ίνδικτιῶνος,
1493 3563 1684 3632 μηδενὶ
1736 3561 1938 3626 ἐξέστω
1999 3560 2075 3629 μὴ

497 3658 720 3721 τόπους,
757 3656 832 3727 μὴ
859 3656 1066 3726 ἀγροὺς
1102 3655 1487 3722 μοναστηρίοις
1516 3653 1548 3722 ἢ
1572 3651 1802 3717 ξενῶσιν
1827 3651 2076 3704 ὁπωσοῦν

501 3749 948 3818 παραπέμπειν*
1002 3745 1114 3798 ἀλλ’
1148 3745 1269 3797 ούδέ
1317 3743 1720 3814 μητροπόλεσιν
1769 3743 1802 3811 ἢ
1851 3743 2077 3794 ἐπισκο⁶

502 3843 631 3904 παῖς
654 3857 668 3872 ο
698 3841 850 3894 οὐδὲν
879 3839 988 3910 γάρ
1019 3839 1144 3892 οὗδέ
1189 3839 1248 3890 ἐν
1279 3837 1518 3899 ἐκείναις
1564 3836 1860 3896 λυσιτελές.
1907 3836 1969 3888 Εἰ
2019 3835 2076 3887 δέ

500 3951 623 3987 τινα
660 3934 772 3986 τῶν
832 3933 1157 4002 φθασάντων
1182 3931 1395 3997 εύαγῶν
1424 3931 1608 3994 οἴκων,
1659 3929 1767 3982 εἴτε
1811 3929 1919 3999 μὴν
1952 3930 2072 3981 ἐπι-

505 4025 726 4078 σκοπῶν
793 4025 826 4090 ἣ
871 4023 1269 4095 μοναστηρίων,
1324 4021 1580 4088 τοιαύτης
1620 4020 1828 4090 φαύλης
1887 4019 2075 4087 ἔτυχον

503 4115 686 4186 χειρὸς
706 4113 802 4168 καὶ
823 4114 1100 4185 προνοίας,
1131 4115 1204 4176 ὡς
1228 4113 1410 4186 ἔρημα
1427 4113 1606 4165 τόπων
1626 4110 2070 4176 καταλελεῖφθαι,

503 4205 716 4269 τούτοις
737 4205 930 4276 γνώμῃ
953 4205 1204 4275 βασιλικῇ
1237 4205 1327 4258 καὶ
1347 4205 1462 4256 δοκι
1471 4203 1640 4274 μασίᾲ
1661 4205 1695 4274 ἠ
1713 4203 1820 4254 τῶν
1841 4200 2072 4273 ἀρκούν-

501 4312 614 4346 των
642 4295 835 4365 κτῆσις
859 4296 921 4348 ού
959 4294 1352 4363 κωλυθήσεται.
1385 4292 1696 4345 Κελ).εῖα’δὲ
1729 4292 1822 4343 καὶ
1848 4291 1946 4349 τάς
1973 4309 2072 4344 και

508 4388 780 4457 λουμένας
808 4388 1016 4454 λαύρας
1069 4389 1128 4440 ἐν
1177 4387 1408 4456 ἐρήμοις
1451 4387 1771 4455 οἰκοδομεῖν,
1829 4385 1902 4455 μὴ
1936 4384 2071 4455 πρὸξ

2182 3191 2258 3242 ιιι-Ι
2286 3186 2617 3256 gerocomia,
2649 3185 2729 3238 vel
2761 3184 2896 3236 alias
2917 3190 3134 3233 sanctas
3157 3187 3209 3232 et
3231 3167 3753 3244 religiosasdomos;

2179 3281 2272 3336 sed
2306 3295 2493 3334 eorum
2516 3293 2636 3343 quae
2667 3286 2816 3336 sunt,
2848 3286 3037 3326 curam
3069 3268 3180 3336 geri
3214 3275 3468 3335 Oportere
3503 3280 3519 3316 :
3553 3271 3608 3316 et
3637 3263 3753 3314 haec

2177 3388 2434 3441 expresse
2467 3372 2520 3422 in
2554 3370 2660 3423 fine
2689 3365 2921 3433 adjicit:
2968 3362 3150 3428 Quare
3207 3359 3275 3411 ab
3331 3357 3438 3411 hoc
3498 3355 3758 3420 deinceps

2179 3479 2448 3538 tempore,
2485 3463 2626 3535 quod
2661 3469 2744 3516 est
2793 3461 2824 3515 7
2857 3455 3172 3512 indietionis
3234 3450 3490 3514 initium,
3550 3446 3757 3502 nemini

2181 3563 2364 3623 liceat,
2398 3561 2516 3612 loca
2551 3567 2646 3610 ant
2676 3571 2836 3624 agros
2863 3553 2926 3605 ad
2966 3547 3294 3604 monasteria
3329 3543 3412 3597 vel
3445 3541 3757 3612 gerocomia

2177 3645 3097 3719 quomodocunquetransmittere,
3146 3640 3240 3696 sed
3290 3650 3470 3704 neque
3521 3635 3587 3686 ad
3647 3648 3761 3685 me—

2180 3743 2416 3813 tropoles
2445 3742 2528 3796 vel
2562 3743 2916 3809 episcopatus
2948 3754 2961 3789 :
2996 3749 3172 3803 neque
3206 3731 3348 3787 enim
3389 3730 3494 3782 illis
3540 3735 3624 3780 est
3653 3725 3758 3778 hoc

2184 3835 2552 3890 conducibile.
2589 3833 2644 3886 Si
2676 3831 2878 3901 quibus
2909 3837 3085 3882 autem
3120 3823 3504 3894 prmdictarum
3540 3825 3762 3872 sancta-
3846 3873 3851 3878 ,

2185 3946 2302 3983 rum
2333 3938 2385 3982 et
2417 3926 2798 3997 religiosarum
2833 3922 3118 3975 domorum
3157 3958 3171 3980 ,
3223 3917 3339 3969 sive
3378 3913 3598 3982 quidem
3648 3911 3761 3977 cpi-

2176 4029 2498 4090 scopatuum
2530 4027 2584 4072 et
2615 4013 3096 4074 monasteriorum,
3128 4011 3263 4063 acleo
3327 4007 3465 4060 mala
3523 4003 3758 4055 admini-

2175 4113 2368 4170 stratio
2403 4119 2457 4166 et
2486 4108 2724 4178 provisio
2754 4103 3006 4172 contigit,
3045 4109 3104 4156 ιιι
3141 4101 3276 4154 locis
3330 4100 3557 4168 privatze
3587 4095 3762 4148 desti-

2178 4215 2414 4272 tutanqite
2442 4203 2586 4264 sint;
2636 4199 2704 4254 iis
2734 4197 3003 4252 sententia
3038 4205 3090 4249 et
3113 4191 3515 4249 examinatione
3564 4188 3762 4256 imper.

2176 4313 2368 4355 eorum
2403 4310 2524 4362 quae
2556 4291 2836 4346 sulliciunt
2882 4286 3176 4354 acquisitio
3217 4299 3323 4337 non
3358 4279 3755 4352 prohibebitur.

2184 4391 2366 4457 tiellas
2390 4397 2594 4446 autem.
2628 4393 2703 4446 et,
2737 4392 2794 4435 ut
2825 4390 3042 4444 vocant,
3079 4380 3261 4432 lauras
3295 4383 3344 4427 in
3374 4373 3606 4428 desertis
3635 4372 3763 4425 aedi-

507 4481 735 4548 κτήσεις
789 4482 886 4535 καὶ
933 4481 1138 4550 ἀγροὺς
1194 4482 1413 4547 ἐτέρους
1471 4478 1890 4546 ἐκτεινομένοις.
1948 4477 2070 4529 ἀλλό

2191 4482 2374 4541 lirurc,
2407 4492 2526 4544 qum
2553 4490 2659 4529 non
2689 4473 2754 4527 ad
2796 4471 3176 4539 possessiones
3232 4477 3285 4517 et
3344 4480 3504 4534 agros
3554 4462 3764 4514 alienos

510 4576 742 4644 περιοχῇ
796 4575 931 4643 μόνῃ
978 4574 1044 4642 τῇ
1108 4571 1214 4642 ἰδίᾳ
1266 4569 1628 4641 ὁριζομένοις,
1683 4567 1924 4639 τοσούτῳ
1956 4569 2084 4630 τοὺς

511 4665 870 4735 βουλομένους
894 4665 995 4716 οὐκ
1025 4664 1305 4733 εῖργομεν,
1339 4662 1449 4730 ὅσῳ
1476 4660 1572 4713 καὶ
1593 4659 1660 4711 δι’
1691 4659 1914 4711 ἐπαίνου
1949 4659 2086 4728 μᾶλ-

509 4757 598 4809 λον
623 4757 683 4808 τὸ
717 4757 949 4826 πρᾶγμα
983 4754 1227 4823 τίθεμεν.
1267 4754 1369 4805 Ἦν
1391 4752 1448 4805 δὲ
1483 4749 1702 4820 Νεαρὰν
1740 4751 1766 4801 ὁ
1795 4751 2081 4819 ιΙορφυρο-

511 4850 771 4917 γεννητος
799 4846 963 4914 κυρὺς
991 4845 1265 4908 Βασίλειος
1295 4847 1322 4898 ὁ
1347 4845 1466 4907 νέος
1490 4841 1725 4914 ἀνῄρησε
1752 4841 1840 4894 διά
1867 4843 2084 4911 Νεαρᾶς

509 4939 681 4993 αὐτοῦ
730 4939 1098 5006 άπολυθείσης
1164 4937 1305 4989 κατὰ
1371 4940 1515 5006 μῆνα
1591 4933 1899 5003 Ἀπρίλλιον
1954 4934 2086 4987 ἰνδι-

512 5033 740 5096 κτιῶνος
773 5030 820 5084 α’
860 5031 1014 5090 ἔτους
1047 5034 1226 5096 ςυιιε’,
1263 5031 1355 5081 καὶ
1381 5028 1854 5098 διαλαμϐανούσης
1906 5025 2080 5079 ταῦτα

513 5125 696 5195 ῥητῶς
723 5139 739 5155 ⁸
785 5125 849 5176 'II
885 5126 949 5175 ἐκ
981 5120 1118 5173 Θεοῦ
1149 5119 1404 5188 βασιλεία
1454 5120 1633 5190 ἡμῶν,
1676 5120 1770 5172 καὶ
1802 5118 1955 5188 παρὰ
1987 5136 2083 5187 μο-

514 5216 697 5286 ναχῶν
721 5217 808 5269 ἐπ’
834 5215 1092 5284 εὐλαϐείᾳ.
1123 5212 1218 5266 καὶ
1246 5211 1417 5280 ἀρετῇ
1467 5209 1954 5282 μαρτυρουμένων,
1989 5211 2084 5263 καὶ

515 5308 670 5376 παρὰ
705 5306 920 5360 πολλῶν
949 5302 1310 5376 άναμαθοῦσα
1349 5301 1449 5371 τὴν
1480 5302 1610 5372 περὶ
1638 5303 1746 5354 τῶν
1777 5301 2085 5372 ἐκκλησιῶν

514 5398 612 5452 τοῦ
641 5399 778 5464 Θεοῦ
805 5399 902 5455 καὶ
932 5399 1040 5453 τῶν
1065 5398 1281 5467 εύαγ-ῶν
1309 5395 1473 5449 οίκων
1502 5394 1535 5463 ἢ
1573 5393 1715 5447 κατὰ
1746 5393 1856 5446 τῶν
1883 5394 2086 5465 ἐκκλη-

2194 4572 2585 4629 cxtenduntur.
2618 4567 2710 4620 sed
2743 4565 2860 4619 solo
2885 4562 3103 4631 proprio
3131 4560 3339 4614 ambitu
3391 4556 3726 4610 definiuntur
3750 4596 3762 4615 ,

2197 4673 2408 4718 tantum
2443 4660 2601 4713 abest
2631 4666 2691 4711 ut
2715 4653 3027 4708 volentibus
3057 4649 3466 4720 prohibeamus,
3506 4654 3566 4696 ut
3600 4642 3764 4696 etiam

2189 4757 2244 4809 in
2279 4769 2472 4822 magna
2506 4750 2666 4803 laude
2699 4761 2966 4818 ponamus
3005 4762 3018 4797 :
3049 4758 3212 4811 quam
3238 4739 3456 4808 quidem
3483 4735 3764 4788 Novellant
3817 4773 3825 4789 .

2188 4847 2738 4915 Porphyrogennetns
2799 4837 3056 4890 dominus
3137 4830 3372 4885 Basilius
3431 4841 3609 4880 novus
3670 4840 3765 4876 suta
3818 4815 3826 4840 ³

2191 4937 2411 4991 Novella
2449 4949 2635 4986 mense
2667 4929 2838 4998 Aprili
2865 4926 3162 4981 indicﬁune
3192 4925 3209 4976 Ι
3241 4935 3384 4974 anno
3402 4918 3546 4974 6495
3565 4917 3765 4970 emissa

2189 5025 2411 5084 sustulit
2436 5043 2450 5090 ;
2473 5040 2595 5092 qute
2623 5031 2676 5075 et
2707 5023 2819 5074 Inec
2849 5032 3111 5087 expresse
3142 5014 3388 5068 continet
3423 5028 3437 5064 :
3475 5009 3766 5078 Imperium

2192 5129 2440 5174 nostrum
2476 5115 2621 5183 quod
2649 5131 2676 5165 a
2716 5111 2824 5166 Deo
2852 5109 3159 5179 profectum
3190 5115 3273 5161 est
3300 5119 3425 5160 cum
3472 5110 3528 5157 et
3582 5117 3610 5152 a
3655 5115 3770 5150 mo-

2193 5209 2411 5272 nachis,
2453 5220 2688 5274 quorum
2729 5203 2901 5272 pietas
2931 5208 2984 5254 et
3015 5202 3185 5254 virtus
3215 5205 3300 5252 est
3331 5202 3568 5256 testata,
3619 5198 3674 5244 et
3733 5206 3762 5240 ιι

2193 5300 2384 5356 multis
2411 5297 2556 5360 aliis,
2599 5297 2767 5361 legem
2794 5298 2860 5348 de
2894 5292 2986 5347 Dei
3014 5290 3267 5345 ecclesiis
3313 5295 3369 5342 et
3424 5281 3627 5339 sanctis
3661 5281 3765 5332 do-

2195 5395 2399 5454 mibus,
2435 5389 2516 5445 vel
2553 5388 2734 5461 potius
2769 5393 2960 5443 contra
2994 5384 3258 5440 ecclesias
3287 5386 3548 5436 ettantas
3573 5375 3765 5427 domos

1787 5537 1978 5598 Guill.
2008 5535 2328 5615 Beveregii
2365 5539 2552 5595 notae.

593 5666 703 5734 (46)
749 5665 820 5720 ἸΙ
851 5665 918 5717 δὲ
942 5663 1137 5731 Νεαρὰ
1189 5664 1291 5717 τοῦ
1338 5662 1648 5734 ,βασιλέως
1680 5663 1865 5726 κηροῦ
1901 5664 2084 5727 Νικη-

522 5733 728 5806 φόρον.
794 5736 920 5790 Hice
974 5734 1266 5806 Nicephori
1319 5733 1516 5788 Phoca:
1583 5734 1924 5802 imperatoris
1957 5749 2081 5788 nov.

2195 5660 2406 5715 integra
2459 5655 2687 5706 habetur
2733 5653 2787 5705 in
2832 5651 2982 5703 luris
3046 5641 3488 5701 Graeco-Romani
3539 5641 3632 5695 lib.
3705 5652 3765 5700 tt,

2196 5746 2246 5798 ιι.
2285 5727 2406 5793 115,
2451 5724 2568 5786 lli,
2592 5733 2696 5780 εις.
