4056 6444
451 336 585 396 ΜΠ
1694 332 1976 392 THEOD.
2026 329 2027 335 “

2133 328 2426 388 LSAMON
2466 400 2481 422 ι
3571 324 3704 375 Ιυιι

447 455 476 492 a
500 439 723 492 domino
759 439 1082 508 Nic-ephoro,
1112 441 1202 507 qui
1237 442 1467 510 imperio
1498 445 1765 505 excessit,
1822 442 2014 496 catuli-

2133 438 2251 491 πιὼν
2283 436 2486 506 μᾶλλον
2513 435 2738 490 καὶτῶν
2778 433 3048 488 τοσούτων
3072 432 3240 485 οἴκων
3276 423 3442 496 παρὰ
3487 422 3582 476 τοῦ
3606 422 3704 488 τῆς

449 543 583 595 tam,
620 531 966 600 prmsentium
999 533 1262 585 malorum
1298 547 1521 588 causam
1559 533 1729 589 fuisse
1755 541 1810 588 et
1869 533 2015 587 radi-

450 637 592 685 cem,
617 633 669 675 et
699 623 1020 677 universalis
1051 623 1216 692 hujus
1251 625 1623 679 subversionis
1658 635 1711 679 et
1740 625 2018 680 οοιιίιιεὶυ·

456 715 572 779 nis;
607 723 664 766 ut
695 731 812 782 quae
842 716 905 769 ad
943 717 1196 786 injttriant
1232 729 1283 771 et
1311 718 1731 781 contumeliam,
1764 735 1869 770 non
1924 735 2016 770 so-

451 805 560 856 lum
583 805 943 860 ecclesiarum
985 817 1039 860 et
1066 817 1379 862 sanctarum
1401 809 1711 870 domorum,
1739 809 1832 864 sed
1856 810 2016 863 etiam

456 896 544 948 Dei
580 897 771 963 ipsius,
803 898 944 951 fat-ta
976 901 1066 954 sit.
1105 901 1462 953 intellexisset
1491 942 1503 964 ,
1533 909 1586 954 et
1627 903 1858 956 maxime
1894 917 2017 954 cum

451 986 500 1039 id
531 1001 588 1040 re
621 986 736 1055 ipsa
769 999 1048 1057 expertum
1082 1002 1226 1046 esset
1282 993 1378 1062 (ex
1427 1009 1538 1063 quo
1587 995 1729 1046 enim
1779 995 1890 1048 hmo
1935 995 2015 1047 lex

449 1085 535 1131 est
562 1077 870 1144 observata,
929 1083 1066 1137 nihil
1123 1085 1245 1138 boui
1304 1087 1518 1154 penitus
1577 1087 1630 1139 in
1689 1085 2019 1140 hodiernum

453 1186 630 1239 usque
681 1171 826 1228 diem
888 1175 1014 1229 ιὶιω
1066 1185 1265 1232 nostr-.e
1316 1181 1559 1230 occurrit
1592 1195 1606 1230 :
1639 1178 1732 1232 sed
1785 1189 1972 1232 contra
2006 1219 2020 1241 ,

452 1267 660 1320 nullum
685 1269 908 1336 penitus
942 1268 1267 1324 calamitatis
1298 1285 1469 1338 genus
1503 1268 1697 1325 defuitt
1721 1285 1735 1321 :
1761 1286 1856 1340 per
1884 1286 2022 1337 pra:-

451 1370 658 1413 seutem
695 1360 924 1414 Auream
959 1360 1164 1415 Bullant
1199 1361 1326 1416 huic
1357 1364 1562 1431 srripto
1603 1379 1870 1418 annexam
1911 1376 2022 1421 sta-

456 1452 584 1514 tuit,
619 1462 678 1506 ut
707 1454 789 1507 lex
822 1453 1075 1515 prmdicta
1109 1454 1178 1506 ab
1211 1457 1314 1508 hoc
1347 1457 1598 1524 praesenti
1635 1457 1721 1512 die
1747 1467 1947 1524 cesset,
1971 1471 2023 1512 et

458 1543 716 1613 deinceps
749 1544 965 1599 inlirma
1003 1553 1056 1598 et
1088 1546 1239 1598 irrita
1279 1553 1595 1614 pet-maneat
1631 1565 1644 1602 :
1687 1547 1865 1601 locum
1895 1551 2023 1603 vero

463 1637 697 1689 habeant
723 1645 773 1690 et
803 1638 853 1689 in
891 1653 987 1691 usu
1043 1639 1172 1702 sint,
1225 1653 1346 1706 quae
1399 1637 1466 1691 de
1525 1637 1614 1691 Dei
1671 1639 1917 1694 ecclesiis
1971 1649 2025 1695 et

455 1727 659 1781 sanctis
688 1736 743 1780 et
797 1727 1064 1795 religiosis
1117 1728 1372 1782 domibus
1422 1737 1550 1782 ante
1595 1729 1738 1783 hanc
1791 1731 2024 1787 conditae

461 1825 588 1870 sunt
623 1819 787 1888 leges.
817 1819 1084 1874 Praeterea
1121 1820 1284 1883 scias,
1319 1821 1462 1889 quod
1516 1821 1869 1877 beatissimus
1923 1823 2026 1878 im-

457 1917 672 1978 [ιρι-οισι·
714 1909 966 1964 dominus
1009 1909 1550 1965 ManttelComnenns
1572 1927 1666 1980 per
1696 1910 2022 1980 jussionem,

465 2015 651 2052 mense
682 1999 987 2068 Septembri
1021 2001 1319 2054 indictione
1353 2001 1384 2054 7
1406 2001 1629 2066 editam,
1667 2002 1906 2059 detiniit:
1959 2019 2027 2058 ne

456 2091 602 2153 ullis,
629 2093 719 2161 qui
761 2093 1122 2146 itntnohilittm
1183 2094 1510 2148 donationes
1576 2095 1646 2148 ab
1699 2095 2030 2164 imperatore

455 2185 801 2254 accepissent
841 2186 920 2239 vel
953 2186 1292 2256 acciperent,
1325 2188 1389 2240 ad
1422 2187 1558 2242 alios
1586 2202 1647 2242 ea
1674 2203 1836 2257 quam
1871 2205 2032 2244 seua-

458 2278 585 2331 torii
618 2278 829 2333 ordinis
857 2280 937 2332 vel
996 2279 1204 2340 numeri
1265 2279 1517 2334 militat-is
1577 2295 1838 2349 personas
1895 2295 2033 2350 quo-

455 2383 672 2437 cunque
702 2370 864 2424 modo
894 2370 1292 2434 transmittere,
1323 2369 1510 2424 liceret
1546 2389 1559 2425 ε
1603 2370 1686 2423 εἰη
1715 2380 1898 2424 autem
1932 2373 2031 2425 ali-

459 2471 540 2513 ter
573 2459 776 2514 factum
821 2460 1007 2525 fuerit,
1044 2463 1343 2515 immobilia
1371 2462 1435 2515 ad
1473 2461 1746 2527 publicum
1781 2463 2026 2518 redeant.

456 2549 721 2605 Similiter
748 2559 801 2603 et
837 2566 1024 2606 mense
1055 2551 1354 2606 Februario
1390 2553 1423 2606 5
1469 2551 1790 2607 indictionis
1813 2594 1828 2616 ,
1887 2567 2024 2606 nova

455 2657 674 2711 quoque
707 2644 1032 2698 constitutio
1063 2643 1131 2697 ab
1150 2644 1338 2698 eodem
1372 2643 1518 2697 edita
1553 2651 1657 2707 est,
1690 2659 1809 2714 qua:
1839 2643 2027 2698 eadem

457 2734 631 2789 ferme
649 2735 1051 2803 complectitur.
1078 2734 1212 2800 Qua:
1243 2735 1464 2803 quidem
1499 2742 1701 2790 statuta
1733 2775 1747 2796 ,
1781 2750 1878 2803 per
1931 2751 2029 2806 po-

457 2823 744 2879 steriorem
787 2825 880 2881 filii
910 2826 1031 2896 ejus
1063 2825 1270 2882 domini
1296 2826 1468 2880 Alexii
1497 2825 1696 2900 ,Λιιτρεο
1747 2826 1911 2881 Bullae
1943 2829 2030 2883 de-

459 2919 796 2983 ﬁnitionem,
848 2933 1036 2975 mense
1093 2919 1374 2975 Decembri
1421 2919 1609 2988 prima:
1665 2919 2023 2984 indictionis,

459 3011 584 3062 anni
615 3009 745 3063 6691
784 3011 1005 3076 editam,
1041 3011 1254 3066 sublata
1287 3020 1445 3066 sunt.

2003 3105 2030 3119 θ

2124 527 2405 596 βασιλείας
2438 525 2726 588 ἐπιϐάντος
2759 523 2926 594 κυροῦ
2953 523 3274 592 Νικηφόρου
3311 520 3575 573 τεθεῖσαν
3623 534 3706 570 νο-

2124 618 2404 688 μοθεσίαν,
2441 616 2619 670 αἰτίαν
2659 616 2752 670 καὶ
2788 614 2944 686 ῥίζαν
2967 613 3075 666 τῶν
3110 611 3414 680 παρόντων
3451 606 3704 676 γενέσθαι

2123 711 2333 776 κακῶν,
2387 709 2617 779 καὶτῆς
2673 707 3060 776 οἰκουμενικῆς
3117 705 3330 772 ταύτης
3381 698 3702 768 ἀνατροπῆς

2122 809 2216 859 καὶ
2250 805 2587 876 συγχύσεως,
2619 802 2714 856 ἅτε
2749 801 2822 872 μὴ
2856 801 2992 870 πρὸς
3017 796 3232 852 ἀδικίαν
3268 795 3374 848 καὶ
3409 792 3572 860 ὕϐριν
3601 790 3705 842 τῶν
3757 797 3762 800 ’

2123 899 2436 968 ἐκκλησιῶν
2472 898 2635 967 μόνον
2665 896 2759 948 καὶ
2789 894 2897 947 τῶν
2926 891 3142 960 εὐαγῶν
3189 891 3389 950 οἴκων,
3429 884 3572 938 ἁλλά
3618 881 3707 934 καὶ

2124 993 2291 1046 αὑτοῦ
2325 993 2421 1045 τοῦ
2444 990 2580 1044 Θεοῦ
2607 989 2928 1058 γενομένην,
2951 986 3124 1048 ἄλλως
3153 1001 3211 1038 τε
3244 985 3348 1036 καὶ
3378 981 3530 1049 ἔργῳ
3555 974 3709 1028 τοῦτο

2127 1084 2511 1155 βεϐαιωθεῖσοιν
2532 1083 2612 1150 (ἐξ
2630 1083 2751 1135 ὅτου
2768 1081 2876 1150 γὰρ
2899 1080 2964 1131 τὰ
2984 1078 3083 1147 τῆς
3106 1074 3377 1138 τοιαύτης
3396 1069 3709 1138 ἐκράτησαν

2131 1175 2453 1245 νομοθεσίας
2481 1173 2830 1228 οὖδοπωσοῦν
2857 1168 3132 1223 ούδοτιοῦν
3171 1164 3424 1235 χρηστὸν
3460 1161 3592 1230 ἄχρι
3619 1157 3709 1211 καὶ

2124 1273 2370 1342 τήμερον
2393 1271 2472 1342 τῷ
2514 1268 2641 1322 καθ’
2695 1267 2841 1336 ἡμᾶς
2893 1264 3176 1333 ἀπήντησε
3212 1258 3352 1327 βίῳ,
3401 1253 3547 1308 ἀλλὰ
3590 1249 3710 1302 τοῦ-

2123 1363 2340 1434 ναντίον
2388 1361 2672 1430 συμφορᾶς
2711 1358 2913 1428 μᾶλλον
2971 1355 3228 1408 ἐπέλιπεν
3265 1348 3414 1411 εἶδος
3446 1347 3586 1405 ὅλως
3620 1343 3709 1396 ού-

2125 1435 2254 1524 θέν),
2296 1454 2543 1518 θεσπίζει
2571 1452 2661 1506 διὰ
2695 1450 2788 1505 τοῦ
2822 1449 3092 1516 παρόντος
3135 1440 3541 1508 ἐνυπογράφου
3580 1451 3709 1505 χρυ-

2129 1549 2414 1602 σοϐούλλου
2448 1547 2508 1600 τὸ
2549 1547 2650 1614 τὴν
2681 1541 2964 1614 παροῦσαν
2993 1537 3323 1609 νομοθεσίαν
3375 1533 3574 1604 ἀργεῖν
3605 1527 3707 1582 ἀπὸ

2127 1642 2227 1709 τῆς
2267 1637 2553 1708 παρούσης
2577 1637 2785 1707 ταύτης
2813 1635 3048 1705 ἡμέρας,
3072 1629 3281 1701 ἄκυρόν
3306 1644 3371 1680 τε
3405 1627 3504 1678 καὶ
3537 1621 3710 1692 ἀπρα-

2129 1749 2257 1784 κτον
2289 1729 2382 1784 τοῦ
2419 1728 2610 1783 λοιποῦ
2676 1727 2986 1797 διαμένειν·
3050 1723 3302 1792 ἐνεργεῖν
3344 1718 3406 1771 δὲ
3439 1717 3568 1777 τοὺς
3608 1710 3709 1781 πρὸ

2128 1823 2332 1893 ταύτης
2358 1821 2646 1891 κειμένους
2683 1819 2812 1890 περί
2845 1835 2907 1871 τε
2936 1817 3047 1869 τῶν
3098 1809 3423 1882 ἐκκλησιῶν
3466 1807 3564 1862 καὶ
3607 1803 3712 1857 τῶν

2127 1916 2340 1986 εὐαγῶν
2367 1915 2530 1968 οἵκων
2551 1911 2920 1982 νόμους.Πρδς
2937 1907 3146 1967 τούτοις
3169 1906 3421 1972 γίνωσκε
3442 1901 3564 1972 (47)
3585 1895 3706 1952 ὅτιὸ

2128 2006 2596 2079 τρισμακάριστος
2636 2003 2888 2073 βασιλεὺς
2919 2000 3086 2066 κυρδς
3111 1996 3384 2066 Μανουὴλ
3421 1997 3451 2048 ὁ
3487 1995 3709 2060 Κομνη-

2131 2103 2221 2162 νος
2278 2099 2571 2168 διωρίσατο
2625 2097 2714 2150 διὰ
2779 2094 3127 2166 προστάξεως
3165 2088 3532 2157 ἐπιλυθείσης
3577 2081 3710 2138 κατὰ

2133 2191 2511 2260 Σεπτέμόριον
2568 2190 2712 2260 μῆνα
2765 2187 3104 2248 ἐνδικτιῶνος
3159 2186 3228 2249 ζ’,
3304 2183 3382 2253 μὴ
3435 2181 3583 2251 ἔχειν
3627 2175 3708 2228 ἔπ’

2135 2281 2319 2341 ἀδείας
2344 2279 2513 2344 τινὰς,
2554 2278 2814 2340 λαϐόντας
2854 2277 2886 2348 ἢ
2930 2276 3024 2329 καὶ
3065 2274 3450 2343 λαμϐάνοντας
3512 2267 3712 2338 δωρεὰς

2134 2375 2409 2442 ἀκινήτων
2439 2375 2592 2441 παρά
2623 2369 2908 2441 βασιλέων,
2954 2368 3357 2436 παραπέμπειν
3419 2362 3588 2421 αὐτὰς
3623 2356 3712 2411 ἁλ-

2137 2461 2305 2532 λαχοῦ
2333 2480 2437 2515 που
2471 2461 2590 2514 καθ’
2635 2461 2935 2530 οἱονδήτινα
2969 2458 3170 2528 τρόπον
3216 2461 3267 2510 εἰ
3311 2455 3389 2527 μὴ
3412 2457 3495 2517 είς
3545 2451 3709 2522 πρίσ-

2134 2571 2262 2610 ωπα
2296 2555 2404 2608 ἀπο
2445 2558 2546 2624 τῆς
2579 2555 2881 2622 συγκλήτου
2912 2554 2944 2624 ἢ
2985 2551 3078 2606 τοῦ
3120 2549 3524 2622 στρατιωτικοῦ
3556 2564 3712 2602 κατα-

2136 2645 2298 2712 λόγου
2326 2648 2664 2715 τυγχάνοντα
2689 2662 2702 2677 ·
2732 2648 2778 2698 εἰ
2805 2646 2863 2698 δὲ
2894 2647 2968 2716 μὴ
3005 2646 3146 2697 οὕτω
3184 2645 3446 2716 γένηται,
3500 2643 3586 2697 ἵνα
3625 2656 3710 2692 πε-

2141 2737 2425 2807 ριέρχηται
2449 2737 2518 2789 τὰ
2542 2736 2775 2807 ἀκίνητα
2801 2739 2879 2800 είς
2903 2736 2963 2790 τὸ
2990 2736 3270 2806 δημόσιον.
3320 2734 3601 2796 Ὡσαύτως
3624 2730 3710 2786 καὶ

2138 2831 2281 2882 κατά
2322 2830 2415 2882 τὸν
2479 2830 2842 2900 Φεϐρουάριον
2889 2829 3035 2898 μῆνα
3109 2833 3211 2899 τῆς
3268 2835 3320 2898 γ’
3383 2825 3705 2885 ίνδικτιῶνος

2139 2920 2330 2989 Νεαρά
2355 2920 2646 2991 νομοθεσία
2670 2921 2861 2990 γέγονε
2880 2919 2970 2976 τοῦ
3003 2920 3167 2976 αὑτοῦ
3191 2922 3295 2991 τῆς
3323 2919 3500 2990 αὐτῆς
3529 2915 3704 2986 σχεδὸν

2136 3012 2512 3083 περιλήψεως.
2559 3013 2754 3069 Ἀειινα
2791 3014 2857 3084 δὴ
2893 3013 3304 3085 προστάγματα
3365 3011 3702 3085 ἀνῃρέθησαν

455 3103 542 3155 διὰ
580 3105 1046 3174 μεταγενεστέρου
1106 3105 1504 3176 χρυσοϐούλλου
1563 3104 1658 3159 τοῦ
1708 3105 1829 3160 υίοῦ
1864 3105 2031 3161 αὐτοῦ
2079 3107 2315 3175 Ἀλεξίου
2339 3109 2703 3174 ἀπολυθέντος
2733 3109 2872 3163 κατά
2897 3108 3045 3180 μῆνα
3095 3107 3442 3180 Δεκέμϐριον
3481 3106 3602 3177 ,τῆς
3662 3087 3706 3152 θ’

458 3202 789 3263 ινδικτιῶνος
811 3200 906 3255 τοῦ
937 3207 1104 3272 qua!
1135 3202 1309 3266 ἔτους.

526 3295 691 3366 335l
722 3294 973 3350 ZONAR.
1007 3295 1110 3360 Qui
1145 3295 1481 3350 monasteria
1512 3302 1823 3362 exstruere,
1854 3313 1917 3350 ac
1940 3311 2032 3367 per
2057 3297 2102 3358 (ἶ

456 3404 519 3443 ea
550 3402 681 3442 suas
711 3386 1000 3442 facultates
1037 3387 1145 3442 Deo
1172 3387 1354 3441 dieare
1387 3388 1600 3452 volunt,
1631 3389 1741 3445 illis
1791 3389 2030 3444 teditica-

461 3481 661 3532 tionem
691 3477 959 3542 inchoari,
991 3478 1093 3531 uisi
1116 3477 1403 3547 episcopus
1440 3480 1544 3535 loci
1592 3495 1650 3534 re
1685 3481 1900 3548 cognita
1935 3495 2032 3550 po-

458 3579 712 3625 tes'atem
758 3569 967 3632 fecerit,
996 3585 1058 3623 ac
1091 3571 1365 3625 solemnes
1398 3573 1744 3641 precationes
1773 3573 2034 3626 adhibue-

458 3664 551 3725 rit,
587 3663 742 3717 nullo
766 3665 928 3716 modo
951 3662 1041 3717 hic
1070 3678 1245 3717 canon
1286 3664 1454 3719 licere
1501 3665 1766 3719 decernit.
1816 3666 1891 3718 Ita
1936 3666 2030 3722 de-

458 3768 604 3806 mum
637 3753 1028 3806 monasterium
1061 3753 1280 3822 quidem
1328 3755 1537 3808 absolvi
1580 3795 1594 3820 ,
1648 3757 1844 3811 deinde
1902 3772 2034 3812 vero

459 3843 626 3896 Breve
659 3843 806 3896 ﬁeri:
841 3850 894 3897 et
923 3843 974 3896 iu
1008 3858 1074 3897 eo
1109 3853 1222 3896 tum
1260 3844 1657 3898 monasterium
1691 3845 1891 3913 ipsuut‘,
1917 3855 2027 3900 tttm

459 3935 790 3989 monasterio
821 3936 1113 3988 attributas
1149 3937 1529 4002 possessiones
1558 3935 1826 4001 describi,
1867 3937 2026 3991 illud~

456 4041 564 4090 que
589 4025 780 4088 Breve,
817 4041 882 4078 ne
914 4025 1043 4093 quid
1075 4025 1128 4078 in
1165 4034 1445 4093 posterum
1477 4040 1505 4077 a
1541 4027 1856 4081 monasterii
1899 4041 2030 4080 con-

458 4117 634 4171 ditore
665 4117 868 4171 auferri
903 4118 1086 4180 tieeat,
1117 4133 1179 4171 ex
1215 4117 1280 4171 iis
1315 4133 1434 4186 quae
1461 4118 1514 4172 in
1546 4119 1861 4188 eoipsemet
1891 4135 2030 4173 con-

458 4207 718 4273 secravit,
751 4208 804 4262 in
860 4207 1066 4262 :rdibus
1099 4207 1507 4277 episcopalibus
1537 4211 1807 4265 asservari
1847 4209 2027 4275 jubet.

462 4302 592 4366 Quae
621 4302 819 4356 etenim
850 4301 989 4354 bona
1032 4300 1139 4355 Deo
1175 4301 1444 4369 quispiam
1488 4316 1585 4370 per
1636 4302 2027 4362 monasterium

461 4392 685 4458 addixit,
717 4407 905 4446 eorum
939 4392 1042 4446 sibi
1069 4393 1182 4460 ipse
1218 4391 1621 4461 possessionem
1663 4407 1878 4446 omnem
1933 4392 2029 4447 ab-

453 4483 741 4553 j-udicavit,
769 4498 831 4538 ac
864 4484 1080 4538 illorum
1121 4483 1378 4539 dominus
1406 4499 1530 4539 esse
1562 4484 1675 4552 jam
1709 4483 1891 4538 desiit.
1913 4485 2027 4550 Qua

462 4579 678 4633 ratione
710 4579 876 4648 igitur
909 4578 973 4632 de
1005 4577 1114 4630 illis
1143 4578 1440 4646 quidquam
1476 4592 1543 4632 ex
1577 4591 1644 4630 eo
1667 4584 1933 4645 tempore,
1967 4590 2031 4629 ac

2211 3296 2461 3351 ΖΩΝΛΡ.
2511 3294 2574 3350 '0
2598 3294 2777 3349 κανὼν
2805 3289 2962 3358 οὗτος
2993 3295 3118 3358 τοὺς
3148 3293 3515 3366 βουλομένους
3558 3308 3706 3362 μοναο

2142 3391 2337 3456 στήρια
2365 3388 2622 3457 συνιστᾷν
2651 3386 2745 3442 καὶ
2772 3384 3037 3455 ἀφιεροῢν
3067 3387 3132 3439 δι’
3162 3387 3352 3441 αὐτῶν
3391 3387 3490 3449 τὰς
3509 3382 3704 3444 οἰκείας

2138 3478 2456 3547 περιουσίας
2488 3476 2609 3546 Θεῷ
2631 3477 2848 3530 κελεύει
2873 3477 2946 3547 μὴ
2970 3476 3146 3539 ἄλλως
3160 3475 3430 3532 δύνασθαι
3449 3472 3703 3546 ἄρχεσθαι

2137 3571 2238 3640 τῆς
2286 3570 2380 3624 τοῦ
2418 3569 2785 3639 μοναστηρίου
2836 3569 3148 3638 οἰκοδομῆς,
3207 3571 3261 3622 εί
3313 3569 3390 3639 μὴ
3428 3571 3484 3623 ἐν
3517 3567 3698 3636 γνώσει

2136 3665 2432 3731 γενόμενος
2468 3663 2496 3714 ὁ
2525 3660 2826 3723 ἐπίσκοπος
2869 3662 2895 3713 ὁ
2919 3663 3060 3714 κατὰ
3095 3663 3265 3715 τόπον
3285 3661 3571 3730 ἐπιτρέψει
3607 3655 3698 3722 τὴν

2135 3755 2449 3826 οἰκοδομὴν,
2478 3756 2708 3826 ποιήσας
2741 3756 2837 3808 καὶ
2865 3754 2962 3825 τὴν
2987 3754 3353 3825 ὀφειλομένην
3383 3754 3566 3822 εὐχήν.
3599 3749 3696 3800 Καὶ

2135 3846 2280 3900 οὕτω
2327 3847 2386 3898 τι
2414 3847 2512 3916 μὲν
2543 3847 2962 3916 ἀπαρτίζεσθαι,
2991 3846 3209 3916 βρέὃιον
3236 3847 3292 3899 δὲ
3319 3845 3586 3914 γίνεσθαι,
3610 3839 3693 3890 καὶ

2137 3943 2196 3992 ἐν
2225 3939 2419 4008 ἐκείνῳ
2444 3939 2576 3992 αὑτό
2628 3956 2687 3991 τε
2714 3939 2774 3991 τὸ
2820 3941 3184 4008 μοναστήριον
3225 3932 3690 4006 καταγράφεσοαι,

2135 4036 2228 4084 καὶ
2252 4031 2321 4085 τὰ
2359 4029 2508 4100 αὐτῷ
2531 4031 2806 4102 ἀνήκοντα
2838 4029 3035 4092 πάντα,
3085 4031 3181 4082 καὶ
3213 4029 3434 4099 βρέϐιον
3472 4027 3536 4093 τῇ
3582 4024 3689 4074 ἐπι·

2136 4123 2313 4191 σκοπῇ
2352 4119 2789 4182 ἐναποτίθεσθαι,
2821 4117 2961 4172 ὥστε
2998 4118 3071 4187 μή
3111 4135 3164 4171 τι
3213 4116 3480 4170 δύνασθαι
3517 4112 3688 4164 ἔκτοτε

2133 4213 2227 4265 τοῦ
2261 4213 2625 4281 μοναστηρίου
2668 4211 2942 4280 δομήτορα
2969 4210 3318 4280 ἀφαιρεῖσθαί
3355 4227 3407 4262 τι
3439 4206 3544 4260 τῶν
3572 4195 3689 4266 παρ’

2137 4303 2304 4356 αὑτοῦ
2335 4302 2750 4372 ἀφιερωοέντων
2772 4303 2829 4354 ἐν
2863 4300 3026 4370 αὐτῷ.
3069 4303 3134 4354 "A
3164 4302 3275 4371 γάρ
3323 4317 3408 4364 τις
3461 4296 3534 4364 τῷ
3583 4288 3692 4355 θεῷ

2135 4399 2225 4451 διὰ
2255 4396 2354 4464 τῆς
2381 4395 2550 4464 μονῆς
2583 4393 2955 4456 ἀνατέθεικεν,
2988 4393 3301 4457 ἀπεξένωσε
3331 4395 3430 4462 τῆς
3457 4385 3689 4456 ἐξουσίας

2135 4486 2358 4552 ἑαυτοῦ,
2390 4485 2486 4538 καὶ
2513 4485 2699 4538 οὐκέτι
2719 4483 2908 4552 κύριος
2932 4484 3112 4536 αὐτῶν
3142 4484 3282 4538 ἐστι.
3314 4483 3438 4543 Πῶς
3480 4472 3570 4530 οὖν
3614 4466 3691 4522 ἐπ’

2139 4579 2322 4640 αὐτοῖς
2375 4594 2426 4630 τι
2471 4577 2548 4639 ὠς
2609 4575 2877 4646 δεσρεὸτης
2922 4575 3108 4628 ἔκτοτε
3139 4575 3428 4645 δυνήσεται
3473 4563 3690 4632 διαπρά-

462 4671 508 4726 si
535 4672 790 4725 dominus
827 4671 1007 4724 adhuc
1036 4676 1200 4730 esset,
1224 4668 1560 4721 constituere
1590 4666 1830 4734 poterit?
1855 4665 2027 4730 Quin-

2140 4669 2375 4734 ξασθαι;
2403 4668 2672 4720 Τοσοῦτον
2697 4668 2753 4720 δὲ
2787 4640 2950 4719 αύτὸν
2998 4640 3354 4736 ἀπαλλοτριοί
3400 4664 3498 4727 τῆς
3536 4653 3692 4727 μονῆς

462 4765 571 4815 imo
608 4778 851 4829 eousque
881 4775 1056 4813 canon
1086 4760 1152 4811 ah
1177 4758 1296 4825 ejus
1328 4759 1646 4811 monasterii
1683 4756 2033 4812 administra-

462 4858 609 4907 tione
641 4855 917 4907 hominem
958 4862 1224 4904 remotum
1257 4865 1376 4903 esse
1401 4850 1574 4919 jubet,
1599 4861 1655 4903 ttt
1681 4865 1853 4920 neque
1883 4851 2031 4904 illum

464 4943 780 4996 monasterii
815 4941 1126 5009 praefectum
1153 4979 1165 5001 ,
1207 4942 1307 4991 nisi
1347 4940 1411 4990 de
1463 4941 1700 5007 episcopi
1739 4941 2031 5004 sententia,

462 5051 582 5089 crca
597 5035 659 5095 ri,
687 5050 786 5085 ure
814 5033 977 5083 alium
1002 5031 1117 5099 ejus
1148 5032 1266 5083 loco
1300 5031 1610 5096 ιπενίυοιιειιι
1647 5033 1712 5083 ab
1738 5048 1800 5084 eo
1829 5033 2035 5086 onusti-

463 5124 538 5176 tui
577 5122 838 5190 patiatur.
879 5120 1112 5184 Etenim,
1147 5122 1190 5172 si
1218 5137 1337 5188 qua:
1372 5121 1572 5174 homini
1605 5124 1869 5190 quispiam
1925 5124 2026 5174 lar-

462 5218 604 5280 gitus
632 5222 736 5276 est,
766 5220 1052 5281 postquam
1078 5213 1169 5278 jus
1198 5215 1558 5281 passessiouis
1596 5214 1648 5264 in
1683 5215 1848 5266 alium
1889 5213 2029 5280 ipse—

462 5312 572 5358 met
603 5303 907 5366 transtulit,
933 5304 1167 5372 amplius
1196 5304 1410 5358 auferre
1437 5305 1556 5357 sine
1583 5319 1771 5365 causa,
1805 5305 1896 5373 qui
1931 5305 2027 5357 do-

462 5397 630 5460 navit,
662 5397 802 5449 hautl
831 5405 1048 5465 potest;
1083 5412 1192 5466 quo
1225 5396 1365 5466 jure,
1397 5413 1516 5466 qua:
1546 5396 1651 5451 Deo
1675 5398 1850 5452 dicata
1876 5405 2022 5462 sunt,

2138 4763 2166 4812 ὁ
2201 4759 2399 4821 κανὼν,
2453 4758 2593 4812 ὥστε
2647 4758 2766 4811 οὐδὲ
2815 4756 3118 4826 ἡγούμενον
3164 4758 3328 4810 αὑτὸν
3376 4745 3689 4823 ἐᾷγγίνεσθει

2136 4854 2236 4920 τῆς
2266 4851 2433 4919 μονῆς
2465 4850 2618 4921 παρὰ
2647 4848 2876 4918 γνώμην
2911 4849 3007 4900 τοῦ
3041 4849 3366 4910 ἐπισκόπου,
3420 4841 3534 4895 οὐδὲ
3582 4835 3687 4888 ἓτε-

2144 4959 2234 5011 ρον
2276 4942 2390 4994 ὰνο“
2426 4941 2619 4993 ἑαυτοῦ
2665 4939 2971 5007 ἡγούμενον
3010 4937 3473 5010 προχειρίζεσθαι.
3500 4929 3558 5022 εἰ
3587 4923 3686 5022 γλάιρ

2143 5032 2208 5084 τὰ
2257 5029 2569 5100 ἀνθρώποις
2613 5029 2935 5097 δωρούμενα
2988 5030 3170 5082 οὐκέτι
3227 5024 3480 5081 ἀναιτίως
3513 5011 3687 5081 ἀφεὶὲ-

2141 5126 2268 5177 σθαι
2302 5128 2328 5177 ο
2359 5125 2746 5194 δωρησάμενος
2782 5124 3026 5186 δύναται,
3055 5124 3154 5194 τὴν
3187 5114 3501 5175 δεσποτείαν
3525 5114 3685 5199 coorti)

2137 5217 2224 5284 ἐφ’
2288 5217 2475 5285 ἕτερον
2505 5217 2597 5282 ἀφ’
2642 5215 2836 5267 ἐαυτοῦ
2892 5213 3166 5284 μεταθεὶς,
3203 5211 3315 5271 πῶς
3364 5206 3433 5259 τὰ
3479 5199 3554 5268 τῷ
3579 5195 3684 5285 Θξῴ

2138 5309 2541 5377 ἁνατεθειμένα
2593 5309 2931 5379 ὑφαρπάσει,
2992 5307 3088 5358 καὶ
3134 5301 3288 5364 αὖθις
3346 5299 3476 5369 πρὸς
3507 5283 3680 5386 auger

2137 5401 2506 5454 ἐπισπάσεται
2535 5402 2633 5470 τὴν
2660 5401 2840 5455 αὐτῶν
2870 5399 3168 5470 κυριότητα
3195 5414 3210 5463 ;
3246 5394 3354 5448 Καὶ
3400 5382 3590 5459 βιϐλίον
3630 5373 3678 5426 οὲ

1691 5534 1875 5595 Guili.
1919 5538 2257 5615 Bercregii,
2289 5546 2478 5602 notae.

534 5679 644 5754 (li?)
676 5683 830 5748 Πρὸς
860 5682 1094 5750 τούτοις
1121 5682 1396 5754 γίνωσκε,
1431 5681 1552 5736 llaec
1588 5696 1758 5752 usque
1785 5683 1848 5738 ad
1876 5681 2027 5737 ﬁnem

2138 5683 2244 5751 tius
2302 5685 2770 5754 interpretationis
2843 5685 2897 5740 in
2988 5683 3176 5740 codice
3263 5659 3673 5733 Amerbacbiauo

461 5749 864 5805 desiderantur.
