4056 6394
524 377 663 439 1L1!)

1786 386 1839 444 Τ
1842 385 2068 447 HEOD.
2117 387 2206 446 BA
2216 387 2524 449 LSAMON

3632 384 3750 449 1016

526 501 569 557 si
601 510 779 552 autem
814 508 1034 568 propter
1078 499 1329 553 morbum
1390 499 1474 553 vel
1525 508 1749 569 propter
1806 515 2092 555 mterorem

2208 505 2418 573 σχῆμα.
2444 506 2554 559 Καὶ
2579 505 2750 559 ταῦτα
2776 506 2898 573 μὲν,
2927 508 3055 560 ὅταν
3082 525 3162 569 τις
3194 507 3317 560 καθ’
3341 505 3618 576 ὑπόκρισιν
3642 506 3755 559 ἀπο-

525 596 630 647 hoc
655 592 868 653 fecerit,
909 593 1327 661 permitteturne
1363 605 1413 645 ut
1448 594 1502 647 in
1556 594 1917 648 sazcularibus
1952 594 2107 647 habi-

523 698 619 752 tet,
652 688 733 741 vel
764 688 925 741 etiam
963 688 1254 755 pristinum
1286 687 1532 742 habitum
1569 687 1837 757 recipiat?
1868 688 2103 742 Solutio.

519 776 1120 848 Nequaquam.Canon
1176 780 1323 834 enim
1394 781 1649 834 universe
1704 780 1995 849 loquitur,
2052 789 2107 834 et

520 883 744 940 propter
776 886 969 927 OIIIBCS
1003 873 1095 939 qui
1122 872 1620 943 quomodocunque
1659 875 1981 929 tondentur.
2013 873 2105 927 Vi-

522 963 707 1019 dimus
732 975 915 1020 autem
948 966 1170 1029 multos,
1203 967 1297 1035 qui
1328 966 1394 1020 ad
1427 966 1677 1021 ultimum
1717 967 1826 1021 fere
1851 967 2102 1034 Spiritum

519 1059 662 1111 tonsi
699 1068 851 1121 sunt,
886 1068 939 1113 et
972 1069 1193 1129 propter
1227 1060 1477 1115 nimbum
1526 1060 1846 1115 nesciebant
1880 1062 2101 1131 quidem

523 1150 655 1218 quid
690 1150 744 1203 in
775 1151 911 1219 ipsis
944 1151 1118 1216 llcret,
1153 1151 1245 1219 qui
1279 1165 1403 1208 cum
1431 1159 1618 1220 postea
1644 1152 1877 1218 priorem
1904 1152 2104 1206 vellent

517 1243 767 1298 habitum
831 1244 1103 1310 recipere,
1158 1253 1379 1313 propter
1434 1245 1796 1314 ignorantiam
1846 1252 1897 1297 et
1957 1245 2101 1312 quod

519 1335 711 1388 inorbo
741 1333 880 1388 male
914 1334 1095 1388 allecti
1127 1343 1338 1405 essent,
1361 1342 1418 1389 et
1446 1334 1498 1389 in
1546 1335 1904 1390 saecularibus
1934 1336 2100 1389 vitam

518 1441 701 1493 agere,
737 1425 790 1479 id
832 1443 938 1479 non
970 1426 1070 1479 fuit
1117 1428 1199 1481 eis
1241 1428 1593 1497 permissum,
1622 1428 1715 1482 sed
1745 1443 1902 1493 parua
1932 1430 2097 1481 etiam

519 1515 697 1569 affecti
732 1518 885 1572 fuere.
919 1537 931 1571 :
968 1519 1108 1574 alios
1139 1531 1344 1583 autem,
1383 1519 1475 1589 qui
1515 1533 1638 1573 cum
1673 1528 1876 1573 temere
1915 1519 2103 1588 pristi-

521 1622 651 1660 num
683 1608 928 1663 habitum
963 1620 1396 1678 resumpserunt,
1442 1624 1636 1665 rursus
1684 1598 1753 1664 ad
1786 1611 1936 1679 prius
1990 1625 2106 1661 mo-

521 1699 790 1753 nasticum
825 1700 1137 1754 institutum
1184 1702 1266 1755 vel
1326 1703 1482 1756 inviti
1538 1704 1743 1757 reversi
1774 1711 1926 1757 sunt.
1962 1702 2100 1767 Quid

519 1807 652 1844 vero
670 1791 807 1860 ?,qui
841 1800 1040 1862 pra‘tcr
1067 1794 1336 1847 rationem
1356 1801 1551 1849 tonsus
1582 1801 1687 1860 est,
1721 1796 1803 1848 vel
1826 1796 1945 1848 sine
1968 1810 2103 1864 prae-

2214 602 2358 672 καρῇ
2387 618 2401 632 ο
2431 601 2481 653 εἰ
2518 601 2574 654 δὲ
2603 602 2689 654 διά
2719 601 2878 655 νόσον
2924 602 2957 673 ἢ
2991 603 3079 656 διὰ
3117 602 3295 673 λύπην
3329 601 3486 656 τοῦτο
3538 603 3752 671 ποιήσει,

2212 693 2752 763 παραχωρηθήσεται
2788 693 3001 762 διάγειν
3059 694 3223 756 εἰςτά
3262 694 3508 759 ηκοσμικά
3550 694 3582 767 ἦ
3614 709 3756 763 μετα,-

2214 786 2692 853 σχηματισθῆναις
2740 788 2952 852 Λύσις.
3013 786 3299 856 Οὐδαμῶς.
3345 785 3402 837 '0
3445 786 3548 853 γὰρ
3603 784 3756 838 κανὼν

2212 874 2522 937 καθολικῶς
2554 876 2895 947 ὲξεφωνήθη,
2934 878 3028 929 καὶ
3052 877 3140 930 διά
3180 877 3389 938 πάντας
3432 877 3553 939 τοὺς
3599 879 3757 929 όπωσ-

2213 965 2410 1036 δήποτε
2436 968 2921 1039 ἀποκειρομένους.
2964 970 3191 1038 Εἵδομεν
3245 969 3299 1021 δὲ
3330 971 3421 1021 καὶ
3454 967 3667 1029 πολλοὺς
3691 969 3759 1029 εἰς

2211 1058 2309 1120 τὰς
2347 1058 2668 1123 τελευταίας
2701 1062 2881 1117 αὐτῶν
2925 1063 3111 1131 σχεδὸν
3163 1062 3442 1125 ἀναπνοὰς
3475 1060 3757 1129 ἀποκαρέν·

2213 1172 2332 1217 τας,
2369 1156 2462 1209 καὶ
2500 1155 2635 1225 μηδὲ
2663 1156 2877 1220 εἰδότας
2925 1157 3016 1210 διὰ
3066 1158 3165 1225 τὴν
3196 1156 3355 1209 νόσον
3402 1156 3460 1208 τὸ
3501 1156 3760 1224 γινόμενον

2212 1250 2299 1300 ἐπ’
2330 1249 2534 1310 αὐτοῖς,
2571 1249 2664 1301 καὶ
2694 1248 2925 1318 ὕστερον
2955 1250 3370 1310 σπουδάσαντας
3400 1244 3569 1299 πολλὰ
3615 1262 3759 1314 μετα-

2214 1337 2655 1408 σχηματισθῆναι
2686 1338 2775 1392 διά
2805 1339 2907 1408 τὴν
2932 1339 3156 1407 ἄγνοιαν
3180 1340 3277 1392 καὶ
3307 1337 3407 1407 τὴν
3444 1335 3552 1389 ἀπὸ
3576 1336 3667 1404 τῆς
3689 1333 3761 1386 νό-

2212 1443 2306 1478 σου
2338 1427 2643 1495 κακότητα,
2680 1428 2775 1481 καὶ
2810 1427 3066 1490 θέλοντας
3099 1430 3180 1492 εἰς
3200 1427 3274 1480 τὰ
3301 1426 3756 1497 κοσμικάδιάγειν,

2209 1516 2307 1569 καὶ
2341 1517 2415 1586 μὴ
2442 1519 2972 1587 παραχωρηθέντας,
3008 1519 3146 1573 ἀλλά
3198 1519 3290 1572 καὶ
3312 1518 3719 1587 ἐπιτιμηθέντας
3741 1532 3753 1547 °

2209 1608 2402 1671 ἄλλους
2459 1609 2517 1662 δὲ
2577 1610 2941 1679 ἀσυμόούλως
2991 1610 3626 1681 μετασχηματισθέντας,
3675 1607 3757 1661 καὶ

2208 1698 2367 1762 αὖθις
2405 1700 2486 1763 εἰς
2515 1700 2614 1770 τήν
2644 1702 2921 1771 προτέραν
2961 1703 3258 1772 μοναδικὴν
3308 1703 3639 1758 κατάστασιν
3676 1699 3760 1752 καὶ

2208 1790 2445 1853 ἄκοντας
2477 1791 2952 1861 ὑποστρέψαντας.
2985 1794 3052 1846 Τί
3081 1793 3160 1858 δὲ,
3207 1796 3236 1847 ό
3277 1792 3601 1863 παραλόγως
3641 1792 3759 1845 ἀπο-

518 1885 693 1937 sentia
733 1884 1034 1953 prapositl,
1070 1886 1172 1954 qui
1200 1885 1350 1938 illum
1386 1894 1749 1959 suscepturus
1771 1896 1876 1950 est,
1902 1862 2092 1954 etvepi-

2209 1883 2424 1953 καρείς,
2468 1884 2589 1953 ήτοι
2619 1886 2759 1955 δίχα
2788 1885 3097 1955 παρουσίας
3121 1885 3216 1939 τοῦ
3253 1862 3541 1956 μέλλοντος
3590 1882 3760 1936 τοῦτον

518 1975 669 2044 scopi
706 1975 973 2030 arbitratu
1004 1985 1058 2030 et
1088 1978 1492 2033 examinatione
1533 1988 1617 2033 est
1669 1993 1816 2032 nunc
1866 1978 2101 2047 primum

519 2066 575 2118 in
616 2068 948 2121 monasterio
980 2068 1365 2133 collocandus,
1421 2076 1719 2139 cogeturne
1785 2068 1893 2121 alia
1942 2078 2099 2137 pacta

518 2168 789 2212 conventa
822 2173 918 2213 seu
949 2170 1071 2211 vota
1106 2159 1308 2223 facere,
1342 2167 1399 2212 et
1431 2159 1674 2230 proﬁteri
1735 2160 1797 2217 in
1824 2159 1944 2228 ipso
1988 2173 2102 2213 ma-

516 2248 671 2315 nere,
707 2260 765 2304 ut
799 2252 961 2305 etiam
996 2251 1144 2305 intus
1168 2267 1293 2306 esse
1317 2261 1513 2306 tonsus
1548 2252 1918 2311 existimetur.
1950 2267 2018 2304 an
2049 2251 2097 2304 ei

518 2342 701 2409 priora
737 2342 1059 2398 sullicient?
1106 2342 1337 2398 Salutio.
1376 2343 1427 2397 ls
1476 2344 1695 2397 videtur
1757 2345 1811 2397 in
1874 2359 1979 2408 eo,
2046 2344 2097 2395 in

514 2450 626 2501 quo
657 2435 890 2503 primum
927 2438 1229 2491 collocatus
1259 2446 1361 2503 est,
1399 2439 1736 2492 monasterio
1777 2446 1934 2505 pacta
1970 2451 2097 2489 con-

514 2535 673 2581 venta
704 2528 931 2593 fecisse;
986 2540 1106 2598 post
1166 2539 1445 2583 tonsuram
1518 2538 1696 2582 autent
1758 2528 1923 2583 etiam
1988 2528 2095 2580 alia

513 2628 671 2689 pacta
728 2629 997 2673 conventa
1057 2620 1240 2676 facere
1298 2636 1408 2674 non
1488 2622 1731 2689 cogitur.
1794 2618 2093 2689 Propterea

511 2710 683 2772 enim,
716 2719 775 2763 ut
804 2723 887 2765 est
916 2712 1238 2776 verisimile,
1288 2728 1484 2767 omnes
1530 2712 1994 2785 interrog-itiones
2040 2721 2095 2764 ct

513 2809 787 2854 conventa
820 2800 872 2854 in
910 2802 1057 2859 omni
1091 2812 1320 2865 tonsura
1371 2806 1749 2875 proferuntur.

581 3043 832 3111 ZONAR‘.
874 3044 1159 3112 Nonnulli,
1184 3064 1255 3102 ou
1295 3052 1547 3105 morbum
1582 3051 1720 3105 forte
1753 3064 1844 3107 aut
1884 3070 2083 3108 HKBI‘O'

513 3152 649 3199 lem,
691 3147 787 3192 aut
826 3140 897 3192 oh
930 3154 1047 3193 eam
1096 3156 1312 3210 quoque
1356 3157 1601 3209 causam,
1629 3159 1750 3214 qua:
1794 3146 1847 3199 in
1881 3162 2089 3201 canone

2205 1971 2567 2039 ἀναδέξασθαι
2598 1976 2928 2047 ήγουμένου,
2968 1978 3061 2029 καὶ
3091 1976 3306 2046 μέλλων
3363 1976 3507 2029 κατὰ
3551 1972 3755 2041 δοκιμιι⁶

2207 2064 2332 2117 σίαν
2385 2063 2482 2118 τοῦ
2525 2065 2829 2119 ἐπισκόπου
2891 2066 2989 2122 νῦν
3038 2069 3270 2137 πρώτως
3320 2065 3686 2132 καταταγῆναι
3708 2061 3757 2109 ὲν

2207 2156 2580 2226 μοναστηρίῳ,
2612 2157 3099 2227 ἀναγκασθήσεται
3134 2157 3411 2228 συνθήκας
3442 2155 3624 2225 ἑτέρας
3651 2149 3757 2204 δοῦ-

2203 2264 2317 2310 ναι,
2351 2249 2447 2301 καὶ
2477 2249 2814 2319 ὁμολογῆσαι
2873 2250 3209 2319 προσμένειν
3262 2251 3321 2303 ὲν
3388 2248 3559 2317 αὐτῷ,
3610 2244 3687 2314 ἐφ’
3720 2238 3758 2310 ᾧ

2202 2341 2299 2394 καὶ
2320 2339 2429 2393 ἔσω
2453 2342 2712 2411 κουρίτην
2738 2341 3071 2409 λογίζεσθαι,
3097 2343 3128 2411 ἢ
3152 2344 3276 2405 ταῖς
3298 2340 3589 2412 προτέραις
3614 2340 3759 2407 ἀρκε-

2202 2430 2496 2499 σθήσεταις
2534 2434 2747 2498 Λύσις.
2797 2433 2855 2487 ’0
2897 2432 3141 2495 τοιοῦτος
3174 2434 3327 2486 δοκεῖ
3358 2431 3461 2493 τὰς
3508 2430 3754 2498 συνθήκας

2199 2522 2383 2576 δοῦναι
2413 2526 2490 2587 εἰς
2520 2524 2548 2577 ὃ
2582 2524 2814 2596 πρώτως
2852 2526 3129 2596 κατετάγη
3173 2529 3541 2596 μοναστήριον
3563 2540 3577 2555 ·
3636 2521 3755 2592 μετὰ

2198 2616 2258 2671 δὲ,
2291 2617 2390 2685 τὴν
2417 2617 2727 2687 ἀπόκαρσιν
2759 2619 2854 2670 καὶ
2892 2619 3088 2687 ἑτέρας
3137 2617 3418 2687 συνθήκας
3457 2614 3631 2668 δοῦναι
3666 2612 3755 2664 οὐκ

2197 2708 2703 2777 ἀναγκασθήσεται.
2730 2709 2829 2767 Διά
2852 2710 2961 2779 γὰρ
2995 2708 3177 2772 τοῦτο,
3215 2709 3292 2773 ὡς
3339 2708 3509 2772 ἔοικε,
3562 2705 3649 2759 καὶ
3677 2704 3749 2763 εἰς

2203 2801 2388 2853 πᾶσαν
2419 2800 2729 2869 ἀπόκαρσιν
2758 2803 2929 2855 πᾶσαι
2973 2802 3029 2854 αἰ
3067 2802 3371 2871 ἐρωτήσεις
3416 2802 3508 2853 καὶ
3558 2799 3610 2849 αἰ
3648 2811 3756 2848 συν-

2198 2893 2364 2961 θῆκαι
2397 2893 2793 2964 ἐκφωνοῧνται.

2267 3031 2516 3084 ΖΩΝΑΡ.
2553 3032 2709 3093 Τινὲς
2739 3031 2826 3085 διὰ
2856 3032 3012 3085 νόσον
3063 3033 3196 3097 ἴσως
3226 3033 3259 3104 ἢ
3305 3035 3393 3088 διὰ
3421 3032 3595 3100 λύπην
3632 3028 3752 3080 ἀπο-

2196 3124 2508 3194 κειρόμενοι
2539 3125 2571 3195 ἢ
2608 3125 2697 3178 διὰ
2737 3126 2836 3194 τὴν
2863 3124 3018 3196 παρά
3049 3126 3143 3179 τοῦ
3182 3128 3417 3189 κανόνος
3437 3122 3755 3193 εἰσαχθείσαν

534 3194 537 3195 ,
636 3194 645 3199 -
1114 3194 1126 3209 ,
1183 3194 1237 3210 ν,
1296 3194 1305 3195 κ
1634 3194 1747 3214 ,η
1886 3194 2089 3201 πη-.-

514 3242 869 3297 memoratur,
913 3233 1150 3296 detonsi,
1198 3236 1314 3289 suis
1356 3252 1551 3292 rursus
1584 3239 1636 3292 in
1683 3240 1893 3295 aedibus
1921 3242 2086 3294 vitam

2199 3220 2375 3273 αἰτίαν
2425 3194 2587 3272 πάλιν
2635 3221 2694 3272 ἐν
2738 3222 2852 3282 τοῖς
2888 3194 3109 3282 οἰκείοις
3160 3221 3337 3285 οἴκοις
3385 3217 3660 3286 διέτριὸον,
3691 3211 3752 3281 μή

512 3331 761 3388 agentes.
798 3323 1001 3376 nullam
1031 3326 1250 3393 penitus
1282 3327 1519 3381 instituti
1557 3331 1849 3385 monastici
1883 3340 2087 3401 partem

510 3413 973 3480 exsequebantur.
1041 3415 1338 3485 Propterea
1384 3420 1544 3489 igitur
1592 3422 1681 3474 hic
1725 3437 1849 3477 can.
1893 3438 1921 3475 a
1969 3441 2088 3495 syn.

511 3505 889 3575 promulgatus
926 3514 1032 3569 est,
1080 3509 1309 3578 ejusque
1351 3510 1573 3565 discreto
1613 3512 1986 3578 interdictum,
2023 3532 2091 3569 ne

509 3607 674 3661 quem
716 3594 1043 3649 monachum
1085 3599 1296 3653 tonderi
1335 3600 1516 3665 liceat,
1557 3601 1660 3655 nisi
1708 3616 1775 3656 eo
1824 3614 2089 3671 prazsente

506 3687 600 3755 qui
631 3685 955 3752 'subjectum
1000 3691 1106 3745 sibi
1149 3692 1351 3748 habere
1389 3693 1664 3750 hominem
1693 3711 1800 3750 non
1843 3706 2083 3760 recuset,

423 3854 433 3863 .
508 3777 850 3846 salutemque
898 3781 1044 3837 illius
1092 3783 1432 3852 spiritualem
1486 3787 1590 3842 sibi
1643 3802 1791 3843 cura:
1845 3787 2087 3842 futuram

506 3873 631 3924 osse
670 3873 974 3939 promittat,
1019 3878 1335 3934 monasterii
1380 3880 1637 3933 nimirum
1667 3880 1944 3949 praefecto,
1977 3883 2087 3933 vir-

508 3970 685 4015 tutum
722 3964 1207 4021 exercitationibus
1250 3968 1493 4035 addicto,
1537 3972 1894 4041 animumque
1940 3988 2090 4025 nunc

502 4053 599 4108 Dei
642 4055 1005 4127 investigandi
1039 4060 1226 4114 studio
1259 4061 1541 4115 incitatum
1578 4063 1644 4117 ad
1696 4064 1926 4118 salutem
1954 4065 2088 4117 diri-

504 4144 667 4213 gelidi
698 4146 895 4215 perito.
926 4149 1078 4216 Quod
1112 4150 1159 4206 si
1188 4153 1330 4220 quis,
1367 4152 1568 4222 inquit,
1604 4153 1765 4208 alicui
1804 4165 2084 4211 tonsuram

505 4237 782 4306 conferre,
804 4239 1082 4309 praefecto,
1118 4241 1281 4311 cujus
1304 4244 1395 4299 ille
1421 4244 1747 4299 obedientia:
1789 4244 2086 4313 mancipari

505 4328 722 4397 debeat,
746 4344 854 4385 non
872 4331 1137 4397 adhibito,
1154 4334 1620 4403 deprehendatur.
1642 4334 1819 4403 ipsum
1843 4335 2087 4403 quidem,

504 4422 706 4491 quippe
734 4425 827 4494 qui
865 4432 920 4478 et
942 4440 1064 4480 can.
1103 4427 1285 4490 violet,
1310 4436 1364 4482 et
1399 4427 1537 4503 bene
1566 4428 1918 4481 constitutam
1969 4442 2087 4479 ino-

2192 3330 2248 3367 τι
2287 3315 2544 3384 μοναχοῖς
2576 3313 2912 3383 πληροῦντες
2954 3313 3236 3385 ἁρμόδιον.
3284 3318 3383 3367 Διά
3410 3313 3563 3365 τοῦτο
3594 3307 3757 3361 τοίνυν

2194 3409 2223 3461 ὁ
2249 3407 2433 3460 κανὼν
2464 3399 2619 3468 οὗτος
2647 3408 2711 3475 τῇ
2748 3405 2950 3476 συνόδῳ
2980 3405 3398 3478 ὲκπεφώνηται,
3433 3401 3657 3458 κελεύων
3692 3397 3755 3467 μὴ

2192 3500 2368 3562 ἄλλως
2410 3500 2530 3553 τινὰ
2580 3499 2973 3568 ἀποκείρεσθαι
3015 3500 3276 3570 μοναχὸν,
3334 3501 3382 3552 εἰ
3438 3496 3512 3569 μὴ
3555 3493 3693 3563 παρῇ
3731 3489 3755 3540 ὁ

2194 3594 2430 3662 ὀφείλων
2464 3594 2629 3646 αὐτὸν
2678 3595 2757 3655 εἰς
2812 3592 3090 3660 ὑποταγὴν
3125 3590 3518 3662 ἀναδέξασθαι,
3552 3587 3641 3641 καὶ
3671 3582 3754 3648 τῆς

2193 3665 2441 3758 ψυχικῆς
2492 3684 2659 3739 αὐτοῦ
2710 3684 2987 3755 σωτηρίας
3019 3682 3334 3757 φροντίζειν
3364 3675 3750 3749 ἐπαγγελλόμε-

2195 3795 2304 3842 νος,
2338 3779 2477 3849 ἀνὴρ
2507 3779 2709 3849 δηλαδὴ
2740 3779 2910 3850 μονῆς
2940 3777 3243 3849 προεστὼς,
3279 3777 3485 3847 ἀρετῆς
3515 3770 3753 3844 ἐργάτης.

2193 3873 2374 3943 ψυχὴν
2429 3874 2554 3943 ἄρτι
2609 3874 3059 3943 προσερχομένην
3108 3872 3228 3944 Θεῷ
3280 3871 3582 3939 οἰκονομεῖν
3632 3860 3752 3932 πρὸς

2196 3966 2474 4037 σωτηρίαν
2509 3967 2828 4037 δυνάμενος.
2869 3970 2932 4021 Εἰ
2963 3968 3020 4021 δέ
3050 3985 3156 4033 τις,
3192 3970 3351 4038 φησί,
3386 3963 3607 4037 φωραθῇ
3630 3960 3751 4012 citro—

2194 4057 2396 4127 κείρων
2436 4055 2581 4123 τινὰ,
2642 4058 2716 4125 μὴ
2769 4057 3035 4125 παρόντος
3088 4057 3399 4127 ἡγουμένου
3444 4052 3536 4107 τοῦ
3583 4049 3753 4103 τοῦτον

2193 4149 2556 4214 ἀναδέξασθαι
2620 4149 2913 4219 μέλλοντος
2969 4151 3049 4211 εἰς
3111 4150 3419 4221 ὑποταγὴν,
3465 4145 3623 4207 αὐτὸς
3667 4139 3754 4209 μὲν

2195 4240 2587 4310 καθαιρείσθω,
2637 4240 2715 4303 ὡς
2776 4242 2903 4303 τοὺς
2964 4240 3197 4302 κανόνας
3248 4238 3619 4310 παραϐαίνων,
3672 4226 3752 4282 καὶ

2192 4333 2293 4403 τὴν
2326 4333 2631 4405 μοναχικὴν
2674 4333 2926 4397 εὐταξίαν
2976 4332 3325 4403 ἀνατρέπων,
3360 4333 3387 4385 ὁ
3432 4330 3486 4382 δὲ
3534 4318 3754 4394 παραλόο

2192 4444 2302 4493 γως
2341 4426 2435 4480 καὶ
2492 4426 2566 4495 μὴ
2621 4424 2761 4478 κατά
2804 4425 2960 4491 τάξιν
3007 4426 3305 4495 κανονικήν
3353 4420 3649 4489 ἀποκαρςὶς
3683 4412 3753 4471 εἷς

504 4514 704 4576 nastici
738 4524 913 4571 status
943 4518 1284 4586 disciplinam
1314 4501 1544 4582 evertat,
1576 4518 1919 4594 depositione
1944 4520 2083 4573 mul-

2199 4518 2477 4585 ὑποταγὴν
2528 4520 2588 4570 ὲν
2643 4518 2992 4586 μοναστηρίῳ
3040 4517 3461 4586 παραδιδόσθω,
3505 4515 3561 4566 ἐν
3612 4501 3653 4574 ξ’
3693 4502 3751 4557 ἂν

502 4605 645 4671 tari;
681 4608 773 4678 qui
806 4622 937 4662 vero
966 4617 1192 4676 temere,
1222 4625 1331 4663 non
1379 4610 1614 4665 servatis
1653 4613 1703 4663 in
1737 4626 1797 4664 ea
1839 4626 1896 4665 re
1926 4625 2086 4664 cano-

505 4711 637 4749 num
672 4698 1071 4761 sanctionibus,
1111 4700 1377 4755 detonsus
1419 4710 1522 4761 est.
1560 4699 1620 4755 in
1667 4704 2083 4770 monasterium,

505 4790 562 4844 in
601 4806 711 4860 quo
741 4792 1089 4860 mancipatus
1123 4792 1447 4847 obedientia:
1492 4795 1671 4865 degat,
1715 4797 1783 4849 ab
1829 4796 2087 4865 episcopo

462 4882 835 4953 eligendum,
891 4884 1143 4952 compelli
1196 4883 1401 4953 placet.
1451 4885 1527 4939 Ita
1580 4904 1819 4957 namque
1862 4898 2091 4958 propter.

503 4988 623 5039 eos,
661 4975 755 5043 qui
806 4974 959 5029 nullo
1017 4975 1267 5029 adhibito
1314 4976 1524 5045 judicio
1570 4980 1819 5049 quamvis
1868 4980 2076 5048 indigni

504 5067 828 5132 tondentur,
874 5071 1210 5124 monasticus
1232 5070 1450 5140 quidem
1490 5072 1709 5127 habitus
1738 5089 1840 5127 suo
1875 5074 2082 5127 honore

501 5160 749 5228 privatus
772 5167 889 5224 ,est,
939 5160 1159 5216 Christi
1207 5178 1336 5216 vero
1386 5178 1585 5219 nomen
1630 5166 1699 5218 ab
1749 5164 2078 5227 inﬁdelibus,

499 5250 895 5304 monachorum
930 5250 1155 5306 liberam
1191 5269 1254 5307 ac
1288 5254 1524 5308 solutam
1560 5254 1775 5309 vivendi
1807 5254 2073 5306 rationem

500 5343 865 5406 intuentibus,
895 5345 1305 5414 blasphematur
1332 5366 1341 5398 :
1368 5345 1827 5416 quemadmodum
1862 5346 1931 5401 ab
1961 5363 2079 5400 om-

497 5436 663 5490 nibus
706 5436 1044 5506 gloriﬁcatur
1090 5437 1375 5500 Dominus,
1422 5439 1596 5492 sicubi
1644 5453 1764 5503 eos,
1810 5440 1903 5508 qui
1954 5458 2076 5495 sese

2187 4612 2491 4672 ἐπίσκοπος
2534 4610 2831 4688 δοκιμάσῃ.
2879 4608 3035 4662 Οὕτω
3103 4611 3210 4681 γὰρ
3256 4610 3346 4663 διὰ
3381 4610 3478 4671 τὰς
3510 4602 3749 4672 ἀκρίτους

2186 4706 2278 4756 καὶ
2301 4702 2650 4771 ἐσφαλμένοις
2677 4704 3008 4772 ἁποκάρσεις
3026 4704 3084 4754 τὸ
3123 4704 3221 4772 μὲν
3258 4700 3556 4773 μοναχικδν
3581 4696 3741 4767 σχῆμα

2185 4793 2482 4863 ἠτίμωται,
2525 4795 2586 4846 τὸ
2622 4794 2677 4847 δὲ
2715 4794 2886 4863 ὄνομα
2932 4794 3026 4846 τοῦ
3049 4796 3289 4865 Χριστοῦ
3329 4783 3748 4864 βλασφημείςθαι

2185 4885 2337 4954 παρὰ
2374 4886 2484 4938 τῶν
2526 4886 2778 4939 ἀπίστων
2825 4886 3139 4954 συμϐαίνει,
3185 4885 3440 4956 δρώντων
3499 4874 3747 4951 poi/110i):

2194 4979 2406 5043 ζῶντας
2460 4980 2769 5049 ἀδιαφόρως
2821 4982 2915 5034 καὶ
2951 4981 3171 5049 ἀμελῶς
3200 4998 3213 5011 ·
3240 4980 3433 5051 ὥσπερ
3487 4973 3745 5045 δοξάζεται

2191 5073 2344 5141 παρά
2381 5073 2601 5125 πάντων
2640 5076 2668 5124 ὀ
2703 5072 2929 5147 Κύριος,
2964 5074 3093 5127 ὅταν
3129 5074 3403 5142 ὲνᾳρέτως
3432 5069 3591 5140 ὁρῶσι
3622 5061 3743 5127 ζῶν·

2188 5182 2287 5228 τας
2310 5166 2437 5228 τοὺς
2474 5166 2926 5233 ἁνατεθειμένους
2957 5166 3127 5235 αύτῷ,
3179 5164 3321 5218 κατὰ
3353 5164 3435 5227 τὸ,
3465 5154 3745 5227 Λαμψάτω

2186 5257 2250 5310 τὸ
2297 5258 2425 5325 φῶς
2474 5258 2643 5327 ὑμῶν
2675 5258 2847 5327 ἔμπρ(
2867 5262 3017 5311 σθεν
3059 5258 3175 5311 τῶν
3199 5254 3546 5324 ἀνθρώπων,
3601 5248 3745 5303 ὅπως

2186 5349 2357 5401 ἴδωσι
2385 5351 2456 5403 τὰ
2481 5350 2637 5403 καλὰ
2665 5354 2807 5419 ἔργα
2838 5351 3023 5417 ὑμῶν,
3050 5352 3143 5403 καί
3171 5348 3479 5413 δοξάσωσι
3508 5347 3609 5396 τεν
3636 5341 3738 5391 Πα⁹

2186 5445 2324 5509 τέρα
2348 5442 2512 5511 ὑμῶν·
2539 5444 2640 5495 τὸν
2662 5444 2731 5495 ἐν
2765 5443 2887 5507 τοῖς
2910 5443 3207 5512 οὐρανοῖς.

499 5529 545 5577 ci
583 5530 982 5597 manciparunt,
1020 5532 1183 5583 vitam
1216 5546 1339 5583 cum
1370 5530 1568 5582 virtute
1611 5544 1772 5595 agere
1816 5534 2339 5599 animadw-rterint;
2384 5536 2535 5605 juxta
2569 5535 2695 5587 illu-l
2738 5551 2749 5585 :
2795 5533 2881 5587 Sic
2947 5534 3117 5586 lucent
3161 5533 3259 5587 tua:
3342 5539 3512 5584 vestra
3584 5528 3749 5576 ceram

498 5627 812 5689 hominibus,
846 5636 900 5679 ut
936 5628 1143 5682 videant
1179 5642 1334 5694 opera
1379 5635 1543 5678 vestra
1588 5628 1739 5693 bona,
1775 5637 1837 5682 ει·
1868 5628 2161 5701 gloriﬁc'eut
2198 5630 2408 5686 Patrem
2435 5641 2656 5684 vestrm"
2687 5632 2774 5699 qui
2803 5631 2853 5683 in
2887 5628 3026 5681 castis
3068 5640 3144 5682 est
3181 5629 3263 5685 ⁷⁸.

566 5841 608 5874 ’⁵
640 5842 830 5900 Matth.
878 5865 925 5900 ν.
968 5852 1033 5913 (ἰν.Δ
