  <div class='ocr_page' id='page_1' title='image "/cluster/home/n/w/nwhite01/storage/ocr_20150623/137:no.1/coo.31924054870427/514.png"; bbox 0 0 4056 6402; ppageno 0'>
   <div class='ocr_carea' id='block_1_1' title="bbox 321 342 450 410">
    <p class='ocr_par' dir='ltr' id='par_1_1' title="bbox 321 342 450 410">
     <span class='ocr_line' id='line_1_1' title="bbox 321 342 450 410; baseline -0.031 0"><span class='ocrx_word' id='word_1_1' title='bbox 321 342 450 410; x_wconf 80' lang='grc'><strong>1017</strong></span> 
     </span>
    </p>
   </div>
   <div class='ocr_carea' id='block_1_2' title="bbox 1486 352 2407 420">
    <p class='ocr_par' dir='ltr' id='par_1_2' title="bbox 1486 352 2407 420">
     <span class='ocr_line' id='line_1_2' title="bbox 1486 352 2407 420; baseline 0.005 -7"><span class='ocrx_word' id='word_1_2' title='bbox 1486 352 1568 413; x_wconf 85' lang='grc' dir='ltr'><strong>ΙΝ</strong></span> <span class='ocrx_word' id='word_1_3' title='bbox 1587 352 1759 417; x_wconf 83' lang='lat' dir='ltr'><strong>CAN.</strong></span> <span class='ocrx_word' id='word_1_4' title='bbox 1811 354 1908 417; x_wconf 86' lang='lat' dir='ltr'><strong>III</strong></span> <span class='ocrx_word' id='word_1_5' title='bbox 1950 354 2160 420; x_wconf 80' lang='lat' dir='ltr'><strong>CONC.</strong></span> <span class='ocrx_word' id='word_1_6' title='bbox 2193 357 2407 419; x_wconf 77' lang='lat' dir='ltr'><strong>CPOL.</strong></span> 
     </span>
    </p>
   </div>
   <div class='ocr_carea' id='block_1_3' title="bbox 3444 355 3577 421">
    <p class='ocr_par' dir='ltr' id='par_1_3' title="bbox 3444 355 3577 421">
     <span class='ocr_line' id='line_1_3' title="bbox 3444 355 3577 421; baseline 0.045 -6"><span class='ocrx_word' id='word_1_7' title='bbox 3444 355 3577 421; x_wconf 74' lang='lat'><strong>1013</strong></span> 
     </span>
    </p>
   </div>
   <div class='ocr_carea' id='block_1_4' title="bbox 315 456 1919 535">
    <p class='ocr_par' dir='ltr' id='par_1_4' title="bbox 315 456 1919 533">
     <span class='ocr_line' id='line_1_4' title="bbox 315 456 1919 533; baseline 0.004 -21"><span class='ocrx_word' id='word_1_8' title='bbox 315 457 537 513; x_wconf 79' lang='grc' dir='ltr'><strong>ΑΡΙΣΤ.</strong></span> <span class='ocrx_word' id='word_1_9' title='bbox 601 476 620 511; x_wconf 79' lang='grc' dir='ltr'><strong>ι</strong></span> <span class='ocrx_word' id='word_1_10' title='bbox 659 456 724 512; x_wconf 75' lang='grc' dir='ltr'>Εἴ</span> <span class='ocrx_word' id='word_1_11' title='bbox 758 475 842 523; x_wconf 83' lang='grc' dir='ltr'><strong>τις</strong></span> <span class='ocrx_word' id='word_1_12' title='bbox 887 458 1171 530; x_wconf 75' lang='grc' dir='ltr'><strong>φωραθείη</strong></span> <span class='ocrx_word' id='word_1_13' title='bbox 1215 459 1529 533; x_wconf 73' lang='grc' dir='ltr'><strong>ἀποκείρων</strong></span> <span class='ocrx_word' id='word_1_14' title='bbox 1559 461 1682 514; x_wconf 71' lang='grc' dir='ltr'>τινὰ</span> <span class='ocrx_word' id='word_1_15' title='bbox 1715 462 1919 532; x_wconf 46' lang='grc' dir='ltr'>χωρεςη</span> 
     </span>
    </p>
   </div>
   <div class='ocr_carea' id='block_1_5' title="bbox 2022 456 3580 535">
    <p class='ocr_par' dir='ltr' id='par_1_5' title="bbox 2022 460 3580 535">
     <span class='ocr_line' id='line_1_5' title="bbox 2022 460 3580 535; baseline -0.002 -16"><span class='ocrx_word' id='word_1_16' title='bbox 2022 463 2219 521; x_wconf 71' lang='grc' dir='ltr'>ιΚΙΞΤ.</span> <span class='ocrx_word' id='word_1_17' title='bbox 2253 464 2340 519; x_wconf 71' lang='grc' dir='ltr'><strong>(εἰ</strong></span> <span class='ocrx_word' id='word_1_18' title='bbox 2381 462 2507 535; x_wconf 82' lang='lat' dir='ltr'><strong>quis</strong></span> <span class='ocrx_word' id='word_1_19' title='bbox 2538 461 2837 519; x_wconf 85' lang='lat' dir='ltr'><strong>detondere</strong></span> <span class='ocrx_word' id='word_1_20' title='bbox 2868 460 3179 534; x_wconf 78' lang='lat' dir='ltr'><strong>quempiam</strong></span> <span class='ocrx_word' id='word_1_21' title='bbox 3203 460 3580 533; x_wconf 80' lang='lat' dir='ltr'><strong>deprehensus</strong></span> 
     </span>
    </p>
   </div>
   <div class='ocr_carea' id='block_1_6' title="bbox 394 549 1894 621">
    <p class='ocr_par' dir='ltr' id='par_1_6' title="bbox 394 549 1894 621">
     <span class='ocr_line' id='line_1_6' title="bbox 394 549 1894 621; baseline 0.003 -21"><span class='ocrx_word' id='word_1_22' title='bbox 394 568 414 600; x_wconf 72' lang='grc' dir='ltr'><strong>ι</strong></span> <span class='ocrx_word' id='word_1_23' title='bbox 464 550 768 620; x_wconf 80' lang='grc' dir='ltr'><strong>παρουσίας</strong></span> <span class='ocrx_word' id='word_1_24' title='bbox 818 549 914 603; x_wconf 87' lang='grc' dir='ltr'><strong>τοῦ</strong></span> <span class='ocrx_word' id='word_1_25' title='bbox 976 551 1283 621; x_wconf 69' lang='grc' dir='ltr'>ὀφείλοντος</span> <span class='ocrx_word' id='word_1_26' title='bbox 1341 552 1503 604; x_wconf 75' lang='grc' dir='ltr'>αὑτὸν</span> <span class='ocrx_word' id='word_1_27' title='bbox 1555 551 1894 620; x_wconf 78' lang='grc' dir='ltr'>παραλαϐεῖν</span> 
     </span>
    </p>
   </div>
   <div class='ocr_carea' id='block_1_7' title="bbox 396 642 1896 716">
    <p class='ocr_par' dir='ltr' id='par_1_7' title="bbox 396 642 1896 716">
     <span class='ocr_line' id='line_1_7' title="bbox 396 642 1896 716; baseline -0.001 -20"><span class='ocrx_word' id='word_1_28' title='bbox 396 662 415 696; x_wconf 76' lang='grc' dir='ltr'><strong>ι</strong></span> <span class='ocrx_word' id='word_1_29' title='bbox 462 645 541 707; x_wconf 84' lang='grc' dir='ltr'><strong>είς</strong></span> <span class='ocrx_word' id='word_1_30' title='bbox 566 643 848 713; x_wconf 74' lang='grc' dir='ltr'><strong>ὑποταγὴν</strong></span> <span class='ocrx_word' id='word_1_31' title='bbox 892 645 1222 716; x_wconf 71' lang='grc' dir='ltr'><strong>ἡγουμένου,</strong></span> <span class='ocrx_word' id='word_1_32' title='bbox 1267 644 1429 706; x_wconf 78' lang='grc' dir='ltr'>αὑτὸς</span> <span class='ocrx_word' id='word_1_33' title='bbox 1472 642 1572 708; x_wconf 86' lang='grc' dir='ltr'>μὲν</span> <span class='ocrx_word' id='word_1_34' title='bbox 1610 643 1896 714; x_wconf 87' lang='grc' dir='ltr'>καθαιρεί-</span> 
     </span>
    </p>
   </div>
   <div class='ocr_carea' id='block_1_8' title="bbox 396 734 1897 805">
    <p class='ocr_par' dir='ltr' id='par_1_8' title="bbox 396 734 1897 805">
     <span class='ocr_line' id='line_1_8' title="bbox 396 734 1897 805; baseline -0.001 -16"><span class='ocrx_word' id='word_1_35' title='bbox 396 756 413 789; x_wconf 80' lang='grc' dir='ltr'><strong>ι</strong></span> <span class='ocrx_word' id='word_1_36' title='bbox 465 736 577 789; x_wconf 85' lang='grc' dir='ltr'><strong>σθω</strong></span> <span class='ocrx_word' id='word_1_37' title='bbox 602 754 615 766; x_wconf 90' lang='grc'><strong>·</strong></span> <span class='ocrx_word' id='word_1_38' title='bbox 643 736 671 789; x_wconf 83' lang='grc' dir='ltr'><strong>ό</strong></span> <span class='ocrx_word' id='word_1_39' title='bbox 702 735 758 790; x_wconf 85' lang='grc' dir='ltr'>δὲ</span> <span class='ocrx_word' id='word_1_40' title='bbox 788 737 1089 803; x_wconf 80' lang='grc' dir='ltr'>ἀποκαρεὶς</span> <span class='ocrx_word' id='word_1_41' title='bbox 1119 739 1177 788; x_wconf 85' lang='grc' dir='ltr'>ὲν</span> <span class='ocrx_word' id='word_1_42' title='bbox 1215 736 1463 805; x_wconf 76' lang='grc' dir='ltr'>ὑποταγῇ</span> <span class='ocrx_word' id='word_1_43' title='bbox 1496 734 1591 788; x_wconf 75' lang='grc' dir='ltr'>καὶ</span> <span class='ocrx_word' id='word_1_44' title='bbox 1623 750 1897 804; x_wconf 82' lang='grc' dir='ltr'>μοναστη-</span> 
     </span>
    </p>
   </div>
   <div class='ocr_carea' id='block_1_9' title="bbox 394 825 1534 900">
    <p class='ocr_par' dir='ltr' id='par_1_9' title="bbox 394 825 1534 900">
     <span class='ocr_line' id='line_1_9' title="bbox 394 825 1534 900; baseline -0.003 -18"><span class='ocrx_word' id='word_1_45' title='bbox 394 848 415 882; x_wconf 77' lang='grc' dir='ltr'><strong>ι</strong></span> <span class='ocrx_word' id='word_1_46' title='bbox 464 829 565 900; x_wconf 80' lang='grc' dir='ltr'>ρίῳ</span> <span class='ocrx_word' id='word_1_47' title='bbox 596 826 748 896; x_wconf 87' lang='grc' dir='ltr'><strong>παρά</strong></span> <span class='ocrx_word' id='word_1_48' title='bbox 770 826 862 880; x_wconf 85' lang='grc' dir='ltr'><strong>τοῦ</strong></span> <span class='ocrx_word' id='word_1_49' title='bbox 890 827 1194 878; x_wconf 76' lang='grc' dir='ltr'>ἐπισκόπου</span> <span class='ocrx_word' id='word_1_50' title='bbox 1224 825 1472 879; x_wconf 75' lang='grc' dir='ltr'><strong>διδόσθω.</strong></span> <span class='ocrx_word' id='word_1_51' title='bbox 1514 844 1534 878; x_wconf 78' lang='grc' dir='ltr'><strong>ι</strong></span> 
     </span>
    </p>
   </div>
   <div class='ocr_carea' id='block_1_10' title="bbox 922 917 1295 972">
    <p class='ocr_par' dir='ltr' id='par_1_10' title="bbox 922 917 1295 972">
     <span class='ocr_line' id='line_1_10' title="bbox 922 917 1295 972; baseline -0.003 0"><span class='ocrx_word' id='word_1_52' title='bbox 922 919 1163 972; x_wconf 76' lang='grc' dir='ltr'><strong>ΚΑΝΩΝ</strong></span> <span class='ocrx_word' id='word_1_53' title='bbox 1221 917 1295 971; x_wconf 87' lang='grc' dir='ltr'>Γ’.</span> 
     </span>
    </p>
   </div>
   <div class='ocr_carea' id='block_1_11' title="bbox 324 1009 1896 1082">
    <p class='ocr_par' dir='ltr' id='par_1_11' title="bbox 324 1009 1896 1082">
     <span class='ocr_line' id='line_1_11' title="bbox 324 1009 1896 1082; baseline -0.003 -18"><span class='ocrx_word' id='word_1_54' title='bbox 324 1036 342 1064; x_wconf 77' lang='grc' dir='ltr'><strong>ι</strong></span> <span class='ocrx_word' id='word_1_55' title='bbox 372 1012 473 1065; x_wconf 75' lang='grc' dir='ltr'><strong>Καὶ</strong></span> <span class='ocrx_word' id='word_1_56' title='bbox 499 1011 657 1064; x_wconf 85' lang='grc' dir='ltr'>τοῦτο</span> <span class='ocrx_word' id='word_1_57' title='bbox 684 1011 872 1076; x_wconf 85' lang='grc' dir='ltr'>κακῶς</span> <span class='ocrx_word' id='word_1_58' title='bbox 899 1012 1293 1082; x_wconf 85' lang='grc' dir='ltr'>πραττόμενον,</span> <span class='ocrx_word' id='word_1_59' title='bbox 1314 1011 1456 1065; x_wconf 88' lang='grc' dir='ltr'><strong>κατά</strong></span> <span class='ocrx_word' id='word_1_60' title='bbox 1478 1009 1612 1063; x_wconf 79' lang='grc' dir='ltr'>πολὺ</span> <span class='ocrx_word' id='word_1_61' title='bbox 1642 1009 1698 1062; x_wconf 81' lang='grc' dir='ltr'><strong>δὲ</strong></span> <span class='ocrx_word' id='word_1_62' title='bbox 1712 1009 1896 1079; x_wconf 87' lang='grc' dir='ltr'>χεῖρον</span> 
     </span>
    </p>
   </div>
   <div class='ocr_carea' id='block_1_12' title="bbox 398 1102 1897 1175">
    <p class='ocr_par' dir='ltr' id='par_1_12' title="bbox 398 1102 1897 1175">
     <span class='ocr_line' id='line_1_12' title="bbox 398 1102 1897 1175; baseline -0.001 -21"><span class='ocrx_word' id='word_1_63' title='bbox 398 1121 417 1154; x_wconf 75' lang='grc' dir='ltr'><strong>ι</strong></span> <span class='ocrx_word' id='word_1_64' title='bbox 467 1103 771 1173; x_wconf 83' lang='grc' dir='ltr'>παροράσει</span> <span class='ocrx_word' id='word_1_65' title='bbox 797 1105 891 1158; x_wconf 75' lang='grc' dir='ltr'><strong>καὶ</strong></span> <span class='ocrx_word' id='word_1_66' title='bbox 914 1105 1143 1175; x_wconf 80' lang='grc' dir='ltr'>ἀμελείᾳ</span> <span class='ocrx_word' id='word_1_67' title='bbox 1178 1104 1688 1175; x_wconf 84' lang='grc' dir='ltr'><strong>παραπεμπόμενον</strong></span> <span class='ocrx_word' id='word_1_68' title='bbox 1713 1102 1897 1172; x_wconf 85' lang='grc' dir='ltr'>τυχεῖν</span> 
     </span>
    </p>
   </div>
   <div class='ocr_carea' id='block_1_13' title="bbox 402 1192 1896 1266">
    <p class='ocr_par' dir='ltr' id='par_1_13' title="bbox 402 1192 1896 1266">
     <span class='ocr_line' id='line_1_13' title="bbox 402 1192 1896 1266; baseline 0.004 -23"><span class='ocrx_word' id='word_1_69' title='bbox 402 1211 420 1243; x_wconf 74' lang='grc' dir='ltr'><strong>ι</strong></span> <span class='ocrx_word' id='word_1_70' title='bbox 469 1193 661 1265; x_wconf 75' lang='grc' dir='ltr'>ἐκρίθη</span> <span class='ocrx_word' id='word_1_71' title='bbox 691 1194 1048 1264; x_wconf 76' lang='grc' dir='ltr'>διορθώσεως.</span> <span class='ocrx_word' id='word_1_72' title='bbox 1093 1197 1163 1250; x_wconf 78' lang='grc' dir='ltr'><strong>Εἴ</strong></span> <span class='ocrx_word' id='word_1_73' title='bbox 1186 1213 1270 1259; x_wconf 87' lang='grc' dir='ltr'><strong>τις</strong></span> <span class='ocrx_word' id='word_1_74' title='bbox 1299 1192 1393 1248; x_wconf 82' lang='grc' dir='ltr'><strong>οὖν</strong></span> <span class='ocrx_word' id='word_1_75' title='bbox 1430 1197 1599 1266; x_wconf 81' lang='grc' dir='ltr'>μονῆς</span> <span class='ocrx_word' id='word_1_76' title='bbox 1631 1195 1896 1266; x_wconf 78' lang='grc' dir='ltr'>προϊστά-</span> 
     </span>
    </p>
   </div>
   <div class='ocr_carea' id='block_1_14' title="bbox 401 1285 1897 1357">
    <p class='ocr_par' dir='ltr' id='par_1_14' title="bbox 401 1285 1897 1357">
     <span class='ocr_line' id='line_1_14' title="bbox 401 1285 1897 1357; baseline 0.003 -23"><span class='ocrx_word' id='word_1_77' title='bbox 401 1300 419 1333; x_wconf 77' lang='grc' dir='ltr'><strong>ι</strong></span> <span class='ocrx_word' id='word_1_78' title='bbox 471 1300 630 1353; x_wconf 89' lang='grc' dir='ltr'>μενος</span> <span class='ocrx_word' id='word_1_79' title='bbox 691 1285 821 1347; x_wconf 84' lang='grc' dir='ltr'>τοὺς</span> <span class='ocrx_word' id='word_1_80' title='bbox 856 1285 947 1338; x_wconf 84' lang='grc' dir='ltr'>ὑπ’</span> <span class='ocrx_word' id='word_1_81' title='bbox 995 1286 1157 1340; x_wconf 70' lang='grc' dir='ltr'>αὑτὸν</span> <span class='ocrx_word' id='word_1_82' title='bbox 1201 1286 1575 1355; x_wconf 78' lang='grc' dir='ltr'><strong>τεταγμένους</strong></span> <span class='ocrx_word' id='word_1_83' title='bbox 1629 1287 1897 1357; x_wconf 80' lang='grc' dir='ltr'>μοναχοὺς</span> 
     </span>
    </p>
   </div>
   <div class='ocr_carea' id='block_1_15' title="bbox 399 1376 1899 1448">
    <p class='ocr_par' dir='ltr' id='par_1_15' title="bbox 399 1376 1899 1448">
     <span class='ocr_line' id='line_1_15' title="bbox 399 1376 1899 1448; baseline 0.001 -21"><span class='ocrx_word' id='word_1_84' title='bbox 399 1394 418 1427; x_wconf 82' lang='lat' dir='ltr'><strong>t</strong></span> <span class='ocrx_word' id='word_1_85' title='bbox 465 1376 966 1446; x_wconf 79' lang='grc' dir='ltr'><strong>ἀποδιδράσκοντας</strong></span> <span class='ocrx_word' id='word_1_86' title='bbox 1010 1379 1068 1432; x_wconf 84' lang='grc' dir='ltr'><strong>οὑ</strong></span> <span class='ocrx_word' id='word_1_87' title='bbox 1117 1378 1257 1447; x_wconf 89' lang='grc' dir='ltr'><strong>μετά</strong></span> <span class='ocrx_word' id='word_1_88' title='bbox 1304 1378 1508 1445; x_wconf 83' lang='grc' dir='ltr'>πολλῆς</span> <span class='ocrx_word' id='word_1_89' title='bbox 1549 1382 1649 1448; x_wconf 75' lang='grc' dir='ltr'><strong>τῆς</strong></span> <span class='ocrx_word' id='word_1_90' title='bbox 1699 1380 1899 1447; x_wconf 74' lang='grc' dir='ltr'>ἐπιμε-</span> 
     </span>
    </p>
   </div>
   <div class='ocr_carea' id='block_1_16' title="bbox 400 1466 1895 1540">
    <p class='ocr_par' dir='ltr' id='par_1_16' title="bbox 400 1466 1895 1540">
     <span class='ocr_line' id='line_1_16' title="bbox 400 1466 1895 1540; baseline 0.005 -23"><span class='ocrx_word' id='word_1_91' title='bbox 400 1483 420 1517; x_wconf 75' lang='grc' dir='ltr'><strong>ι</strong></span> <span class='ocrx_word' id='word_1_92' title='bbox 467 1466 615 1528; x_wconf 80' lang='grc' dir='ltr'>λείας</span> <span class='ocrx_word' id='word_1_93' title='bbox 649 1467 971 1537; x_wconf 74' lang='grc' dir='ltr'>ἀναζητοίη,</span> <span class='ocrx_word' id='word_1_94' title='bbox 1027 1469 1059 1539; x_wconf 73' lang='grc' dir='ltr'><strong>ἢ</strong></span> <span class='ocrx_word' id='word_1_95' title='bbox 1109 1470 1453 1540; x_wconf 81' lang='grc' dir='ltr'>ὲφευρίσκων</span> <span class='ocrx_word' id='word_1_96' title='bbox 1508 1471 1607 1524; x_wconf 86' lang='grc' dir='ltr'><strong>οὑκ</strong></span> <span class='ocrx_word' id='word_1_97' title='bbox 1653 1469 1895 1537; x_wconf 85' lang='grc' dir='ltr'>ἀναλαμ-</span> 
     </span>
    </p>
   </div>
   <div class='ocr_carea' id='block_1_17' title="bbox 403 1558 1901 1632">
    <p class='ocr_par' dir='ltr' id='par_1_17' title="bbox 403 1558 1901 1632">
     <span class='ocr_line' id='line_1_17' title="bbox 403 1558 1901 1632; baseline 0.002 -22"><span class='ocrx_word' id='word_1_98' title='bbox 403 1576 423 1610; x_wconf 76' lang='grc' dir='ltr'><strong>ι</strong></span> <span class='ocrx_word' id='word_1_99' title='bbox 470 1558 705 1621; x_wconf 80' lang='grc' dir='ltr'>ϐἀνοιτο,</span> <span class='ocrx_word' id='word_1_100' title='bbox 734 1559 829 1612; x_wconf 72' lang='grc' dir='ltr'><strong>καὶ</strong></span> <span class='ocrx_word' id='word_1_101' title='bbox 854 1563 919 1629; x_wconf 77' lang='grc' dir='ltr'>τῇ</span> <span class='ocrx_word' id='word_1_102' title='bbox 954 1561 1310 1632; x_wconf 80' lang='grc' dir='ltr'>προσηκοὺσῃ</span> <span class='ocrx_word' id='word_1_103' title='bbox 1342 1562 1435 1615; x_wconf 86' lang='grc' dir='ltr'>καὶ</span> <span class='ocrx_word' id='word_1_104' title='bbox 1459 1561 1780 1632; x_wconf 81' lang='grc' dir='ltr'>καταλλήλῳ</span> <span class='ocrx_word' id='word_1_105' title='bbox 1807 1559 1901 1615; x_wconf 86' lang='grc' dir='ltr'><strong>τοῦ</strong></span> 
     </span>
    </p>
   </div>
   <div class='ocr_carea' id='block_1_18' title="bbox 403 1651 1903 1725">
    <p class='ocr_par' dir='ltr' id='par_1_18' title="bbox 403 1651 1903 1725">
     <span class='ocr_line' id='line_1_18' title="bbox 403 1651 1903 1725; baseline 0.004 -24"><span class='ocrx_word' id='word_1_106' title='bbox 403 1668 422 1701; x_wconf 71' lang='grc' dir='ltr'><strong>ι</strong></span> <span class='ocrx_word' id='word_1_107' title='bbox 471 1651 816 1719; x_wconf 79' lang='grc' dir='ltr'>πταίσματος</span> <span class='ocrx_word' id='word_1_108' title='bbox 863 1652 1075 1724; x_wconf 74' lang='grc' dir='ltr'>ἰατρείᾳ</span> <span class='ocrx_word' id='word_1_109' title='bbox 1126 1653 1188 1705; x_wconf 79' lang='grc' dir='ltr'><strong>τὸ</strong></span> <span class='ocrx_word' id='word_1_110' title='bbox 1239 1656 1528 1725; x_wconf 74' lang='grc' dir='ltr'>νενοσηκὸς</span> <span class='ocrx_word' id='word_1_111' title='bbox 1564 1654 1903 1707; x_wconf 81' lang='grc' dir='ltr'>ἀνακτᾶσθαι</span> 
     </span>
    </p>
   </div>
   <div class='ocr_carea' id='block_1_19' title="bbox 408 1744 1901 1816">
    <p class='ocr_par' dir='ltr' id='par_1_19' title="bbox 408 1744 1901 1816">
     <span class='ocr_line' id='line_1_19' title="bbox 408 1744 1901 1816; baseline 0.003 -21"><span class='ocrx_word' id='word_1_112' title='bbox 408 1761 428 1794; x_wconf 84' lang='lat' dir='ltr'><strong>t</strong></span> <span class='ocrx_word' id='word_1_113' title='bbox 474 1744 568 1796; x_wconf 80' lang='grc' dir='ltr'><strong>καὶ</strong></span> <span class='ocrx_word' id='word_1_114' title='bbox 602 1745 993 1815; x_wconf 75' lang='grc' dir='ltr'>ὲπιρῤωννύειν</span> <span class='ocrx_word' id='word_1_115' title='bbox 1031 1747 1373 1813; x_wconf 76' lang='grc' dir='ltr'>ἀγωνίζοιτο,</span> <span class='ocrx_word' id='word_1_116' title='bbox 1414 1747 1603 1799; x_wconf 84' lang='grc' dir='ltr'>τοῦτον</span> <span class='ocrx_word' id='word_1_117' title='bbox 1636 1746 1837 1816; x_wconf 83' lang='grc' dir='ltr'>ὥρισεν</span> <span class='ocrx_word' id='word_1_118' title='bbox 1868 1748 1901 1816; x_wconf 83' lang='grc' dir='ltr'>ἠ</span> 
     </span>
    </p>
   </div>
   <div class='ocr_carea' id='block_1_20' title="bbox 402 1837 1900 1911">
    <p class='ocr_par' dir='ltr' id='par_1_20' title="bbox 402 1837 1900 1911">
     <span class='ocr_line' id='line_1_20' title="bbox 402 1837 1900 1911; baseline 0.002 -23"><span class='ocrx_word' id='word_1_119' title='bbox 402 1854 423 1888; x_wconf 76' lang='grc' dir='ltr'><strong>ι</strong></span> <span class='ocrx_word' id='word_1_120' title='bbox 470 1837 601 1903; x_wconf 86' lang='grc' dir='ltr'>ἀγία</span> <span class='ocrx_word' id='word_1_121' title='bbox 638 1838 858 1900; x_wconf 70' lang='grc' dir='ltr'>σύνοδος</span> <span class='ocrx_word' id='word_1_122' title='bbox 896 1839 1191 1909; x_wconf 74' lang='grc' dir='ltr'>ἀφορισμῷ</span> <span class='ocrx_word' id='word_1_123' title='bbox 1238 1840 1585 1893; x_wconf 76' lang='grc' dir='ltr'>ὑποκεῖσθαι.</span> <span class='ocrx_word' id='word_1_124' title='bbox 1627 1841 1690 1893; x_wconf 84' lang='lat' dir='ltr'><strong>El</strong></span> <span class='ocrx_word' id='word_1_125' title='bbox 1721 1839 1831 1911; x_wconf 72' lang='grc' dir='ltr'>γὰρ</span> <span class='ocrx_word' id='word_1_126' title='bbox 1870 1839 1900 1891; x_wconf 85' lang='grc' dir='ltr'><strong>ὁ</strong></span> 
     </span>
    </p>
   </div>
   <div class='ocr_carea' id='block_1_21' title="bbox 402 1928 1900 2001">
    <p class='ocr_par' dir='ltr' id='par_1_21' title="bbox 402 1928 1900 2001">
     <span class='ocr_line' id='line_1_21' title="bbox 402 1928 1900 2001; baseline 0.004 -23"><span class='ocrx_word' id='word_1_127' title='bbox 402 1945 421 1978; x_wconf 79' lang='grc' dir='ltr'><strong><em>σ</em></strong></span> <span class='ocrx_word' id='word_1_128' title='bbox 469 1928 623 1992; x_wconf 79' lang='grc' dir='ltr'>ζώων</span> <span class='ocrx_word' id='word_1_129' title='bbox 672 1929 884 1997; x_wconf 84' lang='grc' dir='ltr'>ἀλόγων</span> <span class='ocrx_word' id='word_1_130' title='bbox 914 1932 1014 1999; x_wconf 81' lang='grc' dir='ltr'>τὴν</span> <span class='ocrx_word' id='word_1_131' title='bbox 1060 1931 1401 2000; x_wconf 70' lang='grc' dir='ltr'>προστασίαν</span> <span class='ocrx_word' id='word_1_132' title='bbox 1436 1931 1900 2001; x_wconf 77' lang='grc' dir='ltr'>ὲγχειριζόμενος,</span> 
     </span>
    </p>
   </div>
   <div class='ocr_carea' id='block_1_22' title="bbox 403 2020 1904 2093">
    <p class='ocr_par' dir='ltr' id='par_1_22' title="bbox 403 2020 1904 2093">
     <span class='ocr_line' id='line_1_22' title="bbox 403 2020 1904 2093; baseline -0.001 -19"><span class='ocrx_word' id='word_1_133' title='bbox 403 2036 425 2074; x_wconf 74' lang='grc' dir='ltr'><strong>ι</strong></span> <span class='ocrx_word' id='word_1_134' title='bbox 468 2020 559 2074; x_wconf 73' lang='grc' dir='ltr'>καὶ</span> <span class='ocrx_word' id='word_1_135' title='bbox 593 2020 683 2075; x_wconf 89' lang='grc' dir='ltr'><strong>τοῦ</strong></span> <span class='ocrx_word' id='word_1_136' title='bbox 726 2021 982 2090; x_wconf 77' lang='grc' dir='ltr'>ποιμνίου</span> <span class='ocrx_word' id='word_1_137' title='bbox 1017 2021 1370 2091; x_wconf 71' lang='grc' dir='ltr'>καταμελῶν,</span> <span class='ocrx_word' id='word_1_138' title='bbox 1415 2021 1515 2074; x_wconf 86' lang='grc' dir='ltr'><strong>οὑκ</strong></span> <span class='ocrx_word' id='word_1_139' title='bbox 1556 2021 1904 2093; x_wconf 84' lang='grc' dir='ltr'>ἀτιμώρητος</span> 
     </span>
    </p>
   </div>
   <div class='ocr_carea' id='block_1_23' title="bbox 406 2114 1901 2188">
    <p class='ocr_par' dir='ltr' id='par_1_23' title="bbox 406 2114 1901 2188">
     <span class='ocr_line' id='line_1_23' title="bbox 406 2114 1901 2188; baseline 0.003 -22"><span class='ocrx_word' id='word_1_140' title='bbox 406 2133 425 2166; x_wconf 73' lang='grc' dir='ltr'><strong>ι</strong></span> <span class='ocrx_word' id='word_1_141' title='bbox 472 2114 947 2184; x_wconf 84' lang='grc' dir='ltr'>καταλιμπάνεται</span> <span class='ocrx_word' id='word_1_142' title='bbox 979 2133 993 2147; x_wconf 90' lang='grc'><strong>·</strong></span> <span class='ocrx_word' id='word_1_143' title='bbox 1028 2115 1135 2168; x_wconf 84' lang='grc' dir='ltr'><strong>τῶν</strong></span> <span class='ocrx_word' id='word_1_144' title='bbox 1168 2116 1403 2186; x_wconf 79' lang='grc' dir='ltr'>Χριστοῦ</span> <span class='ocrx_word' id='word_1_145' title='bbox 1440 2116 1774 2187; x_wconf 83' lang='grc' dir='ltr'>θρεμμάτων</span> <span class='ocrx_word' id='word_1_146' title='bbox 1802 2119 1901 2188; x_wconf 74' lang='grc' dir='ltr'><strong>τὴν</strong></span> 
     </span>
    </p>
   </div>
   <div class='ocr_carea' id='block_1_24' title="bbox 405 2206 1909 2278">
    <p class='ocr_par' dir='ltr' id='par_1_24' title="bbox 405 2206 1909 2278">
     <span class='ocr_line' id='line_1_24' title="bbox 405 2206 1909 2278; baseline -0.001 -19"><span class='ocrx_word' id='word_1_147' title='bbox 405 2226 425 2259; x_wconf 87' lang='grc'><em>‹</em></span> <span class='ocrx_word' id='word_1_148' title='bbox 472 2206 840 2276; x_wconf 77' lang='grc' dir='ltr'>ποιμαντικὴν</span> <span class='ocrx_word' id='word_1_149' title='bbox 889 2206 1064 2277; x_wconf 75' lang='grc' dir='ltr'>ἀρχὴν</span> <span class='ocrx_word' id='word_1_150' title='bbox 1119 2206 1595 2269; x_wconf 80' lang='grc' dir='ltr'>καταπιστευθεὶς,</span> <span class='ocrx_word' id='word_1_151' title='bbox 1653 2207 1749 2260; x_wconf 59' lang='grc' dir='ltr'><strong>καὶ⁵</strong></span> <span class='ocrx_word' id='word_1_152' title='bbox 1808 2209 1909 2278; x_wconf 78' lang='grc' dir='ltr'><strong>ρᾳ-</strong></span> 
     </span>
    </p>
   </div>
   <div class='ocr_carea' id='block_1_25' title="bbox 406 2296 1907 2371">
    <p class='ocr_par' dir='ltr' id='par_1_25' title="bbox 406 2296 1907 2371">
     <span class='ocr_line' id='line_1_25' title="bbox 406 2296 1907 2371; baseline -0.001 -19"><span class='ocrx_word' id='word_1_153' title='bbox 406 2318 424 2351; x_wconf 78' lang='grc' dir='ltr'><strong>ι</strong></span> <span class='ocrx_word' id='word_1_154' title='bbox 473 2298 652 2371; x_wconf 78' lang='grc' dir='ltr'>στώνῃ</span> <span class='ocrx_word' id='word_1_155' title='bbox 686 2298 778 2351; x_wconf 70' lang='grc' dir='ltr'><strong>καὶ</strong></span> <span class='ocrx_word' id='word_1_156' title='bbox 811 2297 1054 2369; x_wconf 74' lang='grc' dir='ltr'>ῥᾳθυμίᾳ</span> <span class='ocrx_word' id='word_1_157' title='bbox 1081 2296 1179 2368; x_wconf 83' lang='grc' dir='ltr'>τὴν</span> <span class='ocrx_word' id='word_1_158' title='bbox 1203 2297 1384 2352; x_wconf 85' lang='grc' dir='ltr'>αὑτῶν</span> <span class='ocrx_word' id='word_1_159' title='bbox 1418 2300 1692 2368; x_wconf 80' lang='grc' dir='ltr'>σωτηρίαν</span> <span class='ocrx_word' id='word_1_160' title='bbox 1727 2301 1907 2362; x_wconf 83' lang='grc' dir='ltr'>ἀπεμ-</span> 
     </span>
    </p>
   </div>
   <div class='ocr_carea' id='block_1_26' title="bbox 404 2387 1906 2461">
    <p class='ocr_par' dir='ltr' id='par_1_26' title="bbox 404 2387 1906 2461">
     <span class='ocr_line' id='line_1_26' title="bbox 404 2387 1906 2461; baseline 0 -18"><span class='ocrx_word' id='word_1_161' title='bbox 404 2409 425 2443; x_wconf 79' lang='grc' dir='ltr'><strong>ι</strong></span> <span class='ocrx_word' id='word_1_162' title='bbox 470 2389 671 2454; x_wconf 84' lang='grc' dir='ltr'>πολῶν,</span> <span class='ocrx_word' id='word_1_163' title='bbox 707 2389 823 2453; x_wconf 81' lang='grc' dir='ltr'>πῶς</span> <span class='ocrx_word' id='word_1_164' title='bbox 860 2388 921 2442; x_wconf 81' lang='grc' dir='ltr'><strong>οὐ</strong></span> <span class='ocrx_word' id='word_1_165' title='bbox 953 2389 1108 2451; x_wconf 82' lang='grc' dir='ltr'>δίκας</span> <span class='ocrx_word' id='word_1_166' title='bbox 1136 2387 1229 2442; x_wconf 90' lang='grc' dir='ltr'><strong>τοῦ</strong></span> <span class='ocrx_word' id='word_1_167' title='bbox 1261 2389 1613 2460; x_wconf 84' lang='grc' dir='ltr'>τολμήματος</span> <span class='ocrx_word' id='word_1_168' title='bbox 1672 2391 1906 2461; x_wconf 86' lang='grc' dir='ltr'>είσπρα·</span> 
     </span>
    </p>
   </div>
   <div class='ocr_carea' id='block_1_27' title="bbox 402 2483 827 2553">
    <p class='ocr_par' dir='ltr' id='par_1_27' title="bbox 402 2483 827 2553">
     <span class='ocr_line' id='line_1_27' title="bbox 402 2483 827 2553; baseline -0.002 -19"><span class='ocrx_word' id='word_1_169' title='bbox 402 2500 421 2534; x_wconf 74' lang='grc' dir='ltr'><strong>ι</strong></span> <span class='ocrx_word' id='word_1_170' title='bbox 469 2483 768 2553; x_wconf 84' lang='grc' dir='ltr'>χθήσεται;</span> <span class='ocrx_word' id='word_1_171' title='bbox 808 2500 827 2533; x_wconf 79' lang='grc' dir='ltr'><strong>ι</strong></span> 
     </span>
    </p>
   </div>
   <div class='ocr_carea' id='block_1_28' title="bbox 399 2569 1907 2643">
    <p class='ocr_par' dir='ltr' id='par_1_28' title="bbox 399 2569 1907 2643">
     <span class='ocr_line' id='line_1_28' title="bbox 399 2569 1907 2643; baseline -0.001 -16"><span class='ocrx_word' id='word_1_172' title='bbox 399 2574 599 2629; x_wconf 75' lang='grc' dir='ltr'>ΒΑΛΣ.</span> <span class='ocrx_word' id='word_1_173' title='bbox 669 2573 729 2626; x_wconf 85' lang='grc' dir='ltr'>Ὀ</span> <span class='ocrx_word' id='word_1_174' title='bbox 801 2574 901 2643; x_wconf 81' lang='grc' dir='ltr'><strong>μὲν</strong></span> <span class='ocrx_word' id='word_1_175' title='bbox 958 2570 1047 2628; x_wconf 63' lang='grc' dir='ltr'>ἰα’</span> <span class='ocrx_word' id='word_1_176' title='bbox 1095 2570 1276 2627; x_wconf 83' lang='grc' dir='ltr'>κανὼν</span> <span class='ocrx_word' id='word_1_177' title='bbox 1325 2572 1426 2642; x_wconf 81' lang='grc' dir='ltr'>τῆς</span> <span class='ocrx_word' id='word_1_178' title='bbox 1468 2569 1512 2636; x_wconf 73' lang='grc' dir='ltr'><strong>ζ’</strong></span> <span class='ocrx_word' id='word_1_179' title='bbox 1572 2572 1793 2626; x_wconf 75' lang='grc' dir='ltr'>συνόδου</span> <span class='ocrx_word' id='word_1_180' title='bbox 1847 2574 1907 2625; x_wconf 87' lang='grc' dir='ltr'><strong>οὑ</strong></span> 
     </span>
    </p>
   </div>
   <div class='ocr_carea' id='block_1_29' title="bbox 329 2666 1911 2738">
    <p class='ocr_par' dir='ltr' id='par_1_29' title="bbox 329 2666 1911 2738">
     <span class='ocr_line' id='line_1_29' title="bbox 329 2666 1911 2738; baseline -0.003 -18"><span class='ocrx_word' id='word_1_181' title='bbox 329 2669 659 2738; x_wconf 86' lang='grc' dir='ltr'>παραχωρεῖ</span> <span class='ocrx_word' id='word_1_182' title='bbox 694 2666 1134 2737; x_wconf 74' lang='grc' dir='ltr'>καταλιμπάνειν</span> <span class='ocrx_word' id='word_1_183' title='bbox 1172 2667 1443 2735; x_wconf 79' lang='grc' dir='ltr'>μοναχοὺς</span> <span class='ocrx_word' id='word_1_184' title='bbox 1494 2666 1524 2732; x_wconf 82' lang='grc' dir='ltr'>ἦ</span> <span class='ocrx_word' id='word_1_185' title='bbox 1576 2668 1911 2736; x_wconf 75' lang='grc' dir='ltr'>μοναστρίας</span> 
     </span>
    </p>
   </div>
   <div class='ocr_carea' id='block_1_30' title="bbox 330 2754 1913 2829">
    <p class='ocr_par' dir='ltr' id='par_1_30' title="bbox 330 2754 1913 2829">
     <span class='ocr_line' id='line_1_30' title="bbox 330 2754 1913 2829; baseline -0.001 -17"><span class='ocrx_word' id='word_1_186' title='bbox 330 2760 429 2821; x_wconf 75' lang='grc' dir='ltr'><strong>τὰς</strong></span> <span class='ocrx_word' id='word_1_187' title='bbox 458 2761 516 2810; x_wconf 80' lang='grc' dir='ltr'><strong>ἐν</strong></span> <span class='ocrx_word' id='word_1_188' title='bbox 544 2754 631 2820; x_wconf 76' lang='grc' dir='ltr'><strong>αἷς</strong></span> <span class='ocrx_word' id='word_1_189' title='bbox 658 2758 1020 2829; x_wconf 84' lang='grc' dir='ltr'>ἁπεκάρησαν</span> <span class='ocrx_word' id='word_1_190' title='bbox 1060 2759 1248 2828; x_wconf 73' lang='grc' dir='ltr'>μονὰς.</span> <span class='ocrx_word' id='word_1_191' title='bbox 1283 2761 1377 2812; x_wconf 76' lang='grc' dir='ltr'><strong>καὶ</strong></span> <span class='ocrx_word' id='word_1_192' title='bbox 1412 2760 1492 2823; x_wconf 87' lang='grc' dir='ltr'><strong>είς</strong></span> <span class='ocrx_word' id='word_1_193' title='bbox 1518 2759 1709 2829; x_wconf 75' lang='grc' dir='ltr'>ἕτερον</span> <span class='ocrx_word' id='word_1_194' title='bbox 1741 2760 1913 2827; x_wconf 61' lang='grc' dir='ltr'>ἀπερ-</span> 
     </span>
    </p>
   </div>
   <div class='ocr_carea' id='block_1_31' title="bbox 327 2849 1913 2922">
    <p class='ocr_par' dir='ltr' id='par_1_31' title="bbox 327 2849 1913 2922">
     <span class='ocr_line' id='line_1_31' title="bbox 327 2849 1913 2922; baseline -0.002 -19"><span class='ocrx_word' id='word_1_195' title='bbox 327 2852 520 2922; x_wconf 82' lang='grc' dir='ltr'>χεσθαι</span> <span class='ocrx_word' id='word_1_196' title='bbox 580 2852 945 2921; x_wconf 83' lang='grc' dir='ltr'>μοναστήριον</span> <span class='ocrx_word' id='word_1_197' title='bbox 994 2851 1126 2904; x_wconf 82' lang='grc' dir='ltr'>ἀνευ</span> <span class='ocrx_word' id='word_1_198' title='bbox 1168 2850 1504 2919; x_wconf 77' lang='grc' dir='ltr'>ἁπολυτικῆς</span> <span class='ocrx_word' id='word_1_199' title='bbox 1534 2849 1757 2920; x_wconf 77' lang='grc' dir='ltr'>γραφῆς</span> <span class='ocrx_word' id='word_1_200' title='bbox 1803 2850 1913 2902; x_wconf 84' lang='grc' dir='ltr'><strong>τῶν</strong></span> 
     </span>
    </p>
   </div>
   <div class='ocr_carea' id='block_1_32' title="bbox 330 2941 1911 3016">
    <p class='ocr_par' dir='ltr' id='par_1_32' title="bbox 330 2941 1911 3016">
     <span class='ocr_line' id='line_1_32' title="bbox 330 2941 1911 3016; baseline -0.003 -18"><span class='ocrx_word' id='word_1_201' title='bbox 330 2945 651 3016; x_wconf 73' lang='grc' dir='ltr'>ἡγουμένων</span> <span class='ocrx_word' id='word_1_202' title='bbox 695 2943 878 2997; x_wconf 84' lang='grc' dir='ltr'>αὐτῶν</span> <span class='ocrx_word' id='word_1_203' title='bbox 913 2959 927 2974; x_wconf 88' lang='grc'><strong>·</strong></span> <span class='ocrx_word' id='word_1_204' title='bbox 962 2943 1102 3013; x_wconf 77' lang='grc' dir='ltr'>πλὴν</span> <span class='ocrx_word' id='word_1_205' title='bbox 1129 2943 1190 2995; x_wconf 82' lang='grc' dir='ltr'><strong>οὑ</strong></span> <span class='ocrx_word' id='word_1_206' title='bbox 1224 2946 1464 3012; x_wconf 78' lang='grc' dir='ltr'>τιμωρεῖ</span> <span class='ocrx_word' id='word_1_207' title='bbox 1494 2942 1720 3005; x_wconf 81' lang='grc' dir='ltr'>τούτους</span> <span class='ocrx_word' id='word_1_208' title='bbox 1751 2955 1765 2970; x_wconf 85' lang='grc'>⁶</span> <span class='ocrx_word' id='word_1_209' title='bbox 1800 2944 1825 2995; x_wconf 86' lang='grc' dir='ltr'><strong>ό</strong></span> <span class='ocrx_word' id='word_1_210' title='bbox 1856 2941 1911 2993; x_wconf 72' lang='grc' dir='ltr'>δὲ</span> 
     </span>
    </p>
   </div>
   <div class='ocr_carea' id='block_1_33' title="bbox 331 3031 1915 3102">
    <p class='ocr_par' dir='ltr' id='par_1_33' title="bbox 331 3031 1915 3102">
     <span class='ocr_line' id='line_1_33' title="bbox 331 3031 1915 3102; baseline -0.001 -19"><span class='ocrx_word' id='word_1_211' title='bbox 331 3032 524 3102; x_wconf 86' lang='grc' dir='ltr'>παρὼν</span> <span class='ocrx_word' id='word_1_212' title='bbox 570 3031 749 3084; x_wconf 85' lang='grc' dir='ltr'>κανὼν</span> <span class='ocrx_word' id='word_1_213' title='bbox 798 3031 1093 3102; x_wconf 64' lang='grc' dir='ltr'>ἀφνρισμῷ</span> <span class='ocrx_word' id='word_1_214' title='bbox 1141 3031 1547 3086; x_wconf 81' lang='grc' dir='ltr'>καθυποόάλλει</span> <span class='ocrx_word' id='word_1_215' title='bbox 1589 3032 1717 3096; x_wconf 80' lang='grc' dir='ltr'>τοὺς</span> <span class='ocrx_word' id='word_1_216' title='bbox 1750 3034 1915 3102; x_wconf 77' lang='grc' dir='ltr'>ἡγου-</span> 
     </span>
    </p>
   </div>
   <div class='ocr_carea' id='block_1_34' title="bbox 340 3123 1912 3196">
    <p class='ocr_par' dir='ltr' id='par_1_34' title="bbox 340 3123 1912 3196">
     <span class='ocr_line' id='line_1_34' title="bbox 340 3123 1912 3196; baseline -0.003 -17"><span class='ocrx_word' id='word_1_217' title='bbox 340 3126 535 3196; x_wconf 88' lang='grc' dir='ltr'>μένους</span> <span class='ocrx_word' id='word_1_218' title='bbox 567 3124 693 3186; x_wconf 80' lang='grc' dir='ltr'>τοὺς</span> <span class='ocrx_word' id='word_1_219' title='bbox 724 3124 801 3192; x_wconf 82' lang='grc' dir='ltr'>μὴ</span> <span class='ocrx_word' id='word_1_220' title='bbox 836 3123 957 3193; x_wconf 84' lang='grc' dir='ltr'>μετ’</span> <span class='ocrx_word' id='word_1_221' title='bbox 985 3125 1304 3191; x_wconf 74' lang='grc' dir='ltr'>ἐπιμελείας</span> <span class='ocrx_word' id='word_1_222' title='bbox 1336 3124 1637 3194; x_wconf 77' lang='grc' dir='ltr'>ζητοῦντας</span> <span class='ocrx_word' id='word_1_223' title='bbox 1665 3124 1792 3186; x_wconf 76' lang='grc' dir='ltr'>τοὺς</span> <span class='ocrx_word' id='word_1_224' title='bbox 1821 3124 1912 3176; x_wconf 79' lang='grc' dir='ltr'>ὑπ’</span> 
     </span>
    </p>
   </div>
   <div class='ocr_carea' id='block_1_35' title="bbox 337 3213 1911 3286">
    <p class='ocr_par' dir='ltr' id='par_1_35' title="bbox 337 3213 1911 3286">
     <span class='ocr_line' id='line_1_35' title="bbox 337 3213 1911 3286; baseline -0.003 -15"><span class='ocrx_word' id='word_1_225' title='bbox 337 3214 536 3278; x_wconf 80' lang='grc' dir='ltr'>αὐτοὺς</span> <span class='ocrx_word' id='word_1_226' title='bbox 575 3214 866 3284; x_wconf 79' lang='grc' dir='ltr'>μοναχοὺς,</span> <span class='ocrx_word' id='word_1_227' title='bbox 897 3213 1032 3282; x_wconf 76' lang='grc' dir='ltr'>μηδὲ</span> <span class='ocrx_word' id='word_1_228' title='bbox 1061 3213 1545 3285; x_wconf 79' lang='grc' dir='ltr'>ἀναλαμϐάνοντας</span> <span class='ocrx_word' id='word_1_229' title='bbox 1574 3215 1911 3286; x_wconf 78' lang='grc' dir='ltr'>ὁπουδήποτε</span> 
     </span>
    </p>
   </div>
   <div class='ocr_carea' id='block_1_36' title="bbox 337 3306 1914 3379">
    <p class='ocr_par' dir='ltr' id='par_1_36' title="bbox 337 3306 1914 3379">
     <span class='ocr_line' id='line_1_36' title="bbox 337 3306 1914 3379; baseline -0.001 -17"><span class='ocrx_word' id='word_1_230' title='bbox 337 3307 787 3379; x_wconf 81' lang='grc' dir='ltr'>εὑρισκομένους,</span> <span class='ocrx_word' id='word_1_231' title='bbox 814 3306 954 3374; x_wconf 81' lang='grc' dir='ltr'>μήτε</span> <span class='ocrx_word' id='word_1_232' title='bbox 989 3306 1096 3378; x_wconf 82' lang='grc' dir='ltr'>μὴν</span> <span class='ocrx_word' id='word_1_233' title='bbox 1139 3306 1561 3376; x_wconf 84' lang='grc' dir='ltr'>ἀνακτωμένους</span> <span class='ocrx_word' id='word_1_234' title='bbox 1595 3307 1664 3361; x_wconf 83' lang='grc' dir='ltr'><strong>τά</strong></span> <span class='ocrx_word' id='word_1_235' title='bbox 1703 3306 1914 3377; x_wconf 75' lang='grc' dir='ltr'>ψυχικά</span> 
     </span>
    </p>
   </div>
   <div class='ocr_carea' id='block_1_37' title="bbox 338 3398 1914 3471">
    <p class='ocr_par' dir='ltr' id='par_1_37' title="bbox 338 3398 1914 3471">
     <span class='ocr_line' id='line_1_37' title="bbox 338 3398 1914 3471; baseline -0.002 -17"><span class='ocrx_word' id='word_1_236' title='bbox 338 3401 549 3455; x_wconf 80' lang='grc' dir='ltr'>τούτων</span> <span class='ocrx_word' id='word_1_237' title='bbox 600 3400 1013 3471; x_wconf 70' lang='grc' dir='ltr'>ἀρρωστήματα</span> <span class='ocrx_word' id='word_1_238' title='bbox 1048 3414 1063 3430; x_wconf 83' lang='grc'>⁶</span> <span class='ocrx_word' id='word_1_239' title='bbox 1098 3398 1352 3452; x_wconf 86' lang='grc' dir='ltr'>τοσοῦτον</span> <span class='ocrx_word' id='word_1_240' title='bbox 1390 3399 1447 3451; x_wconf 70' lang='grc' dir='ltr'>δὲ</span> <span class='ocrx_word' id='word_1_241' title='bbox 1482 3399 1608 3463; x_wconf 75' lang='grc' dir='ltr'>τοὺς</span> <span class='ocrx_word' id='word_1_242' title='bbox 1647 3400 1914 3471; x_wconf 77' lang='grc' dir='ltr'>μοναχοὺς</span> 
     </span>
    </p>
   </div>
   <div class='ocr_carea' id='block_1_38' title="bbox 340 3492 1909 3563">
    <p class='ocr_par' dir='ltr' id='par_1_38' title="bbox 340 3492 1909 3563">
     <span class='ocr_line' id='line_1_38' title="bbox 340 3492 1909 3563; baseline -0.001 -17"><span class='ocrx_word' id='word_1_243' title='bbox 340 3495 566 3551; x_wconf 82' lang='grc' dir='ltr'>ἀπαιτεῖ</span> <span class='ocrx_word' id='word_1_244' title='bbox 594 3495 925 3563; x_wconf 79' lang='grc' dir='ltr'>προσμένειν</span> <span class='ocrx_word' id='word_1_245' title='bbox 954 3493 1074 3555; x_wconf 90' lang='grc' dir='ltr'>ταῖς</span> <span class='ocrx_word' id='word_1_246' title='bbox 1101 3492 1257 3554; x_wconf 78' lang='grc' dir='ltr'>ἰδίαις</span> <span class='ocrx_word' id='word_1_247' title='bbox 1287 3493 1494 3560; x_wconf 87' lang='grc' dir='ltr'>μοναῖς,</span> <span class='ocrx_word' id='word_1_248' title='bbox 1527 3492 1602 3555; x_wconf 84' lang='grc' dir='ltr'>ὡς</span> <span class='ocrx_word' id='word_1_249' title='bbox 1630 3492 1728 3563; x_wconf 82' lang='grc' dir='ltr'>τὴν</span> <span class='ocrx_word' id='word_1_250' title='bbox 1765 3494 1909 3563; x_wconf 41' lang='grc' dir='ltr'>ἐκεῖ-</span> 
     </span>
    </p>
   </div>
   <div class='ocr_carea' id='block_1_39' title="bbox 340 3557 1915 3654">
    <p class='ocr_par' dir='ltr' id='par_1_39' title="bbox 340 3557 1915 3654">
     <span class='ocr_line' id='line_1_39' title="bbox 340 3557 1915 3654; baseline -0.003 -14"><span class='ocrx_word' id='word_1_251' title='bbox 340 3588 433 3640; x_wconf 88' lang='grc' dir='ltr'><strong>θεν</strong></span> <span class='ocrx_word' id='word_1_252' title='bbox 482 3557 661 3638; x_wconf 78' lang='grc' dir='ltr'>αὐτῶν</span> <span class='ocrx_word' id='word_1_253' title='bbox 701 3557 1049 3653; x_wconf 82' lang='grc' dir='ltr'>ἀναχώρησιν</span> <span class='ocrx_word' id='word_1_254' title='bbox 1098 3557 1401 3653; x_wconf 77' lang='grc' dir='ltr'>ἀπόδρασιν</span> <span class='ocrx_word' id='word_1_255' title='bbox 1444 3557 1732 3653; x_wconf 71' lang='grc' dir='ltr'>ὀνομάσαι,</span> <span class='ocrx_word' id='word_1_256' title='bbox 1778 3557 1915 3654; x_wconf 78' lang='grc' dir='ltr'>ὅπερ</span> 
     </span>
    </p>
   </div>
   <div class='ocr_carea' id='block_1_40' title="bbox 339 3674 1913 3745">
    <p class='ocr_par' dir='ltr' id='par_1_40' title="bbox 339 3674 1913 3745">
     <span class='ocr_line' id='line_1_40' title="bbox 339 3674 1913 3745; baseline -0.003 -12"><span class='ocrx_word' id='word_1_257' title='bbox 339 3681 435 3734; x_wconf 74' lang='grc' dir='ltr'><strong>ἐπὶ</strong></span> <span class='ocrx_word' id='word_1_258' title='bbox 463 3679 665 3732; x_wconf 76' lang='grc' dir='ltr'>δούλων</span> <span class='ocrx_word' id='word_1_259' title='bbox 692 3677 785 3729; x_wconf 71' lang='grc' dir='ltr'><strong>καὶ</strong></span> <span class='ocrx_word' id='word_1_260' title='bbox 819 3675 927 3728; x_wconf 82' lang='grc' dir='ltr'>τῶν</span> <span class='ocrx_word' id='word_1_261' title='bbox 959 3677 1016 3727; x_wconf 79' lang='grc' dir='ltr'>ὲν</span> <span class='ocrx_word' id='word_1_262' title='bbox 1051 3676 1298 3745; x_wconf 78' lang='grc' dir='ltr'>είρκταῖς</span> <span class='ocrx_word' id='word_1_263' title='bbox 1342 3675 1374 3744; x_wconf 75' lang='grc' dir='ltr'>ἢ</span> <span class='ocrx_word' id='word_1_264' title='bbox 1423 3674 1641 3742; x_wconf 80' lang='grc' dir='ltr'>δεσμοῖς</span> <span class='ocrx_word' id='word_1_265' title='bbox 1688 3693 1913 3743; x_wconf 76' lang='grc' dir='ltr'>κατεχοο</span> 
     </span>
    </p>
   </div>
   <div class='ocr_carea' id='block_1_41' title="bbox 338 3765 1916 3843">
    <p class='ocr_par' dir='ltr' id='par_1_41' title="bbox 338 3765 1916 3843">
     <span class='ocr_line' id='line_1_41' title="bbox 338 3765 1916 3843; baseline -0.004 -18"><span class='ocrx_word' id='word_1_266' title='bbox 338 3775 515 3843; x_wconf 85' lang='grc' dir='ltr'>μένων</span> <span class='ocrx_word' id='word_1_267' title='bbox 556 3768 716 3822; x_wconf 84' lang='grc' dir='ltr'>είωθε</span> <span class='ocrx_word' id='word_1_268' title='bbox 754 3767 1032 3836; x_wconf 89' lang='grc' dir='ltr'>λέγεσθαι.</span> <span class='ocrx_word' id='word_1_269' title='bbox 1081 3767 1139 3820; x_wconf 89' lang='grc' dir='ltr'>Ὅ</span> <span class='ocrx_word' id='word_1_270' title='bbox 1172 3766 1354 3833; x_wconf 87' lang='grc' dir='ltr'>μέντοι</span> <span class='ocrx_word' id='word_1_271' title='bbox 1391 3772 1448 3818; x_wconf 87' lang='grc' dir='ltr'>π’</span> <span class='ocrx_word' id='word_1_272' title='bbox 1499 3765 1679 3819; x_wconf 85' lang='grc' dir='ltr'>κανὼν</span> <span class='ocrx_word' id='word_1_273' title='bbox 1704 3767 1805 3835; x_wconf 83' lang='grc' dir='ltr'>τῆς</span> <span class='ocrx_word' id='word_1_274' title='bbox 1858 3768 1916 3819; x_wconf 78' lang='grc' dir='ltr'>ἐν</span> 
     </span>
    </p>
   </div>
   <div class='ocr_carea' id='block_1_42' title="bbox 337 3858 1915 3936">
    <p class='ocr_par' dir='ltr' id='par_1_42' title="bbox 337 3858 1915 3936">
     <span class='ocr_line' id='line_1_42' title="bbox 337 3858 1915 3936; baseline -0.005 -18"><span class='ocrx_word' id='word_1_275' title='bbox 337 3864 672 3936; x_wconf 80' lang='grc' dir='ltr'>Καρθαγένῃ</span> <span class='ocrx_word' id='word_1_276' title='bbox 731 3861 952 3915; x_wconf 84' lang='grc' dir='ltr'>συνόδου</span> <span class='ocrx_word' id='word_1_277' title='bbox 1011 3861 1247 3930; x_wconf 82' lang='grc' dir='ltr'>τιμωρεῖ</span> <span class='ocrx_word' id='word_1_278' title='bbox 1296 3858 1386 3912; x_wconf 74' lang='grc' dir='ltr'><strong>τὸν</strong></span> <span class='ocrx_word' id='word_1_279' title='bbox 1442 3859 1766 3925; x_wconf 76' lang='grc' dir='ltr'>ἐπίσκοπον,</span> <span class='ocrx_word' id='word_1_280' title='bbox 1825 3858 1915 3931; x_wconf 61' lang='grc' dir='ltr'><strong>τον</strong></span> 
     </span>
    </p>
   </div>
   <div class='ocr_carea' id='block_1_43' title="bbox 340 3950 1917 4023">
    <p class='ocr_par' dir='ltr' id='par_1_43' title="bbox 340 3950 1917 4023">
     <span class='ocr_line' id='line_1_43' title="bbox 340 3950 1917 4023; baseline -0.008 -14"><span class='ocrx_word' id='word_1_281' title='bbox 340 3953 835 4023; x_wconf 69' lang='grc' dir='ltr'>ἑγκαταστήσαντα</span> <span class='ocrx_word' id='word_1_282' title='bbox 891 3950 1125 4021; x_wconf 87' lang='grc' dir='ltr'>μοναχόν</span> <span class='ocrx_word' id='word_1_283' title='bbox 1172 3966 1296 4002; x_wconf 85' lang='grc' dir='ltr'>τινα</span> <span class='ocrx_word' id='word_1_284' title='bbox 1353 3950 1460 4003; x_wconf 80' lang='grc' dir='ltr'><strong>ἀπὸ</strong></span> <span class='ocrx_word' id='word_1_285' title='bbox 1513 3950 1702 4019; x_wconf 81' lang='grc' dir='ltr'>ἐτέρας</span> <span class='ocrx_word' id='word_1_286' title='bbox 1748 3950 1917 4020; x_wconf 82' lang='grc' dir='ltr'>μονῆς</span> 
     </span>
    </p>
   </div>
   <div class='ocr_carea' id='block_1_44' title="bbox 342 4040 1915 4119">
    <p class='ocr_par' dir='ltr' id='par_1_44' title="bbox 342 4040 1915 4119">
     <span class='ocr_line' id='line_1_44' title="bbox 342 4040 1915 4119; baseline -0.007 -16"><span class='ocrx_word' id='word_1_287' title='bbox 342 4048 508 4119; x_wconf 77' lang='grc' dir='ltr'>ἑτέρᾳ</span> <span class='ocrx_word' id='word_1_288' title='bbox 562 4047 748 4114; x_wconf 55' lang='lat' dir='ltr'><strong>tvm.qu</strong></span> <span class='ocrx_word' id='word_1_289' title='bbox 797 4044 1165 4111; x_wconf 82' lang='grc' dir='ltr'>ὑποκειμένης</span> <span class='ocrx_word' id='word_1_290' title='bbox 1200 4043 1277 4105; x_wconf 83' lang='grc' dir='ltr'><strong>εἰς</strong></span> <span class='ocrx_word' id='word_1_291' title='bbox 1329 4042 1542 4111; x_wconf 75' lang='grc' dir='ltr'>ἑτέραν,</span> <span class='ocrx_word' id='word_1_292' title='bbox 1591 4040 1915 4113; x_wconf 81' lang='grc' dir='ltr'>κληρικδνῆ</span> 
     </span>
    </p>
   </div>
   <div class='ocr_carea' id='block_1_45' title="bbox 343 4130 1917 4207">
    <p class='ocr_par' dir='ltr' id='par_1_45' title="bbox 343 4130 1917 4207">
     <span class='ocr_line' id='line_1_45' title="bbox 343 4130 1917 4207; baseline -0.004 -17"><span class='ocrx_word' id='word_1_293' title='bbox 343 4135 674 4207; x_wconf 76' lang='grc' dir='ltr'>ἡγούμενον.</span> <span class='ocrx_word' id='word_1_294' title='bbox 702 4133 938 4195; x_wconf 75' lang='grc' dir='ltr'>Κολάξει</span> <span class='ocrx_word' id='word_1_295' title='bbox 980 4131 1036 4183; x_wconf 82' lang='grc' dir='ltr'>δὲ</span> <span class='ocrx_word' id='word_1_296' title='bbox 1068 4133 1162 4183; x_wconf 77' lang='grc' dir='ltr'><strong>καὶ</strong></span> <span class='ocrx_word' id='word_1_297' title='bbox 1186 4131 1348 4184; x_wconf 71' lang='grc' dir='ltr'>αὑτὸν</span> <span class='ocrx_word' id='word_1_298' title='bbox 1381 4130 1472 4183; x_wconf 71' lang='grc' dir='ltr'><strong>τὸν</strong></span> <span class='ocrx_word' id='word_1_299' title='bbox 1515 4131 1752 4201; x_wconf 83' lang='grc' dir='ltr'>μοναχόν</span> <span class='ocrx_word' id='word_1_300' title='bbox 1778 4146 1790 4160; x_wconf 79' lang='grc'><strong><em>⁸</em></strong></span> <span class='ocrx_word' id='word_1_301' title='bbox 1822 4132 1917 4184; x_wconf 70' lang='grc' dir='ltr'><strong>καὶ</strong></span> 
     </span>
    </p>
   </div>
   <div class='ocr_carea' id='block_1_46' title="bbox 340 4225 1920 4301">
    <p class='ocr_par' dir='ltr' id='par_1_46' title="bbox 340 4225 1920 4301">
     <span class='ocr_line' id='line_1_46' title="bbox 340 4225 1920 4301; baseline -0.013 -13"><span class='ocrx_word' id='word_1_302' title='bbox 340 4230 612 4301; x_wconf 85' lang='grc' dir='ltr'>ἀνάγνωθι</span> <span class='ocrx_word' id='word_1_303' title='bbox 657 4228 870 4283; x_wconf 89' lang='grc' dir='ltr'>τοῦτον.</span> <span class='ocrx_word' id='word_1_304' title='bbox 904 4226 970 4280; x_wconf 87' lang='grc' dir='ltr'>Τί</span> <span class='ocrx_word' id='word_1_305' title='bbox 1015 4227 1094 4291; x_wconf 78' lang='grc' dir='ltr'>δὲ,</span> <span class='ocrx_word' id='word_1_306' title='bbox 1141 4225 1231 4279; x_wconf 85' lang='grc' dir='ltr'><strong>τοῦ</strong></span> <span class='ocrx_word' id='word_1_307' title='bbox 1267 4225 1682 4296; x_wconf 81' lang='grc' dir='ltr'>καθηγουμένου</span> <span class='ocrx_word' id='word_1_308' title='bbox 1717 4226 1920 4296; x_wconf 73' lang='grc' dir='ltr'>ἀναζη-</span> 
     </span>
    </p>
   </div>
   <div class='ocr_carea' id='block_1_47' title="bbox 347 4320 1916 4389">
    <p class='ocr_par' dir='ltr' id='par_1_47' title="bbox 347 4320 1916 4389">
     <span class='ocr_line' id='line_1_47' title="bbox 347 4320 1916 4389; baseline -0.005 -11"><span class='ocrx_word' id='word_1_309' title='bbox 347 4325 571 4387; x_wconf 80' lang='grc' dir='ltr'>τοῦντος</span> <span class='ocrx_word' id='word_1_310' title='bbox 598 4323 688 4377; x_wconf 67' lang='grc' dir='ltr'>τὸν</span> <span class='ocrx_word' id='word_1_311' title='bbox 721 4323 921 4375; x_wconf 85' lang='grc' dir='ltr'>οίκεῖον</span> <span class='ocrx_word' id='word_1_312' title='bbox 949 4320 1206 4389; x_wconf 67' lang='grc' dir='ltr'>μοναχὸν,</span> <span class='ocrx_word' id='word_1_313' title='bbox 1231 4321 1324 4371; x_wconf 77' lang='grc' dir='ltr'><strong>ἐὰν</strong></span> <span class='ocrx_word' id='word_1_314' title='bbox 1355 4320 1519 4383; x_wconf 73' lang='grc' dir='ltr'>αὑτὸς</span> <span class='ocrx_word' id='word_1_315' title='bbox 1543 4320 1916 4388; x_wconf 77' lang='grc' dir='ltr'>ἀποδυσπετῇ,</span> 
     </span>
    </p>
   </div>
   <div class='ocr_carea' id='block_1_48' title="bbox 338 4411 1916 4488">
    <p class='ocr_par' dir='ltr' id='par_1_48' title="bbox 338 4411 1916 4488">
     <span class='ocr_line' id='line_1_48' title="bbox 338 4411 1916 4488; baseline -0.007 -15"><span class='ocrx_word' id='word_1_316' title='bbox 338 4420 395 4477; x_wconf 86' lang='grc' dir='ltr'><strong>τί</strong></span> <span class='ocrx_word' id='word_1_317' title='bbox 448 4419 772 4488; x_wconf 86' lang='grc' dir='ltr'>γενήσεται;</span> <span class='ocrx_word' id='word_1_318' title='bbox 811 4416 1019 4480; x_wconf 85' lang='grc' dir='ltr'>Λύσις.</span> <span class='ocrx_word' id='word_1_319' title='bbox 1056 4415 1135 4466; x_wconf 86' lang='grc' dir='ltr'><strong>Δι’</strong></span> <span class='ocrx_word' id='word_1_320' title='bbox 1186 4411 1567 4466; x_wconf 83' lang='grc' dir='ltr'>ἑπισκοπικῶν</span> <span class='ocrx_word' id='word_1_321' title='bbox 1619 4412 1916 4481; x_wconf 77' lang='grc' dir='ltr'>ἐπιτιμίων</span> 
     </span>
    </p>
   </div>
   <div class='ocr_carea' id='block_1_49' title="bbox 2075 554 3573 627">
    <p class='ocr_par' dir='ltr' id='par_1_49' title="bbox 2075 554 3573 627">
     <span class='ocr_line' id='line_1_49' title="bbox 2075 554 3573 627; baseline -0.001 -18"><span class='ocrx_word' id='word_1_322' title='bbox 2075 574 2095 609; x_wconf 77' lang='grc' dir='ltr'><strong>ι</strong></span> <span class='ocrx_word' id='word_1_323' title='bbox 2128 555 2315 620; x_wconf 80' lang='lat' dir='ltr'><strong>fuerit,</strong></span> <span class='ocrx_word' id='word_1_324' title='bbox 2347 570 2454 611; x_wconf 88' lang='lat' dir='ltr'><strong>non</strong></span> <span class='ocrx_word' id='word_1_325' title='bbox 2484 567 2774 627; x_wconf 75' lang='lat' dir='ltr'><strong>pmsente,</strong></span> <span class='ocrx_word' id='word_1_326' title='bbox 2810 556 2902 625; x_wconf 91' lang='lat' dir='ltr'><strong>qui</strong></span> <span class='ocrx_word' id='word_1_327' title='bbox 2930 570 3053 608; x_wconf 87' lang='lat' dir='ltr'><strong>eum</strong></span> <span class='ocrx_word' id='word_1_328' title='bbox 3091 556 3144 609; x_wconf 92' lang='lat' dir='ltr'><strong>in</strong></span> <span class='ocrx_word' id='word_1_329' title='bbox 3171 554 3573 623; x_wconf 87' lang='lat' dir='ltr'><strong>subiectionem</strong></span> 
     </span>
    </p>
   </div>
   <div class='ocr_carea' id='block_1_50' title="bbox 2073 646 3579 720">
    <p class='ocr_par' dir='ltr' id='par_1_50' title="bbox 2073 646 3579 720">
     <span class='ocr_line' id='line_1_50' title="bbox 2073 646 3579 720; baseline -0.002 -17"><span class='ocrx_word' id='word_1_330' title='bbox 2073 667 2094 703; x_wconf 76' lang='grc' dir='ltr'><strong>ι</strong></span> <span class='ocrx_word' id='word_1_331' title='bbox 2134 660 2456 720; x_wconf 88' lang='lat' dir='ltr'><strong>recepturus</strong></span> <span class='ocrx_word' id='word_1_332' title='bbox 2485 657 2588 713; x_wconf 86' lang='lat' dir='ltr'><strong>est,</strong></span> <span class='ocrx_word' id='word_1_333' title='bbox 2628 647 2905 719; x_wconf 67' lang='lat' dir='ltr'><strong>praefecto,</strong></span> <span class='ocrx_word' id='word_1_334' title='bbox 2952 648 3043 700; x_wconf 90' lang='lat' dir='ltr'><strong>ille</strong></span> <span class='ocrx_word' id='word_1_335' title='bbox 3073 647 3294 716; x_wconf 85' lang='lat' dir='ltr'><strong>quidem</strong></span> <span class='ocrx_word' id='word_1_336' title='bbox 3326 646 3579 715; x_wconf 83' lang='lat' dir='ltr'><strong>depona-</strong></span> 
     </span>
    </p>
   </div>
   <div class='ocr_carea' id='block_1_51' title="bbox 2078 736 3578 808">
    <p class='ocr_par' dir='ltr' id='par_1_51' title="bbox 2078 736 3578 808">
     <span class='ocr_line' id='line_1_51' title="bbox 2078 736 3578 808; baseline -0.003 -13"><span class='ocrx_word' id='word_1_337' title='bbox 2078 761 2097 795; x_wconf 76' lang='grc' dir='ltr'><strong>ι</strong></span> <span class='ocrx_word' id='word_1_338' title='bbox 2131 752 2237 804; x_wconf 89' lang='lat' dir='ltr'><strong>tur,</strong></span> <span class='ocrx_word' id='word_1_339' title='bbox 2263 742 2527 796; x_wconf 87' lang='lat' dir='ltr'><strong>detonsus</strong></span> <span class='ocrx_word' id='word_1_340' title='bbox 2573 751 2754 795; x_wconf 85' lang='lat' dir='ltr'><strong>autem</strong></span> <span class='ocrx_word' id='word_1_341' title='bbox 2806 739 2859 793; x_wconf 90' lang='lat' dir='ltr'><strong>in</strong></span> <span class='ocrx_word' id='word_1_342' title='bbox 2916 738 3259 808; x_wconf 89' lang='lat' dir='ltr'><strong>subiectione</strong></span> <span class='ocrx_word' id='word_1_343' title='bbox 3311 738 3475 793; x_wconf 87' lang='lat' dir='ltr'><strong>etiam</strong></span> <span class='ocrx_word' id='word_1_344' title='bbox 3521 736 3578 792; x_wconf 88' lang='lat' dir='ltr'><strong>in</strong></span> 
     </span>
    </p>
   </div>
   <div class='ocr_carea' id='block_1_52' title="bbox 2076 832 3241 900">
    <p class='ocr_par' dir='ltr' id='par_1_52' title="bbox 2076 832 3241 900">
     <span class='ocr_line' id='line_1_52' title="bbox 2076 832 3241 900; baseline -0.003 -15"><span class='ocrx_word' id='word_1_345' title='bbox 2076 851 2103 885; x_wconf 67' lang='grc' dir='ltr'><strong>τ</strong></span> <span class='ocrx_word' id='word_1_346' title='bbox 2133 834 2469 888; x_wconf 88' lang='lat' dir='ltr'><strong>monasterio</strong></span> <span class='ocrx_word' id='word_1_347' title='bbox 2491 834 2560 886; x_wconf 85' lang='lat' dir='ltr'><strong>ab</strong></span> <span class='ocrx_word' id='word_1_348' title='bbox 2588 834 2847 900; x_wconf 61' lang='lat' dir='ltr'><strong>episcOpo</strong></span> <span class='ocrx_word' id='word_1_349' title='bbox 2872 832 3189 886; x_wconf 88' lang='lat' dir='ltr'><strong>collocetur.</strong></span> <span class='ocrx_word' id='word_1_350' title='bbox 3222 847 3241 882; x_wconf 80' lang='grc' dir='ltr'><strong>ι</strong></span> 
     </span>
    </p>
   </div>
   <div class='ocr_carea' id='block_1_53' title="bbox 2508 920 3073 994">
    <p class='ocr_par' dir='ltr' id='par_1_53' title="bbox 2508 920 3073 994">
     <span class='ocr_line' id='line_1_53' title="bbox 2508 920 3073 994; baseline -0.011 -15"><span class='ocrx_word' id='word_1_351' title='bbox 2508 924 2677 994; x_wconf 73' lang='lat'><strong>336</strong></span> <span class='ocrx_word' id='word_1_352' title='bbox 2708 920 2937 977; x_wconf 81' lang='lat' dir='ltr'><strong>CANON</strong></span> <span class='ocrx_word' id='word_1_353' title='bbox 2981 920 3073 975; x_wconf 88' lang='grc' dir='ltr'>ιιι.</span> 
     </span>
    </p>
   </div>
   <div class='ocr_carea' id='block_1_54' title="bbox 2004 1011 3577 1088">
    <p class='ocr_par' dir='ltr' id='par_1_54' title="bbox 2004 1011 3577 1088">
     <span class='ocr_line' id='line_1_54' title="bbox 2004 1011 3577 1088; baseline -0.001 -20"><span class='ocrx_word' id='word_1_354' title='bbox 2004 1035 2023 1068; x_wconf 76' lang='grc' dir='ltr'><strong>ι</strong></span> <span class='ocrx_word' id='word_1_355' title='bbox 2060 1016 2115 1072; x_wconf 93' lang='lat' dir='ltr'><strong>ld</strong></span> <span class='ocrx_word' id='word_1_356' title='bbox 2148 1032 2367 1086; x_wconf 91' lang='lat' dir='ltr'><strong>quoque</strong></span> <span class='ocrx_word' id='word_1_357' title='bbox 2391 1019 2538 1088; x_wconf 89' lang='lat' dir='ltr'><strong>quod</strong></span> <span class='ocrx_word' id='word_1_358' title='bbox 2565 1017 2705 1071; x_wconf 88' lang='lat' dir='ltr'><strong>male</strong></span> <span class='ocrx_word' id='word_1_359' title='bbox 2750 1016 2827 1082; x_wconf 89' lang='lat' dir='ltr'><strong>lit,</strong></span> <span class='ocrx_word' id='word_1_360' title='bbox 2857 1024 2912 1071; x_wconf 90' lang='lat' dir='ltr'><strong>et</strong></span> <span class='ocrx_word' id='word_1_361' title='bbox 2946 1015 3114 1069; x_wconf 89' lang='lat' dir='ltr'><strong>multo</strong></span> <span class='ocrx_word' id='word_1_362' title='bbox 3144 1014 3299 1085; x_wconf 83' lang='lat' dir='ltr'><strong>pejus</strong></span> <span class='ocrx_word' id='word_1_363' title='bbox 3325 1011 3577 1080; x_wconf 86' lang='lat' dir='ltr'><strong>despica-</strong></span> 
     </span>
    </p>
   </div>
   <div class='ocr_carea' id='block_1_55' title="bbox 2080 1106 3573 1180">
    <p class='ocr_par' dir='ltr' id='par_1_55' title="bbox 2080 1106 3573 1180">
     <span class='ocr_line' id='line_1_55' title="bbox 2080 1106 3573 1180; baseline -0.002 -18"><span class='ocrx_word' id='word_1_364' title='bbox 2080 1131 2099 1162; x_wconf 75' lang='grc' dir='ltr'><strong>ι</strong></span> <span class='ocrx_word' id='word_1_365' title='bbox 2142 1113 2215 1165; x_wconf 87' lang='grc' dir='ltr'>ιιιί</span> <span class='ocrx_word' id='word_1_366' title='bbox 2291 1121 2348 1166; x_wconf 90' lang='lat' dir='ltr'><strong>et</strong></span> <span class='ocrx_word' id='word_1_367' title='bbox 2410 1110 2756 1180; x_wconf 72' lang='lat' dir='ltr'><strong>negligentiae</strong></span> <span class='ocrx_word' id='word_1_368' title='bbox 2808 1109 3122 1171; x_wconf 76' lang='lat' dir='ltr'><strong>mandatur,</strong></span> <span class='ocrx_word' id='word_1_369' title='bbox 3173 1106 3573 1161; x_wconf 73' lang='lat' dir='ltr'><strong>correctionem</strong></span> 
     </span>
    </p>
   </div>
   <div class='ocr_carea' id='block_1_56' title="bbox 2074 1193 3585 1273">
    <p class='ocr_par' dir='ltr' id='par_1_56' title="bbox 2074 1193 3585 1273">
     <span class='ocr_line' id='line_1_56' title="bbox 2074 1193 3585 1273; baseline -0.006 -18"><span class='ocrx_word' id='word_1_370' title='bbox 2074 1222 2095 1255; x_wconf 75' lang='grc' dir='ltr'><strong>ι</strong></span> <span class='ocrx_word' id='word_1_371' title='bbox 2132 1214 2386 1273; x_wconf 89' lang='lat' dir='ltr'><strong>oportere</strong></span> <span class='ocrx_word' id='word_1_372' title='bbox 2432 1202 2648 1269; x_wconf 85' lang='lat' dir='ltr'><strong>assequi</strong></span> <span class='ocrx_word' id='word_1_373' title='bbox 2692 1193 2998 1270; x_wconf 80' lang='lat' dir='ltr'><strong>iudicatum</strong></span> <span class='ocrx_word' id='word_1_374' title='bbox 3056 1208 3160 1253; x_wconf 88' lang='lat' dir='ltr'><strong>est.</strong></span> <span class='ocrx_word' id='word_1_375' title='bbox 3202 1197 3258 1250; x_wconf 89' lang='lat' dir='ltr'><strong>Si</strong></span> <span class='ocrx_word' id='word_1_376' title='bbox 3294 1198 3417 1266; x_wconf 90' lang='lat' dir='ltr'><strong>quis</strong></span> <span class='ocrx_word' id='word_1_377' title='bbox 3454 1211 3585 1265; x_wconf 81' lang='lat' dir='ltr'><strong>ergo</strong></span> 
     </span>
    </p>
   </div>
   <div class='ocr_carea' id='block_1_57' title="bbox 2084 1290 3583 1365">
    <p class='ocr_par' dir='ltr' id='par_1_57' title="bbox 2084 1290 3583 1365">
     <span class='ocr_line' id='line_1_57' title="bbox 2084 1290 3583 1365; baseline -0.004 -18"><span class='ocrx_word' id='word_1_378' title='bbox 2084 1315 2101 1347; x_wconf 82' lang='grc' dir='ltr'><strong>ι</strong></span> <span class='ocrx_word' id='word_1_379' title='bbox 2135 1295 2451 1349; x_wconf 85' lang='lat' dir='ltr'><strong>monasterii</strong></span> <span class='ocrx_word' id='word_1_380' title='bbox 2480 1294 2763 1365; x_wconf 68' lang='lat' dir='ltr'><strong>praefectus</strong></span> <span class='ocrx_word' id='word_1_381' title='bbox 2789 1307 2905 1358; x_wconf 84' lang='lat' dir='ltr'><strong>eos,</strong></span> <span class='ocrx_word' id='word_1_382' title='bbox 2933 1290 3149 1359; x_wconf 63' lang='lat' dir='ltr'><strong>qniTsibi</strong></span> <span class='ocrx_word' id='word_1_383' title='bbox 3178 1290 3404 1357; x_wconf 79' lang='lat' dir='ltr'><strong>subjecti</strong></span> <span class='ocrx_word' id='word_1_384' title='bbox 3433 1300 3583 1353; x_wconf 81' lang='lat' dir='ltr'><strong>sunt,</strong></span> 
     </span>
    </p>
   </div>
   <div class='ocr_carea' id='block_1_58' title="bbox 2086 1379 3585 1456">
    <p class='ocr_par' dir='ltr' id='par_1_58' title="bbox 2086 1379 3585 1456">
     <span class='ocr_line' id='line_1_58' title="bbox 2086 1379 3585 1456; baseline -0.007 -16"><span class='ocrx_word' id='word_1_385' title='bbox 2086 1407 2105 1440; x_wconf 82' lang='grc' dir='ltr'><strong>ι</strong></span> <span class='ocrx_word' id='word_1_386' title='bbox 2164 1388 2463 1443; x_wconf 87' lang='lat' dir='ltr'><strong>monachos</strong></span> <span class='ocrx_word' id='word_1_387' title='bbox 2508 1386 2855 1456; x_wconf 81' lang='lat' dir='ltr'><strong>aufugieutcs</strong></span> <span class='ocrx_word' id='word_1_388' title='bbox 2913 1400 3034 1438; x_wconf 88' lang='lat' dir='ltr'><strong>cum</strong></span> <span class='ocrx_word' id='word_1_389' title='bbox 3093 1384 3260 1435; x_wconf 88' lang='lat' dir='ltr'><strong>multa</strong></span> <span class='ocrx_word' id='word_1_390' title='bbox 3305 1379 3585 1448; x_wconf 77' lang='lat' dir='ltr'><strong>diligentia</strong></span> 
     </span>
    </p>
   </div>
   <div class='ocr_carea' id='block_1_59' title="bbox 2089 1472 3661 1551">
    <p class='ocr_par' dir='ltr' id='par_1_59' title="bbox 2089 1472 3661 1551">
     <span class='ocr_line' id='line_1_59' title="bbox 2089 1472 3661 1551; baseline -0.006 -17"><span class='ocrx_word' id='word_1_391' title='bbox 2089 1502 2108 1534; x_wconf 75' lang='grc' dir='ltr'><strong>ι</strong></span> <span class='ocrx_word' id='word_1_392' title='bbox 2139 1497 2245 1535; x_wconf 91' lang='lat' dir='ltr'><strong>non</strong></span> <span class='ocrx_word' id='word_1_393' title='bbox 2302 1480 2567 1551; x_wconf 81' lang='lat' dir='ltr'><strong>requirat,</strong></span> <span class='ocrx_word' id='word_1_394' title='bbox 2615 1479 2699 1535; x_wconf 90' lang='lat' dir='ltr'><strong>vel</strong></span> <span class='ocrx_word' id='word_1_395' title='bbox 2742 1477 3031 1532; x_wconf 84' lang='lat' dir='ltr'><strong>inveniens</strong></span> <span class='ocrx_word' id='word_1_396' title='bbox 3077 1489 3183 1529; x_wconf 92' lang='lat' dir='ltr'><strong>non</strong></span> <span class='ocrx_word' id='word_1_397' title='bbox 3243 1472 3489 1540; x_wconf 78' lang='lat' dir='ltr'><strong>recipiat,</strong></span> <span class='ocrx_word' id='word_1_398' title='bbox 3532 1478 3588 1524; x_wconf 86' lang='lat' dir='ltr'><strong>et</strong></span> <span class='ocrx_word' id='word_1_399' title='bbox 3660 1532 3661 1535; x_wconf 25' lang='grc' dir='ltr'><strong>η</strong></span> 
     </span>
    </p>
   </div>
   <div class='ocr_carea' id='block_1_60' title="bbox 2081 1562 3584 1639">
    <p class='ocr_par' dir='ltr' id='par_1_60' title="bbox 2081 1562 3584 1639">
     <span class='ocr_line' id='line_1_60' title="bbox 2081 1562 3584 1639; baseline -0.008 -12"><span class='ocrx_word' id='word_1_400' title='bbox 2081 1592 2101 1627; x_wconf 75' lang='grc' dir='ltr'><strong>ι</strong></span> <span class='ocrx_word' id='word_1_401' title='bbox 2136 1573 2496 1628; x_wconf 82' lang='lat' dir='ltr'><strong>conveniente</strong></span> <span class='ocrx_word' id='word_1_402' title='bbox 2520 1570 2810 1639; x_wconf 86' lang='lat' dir='ltr'><strong>lapsuique</strong></span> <span class='ocrx_word' id='word_1_403' title='bbox 2839 1577 3179 1635; x_wconf 74' lang='lat' dir='ltr'><strong>congruente</strong></span> <span class='ocrx_word' id='word_1_404' title='bbox 3204 1565 3472 1617; x_wconf 88' lang='lat' dir='ltr'><strong>medicina</strong></span> <span class='ocrx_word' id='word_1_405' title='bbox 3508 1562 3584 1624; x_wconf 90' lang='lat' dir='ltr'><strong>id,</strong></span> 
     </span>
    </p>
   </div>
   <div class='ocr_carea' id='block_1_61' title="bbox 2093 1663 3589 1736">
    <p class='ocr_par' dir='ltr' id='par_1_61' title="bbox 2093 1663 3589 1736">
     <span class='ocr_line' id='line_1_61' title="bbox 2093 1663 3589 1736; baseline -0.007 -17"><span class='ocrx_word' id='word_1_406' title='bbox 2093 1686 2110 1719; x_wconf 83' lang='grc' dir='ltr'><strong>ι</strong></span> <span class='ocrx_word' id='word_1_407' title='bbox 2149 1666 2292 1736; x_wconf 90' lang='lat' dir='ltr'><strong>quod</strong></span> <span class='ocrx_word' id='word_1_408' title='bbox 2318 1668 2507 1718; x_wconf 90' lang='lat' dir='ltr'><strong>morbo</strong></span> <span class='ocrx_word' id='word_1_409' title='bbox 2556 1663 2807 1718; x_wconf 72' lang='lat' dir='ltr'><strong>affectuum</strong></span> <span class='ocrx_word' id='word_1_410' title='bbox 2866 1671 2969 1721; x_wconf 82' lang='lat' dir='ltr'><strong>est,</strong></span> <span class='ocrx_word' id='word_1_411' title='bbox 3028 1674 3138 1712; x_wconf 90' lang='lat' dir='ltr'><strong>non</strong></span> <span class='ocrx_word' id='word_1_412' title='bbox 3196 1665 3478 1725; x_wconf 85' lang='lat' dir='ltr'><strong>recuperet</strong></span> <span class='ocrx_word' id='word_1_413' title='bbox 3532 1664 3589 1708; x_wconf 80' lang='lat' dir='ltr'><strong>et</strong></span> 
     </span>
    </p>
   </div>
   <div class='ocr_carea' id='block_1_62' title="bbox 2097 1748 3582 1820">
    <p class='ocr_par' dir='ltr' id='par_1_62' title="bbox 2097 1748 3582 1820">
     <span class='ocr_line' id='line_1_62' title="bbox 2097 1748 3582 1820; baseline -0.008 -8"><span class='ocrx_word' id='word_1_414' title='bbox 2097 1777 2116 1811; x_wconf 77' lang='grc' dir='ltr'><strong>ι</strong></span> <span class='ocrx_word' id='word_1_415' title='bbox 2157 1759 2483 1812; x_wconf 81' lang='lat' dir='ltr'><strong>confirmare</strong></span> <span class='ocrx_word' id='word_1_416' title='bbox 2520 1755 2858 1809; x_wconf 81' lang='lat' dir='ltr'><strong>contendat:</strong></span> <span class='ocrx_word' id='word_1_417' title='bbox 2895 1757 3087 1810; x_wconf 79' lang='lat' dir='ltr'><strong>statuit</strong></span> <span class='ocrx_word' id='word_1_418' title='bbox 3114 1762 3302 1807; x_wconf 87' lang='lat' dir='ltr'><strong>sancta</strong></span> <span class='ocrx_word' id='word_1_419' title='bbox 3336 1748 3582 1820; x_wconf 81' lang='lat' dir='ltr'><strong>synodus</strong></span> 
     </span>
    </p>
   </div>
   <div class='ocr_carea' id='block_1_63' title="bbox 2091 1841 3589 1918">
    <p class='ocr_par' dir='ltr' id='par_1_63' title="bbox 2091 1841 3589 1918">
     <span class='ocr_line' id='line_1_63' title="bbox 2091 1841 3589 1918; baseline -0.006 -17"><span class='ocrx_word' id='word_1_420' title='bbox 2091 1868 2108 1901; x_wconf 87' lang='grc' dir='ltr'><strong>ι</strong></span> <span class='ocrx_word' id='word_1_421' title='bbox 2146 1863 2269 1903; x_wconf 88' lang='lat' dir='ltr'><strong>eum</strong></span> <span class='ocrx_word' id='word_1_422' title='bbox 2324 1847 2688 1918; x_wconf 77' lang='lat' dir='ltr'><strong>segregatioui</strong></span> <span class='ocrx_word' id='word_1_423' title='bbox 2745 1846 2964 1914; x_wconf 83' lang='lat' dir='ltr'><strong>subjici.</strong></span> <span class='ocrx_word' id='word_1_424' title='bbox 3006 1845 3063 1899; x_wconf 88' lang='lat' dir='ltr'><strong>Si</strong></span> <span class='ocrx_word' id='word_1_425' title='bbox 3111 1844 3277 1904; x_wconf 85' lang='lat' dir='ltr'><strong>enim.</strong></span> <span class='ocrx_word' id='word_1_426' title='bbox 3330 1843 3419 1897; x_wconf 91' lang='lat' dir='ltr'><strong>cui</strong></span> <span class='ocrx_word' id='word_1_427' title='bbox 3463 1841 3589 1893; x_wconf 85' lang='lat' dir='ltr'><strong>ani-</strong></span> 
     </span>
    </p>
   </div>
   <div class='ocr_carea' id='block_1_64' title="bbox 2088 1932 3587 2006">
    <p class='ocr_par' dir='ltr' id='par_1_64' title="bbox 2088 1932 3587 2006">
     <span class='ocr_line' id='line_1_64' title="bbox 2088 1932 3587 2006; baseline -0.006 -14"><span class='ocrx_word' id='word_1_428' title='bbox 2088 1958 2105 1992; x_wconf 78' lang='grc' dir='ltr'><strong>ι</strong></span> <span class='ocrx_word' id='word_1_429' title='bbox 2147 1939 2369 1994; x_wconf 71' lang='grc' dir='ltr'>ιιιοιῑιιιιι</span> <span class='ocrx_word' id='word_1_430' title='bbox 2403 1938 2615 1994; x_wconf 81' lang='lat' dir='ltr'><strong>ratione</strong></span> <span class='ocrx_word' id='word_1_431' title='bbox 2657 1938 2959 1993; x_wconf 87' lang='lat' dir='ltr'><strong>carentium</strong></span> <span class='ocrx_word' id='word_1_432' title='bbox 3022 1935 3338 2006; x_wconf 43' lang='lat' dir='ltr'><strong>praefectura</strong></span> <span class='ocrx_word' id='word_1_433' title='bbox 3382 1932 3587 1985; x_wconf 74' lang='lat' dir='ltr'><strong>credita</strong></span> 
     </span>
    </p>
   </div>
   <div class='ocr_carea' id='block_1_65' title="bbox 2087 2025 3585 2101">
    <p class='ocr_par' dir='ltr' id='par_1_65' title="bbox 2087 2025 3585 2101">
     <span class='ocr_line' id='line_1_65' title="bbox 2087 2025 3585 2101; baseline -0.004 -18"><span class='ocrx_word' id='word_1_434' title='bbox 2087 2051 2105 2083; x_wconf 81' lang='grc' dir='ltr'><strong>ι</strong></span> <span class='ocrx_word' id='word_1_435' title='bbox 2143 2041 2246 2099; x_wconf 77' lang='lat' dir='ltr'><strong>est,</strong></span> <span class='ocrx_word' id='word_1_436' title='bbox 2274 2043 2327 2088; x_wconf 92' lang='lat' dir='ltr'><strong>et</strong></span> <span class='ocrx_word' id='word_1_437' title='bbox 2349 2047 2564 2101; x_wconf 79' lang='lat' dir='ltr'><strong>gregem</strong></span> <span class='ocrx_word' id='word_1_438' title='bbox 2595 2030 2837 2101; x_wconf 79' lang='lat' dir='ltr'><strong>negligit.</strong></span> <span class='ocrx_word' id='word_1_439' title='bbox 2872 2029 2922 2084; x_wconf 91' lang='lat' dir='ltr'><strong>id</strong></span> <span class='ocrx_word' id='word_1_440' title='bbox 2961 2046 3065 2083; x_wconf 91' lang='lat' dir='ltr'><strong>non</strong></span> <span class='ocrx_word' id='word_1_441' title='bbox 3108 2030 3211 2083; x_wconf 89' lang='lat' dir='ltr'><strong>fert</strong></span> <span class='ocrx_word' id='word_1_442' title='bbox 3237 2028 3460 2096; x_wconf 83' lang='lat' dir='ltr'><strong>impune</strong></span> <span class='ocrx_word' id='word_1_443' title='bbox 3492 2042 3506 2078; x_wconf 92' lang='lat'><strong>:</strong></span> <span class='ocrx_word' id='word_1_444' title='bbox 3536 2025 3585 2077; x_wconf 90' lang='lat' dir='ltr'><strong>is</strong></span> 
     </span>
    </p>
   </div>
   <div class='ocr_carea' id='block_1_66' title="bbox 2083 2118 3579 2195">
    <p class='ocr_par' dir='ltr' id='par_1_66' title="bbox 2083 2118 3579 2195">
     <span class='ocr_line' id='line_1_66' title="bbox 2083 2118 3579 2195; baseline -0.005 -19"><span class='ocrx_word' id='word_1_445' title='bbox 2083 2143 2101 2176; x_wconf 77' lang='grc' dir='ltr'><strong>ι</strong></span> <span class='ocrx_word' id='word_1_446' title='bbox 2146 2126 2306 2195; x_wconf 86' lang='lat' dir='ltr'><strong>cuius</strong></span> <span class='ocrx_word' id='word_1_447' title='bbox 2338 2125 2459 2179; x_wconf 78' lang='lat' dir='ltr'><strong>fidei</strong></span> <span class='ocrx_word' id='word_1_448' title='bbox 2486 2123 2755 2195; x_wconf 84' lang='lat' dir='ltr'><strong>pastorale</strong></span> <span class='ocrx_word' id='word_1_449' title='bbox 2784 2123 2989 2179; x_wconf 83' lang='lat' dir='ltr'><strong>Christi</strong></span> <span class='ocrx_word' id='word_1_450' title='bbox 3030 2121 3242 2191; x_wconf 89' lang='lat' dir='ltr'><strong>pecoris</strong></span> <span class='ocrx_word' id='word_1_451' title='bbox 3288 2118 3579 2187; x_wconf 86' lang='lat' dir='ltr'><strong>imperium</strong></span> 
     </span>
    </p>
   </div>
   <div class='ocr_carea' id='block_1_67' title="bbox 2087 2209 3587 2281">
    <p class='ocr_par' dir='ltr' id='par_1_67' title="bbox 2087 2209 3587 2281">
     <span class='ocr_line' id='line_1_67' title="bbox 2087 2209 3587 2281; baseline -0.008 -10"><span class='ocrx_word' id='word_1_452' title='bbox 2087 2239 2104 2271; x_wconf 79' lang='grc' dir='ltr'><strong>ι</strong></span> <span class='ocrx_word' id='word_1_453' title='bbox 2135 2219 2486 2274; x_wconf 89' lang='lat' dir='ltr'><strong>commissum</strong></span> <span class='ocrx_word' id='word_1_454' title='bbox 2512 2226 2616 2281; x_wconf 82' lang='lat' dir='ltr'><strong>est,</strong></span> <span class='ocrx_word' id='word_1_455' title='bbox 2650 2224 2706 2271; x_wconf 89' lang='lat' dir='ltr'><strong>et</strong></span> <span class='ocrx_word' id='word_1_456' title='bbox 2737 2215 2988 2270; x_wconf 87' lang='lat' dir='ltr'><strong>socordia</strong></span> <span class='ocrx_word' id='word_1_457' title='bbox 3029 2228 3092 2267; x_wconf 90' lang='lat' dir='ltr'><strong>ac</strong></span> <span class='ocrx_word' id='word_1_458' title='bbox 3132 2209 3458 2281; x_wconf 77' lang='lat' dir='ltr'><strong>negligentia</strong></span> <span class='ocrx_word' id='word_1_459' title='bbox 3488 2222 3587 2260; x_wconf 72' lang='grc' dir='ltr'>εο-</span> 
     </span>
    </p>
   </div>
   <div class='ocr_carea' id='block_1_68' title="bbox 2089 2300 3591 2375">
    <p class='ocr_par' dir='ltr' id='par_1_68' title="bbox 2089 2300 3591 2375">
     <span class='ocr_line' id='line_1_68' title="bbox 2089 2300 3591 2375; baseline -0.009 -11"><span class='ocrx_word' id='word_1_460' title='bbox 2089 2330 2108 2364; x_wconf 85' lang='grc'><strong><em>‹</em></strong></span> <span class='ocrx_word' id='word_1_461' title='bbox 2146 2326 2268 2365; x_wconf 90' lang='lat' dir='ltr'><strong>rum</strong></span> <span class='ocrx_word' id='word_1_462' title='bbox 2314 2311 2546 2365; x_wconf 84' lang='lat' dir='ltr'><strong>salutem</strong></span> <span class='ocrx_word' id='word_1_463' title='bbox 2597 2310 2895 2369; x_wconf 81' lang='lat' dir='ltr'><strong>venttndat,</strong></span> <span class='ocrx_word' id='word_1_464' title='bbox 2952 2305 3139 2375; x_wconf 90' lang='lat' dir='ltr'><strong>quidni</strong></span> <span class='ocrx_word' id='word_1_465' title='bbox 3193 2302 3415 2357; x_wconf 82' lang='lat' dir='ltr'><strong>audacis</strong></span> <span class='ocrx_word' id='word_1_466' title='bbox 3469 2300 3591 2369; x_wconf 87' lang='lat' dir='ltr'><strong>eius</strong></span> 
     </span>
    </p>
   </div>
   <div class='ocr_carea' id='block_1_69' title="bbox 2091 2396 3142 2472">
    <p class='ocr_par' dir='ltr' id='par_1_69' title="bbox 2091 2396 3142 2472">
     <span class='ocr_line' id='line_1_69' title="bbox 2091 2396 3142 2472; baseline -0.007 -19"><span class='ocrx_word' id='word_1_467' title='bbox 2091 2420 2109 2453; x_wconf 84' lang='grc' dir='ltr'><strong>ι</strong></span> <span class='ocrx_word' id='word_1_468' title='bbox 2145 2402 2342 2470; x_wconf 80' lang='lat' dir='ltr'><strong>incepti</strong></span> <span class='ocrx_word' id='word_1_469' title='bbox 2374 2415 2547 2472; x_wconf 69' lang='lat' dir='ltr'><strong>preme</strong></span> <span class='ocrx_word' id='word_1_470' title='bbox 2578 2400 2645 2455; x_wconf 86' lang='lat' dir='ltr'><strong>ab</strong></span> <span class='ocrx_word' id='word_1_471' title='bbox 2671 2414 2735 2454; x_wconf 89' lang='lat' dir='ltr'><strong>eo</strong></span> <span class='ocrx_word' id='word_1_472' title='bbox 2763 2396 3090 2466; x_wconf 80' lang='lat' dir='ltr'><strong>exigentur?</strong></span> <span class='ocrx_word' id='word_1_473' title='bbox 3124 2398 3142 2446; x_wconf 71' lang='grc' dir='ltr'><strong>ι</strong></span> 
     </span>
    </p>
   </div>
   <div class='ocr_carea' id='block_1_70' title="bbox 2099 2571 3589 2645">
    <p class='ocr_par' dir='ltr' id='par_1_70' title="bbox 2099 2571 3589 2645">
     <span class='ocr_line' id='line_1_70' title="bbox 2099 2571 3589 2645; baseline -0.009 -12"><span class='ocrx_word' id='word_1_474' title='bbox 2099 2579 2293 2634; x_wconf 73' lang='lat' dir='ltr'><strong>BALS.</strong></span> <span class='ocrx_word' id='word_1_475' title='bbox 2330 2579 2517 2633; x_wconf 87' lang='lat' dir='ltr'><strong>Canon</strong></span> <span class='ocrx_word' id='word_1_476' title='bbox 2562 2578 2859 2633; x_wconf 81' lang='lat' dir='ltr'><strong>vicesimus</strong></span> <span class='ocrx_word' id='word_1_477' title='bbox 2911 2574 3121 2645; x_wconf 89' lang='lat' dir='ltr'><strong>primus</strong></span> <span class='ocrx_word' id='word_1_478' title='bbox 3171 2571 3414 2640; x_wconf 64' lang='lat' dir='ltr'><strong>septimae</strong></span> <span class='ocrx_word' id='word_1_479' title='bbox 3459 2583 3589 2639; x_wconf 75' lang='lat' dir='ltr'><strong>sytt.</strong></span> 
     </span>
    </p>
   </div>
   <div class='ocr_carea' id='block_1_71' title="bbox 2014 2659 3592 2741">
    <p class='ocr_par' dir='ltr' id='par_1_71' title="bbox 2014 2659 3592 2741">
     <span class='ocr_line' id='line_1_71' title="bbox 2014 2659 3592 2741; baseline -0.011 -12"><span class='ocrx_word' id='word_1_480' title='bbox 2014 2689 2121 2729; x_wconf 91' lang='lat' dir='ltr'><strong>non</strong></span> <span class='ocrx_word' id='word_1_481' title='bbox 2156 2673 2444 2741; x_wconf 83' lang='lat' dir='ltr'><strong>permittit,</strong></span> <span class='ocrx_word' id='word_1_482' title='bbox 2468 2679 2528 2724; x_wconf 93' lang='lat' dir='ltr'><strong>ut</strong></span> <span class='ocrx_word' id='word_1_483' title='bbox 2550 2668 2802 2723; x_wconf 87' lang='lat' dir='ltr'><strong>monachi</strong></span> <span class='ocrx_word' id='word_1_484' title='bbox 2827 2667 2912 2723; x_wconf 92' lang='lat' dir='ltr'><strong>vel</strong></span> <span class='ocrx_word' id='word_1_485' title='bbox 2938 2664 3218 2719; x_wconf 66' lang='lat' dir='ltr'><strong>monachae</strong></span> <span class='ocrx_word' id='word_1_486' title='bbox 3236 2659 3592 2723; x_wconf 87' lang='lat' dir='ltr'><strong>monasteria,</strong></span> 
     </span>
    </p>
   </div>
   <div class='ocr_carea' id='block_1_72' title="bbox 2015 2752 3592 2831">
    <p class='ocr_par' dir='ltr' id='par_1_72' title="bbox 2015 2752 3592 2831">
     <span class='ocr_line' id='line_1_72' title="bbox 2015 2752 3592 2831; baseline -0.013 -10"><span class='ocrx_word' id='word_1_487' title='bbox 2015 2768 2067 2821; x_wconf 92' lang='lat' dir='ltr'><strong>in</strong></span> <span class='ocrx_word' id='word_1_488' title='bbox 2106 2766 2304 2831; x_wconf 88' lang='lat' dir='ltr'><strong>quibus</strong></span> <span class='ocrx_word' id='word_1_489' title='bbox 2334 2763 2478 2819; x_wconf 88' lang='lat' dir='ltr'><strong>tonsi</strong></span> <span class='ocrx_word' id='word_1_490' title='bbox 2519 2770 2672 2827; x_wconf 90' lang='lat' dir='ltr'><strong>sunt,</strong></span> <span class='ocrx_word' id='word_1_491' title='bbox 2702 2760 3037 2827; x_wconf 82' lang='lat' dir='ltr'><strong>relinquant,</strong></span> <span class='ocrx_word' id='word_1_492' title='bbox 3079 2764 3133 2810; x_wconf 89' lang='lat' dir='ltr'><strong>et</strong></span> <span class='ocrx_word' id='word_1_493' title='bbox 3161 2754 3227 2808; x_wconf 85' lang='lat' dir='ltr'><strong>ad</strong></span> <span class='ocrx_word' id='word_1_494' title='bbox 3290 2752 3433 2806; x_wconf 89' lang='lat' dir='ltr'><strong>aliud</strong></span> <span class='ocrx_word' id='word_1_495' title='bbox 3474 2765 3592 2803; x_wconf 88' lang='lat' dir='ltr'><strong>mo-</strong></span> 
     </span>
    </p>
   </div>
   <div class='ocr_carea' id='block_1_73' title="bbox 2016 2843 3586 2914">
    <p class='ocr_par' dir='ltr' id='par_1_73' title="bbox 2016 2843 3586 2914">
     <span class='ocr_line' id='line_1_73' title="bbox 2016 2843 3586 2914; baseline -0.011 -2"><span class='ocrx_word' id='word_1_496' title='bbox 2016 2858 2316 2913; x_wconf 85' lang='lat' dir='ltr'><strong>nasterium</strong></span> <span class='ocrx_word' id='word_1_497' title='bbox 2366 2859 2485 2910; x_wconf 89' lang='lat' dir='ltr'><strong>sine</strong></span> <span class='ocrx_word' id='word_1_498' title='bbox 2541 2851 2872 2908; x_wconf 88' lang='lat' dir='ltr'><strong>dimissoriis</strong></span> <span class='ocrx_word' id='word_1_499' title='bbox 2928 2863 3152 2905; x_wconf 89' lang='lat' dir='ltr'><strong>suorum</strong></span> <span class='ocrx_word' id='word_1_500' title='bbox 3203 2843 3586 2914; x_wconf 65' lang='lat' dir='ltr'><strong>praefectorum</strong></span> 
     </span>
    </p>
   </div>
   <div class='ocr_carea' id='block_1_74' title="bbox 2017 2935 3590 3009">
    <p class='ocr_par' dir='ltr' id='par_1_74' title="bbox 2017 2935 3590 3009">
     <span class='ocr_line' id='line_1_74' title="bbox 2017 2935 3590 3009; baseline -0.011 -7"><span class='ocrx_word' id='word_1_501' title='bbox 2017 2950 2211 3003; x_wconf 85' lang='lat' dir='ltr'><strong>litteris</strong></span> <span class='ocrx_word' id='word_1_502' title='bbox 2246 2945 2508 3002; x_wconf 88' lang='lat' dir='ltr'><strong>accedant</strong></span> <span class='ocrx_word' id='word_1_503' title='bbox 2542 2961 2555 2998; x_wconf 89' lang='lat'><strong>:</strong></span> <span class='ocrx_word' id='word_1_504' title='bbox 2587 2944 2683 2998; x_wconf 88' lang='lat' dir='ltr'><strong>sed</strong></span> <span class='ocrx_word' id='word_1_505' title='bbox 2720 2943 2868 2996; x_wconf 89' lang='lat' dir='ltr'><strong>nulla</strong></span> <span class='ocrx_word' id='word_1_506' title='bbox 2891 2955 2988 2995; x_wconf 87' lang='lat' dir='ltr'><strong>eos</strong></span> <span class='ocrx_word' id='word_1_507' title='bbox 3019 2953 3179 3009; x_wconf 66' lang='lat' dir='ltr'><strong>poena</strong></span> <span class='ocrx_word' id='word_1_508' title='bbox 3219 2936 3409 2990; x_wconf 82' lang='lat' dir='ltr'><strong>afﬁcit.</strong></span> <span class='ocrx_word' id='word_1_509' title='bbox 3439 2935 3590 2988; x_wconf 74' lang='grc' dir='ltr'>Ρι-ςιι-</span> 
     </span>
    </p>
   </div>
   <div class='ocr_carea' id='block_1_75' title="bbox 2016 3026 3593 3105">
    <p class='ocr_par' dir='ltr' id='par_1_75' title="bbox 2016 3026 3593 3105">
     <span class='ocr_line' id='line_1_75' title="bbox 2016 3026 3593 3105; baseline -0.012 -10"><span class='ocrx_word' id='word_1_510' title='bbox 2016 3055 2142 3095; x_wconf 85' lang='lat' dir='ltr'><strong>sens</strong></span> <span class='ocrx_word' id='word_1_511' title='bbox 2173 3048 2354 3093; x_wconf 88' lang='lat' dir='ltr'><strong>autem</strong></span> <span class='ocrx_word' id='word_1_512' title='bbox 2392 3051 2567 3091; x_wconf 68' lang='lat' dir='ltr'><strong>canon</strong></span> <span class='ocrx_word' id='word_1_513' title='bbox 2601 3033 2887 3105; x_wconf 68' lang='lat' dir='ltr'><strong>praefectos</strong></span> <span class='ocrx_word' id='word_1_514' title='bbox 2926 3028 3294 3101; x_wconf 79' lang='lat' dir='ltr'><strong>segregationi</strong></span> <span class='ocrx_word' id='word_1_515' title='bbox 3344 3026 3593 3094; x_wconf 86' lang='lat' dir='ltr'><strong>subiicit,</strong></span> 
     </span>
    </p>
   </div>
   <div class='ocr_carea' id='block_1_76' title="bbox 1938 3119 3594 3214">
    <p class='ocr_par' dir='ltr' id='par_1_76' title="bbox 1938 3119 3594 3214">
     <span class='ocr_line' id='line_1_76' title="bbox 1938 3119 3594 3214; baseline -0.012 -26"><span class='ocrx_word' id='word_1_516' title='bbox 1938 3155 1983 3214; x_wconf 67' lang='grc' dir='ltr'><em>ε</em></span> <span class='ocrx_word' id='word_1_517' title='bbox 2017 3133 2110 3203; x_wconf 85' lang='lat' dir='ltr'><strong>qui</strong></span> <span class='ocrx_word' id='word_1_518' title='bbox 2138 3147 2270 3187; x_wconf 87' lang='lat' dir='ltr'><strong>suos</strong></span> <span class='ocrx_word' id='word_1_519' title='bbox 2310 3128 2606 3183; x_wconf 86' lang='lat' dir='ltr'><strong>monachos</strong></span> <span class='ocrx_word' id='word_1_520' title='bbox 2648 3141 2756 3180; x_wconf 86' lang='lat' dir='ltr'><strong>non</strong></span> <span class='ocrx_word' id='word_1_521' title='bbox 2802 3124 3090 3193; x_wconf 82' lang='lat' dir='ltr'><strong>diligenter</strong></span> <span class='ocrx_word' id='word_1_522' title='bbox 3134 3119 3444 3189; x_wconf 87' lang='lat' dir='ltr'><strong>requirunt,</strong></span> <span class='ocrx_word' id='word_1_523' title='bbox 3495 3131 3594 3169; x_wconf 74' lang='lat' dir='ltr'><strong>nec</strong></span> 
     </span>
    </p>
   </div>
   <div class='ocr_carea' id='block_1_77' title="bbox 2018 3215 3594 3294">
    <p class='ocr_par' dir='ltr' id='par_1_77' title="bbox 2018 3215 3594 3294">
     <span class='ocr_line' id='line_1_77' title="bbox 2018 3215 3594 3294; baseline -0.013 -14"><span class='ocrx_word' id='word_1_524' title='bbox 2018 3226 2335 3294; x_wconf 82' lang='lat' dir='ltr'><strong>ubicunque</strong></span> <span class='ocrx_word' id='word_1_525' title='bbox 2387 3220 2589 3276; x_wconf 86' lang='lat' dir='ltr'><strong>inventi</strong></span> <span class='ocrx_word' id='word_1_526' title='bbox 2645 3218 2848 3272; x_wconf 80' lang='lat' dir='ltr'><strong>fuerint</strong></span> <span class='ocrx_word' id='word_1_527' title='bbox 2904 3215 3200 3283; x_wconf 89' lang='lat' dir='ltr'><strong>recipiunt,</strong></span> <span class='ocrx_word' id='word_1_528' title='bbox 3244 3226 3349 3266; x_wconf 87' lang='lat' dir='ltr'><strong>nec</strong></span> <span class='ocrx_word' id='word_1_529' title='bbox 3386 3222 3594 3283; x_wconf 41' lang='lat' dir='ltr'><strong>.eorum</strong></span> 
     </span>
    </p>
   </div>
   <div class='ocr_carea' id='block_1_78' title="bbox 2017 3301 3595 3385">
    <p class='ocr_par' dir='ltr' id='par_1_78' title="bbox 2017 3301 3595 3385">
     <span class='ocr_line' id='line_1_78' title="bbox 2017 3301 3595 3385; baseline -0.015 -12"><span class='ocrx_word' id='word_1_530' title='bbox 2017 3321 2234 3374; x_wconf 86' lang='lat' dir='ltr'><strong>animas</strong></span> <span class='ocrx_word' id='word_1_531' title='bbox 2293 3317 2363 3370; x_wconf 89' lang='lat' dir='ltr'><strong>ab</strong></span> <span class='ocrx_word' id='word_1_532' title='bbox 2414 3312 2740 3385; x_wconf 71' lang='lat' dir='ltr'><strong>aegritudine</strong></span> <span class='ocrx_word' id='word_1_533' title='bbox 2796 3322 3129 3378; x_wconf 82' lang='lat' dir='ltr'><strong>recuperare</strong></span> <span class='ocrx_word' id='word_1_534' title='bbox 3174 3301 3526 3359; x_wconf 84' lang='lat' dir='ltr'><strong>contendunt</strong></span> <span class='ocrx_word' id='word_1_535' title='bbox 3579 3315 3595 3330; x_wconf 81' lang='grc' dir='ltr'><strong><em>ο</em></strong></span> 
     </span>
    </p>
   </div>
   <div class='ocr_carea' id='block_1_79' title="bbox 2016 3395 3596 3483">
    <p class='ocr_par' dir='ltr' id='par_1_79' title="bbox 2016 3395 3596 3483">
     <span class='ocr_line' id='line_1_79' title="bbox 2016 3395 3596 3483; baseline -0.017 -16"><span class='ocrx_word' id='word_1_536' title='bbox 2016 3427 2194 3483; x_wconf 90' lang='lat' dir='ltr'><strong>usque</strong></span> <span class='ocrx_word' id='word_1_537' title='bbox 2228 3410 2362 3465; x_wconf 83' lang='lat' dir='ltr'><strong>adeo</strong></span> <span class='ocrx_word' id='word_1_538' title='bbox 2390 3417 2572 3463; x_wconf 90' lang='lat' dir='ltr'><strong>autem</strong></span> <span class='ocrx_word' id='word_1_539' title='bbox 2610 3405 2779 3474; x_wconf 73' lang='lat' dir='ltr'><strong>exigit</strong></span> <span class='ocrx_word' id='word_1_540' title='bbox 2804 3400 3109 3457; x_wconf 89' lang='lat' dir='ltr'><strong>monachos</strong></span> <span class='ocrx_word' id='word_1_541' title='bbox 3155 3397 3209 3451; x_wconf 90' lang='lat' dir='ltr'><strong>in</strong></span> <span class='ocrx_word' id='word_1_542' title='bbox 3245 3395 3365 3451; x_wconf 82' lang='lat' dir='ltr'><strong>suis</strong></span> <span class='ocrx_word' id='word_1_543' title='bbox 3404 3407 3596 3445; x_wconf 85' lang='lat' dir='ltr'><strong>mona-</strong></span> 
     </span>
    </p>
   </div>
   <div class='ocr_carea' id='block_1_80' title="bbox 2016 3486 3598 3565">
    <p class='ocr_par' dir='ltr' id='par_1_80' title="bbox 2016 3486 3598 3565">
     <span class='ocr_line' id='line_1_80' title="bbox 2016 3486 3598 3565; baseline -0.018 -5"><span class='ocrx_word' id='word_1_544' title='bbox 2016 3507 2201 3561; x_wconf 89' lang='lat' dir='ltr'><strong>steriis</strong></span> <span class='ocrx_word' id='word_1_545' title='bbox 2249 3511 2579 3565; x_wconf 86' lang='lat' dir='ltr'><strong>mancre,ut</strong></span> <span class='ocrx_word' id='word_1_546' title='bbox 2632 3512 2821 3553; x_wconf 87' lang='lat' dir='ltr'><strong>eorum</strong></span> <span class='ocrx_word' id='word_1_547' title='bbox 2884 3493 3011 3548; x_wconf 91' lang='lat' dir='ltr'><strong>inde</strong></span> <span class='ocrx_word' id='word_1_548' title='bbox 3074 3504 3351 3545; x_wconf 81' lang='lat' dir='ltr'><strong>recessum</strong></span> <span class='ocrx_word' id='word_1_549' title='bbox 3418 3486 3598 3553; x_wconf 72' lang='lat' dir='ltr'><strong>fugam</strong></span> 
     </span>
    </p>
   </div>
   <div class='ocr_carea' id='block_1_81' title="bbox 2018 3565 3599 3659">
    <p class='ocr_par' dir='ltr' id='par_1_81' title="bbox 2018 3565 3599 3659">
     <span class='ocr_line' id='line_1_81' title="bbox 2018 3565 3599 3659; baseline -0.018 -7"><span class='ocrx_word' id='word_1_550' title='bbox 2018 3595 2422 3658; x_wconf 82' lang='lat' dir='ltr'><strong>nominaverit;</strong></span> <span class='ocrx_word' id='word_1_551' title='bbox 2472 3589 2615 3659; x_wconf 88' lang='lat' dir='ltr'><strong>quod</strong></span> <span class='ocrx_word' id='word_1_552' title='bbox 2660 3588 2881 3658; x_wconf 89' lang='lat' dir='ltr'><strong>quidem</strong></span> <span class='ocrx_word' id='word_1_553' title='bbox 2940 3587 3006 3638; x_wconf 90' lang='lat' dir='ltr'><strong>de</strong></span> <span class='ocrx_word' id='word_1_554' title='bbox 3049 3582 3224 3635; x_wconf 81' lang='lat' dir='ltr'><strong>servis</strong></span> <span class='ocrx_word' id='word_1_555' title='bbox 3268 3588 3321 3631; x_wconf 84' lang='lat' dir='ltr'><strong>et</strong></span> <span class='ocrx_word' id='word_1_556' title='bbox 3371 3578 3460 3638; x_wconf 85' lang='lat' dir='ltr'><strong>iis,</strong></span> <span class='ocrx_word' id='word_1_557' title='bbox 3507 3565 3599 3643; x_wconf 74' lang='lat' dir='ltr'><strong>qui</strong></span> 
     </span>
    </p>
   </div>
   <div class='ocr_carea' id='block_1_82' title="bbox 2017 3670 3603 3744">
    <p class='ocr_par' dir='ltr' id='par_1_82' title="bbox 2017 3670 3603 3744">
     <span class='ocr_line' id='line_1_82' title="bbox 2017 3670 3603 3744; baseline -0.016 0"><span class='ocrx_word' id='word_1_558' title='bbox 2017 3686 2267 3744; x_wconf 84' lang='lat' dir='ltr'><strong>custodia</strong></span> <span class='ocrx_word' id='word_1_559' title='bbox 2291 3699 2353 3738; x_wconf 88' lang='lat' dir='ltr'><strong>ac</strong></span> <span class='ocrx_word' id='word_1_560' title='bbox 2380 3682 2615 3737; x_wconf 74' lang='lat' dir='ltr'><strong>vinculis</strong></span> <span class='ocrx_word' id='word_1_561' title='bbox 2639 3687 2919 3739; x_wconf 86' lang='lat' dir='ltr'><strong>tenentur,</strong></span> <span class='ocrx_word' id='word_1_562' title='bbox 2946 3674 3051 3728; x_wconf 87' lang='lat' dir='ltr'><strong>dici</strong></span> <span class='ocrx_word' id='word_1_563' title='bbox 3079 3670 3388 3727; x_wconf 82' lang='lat' dir='ltr'><strong>consuevit.</strong></span> <span class='ocrx_word' id='word_1_564' title='bbox 3421 3672 3603 3735; x_wconf 81' lang='lat' dir='ltr'><strong>Atque</strong></span> 
     </span>
    </p>
   </div>
   <div class='ocr_carea' id='block_1_83' title="bbox 2017 3759 3598 3853">
    <p class='ocr_par' dir='ltr' id='par_1_83' title="bbox 2017 3759 3598 3853">
     <span class='ocr_line' id='line_1_83' title="bbox 2017 3759 3598 3853; baseline -0.021 -12"><span class='ocrx_word' id='word_1_565' title='bbox 2017 3785 2086 3841; x_wconf 84' lang='lat'><strong>80</strong></span> <span class='ocrx_word' id='word_1_566' title='bbox 2144 3781 2364 3853; x_wconf 87' lang='lat' dir='ltr'><strong>quidem</strong></span> <span class='ocrx_word' id='word_1_567' title='bbox 2415 3792 2613 3837; x_wconf 66' lang='lat' dir='ltr'><strong>canon,</strong></span> <span class='ocrx_word' id='word_1_568' title='bbox 2653 3768 3126 3841; x_wconf 77' lang='lat' dir='ltr'><strong>Carthaginiensis</strong></span> <span class='ocrx_word' id='word_1_569' title='bbox 3182 3762 3372 3835; x_wconf 83' lang='lat' dir='ltr'><strong>synodi</strong></span> <span class='ocrx_word' id='word_1_570' title='bbox 3440 3759 3598 3829; x_wconf 82' lang='lat' dir='ltr'><strong>punit</strong></span> 
     </span>
    </p>
   </div>
   <div class='ocr_carea' id='block_1_84' title="bbox 2017 3854 3599 3945">
    <p class='ocr_par' dir='ltr' id='par_1_84' title="bbox 2017 3854 3599 3945">
     <span class='ocr_line' id='line_1_84' title="bbox 2017 3854 3599 3945; baseline -0.017 -17"><span class='ocrx_word' id='word_1_571' title='bbox 2017 3876 2354 3945; x_wconf 78' lang='lat' dir='ltr'><strong>episcopum,</strong></span> <span class='ocrx_word' id='word_1_572' title='bbox 2395 3869 2488 3939; x_wconf 87' lang='lat' dir='ltr'><strong>qui</strong></span> <span class='ocrx_word' id='word_1_573' title='bbox 2537 3865 2865 3923; x_wconf 90' lang='lat' dir='ltr'><strong>monachum</strong></span> <span class='ocrx_word' id='word_1_574' title='bbox 2909 3861 3149 3926; x_wconf 85' lang='lat' dir='ltr'><strong>aliquem</strong></span> <span class='ocrx_word' id='word_1_575' title='bbox 3181 3871 3247 3912; x_wconf 79' lang='lat' dir='ltr'><strong>ex</strong></span> <span class='ocrx_word' id='word_1_576' title='bbox 3287 3854 3458 3906; x_wconf 85' lang='lat' dir='ltr'><strong>altero</strong></span> <span class='ocrx_word' id='word_1_577' title='bbox 3480 3864 3599 3903; x_wconf 84' lang='lat' dir='ltr'><strong>mo-</strong></span> 
     </span>
    </p>
   </div>
   <div class='ocr_carea' id='block_1_85' title="bbox 2020 3938 3602 4029">
    <p class='ocr_par' dir='ltr' id='par_1_85' title="bbox 2020 3938 3602 4029">
     <span class='ocr_line' id='line_1_85' title="bbox 2020 3938 3602 4029; baseline -0.02 -9"><span class='ocrx_word' id='word_1_578' title='bbox 2020 3967 2261 4021; x_wconf 87' lang='lat' dir='ltr'><strong>nasterio</strong></span> <span class='ocrx_word' id='word_1_579' title='bbox 2285 3938 2440 4017; x_wconf 76' lang='lat' dir='ltr'><strong>alteri</strong></span> <span class='ocrx_word' id='word_1_580' title='bbox 2479 3958 2687 4029; x_wconf 80' lang='lat' dir='ltr'><strong>regioni</strong></span> <span class='ocrx_word' id='word_1_581' title='bbox 2719 3954 2969 4024; x_wconf 85' lang='lat' dir='ltr'><strong>subiecto</strong></span> <span class='ocrx_word' id='word_1_582' title='bbox 3000 3951 3055 4004; x_wconf 94' lang='lat' dir='ltr'><strong>in</strong></span> <span class='ocrx_word' id='word_1_583' title='bbox 3085 3948 3193 4001; x_wconf 87' lang='lat' dir='ltr'><strong>alio</strong></span> <span class='ocrx_word' id='word_1_584' title='bbox 3223 3944 3484 3998; x_wconf 86' lang='lat' dir='ltr'><strong>clericum</strong></span> <span class='ocrx_word' id='word_1_585' title='bbox 3511 3938 3602 3991; x_wconf 78' lang='lat' dir='ltr'><strong>vel</strong></span> 
     </span>
    </p>
   </div>
   <div class='ocr_carea' id='block_1_86' title="bbox 2019 4032 3609 4128">
    <p class='ocr_par' dir='ltr' id='par_1_86' title="bbox 2019 4032 3609 4128">
     <span class='ocr_line' id='line_1_86' title="bbox 2019 4032 3609 4128; baseline -0.019 -16"><span class='ocrx_word' id='word_1_586' title='bbox 2019 4056 2336 4128; x_wconf 63' lang='lat' dir='ltr'><strong>praefectum</strong></span> <span class='ocrx_word' id='word_1_587' title='bbox 2384 4050 2691 4107; x_wconf 88' lang='lat' dir='ltr'><strong>constituit.</strong></span> <span class='ocrx_word' id='word_1_588' title='bbox 2748 4046 2913 4101; x_wconf 89' lang='lat' dir='ltr'><strong>Punit</strong></span> <span class='ocrx_word' id='word_1_589' title='bbox 2964 4053 3148 4096; x_wconf 84' lang='lat' dir='ltr'><strong>autem</strong></span> <span class='ocrx_word' id='word_1_590' title='bbox 3198 4037 3362 4091; x_wconf 88' lang='lat' dir='ltr'><strong>etiam</strong></span> <span class='ocrx_word' id='word_1_591' title='bbox 3421 4032 3609 4100; x_wconf 80' lang='lat' dir='ltr'><strong>ipsum</strong></span> 
     </span>
    </p>
   </div>
   <div class='ocr_carea' id='block_1_87' title="bbox 2020 4124 3602 4215">
    <p class='ocr_par' dir='ltr' id='par_1_87' title="bbox 2020 4124 3602 4215">
     <span class='ocr_line' id='line_1_87' title="bbox 2020 4124 3602 4215; baseline -0.022 -4"><span class='ocrx_word' id='word_1_592' title='bbox 2020 4152 2344 4210; x_wconf 88' lang='lat' dir='ltr'><strong>monachum</strong></span> <span class='ocrx_word' id='word_1_593' title='bbox 2383 4166 2396 4203; x_wconf 92' lang='lat'><strong>:</strong></span> <span class='ocrx_word' id='word_1_594' title='bbox 2429 4156 2483 4203; x_wconf 91' lang='lat' dir='ltr'><strong>et</strong></span> <span class='ocrx_word' id='word_1_595' title='bbox 2513 4147 2630 4215; x_wconf 76' lang='lat' dir='ltr'><strong>lege</strong></span> <span class='ocrx_word' id='word_1_596' title='bbox 2677 4144 2876 4212; x_wconf 92' lang='lat' dir='ltr'><strong>ipsum.</strong></span> <span class='ocrx_word' id='word_1_597' title='bbox 2909 4139 3049 4203; x_wconf 86' lang='lat' dir='ltr'><strong>Quid</strong></span> <span class='ocrx_word' id='word_1_598' title='bbox 3088 4146 3290 4192; x_wconf 86' lang='lat' dir='ltr'><strong>autem,</strong></span> <span class='ocrx_word' id='word_1_599' title='bbox 3324 4128 3368 4184; x_wconf 91' lang='lat' dir='ltr'><strong>si</strong></span> <span class='ocrx_word' id='word_1_600' title='bbox 3404 4124 3602 4198; x_wconf 62' lang='lat' dir='ltr'><strong>praefe-</strong></span> 
     </span>
    </p>
   </div>
   <div class='ocr_carea' id='block_1_88' title="bbox 2021 4217 3605 4312">
    <p class='ocr_par' dir='ltr' id='par_1_88' title="bbox 2021 4217 3605 4312">
     <span class='ocr_line' id='line_1_88' title="bbox 2021 4217 3605 4312; baseline -0.024 -10"><span class='ocrx_word' id='word_1_601' title='bbox 2021 4255 2143 4302; x_wconf 89' lang='lat' dir='ltr'><strong>ctus</strong></span> <span class='ocrx_word' id='word_1_602' title='bbox 2197 4251 2403 4312; x_wconf 64' lang='lat' dir='ltr'><strong>quaerat</strong></span> <span class='ocrx_word' id='word_1_603' title='bbox 2458 4254 2617 4294; x_wconf 83' lang='lat' dir='ltr'><strong>suum</strong></span> <span class='ocrx_word' id='word_1_604' title='bbox 2665 4233 3018 4293; x_wconf 87' lang='lat' dir='ltr'><strong>monachum,</strong></span> <span class='ocrx_word' id='word_1_605' title='bbox 3066 4236 3120 4281; x_wconf 89' lang='lat' dir='ltr'><strong>et</strong></span> <span class='ocrx_word' id='word_1_606' title='bbox 3162 4227 3280 4294; x_wconf 89' lang='lat' dir='ltr'><strong>ipse</strong></span> <span class='ocrx_word' id='word_1_607' title='bbox 3326 4217 3605 4288; x_wconf 69' lang='lat' dir='ltr'><strong>aufugiat,</strong></span> 
     </span>
    </p>
   </div>
   <div class='ocr_carea' id='block_1_89' title="bbox 2020 4308 3606 4408">
    <p class='ocr_par' dir='ltr' id='par_1_89' title="bbox 2020 4308 3606 4408">
     <span class='ocr_line' id='line_1_89' title="bbox 2020 4308 3606 4408; baseline -0.021 -13"><span class='ocrx_word' id='word_1_608' title='bbox 2020 4338 2147 4408; x_wconf 89' lang='lat' dir='ltr'><strong>quid</strong></span> <span class='ocrx_word' id='word_1_609' title='bbox 2181 4308 2307 4391; x_wconf 78' lang='lat' dir='ltr'><strong>fiet?</strong></span> <span class='ocrx_word' id='word_1_610' title='bbox 2338 4332 2574 4388; x_wconf 84' lang='lat' dir='ltr'><strong>Salutio.</strong></span> <span class='ocrx_word' id='word_1_611' title='bbox 2602 4322 3018 4397; x_wconf 84' lang='lat' dir='ltr'><strong>Episcopalibus</strong></span> <span class='ocrx_word' id='word_1_612' title='bbox 3045 4317 3232 4373; x_wconf 91' lang='lat' dir='ltr'><strong>multis</strong></span> <span class='ocrx_word' id='word_1_613' title='bbox 3271 4321 3496 4408; x_wconf 65' lang='lat' dir='ltr'><strong>cogetur</strong></span> <span class='ocrx_word' id='word_1_614' title='bbox 3527 4308 3606 4361; x_wconf 78' lang='lat' dir='ltr'><strong>ad:</strong></span> 
     </span>
    </p>
   </div>
   <div class='ocr_carea' id='block_1_90' title="bbox 2026 4400 3609 4484">
    <p class='ocr_par' dir='ltr' id='par_1_90' title="bbox 2026 4400 3609 4484">
     <span class='ocr_line' id='line_1_90' title="bbox 2026 4400 3609 4484; baseline -0.021 0"><span class='ocrx_word' id='word_1_615' title='bbox 2026 4427 2417 4484; x_wconf 88' lang='lat' dir='ltr'><strong>monasterium</strong></span> <span class='ocrx_word' id='word_1_616' title='bbox 2451 4420 2670 4483; x_wconf 82' lang='lat' dir='ltr'><strong>reverti.</strong></span> <span class='ocrx_word' id='word_1_617' title='bbox 2705 4419 2757 4472; x_wconf 93' lang='lat' dir='ltr'><strong>in</strong></span> <span class='ocrx_word' id='word_1_618' title='bbox 2790 4430 2897 4481; x_wconf 86' lang='lat' dir='ltr'><strong>quo</strong></span> <span class='ocrx_word' id='word_1_619' title='bbox 2940 4423 3131 4466; x_wconf 84' lang='lat' dir='ltr'><strong>tonsus</strong></span> <span class='ocrx_word' id='word_1_620' title='bbox 3174 4415 3280 4465; x_wconf 84' lang='lat' dir='ltr'><strong>est.</strong></span> <span class='ocrx_word' id='word_1_621' title='bbox 3315 4403 3421 4456; x_wconf 89' lang='lat' dir='ltr'><strong>nisi</strong></span> <span class='ocrx_word' id='word_1_622' title='bbox 3457 4400 3609 4453; x_wconf 73' lang='lat' dir='ltr'><strong>forte</strong></span> 
     </span>
    </p>
   </div>
   <div class='ocr_carea' id='block_1_91' title="bbox 340 4489 1919 4582">
    <p class='ocr_par' dir='ltr' id='par_1_91' title="bbox 340 4504 1919 4579">
     <span class='ocr_line' id='line_1_91' title="bbox 340 4504 1919 4579; baseline -0.008 -12"><span class='ocrx_word' id='word_1_623' title='bbox 340 4508 825 4579; x_wconf 79' lang='grc' dir='ltr'>ἀναγκασθήσεται</span> <span class='ocrx_word' id='word_1_624' title='bbox 854 4506 1195 4574; x_wconf 71' lang='grc' dir='ltr'>ὑποστρέψαι</span> <span class='ocrx_word' id='word_1_625' title='bbox 1230 4505 1310 4560; x_wconf 80' lang='grc' dir='ltr'><strong>είς</strong></span> <span class='ocrx_word' id='word_1_626' title='bbox 1343 4504 1410 4576; x_wconf 77' lang='grc' dir='ltr'>ἢν</span> <span class='ocrx_word' id='word_1_627' title='bbox 1439 4504 1697 4575; x_wconf 85' lang='grc' dir='ltr'>ἀπεκάρη</span> <span class='ocrx_word' id='word_1_628' title='bbox 1729 4505 1919 4573; x_wconf 67' lang='grc' dir='ltr'>μονὴν,</span> 
     </span>
    </p>
   </div>
   <div class='ocr_carea' id='block_1_92' title="bbox 2022 4489 3601 4582">
    <p class='ocr_par' dir='ltr' id='par_1_92' title="bbox 2026 4489 3601 4582">
     <span class='ocr_line' id='line_1_92' title="bbox 2026 4489 3601 4582; baseline -0.023 -7"><span class='ocrx_word' id='word_1_629' title='bbox 2026 4522 2289 4575; x_wconf 87' lang='lat' dir='ltr'><strong>rationem</strong></span> <span class='ocrx_word' id='word_1_630' title='bbox 2345 4516 2582 4582; x_wconf 87' lang='lat' dir='ltr'><strong>aliquam</strong></span> <span class='ocrx_word' id='word_1_631' title='bbox 2635 4504 2970 4579; x_wconf 86' lang='lat' dir='ltr'><strong>probabilem</strong></span> <span class='ocrx_word' id='word_1_632' title='bbox 3029 4498 3239 4552; x_wconf 79' lang='lat' dir='ltr'><strong>achrat.</strong></span> <span class='ocrx_word' id='word_1_633' title='bbox 3290 4492 3427 4548; x_wconf 85' lang='lat' dir='ltr'><strong>Nota</strong></span> <span class='ocrx_word' id='word_1_634' title='bbox 3492 4489 3601 4541; x_wconf 70' lang='lat' dir='ltr'><strong>hmc</strong></span> 
     </span>
    </p>
   </div>
   <div class='ocr_carea' id='block_1_93' title="bbox 342 4597 1923 4673">
    <p class='ocr_par' dir='ltr' id='par_1_93' title="bbox 342 4597 1923 4673">
     <span class='ocr_line' id='line_1_93' title="bbox 342 4597 1923 4673; baseline -0.007 -15"><span class='ocrx_word' id='word_1_635' title='bbox 342 4605 397 4658; x_wconf 81' lang='grc' dir='ltr'><strong>εί</strong></span> <span class='ocrx_word' id='word_1_636' title='bbox 453 4603 526 4673; x_wconf 86' lang='grc' dir='ltr'>μή</span> <span class='ocrx_word' id='word_1_637' title='bbox 584 4619 671 4655; x_wconf 83' lang='grc' dir='ltr'><strong>πω</strong></span> <span class='ocrx_word' id='word_1_638' title='bbox 710 4600 859 4666; x_wconf 76' lang='grc' dir='ltr'>λέγει</span> <span class='ocrx_word' id='word_1_639' title='bbox 900 4618 952 4652; x_wconf 87' lang='grc' dir='ltr'><strong>τι</strong></span> <span class='ocrx_word' id='word_1_640' title='bbox 1002 4597 1242 4667; x_wconf 78' lang='grc' dir='ltr'>εὔλογον.</span> <span class='ocrx_word' id='word_1_641' title='bbox 1288 4598 1605 4667; x_wconf 82' lang='grc' dir='ltr'>Σημείωσαι</span> <span class='ocrx_word' id='word_1_642' title='bbox 1635 4597 1806 4650; x_wconf 89' lang='grc' dir='ltr'>ταῦτα</span> <span class='ocrx_word' id='word_1_643' title='bbox 1837 4597 1923 4648; x_wconf 74' lang='grc' dir='ltr'>διὰ</span> 
     </span>
    </p>
   </div>
   <div class='ocr_carea' id='block_1_94' title="bbox 340 4688 1926 4760">
    <p class='ocr_par' dir='ltr' id='par_1_94' title="bbox 340 4688 1926 4760">
     <span class='ocr_line' id='line_1_94' title="bbox 340 4688 1926 4760; baseline -0.006 -11"><span class='ocrx_word' id='word_1_644' title='bbox 340 4696 472 4757; x_wconf 83' lang='grc' dir='ltr'>τοὺς</span> <span class='ocrx_word' id='word_1_645' title='bbox 512 4690 893 4760; x_wconf 79' lang='grc' dir='ltr'>ξενοκουρίτας</span> <span class='ocrx_word' id='word_1_646' title='bbox 954 4688 1243 4760; x_wconf 69' lang='grc' dir='ltr'>μοναχούς.</span> <span class='ocrx_word' id='word_1_647' title='bbox 1315 4688 1658 4756; x_wconf 79' lang='grc' dir='ltr'>Ἀνάγνωσον</span> <span class='ocrx_word' id='word_1_648' title='bbox 1713 4690 1806 4743; x_wconf 78' lang='grc' dir='ltr'><strong>καὶ</strong></span> <span class='ocrx_word' id='word_1_649' title='bbox 1835 4690 1926 4741; x_wconf 72' lang='grc' dir='ltr'><strong>τὸν</strong></span> 
     </span>
    </p>
   </div>
   <div class='ocr_carea' id='block_1_95' title="bbox 343 4784 827 4843">
    <p class='ocr_par' dir='ltr' id='par_1_95' title="bbox 343 4784 827 4843">
     <span class='ocr_line' id='line_1_95' title="bbox 343 4784 827 4843; baseline -0.014 0"><span class='ocrx_word' id='word_1_650' title='bbox 343 4788 572 4843; x_wconf 68' lang='grc' dir='ltr'>ἀπιόντα</span> <span class='ocrx_word' id='word_1_651' title='bbox 600 4784 827 4840; x_wconf 85' lang='grc' dir='ltr'>κανόνα.</span> 
     </span>
    </p>
   </div>
   <div class='ocr_carea' id='block_1_96' title="bbox 423 4870 1929 4944">
    <p class='ocr_par' dir='ltr' id='par_1_96' title="bbox 423 4870 1929 4944">
     <span class='ocr_line' id='line_1_96' title="bbox 423 4870 1929 4944; baseline -0.007 -10"><span class='ocrx_word' id='word_1_652' title='bbox 423 4878 666 4934; x_wconf 85' lang='grc' dir='ltr'><strong>ΖΩΝΔΡ.</strong></span> <span class='ocrx_word' id='word_1_653' title='bbox 724 4874 966 4936; x_wconf 83' lang='grc' dir='ltr'>Κανόνες</span> <span class='ocrx_word' id='word_1_654' title='bbox 1018 4874 1266 4942; x_wconf 75' lang='grc' dir='ltr'>διάφοροι</span> <span class='ocrx_word' id='word_1_655' title='bbox 1308 4871 1517 4942; x_wconf 78' lang='grc' dir='ltr'>ὥρισαν</span> <span class='ocrx_word' id='word_1_656' title='bbox 1554 4871 1628 4944; x_wconf 74' lang='grc' dir='ltr'>μὴ</span> <span class='ocrx_word' id='word_1_657' title='bbox 1670 4870 1929 4925; x_wconf 77' lang='grc' dir='ltr'>δύνασθαι</span> 
     </span>
    </p>
   </div>
   <div class='ocr_carea' id='block_1_97' title="bbox 346 4963 1929 5041">
    <p class='ocr_par' dir='ltr' id='par_1_97' title="bbox 346 4963 1929 5041">
     <span class='ocr_line' id='line_1_97' title="bbox 346 4963 1929 5041; baseline -0.007 -15"><span class='ocrx_word' id='word_1_658' title='bbox 346 4975 477 5033; x_wconf 77' lang='grc' dir='ltr'>τοὺς</span> <span class='ocrx_word' id='word_1_659' title='bbox 532 4970 801 5041; x_wconf 85' lang='grc' dir='ltr'>μοναχοὺς</span> <span class='ocrx_word' id='word_1_660' title='bbox 842 4968 909 5019; x_wconf 82' lang='grc' dir='ltr'><strong>τά</strong></span> <span class='ocrx_word' id='word_1_661' title='bbox 955 4966 1012 5019; x_wconf 84' lang='grc' dir='ltr'>ὲν</span> <span class='ocrx_word' id='word_1_662' title='bbox 1042 4963 1120 5028; x_wconf 77' lang='grc' dir='ltr'>οἷς</span> <span class='ocrx_word' id='word_1_663' title='bbox 1173 4964 1537 5034; x_wconf 86' lang='grc' dir='ltr'>ἀπεκάρησαν</span> <span class='ocrx_word' id='word_1_664' title='bbox 1587 4963 1929 5033; x_wconf 84' lang='grc' dir='ltr'>μοναστήρια</span> 
     </span>
    </p>
   </div>
   <div class='ocr_carea' id='block_1_98' title="bbox 348 5054 1929 5131">
    <p class='ocr_par' dir='ltr' id='par_1_98' title="bbox 348 5054 1929 5131">
     <span class='ocr_line' id='line_1_98' title="bbox 348 5054 1929 5131; baseline -0.007 -12"><span class='ocrx_word' id='word_1_665' title='bbox 348 5062 872 5131; x_wconf 73' lang='grc' dir='ltr'>καταλιμπάνοντας</span> <span class='ocrx_word' id='word_1_666' title='bbox 921 5059 979 5111; x_wconf 82' lang='grc' dir='ltr'>ὲν</span> <span class='ocrx_word' id='word_1_667' title='bbox 1005 5056 1195 5118; x_wconf 77' lang='grc' dir='ltr'>ἄλλαις</span> <span class='ocrx_word' id='word_1_668' title='bbox 1238 5057 1459 5111; x_wconf 81' lang='grc' dir='ltr'>ἀπιέναι</span> <span class='ocrx_word' id='word_1_669' title='bbox 1498 5057 1711 5127; x_wconf 85' lang='grc' dir='ltr'>μοναῖς,</span> <span class='ocrx_word' id='word_1_670' title='bbox 1740 5054 1772 5123; x_wconf 77' lang='grc' dir='ltr'><strong>ἢ</strong></span> <span class='ocrx_word' id='word_1_671' title='bbox 1804 5054 1929 5122; x_wconf 77' lang='grc' dir='ltr'>τῇδε</span> 
     </span>
    </p>
   </div>
   <div class='ocr_carea' id='block_1_99' title="bbox 348 5147 1927 5223">
    <p class='ocr_par' dir='ltr' id='par_1_99' title="bbox 348 5147 1927 5223">
     <span class='ocr_line' id='line_1_99' title="bbox 348 5147 1927 5223; baseline -0.007 -15"><span class='ocrx_word' id='word_1_672' title='bbox 348 5157 581 5209; x_wconf 79' lang='grc' dir='ltr'>κάκεῖτε</span> <span class='ocrx_word' id='word_1_673' title='bbox 634 5149 1097 5223; x_wconf 79' lang='grc' dir='ltr'>περιπλανᾶσθαι.</span> <span class='ocrx_word' id='word_1_674' title='bbox 1143 5148 1305 5201; x_wconf 84' lang='grc' dir='ltr'><strong>Ἀλλά</strong></span> <span class='ocrx_word' id='word_1_675' title='bbox 1333 5147 1513 5215; x_wconf 87' lang='grc' dir='ltr'>τοῦτο,</span> <span class='ocrx_word' id='word_1_676' title='bbox 1569 5147 1735 5218; x_wconf 71' lang='grc' dir='ltr'>φησιν</span> <span class='ocrx_word' id='word_1_677' title='bbox 1765 5148 1793 5200; x_wconf 84' lang='grc' dir='ltr'><strong>ό</strong></span> <span class='ocrx_word' id='word_1_678' title='bbox 1826 5163 1927 5198; x_wconf 81' lang='grc' dir='ltr'>κα-</span> 
     </span>
    </p>
   </div>
   <div class='ocr_carea' id='block_1_100' title="bbox 348 5237 1930 5311">
    <p class='ocr_par' dir='ltr' id='par_1_100' title="bbox 348 5237 1930 5311">
     <span class='ocr_line' id='line_1_100' title="bbox 348 5237 1930 5311; baseline -0.008 -10"><span class='ocrx_word' id='word_1_679' title='bbox 348 5246 463 5301; x_wconf 80' lang='grc' dir='ltr'><strong>νὼν</strong></span> <span class='ocrx_word' id='word_1_680' title='bbox 486 5240 663 5309; x_wconf 68' lang='grc' dir='ltr'>οὗτος,</span> <span class='ocrx_word' id='word_1_681' title='bbox 694 5244 880 5306; x_wconf 85' lang='grc' dir='ltr'>κακῶς</span> <span class='ocrx_word' id='word_1_682' title='bbox 938 5240 1371 5311; x_wconf 81' lang='grc' dir='ltr'>πρατττόμενον,</span> <span class='ocrx_word' id='word_1_683' title='bbox 1402 5238 1661 5308; x_wconf 82' lang='grc' dir='ltr'>χειρόνως</span> <span class='ocrx_word' id='word_1_684' title='bbox 1703 5237 1760 5290; x_wconf 80' lang='grc' dir='ltr'>δὲ</span> <span class='ocrx_word' id='word_1_685' title='bbox 1790 5255 1930 5307; x_wconf 83' lang='grc' dir='ltr'>παρ-</span> 
     </span>
    </p>
   </div>
   <div class='ocr_carea' id='block_1_101' title="bbox 351 5328 1931 5406">
    <p class='ocr_par' dir='ltr' id='par_1_101' title="bbox 351 5328 1931 5406">
     <span class='ocr_line' id='line_1_101' title="bbox 351 5328 1931 5406; baseline -0.007 -13"><span class='ocrx_word' id='word_1_686' title='bbox 351 5336 635 5406; x_wconf 63' lang='grc' dir='ltr'>ορώμενον</span> <span class='ocrx_word' id='word_1_687' title='bbox 684 5334 1066 5406; x_wconf 85' lang='grc' dir='ltr'>διορθούμεθα.</span> <span class='ocrx_word' id='word_1_688' title='bbox 1125 5330 1238 5385; x_wconf 75' lang='grc' dir='ltr'><strong>Καὶ</strong></span> <span class='ocrx_word' id='word_1_689' title='bbox 1269 5333 1318 5383; x_wconf 82' lang='grc' dir='ltr'>εἰ</span> <span class='ocrx_word' id='word_1_690' title='bbox 1369 5330 1444 5400; x_wconf 79' lang='grc' dir='ltr'>μὴ</span> <span class='ocrx_word' id='word_1_691' title='bbox 1499 5331 1549 5383; x_wconf 86' lang='grc' dir='ltr'><strong>οί</strong></span> <span class='ocrx_word' id='word_1_692' title='bbox 1594 5330 1702 5383; x_wconf 83' lang='grc' dir='ltr'><strong>τῶν</strong></span> <span class='ocrx_word' id='word_1_693' title='bbox 1754 5328 1931 5396; x_wconf 81' lang='grc' dir='ltr'>μονῶν</span> 
     </span>
    </p>
   </div>
   <div class='ocr_carea' id='block_1_102' title="bbox 351 5420 1933 5502">
    <p class='ocr_par' dir='ltr' id='par_1_102' title="bbox 351 5420 1933 5502">
     <span class='ocr_line' id='line_1_102' title="bbox 351 5420 1933 5502; baseline -0.007 -18"><span class='ocrx_word' id='word_1_694' title='bbox 351 5428 775 5502; x_wconf 79' lang='grc' dir='ltr'>προϊστάμενοι,</span> <span class='ocrx_word' id='word_1_695' title='bbox 809 5426 902 5495; x_wconf 76' lang='grc' dir='ltr'><strong>ἀφ’</strong></span> <span class='ocrx_word' id='word_1_696' title='bbox 936 5420 1010 5478; x_wconf 85' lang='grc' dir='ltr'>ὧν</span> <span class='ocrx_word' id='word_1_697' title='bbox 1043 5422 1421 5494; x_wconf 84' lang='grc' dir='ltr'>ὑποχωροῦσιν</span> <span class='ocrx_word' id='word_1_698' title='bbox 1448 5423 1495 5475; x_wconf 76' lang='grc' dir='ltr'>οἱ</span> <span class='ocrx_word' id='word_1_699' title='bbox 1531 5422 1756 5492; x_wconf 67' lang='grc' dir='ltr'>μοναχοὶ</span> <span class='ocrx_word' id='word_1_700' title='bbox 1805 5421 1933 5475; x_wconf 73' lang='grc' dir='ltr'>’τολ-</span> 
     </span>
    </p>
   </div>
   <div class='ocr_carea' id='block_1_103' title="bbox 355 5514 1930 5596">
    <p class='ocr_par' dir='ltr' id='par_1_103' title="bbox 355 5514 1930 5596">
     <span class='ocr_line' id='line_1_103' title="bbox 355 5514 1930 5596; baseline -0.008 -16"><span class='ocrx_word' id='word_1_701' title='bbox 355 5525 461 5596; x_wconf 75' lang='grc' dir='ltr'><strong>λὴν</strong></span> <span class='ocrx_word' id='word_1_702' title='bbox 491 5522 818 5592; x_wconf 75' lang='grc' dir='ltr'>ἐπιμέλειαν</span> <span class='ocrx_word' id='word_1_703' title='bbox 860 5519 1145 5573; x_wconf 82' lang='grc' dir='ltr'>ποιοῦνται</span> <span class='ocrx_word' id='word_1_704' title='bbox 1176 5518 1254 5579; x_wconf 88' lang='grc' dir='ltr'><strong>είς</strong></span> <span class='ocrx_word' id='word_1_705' title='bbox 1288 5515 1349 5568; x_wconf 80' lang='grc' dir='ltr'>τὸ</span> <span class='ocrx_word' id='word_1_706' title='bbox 1392 5515 1682 5585; x_wconf 73' lang='grc' dir='ltr'>ἀναζητεῖν</span> <span class='ocrx_word' id='word_1_707' title='bbox 1713 5514 1807 5567; x_wconf 75' lang='grc' dir='ltr'><strong>καὶ</strong></span> <span class='ocrx_word' id='word_1_708' title='bbox 1838 5515 1930 5567; x_wconf 83' lang='grc' dir='ltr'><strong>εὖ·</strong></span> 
     </span>
    </p>
   </div>
   <div class='ocr_carea' id='block_1_104' title="bbox 360 5604 1931 5689">
    <p class='ocr_par' dir='ltr' id='par_1_104' title="bbox 360 5604 1931 5689">
     <span class='ocr_line' id='line_1_104' title="bbox 360 5604 1931 5689; baseline -0.006 -23"><span class='ocrx_word' id='word_1_709' title='bbox 360 5616 575 5689; x_wconf 84' lang='grc' dir='ltr'>ρίσκειν</span> <span class='ocrx_word' id='word_1_710' title='bbox 598 5611 793 5670; x_wconf 78' lang='grc' dir='ltr'>αὑτοὺς</span> <span class='ocrx_word' id='word_1_711' title='bbox 853 5611 949 5662; x_wconf 70' lang='grc' dir='ltr'><strong>καὶ</strong></span> <span class='ocrx_word' id='word_1_712' title='bbox 982 5604 1461 5677; x_wconf 76' lang='grc' dir='ltr'>ἀναλαμϐάνεσθαι</span> <span class='ocrx_word' id='word_1_713' title='bbox 1492 5606 1585 5658; x_wconf 69' lang='grc' dir='ltr'><strong>καὶ</strong></span> <span class='ocrx_word' id='word_1_714' title='bbox 1616 5605 1931 5673; x_wconf 73' lang='grc' dir='ltr'>ἀγωνίζιιν-</span> 
     </span>
    </p>
   </div>
   <div class='ocr_carea' id='block_1_105' title="bbox 352 5694 1931 5772">
    <p class='ocr_par' dir='ltr' id='par_1_105' title="bbox 352 5694 1931 5772">
     <span class='ocr_line' id='line_1_105' title="bbox 352 5694 1931 5772; baseline -0.008 -14"><span class='ocrx_word' id='word_1_715' title='bbox 352 5722 419 5763; x_wconf 81' lang='grc' dir='ltr'><strong>το</strong></span> <span class='ocrx_word' id='word_1_716' title='bbox 448 5701 796 5771; x_wconf 68' lang='grc' dir='ltr'>καταλλήλως</span> <span class='ocrx_word' id='word_1_717' title='bbox 813 5700 888 5772; x_wconf 81' lang='grc' dir='ltr'><strong>τῷ</strong></span> <span class='ocrx_word' id='word_1_718' title='bbox 924 5698 1222 5768; x_wconf 82' lang='grc' dir='ltr'>πταίσματι</span> <span class='ocrx_word' id='word_1_719' title='bbox 1253 5696 1578 5767; x_wconf 74' lang='grc' dir='ltr'>θεραπεύειν</span> <span class='ocrx_word' id='word_1_720' title='bbox 1610 5694 1698 5747; x_wconf 69' lang='grc' dir='ltr'><strong>τον</strong></span> <span class='ocrx_word' id='word_1_721' title='bbox 1727 5694 1931 5748; x_wconf 67' lang='grc' dir='ltr'>,οςοῦν-</span> 
     </span>
    </p>
   </div>
   <div class='ocr_carea' id='block_1_106' title="bbox 356 5789 1929 5860">
    <p class='ocr_par' dir='ltr' id='par_1_106' title="bbox 356 5789 1929 5860">
     <span class='ocr_line' id='line_1_106' title="bbox 356 5789 1929 5860; baseline -0.01 -9"><span class='ocrx_word' id='word_1_722' title='bbox 356 5816 448 5855; x_wconf 64' lang='grc' dir='ltr'><strong>τα.</strong></span> <span class='ocrx_word' id='word_1_723' title='bbox 493 5800 582 5851; x_wconf 70' lang='grc' dir='ltr'><strong>καὶ</strong></span> <span class='ocrx_word' id='word_1_724' title='bbox 636 5794 885 5848; x_wconf 65' lang='grc' dir='ltr'>σῖτ’ὃςιν</span> <span class='ocrx_word' id='word_1_725' title='bbox 934 5793 1270 5860; x_wconf 54' lang='grc' dir='ltr'>ἀνακτᾶσθαι</span> <span class='ocrx_word' id='word_1_726' title='bbox 1310 5789 1471 5844; x_wconf 62' lang='lat' dir='ltr'><strong>atith</strong></span> <span class='ocrx_word' id='word_1_727' title='bbox 1514 5790 1603 5845; x_wconf 83' lang='grc' dir='ltr'><strong>καί</strong></span> <span class='ocrx_word' id='word_1_728' title='bbox 1657 5789 1929 5840; x_wconf 66' lang='grc' dir='ltr'>ὲπιόόωνρ</span> 
     </span>
    </p>
   </div>
   <div class='ocr_carea' id='block_1_107' title="bbox 2029 4587 3596 4683">
    <p class='ocr_par' dir='ltr' id='par_1_107' title="bbox 2029 4587 3596 4683">
     <span class='ocr_line' id='line_1_107' title="bbox 2029 4587 3596 4683; baseline -0.022 -16"><span class='ocrx_word' id='word_1_729' title='bbox 2029 4620 2249 4683; x_wconf 87' lang='lat' dir='ltr'><strong>propter</strong></span> <span class='ocrx_word' id='word_1_730' title='bbox 2288 4608 2418 4663; x_wconf 88' lang='lat' dir='ltr'><strong>alibi</strong></span> <span class='ocrx_word' id='word_1_731' title='bbox 2486 4613 2681 4659; x_wconf 87' lang='lat' dir='ltr'><strong>tousos</strong></span> <span class='ocrx_word' id='word_1_732' title='bbox 2729 4596 3051 4654; x_wconf 85' lang='lat' dir='ltr'><strong>monachos.</strong></span> <span class='ocrx_word' id='word_1_733' title='bbox 3111 4591 3252 4662; x_wconf 80' lang='lat' dir='ltr'><strong>Lege</strong></span> <span class='ocrx_word' id='word_1_734' title='bbox 3302 4587 3466 4642; x_wconf 87' lang='lat' dir='ltr'><strong>etiam</strong></span> <span class='ocrx_word' id='word_1_735' title='bbox 3522 4596 3596 4634; x_wconf 87' lang='lat' dir='ltr'><strong>se-</strong></span> 
     </span>
    </p>
   </div>
   <div class='ocr_carea' id='block_1_108' title="bbox 2026 4712 2599 4774">
    <p class='ocr_par' dir='ltr' id='par_1_108' title="bbox 2026 4712 2599 4774">
     <span class='ocr_line' id='line_1_108' title="bbox 2026 4712 2599 4774; baseline -0.01 -20"><span class='ocrx_word' id='word_1_736' title='bbox 2026 4712 2284 4774; x_wconf 86' lang='lat' dir='ltr'><strong>quentem</strong></span> <span class='ocrx_word' id='word_1_737' title='bbox 2313 4714 2372 4755; x_wconf 87' lang='lat' dir='ltr'><strong>ca</strong></span> <span class='ocrx_word' id='word_1_738' title='bbox 2383 4712 2599 4752; x_wconf 89' lang='lat' dir='ltr'><strong>nonem.</strong></span> 
     </span>
    </p>
   </div>
   <div class='ocr_carea' id='block_1_109' title="bbox 2100 4856 3603 4932">
    <p class='ocr_par' dir='ltr' id='par_1_109' title="bbox 2100 4856 3603 4932">
     <span class='ocr_line' id='line_1_109' title="bbox 2100 4856 3603 4932; baseline -0.019 -2"><span class='ocrx_word' id='word_1_739' title='bbox 2100 4873 2357 4932; x_wconf 70' lang='lat' dir='ltr'><strong>ZONAll.</strong></span> <span class='ocrx_word' id='word_1_740' title='bbox 2382 4870 2638 4926; x_wconf 87' lang='lat' dir='ltr'><strong>Pluribus</strong></span> <span class='ocrx_word' id='word_1_741' title='bbox 2668 4878 2939 4922; x_wconf 89' lang='lat' dir='ltr'><strong>canonum</strong></span> <span class='ocrx_word' id='word_1_742' title='bbox 2979 4856 3379 4916; x_wconf 86' lang='lat' dir='ltr'><strong>sanctionibus,</strong></span> <span class='ocrx_word' id='word_1_743' title='bbox 3409 4864 3603 4919; x_wconf 81' lang='lat' dir='ltr'><strong>nequa-</strong></span> 
     </span>
    </p>
   </div>
   <div class='ocr_carea' id='block_1_110' title="bbox 2033 4940 3613 5031">
    <p class='ocr_par' dir='ltr' id='par_1_110' title="bbox 2033 4940 3613 5031">
     <span class='ocr_line' id='line_1_110' title="bbox 2033 4940 3613 5031; baseline -0.017 -11"><span class='ocrx_word' id='word_1_744' title='bbox 2033 4981 2195 5031; x_wconf 84' lang='lat' dir='ltr'><strong>quam</strong></span> <span class='ocrx_word' id='word_1_745' title='bbox 2221 4961 2507 5017; x_wconf 86' lang='lat' dir='ltr'><strong>monachis</strong></span> <span class='ocrx_word' id='word_1_746' title='bbox 2523 4959 2688 5013; x_wconf 87' lang='lat' dir='ltr'><strong>licere</strong></span> <span class='ocrx_word' id='word_1_747' title='bbox 2706 4952 3073 5016; x_wconf 87' lang='lat' dir='ltr'><strong>monasteriis,</strong></span> <span class='ocrx_word' id='word_1_748' title='bbox 3094 4950 3149 5002; x_wconf 92' lang='lat' dir='ltr'><strong>iu</strong></span> <span class='ocrx_word' id='word_1_749' title='bbox 3173 4946 3372 5017; x_wconf 83' lang='lat' dir='ltr'><strong>quibus</strong></span> <span class='ocrx_word' id='word_1_750' title='bbox 3394 4940 3613 4995; x_wconf 61' lang='lat' dir='ltr'><strong>detousi</strong></span> 
     </span>
    </p>
   </div>
   <div class='ocr_carea' id='block_1_111' title="bbox 2035 5029 3607 5109">
    <p class='ocr_par' dir='ltr' id='par_1_111' title="bbox 2035 5029 3607 5109">
     <span class='ocr_line' id='line_1_111' title="bbox 2035 5029 3607 5109; baseline -0.018 0"><span class='ocrx_word' id='word_1_751' title='bbox 2035 5029 2255 5109; x_wconf 80' lang='lat' dir='ltr'><strong>fuerunt</strong></span> <span class='ocrx_word' id='word_1_752' title='bbox 2298 5049 2501 5104; x_wconf 87' lang='lat' dir='ltr'><strong>relictis</strong></span> <span class='ocrx_word' id='word_1_753' title='bbox 2529 5045 2593 5098; x_wconf 89' lang='lat' dir='ltr'><strong>ad</strong></span> <span class='ocrx_word' id='word_1_754' title='bbox 2624 5044 2728 5097; x_wconf 87' lang='lat' dir='ltr'><strong>alia</strong></span> <span class='ocrx_word' id='word_1_755' title='bbox 2758 5058 2877 5098; x_wconf 78' lang='lat' dir='ltr'><strong>sese</strong></span> <span class='ocrx_word' id='word_1_756' title='bbox 2911 5039 3160 5096; x_wconf 87' lang='lat' dir='ltr'><strong>conferre</strong></span> <span class='ocrx_word' id='word_1_757' title='bbox 3215 5044 3310 5087; x_wconf 89' lang='lat' dir='ltr'><strong>aut</strong></span> <span class='ocrx_word' id='word_1_758' title='bbox 3344 5032 3449 5085; x_wconf 90' lang='lat' dir='ltr'><strong>huc</strong></span> <span class='ocrx_word' id='word_1_759' title='bbox 3478 5029 3607 5083; x_wconf 89' lang='lat' dir='ltr'><strong>illue</strong></span> 
     </span>
    </p>
   </div>
   <div class='ocr_carea' id='block_1_112' title="bbox 2033 5118 3606 5208">
    <p class='ocr_par' dir='ltr' id='par_1_112' title="bbox 2033 5118 3606 5208">
     <span class='ocr_line' id='line_1_112' title="bbox 2033 5118 3606 5208; baseline -0.018 -11"><span class='ocrx_word' id='word_1_760' title='bbox 2033 5142 2375 5197; x_wconf 79' lang='lat' dir='ltr'><strong>errabundas</strong></span> <span class='ocrx_word' id='word_1_761' title='bbox 2401 5137 2603 5208; x_wconf 78' lang='lat' dir='ltr'><strong>vagari,</strong></span> <span class='ocrx_word' id='word_1_762' title='bbox 2636 5135 2916 5190; x_wconf 89' lang='lat' dir='ltr'><strong>decretum</strong></span> <span class='ocrx_word' id='word_1_763' title='bbox 2953 5139 3059 5184; x_wconf 87' lang='lat' dir='ltr'><strong>est.</strong></span> <span class='ocrx_word' id='word_1_764' title='bbox 3106 5127 3212 5181; x_wconf 86' lang='lat' dir='ltr'><strong>Sed</strong></span> <span class='ocrx_word' id='word_1_765' title='bbox 3254 5124 3383 5185; x_wconf 84' lang='lat' dir='ltr'><strong>hoc,</strong></span> <span class='ocrx_word' id='word_1_766' title='bbox 3433 5118 3606 5186; x_wconf 87' lang='lat' dir='ltr'><strong>inquit</strong></span> 
     </span>
    </p>
   </div>
   <div class='ocr_carea' id='block_1_113' title="bbox 2034 5213 3607 5296">
    <p class='ocr_par' dir='ltr' id='par_1_113' title="bbox 2034 5213 3607 5296">
     <span class='ocr_line' id='line_1_113' title="bbox 2034 5213 3607 5296; baseline -0.021 -3"><span class='ocrx_word' id='word_1_767' title='bbox 2034 5238 2123 5292; x_wconf 87' lang='lat' dir='ltr'><strong>hic</strong></span> <span class='ocrx_word' id='word_1_768' title='bbox 2153 5249 2351 5296; x_wconf 86' lang='lat' dir='ltr'><strong>canon,</strong></span> <span class='ocrx_word' id='word_1_769' title='bbox 2384 5230 2526 5284; x_wconf 90' lang='lat' dir='ltr'><strong>male</strong></span> <span class='ocrx_word' id='word_1_770' title='bbox 2568 5234 2867 5285; x_wconf 86' lang='lat' dir='ltr'><strong>servatum,</strong></span> <span class='ocrx_word' id='word_1_771' title='bbox 2908 5220 3260 5287; x_wconf 84' lang='lat' dir='ltr'><strong>deleriusqne</strong></span> <span class='ocrx_word' id='word_1_772' title='bbox 3304 5213 3607 5279; x_wconf 71' lang='lat' dir='ltr'><strong>neglectum</strong></span> 
     </span>
    </p>
   </div>
   <div class='ocr_carea' id='block_1_114' title="bbox 2033 5298 3611 5394">
    <p class='ocr_par' dir='ltr' id='par_1_114' title="bbox 2033 5298 3611 5394">
     <span class='ocr_line' id='line_1_114' title="bbox 2033 5298 3611 5394; baseline -0.022 -9"><span class='ocrx_word' id='word_1_773' title='bbox 2033 5326 2384 5394; x_wconf 81' lang='lat' dir='ltr'><strong>corrigimus.</strong></span> <span class='ocrx_word' id='word_1_774' title='bbox 2416 5322 2493 5374; x_wconf 86' lang='lat' dir='ltr'><strong>Ac</strong></span> <span class='ocrx_word' id='word_1_775' title='bbox 2529 5320 2632 5373; x_wconf 91' lang='lat' dir='ltr'><strong>nisi</strong></span> <span class='ocrx_word' id='word_1_776' title='bbox 2657 5330 2869 5377; x_wconf 85' lang='lat' dir='ltr'><strong>eorum,</strong></span> <span class='ocrx_word' id='word_1_777' title='bbox 2902 5313 3044 5366; x_wconf 90' lang='lat' dir='ltr'><strong>unde</strong></span> <span class='ocrx_word' id='word_1_778' title='bbox 3083 5326 3141 5365; x_wconf 90' lang='lat' dir='ltr'><strong>se</strong></span> <span class='ocrx_word' id='word_1_779' title='bbox 3177 5303 3431 5361; x_wconf 87' lang='lat' dir='ltr'><strong>monachi</strong></span> <span class='ocrx_word' id='word_1_780' title='bbox 3476 5298 3611 5354; x_wconf 79' lang='lat' dir='ltr'><strong>sub-</strong></span> 
     </span>
    </p>
   </div>
   <div class='ocr_carea' id='block_1_115' title="bbox 2034 5387 3609 5476">
    <p class='ocr_par' dir='ltr' id='par_1_115' title="bbox 2034 5387 3609 5476">
     <span class='ocr_line' id='line_1_115' title="bbox 2034 5387 3609 5476; baseline -0.02 -4"><span class='ocrx_word' id='word_1_781' title='bbox 2034 5387 2261 5476; x_wconf 71' lang='lat' dir='ltr'><strong>ducunt.</strong></span> <span class='ocrx_word' id='word_1_782' title='bbox 2317 5409 2770 5467; x_wconf 78' lang='lat' dir='ltr'><strong>monasteriorum</strong></span> <span class='ocrx_word' id='word_1_783' title='bbox 2817 5401 3099 5472; x_wconf 73' lang='lat' dir='ltr'><strong>pnesides,</strong></span> <span class='ocrx_word' id='word_1_784' title='bbox 3160 5395 3386 5450; x_wconf 88' lang='lat' dir='ltr'><strong>multam</strong></span> <span class='ocrx_word' id='word_1_785' title='bbox 3427 5389 3483 5443; x_wconf 85' lang='lat' dir='ltr'><strong>in</strong></span> <span class='ocrx_word' id='word_1_786' title='bbox 3530 5387 3609 5441; x_wconf 77' lang='lat' dir='ltr'><strong>eis</strong></span> 
     </span>
    </p>
   </div>
   <div class='ocr_carea' id='block_1_116' title="bbox 2035 5476 3608 5581">
    <p class='ocr_par' dir='ltr' id='par_1_116' title="bbox 2035 5476 3608 5581">
     <span class='ocr_line' id='line_1_116' title="bbox 2035 5476 3608 5581; baseline -0.023 -17"><span class='ocrx_word' id='word_1_787' title='bbox 2035 5506 2363 5581; x_wconf 62' lang='lat' dir='ltr'><strong>quaerendis,</strong></span> <span class='ocrx_word' id='word_1_788' title='bbox 2394 5499 2739 5557; x_wconf 81' lang='lat' dir='ltr'><strong>inveniendis</strong></span> <span class='ocrx_word' id='word_1_789' title='bbox 2782 5510 2846 5548; x_wconf 89' lang='lat' dir='ltr'><strong>ac</strong></span> <span class='ocrx_word' id='word_1_790' title='bbox 2897 5486 3221 5559; x_wconf 87' lang='lat' dir='ltr'><strong>recipiendis</strong></span> <span class='ocrx_word' id='word_1_791' title='bbox 3269 5476 3608 5549; x_wconf 76' lang='lat' dir='ltr'><strong>diligentiam</strong></span> 
     </span>
    </p>
   </div>
   <div class='ocr_carea' id='block_1_117' title="bbox 2037 5568 3608 5660">
    <p class='ocr_par' dir='ltr' id='par_1_117' title="bbox 2037 5568 3608 5660">
     <span class='ocr_line' id='line_1_117' title="bbox 2037 5568 3608 5660; baseline -0.025 -3"><span class='ocrx_word' id='word_1_792' title='bbox 2037 5568 2349 5660; x_wconf 71' lang='lat' dir='ltr'><strong>adhibeant,</strong></span> <span class='ocrx_word' id='word_1_793' title='bbox 2398 5596 2696 5660; x_wconf 89' lang='lat' dir='ltr'><strong>tnorboque</strong></span> <span class='ocrx_word' id='word_1_794' title='bbox 2750 5584 2980 5645; x_wconf 53' lang='lat' dir='ltr'><strong>allectis,</strong></span> <span class='ocrx_word' id='word_1_795' title='bbox 3024 5586 3185 5651; x_wconf 86' lang='lat' dir='ltr'><strong>prout</strong></span> <span class='ocrx_word' id='word_1_796' title='bbox 3236 5568 3608 5646; x_wconf 85' lang='lat' dir='ltr'><strong>prolapsiouis</strong></span> 
     </span>
    </p>
   </div>
   <div class='ocr_carea' id='block_1_118' title="bbox 2036 5663 3607 5759">
    <p class='ocr_par' dir='ltr' id='par_1_118' title="bbox 2036 5663 3607 5759">
     <span class='ocr_line' id='line_1_118' title="bbox 2036 5663 3607 5759; baseline -0.023 -10"><span class='ocrx_word' id='word_1_797' title='bbox 2036 5693 2175 5749; x_wconf 75' lang='lat' dir='ltr'><strong>ratio</strong></span> <span class='ocrx_word' id='word_1_798' title='bbox 2211 5686 2589 5759; x_wconf 81' lang='lat' dir='ltr'><strong>postulaverit,</strong></span> <span class='ocrx_word' id='word_1_799' title='bbox 2637 5678 2956 5735; x_wconf 88' lang='lat' dir='ltr'><strong>medicinam</strong></span> <span class='ocrx_word' id='word_1_800' title='bbox 3014 5674 3217 5733; x_wconf 80' lang='lat' dir='ltr'><strong>facere,</strong></span> <span class='ocrx_word' id='word_1_801' title='bbox 3257 5674 3312 5718; x_wconf 84' lang='lat' dir='ltr'><strong>et</strong></span> <span class='ocrx_word' id='word_1_802' title='bbox 3360 5663 3607 5716; x_wconf 83' lang='lat' dir='ltr'><strong>labentes</strong></span> 
     </span>
    </p>
   </div>
   <div class='ocr_carea' id='block_1_119' title="bbox 2036 5752 3613 5837">
    <p class='ocr_par' dir='ltr' id='par_1_119' title="bbox 2036 5752 3613 5837">
     <span class='ocr_line' id='line_1_119' title="bbox 2036 5752 3613 5837; baseline -0.02 -2"><span class='ocrx_word' id='word_1_803' title='bbox 2036 5791 2343 5837; x_wconf 73' lang='lat' dir='ltr'><strong>sustentare</strong></span> <span class='ocrx_word' id='word_1_804' title='bbox 2400 5793 2459 5832; x_wconf 86' lang='lat' dir='ltr'><strong>ac</strong></span> <span class='ocrx_word' id='word_1_805' title='bbox 2513 5776 2704 5829; x_wconf 78' lang='lat' dir='ltr'><strong>fulcire</strong></span> <span class='ocrx_word' id='word_1_806' title='bbox 2776 5768 3175 5822; x_wconf 71' lang='lat' dir='ltr'><strong>contenderat.</strong></span> <span class='ocrx_word' id='word_1_807' title='bbox 3238 5752 3613 5818; x_wconf 65' lang='lat' dir='ltr'><strong>segregatione</strong></span> 
     </span>
    </p>
   </div>
  </div>
