4056 6394
270 294 406 360 1021

348 523 368 559 ι
414 507 544 576 χοὺς
574 509 857 575 ὑποδίκους
898 516 1061 568 ποιεῖ.
1110 532 1130 567 ι

255 813 266 822 κ
340 776 540 834 ΒΑΛΣ.
573 779 652 832 Τὰ
689 780 778 834 διὰ
801 781 900 852 τὴν
925 784 1124 836 κακίαν
1149 786 1242 836 καὶ
1290 784 1391 855 τὴν
1442 785 1686 838 ἐπίθεσιν
1730 759 1840 838 τῶν

267 869 645 940 είκονομάχων
699 875 1050 944 συμπεσόντα
1083 876 1231 929 δεινὰ
1263 881 1372 940 τοῖς
1409 880 1664 947 μοναχοῖς
1709 879 1840 930 ἐπο-

269 962 528 1016 νείδιστον
553 966 924 1035 ἀπειργάσατο
948 969 1009 1020 τὸ
1052 970 1345 1038 μοναχικὸν
1377 970 1671 1035 σεϐάσμιον
1709 970 1843 1038 σχῆ-

269 1069 370 1120 μα,
402 1055 568 1123 φησὶν
592 1057 620 1109 ὁ
643 1058 844 1112 κανών.
877 1059 1183 1114 Κατέλιπον
1210 1060 1319 1131 γὰρ
1361 1061 1458 1124 τὰς
1503 1061 1639 1122 ιδίας
1672 1061 1842 1131 μονὰς

265 1145 314 1196 οἱ
353 1145 686 1215 μονάζοντες
713 1149 802 1204 διὰ
845 1151 946 1222 τὴν
973 1153 1083 1206 τῶν
1111 1155 1412 1224 αἰρετικῶν
1441 1156 1672 1226 ἀπειλήν
1703 1172 1718 1187 ο
1749 1158 1842 1209 καὶ

265 1240 317 1291 οἰ
351 1240 451 1308 μὲν
496 1243 576 1306 είς
602 1242 790 1313 ἕτερον
819 1247 1122 1314 μετέπεσον
1154 1251 1538 1321 μοναστήριον,
1572 1251 1623 1303 οἰ
1663 1250 1719 1304 δὲ
1760 1253 1840 1315 εἰς

265 1333 510 1402 κοσμικὰ
538 1337 842 1392 κατέλυσαν
872 1340 1207 1409 καταγώγια.
1250 1344 1358 1396 Καὶ
1393 1344 1514 1396 τότε
1549 1343 1648 1412 μὲν
1681 1345 1841 1398 ἀνεύ-

269 1423 431 1478 θυνον
461 1426 677 1497 ὑπῆρχε
708 1428 768 1482 τὸ
793 1431 1110 1499 γενόμενον,
1154 1435 1458 1504 κατήντησε
1492 1435 1549 1489 δὲ
1572 1435 1730 1489 τοῦτο
1761 1439 1842 1498 εἰς

266 1517 488 1583 γέλωτα
522 1523 634 1582 τοῖς
684 1521 922 1584 πολλοῖς.
973 1524 1282 1593 Παυθείσης
1310 1527 1421 1596 γὰρ
1463 1527 1565 1596 τῆς
1605 1527 1712 1581 ἀπὸ
1747 1529 1840 1582 τοῦ

264 1608 512 1678 διωγμοῦ
545 1610 654 1664 τῶν
677 1613 1022 1677 Χριστιανῶν
1050 1614 1301 1687 ἀπειλῆς,
1343 1616 1433 1670 διὰ
1473 1617 1532 1671 τὸ
1581 1618 1843 1688 ὑφαπλω-

1461 314 1540 373 ΙΝ
1577 315 1746 375 CAN.
1797 313 1872 375 IV
1916 312 2126 374 CONC.
2162 313 2364 380 CPOL.

345 432 365 466 ι
410 412 567 469 τοῦτο
594 415 716 472 οὔτε
740 418 867 482 τοὺς
893 419 1323 493 ὑποδεχομένους
1352 424 1476 480 οὔτε
1509 428 1634 490 τοὺς
1675 444 1843 496 μονα·
1871 428 1911 484 Α

3380 309 3516 375 10532

2032 448 2050 479 ‹
2113 445 2307 509 eorum
2366 433 2459 502 qui
2527 428 2836 486 inhabitant
2895 427 3151 493 salutem,
3226 428 3518 485 traducere

2023 538 2041 571 ι
2081 521 2375 586 censuerit,
2407 521 2490 578 vel
2522 522 2574 577 in
2601 521 2796 590 quovis
2822 520 2930 574 alio
2965 519 3086 575 loco
3122 520 3517 590 praeponendos

2023 633 2039 666 ι
2091 617 2318 685 putarit,
2362 617 2465 671 hoc
2514 631 2692 685 neque
2745 630 2840 670 eos
2883 614 2977 684 qui
3032 612 3367 683 suscipiunt,
3415 629 3515 668 nec

2017 726 2037 758 ι
2070 709 2217 774 ipsos
2248 709 2546 764 monachos
2583 709 2856 764 obnoxios
2880 706 3089 761 reddet.
3135 724 3156 758 ›

2013 799 2213 859 BALS.
2244 800 2376 866 Quae
2405 811 2627 870 prOpter
2663 800 3160 854 lconomachorum
3189 798 3514 866 improbita-

1943 901 2124 948 temet
2149 894 2411 949 iusultum
2448 895 2590 948 mala
2632 892 2916 949 monachis
2952 891 3294 955 acciderant,
3324 905 3516 946 mona-

1942 987 2136 1042 sticum
2192 985 2562 1041 venerandum
2631 985 2873 1040 habitum
2941 984 3266 1052 probrosum
3315 979 3516 1035 effece-

1942 1087 2087 1142 runt,
2123 1087 2184 1131 ut
2211 1078 2393 1145 inquit’
2411 1093 2615 1132 canon.
2645 1075 2895 1132 Monachi
2918 1075 3061 1130 enim
3090 1073 3304 1143 propria
3330 1087 3519 1126 mona-

1943 1173 2111 1225 SIeria
2145 1171 2511 1240 reliquerunt,
2545 1180 2770 1239 propter
2797 1169 2976 1222 minas
3003 1167 3386 1221 hazreticorum
3423 1181 3434 1216 :
3463 1170 3518 1217 et

1945 1263 2034 1316 alii
2066 1261 2285 1332 quidem
2325 1277 2386 1316 se
2418 1261 2472 1315 in
2506 1262 2608 1314 alia
2651 1259 2980 1314 monasteria
3008 1257 3378 1319 contulerunt,
3426 1258 3517 1310 alii

1943 1368 2073 1408 vero
2105 1353 2158 1408 in
2213 1354 2508 1407 mundanis
2553 1351 2883 1406 habitaculis
2934 1349 3100 1405 vitam
3145 1356 3395 1416 egerunt.
3451 1346 3516 1398 Et

1946 1459 2075 1502 tunc
2103 1445 2365 1516 Equidem,
2415 1443 2562 1515 quod
2612 1444 2682 1498 ab
2729 1443 2808 1496 eis
2872 1441 3056 1504 fiebat,
3086 1447 3206 1493 erat
3256 1437 3324 1491 ab
3371 1438 3518 1491 omni

1946 1539 2106 1609 culpa
2139 1546 2197 1592 et
2218 1537 2649 1607 reprehensione
2679 1535 2914 1590 alienum
2947 1549 2960 1586 :
2995 1531 3171 1588 evasit
3197 1538 3379 1583 autem
3420 1527 3524 1582 hoc

1945 1641 2132 1700 postea
2181 1630 2374 1685 multis
2432 1629 2747 1683 ridiculum.
2793 1625 2931 1681 Cum
2979 1623 3126 1678 enim
3180 1619 3524 1676 cessaverint

266 1700 432 1770 θῆναι
463 1702 562 1804 τὴν
593 1703 924 1804 όρθοδοξίαν,
945 1707 1089 1768 τινὲς
1113 1707 1224 1760 τῶν
1249 1710 1498 1778 μοναχῶν
1523 1709 1845 1779 ἁνερυθριά-

1952 1725 2105 1780 minae
2157 1739 2279 1794 quae
2335 1721 2390 1778 in
2444 1720 2791 1778 Christianos
2841 1716 3256 1773 intentabantur
3300 1719 3522 1783 propter

268 1808 416 1857 στως
447 1795 689 1866 τολμῶσι
721 1800 897 1850 ποιεῖν
941 1797 1086 1871 ἆπερ
1112 1798 1198 1852 διὰ
1226 1799 1327 1869 τὴν
1354 1800 1601 1870 ἀνάγκην
1625 1801 1846 1855 ἀκινδύ-

271 1887 658 1956 νωςιέγίνοντο
682 1893 836 1960 παρά
869 1909 1054 1946 τινων.
1085 1892 1174 1962 Τῷ
1200 1911 1282 1947 τοι
1312 1895 1405 1947 καὶ
1447 1895 1753 1964 ὑποχωρεῖν
1780 1896 1846 1948 ἐκ

266 1977 378 2028 τῶν
396 1977 619 2032 οἰκείων
646 1981 1028 2049 ἁποκάρσεων,
1051 1982 1146 2036 καὶ
1171 1983 1322 2054 παρὰ
1347 1985 1470 2046 ταῖς
1495 1984 1683 2037 πόλεσι
1707 1985 1848 2055 μετά

267 2068 476 2122 λαῖκῶν
500 2069 796 2140 διατρίϐειν
827 2071 929 2126 οὐκ
959 2073 1340 2143 αἰσχύνονται,
1380 2075 1845 2145 προφασιζόμενοι

269 2162 366 2214 καὶ
409 2162 560 2230 παρὰ
594 2161 704 2216 τῶν
742 2163 848 2232 πρὸ
879 2164 1062 2218 αὐτῶν
1095 2165 1349 2235 μοναχῶν
1398 2165 1628 2220 τοιαῦτα
1673 2166 1848 2220 πολλὰ

267 2251 536 2320 γίνεσθαι.
600 2256 712 2310 Καὶ
767 2256 888 2308 ἐπεὶ
932 2256 1093 2310 τοῦτο
1136 2257 1502 2324 ἀνυποταξίας
1546 2260 1847 2330 κατηγορεῖ

269 2347 403 2409 τοὺς
443 2348 738 2417 μοναχοὺς,
767 2349 864 2402 καὶ
883 2348 985 2418 τὴν
1022 2347 1367 2404 κατάστασιν
1416 2351 1528 2404 τῶν
1578 2366 1849 2422 μοναστη-

274 2438 404 2510 ρίων
436 2439 788 2510 λυμαίνεται,
817 2439 1018 2510 ὥρισεν
1049 2441 1470 2512 ἀφωρισμένους
1496 2437 1636 2496 εἰναι
1662 2441 1756 2495 τόν
1785 2459 1847 2496 τε

273 2532 382 2586 ἀπὸ
410 2533 510 2602 τῆς
544 2535 603 2586 ὲν
688 2533 997 2599 ἀπετάξατο
1049 2535 1218 2604 μονῆς
1260 2534 1648 2604 ἁποδράσαντα
1680 2552 1847 2606 μονα·

272 2625 386 2696 χον,
415 2625 510 2678 καὶ
539 2626 618 2687 εἰς
651 2625 837 2693 ἕτερον
859 2626 1116 2695 δεχθέντα
1146 2627 1530 2696 μοναστήριον;
1563 2627 1701 2680 ἀλλὰ
1738 2627 1849 2701 μὴν

271 2719 372 2772 καὶ
393 2718 486 2771 τὸν
519 2721 710 2772 τοῦτον
734 2719 1028 2790 δεξάμενον
1053 2719 1378 2790 ἡγούμενον,
1408 2719 1520 2773 ἔστ’
1557 2719 1622 2774 ἂν
1651 2721 1679 2774 ὁ
1709 2721 1847 2775 ἀπο-

274 2806 466 2878 φυγὼν
498 2809 728 2879 μοναχὸς
757 2809 1075 2882 ὑποστρέψῃ
1120 2811 1201 2872 εἰς
1247 2809 1346 2880 τὴν
1392 2810 1604 2865 οἰκείαν
1653 2813 1844 2882 μονήν.

272 2903 384 2955 Καὶ
427 2901 602 2955 ταῦτα
661 2902 778 2970 μὲν,
827 2903 954 2956 ὅταν
1004 2903 1250 2956 τοιοῦτόν
1295 2921 1346 2956 τι
1393 2903 1619 2974 γένηται
1677 2905 1849 2975 χωρὶς

273 2993 640 3060 ἔπισκοπικῆς
671 2994 932 3064 εἰδήσεως
1006 2997 1055 3046 εἰ
1086 2995 1140 3048 δὲ
1171 2997 1210 3058 ό,
1234 2995 1375 3049 κατὰ
1407 2996 1591 3066 χώραν
1620 2997 1848 3051 ἐπίσκο-

1948 1819 2384 1890 persecutionem
2435 1830 2503 1869 co
2555 1813 2702 1883 quod
2759 1811 3064 1868 orthodoxa
3117 1806 3388 1862 sententia
3450 1807 3523 1858 sit

1948 1914 2176 1983 simplex
2206 1921 2260 1966 et
2291 1916 2515 1980 aperta;
2549 1907 2768 1978 quidam
2799 1915 2977 1960 tamen
3023 1900 3280 1956 monachi
3319 1900 3520 1954 audent

1948 2009 2156 2076 absque
2189 2005 2301 2059 ullo
2341 2003 2549 2074 pudore
2575 2017 2636 2056 ea
2673 1999 2875 2066 facere,
2909 2012 3030 2067 quae
3064 2004 3290 2068 propter
3329 2007 3522 2048 neces-

1949 2100 2162 2156 sitatem
2207 2097 2275 2150 ab
2308 2093 2579 2164 aliquibus
2604 2107 2794 2148 secure
2847 2090 3067 2145 fiebant.
3097 2087 3214 2154 Quo
3245 2087 3326 2150 fit,
3362 2095 3418 2138 ut
3470 2093 3526 2138 et

1949 2209 1976 2248 a
2007 2193 2240 2264 propriis
2267 2199 2511 2246 tonsurae
2543 2189 2678 2245 locis
2709 2187 2992 2252 recedant,
3029 2193 3082 2240 et
3115 2183 3170 2237 in
3203 2179 3522 2237 civitatibus

1949 2302 2072 2341 cum
2108 2284 2261 2340 laicis
2299 2286 2506 2337 versari
2547 2294 2654 2336 non
2693 2279 3055 2342 erubescant;
3101 2276 3208 2330 hoc
3257 2281 3522 2344 praetextu

1951 2387 2188 2440 utentes,
2233 2374 2377 2445 quod
2411 2389 2440 2428 a
2489 2369 2793 2430 monachis,
2831 2369 2925 2438 qui
2966 2382 3064 2422 eos
3105 2370 3522 2434 praecesserunt,

1951 2469 2119 2524 multa
2159 2465 2428 2539 ejusmodi
2459 2464 2602 2518 facta
2632 2461 2765 2518 sint.
2805 2462 2868 2516 Et
2901 2457 3160 2528 quoniam
3197 2456 3303 2510 hoc
3331 2467 3525 2506 mona-

1950 2563 2179 2616 chorum
2243 2555 2669 2614 inobedientiam
2716 2553 2920 2622 arguit,
2964 2559 3019 2606 et
3065 2546 3524 2603 monasteriorqu

1948 2653 2398 2711 constitutionem
2452 2647 2670 2714 evertit,
2720 2645 2912 2702 statuit
2962 2639 3225 2712 synodus,
3251 2646 3362 2691 tam
3398 2650 3524 2691 eum

1951 2745 2042 2816 qui
2069 2761 2096 2798 a
2132 2741 2467 2798 monasterio
2499 2739 2554 2795 in
2595 2753 2706 2808 quo
2731 2735 3065 2792 constitutus
3093 2739 3178 2787 cst
3212 2727 3444 2798 aufugit,
3473 2735 3529 2779 ct

1951 2843 2005 2896 in
2045 2839 2215 2895 altero
2252 2833 2593 2890 monasterio
2635 2836 2927 2898 susceptus
2964 2832 3072 2890 est,
3124 2836 3288 2892 quam
3346 2824 3527 2888 ipsum

1955 2933 2119 2990 etiam
2186 2927 2528 3000 prmfectum,
2592 2921 2834 2992 quicum
2903 2914 3148 2983 suscepit
3209 2917 3530 2980 segregatos

1955 3041 2098 3086 esse.
2151 3022 2324 3078 donec
2373 3016 2676 3074 monachus
2727 3013 2818 3084 qui
2880 3008 3094 3078 aufugit
3139 3005 3205 3060 ad
3247 3002 3526 3074 proprium

274 3099 378 3146 πος
406 3084 738 3154 κατανοήσει
789 3085 948 3152 τήνδε
997 3083 1203 3155 (τυχὸν)
1237 3084 1336 3156 τὴν
1385 3085 1552 3157 μονὴν
1584 3087 1659 3158 μὴ
1706 3086 1850 3157 ἔχειν

1958 3114 2354 3172 monasterium
2403 3116 2729 3166 revertatur.
2767 3105 2832 3158 Et
2884 3103 3001 3156 haec
3032 3099 3252 3171 quidem
3307 3092 3532 3163 quando

276 3177 548 3248 μοναχοὺς
569 3177 840 3242 εὐλαϐεῖς,
867 3177 1087 3240 ἱκανοὺς
1119 3178 1184 3231 ἐκ
1209 3177 1319 3231 τῶν
1348 3178 1565 3233 οἰκείων
1596 3179 1849 3250 πράξεων

279 3270 377 3323 καὶ
405 3270 602 3332 ἄλλους
633 3269 768 3340 πρὸς
795 3271 1071 3340 σωτηρίαν
1108 3274 1466 3340 μεταγαγεῖν,
1505 3276 1601 3325 καὶ
1629 3272 1856 3344 δοκιμά-

281 3379 368 3414 σει
415 3360 696 3431 συμφέρον
728 3357 869 3414 εἶναι
904 3361 1294 3432 μετενεχθῆναι
1319 3363 1468 3417 τόνδε
1495 3362 1591 3417 τὸν
1619 3363 1853 3434 μοναχὸν

274 3455 370 3524 ἀφ’
402 3451 468 3526 ἧς
510 3455 766 3527 ἀπεκάρη
807 3457 974 3526 μονῆς
999 3457 1077 3519 εἰς
1115 3456 1331 3528 ἑτέραν,
1362 3457 1394 3528 ἢ
1440 3457 1854 3527 ἐγκαταστῆσαι

273 3551 357 3612 εἰς
395 3548 666 3619 κοσμικὰς
707 3549 886 3612 οἰκίας
932 3549 1276 3619 οἰκονόμους,
1298 3549 1387 3604 διὰ
1431 3550 1708 3622 σωτηρίαν
1744 3551 1853 3603 τῶν

273 3640 682 3696 κατοικούντων
710 3641 768 3694 ἐν
794 3642 955 3711 αὐτῇ,
1003 3642 1034 3711 ἢ
1088 3645 1181 3694 καὶ
1212 3641 1448 3712 ἀλλαχοῦ
1486 3659 1589 3695 που
1623 3643 1852 3696 ἐπιστα·

272 3736 462 3802 στῆσαι,
488 3735 776 3804 γενήσεται
809 3733 1486 3814 τοῦτορπαρεμποδίστως
1508 3750 1524 3766 ο
1580 3735 1718 3804 μήτε
1747 3735 1854 3786 τῶν

280 3825 532 3896 μοναχῶν
565 3825 701 3895 μήτε
731 3824 840 3876 τῶν
868 3823 1285 3900 ,ὑποδεχομένων
1308 3821 1505 3886 αὐτοὺς
1529 3822 1856 3891 ὀφειλόντων

280 3919 422 3980 ὅλως
445 3916 1006 3988 προκριματισθῆναι.
1040 3909 1258 3968 Τούτων
1290 3915 1464 3977 οὕτως
1496 3916 1748 3985 ἐχόντων,
1779 3908 1855 3967 εἷ·-

286 4009 388 4062 πόν
416 4025 562 4070 τινες
593 4005 973 4060 ἐναντιοῦσθαι
992 4005 1165 4058 ταῦτα
1195 4007 1308 4069 τοῖς
1341 4005 1718 4058 θεσπισθεῖσιν
1749 4004 1854 4056 ὑπὸ

272 4100 376 4155 τοῦ
426 4105 480 4153 π’
556 4097 784 4161 κανόνος
837 4097 940 4168 τῆς
995 4098 1052 4148 ἐν
1096 4097 1424 4168 Καροαγέειῃ
1473 4097 1714 4160 συνόδου,
1760 4097 1857 4150 καὶ

270 4191 670 4262 διοριζομένοις
719 4189 812 4243 τὸν
855 4189 1095 4242 τοιοῦτόν
1140 4205 1190 4242 τι
1230 4187 1494 4242 ποιοῦντα
1531 4189 1852 4254 ἐπίσκοπον,

273 4285 372 4340 καὶ
418 4284 830 4354 ὑποδεχόμενον,
864 4282 972 4336 ἁπδ
1017 4282 1300 4352 ἀλλοτρίου
1336 4281 1704 4352 μοναστηρίου
1758 4299 1854 4350 μο-

1957 3210 2166 3279 absque
2213 3201 2508 3275 episcopali
2558 3198 2788 3255 scientia
2827 3192 3035 3265 aliquid
3083 3185 3401 3260 huiusmodi
3445 3183 3530 3239 fa-

1956 3276 2104 3357 ctum
2129 3299 2220 3355 sit.
2251 3297 2306 3351 Si
2339 3305 2519 3350 autem
2558 3292 2679 3363 eius
2706 3288 2948 3361 regionis
2983 3284 3276 3355 episcopus
3304 3276 3532 3334 intelle-

1957 3393 2120 3457 xerit,
2157 3392 2260 3446 hoc
2293 3386 2464 3460 (verbi
2510 3381 2705 3456 gratia)
2741 3377 3132 3436 monasterium
3168 3375 3287 3445 pios
3309 3379 3362 3428 et
3396 3371 3530 3426 reli-

1956 3489 2138 3558 giosos
2180 3481 2482 3538 monachos
2527 3491 2635 3532 non
2672 3474 2897 3536 habere,
2933 3485 3032 3525 nec
3067 3465 3308 3540 propriis
3355 3465 3533 3519 actio-

1954 3554 2119 3634 nibus
2147 3586 2303 3646 aptos
2338 3579 2396 3629 ut
2421 3571 2486 3625 ad
2521 3569 2754 3626 salutem
2784 3565 2921 3620 alios
2954 3561 3267 3622 traducant,
3308 3565 3363 3613 et
3396 3554 3545 3612 utile

1956 3684 2076 3725 esse
2098 3665 2447 3736 iudicaverit,
2482 3671 2540 3716 ut
2571 3659 2661 3714 hic
2696 3655 2946 3711 videlicet
2979 3651 3285 3706 monachus
3335 3663 3363 3701 a
3411 3660 3536 3699 mo«

1957 3760 2218 3823 nasterio,
2256 3759 2322 3812 in-
2345 3771 2457 3826 quo
2499 3762 2694 3808 tonsus
2729 3758 2833 3813 est,
2863 3749 2916 3802 in
2947 3743 3096 3800 aliud
3131 3740 3528 3813 {trans-feratur,

1956 3854 2038 3907 vel
2075 3851 2234 3906 ctiam
2288 3849 2355 3902 ad
2404 3845 2687 3902 SiBClllfll'lS
2733 3842 2933 3897 domus
2994 3831 3532 3891 administrationem

1957 3951 2182 4014 propter
2214 3955 2404 3995 eorum
2431 3937 2521 4005 qui
2561 3937 2613 3990 in
2646 3935 2763 4004 ipsa
2797 3931 3047 3987 habitant
3075 3927 3328 3990 salutem,
3364 3923 3535 3978 collos

1957 4030 2130 4097 cetur,
2163 4034 2244 4087 vel
2276 4032 2459 4100 aliquo
2495 4029 2602 4083 alio
2639 4027 2692 4080 in
2729 4026 2852 4080 loco
2903 4021 3254 4093 praeficiatur,
3291 4019 3396 4070 hoc
3436 4019 3528 4070 lict

1957 4126 2077 4182 sine
2097 4124 2210 4178 ullo
2241 4118 2632 4188 impedimento
2669 4133 2681 4169 :
2713 4121 2898 4181 utpote
2927 4126 3050 4166 cum
3083 4123 3185 4163 nec
3217 4106 3534 4170 monachis,

1956 4231 2058 4272 nec
2079 4214 2146 4270 iis
2170 4213 2262 4282 qui
2286 4211 2405 4278 illos
2423 4201 3132 4275 suscipiunt,debcatullum
3153 4196 3534 4267 praeiudicium

1959 4309 2161 4365 afferri.
2191 4305 2317 4361 llaec
2350 4317 2472 4358 cum
2505 4303 2578 4356 ita
2612 4314 2670 4356 se
2713 4297 2972 4360 habeant,
3009 4293 3264 4348 dixerunt
3309 4287 3534 4360 quidam

270 4377 459 4447 vax’N,
485 4380 578 4431 καὶ
605 4377 860 4429 ποιοῦντα
889 4374 1052 4428 αὐτὸν
1075 4370 1333 4444 κληρικὺν
1360 4373 1392 4444 ἢ
1423 4373 1850 4442 καθηγούμενον,

1961 4403 2075 4457 haec
2092 4395 2366 4454 adversari
2389 4395 2455 4448 iis
2477 4407 2597 4464 quae
2630 4390 2698 4445 80
2716 4404 2838 4445 can.
2859 4381 3310 4452 Carthaginiensis
3337 4377 3532 4449 synodi

269 4469 387 4524 ἀπὸ
411 4469 512 4538 τῆς
539 4467 649 4520 τῶν
676 4466 877 4520 λοιπῶν
909 4465 1155 4534 ἀδελφῶν
1180 4464 1467 4528 κοινωνίας
1497 4465 1848 4535 χωρίζεσθαι,

265 4562 372 4614 καὶ
400 4561 468 4629 τῇ
522 4556 618 4611 τοῦ
658 4557 790 4610 ἰδίου
827 4557 958 4610 λαοῦ
994 4557 1276 4627 κοινωνία
1304 4556 1592 4625 ἀρκεῖσθαι
1629 4572 1642 4587 ³
1677 4555 1766 4608 τὸν
1796 4556 1852 4609 δὲ

277 4651 521 4722 μοναχὸν
573 4650 708 4720 μηδὲ
759 4648 1023 4718 κληρικὸν
1057 4646 1197 4701 εἶναι
1248 4649 1383 4718 μηδὲ
1423 4648 1852 4718 καθηγούμενον.

287 4742 434 4797 Ἀλλ’
485 4742 587 4795 οὐκ
631 4739 791 4804 εἰσὶν,
840 4740 915 4802 ὼς
947 4740 1070 4809 ἐμοὶ
1113 4741 1284 4806 δοκεῖ,
1330 4741 1551 4792 ἐναντία
1581 4757 1595 4772 ”
1647 4741 1856 4803 ἐκεῖνος

271 4836 384 4907 μὲν
439 4834 548 4904 γὰρ
574 4833 602 4884 ὁ
630 4831 1082 4894 κανὼνξκολάζει
1123 4832 1214 4885 τὸν
1262 4831 1563 4884 ἐπίσκοπον
1612 4831 1702 4884 τὸν
1745 4830 1855 4883 ἀπὸ

268 4925 571 4996 ἀλλοτρίας
602 4924 812 4993 ἐνορίας
839 4922 1128 4992 δεχόμενον
1157 4924 1460 4994 οἱονδήτινα
1486 4921 1739 4993 μοναχὸν,
1759 4921 1856 4974 καὶ

263 5016 632 5073 καθιστῶντα
680 5014 869 5067 τοῦτον
913 5013 1050 5082 πρὸς
1089 5013 1368 5084 κλήρωσιν
1405 5013 1437 5084 ἦ
1490 5013 1854 5084 ἡγουμενείαν

268 5108 458 5184 μονῆς
488 5108 856 5180 διαφερούσης
891 5107 1042 5178 αὐτῷ
1073 5107 1242 5176 χωρὶς
1288 5106 1546 5176 εἰδήσεως
1589 5105 1683 5159 τοῦ
1717 5123 1854 5175 προ-

259 5205 442 5273 τέρου
488 5203 788 5254 ἐπισκόπου
823 5199 990 5254 αὑτοῦ
1017 5214 1031 5229 °
1067 5198 1330 5260 ὡσαύτως
1372 5201 1604 5269 τιμωρεῖ
1637 5199 1729 5251 καὶ
1765 5198 1856 5251 τὸν

269 5297 522 5369 μοναχόν
547 5312 562 5327 ο
587 5295 691 5348 όδὲ
723 5293 916 5364 παρὼν
942 5293 1180 5369 ἐγχωρεῖ
1207 5291 1285 5359 τῷ
1313 5291 1598 5362 ἐπισκόπῳ
1623 5292 1732 5345 ἀπὸ
1749 5293 1856 5344 τῶν

263 5388 377 5444 δύο
402 5385 780 5456 διαφερουσῶν
812 5384 980 5442 αὐτοῦ
1022 5381 1344 5452 μεταθέσεις
1390 5383 1567 5434 ποιεῖν
1601 5380 1856 5451 μοναχῶν

269 5478 426 5536 κατὰ
464 5478 526 5529 τὸ
557 5477 715 5540 δόξαν
763 5475 959 5546 τούτῳ.
1000 5475 1242 5528 Γίνωσκε
1298 5473 1357 5526 δὲ
1400 5473 1484 5526 ὅτι
1522 5473 1715 5540 γέγονε
1760 5473 1855 5526 καὶ

272 5569 582 5640 σημείωμα
617 5566 895 5620 συνοδικὺν
922 5558 1016 5619 ἐπὶ
1036 5566 1138 5636 τῆς
1167 5565 1476 5636 ἐφημερίας
1510 5565 1602 5616 τοῦ
1627 5565 1856 5632 ἁγιωτάο

271 5676 374 5714 ιιου
412 5657 751 5727 πατριάρχου
774 5655 943 5722 πυροῦ
983 5656 1188 5721 Λουκᾶ,
1228 5654 1388 5723 χάριν
1416 5651 1510 5706 τοῦ
1542 5654 1854 5722 ἀπόκριμα-

277 5751 480 5814 τίστως
533 5747 944 5819 καθηγουμένου
999 5747 1079 5809 εἰς
1125 5747 1464 5818 μοναστήρια
1515 5745 1848 5816 ὑποκείμενα

1957 4499 2160 4547 statuta
2200 4496 2352 4553 sunt,
2386 4487 2587 4556 quibus
2621 4492 2866 4546 cavetur,
2893 4488 2950 4534 ut
2978 4477 3069 4548 qui
3095 4475 3201 4530 tale
3238 4472 3366 4544 quid
3397 4470 3534 4524 facit

1955 4585 2264 4654 episcopus,
2289 4579 2454 4650 338
2468 4586 2519 4633 et
2541 4575 2869 4630 monachum
2895 4587 2960 4626 ex
2989 4569 3166 4624 alieno
3193 4563 3535 4622 monasterio

1956 4652 2206 4744 suscipit,
2235 4681 2289 4724 et
2315 4671 2491 4740 ipsum
2513 4666 2596 4721 vel
2619 4664 2878 4720 clericum
2903 4659 2986 4714 vel
3010 4656 3323 4728 praefectum
3375 4652 3527 4711 facit,

1956 4781 1984 4820 a
2009 4774 2328 4820 caeterornm
2357 4760 2585 4814 fratrum
2613 4752 2997 4812 communione
3028 4756 3331 4819 separetur,
3381 4753 3434 4799 et
3459 4744 3532 4800 sit

1957 4854 2158 4926 proprii
2191 4851 2373 4924 p0puli
2401 4847 2789 4905 communione
2830 4849 3121 4898 contentus
3155 4857 3169 4892 :
3227 4835 3538 4892 monachus

1956 4955 2134 5002 autem
2161 4957 2259 4998 nec
2289 4941 2360 4996 sit
2396 4940 2628 4994 clericus
2649 4950 2750 4991 nec
2777 4933 3088 5004 praefectus.
3117 4929 3222 4985 Sed
3247 4944 3351 4983 non
3378 4937 3528 4986 sunt,

1955 5049 2016 5093 ut
2042 5036 2172 5091 mihi
2201 5033 2434 5098 videtur,
2464 5029 2756 5085 contraria.
2806 5023 2898 5079 llle
2947 5024 3089 5079 enim
3143 5036 3319 5077 canon
3371 5020 3532 5090 punit

1955 5129 2296 5196 episcopum,
2335 5122 2427 5190 qui
2463 5133 2843 5190 quemcunque
2876 5113 3202 5168 monachum
3239 5128 3303 5167 ex
3350 5111 3534 5166 aliena

1956 5220 2178 5290 regione
2204 5215 2447 5281 suscipit,
2487 5219 2540 5266 et
2591 5225 2714 5265 eum
2771 5208 2851 5263 vel
2909 5207 3171 5262 clericum
3223 5205 3379 5269 facit,
3442 5201 3530 5257 vel

1957 5309 2294 5365 monasterio
2317 5307 2459 5376 quod
2486 5304 2549 5357 ad
2583 5317 2640 5356 se
2665 5300 2899 5370 pertinet
2921 5297 3166 5368 praeﬁcit,
3192 5295 3310 5348 sine
3334 5291 3529 5361 prioris

1956 5402 2129 5472 ipsius
2170 5397 2412 5468 episcopi
2461 5395 2714 5452 scientia.
2747 5391 3012 5448 Similiter
3036 5387 3362 5443 monachum
3386 5397 3527 5452 quo-

1955 5509 2060 5563 quc
2107 5491 2284 5561 punit.
2342 5487 2441 5544 llic
2501 5495 2682 5540 autent
2736 5496 2974 5552 praesens
3025 5493 3204 5534 canon
3256 5471 3524 5546 permittit

1955 5559 2238 5649 episcopo,
2263 5586 2321 5631 ut
2353 5590 2418 5629 ex
2448 5573 2660 5629 duobus
2691 5578 2902 5624 tantum
2929 5567 2995 5621 ad
3030 5580 3089 5620 se
3121 5559 3525 5633 pertinentibus

1957 5667 2304 5726 monasteriis
2325 5667 2486 5721 faciat
2511 5661 2902 5718 monachorum
2926 5655 3336 5718 translationes,
3363 5659 3525 5722 prout

1954 5762 2002 5817 cl
2035 5762 2207 5818 visum
2241 5758 2424 5816 fuerit.
2470 5754 2624 5812 Scias
2677 5735 2884 5820 autem,
2943 5749 3087 5821 quod
3130 5759 3370 5818 tempore
3425 5758 3517 5814 pa-
