4056 6392
619 317 760 377 1(ῖὲζί

1875 314 1974 374 ΤΠ
1988 313 2081 372 ΕΟ
2091 313 2154 371 Ι).
2201 310 2491 369 BALSAM
2501 311 2597 368 ON

3704 316 3812 376 1024

615 423 870 482 triarchte
899 421 1099 478 domini
1149 421 1309 476 Lucae
1357 422 1620 493 syno.lale
1670 422 1951 478 decretum
1987 424 2180 476 factum

2298 421 2363 488 τῇ
2401 420 2588 488 ὲνορῖα
2617 417 2711 469 τοῦ
2765 417 3127 488 πατριάρχου,
3175 417 3248 484 μὴ
3299 411 3487 484 ἔχοντα
3521 417 3714 482 ἱκανοὺς
3750 427 3814 486 εἰς

614 527 720 581 est,
755 524 813 569 ut
859 515 976 569 sine
1028 513 1343 584 prmjudicio
1389 515 1799 567 constituantur
1846 513 2084 583 prmfccli
2136 514 2190 568 in

617 601 964 657 monasteriis
994 604 1320 672 patriarcha:
1352 601 1556 672 regioni
1595 603 1890 670 subjectis,
1923 619 2048 672 qua:
2080 619 2187 656 non

617 696 816 749 habent
863 694 1161 749 monachos
1211 696 1442 750 idoneos
1478 705 1538 750 nt
1592 698 1840 767 praesint,
1894 712 1958 750 ex
2020 697 2190 749 altero

616 787 951 840 monasterio
1000 792 1149 856 quod
1206 797 1292 842 est
1339 788 1584 858 ejusdem
1642 792 1930 857 regionis:
1972 789 2186 842 etiamsi

615 888 816 933 statuta
847 894 1034 933 eorum
1073 890 1320 946 caveant,
1360 896 1425 935 ne
1456 884 1549 950 qui
1606 882 1660 935 in
1712 891 1945 936 externo
1995 895 2190 933 mona-

612 972 780 1025 sterio
811 979 1004 1025 tonsus
1036 980 1141 1034 est,
1177 972 1265 1024 fiat
1288 987 1478 1025 eorum
1523 973 1832 1042 pra-fectus.
1889 973 2042 1039 Quod
2093 988 2191 1025 au-

612 1069 717 1112 tem
750 1076 779 1114 a
814 1077 1024 1115 canone
1046 1063 1331 1115 definitum
1367 1074 1472 1129 est,
1505 1065 1642 1118 utin
1703 1064 1951 1118 smt-ttlari
2003 1065 2188 1126 domo,

615 1151 695 1204 vel
728 1151 780 1204 in
819 1153 1006 1222 aliquo
1029 1153 1134 1206 alio
1159 1156 1297 1218 loco,
1331 1155 1634 1210 monachus
1675 1156 1874 1211 virtute
1907 1157 2186 1224 praeditus,

609 1243 702 1309 qui
738 1245 956 1312 quidem
981 1237 1029 1298 ei
1058 1245 1338 1312 subjectus
1370 1257 1454 1301 est
1479 1248 1546 1300 ad
1587 1263 1776 1302 eorum
1807 1248 1899 1314 qui
1937 1249 2008 1300 ibi
2059 1257 2188 1300 sunt

611 1335 864 1398 salutem,
913 1335 981 1389 ab
1029 1338 1286 1403 episcopo
1337 1339 1654 1402 collocetur,
1707 1355 1774 1394 ne
1827 1354 2027 1392 novum
2087 1341 2183 1393 tibi

609 1425 880 1479 videatur.
917 1425 1103 1483 Sacris
1146 1431 1289 1482 enim
1330 1438 1385 1484 et
1418 1431 1620 1484 divinis
1665 1433 1969 1484 cauonibus
2014 1433 2187 1485 solius

612 1515 809 1569 aninne
844 1517 1123 1571 hominum
1163 1520 1354 1577 salutis
1385 1537 1515 1576 cura
1547 1530 1651 1583 est,
1684 1531 1738 1574 et
1772 1523 1979 1577 nullius
2019 1523 2181 1576 alius.

609 1605 712 1670 Qtti
747 1622 878 1676 ergo
912 1609 1077 1662 vitam
1109 1626 1172 1662 ex
1198 1610 1288 1664 Dei
1342 1615 1625 1680 praceptis
1657 1614 1923 1677 instituit,
1975 1629 2003 1665 ιι
2065 1613 2187 1667 loco

611 1713 716 1749 non
767 1699 988 1751 lardetttr
1021 1717 1036 1753 :
1075 1702 1167 1754 sed
1198 1711 1252 1755 et
1297 1704 1380 1757 eis
1409 1705 1502 1772 qui
1551 1719 1656 1758 una
1710 1713 1839 1758 sunt
1891 1705 2182 1758 admodum

609 1787 872 1852 proderit.
905 1788 1102 1854 Quidni
1127 1808 1255 1860 ergo
1284 1793 1376 1850 fiet
1395 1809 1461 1849 ex
1501 1797 1752 1850 canone?
1782 1795 2015 1866 Propter
2041 1801 2180 1852 hanc

606 1879 748 1930 enim
779 1895 998 1933 causam
1034 1883 1145 1950 ipse
1188 1900 1409 1954 quoque
1436 1887 1820 1942 sanctissimus
1870 1889 2176 1955 patriarcha

606 1968 861 2024 dominus
893 1971 1066 2027 Lucas
1106 1977 1358 2042 permisit
1399 1981 1666 2032 monacho
1713 1987 1768 2034 et
1801 1981 2072 2035 saccrdmi
2103 1981 2176 2034 illi

606 2060 829 2115 domino
880 2061 1114 2118 Macario
1147 2064 1633 2138 llierosolymitano
1663 2079 1926 2138 perpetuo
1967 2073 2176 2126 versari

607 2165 729 2202 rum
765 2151 933 2206 beata:
979 2157 1254 2211 memoriae
1301 2157 1571 2228 imprimis
1621 2161 1966 2214 nobilissimo
2024 2161 2178 2232 logo-

606 2243 752 2296 tlteta
787 2261 982 2302 cursus
1011 2249 1231 2305 domino
1278 2252 1540 2309 Micltaele
1598 2255 2074 2326 Agiotheodorito,
2125 2265 2180 2310 t-t

607 2350 712 2390 una
781 2353 905 2391 cum
961 2356 1026 2395 co
1079 2343 1131 2396 in
1180 2345 1707 2413 praesidioycrsari,
1768 2359 1822 2403 et
1873 2349 2177 2404 scribarum

605 2431 785 2486 ollirio
823 2434 995 2505 fungi.
1032 2437 1171 2490 Nota
1214 2453 1364 2507 ergo,
1406 2440 1550 2507 quod
1600 2443 1859 2495 suasione
1887 2453 1940 2496 et
1989 2442 2179 2512 proba-

607 2521 753 2575 tione
787 2525 1105 2594 episcopali,
1138 2528 1310 2583 mnlto
1340 2538 1521 2583 autem
1557 2532 1727 2599 magis
1765 2533 1930 2602 regia,
1969 2543 2024 2586 et
2058 2549 2179 2586 mo-

607 2611 763 2664 nachi
814 2621 865 2665 et
912 2616 1092 2668 clerici
1135 2617 1254 2670 sine
1300 2618 1620 2686 praejudicio
1669 2619 1888 2684 facient,
1942 2638 2064 2690 qua:
2116 2622 2180 2676 iis

607 2700 875 2764 p--rutissa
913 2703 1137 2770 fuerint,
1170 2709 1698 2779 eujusmodicunque
1725 2726 1786 2765 ea
1830 2712 1962 2769 sint.

675 2869 927 2927 ZONAR.
961 2874 1082 2942 Quo
1131 2887 1372 2946 tempore
1422 2882 1644 2936 natresis
1695 2881 2177 2940 lconomachormn

607 2965 887 3034 regnabat,
924 2984 1046 3022 cum
1075 2986 1264 3027 omnes
1293 2973 1404 3036 alii,
1438 2974 1532 3043 qui
1565 2990 1754 3031 sacras
1787 2979 2053 3049 imagines
2078 2997 2178 3035 eo.

2299 513 2642 581 προστασίαν
2676 511 2982 582 μοναχοὺς,
3036 510 3144 562 ἀπὸ
3179 509 3374 578 ἐτέρας
3406 510 3566 578 μονῆς
3590 511 3736 580 οὔσης
3763 517 3813 565 ἐκ

2290 604 2390 672 τῆς
2421 602 2592 672 αὐτῆς
2623 602 2855 670 ἐνορίας,
2885 601 2988 654 κᾶν
3015 601 3083 654 τά
3113 600 3318 652 τυπικὰ
3352 599 3546 652 τούτων
3579 601 3813 671 διορίζων-

2295 711 2389 756 ται
2446 692 2831 762 ξενοκουρίτην
2889 691 2963 762 μὴ
2999 690 3249 759 γίνεσθαι
3298 691 3703 760 καθηγούμενον.
3755 695 3810 745 Τὸ

2301 790 2489 860 μέντοι
2525 789 2678 858 παρὰ
2712 789 2806 841 τοῦ
2837 788 3064 851 κανόνος
3111 786 3381 856 διορισθὲν
3414 788 3534 857 περὶ
3559 787 3644 840 τοῦ
3675 805 3810 839 κατα-

2298 879 2592 933 τάττεσθαι
2630 881 2708 940 εἰς
2734 878 2999 947 κοσμικδν
3025 877 3368 945 καταγώγιον
3392 878 3423 949 ἢ
3455 876 3671 948 ἀλλαχοῦ
3693 879 3810 946 παρὰ

2297 969 2392 1022 τοῦ
2427 970 2733 1022 ἐπισκόπου
2769 968 3008 1039 μοναχόν
3035 985 3157 1021 τινα
3185 969 3460 1039 ἐνάρετον,
3494 969 3809 1038 ὑποκείμενον

2293 1060 2466 1130 αὐτῷ,
2499 1062 2587 1115 διὰ
2621 1061 2862 1130 ψυχικὴν
2900 1062 3185 1129 σωτηρίαν
3215 1061 3323 1112 τῶν
3351 1061 3407 1111 ὲν
3433 1061 3588 1130 αὐτῇ.
3619 1061 3685 1130 μὴ
3711 1059 3810 1128 δόξῃ

2293 1172 2376 1207 σοι
2402 1154 2608 1207 καινόν.
2639 1156 2765 1215 Τοῖς
2791 1153 2897 1223 γάρ
2937 1154 3102 1222 ἰεροῖς
3144 1154 3238 1205 καὶ
3267 1153 3430 1214 θείοις
3459 1153 3638 1204 κανόσι
3678 1153 3811 1222 μόνης

2292 1246 2391 1311 τῆς
2418 1242 2658 1312 ψυχικῆς
2683 1243 2790 1294 τῶν
2819 1243 3121 1311 ἀνθρώπων
3154 1244 3427 1311 σωτηρίας
3459 1242 3706 1310 ἠμέλησε,
3737 1242 3810 1292 καί

2293 1335 2482 1405 ἐτέρου
2525 1334 2809 1397 παντελῶς
2858 1336 3094 1396 οὐδενός.
3151 1335 3210 1386 '0
3241 1333 3371 1400 γοῦν
3409 1334 3545 1386 κατὰ
3573 1333 3691 1383 Θεὸν
3713 1333 3811 1383 ἀνα-

2293 1426 2662 1498 στρεφόμενος
2704 1427 2812 1481 άπὸ
2861 1425 2956 1479 τοῦ
3007 1427 3175 1478 τόπου
3225 1426 3284 1478 οὺ
3334 1422 3770 1493 παίραϐλαϐήσεται
3797 1437 3808 1452 ο

2295 1518 2434 1571 ἀλλὰ
2461 1522 2558 1571 καὶ
2587 1519 2714 1582 τοὺς
2746 1519 2843 1572 σὺν
2877 1517 3025 1588 αὐτῷ
3059 1518 3336 1587 ὠφελήσει
3362 1519 3428 1569 τά
3456 1518 3691 1583 μέγιστα.
3721 1515 3810 1566 Ἰνα

2289 1608 2342 1660 τί
2372 1609 2502 1676 γοῦν
2525 1611 2586 1662 οὐ
2619 1612 2910 1679 γενήσεται
2933 1613 3075 1661 κατὰ
3103 1609 3196 1660 τὸν
3223 1611 3421 1660 κανόνα
3450 1625 3463 1672 ;
3493 1607 3574 1659 διά
3597 1606 3693 1673 γὰρ
3716 1604 3811 1657 τοῦ·

2294 1715 2355 1749 το
2387 1699 2483 1751 καὶ
2511 1701 2539 1751 ὁ
2568 1698 2731 1761 αὐτὸς
2771 1699 3078 1766 άγιώτατος
3121 1699 3470 1766 πατριάρχης
3517 1695 3670 1764 κυρδς
3709 1693 3811 1744 Λου-

2295 1791 2398 1851 κᾶς
2453 1790 2724 1862 ἐπέτρεψε
2775 1790 2854 1860 τῷ
2907 1789 3126 1857 μοναχῷ
3177 1791 3272 1840 καὶ
3311 1789 3444 1857 ίερεί
3477 1784 3658 1853 ἐκείνῳ
3694 1783 3811 1851 κυρῴ

2290 1881 2569 1950 Μακαρίῳ
2600 1881 2680 1950 τῷ
2726 1881 3133 1951 Ἱεροσολυμίτῃ
3179 1879 3390 1944 διάγειν
3421 1874 3670 1944 διηνεκῶς
3701 1873 3810 1943 μετὰ

2278 1955 2375 2025 τοῦ
2405 1973 2710 2043 μακαρίτου
2746 1969 3600 2043 πρωτονωϐελλισίμοῦπερτάτου
3636 1965 3723 2018 καὶ
3743 1963 3809 2014 λο-

2280 2064 2508 2131 γοθέτου
2547 2063 2644 2117 τοῦ
2676 2064 2880 2133 δρόμου
2917 2063 3085 2133 κυροῦ
3131 2062 3354 2133 Μιχαὴλ
3388 2059 3478 2113 τοῦ
3517 2055 3812 2126 Ἀγιοθεοδωο

2281 2155 2454 2224 ρίτου,
2509 2155 2602 2207 καὶ
2645 2154 3076 2219 συνταξειδεύειν
3109 2153 3228 2223 μετ’
3257 2150 3447 2213 αὑτοῦ,
3492 2151 3581 2202 καὶ
3627 2149 3688 2200 τὰ
3726 2146 3810 2197 τῶν

2277 2247 2683 2317 γραμματικῶν
2711 2249 2975 2316 ἐνεργεῖν.
3007 2244 3434 2317 Σημείωσαιοῦν
3461 2247 3540 2299 ὅτι
3568 2239 3696 2296 κατὰ
3719 2255 3817 2307 προ·

2277 2339 2486 2410 τροπὴν
2510 2341 2606 2393 καὶ
2633 2341 2962 2409 δοκιμασίαν
2981 2340 3377 2411 ἐπισκοπικὴν,
3413 2334 3585 2405 πολλῷ
3611 2333 3664 2386 δὲ
3685 2330 3814 2383 πλέον

2284 2432 2428 2485 κατὰ
2461 2431 2772 2501 βασιλικὴν,
2808 2433 2903 2485 καὶ
2934 2433 3160 2502 μοναχοὶ
3193 2433 3289 2486 καὶ
3337 2431 3587 2501 κληρικοὶ
3623 2428 3812 2490 ἀποκρι-

2289 2523 2568 2592 ματὶστως
2598 2525 2965 2594 ὲνεργήσουσι
3011 2525 3081 2578 τὰ
3107 2525 3325 2590 τούτοις
3352 2519 3810 2593 ἐπιτραπησόμενα,

2283 2606 2373 2664 οἶα
2404 2611 2470 2664 ἂν
2502 2613 2594 2664 καὶ
2623 2606 2779 2668 ὦσιν.

2351 2873 2595 2926 ΖΩΝΑΡ.
2629 2873 2740 2941 Τῆς
2774 2873 2880 2926 τῶν
2915 2876 3300 2946 εἱκονομάχων
3330 2878 3712 2948 ἐπικρατούσης
3743 2877 3812 2928 ai-

2283 2965 2486 3034 ρέσεως
2512 2966 2607 3018 καί
2637 2966 2836 3028 πάντες
2871 2967 2969 3034 μὲν
2991 2971 3038 3020 οἰ
3063 2969 3171 3022 τῶν
3197 2973 3415 3025 σεπτῶν
3444 2972 3656 3025 εἰκόνιον
3676 2983 3810 3037 προσ·

607 3049 808 3119 fercnt,
844 3067 958 3108 tutu
998 3058 1270 3126 inprimis
1317 3063 1592 3128 monachi,
1640 3065 1964 3131 conquisiti.
2021 3085 2084 3122 ac
2124 3069 2175 3121 in

2282 3060 2514 3127 κυνηταὶ
2546 3059 2839 3128 ἐζῃτοῦντο
2882 3063 2975 3113 καὶ
3034 3061 3382 3130 ἐκολάζοντο,
3415 3063 3588 3133 πολλῷ
3606 3063 3658 3115 δὲ
3683 3059 3812 3112 πλέον

606 3157 700 3196 eos
754 3148 1031 3215 pltecipue
1079 3154 1253 3217 poenis
1311 3155 1556 3208 saevitum
1611 3164 1716 3209 est.
1770 3154 2006 3211 Proinde
2066 3161 2183 3214 suis

609 3238 959 3292 monasteriis
1009 3241 1236 3306 relictis,
1286 3245 1370 3297 vel
1420 3244 1474 3297 in
1522 3247 1627 3300 alia
1675 3261 1796 3301 sese
1853 3253 2179 3304 monasteria

567 3395 575 3401 i
611 3323 964 3380 delitescendi
999 3344 1166 3386 causa
1191 3333 1562 3396 contulerunt,
1606 3337 1688 3389 vel
1732 3338 1796 3390 ad
1841 3342 2178 3404 privatorum

608 3433 827 3486 quoque
876 3422 1018 3478 aedes
1077 3438 1142 3477 ac
1191 3425 1464 3481 domicilia
1505 3427 1864 3483 deﬂexerunt.
1919 3431 2023 3485 Sed
2079 3433 2182 3486 hoc

608 3508 810 3562 factum
875 3521 1002 3568 tunc
1042 3516 1283 3584 quidem,
1324 3519 1574 3589 inquiunt
1624 3522 1818 3591 synodi
1874 3521 2083 3584 Patres.
2129 3533 2183 3579 et

609 3600 685 3654 rei
717 3601 998 3666 honestate
1027 3616 1081 3661 et
1118 3611 1375 3678 temporis
1405 3613 1817 3680 opportunitate
1851 3614 2036 3668 beatos
2077 3614 2177 3669 bo-

615 3692 786 3749 mines
821 3695 1092 3752 efficiebat
1126 3715 1142 3754 :
1176 3717 1320 3755 nunc
1355 3718 1484 3757 vero
1520 3705 1728 3774 absque
1760 3706 1971 3760 ratione
1999 3707 2181 3759 consi-

608 3782 788 3851 Ιίοιμιο
822 3789 1105 3854 usitatum,
1138 3792 1378 3847 omnium
1416 3795 1854 3862 irrisiOueZhaud
1909 3798 2182 3850 immerito

607 3875 894 3944 excipitur.
946 3879 1064 3934 Jam
1124 3885 1268 3936 enim
1321 3885 1546 3938 haeresis
1601 3895 1926 3954 tempestate
1993 3886 2178 3941 sedata

611 3982 818 4037 suaque
876 3972 1058 4039 pietati
1123 3975 1330 4029 reddita
1395 3976 1666 4042 libertate,
1719 3978 1897 4031 adhuc
1931 3985 2110 4031 tamen
2152 3993 2182 4032 e

614 4063 962 4118 menasteriis
1023 4080 1083 4119 se
1136 4065 1525 4131 subducentes,
1569 4067 1742 4122 instar
1795 4068 1982 4123 ﬂuenti
2029 4067 2177 4137 quod

608 4157 906 4210 consistere
942 4173 1005 4212 ac
1054 4160 1323 4214 contineri
1364 4177 1471 4215 non
1507 4164 1698 4230 possit,
1732 4179 1851 4216 sese
1895 4164 2001 4216 huc
2049 4163 2179 4215 illuc

608 4247 858 4302 alutriant
899 4257 952 4304 ct
984 4249 1292 4316 ell‘undunt,
1331 4266 1395 4306 ac
1429 4256 1758 4308 monasteria
1808 4255 1981 4306 multo
2019 4254 2181 4308 dede-

609 4350 732 4390 core
766 4353 828 4390 ac
859 4337 1204 4396 deformitate
1243 4343 1536 4409 complent.
1575 4343 1657 4396 Ad
1709 4342 2176 4396 monasteriorum

2285 3150 2333 3200 oi
2366 3151 2614 3220 μοναχοί.
2665 3151 2757 3203 Διὸ
2792 3152 3302 3219 καταλιμπάνοντες
3351 3155 3420 3208 τά
3457 3155 3651 3208 ἑαυτῶν
3683 3167 3812 3221 μονα-

2286 3243 2506 3311 στήρια,
2560 3242 2591 3311 ἢ
2640 3244 2720 3305 εἰς
2757 3243 2949 3312 ἑτέρας
2999 3232 3246 3315 ἀνῄεσαν
3297 3249 3484 3317 μονάς,
3515 3247 3677 3300 ἐκεῖσε
3711 3257 3813 3309 κρυ-

2286 3334 2575 3399 πτόμενοι,
2609 3334 2640 3403 ἢ
2677 3337 2771 3386 καὶ
2818 3337 2899 3398 εἰς
2949 3337 3234 3403 κοσμικῶν
3273 3338 3453 3400 οἰκίας
3506 3336 3808 3406 μετέπιπτον.

2294 3425 2458 3478 Ἀλλὰ
2497 3425 2678 3492 τοῦτο,
2715 3427 2878 3494 φασιν
2905 3428 2953 3480 οἰ
2985 3428 3084 3497 τῆς
3113 3429 3337 3484 συνόδου
3374 3430 3632 3498 Πατέρεςν
3667 3439 3811 3496 μακαο

2285 3518 2436 3588 ρίους
2491 3518 2590 3588 μὲν
2644 3521 2763 3572 τότε
2823 3521 3016 3585 ἐποίει,
3065 3522 3247 3586 καλῶς
3288 3526 3571 3593 γινόμενον
3594 3520 3676 3574 καὶ
3699 3513 3813 3569 κατὰ

2285 3610 2479 3678 καιρόν
2505 3625 2520 3639 ⁸
2562 3609 2656 3662 νῦν
2679 3611 2736 3663 δὲ
2771 3613 2852 3674 εἰς
2885 3611 3004 3675 ἔθος
3043 3615 3339 3683 γενόμενον
3378 3616 3588 3682 ἄλογον,
3619 3622 3815 3673 καταγε’

2285 3699 2516 3761 λάστους
2568 3703 2700 3766 τσὺς
2757 3703 3049 3767 ποιοῦντας
3097 3706 3232 3758 αὐτὸ
3289 3708 3490 3777 τίθησι.
3534 3705 3636 3771 Τῆς
3681 3698 3814 3764 ζάλης

2283 3791 2394 3861 γὰρ
2421 3792 2520 3857 τῆς
2563 3793 2829 3864 αἱρέσεως
2873 3795 3278 3866 παρελθούσης,
3317 3802 3413 3851 καὶ
3445 3796 3542 3866 τῆς
3581 3788 3813 3846 εὐσεϐείας

2288 3884 2608 3953 παρρησίαν
2657 3884 2953 3950 λαϐούσης,
3001 3887 3098 3940 καὶ
3141 3887 3310 3942 πάλιν
3341 3889 3450 3942 τῶν
3487 3885 3686 3939 οἰκείων
3709 3882 3814 3932 Otto,

2284 3974 2593 4044 χωροῦντες
2629 3977 2829 4044 μονῶν,
2875 3971 2977 4029 ὦδε
3019 3978 3244 4031 κάκεῖσε
3282 3977 3708 4050 μεταγγίζονταιν
3738 3983 3813 4021 κα*

2283 4064 2462 4134 θάπερ
2507 4082 2559 4117 τι
2590 4065 2766 4136 ῥεῦμα
2823 4069 2897 4136 μὴ
2945 4068 3245 4136 δυνάμενον
3294 4067 3698 4134 κατασχεθῆναι,
3738 4056 3812 4110 καὶ

2283 4160 2670 4228 μεταρῤἐουσι,
2722 4159 2817 4212 καὶ
2873 4161 3077 4229 πολλῆς
3129 4162 3404 4233 ἀκοσμίας
3467 4156 3716 4229 πληροῦσι
3758 4148 3811 4201 τὰ

2283 4250 2645 4318 μοναστήρια.
2691 4251 2910 4318 Κόσμος
2961 4253 3070 4318 γάρ
3098 4254 3214 4306 ἐστι
3259 4256 3372 4307 τῶν
3413 4253 3588 4319 μονῶν
3626 4249 3680 4303 τὸ
3713 4243 3811 4301 τοὺς

2282 4341 2589 4409 τροφίμους
2623 4342 2802 4394 αὐτῶν
2832 4345 2888 4396 ἐν
2917 4344 3116 4415 ἡσυχίᾳ
3145 4346 3375 4414 διάγειν,
3401 4348 3494 4401 καὶ
3523 4338 3809 4414 προσμένειν

608 4429 805 4497 quippe
840 4429 1178 4486 honestatem
1205 4447 1269 4485 ac
1300 4433 1466 4488 decus
1496 4435 1730 4502 pertinet
1771 4444 1828 4487 ut
1856 4434 1910 4486 in
1941 4451 2037 4487 sua
2069 4447 2176 4488 sta-

2283 4429 2513 4494 αύταίς,
2569 4431 2704 4500 μηδὲ
2773 4434 3015 4502 συνεχῶς
3066 4436 3339 4504 προϊέναι’.
3394 4436 3598 4503 Πολλὴν
3647 4430 3696 4482 δὲ
3733 4424 3810 4491 τῆς

609 4521 752 4574 tione
779 4537 969 4574 eorum
1007 4525 1212 4577 alumni
1242 4525 1426 4594 quiete
1452 4527 1671 4594 degant,
1705 4543 1883 4594 neque
1912 4526 2176 4596 perpetUo

608 4612 712 4663 huc
748 4611 876 4666 illuc
919 4613 1038 4682 vagi
1082 4623 1136 4668 et
1193 4615 1388 4668 incerti
1442 4617 1706 4671 ferantur.
1766 4617 1993 4670 Multum
2051 4634 2177 4673 vero

609 4716 789 4764 secum
824 4705 1150 4771 petulantiae,
1191 4707 1384 4775 inquit,
1417 4707 1719 4774 adducunt,
1747 4709 1851 4762 hoc
1883 4718 1986 4771 est,
2023 4721 2177 4778 pelue

607 4798 782 4847 lantcr
811 4804 1032 4862 agentes
1065 4798 1416 4854 monasteriis
1449 4799 1706 4855 inferunt.
1747 4799 1942 4855 Verum
1973 4800 2179 4871 jucun-

608 4885 728 4938 dam
779 4887 885 4942 illis
930 4903 1048 4942 eam
1079 4905 1201 4944 esse
1249 4892 1624 4958 petulantiam,
1665 4895 1835 4949 verbo
1865 4895 2174 4962 κωμάζειν,

608 4987 870 5046 usurpato
919 4981 1090 5034 voluit
1141 4983 1408 5037 indicare.
1458 4985 1555 5040 Est
1595 5001 1833 5055 namque
1874 4986 2173 5054 κωμάζειν.

610 5083 812 5134 Vinum,
844 5071 1084 5125 adhibito
1111 5073 1361 5127 tibiarum
1404 5091 1468 5130 ac
1505 5076 1729 5132 cithara
1762 5093 1899 5133 sono
1920 5085 1975 5130 et
2007 5077 2180 5130 canti-

595 5157 730 5231 bus,
775 5156 982 5213 bibere.
1031 5159 1507 5226 Quemadmodum
1550 5165 1715 5235 igitur
1759 5166 1859 5232 illi,
1900 5166 2176 5234 inquiunt,

608 5247 712 5300 boc
765 5257 925 5316 pacto
982 5251 1229 5307 bibentes
1284 5255 1531 5310 laetantur
1594 5275 1609 5310 :
1659 5259 1729 5311 ita
1781 5258 1902 5311 istis
1957 5274 2178 5328 quoque

608 5339 904 5408 ignominia
945 5355 1027 5396 est
1067 5344 1357 5414 voluptati.
1390 5347 1725 5401 Obedientim
1779 5360 2033 5416 prmleren
2076 5349 2177 5402 ho-

608 5439 878 5487 nestatem
904 5449 1118 5489 omnem
1146 5437 1460 5491 distrahunt
1481 5447 1644 5506 atque
1666 5438 2010 5506 disperdunt.
2040 5439 2175 5493 Cum

607 5523 748 5577 enim
778 5540 842 5578 ex
868 5527 1119 5581 universa
1163 5526 1396 5581 fratrum
1427 5529 1775 5585 multitudine
1815 5547 1982 5584 unum
2020 5532 2176 5601 quasi

609 5630 807 5685 corpus
853 5616 1148 5678 efﬁciatur,
1188 5633 1252 5670 ac
1277 5617 1422 5673 illius
1459 5633 1524 5674 ex
1555 5619 1862 5676 obedientia
1920 5621 2178 5678 honestas

615 5707 795 5762 oumis
821 5724 884 5763 at:
914 5707 1172 5779 splendor
1202 5707 1450 5773 exsistat,
1484 5709 1794 5778 quicunque
1842 5712 1912 5768 ab
1953 5712 2043 5769 illa
2079 5713 2174 5768 de-

2279 4522 2510 4587 άταξίαν
2544 4523 2758 4584 ἑαυτοῖς
2803 4526 3333 4593 συνεισκωμάζουσι,
3391 4525 3660 4580 τουτέστιν
3711 4514 3811 4570 dmi-

2280 4629 2422 4675 κτως
2451 4615 2815 4684 εἰσφέρουσιν.
2857 4617 2973 4668 Ἵνα
3015 4619 3125 4687 γάρ
3172 4619 3322 4690 δείξῃ
3355 4618 3613 4688 ἰδ-ἡδέως
3649 4605 3810 4664 αὐτοὺς

2282 4705 2420 4774 πρὸς
2467 4705 2568 4776 τὴν
2617 4707 2845 4771 ἀταξίαν
2873 4707 3202 4772 διακεῖσθαι,
3240 4714 3306 4780 τῇ
3345 4709 3486 4772 λέξει
3530 4705 3622 4757 τοῦ
3653 4692 3810 4765 κωμά’

2279 4799 2397 4862 ζειν
2436 4800 2732 4869 ἐχρήσατο.
2763 4798 3060 4866 κωμάζειν
3103 4801 3212 4875 γάρ
3253 4803 3374 4852 ἐστι
3402 4801 3462 4851 τὺ
3503 4795 3634 4864 μετὰ
3663 4783 3809 4844 αὐλῶν

2281 4893 2376 4946 καὶ
2409 4891 2642 4961 κιθάρας
2667 4892 2761 4943 καὶ
2791 4889 2948 4960 ᾠδῶν
2981 4892 3074 4944 τὸν
3101 4889 3246 4945 οἶνον
3284 4893 3480 4947 πίνειν.
3523 4892 3607 4950 Ὠς
3633 4881 3747 4953 γοῦν
3768 4875 3806 4927 οί

2279 4983 2424 5036 οὕτω
2455 4984 2698 5043 πίνοντες
2731 4983 2968 5052 ἥδονται,
2988 4984 3078 5036 τὸν
3104 4985 3289 5054 ὅμοιον
3312 4985 3536 5053 τρόπον,
3563 4975 3702 5046 φασὶ,
3732 4964 3807 5022 καὶ

2279 5071 2424 5129 οὗτοι
2459 5073 2594 5143 πρὸς
2624 5074 2722 5143 τὴν
2761 5074 2988 5143 ἀτιμίαν
3019 5075 3193 5144 ἡδέως
3233 5076 3535 5135 διάκεινται
3607 5067 3692 5118 ταὶ
3730 5058 3805 5124 τῆς

2280 5165 2567 5233 ὑποταγῆς
2595 5165 2653 5217 τὸ
2679 5165 2876 5233 σεμνὸν
2908 5166 3179 5219 διασπῶσι
3205 5167 3297 5217 καὶ
3329 5165 3801 5230 καταλυμαινονταιο

2284 5258 2382 5309 Ἓν
2413 5257 2520 5325 γὰρ
2549 5255 2708 5325 σῶμα
2735 5257 2835 5324 τῆς
2865 5256 3227 5326 ἀδελφότητος
3267 5255 3455 5324 οὔσης,
3484 5247 3549 5324 ἦς
3577 5251 3609 5320 ἡ
3641 5247 3804 5340 ancte-

2280 5346 2351 5414 γὴ
2377 5345 2643 5413 σεμνότης
2673 5346 2768 5398 καὶ
2795 5346 3075 5416 καύχημα,
3097 5348 3144 5399 oi
3172 5349 3236 5415 ὲκ
3267 5347 3468 5414 ταύτης
3495 5340 3801 5409 άπορῤηγνυ·

2283 5455 2434 5506 μενοι
2468 5439 2736 5492 διασπῶσι
2781 5439 2842 5491 τὸ
2891 5438 3157 5506 σεμνύνον
3200 5437 3370 5506 αὐτὴν
3413 5435 3504 5491 καὶ
3552 5433 3626 5494 εἰς
3656 5425 3801 5493 λύμην

2279 5529 2373 5581 τοῦ
2420 5528 2543 5583 ὅλου
2594 5530 2845 5599 σώματος
2889 5529 3146 5596 γίνονται.
3187 5527 3306 5591 Διὸ,
3337 5527 3531 5594 φασιν,
3578 5509 3803 5590 ὥρισενῆ

2282 5618 2416 5683 ἁγία
2449 5617 2664 5680 σύνοδος
2690 5619 2810 5680 τοὺς
2836 5617 2946 5669 τῶν
2977 5615 3125 5667 ἰδίων
3165 5633 3230 5684 μς
3246 5614 3354 5665 νῶν
3384 5613 3804 5688 ἐκδιδράσκονταέ.

2281 5709 2386 5769 κᾶν
2435 5711 2512 5772 εἰς
2560 5708 2722 5768 ἔτερα
2779 5707 3125 5770 μεταπέσωσι
3180 5706 3557 5772 μοναστήριχ.
3609 5696 3702 5751 κᾶν
3738 5687 3800 5746 εἷς
