4056 6398
345 393 487 460 1025

1550 397 1632 459 ΙΝ
1676 397 1844 458 CAN.
1885 400 1930 460 Υ
1971 400 2183 464 CONC.
2248 400 2454 462 CI‘OL.

3469 398 3604 462 1026

342 504 583 575 κοσμικά
631 506 1020 575 είσκωμάσωσι
1080 504 1427 575 καταγώγια,
1485 508 1777 570 κάκείνους
1818 508 1913 561 καὶ

2014 510 2278 577 sciscant,
2317 508 2662 579 splendorem
2694 508 2848 563 illum
2880 524 3099 565 onmem
3141 510 3604 580 honestatemque

340 599 467 659 τοὺς
494 597 931 668 ὑποδεξαμένους
959 596 1159 661 αὐτοὺς
1181 598 1601 670 ἀφωρισμένους
1626 596 1789 663 εἶναι,
1811 598 1917 663 ἕως

346 690 414 744 ἂν
447 691 818 743 ἐπανέλθωσιν
841 691 891 743 οί
920 691 1298 760 ἀποφυγόντες
1336 692 1418 753 είς
1443 691 1541 761 τὴν
1566 692 1775 745 οίκείαν
1818 707 1916 762 μο-

342 784 463 851 νήν.
489 783 550 836 Εί
580 783 638 836 δὲ
670 786 699 835 ό
727 783 869 836 κατὰ
896 782 1083 854 χώραν
1112 782 1411 847 ὲπίσκοπός
1437 800 1588 845 τινας
1615 784 1725 835 τῶν
1754 800 1918 852 μονα-

342 876 456 946 χῶν
504 876 592 928 ἐπ’
636 877 806 946 ἀρετῇ
857 876 1330 945 μαρτυρουμένοις
1374 875 1559 945 σῡνίδῃ
1604 878 1685 939 εἱς
1720 876 1915 944 ἑτέραν

344 966 515 1037 μονὴν
554 966 648 1020 ἐπὶ
682 967 1017 1020 καταστάσει
1056 968 1231 1037 αὐτῆς
1266 969 1359 1021 καὶ
1408 968 1649 1037 ὠφελείᾳ
1704 966 1815 1018 τῶν
1858 968 1916 1019 ἐν

340 1059 483 1125 αὖτῇ
534 1061 889 1127 μεταγαγεῖν,
936 1060 968 1130 ἢ
1014 1060 1106 1111 καὶ
1145 1062 1226 1122 εξς
1261 1058 1533 1129 κοσμικὴν
1566 1058 1743 1111 οίκίαν
1773 1057 1917 1111 δοκι-

343 1150 509 1218 μάσει
533 1151 902 1219 καταστῆσαι,
936 1150 969 1221 ἢ
1000 1150 1257 1219 ἀλλοχόσε
1284 1151 1568 1220 εὐδοκήσει
1598 1150 1912 1218 ἐπιστῆσαι,

340 1242 467 1294 οὔτε
511 1243 561 1295 οἱ
618 1244 868 1313 μοναχοὶ,
915 1245 967 1296 oi
1022 1242 1165 1296 οὕτω
1214 1242 1659 1313 μετατιθέμενοι,
1704 1240 1828 1293 οὔτε
1865 1239 1913 1291 οί

339 1332 553 1396 τούτοις
578 1333 859 1403 δεχόμενοι
886 1333 965 1399 τῷ
1003 1333 1299 1404 ἀφορισμῷ
1333 1333 1574 1387 ὑπόδικοι
1602 1333 1837 1386 ἔσονται.

2022 599 2304 667 diripiunt,
2332 598 2758 667 universumque
2801 614 3001 668 corpus
3048 598 3325 654 societatis
3366 598 3599 654 laedunt.

2018 686 2671 756 Propterea'quicunque.
2707 688 2983 754 inquiunt,
3037 690 3203 743 esuis
3249 687 3602 740 monasteriis

2021 777 2352 845 aul‘ugerint,
2381 777 2497 831 sive
2527 778 2580 829 iu
2627 777 2732 830 alia
2789 777 3122 831 monasteria
3168 778 3441 841 incidant,
3486 777 3601 829 sive

2019 869 2375 925 saacnlaribus
2399 884 2518 923 sese
2544 870 2871 923 habitaculis
2896 871 3247 935 immiserint,
3286 880 3394 923 tam
3424 872 3599 935 ipsos,

2017 977 2180 1030 quam
2211 977 2307 1015 eos
2339 977 2368 1014 a
2403 963 2603 1031 quibus
2639 961 2839 1030 recepti
2888 962 3113 1027 fuerint,
3149 964 3326 1017 donec
3378 950 3445 1017 ad
3499 975 3600 1018 sna

2019 1053 2348 1106 monasteria
2377 1054 2469 1122 qni
2507 1054 2761 1121 fugerant
2790 1063 3158 1116 revertantur.
3193 1063 3385 1110 sancta
3428 1050 3598 1125 syno-

2016 1143 2118 1197 dus
2169 1156 2484 1213 segregatos
2531 1160 2657 1199 eSse
2693 1145 2961 1199 decernit.
3010 1144 3166 1211 Quod
3216 1147 3262 1201 si
3317 1145 3441 1213 eius
3490 1146 3601 1201 loci

2015 1240 2303 1306 episcopus
2337 1239 2632 1292 uounnllos
2662 1254 2692 1291 e
2724 1240 3119 1293 monachorum
3156 1241 3322 1311 339
3355 1250 3599 1298 numero

2017 1338 2277 1399 Spectata:
2299 1329 2541 1392 virtutis,
2586 1341 2643 1382 ut
2688 1329 2741 1382 in
2775 1331 2921 1387 aliud
2962 1335 3359 1388 monasterium
3404 1336 3472 1390 ad
3506 1353 3598 1393 res

341 1428 655 1481 monasterii
688 1429 1126 1490 constituendas,
1159 1430 1362 1496 quique
1395 1428 1449 1481 in
1479 1442 1546 1482 eo
1576 1428 1777 1495 degunt
1809 1424 2107 1495 juvandos,
2142 1423 2529 1487 transcribere,
2563 1432 2658 1476 aut
2722 1424 2775 1477 in
2849 1424 3088 1480 hominis
3134 1428 3329 1497 privati
3403 1433 3598 1495 cujus-

340 1520 485 1588 piam
542 1520 821 1574 domicilio
875 1520 1228 1583 constituere,
1281 1526 1374 1572 aut
1430 1518 1606 1573 ubivis
1663 1517 1883 1571 demum
1927 1515 2200 1568 collocare
2256 1522 2623 1581 opportunum
2664 1514 3079 1580 existimaverit,
3139 1532 3238 1571 nec
3295 1522 3599 1577 tiiunachos

338 1612 539 1677 quibus
566 1625 629 1665 ea
660 1612 931 1664 mutandae
960 1611 1106 1666 sedis
1138 1624 1301 1664 causa
1332 1611 1513 1675 fuerit,
1552 1626 1652 1665 nec
1682 1613 1772 1679 qui
1804 1609 2025 1663 eosdem
2072 1607 2397 1689 receperint.
2458 1623 2616 1677 poena
2665 1608 2755 1661 illa
2798 1609 3196 1677 segregationis
3230 1609 3452 1667 adiciet.

341 1702 563 1755 ΑΡΙΣΤ.
636 1720 655 1754 ι
706 1702 773 1755 El
824 1720 909 1766 τις
959 1703 1193 1772 μοναχδς
1238 1702 1341 1771 τῆς
1400 1702 1535 1765 ίδίας
1594 1702 1908 1771 ἀποδράσας

2082 1698 2309 1751 ARIS'I‘.
2354 1719 2371 1749 ι
2412 1697 2467 1752 Si
2493 1700 2619 1769 quis
2651 1700 2974 1764 monachus,
3006 1702 3227 1768 proprio
3259 1703 3452 1758 relicto
3479 1720 3598 1759 mo-

417 1813 437 1845 r
484 1795 676 1865 μονῆς,
708 1795 741 1863 ἢ
778 1796 858 1856 είς
891 1795 1078 1865 ἓτερον
1122 1795 1420 1863 μεταπέσοι
1449 1796 1837 1865 μοναστήρεον,
1881 1794 1914 1863 ἣ

418 1904 438 1936 ι
485 1888 565 1948 είς
590 1886 858 1954 κοσμικδν
885 1887 1225 1955 είσκωμάσει
1255 1888 1624 1957 καταγώγιον,
1665 1887 1830 1949 αὑτός
1855 1903 1915 1937 τε

418 1993 436 2025 ι
483 1977 578 2028 καὶ
598 1978 625 2029 ὁ
654 1976 1053 2047 ὑποδεξάμενος
1080 1976 1447 2044 ἁφοριζέσθω,
1470 1978 1575 2039 ἕως
1606 1977 1914 2031 ἐπανέλθοι.

417 2085 435 2118 ι
492 2068 554 2117 '0
579 2066 637 2119 δὲ
691 2066 825 2137 παρ’
878 2068 1180 2121 ἐπισκόπου
1226 2068 1578 2139 ὁπωσδήποτε
1639 2069 1916 2132 καταστὰς

414 2175 432 2207 ι
479 2158 806 2221 ἀναιτίατος.
847 2177 866 2211 ι

512 2380 515 2381 ,
942 2338 1181 2392 ΚΑΝΩΝ
1230 2335 1308 2393 Ε’.

338 2446 364 2479 ς
414 2429 524 2492 Τὰς
552 2429 815 2497 ἀκρίτους
872 2431 968 2484 καὶ⁸
1022 2430 1427 2500 ἀδοκιμάστους
1483 2430 1769 2498 ἀποταγάς
1819 2430 1913 2483 ἐπὶ

417 2540 436 2571 ι
488 2522 625 2574 πολὺ
682 2521 783 2591 τὴν
846 2525 1152 2592 μοναχικὴν
1192 2521 1451 2586 εὐταξίαν
1508 2521 1913 2591 λυμαινομένας

414 2632 433 2663 ς
482 2612 830 2681 εὑρίσκομεν.
869 2613 1165 2682 ΙΙροπετῶς
1190 2611 1301 2683 γάρ
1348 2627 1494 2674 τινες
1553 2612 1633 2673 είς
1693 2610 1785 2663 τὸν
1815 2626 1913 2677 μο-

418 2722 437 2753 ι
495 2704 637 2772 νήρη
672 2701 787 2771 βίον
813 2703 1043 2766 ἑαυτοὺς
1076 2703 1516 2774 ὲπιρρίπτοντες,
1555 2702 1813 2771 καὶπρὸς
1852 2700 1911 2753 τὸ

414 2809 432 2842 ι
478 2793 651 2861 τραχὺ
677 2793 774 2844 καὶ
798 2792 1056 2844 ἐπίπονον
1082 2792 1581 2862 κατολιγωροῦντες
1608 2791 1712 2862 τῆς
1742 2793 1913 2861 ἁσκήι

417 2897 436 2929 ι
482 2896 639 2945 σεως,
665 2879 759 2931 ἐπὶ
785 2881 874 2931 τὶν
902 2880 1235 2950 φιλόσαρκον
1258 2879 1352 2932 καὶ
1382 2878 1627 2949 ήδονικδν
1658 2878 1772 2949 (49)
1797 2877 1912 2947 βίον

416 2989 434 3021 ι
476 2972 675 3035 ἀθλίως
696 2973 860 3027 πάλιν
890 2971 1419 3041 ἐπαναστρέφουσιν.
1451 2972 1672 3040 Ὦρισεν
1701 2968 1795 3022 οὖν
1823 2969 1910 3022 διὰ

344 3104 347 3105 ν
414 3081 433 3113 ι
481 3062 640 3115 τοῦτο
666 3065 698 3133 ή
722 3064 852 3131 ἀγία
871 3062 1087 3125 σύνοδος
1112 3062 1317 3132 μηδένα
1342 3062 1438 3115 τοῦ
1460 3062 1751 3130 μοναχικοῦ
1780 3078 1909 3114 κατ⁸
1938 3055 1982 3114 C

414 3170 434 3204 ι
479 3153 759 3217 αξιοῦσθαι
819 3154 1099 3223 σχήματος
1144 3154 1276 3223 πρὶν
1311 3152 1378 3207 ἂν
1423 3154 1451 3205 ὁ
1509 3153 1607 3222 τῆς
1664 3154 1909 3224 τριετίας

420 3262 439 3294 ι
479 3245 670 3314 χρόνος
696 3245 775 3305 είς
800 3248 997 3312 πεῖραν
1032 3242 1216 3305 αὐτοῖς
1246 3242 1472 3310 ἀφεθεὶς
1500 3242 1759 3311 δοκίμους
1804 3243 1907 3294 αὺ-

415 3354 434 3387 ι
479 3339 608 3400 τοὺς
635 3339 733 3389 καὶ
761 3334 945 3399 ἀξίους
972 3335 1069 3402 τῆς
1100 3334 1437 3405 τηλικαύτης
1484 3334 1671 3404 βιοτῆς
1723 3350 1909 3405 παρα-

418 3446 438 3479 ι
486 3429 679 3500 στήσῃ.
712 3429 821 3480 Καὶ
861 3426 1019 3480 τοῦτο
1041 3428 1265 3499 κρατεῖν
1294 3427 1482 3491 Δ’παντὶ
1531 3429 1719 3499 τρόπῳ
1760 3444 1907 3499 παρ-

416 3538 434 3571 ι
483 3519 833 3585 εκελεύσατο,
872 3520 1013 3589 πλὴν
1046 3522 1094 3571 εί
1126 3521 1295 3588 μήπω
1329 3536 1413 3583 τις
1443 3518 1637 3590 βαρεῖα
1669 3536 1909 3589 προσπε-

420 3629 440 3662 r
487 3609 656 3665 σοῦσα
689 3612 842 3673 νόσος
898 3611 992 3663 τὸν
1058 3610 1249 3677 χρόνον
1297 3610 1581 3678 ἀναγκάσῃ
1634 3610 1909 3679 συσταλῆ-

409 3721 429 3756 ι
474 3721 562 3757 ναι
604 3704 704 3772 τῆς
763 3702 1085 3773 δοκιμασίας
1115 3719 1128 3733 ·
1165 3702 1197 3771 ἢ
1224 3703 1269 3754 εί
1301 3704 1372 3772 μή
1423 3702 1513 3753 πώ
1540 3718 1623 3764 τις
1652 3702 1740 3771 εἴη
1767 3701 1906 3771 ἀνὴρ

413 3813 432 3848 ι
476 3796 731 3866 εὐλαϐὴς,
766 3798 859 3849 κα)⁵
884 3797 976 3849 τὸν
1009 3795 1302 3866 μοναχικὸν
1326 3796 1441 3863 βίον
1467 3796 1526 3847 ὲν
1554 3794 1631 3862 τῷ
1657 3793 1908 3863 κοσμικῷ

412 3906 432 3938 ι
478 3886 712 3940 διανύων
753 3888 1013 3956 σχήματι.
1054 3886 1180 3937 Ἐπὶ
1236 3885 1347 3957 γὰρ
1383 3884 1475 3937 τοῦ
1519 3883 1769 3936 τοιούτου
1814 3885 1911 3936 ἀν-

412 3998 434 4034 ι
480 3981 604 4051 δρὸς
638 3982 717 4042 είς
748 3979 1058 4049 ἀπόπειραν
1089 3979 1329 4049 παντελῆ
1359 3979 1455 4031 καὶ
1485 3980 1513 4031 ὁ
1554 3980 1909 4048 ἑξαμηνιαῖος

415 4092 436 4124 ι
479 4072 703 4143 ἀρκέσει
730 4071 941 4141 χρόνος.
982 4071 1044 4123 Et
1077 4069 1135 4121 δέ
1165 4086 1249 4132 τις
1282 4070 1433 4140 παρά
1459 4071 1633 4123 ταῦτα
1673 4068 1907 4140 διαπράο

414 4184 432 4217 ι
480 4164 649 4228 ξεται,
677 4165 766 4215 τὸν
796 4163 895 4232 μὲν
921 4162 1230 4232 ἡγούμενον
1271 4162 1370 4231 τῆς
1416 4161 1782 4230 ήγουμενείας
1813 4163 1906 4213 ὲκ-

413 4269 431 4300 ι
487 4250 779 4319 πίπτοντας
810 4248 1060 4302 παιδείαν
1094 4249 1188 4318 τῆς
1234 4247 1462 4314 ἀταξίας
1487 4248 1587 4319 τὴν
1610 4250 1668 4303 ὲν
1686 4251 1905 4304 ,ὑποτα-

412 4360 431 4393 ι
475 4345 548 4412 γῇ
603 4340 882 4410 διαγωγὴν
938 4340 1327 4411 ὲφευρίσκειν·
1361 4341 1455 4393 τὸν
1491 4340 1548 4393 δὲ
1597 4344 1906 4411 μονάσαντα

415 4449 435 4483 ι
480 4435 540 4483 ὲν
574 4432 738 4500 ἑτέρᾳ
772 4433 909 4501 μονῇ
929 4431 1026 4501 τήν
1057 4430 1359 4501 μοναχικὴν
1386 4430 1673 4500 ἀκρίϐειαν
1698 4429 1904 4499 φυλατ-

407 4541 427 4576 ι
473 4524 648 4593 τούσῃ
683 4522 1099 4592 παραδίδοσθαι.
1137 4540 1157 4573 ι

402 4614 601 4670 ΒΛΛΣ.
641 4614 910 4673 Πολλάκις
965 4615 1131 4680 τινες,
1187 4614 1353 4682 φασὶν
1409 4614 1460 4666 οἱ
1522 4613 1785 4683 Πατέρες,
1815 4613 1906 4667 διά

330 4708 513 4778 θλίψιν
540 4708 573 4777 ἦ
596 4705 792 4777 ἑτέραν
815 4707 1109 4775 ὀλιγωρίαν
1135 4706 1257 4758 τινὰ
1277 4705 1368 4757 τὸν
1386 4706 1599 4776 μονήρη
1631 4705 1744 4774 βίον
1772 4722 1907 4773 προ-

330 4806 517 4865 πετῶς
553 4799 933 4868 ὑποδυόμενοι,
974 4796 1071 4849 καὶ
1110 4798 1187 4867 μὴ
1224 4796 1514 4866 δυνάμενοι
1558 4798 1903 4865 καρτερῆσαι

327 4897 394 4948 τὸ
418 4894 672 4965 ἐπίπονον
701 4894 799 4961 τῆς
830 4891 1139 4959 ἀσκήσεως,
1172 4889 1595 4959 μεταμέλονται,
1635 4887 1734 4943 καὶ
1769 4891 1906 4959 πρὸς

330 4988 435 5057 τὴν
459 4987 737 5058 προτέραν
763 4982 1036 5053 κοσμικὴν
1075 4981 1353 5050 διαγωγὴν
1401 4982 1588 5046 κακῶς
1642 4981 1907 5051 ὑποστρέ-

333 5092 547 5146 φουσιν.
576 5077 803 5146 Ὥρισαν
836 5067 928 5125 οὖν
966 5070 1171 5141 μηδένα
1202 5070 1592 5133 καταξιοῦσθαι
1619 5074 1712 5122 τοῦ
1738 5087 1908 5140 μονα-

333 5165 493 5235 χικοῦ
536 5165 815 5235 σχήματος
847 5161 956 5232 πρὸ
1002 5160 1328 5228 δοκιμασίας
1368 5162 1462 5213 καὶ
1494 5161 1901 5225 κατεξετάσεως

330 5260 434 5326 τῆς
461 5256 741 5325 διαγωγῆς
760 5256 855 5307 τοῦ
884 5252 1176 5323 ζητοῦντος,
1211 5252 1372 5304 αὑτό·
1403 5252 1520 5305 ἀλλ’
1547 5254 1641 5306 ἐπὶ
1663 5252 1906 5323 τριετίαν

333 5345 752 5417 δοκιμάζεσθαι,
815 5344 911 5396 καὶ
960 5340 1103 5394 οὓτω
1147 5338 1444 5409 λαμϐάνειν
1494 5341 1555 5392 τὸ
1611 5339 1903 5410 μοναχικδν

337 5440 547 5509 σχῆμα.
582 5436 787 5489 Τούτου
811 5436 920 5505 γὰρ
951 5433 1096 5487 οὕτω
1120 5431 1432 5501 γινομένου,
1485 5431 1648 5494 αὑτός
1707 5447 1765 5483 τε
1815 5430 1905 5484 διά

333 5533 436 5601 τὴν
469 5528 764 5600 ὀλιγωρίαν
793 5529 854 5580 οὑ
897 5525 1431 5597 μεταμεληθήσεται,
1464 5523 1583 5577 ἀλλ’
1624 5521 1901 5593 ὀλοψύχως

2026 1810 2043 1841 r
2080 1792 2338 1854 nasterio,
2363 1794 2477 1844 sive
2509 1794 2573 1845 ad
2612 1793 2756 1845 aliud
2794 1795 3185 1847 monasterium
3236 1799 3594 1863 transmigra-

2022 1900 2043 1933 ι
2080 1884 2238 1946 veri',
2270 1884 2384 1937 sive
2438 1886 2488 1935 in
2540 1890 2801 1937 s:eeulare
2850 1885 3223 1938 habitaculum
3275 1889 3595 1955 petulanter

2022 1991 2041 2024 ι
2081 1989 2140 2027 se
2196 1973 2487 2027 contulerit
2517 2013 2532 2035 ,
2592 1984 2907 2043 segregetur
2942 1984 3052 2027 tam
3086 1977 3202 2043 ipse
3230 2014 3246 2039 ,
3293 1981 3456 2045 quam
3495 1979 3592 2047 qui

2022 2084 2040 2117 ι
2081 2066 2257 2135 ipsum
2292 2067 2555 2134 suscepit,
2594 2068 2771 2136 us'que
2806 2066 2934 2119 dum
2972 2082 3226 2122 reversus
3260 2067 3447 2123 fuerit.
3484 2058 3589 2135 Qui

2024 2174 2041 2206 ι
2082 2172 2207 2210 vero
2237 2157 2305 2210 ab
2342 2157 2596 2226 episeopo
2627 2172 2957 2227 quocunque
2978 2159 3097 2211 loco
3120 2158 3456 2214 constitutus
3484 2168 3593 2225 est,

2020 2266 2039 2299 ι
2083 2250 2244 2317 culpa
2279 2258 2455 2302 vacat.
2504 2267 2525 2300 ι

2626 2337 2853 2393 CANON
2904 2338 2969 2393 V.

2019 2447 2041 2481 ¢
2073 2430 2204 2496 Qua:
2232 2438 2439 2485 temere
2469 2439 2522 2486 et
2551 2432 2684 2485 sine-
2707 2431 2916 2500 judicio
2960 2446 3024 2486 ac
3077 2433 3401 2502 probatione
3454 2433 3593 2488 ﬁunt

2091 2541 2110 2575 ι
2143 2524 2598 2588 rcuuutiationcs,
2632 2524 2776 2577 bono
2805 2527 3106 2579 Inonastico
3128 2525 3307 2578 ordini
3333 2540 3588 2595 magnum

2090 2632 2109 2665 ι
2145 2614 2337 2668 all‘erre
2361 2615 2765 2668 incommodum
2788 2616 3116 2669 invenimus.
3139 2614 3197 2667 In
3227 2616 3588 2669 monasticam

2093 2723 2111 2755 ι
2149 2705 2292 2758 enim
2332 2708 2495 2761 vitam
2521 2722 2581 2761 se
2613 2708 2770 2760 facile
2793 2708 3104 2775 injicientes
3136 2708 3407 2773 nonnulli,
3438 2718 3492 2762 et
3524 2709 3593 2761 ad

2092 2816 2109 2848 ι
2151 2812 2397 2866 asperam
2426 2809 2477 2852 et
2507 2800 2838 2852 laboriosam
2892 2799 3337 2852 exercitationem
3389 2816 3448 2853 se
3502 2814 3593 2853 se-

2087 2907 2105 2939 r
2141 2890 2319 2959 guiler
2340 2899 2615 2958 gerentes,
2664 2890 2729 2943 ad
2775 2891 3053 2945 carnalem
3111 2899 3163 2943 et
3223 2891 3593 2959 voluptariam

2092 3000 2110 3031 ι
2148 2984 2311 3034 vitam
2345 2996 2539 3034 rursus
2599 2983 2794 3036 misere
2858 2991 3228 3037 revertuntur.
3289 2981 3586 3051 Propterea

2091 3092 2107 3121 ι
2146 3087 2275 3141 ergo
2300 3073 2490 3126 statuit
2521 3082 2707 3126 sancta
2742 3074 3005 3141 synodus,
3043 3078 3102 3126 ut
3148 3074 3456 3126 monasticu
3491 3071 3591 3125 ha-

2085 3182 2102 3215 ‹
2140 3165 2251 3217 bitu
2284 3164 2429 3234 digiti
2460 3166 2595 3218 nulli
2629 3173 2889 3233 putentur
2918 3202 2933 3228 ,
2984 3166 3306 3234 priusquam
3362 3165 3585 3219 triennii

2085 3274 2102 3308 ι
2145 3266 2357 3325 tempus
2392 3257 2456 3308 ad
2486 3255 2879 3324 experientiam
2916 3255 2996 3309 eis
3028 3255 3281 3308 relictum
3327 3255 3589 3325 probatos

2087 3365 2105 3398 ι
2141 3362 2234 3402 eos
2263 3358 2386 3400 esse
2415 3353 2470 3398 ct
2500 3344 2593 3398 tali
2627 3346 2735 3398 vita
2769 3344 2966 3413 dignos
2999 3342 3326 3397 ostenderit.
3377 3341 3443 3394 Et
3482 3343 3589 3395 hoc

2082 3456 2100 3489 ‹
2137 3436 2286 3491 oiuni
2319 3436 2484 3491 modo
2514 3436 2795 3490 observari
2832 3436 3112 3504 praecepit,
3150 3442 3513 3504 praeterquam
3542 3435 3588 3488 si

2087 3546 2105 3580 ι
2141 3530 2321 3596 gravis
2374 3528 2576 3598 aliquis
2629 3526 2851 3582 mei-bus
2933 3527 3180 3582 incidens
3243 3527 3591 3596 probationis

2089 3637 2107 3670 ι
2151 3628 2397 3689 tempora
2427 3618 2679 3673 contrahi
2714 3620 2955 3687 coegerit
2990 3634 3004 3671 :
3037 3618 3121 3672 vel
3169 3618 3275 3673 nisi
3322 3618 3449 3688 quis
3481 3619 3582 3670 ali-

2090 3728 2109 3762 ι
2149 3711 2325 3764 cunde
2359 3711 2432 3763 sit
2460 3710 2543 3763 vir
2574 3709 2864 3778 religiosus
2913 3716 2966 3762 et
3008 3708 3173 3761 vitam
3231 3711 3587 3763 monasticam

2089 3819 2107 3852 ι
2147 3805 2202 3853 in
2236 3801 2421 3854 habitu
2453 3801 2697 3854 saeculari
2731 3807 2971 3867 peragat.
3004 3796 3120 3850 Tali
3154 3799 3297 3853 enim
3357 3799 3475 3851 viro
3508 3799 3576 3851 ad

2085 3910 2101 3942 ι
2141 3891 2444 3945 absolutam
2479 3889 2865 3959 experientiam
2904 3897 3116 3957 tempus
3166 3898 3431 3944 semestre
3468 3889 3587 3944 sul-

2086 4000 2105 4034 ι
2141 3982 2308 4036 ﬁciet.
2336 3979 2392 4035 Si
2422 3983 2545 4051 quis
2577 3990 2759 4035 autem
2792 3989 2987 4049 praeter
3021 3982 3134 4035 haec
3184 3981 3395 4046 fecerit,
3444 3996 3586 4051 prae-

2087 4091 2105 4124 ι
2144 4076 2321 4127 lectus
2356 4072 2571 4142 quidem
2619 4071 2944 4143 praefectura
2998 4072 3257 4126 excideris
3305 4086 3588 4141 perperam

2093 4183 2112 4215 ι
2149 4166 2422 4220 observati
2464 4163 2675 4219 ordinis
2703 4165 3098 4219 correctionem
3124 4203 3139 4227 ,
3189 4165 3241 4217 in
3279 4163 3593 4218 obedientia

2086 4274 2104 4308 ι
2142 4265 2196 4311 et
2224 4254 2567 4325 subiectione
2610 4256 3083 4309 conversationem
3117 4292 3132 4319 ,
3175 4254 3459 4307 inveniat:
3492 4254 3589 4323 qui

2088 4365 2108 4399 ι
2145 4356 2228 4401 est
2264 4357 2443 4401 autem
2480 4347 2532 4399 iu
2567 4345 2675 4397 alio
2706 4344 3040 4399 monasterio
3099 4344 3399 4398 monachus
3424 4384 3442 4410 ,
3490 4344 3583 4397 alii

2094 4456 2111 4489 ι
2150 4438 2485 4490 monasterio
2521 4436 2786 4497 tradatur,
2819 4434 2961 4504 quod
3008 4434 3362 4488 monasticam
3423 4434 3591 4488 disci-

2087 4547 2105 4580 ι
2143 4530 2344 4598 pliuam
2378 4535 2635 4581 accurate
2676 4526 3020 4595 pei'l'ecteque
3051 4527 3325 4581 observet.
3364 4543 3383 4577 ι

2080 4616 2276 4671 BALS.
2308 4616 2563 4671 Nonnulli
2596 4632 2759 4684 saepe,
2800 4616 3055 4684 inquiunt
3081 4615 3273 4669 Patres
3304 4655 3320 4681 ,
3363 4624 3589 4685 propter

2008 4708 2357 4763 amictioaem
2386 4745 2401 4772 ,
2451 4707 2533 4760 vel
2561 4707 2724 4759 etiam
2760 4720 2857 4776 per
2885 4705 3274 4776 negligentiam
3303 4706 3541 4776 aliquam
3568 4744 3586 4772 ,

2008 4802 2173 4853 vitam
2215 4798 2574 4853 monasticam
2600 4796 2761 4852 facile
2791 4796 3114 4862 subeuntes,
3144 4804 3198 4851 et
3237 4796 3590 4851 exercitatio-

2002 4887 2089 4941 nis
2118 4886 2358 4940 laborem
2405 4883 2635 4939 sull‘erre
2694 4900 2800 4937 non
2853 4884 3099 4939 valentes
3128 4922 3145 4949 ,
3206 4886 3586 4954 preniteutiam

2005 4982 2196 5047 agunt,
2228 4981 2283 5029 et
2318 4972 2384 5027 ad
2415 4974 2649 5044 priorem
2680 4974 2998 5027 saecularem
3050 4974 3266 5028 vivendi
3315 4974 3584 5029 rationem

2001 5076 2373 5125 revertuntur.
2413 5066 2733 5122 Statuerunt
2769 5082 2922 5138 ergo,
2960 5083 3027 5121 ne
3051 5068 3357 5122 monastico
3385 5068 3579 5122 habitu

2002 5166 2203 5236 dignus
2240 5162 2362 5233 quis
2395 5160 2755 5226 existimetur,
2787 5170 2915 5217 ante
2948 5161 3325 5230 probationem
3358 5169 3413 5216 et
3436 5176 3569 5217 exa-

2004 5255 2358 5310 minatiouem
2386 5252 2505 5323 ejus
2562 5252 2658 5323 qui
2711 5251 2889 5322 ipsum
2943 5253 3138 5322 petiit;
3192 5252 3287 5309 sed
3349 5252 3586 5307 triennio

2011 5344 2291 5415 probetur,
2316 5351 2369 5397 et
2392 5343 2472 5399 sic
2512 5341 2878 5397 monasticam
2904 5341 3149 5397 habitum
3186 5341 3440 5411 accipiat.
3468 5339 3582 5396 Hoc

2011 5434 2158 5487 enim
2184 5434 2257 5487 ita
2287 5432 2453 5498 facto,
2485 5447 2587 5487 nec
2617 5434 2729 5502 ipse
2744 5442 2967 5502 propter
2993 5432 3373 5502 negligentiam
3406 5430 3582 5500 ρατιιί-

2013 5522 2185 5580 tentia
2254 5532 2543 5594 tangetur,
2604 5524 2696 5578 sed
2745 5523 3106 5578 monasticam
3158 5520 3402 5577 habitum
3466 5528 3587 5574 toto

1562 5622 1751 5683 Guill.
1791 5621 2113 5699 Beveregii
2157 5629 2347 5682 nota).

416 5725 528 5796 (L9)
559 5724 941 5796 Φιλόσαρκον
962 5727 1059 5779 καί

341 5795 580 5856 editiOne
608 5805 691 5851 est
717 5795 1043 5866 φιλόσαρκον
1067 5796 1101 5866 ἢ
1139 5796 1447 5867 φιλήδονον.

1094 5725 1401 5794 ἠδονικόν.
1436 5725 1517 5781 ita
1547 5741 1671 5782 cum
1707 5726 1895 5781 codice
1938 5722 2237 5781 Bodleiano
2282 5726 2409 5793 legit
2437 5724 2600 5782 etiam
2635 5723 3128 5781 Amerbachiauus.
3188 5722 3247 5778 In
3287 5722 3584 5781 Parisiensi
