4056 6410
258 357 398 421 102)

1474 354 1556 414 ΙΝ
1596 354 1756 414 CAN.
1787 356 1827 415 \'
1872 355 2081 415 CONC.
2114 352 2328 416 CPOL.’

3373 348 3511 410 1030

255 467 623 534 ἐνδυσάμενος
689 465 751 517 οὐ
785 463 1322 535 παραχωρηθήσεται
1375 461 1504 531 χθὲς
1546 461 1644 530 μὲν
1688 460 1832 513 κα.τᾶ

1961 464 2294 517 nonasticum
2334 461 2551 528 induit,
2581 462 2629 516 ei
2680 478 2789 518 non
2848 461 3228 532 permittetur,
3293 468 3351 514 ut
3396 461 3509 515 heri

258 556 532 625 μοναχοὺς
567 556 661 608 ἐπὶ
698 557 907 626 ἀγορᾶς
956 552 1421 625 ἀναστρέφεσθαι,
1485 554 1727 622 σήμερον
1778 554 1835 605 δέ

256 648 400 698 κατὰ
426 646 644 707 λαῖκοὺς
666 645 1070 711 θεατρίζεσοαι,
1109 645 1201 697 καὶ
1232 641 1341 696 οἷον
1369 644 1664 712 ἐμπαίζειν
1696 646 1837 697 κατὰ

261 737 561 805 σκηνικοὺς
592 734 652 787 τὸ
678 735 830 801 ἅγιον
856 737 1040 805 σχῆμα
1065 752 1078 767 ·
1152 736 1353 805 μᾶλλον
1398 734 1496 804 μὲν
1531 730 1625 787 οὖν
1664 736 1837 803 ἀναγ-

261 824 607 886 κασθήσεται
668 825 766 877 καὶ⁵
828 824 978 877 ἄκων
1039 825 1408 892 ἀποκαρῆναι.
1466 825 1734 891 Λέγοντες
1780 825 1836 877 δὲ

257 919 435 970 ταῦτα
465 916 874 978 κατεσκεύαζον
916 917 1010 969 τὸν
1060 917 1216 984 λόγον
1255 916 1436 968 αὐτῶν
1476 917 1581 970 ἀπὸ
1639 916 1733 969 τοῦ
1788 914 1837 983 γ’

264 1028 389 1079 κεφ.
418 1008 513 1061 τοῦ
570 1014 640 1060 ια’
676 1008 855 1060 τίτλου
887 1006 980 1059 τοῦ
1023 1009 1287 1076 παρόντος
1318 1009 1719 1077 συντάγματος,
1749 1008 1839 1063 λέ-

270 1118 452 1169 γοντος
484 1103 613 1171 περὶ
643 1100 740 1163 τὰς
773 1099 947 1171 ἀρχὰς
1007 1100 1179 1163 οὕτως
1207 1117 1220 1131 ·
1262 1101 1325 1154 Ἢ
1365 1101 1421 1152 δὲ
1486 1107 1553 1169 ιγ’
1594 1100 1839 1167 διάταξις

270 1192 356 1244 τοῦ
386 1198 433 1244 α’
470 1192 652 1243 τίτλου
694 1193 820 1258 ,τῶν
863 1191 1093 1262 Νεαρῶν
1137 1210 1305 1262 φησιν
1361 1194 1440 1246 ὃτι
1477 1197 1525 1247 οἱ
1581 1197 1837 1266 παραμέ-

267 1302 444 1349 νοντες
473 1287 552 1349 εἰς
591 1288 804 1356 μονήρη
840 1287 975 1357 βίον,
1017 1286 1126 1339 εἴτε
1162 1287 1437 1359 ἐλεύθεροι
1474 1288 1584 1340 εἴτε
1633 1288 1831 1354 δοῦλοι,

266 1379 536 1447 πρότερον
568 1380 815 1447 τριετίαν
875 1380 1495 1449 προσκαρτερείτωσαν,
1552 1381 1726 1449 κουρᾷ
1779 1396 1837 1430 τε

268 1469 363 1523 xui.
389 1468 581 1537 ἐσθῆτι
621 1468 894 1539 χρώμενοι
924 1470 1033 1521 τῶν
1064 1470 1292 1533 λαῖκῶν,
1343 1471 1433 1523 καὶ
1475 1470 1573 1533 τὰς
1614 1469 1839 1540 Γραςςὰς

268 1560 655 1628 μανθάνοντες.
689 1562 782 1613 καὶ
819 1561 917 1630 τὴν
967 1561 1140 1631 τύχην
1186 1562 1367 1614 αὐτῶν
1408 1561 1838 1629 ”ὸμολογοῦντεῖ,

267 1652 363 1704 καὶ
391 1651 491 1719 τὴν
528 1650 714 1704 αἰτίαν
741 1652 833 1704 τοῦ
873 1652 1050 1704 θέλειν
1081 1653 1340 1721 μονάσαι.
1383 1653 1598 1724 μήποτε
1626 1652 1842 1720 πονηρά

266 1742 410 1807 ἐστι,
443 1742 537 1794 καὶ¹
562 1742 1030 1796 νουθετείσθωσαν
1058 1761 1072 1774 ·
1108 1743 1202 1796 καὶ
1225 1745 1273 1795 εἰ
1296 1745 1840 1815 προσκαρτερήσουσι

264 1833 372 1901 τὴν
407 1834 653 1903 τριετίαν
706 1836 802 1887 καὶ
839 1834 980 1899 ἄξιοι
1012 1835 1225 1903 φανῶσι
1258 1834 1353 1887 τοῦ
1423 1836 1675 1903 μονάσαι,
1721 1835 1842 1887 τότε

266 1922 665 1992 κειρέσθωσαν.
696 1924 806 1977 Καὶ
833 1923 1023 1994 ἤθελον
1053 1927 1119 1977 ἐκ
1161 1924 1365 1992 ταύτης
1401 1924 1642 1994 Νεαρᾶς,
1679 1924 1846 1992 ούςης

280 2014 750 2077 ’1ουστινιανείου,
784 2016 883 2084 τὴν
913 2014 1149 2086 δοκιμὴν
1180 2015 1431 2084 γίνεσθαι
1473 2014 1612 2084 μετὰ
1642 2013 1847 2066 λαῖκῶν

268 2106 518 2176 ἁμφίων.
572 2106 939 2177 Προσετξθουν
973 2107 1028 2159 δέ
1062 2106 1156 2169 ὡς,
1199 2106 1320 2157 ἐπεὶ
1358 2106 1418 2158 τὸ
1478 2111 1546 2172 ιγ’
1583 2103 1847 2172 κεφρτοῦ

267 2198 321 2252 α’
349 2199 534 2252 τίτλον
565 2198 661 2251 τοῦ
719 2200 760 2252 δ’
815 2197 1023 2269 βιϐλίου
1052 2199 1160 2251 τῶν
1192 2197 1521 2261 Βασιλικῶν,
1555 2200 1693 2267 ὅπερ
1733 2199 1851 2251 ἐστὶ

268 2274 471 2361 κεφαλέ
505 2288 575 2355 ξδ’
620 2292 721 2360 τῆς
777 2297 898 2358 ρκγ¹
946 2291 1375 2345 ἰουστινιανείου
1408 2290 1647 2359 Νεαρᾶς,
1680 2290 1846 2360 διορί-

269 2383 425 2445 ζεται
454 2382 581 2442 τοὺς
616 2380 1000 2451 τολμήσαντας
1033 2378 1381 2450 μιμήσασθαι
1440 2378 1630 2448 σχῆμα
1683 2395 1848 2446 μονα-

268 2474 373 2545 χοῦ
411 2474 446 2543 ἢ
501 2474 832 2543 ἀσκητρίας,
901 2473 1000 2525 καὶ
1051 2472 1191 2525 κατὰ
1238 2472 1532 2543 σκηνικοὺς
1590 2469 1851 2539 ἐμπαῖξαι

266 2564 435 2619 τοῦτο
461 2566 733 2635 οίῳδήτινι
760 2564 971 2635 τρόπῳ,
1002 2564 1333 2633 σωματικῶς
1355 2561 1721 2632 τιμωρεῖσθαι
1757 2564 1855 2616 καὶ

274 2654 628 2726 ἔξορίξεσθαι
647 2672 663 2686 ⁶
708 2656 887 2727 πολλῷ
922 2656 978 2709 δὲ
1012 2655 1174 2709 πλέον
1203 2654 1602 2725 κολασθήσεται
1628 2656 1655 2706 ὁ
1684 2655 1855 2719 ἐπαγ-

270 2744 603 2815 γειλάμενος
645 2744 944 2814 μοναδικὴν
1001 2745 1299 2813 διαγωγὴν,
1335 2741 1430 2795 καὶ
1465 2744 1545 2805 εἰς
1578 2741 1855 2811 μοναστή-

274 2854 398 2905 ριον
430 2835 703 2899 ἀπελθὼν,
738 2836 832 2890 καὶ
866 2834 1173 2905 μοναχικὴν
1209 2833 1420 2904 ἐσθῆτα
1448 2831 1854 2903 περιϐαλλόμε-

273 2946 392 2992 νος,
438 2927 534 2981 ἐὰν
575 2927 804 2997 ὕστερον
833 2927 1281 2997 ἀνερυθριάστως
1309 2926 1387 2987 εἰς
1427 2922 1651 2984 λαῖκοὺς
1684 2938 1855 2991 μετα-

275 3008 659 3091 σχημῖατισθῇ.
703 3003 889 3071 ’Ᾰλλοι
921 3018 977 3070 δὲ
1007 3014 1160 3070 εἷπον
1191 3019 1265 3080 ὡς
1291 3019 1340 3068 οἱ
1372 3014 1854 3086 ρασοφορήσαντες

276 3112 425 3180 μετὰ
464 3108 765 3180 Τρισαγίου
806 3110 868 3162 ού
926 3108 1508 3179 παραχωρηθὴσονται
1568 3122 1852 3175 μετασχη-

276 3202 619 3274 ματισθῆναι
656 3202 736 3263 εἰς
770 3201 993 3262 λαῖκούς
1021 3216 1034 3229 ο
1089 3203 1137 3253 oi
1166 3200 1220 3252 δὲ
1252 3200 1421 3270 χωρὶς
1451 3196 1640 3250 τούτου
1689 3214 1856 3266 μετα-

278 3294 754 3365 σχηματισθέντες
786 3293 1152 3355 ὰδιαστίκτως
1175 3292 1327 3353 ἐντὸς
1349 3292 1449 3361 τῆς
1472 3289 1719 3361 τριετίας
1750 3289 1858 3341 τῶν

277 3383 388 3453 μὲν
449 3381 763 3453 μοναχικῶν
820 3382 1041 3451 ἁμφίων
1097 3379 1292 3450 σχολὴν
1355 3379 1856 3449 καταψηφίσονται,

279 3475 672 3544 ἐνδυθήσονται
702 3474 758 3527 δέ
784 3475 972 3527 λαῖκά.
1010 3473 1136 3525 "Ott
1181 3472 1276 3525 καὶ
1319 3474 1583 3538 γυναῖκες
1638 3470 1864 3523 πενθοῦ-

282 3584 383 3620 σαι
408 3569 535 3629 τοὺς
576 3565 1033 3627 ἀποϐεϐηκότας
1066 3563 1268 3634 ἄνδρας
1308 3562 1490 3617 αὐτῶν
1540 3563 1864 3631 μελανειμο-

282 3655 472 3714 νοῦσιν
503 3659 598 3711 ἐπὶ
638 3657 852 3725 καιρὸν,
885 3659 982 3708 καὶ
1003 3653 1302 3716 ἀκινδύνως
1332 3652 1489 3716 αὖθις
1520 3653 1587 3706 τὰ
1619 3652 1864 3723 κοσμικὰ

287 3750 727 3820 περιτιθέανται.
762 3748 868 3800 Καὶ
898 3748 1051 3799 αὐτοὶ
1087 3746 1187 3816 μὲν
1236 3745 1431 3800 ταῦτα.
1488 3746 1615 3808 Τοῖς
1656 3744 1864 3796 πλείοσι

283 3841 347 3893 δὲ
380 3840 474 3892 καὶ
510 3836 932 3907 εὐλαϐεστέροις
979 3835 1040 3887 ού
1091 3832 1328 3886 δοκεῖτὸ
1366 3832 1510 3903 ἔχειν
1546 3832 1632 3884 ἐπ’
1676 3830 1863 3890 ἀδείας

287 3933 384 3985 τὸν
421 3930 735 3983 εἰσελθόντα
767 3930 848 3991 είς
873 3926 1264 4001 μοναοτήριον,
1295 3924 1413 3989 καὶ,
1451 3922 1526 3985 ὡς
1567 3922 1632 3975 ἂν
1676 3921 1776 3992 ἔχῃ
1804 3920 1867 3972 τὸ

288 4026 550 4097 πρᾶγμα,
584 4022 1124 4093 μελανειμονήσαντα
1164 4016 1427 4072 καὶκατὰ
1463 4017 1729 4088 μοναχοὺς
1752 4015 1868 4070 δια·

290 4116 573 4187 τρίϐοντα,
635 4110 1221 4184 μετασχηματισθῆναι
1287 4111 1367 4174 είς
1427 4110 1670 4173 λαϊκούς.
1711 4108 1895 4177 Ἐξῆν»

292 4209 424 4279 γὰρ,
457 4209 642 4277 φασὶν,
676 4204 827 4276 αὐτῷ
852 4206 989 4275 μετὰ
1015 4204 1222 4257 λαῖκῶν
1249 4203 1496 4274 ἐσθήτων
1527 4202 1868 4270 δοκιμασθῆ-

299 4317 387 4354 vat
416 4299 560 4352 κατά
587 4300 679 4351 τὸν
703 4298 803 4366 τῆς
833 4302 1079 4368 τριετίας
1101 4296 1292 4365 καιρόν
1311 4310 1324 4323 ·
1360 4296 1481 4347 ἐπεὶ
1510 4294 1568 4347 δὲ
1600 4292 1872 4362 μοναχικὰ

300 4388 621 4454 ἐνεδύσατο,
657 4389 1147 4458 ἀναγκασθήσεται
1178 4385 1494 4456 περατῶσαι
1528 4384 1624 4453 τὴν
1661 4382 1872 4435 οἰκείαν

1942 554 2161 622 quidem
2196 555 2368 608 instar
2392 554 2781 608 monachorum
2817 555 2867 608 in
2902 554 3018 607 foro
3049 560 3320 621 versetur,
3355 553 3516 607 hodie

1938 658 2070 696 vero
2101 644 2276 697 instar
2304 642 2569 697 laicorum
2603 658 2662 697 se
2698 643 2959 697 theatrice
2993 642 3234 696 venditet
3257 683 3272 707 ,
3322 650 3380 696 et
3432 642 3514 695 in-

1939 748 2052 787 smr
2087 734 2427 788 scenicorum
2490 742 2739 787 sanctum
2794 734 3039 786 habitum
3099 732 3506 801 quodammodo

1938 825 2268 880 ludificetur.
2327 816 2516 879 Potius
2555 840 2682 894 ergo
2718 837 2941 893 cogetur
2994 825 3073 879 vel
3122 825 3324 879 invitus
3389 832 3517 877 ton-

1939 914 2074 968 deri.
2112 912 2215 979 Qui
2246 928 2425 969 autem
2466 918 2580 969 haec
2613 914 2884 977 dicebant,
2919 914 3127 968 dictum
3185 930 3344 968 suum
3392 928 3519 966 con-

1938 1005 2228 1059 firmabant
2261 1022 2323 1061 ex
2355 1006 2388 1059 '5
2414 1008 2577 1076 capit.
2642 1007 2701 1060 ll
2758 1007 2897 1059 tituli
2953 1006 3237 1075 pra‘sentis
3282 1006 3464 1076 operis
3501 1046 3515 1067 ,

1941 1099 2023 1155 sic
2081 1099 2224 1153 circa
2276 1099 2495 1153 initimn
2551 1100 2835 1155 dicentis:
2890 1100 2955 1154 15
3008 1100 3329 1155 constitutio
3360 1101 3516 1169 primi

1941 1191 2082 1246 tituli
2120 1190 2464 1244 Novellarum
2496 1192 2654 1257 dicit,
2708 1191 2850 1261 quod
2899 1193 2990 1260 qui
3040 1193 3161 1246 vita:
3196 1191 3519 1245 incumbunt

1941 1283 2255 1337 monasticae
2288 1321 2301 1346 ,
2358 1283 2471 1335 sive
2503 1283 2612 1336 sint
2648 1284 2801 1337 liberi
2871 1283 2988 1337 sive
3041 1286 3181 1337 servi
3213 1322 3227 1345 ,
3285 1281 3520 1335 triennio

1942 1374 2094 1444 prius
2127 1382 2478 1443 perseverent
2509 1375 2774 1428 laieorum
2832 1383 2993 1429 tonsu
3034 1381 3088 1428 et
3130 1374 3327 1429 vestitu
3366 1385 3523 1427 uten-

1942 1474 2046 1527 tes,
2082 1474 2136 1517 et
2173 1464 2486 1533 Seripturas
2538 1465 2812 1518 discentes
2843 1503 2857 1525 ,
2918 1472 2971 1517 et
3027 1479 3184 1518 suam
3246 1463 3520 1517 fortunam

1943 1557 2294 1621 confitentes,
2336 1571 2381 1611 et
2417 1573 2637 1612 causam
2674 1573 2772 1610 cur
2834 1559 3084 1611 monachi
3141 1572 3261 1611 esse
3313 1559 3522 1611 velint:

1944 1664 2012 1702 ne
2049 1647 2189 1701 forte
2223 1646 2359 1701 mala
2393 1649 2486 1713 sit,
2518 1659 2570 1703 et
2604 1649 3004 1702 admoueantur
3036 1668 3049 1703 :
3083 1658 3135 1704 et
3193 1651 3238 1704 si
3292 1650 3527 1703 triennio

1947 1740 2417 1809 perseveraverint
2448 1748 2501 1793 et
2545 1741 2879 1794 monasterio
2912 1741 3057 1808 digni
3113 1741 3212 1795 visi
3272 1741 3525 1806 fuerint,

1952 1840 2080 1885 tunc
2113 1831 2463 1885 tondeantur.
2499 1830 2562 1883 Et
2589 1848 2653 1884 ex
2694 1831 2797 1886 hac
2829 1831 3069 1896 Novella,
3098 1848 3218 1901 qua:
3250 1841 3332 1887 est
3359 1831 3530 1888 Justi-

1952 1921 2124 1997 niani,
2149 1922 2422 1986 volebant,
2444 1936 2567 1976 cum
2587 1922 2704 1976 laici
2732 1924 2972 1978 vestibus
2992 1925 3103 1979 fieri
3128 1925 3526 1994 probationem.

1952 2013 2289 2082 Adjiciehant
2350 2021 2554 2077 autem,
2616 2015 2761 2083 quod
2810 2016 3068 2082 quoniam
3120 2016 3185 2069 15
3216 2030 3336 2084 cap.
3368 2018 3526 2085 primi

1958 2105 2119 2167 tituli,
2164 2122 2212 2159 tv
2245 2105 2339 2158 lib.
2370 2104 2592 2160 Basilio.
2644 2108 2787 2175 quod
2847 2106 3064 2177 quidem
3119 2116 3202 2163 est
3235 2108 3302 2162 64
3339 2124 3388 2163 c.
3426 2108 3531 2162 125

1952 2195 2249 2251 Justiniani
2284 2195 2542 2263 Novellze,
2578 2198 2864 2263 decernit,
2908 2208 2964 2253 ut
3018 2200 3109 2269 qui
3156 2202 3271 2255 ausi
3327 2200 3529 2254 fuerint

1956 2289 2209 2343 monachi
2262 2290 2345 2343 vel
2412 2291 2660 2344 ascetriae
2718 2291 2962 2344 habitum
3018 2292 3264 2355 imitari,
3337 2301 3392 2347 et
3451 2292 3534 2345 in-

1958 2388 2073 2434 star
2101 2381 2446 2434 scenicbrum
2481 2381 2676 2451 quovis
2709 2383 2870 2435 modo
2909 2382 3062 2436 illum
3095 2384 3344 2450 illudere,
3399 2398 3529 2436 cor-

1956 2484 2087 2533 pore
2142 2470 2441 2538 puniantur
2469 2478 2522 2523 et
2576 2471 3065 2526 exterminentur:
3124 2473 3294 2527 multo
3352 2483 3534 2525 autem

1959 2553 2130 2624 magis
2165 2555 2446 2623 punietur,
2488 2557 2581 2625 qui
2618 2558 2785 2610 vitam
2836 2561 3196 2614 monasticam
3250 2561 3534 2628 professus

1956 2638 2011 2692 in
2050 2643 2445 2695 monasterium
2477 2644 2759 2713 ingressus
2797 2654 2882 2700 est
2910 2688 2925 2713 ,
2958 2654 3012 2701 et
3049 2659 3198 2704 veste
3225 2650 3534 2704 monachali

1958 2729 2213 2794 indutus;
2270 2733 2313 2786 si
2354 2744 2541 2802 postea
2602 2737 2751 2789 omni
2808 2746 2975 2791 exuto
3028 2740 3235 2807 pudore
3288 2739 3535 2794 laicalem

1959 2822 2211 2875 vestitum
2240 2824 2527 2891 receperit.
2566 2824 2672 2878 Alii
2711 2837 2892 2881 autem
2928 2826 3224 2893 dixerunt,
3262 2830 3407 2900 quod
3442 2831 3535 2899 qui

1959 2928 2083 2968 rasa
2118 2913 2293 2968 induti
2328 2915 2532 2970 fuerint
2565 2932 2688 2972 cum
2716 2915 2968 2988 Trisagio
2995 2960 3011 2985 ,
3044 2920 3109 2974 ad
3145 2920 3394 2977 laicalem
3452 2924 3542 2977 ha-

1958 3004 2131 3060 bitum
2158 3006 2337 3062 redire
2363 3024 2473 3063 non
2530 3011 2780 3065 sinentur
2812 3031 2826 3067 :
2861 3013 2953 3078 qui
3015 3029 3142 3069 vero
3197 3016 3408 3085 absque
3472 3033 3540 3070 en

1960 3096 2202 3152 habitum
2253 3111 2559 3169 ceperunt,
2614 3102 2934 3159 indistincte
3025 3107 3168 3161 intra
3242 3109 3539 3163 triennium

1961 3191 2388 3246 monasticarum
2422 3194 2646 3261 quidem
2673 3195 2907 3249 vestium
2946 3198 3117 3251 otium
3171 3199 3537 3266 damnabunt;

1962 3282 2121 3338 laicls
2155 3292 2334 3338 autem
2366 3284 2684 3342 induentur.
2713 3286 2847 3341 Nam
2882 3298 2931 3343 et
2972 3290 3225 3345 mulieres
3252 3332 3267 3356 ,
3295 3309 3414 3361 quzc
3447 3295 3544 3347 de—

1964 3373 2181 3433 functos
2242 3380 2388 3434 viros
2420 3379 2649 3448 lugent,
2710 3380 2842 3435 atris
2900 3383 3145 3437 vestibus
3200 3386 3266 3438 ad
3327 3392 3542 3455 tempus

1962 3468 2287 3536 induuntur,
2325 3481 2375 3523 et
2419 3486 2613 3526 rursus
2644 3471 2765 3525 sine
2816 3471 3059 3538 periculo
3105 3475 3399 3530 saeculares
3454 3478 3541 3530 in-

1964 3557 2164 3613 duunt.
2208 3558 2271 3612 Et
2300 3559 2351 3613 hi
2384 3561 2603 3629 quidem
2630 3562 2747 3616 haec
2777 3562 2986 3615 dicunt.
3048 3563 3299 3619 Pluribus
3359 3574 3542 3619 autem

1965 3662 2014 3704 et
2051 3652 2488 3720 religiosioribus
2516 3669 2623 3707 non
2652 3654 2863 3709 videtur
2898 3657 2948 3708 in
2972 3656 3091 3725 ejus
3112 3672 3233 3710 esse
3254 3667 3547 3725 potestate,

1966 3745 2058 3813 qui
2092 3746 2484 3800 m0nasterium
2520 3747 2824 3818 ingressus,
2857 3759 2932 3813 et,
2962 3748 3459 3820 quomodocunque
3484 3768 3546 3805 se

1967 3851 2055 3889 res
2089 3836 2304 3900 habeat,
2336 3838 2506 3907 nigris
2532 3839 2776 3894 vestibus
2808 3840 3032 3894 indutus
3062 3849 3145 3895 est
3176 3881 3190 3905 ,
3235 3854 3290 3896 et
3342 3858 3535 3896 mona-

1968 3926 2107 3980 stico
2141 3943 2294 3982 more
2327 3930 2494 3999 degit,
2536 3929 2780 3985 habitum
2832 3930 3032 3985 Iaicum
3081 3948 3380 3989 resumere.
3439 3934 3544 4001 Ipsi

1968 4018 2138 4083 enim,
2172 4020 2449 4088 inquiunt,
2483 4022 2685 4077 licebat
2721 4037 2845 4076 cum
2880 4024 3129 4079 vestibus
3182 4025 3337 4080 laicis
3369 4028 3550 4094 spatio

1972 4111 2191 4166 triennii
2227 4115 2496 4183 probari:
2552 4126 2606 4169 at
2654 4118 2781 4186 quia
2838 4128 3017 4173 vestes
3078 4120 3411 4174 monasticas
3462 4122 3548 4174 in—

1974 4206 2113 4271 duit,
2152 4219 2375 4278 cogetur
2404 4200 2562 4263 suum
2598 4209 2720 4264 vitae
2755 4212 3094 4282 propositum
3132 4216 3426 4282 perlicere;
3460 4215 3547 4267 sin

1975 4312 2104 4351 vero
2175 4298 2279 4352 hoc
2324 4314 2465 4368 aegre
2528 4299 2705 4367 ferat,
2762 4302 3057 4371 punietur,
3118 4314 3177 4358 ut
3205 4303 3291 4357 lex
3333 4302 3465 4359 dicit
3493 4306 3547 4358 in

1970 4390 2154 4458 primo
2188 4390 2366 4454 titulo,
2396 4406 2448 4445 tv
2480 4392 2573 4445 lih.
2610 4392 2878 4458 Quoniam
2932 4402 3113 4448 autent
3168 4394 3348 4448 audivi
3408 4411 3549 4449 non-

301 4482 561 4551 πρόθεσιν
594 4496 610 4511 ο
644 4482 694 4532 εί
735 4480 789 4532 δέ
828 4479 967 4549 πρὸς
999 4479 1158 4531 τοῦτο
1193 4476 1658 4544 ἁποδυσπετήσει,
1694 4491 1858 4543 τιμω-

1978 4482 2159 4536 nullos
2182 4482 2336 4550 queri
2366 4481 2433 4535 de
2462 4482 2754 4552 praefectis,
2789 4483 2881 4552 qui
2920 4483 2987 4537 ad
3040 4485 3184 4552 ipsos
3233 4487 3554 4539 accedentes

301 4572 625 4646 ρηθήσεται,
664 4568 851 4632 καθὼς
883 4571 910 4622 ὁ
938 4569 1101 4639 νόμος
1132 4569 1299 4638 φησὶν
1326 4568 1384 4620 ἐν
1408 4566 1486 4636 τῷ
1505 4562 1552 4617 α’
1595 4564 1758 4633 τίτλῳ
1780 4563 1872 4616 τοῦ

302 4665 341 4721 δ’
376 4665 606 4736 βιϐλίου.
653 4663 807 4717 Ἐπεὶ
827 4664 883 4713 δὲ
927 4660 1141 4732 ἡκουσά
1162 4676 1324 4712 τινων
1353 4656 1725 4728 μεμφομένων
1749 4656 1875 4717 τοὺς

304 4756 777 4825 καθηγουμένους,
813 4754 935 4817 τοὺς
964 4752 1039 4822 μὴ
1083 4754 1222 4821 μετὰ
1277 4749 1605 4816 δοκιμασίαν
1647 4746 1875 4800 ἀποκεί-

305 4864 504 4920 ροντας
528 4847 658 4908 τοὺς
687 4844 1165 4915 προσερχομένους
1195 4842 1402 4905 αὐτοῖς,
1427 4841 1521 4893 καὶ
1559 4840 1700 4892 κατὰ
1722 4838 1878 4891 τοῦτο

306 4936 741 5009 παραϐαίνοντας
764 4932 966 4987 ὡσανεὶ
997 4932 1088 4985 τὸν
1117 4932 1366 5001 παρόντα
1402 4930 1604 4983 κανόνα
1626 4945 1638 4959 ·
1673 4928 1876 4996 νομίζω

299 5029 473 5085 ὅτιτὸ
514 5033 562 5095 γ’
622 5043 747 5094 κεφ.
784 5022 879 5076 τοῦ
917 5028 964 5077 α’
1014 5021 1195 5074 τίτλον
1244 5020 1335 5073 τοῦ
1390 5017 1430 5072 δ’
1474 5019 1699 5089 βιϐλίου,
1742 5018 1878 5084 ὅπερ

299 5116 421 5172 ἐστὶ
448 5117 488 5169 δ’
535 5115 733 5184 κεφάλ.
758 5113 858 5182 τῆς
882 5108 1000 5184 ρκγ¹
1037 5109 1467 5163 Ἰουστινιανείου
1502 5108 1742 5178 Νεαρᾶς,
1762 5106 1877 5157 λύει

307 5207 404 5261 καὶ
435 5206 497 5258 τὸ
529 5203 772 5258 τοιοῦτον
798 5201 1122 5272 ἀμφίϐολον.
1153 5199 1292 5267 Φησὶ
1321 5199 1430 5268 γάρ
1453 5214 1468 5230 ο
1497 5198 1563 5250 Εἰ
1590 5214 1671 5259 τις
1706 5195 1764 5248 δὲ
1799 5196 1879 5258 είς

307 5296 607 5373 μοναχικὸν
633 5296 748 5367 βίον
777 5294 952 5347 ἐλθεῖν
990 5290 1303 5364 βουληθείη,
1333 5289 1652 5357 κελεύομεν,
1688 5288 1798 5351 ἵνα,
1830 5290 1880 5341 εἰ

304 5388 409 5461 μὲν
438 5386 753 5456 γνώρισμός
779 5386 928 5437 ἐστιν
961 5384 1043 5436 ὅτι
1078 5380 1304 5451 οὐδεμιᾷ
1329 5378 1466 5449 τύχῃ
1516 5378 1821 5443 ὑπόκειται,
1854 5380 1881 5430 ὁ

308 5475 615 5550 ἡγούμενος
648 5472 744 5525 τοῦ
778 5471 1168 5541 μοναστηρίου,
1219 5470 1308 5521 ὅτε
1356 5466 1564 5537 συνίδῃ,
1607 5468 1667 5518 τὴ
1698 5465 1880 5535 σχῆμα

306 5569 462 5638 αὐτῷ
503 5568 764 5637 παράσχῃ
792 5581 807 5596 ·
846 5566 894 5617 εἰ
923 5564 979 5617 δὲ
1009 5564 1093 5631 μῆ
1114 5560 1467 5630 γνωρίζεται,
1500 5562 1549 5611 εί
1594 5560 1880 5629 οίᾳδήποτε

311 5664 599 5716 ὑπόκειται
635 5658 798 5730 τύχῃ,
847 5656 997 5719 ἐντὸς
1030 5656 1198 5725 τριῶν
1240 5653 1507 5706 ἐνιαυτῶν
1540 5652 1615 5722 μὴ
1668 5652 1882 5721 λαμϐά-

298 5772 422 5812 νειν
455 5753 618 5808 αὑτὸν
646 5751 708 5803 τδ
741 5748 1037 5809 μονανικὸν
1089 5748 1299 5814 σχῆμα,
1334 5745 1448 5797 ἀλλ’
1486 5743 1640 5806 ἐντὸς
1680 5742 1774 5796 τοῦ
1807 5745 1882 5795 εί-

1976 4581 2101 4643 post
2134 4574 2484 4643 probationes
2526 4592 2634 4629 non
2680 4577 2926 4639 tondent,
2969 4585 3021 4630 et
3049 4591 3111 4629 ea
3137 4578 3190 4630 in
3224 4593 3280 4630 re
3311 4593 3553 4646 praesen-

1981 4676 2085 4719 tem
2148 4682 2413 4720 canonem
2475 4668 2641 4720 veluti
2702 4668 3213 4736 transgrediuntur;
3250 4669 3554 4729 existimo,

1978 4760 2122 4826 quod
2151 4761 2183 4812 5
2214 4775 2333 4827 cap.
2359 4760 2516 4827 primi
2577 4758 2715 4811 tituli
2740 4798 2755 4822 ,
2811 4774 2861 4811 tv
2895 4758 3015 4822 lib.,
3075 4757 3219 4829 quod
3249 4767 3331 4811 est
3355 4761 3386 4811 4
3428 4774 3551 4823 cap.

1982 4850 2086 4905 123
2134 4849 2426 4903 Iustiniani
2465 4848 2698 4903 Novellae
2724 4889 2738 4912 ,
2778 4849 2883 4903 hoc
2929 4850 3150 4903 dubium
3203 4852 3381 4904 solvit.
3420 4850 3557 4904 Dicit

1980 4941 2123 4996 enim
2150 4959 2162 4995 :
2204 4941 2260 4994 Si
2291 4940 2414 5008 quis
2438 4941 2502 4992 ad
2540 4941 2891 4994 monasticam
2918 4941 3048 4994 velit
3081 4942 3245 4993 vitam
3275 4943 3553 5004 accedere,

1977 5032 2256 5101 jubemus,
2290 5041 2369 5091 ut,
2406 5032 2449 5084 si
2484 5030 2555 5083 sit
2594 5032 2810 5100 quidem
2843 5040 3031 5085 notum
3065 5047 3186 5085 eum
3238 5031 3370 5084 nulli
3432 5046 3557 5084 es~c

1983 5122 2214 5175 fortuna:
2242 5122 2572 5189 subjectum,
2612 5122 2937 5177 monasterii
2967 5124 3280 5193 praefectus,
3316 5124 3538 5192 quando

1982 5213 2087 5268 hoc
2132 5214 2474 5282 cognoverit,
2509 5213 2759 5267 habitum
2786 5214 2865 5268 illi
2914 5212 3151 5284 praebeat
3188 5232 3200 5267 :
3244 5215 3329 5268 sin
3375 5227 3555 5268 autem

1983 5304 2251 5368 nescitur,
2280 5320 2346 5358 an
2387 5303 2479 5357 ulli
2517 5304 2587 5359 sit
2612 5304 2842 5359 fortunae
2872 5305 3155 5375 subjectus
3184 5347 3198 5368 .
3257 5307 3398 5360 intra
3447 5316 3558 5360 tres

1985 5409 2160 5448 annos
2191 5394 2553 5447 monasticum
2590 5394 2833 5447 habitum
2870 5410 2937 5448 ne
2960 5396 3227 5465 accipiat;
3265 5397 3358 5450 sed
3415 5396 3555 5449 intra

1984 5487 2185 5540 dictum
2221 5494 2452 5553 tempus,
2502 5484 2621 5553 ejus
2655 5486 2775 5538 vitae
2804 5488 3246 5541 conversationis
3276 5526 3289 5550 ,
3354 5490 3398 5540 is
3465 5487 3557 5552 qui

1986 5575 2324 5631 monasterio
2354 5588 2571 5644 praeest,
2609 5576 2911 5645 periculum
2970 5578 3159 5641 faciat,
3239 5586 3291 5631 et
3339 5588 3554 5631 cmlera.

1985 5667 2350 5732 Quamobrem
2386 5665 2676 5735 praefectus
2711 5676 2856 5721 recte
2885 5666 3073 5721 tondet
3101 5667 3453 5722 accedentem
3488 5669 3556 5722 ad

1986 5744 2132 5817 eum.
2165 5759 2382 5818 quando
2407 5758 2554 5813 illum
2580 5759 2825 5822 noverit;
2881 5767 2933 5814 et
2975 5759 3224 5825 probatio
3275 5760 3332 5815 ﬁt
3379 5762 3556 5815 solum
