4056 6430
569 359 703 423 1031

1818 358 2100 424 TIIEOD.
2138 362 2230 423 BA
2240 364 2545 428 LSAMON
3656 371 3768 437 103?.

580 515 770 553 corum
795 498 861 553 de
894 498 1091 569 quibus
1124 498 1423 565 dubitatur,
1473 515 1758 555 servorum
1817 499 2034 555 scilicet
2088 511 2128 555 c1

2249 481 2496 548 ρημένου
2528 478 2721 551 χρόνου
2751 479 3143 549 ἀποκειράσοω
3174 478 3276 550 τῆς
3311 478 3497 533 τούτου
3539 481 3769 553 ἀναστροα

570 592 906 657 reliquorum
942 592 1032 660 qui
1064 591 1250 645 eodem
1276 593 1455 660 capite
1484 592 1856 646 continentur.

2254 577 2361 645 φῆς
2393 577 2420 627 6
2447 573 2545 625 τοῦ
2586 570 2956 641 μοναστηρίου
3012 571 3353 641 ἡγούμενος·
3404 573 3494 627 καὶ
3540 573 3602 626 τὰ
3644 572 3769 644 ἑξῆς.

564 682 732 734 Ὥστε
765 683 943 745 καλῶς
980 686 1007 736 6
1034 683 1440 753 καθηγούμενος
1479 682 1772 755 ἁποκείρῃ,
1824 686 1911 737 ὅτε
1946 681 2152 754 συνίδῃ,
2191 676 2281 731 τὸν
2313 667 2679 742 προσελθόντα
2708 664 2858 733 αὖτῷ
2902 681 2915 694 ⁹
2945 664 3118 733 καῖίῆ
3153 663 3441 731 δ’)κιμασίι
3487 665 3673 731 γίνεται
3708 672 3772 732 εἷς

564 780 763 847 μύνους
792 779 917 840 τοὺς
939 779 1294 847 ἀμφιϐόλους,
1325 778 1544 841 δούλους
1568 780 1752 849 τυχὸν,
1783 781 1877 833 καὶ
1909 777 2127 839 λοιποὺς
2164 772 2245 843 τῷ
2278 767 2429 837 αὑτῷ
2456 762 2736 832 κεφαλαίῳ
2771 759 3217 831 περιεχομένους·

628 868 786 939 341
813 868 1064 923 ZONAlt.
1098 868 1381 924 Neminem
1434 870 1523 924 hic
1555 886 1679 924 can.
1723 870 1826 924 nisi
1865 869 2019 940 prius
2054 884 2146 922 ex-

560 964 866 1027 perimento
915 964 1207 1031 probatum
1233 1004 1248 1024 ,
1277 963 1492 1018 tonderi
1520 963 1674 1017 sinit.
1699 960 1933 1028 Quidam
1968 959 2141 1025 enim,

561 1052 761 1120 inquit.
794 1068 921 1107 sese
957 1054 1255 1108 temerario
1289 1054 1501 1124 impetu
1538 1055 1593 1108 in
1646 1054 2012 1109 monasticam
2054 1052 2140 1106 vi-

567 1152 677 1196 tam
740 1145 1117 1214 projieientes,
1154 1146 1257 1200 hoc
1305 1155 1409 1211 est,
1448 1162 1555 1200 non
1608 1146 1823 1216 judicio
1870 1144 2137 1208 adhibito,

562 1240 658 1287 sed
719 1235 1034 1290 inconsulte
1072 1252 1300 1306 prorsus
1333 1237 1387 1290 in
1430 1236 1484 1291 id
1537 1238 1660 1290 vita:
1710 1252 1884 1307 genus
1934 1237 2141 1289 immit-

563 1336 769 1381 tentes.
808 1327 878 1382 Ut
909 1329 1054 1381 enim
1098 1343 1185 1381 res
1222 1329 1467 1396 projects
1501 1345 1604 1382 non
1637 1328 1946 1397 composite
1972 1327 2139 1397 jacet,

567 1420 662 1471 sed
697 1427 754 1470 ut
785 1421 983 1473 accidit
1019 1436 1032 1471 :
1073 1422 1155 1473 sic
1194 1429 1249 1473 et
1284 1420 1363 1474 illi
1417 1431 1677 1486 tanquam
1737 1418 1968 1488 projecti
2017 1419 2142 1486 qui-

564 1512 687 1563 dam
731 1511 982 1564 homines
1015 1520 1161 1567 sont.
1200 1511 1482 1579 vitamque
1515 1511 1662 1563 nulla
1698 1510 2001 1565 honestatis
2045 1520 2139 1563 aut

564 1605 779 1656 ordinis
814 1605 995 1655 habita
1032 1604 1247 1656 ratione
1287 1606 1600 1656 traducunt.
1637 1601 1960 1657 Deficientes
1991 1618 2142 1656 nam-

563 1711 675 1763 qtte
706 1694 910 1758 animo,
946 1702 1000 1747 ct
1038 1695 1355 1748 monastij
1386 1695 1691 1763 disciplina
1743 1695 2025 1764 asperitati
2074 1710 2139 1748 ac

563 1786 843 1840 laboribus
876 1786 1323 1848 succumbentcs,
1362 1786 1430 1841 ad
1473 1788 1639 1841 vitam
1678 1787 1896 1841 mollem
1945 1802 2138 1843 rursus

561 1878 1031 1948 voluptariamque
1084 1874 1455 1932 revertuntur.
1500 1878 1871 1944 Quamobrem
1917 1880 2034 1934 haec
2082 1880 2137 1935 in

561 1980 842 2039 posterum
900 1987 968 2024 ne
1023 1970 1174 2035 fiant,
1228 1972 1450 2025 triennii
1513 1972 1691 2040 spatio
1740 1973 1983 2043 synodus
2021 1987 2135 2039 eos,

561 2064 654 2131 qui
693 2063 758 2115 ad
796 2064 1156 2117 monasticam
1196 2063 1366 2117 vitam
1415 2068 1776 2129 accesserint,
1823 2066 2136 2135 probandos

560 2168 685 2206 esse
714 2152 986 2206 decernit.
1020 2154 1097 2206 Ac
1144 2153 1189 2208 si
1241 2153 1463 2220 quidem
1507 2160 1617 2206 tam
1673 2154 1819 2224 longi
1871 2157 2137 2225 temperis

555 2243 935 2312 experimento
969 2245 1181 2313 probati
1214 2256 1541 2316 appareant,
1574 2261 1743 2316 seque
1776 2248 1996 2316 dignos,
2041 2249 2133 2317 qui

558 2332 624 2382 ad
660 2332 791 2385 illud
824 2334 948 2387 vitae
1004 2348 1178 2402 genus
1229 2334 1617 2396 admittantur,
1670 2334 1986 2396 ostendant,
2020 2342 2132 2386 tum

557 2421 775 2475 demum
834 2423 1081 2476 habitum
1134 2424 1245 2477 illis
1307 2423 1675 2479 monasticum
1742 2424 1893 2493 (nisi
1951 2424 2134 2494 gravis

559 2515 850 2581 aegritudo,
893 2530 955 2566 ex
992 2530 1099 2582 qua
1132 2517 1256 2569 vita:
1298 2531 1519 2584 quoque
1577 2515 1878 2583 periculum
1923 2515 2133 2582 itnpcn-

554 2606 704 2668 deat,
735 2605 918 2659 tnedio
964 2606 1054 2658 illo
1090 2616 1335 2675 tempore
1374 2605 1772 2674 sopervenerit,
1823 2615 1956 2659 tunc
1986 2606 2131 2659 enim

555 2694 810 2751 contrahi
848 2696 1192 2765 probationis
1222 2697 1460 2765 spatium
1504 2695 1713 2765 licebit)
1746 2696 1975 2750 concedi
2017 2696 2133 2765 pla-

554 2796 669 2841 cet.
698 2785 854 2853 Quod
893 2788 936 2840 si
971 2797 1151 2841 tamen
1203 2788 1284 2840 vir
1324 2788 1525 2857 aliquis
1564 2789 1833 2858 religione
1876 2798 2129 2853 ornatus,

551 2880 755 2948 quique
786 2880 929 2933 inter
962 2879 1145 2933 saeculi
1181 2878 1372 2933 turbas
1406 2881 1802 2932 monachorum
1850 2894 2000 2933 more
2052 2880 2131 2932 vi-

2314 861 2562 918 ΖΩΝᾹΡ.
2596 858 2656 911 '0
2681 855 2871 923 παρὼν
2897 852 3078 907 κανὼν
3099 852 3288 906 οὐδένα
3307 852 3548 923 βούλεται
3575 855 3770 908 ἀποκείο

2243 954 2457 1026 ρεσθαι,
2490 952 2619 1021 πρὶν
2674 950 2708 1020 ἦ
2750 946 2996 1018 δοκίμιον
3032 944 3229 999 ἑαυτοῦ
3269 943 3447 998 δώσει.
3491 946 3635 1007 Τινὲς
3662 946 3770 1015 γὰρ,

2240 1049 2398 1117 φησὶ,
2430 1040 2720 1114 προπετῶς
2743 1042 2820 1102 εἰς
2844 1038 2934 1091 τὸν
2959 1036 3250 1107 μοναχικδν
3274 1037 3387 1106 βίον
3413 1036 3626 1099 ἑαυτοὺς
3647 1038 3775 1107 ἐπιρο

2240 1140 2556 1210 ῥίπτοντες,
2586 1135 2708 1189 ἀντὶ
2746 1132 2839 1187 τοῦ
2899 1133 2959 1185 οὐ
2998 1131 3137 1201 μετὰ
3169 1130 3422 1200 κρίσεως,
3463 1129 3570 1182 ἀλλ’
3598 1125 3775 1199 ἀπροσ-

2238 1231 2412 1292 έκτως
2480 1223 2856 1286 είσωθοῦντες.
2895 1222 3107 1289 Ὠσπερ
3139 1222 3248 1291 γὰρ
3278 1220 3338 1272 τὸ
3374 1220 3679 1290 ῥιπτόμενον
3696 1223 3778 1272 οὐκ

2239 1322 2550 1389 εὐκόσμως,
2581 1316 2718 1381 ἀλλ’,
2748 1315 2823 1377 ὡς
2856 1314 3034 1383 ἔτυχε,
3061 1316 3238 1366 κεῖται
3260 1327 3274 1341 ⁵
3307 1310 3447 1363 οὕτω
3470 1312 3694 1363 κάκεῖνοι
3718 1309 3778 1370 ὡς

2240 1410 2569 1482 ἐρριμμένοι
2611 1408 2741 1472 εἰσὶ,
2777 1406 2871 1458 καὶ
2930 1405 2991 1457 ού
3062 1402 3204 1456 κατά
3246 1402 3450 1471 κόσμον
3507 1402 3596 1453 καὶ
3652 1398 3781 1462 τάξιν

2236 1502 2540 1567 διάγουσιν.
2584 1497 3056 1568 Ἀπαγορεύοντες
3094 1496 3204 1566 γὰρ
3236 1494 3374 1565 πρὸς
3402 1492 3463 1545 τδ
3509 1493 3670 1562 τραχὺ
3705 1492 3778 1544 καὶ

2241 1594 2502 1645 ἐπίπονον
2534 1590 2637 1658 τῆς
2659 1589 2970 1656 ἀσκήσεως,
3005 1587 3167 1639 πάλιν
3200 1587 3296 1638 ἐπὶ
3342 1586 3435 1638 τὸν
3490 1585 3781 1652 φιλόσαρκον

2243 1684 2338 1738 καὶ
2359 1682 2641 1753 φιλήδονον
2678 1679 2792 1749 βίον
2812 1672 3419 1748 ὲπαναστρέφουσι.Ἁιὸ
3436 1674 3521 1729 ἵνα
3551 1674 3620 1743 μὴ
3639 1674 3781 1726 ταῦτα

2240 1778 2524 1847 γίνωνται,
2560 1774 2761 1843 ὥρισεν
2793 1774 2825 1843 ἡ
2874 1771 3092 1834 σύνοδος
3127 1772 3216 1823 ἐπὶ
3254 1770 3499 1839 τριετίαν
3530 1767 3785 1838 δοκιμάζε-

2242 1869 2365 1923 σθαι
2399 1868 2525 1931 τοὺς
2551 1863 3022 1937 προσερχομένους
3052 1863 3144 1914 ἐπὶ
3168 1861 3245 1933 τῷ
3274 1861 3529 1931 μονάσαι.
3562 1861 3664 1913 Καὶ
3680 1859 3783 1911 ὅταν

2238 1961 2327 2013 διὰ
2354 1959 2450 2013 τοῦ
2508 1957 2767 2011 τοσούτου
2808 1948 3002 2026 χρόνου
3041 1954 3171 2006 δῶσι
3214 1957 3417 2023 πεῖραν
3462 1952 3683 2013 ἑαυτῶν,
3712 1948 3786 2003 καὶ

2238 2051 2455 2121 δόκιμοι
2492 2049 2704 2119 φανῶσι
2741 2048 2836 2100 καὶ
2862 2046 3001 2110 ἄξιοι
3040 2045 3135 2098 τοῦ
3188 2043 3491 2114 μοναχικοῦ
3521 2042 3656 2114 βίου,
3686 2041 3785 2095 τότε

2235 2142 2330 2195 τοῦ
2363 2128 2637 2212 σχήματος
2671 2139 2869 2201 αὐτοὺς
2892 2136 3192 2202 ἀξιοῦσθαι,
3229 2138 3278 2188 εί
3309 2136 3385 2206 μή
3415 2136 3517 2189 πού
3546 2152 3625 2198 τις
3656 2136 3708 2186 ὲν
3725 2131 3789 2201 τῷ

2240 2231 2392 2300 μέσῳ
2420 2228 2663 2299 συμϐαίη
2692 2227 2889 2298 βαρεῖα
2915 2227 3091 2293 νόσος,
3116 2226 3210 2279 καὶ
3232 2226 3469 2280 θάνατον
3498 2220 3788 2277 ἀπειλοῦσα·

2235 2321 2356 2374 τότε
2386 2323 2494 2390 γὰρ
2533 2324 2560 2373 6
2587 2320 2687 2389 τῆς
2718 2318 3048 2388 δοκιμασίας
3080 2318 3273 2386 καιρὸς
3305 2316 3714 2385 συσταλήσεται.
3739 2310 3791 2365 El

2234 2412 2292 2466 δέ
2316 2430 2396 2475 τις
2438 2412 2581 2482 ἀνὴρ
2628 2409 2900 2482 προσέλθῃ
2939 2409 3193 2480 εὐλαϐὴς,
3251 2409 3352 2462 καὶ
3416 2409 3474 2460 ὲν
3506 2408 3580 2477 τῷ
3631 2405 3791 2472 κόσμῳ

2234 2507 2375 2577 κθατά
2411 2505 2676 2576 μοναχοὺς
2737 2503 2868 2568 ζῶν,
2920 2503 3015 2555 καὶ
3050 2502 3206 2573 δῆλος
3250 2503 3510 2577 κάκεῖνος
3555 2496 3608 2574 ᾖ,
3642 2495 3792 2552 καὶτδ

2236 2597 2480 2667 θεοφιλὲς
2504 2597 2601 2666 τῆς
2629 2594 2794 2650 αὑτοῦ
2830 2594 3036 2664 βιοτῆς,
3069 2593 3386 2664 τηνικαῦτα
3407 2595 3488 2657 είς
3517 2593 3793 2659 ἀπόπειραν

2236 2690 2401 2742 αὐτοῦ
2434 2691 2526 2742 καὶ
2556 2687 2885 2758 δοκιμασίαν
2909 2688 2943 2757 ἡ
2974 2686 3190 2749 σύνοδος
3217 2687 3501 2754 ἀρκοῦντα
3536 2682 3795 2756 ἐδοκίμασε

2232 2785 2322 2836 τὸν
2361 2782 2716 2853 ἑξαμηνιαῖον
2748 2780 2958 2850 χρόνον.
3004 2779 3146 2834 Ἀλλ’
3177 2778 3315 2835 ἔνιοι
3365 2784 3480 2835 τῶν
3509 2781 3796 2854 ἡγουμένων

2231 2876 2349 2928 νυνὶ
2385 2876 2454 2927 τὰ
2483 2876 2662 2928 οἰκεῖα
2697 2873 2979 2943 θελήματα
3010 2874 3118 2943 πρὸ
3142 2872 3251 2926 τῶν
3300 2875 3551 2928 κανόνων
3579 2873 3796 2926 τιθέασι⁸

552 2979 663 3023 tam
702 2983 849 3039 agat,
889 2970 979 3039 qui
1008 2980 1064 3025 et
1095 2971 1213 3039 ipse
1246 2970 1524 3039 cognitus,
1561 2977 1614 3023 et
1640 2971 1847 3039 pietate
1876 2970 1950 3025 sit
1976 2986 2126 3040 egre-

2234 2968 2324 3020 καὶ
2353 2969 2480 3029 τοὺς
2514 2967 2612 3036 μὲν
2646 2965 2771 3035 ἄρτι
2803 2964 3256 3033 ἐπιδημήσαντας
3305 2966 3513 3021 αὐτίκα
3562 2964 3798 3033 κείρουσι,

549 3061 636 3129 gie
670 3074 982 3131 perspecta,
1040 3061 1444 3114 monachorum
1497 3059 1810 3115 institutum
1865 3063 2125 3132 amplecti

547 3152 700 3217 velit,
730 3152 796 3204 ad
825 3152 943 3223 ejus
975 3152 1412 3222 experimentum
1449 3166 1513 3205 ac
1558 3152 1935 3221 probationem
1992 3155 2124 3209 satis

548 3244 770 3312 longum
830 3261 924 3299 sex
981 3246 1256 3298 mensium
1311 3245 1659 3298 intervallum
1719 3247 1961 3315 synodus
2002 3262 2126 3302 esse

550 3334 877 3389 declaravit.
905 3336 1013 3390 Sed
1064 3352 1213 3391 nunc
1259 3337 1477 3406 quidem
1527 3337 1909 3407 praefectorum
1955 3339 2122 3407 aliqui

552 3428 893 3481 voluntatum
951 3443 1173 3481 suarum
1226 3429 1407 3484 studia
1464 3430 1783 3483 auctoritati
1847 3445 2118 3484 canonum

547 3525 927 3585 anteponunt;
967 3532 1033 3571 ac
1081 3518 1223 3572 alios
1278 3519 1497 3586 quidem
1560 3520 1708 3575 illico
1748 3520 2120 3581 advenientes.

547 3603 688 3657 alios
723 3604 910 3673 paucis
941 3603 1248 3674 interjectis
1278 3606 1495 3671 diebus,
1547 3613 1603 3660 et
1638 3620 1769 3660 vero
1801 3606 1973 3661 totius
2008 3622 2123 3660 mo-

546 3696 770 3750 nasticae
806 3696 1166 3765 professionis
1213 3699 1437 3768 ignaros
1471 3696 1821 3751 dezondent:
1878 3713 1977 3753 nec
2024 3714 2120 3754 eos

545 3790 737 3842 saltem
789 3804 962 3857 paena:
1020 3804 1050 3843 a
1086 3804 1298 3844 canone
1332 3789 1549 3843 inflictae
1584 3795 1763 3845 metus
1796 3789 1866 3845 ab
1902 3789 2116 3859 impetu

2231 3065 2358 3121 τοὺς
2381 3059 2436 3111 δὲ
2461 3058 2598 3127 μετά
2622 3057 2883 3129 βραχείας
2907 3056 3141 3125 ἡμέρας,
3170 3057 3275 3110 καὶ
3299 3057 3480 3111 ταῦτα
3513 3054 3802 3127 ἀνθρώπους

2232 3149 2343 3203 οὐδ’
2368 3150 2395 3202 ὅ
2425 3168 2478 3203 τι
2500 3150 2617 3202 ἐστὶ
2646 3149 2707 3201 τὸ
2738 3148 3034 3218 μοναχικὸν
3062 3148 3280 3210 είδότας
3332 3151 3658 3219 ἐπάγγελμα
3678 3162 3691 3176 ο
3723 3145 3799 3197 καὶ

2232 3240 2355 3293 οὐδὲ
2382 3241 2443 3291 τὸ
2475 3239 2747 3309 ἐπιτίμιον
2774 3238 2867 3291 τοῦ
2897 3238 3121 3302 κανόνος
3155 3239 3489 3295 ἀναστέλλει
3513 3239 3700 3300 αὐτοὺς
3719 3236 3799 3302 τῆς

2230 3333 2425 3399 ἀλόγου
2449 3331 2629 3401 όρμῆς
2653 3330 2855 3393 αὐτῶν,
2885 3331 3023 3400 ὅπερ
3056 3331 3173 3383 ἐστὶ
3214 3334 3315 3402 τῆς
3340 3330 3701 3404 ἡγουμενείας
3727 3325 3801 3378 ἐκ·

2233 3441 2460 3486 πτωσις,
2489 3422 2583 3475 καὶ
2614 3424 2694 3485 είς
2720 3422 3000 3493 ὑποταγὴν
3026 3418 3181 3485 αὖθις
3213 3422 3548 3495 ἀναστροφὴ
3586 3419 3669 3475 διὰ.
3693 3434 3802 3472 παι-

2229 3517 2379 3568 δείαν
2410 3517 2508 3583 τῆς
2536 3513 2780 3577 ἀταξίας.
2827 3514 2930 3567 Τὸν
2965 3515 3018 3567 δὲ
3060 3514 3312 3584 ἀκρίτως
3364 3517 3675 3587 μονάσαντα
3726 3508 3805 3563 καὶ

2229 3605 2381 3677 παρά
2411 3606 2504 3658 τὸν
2530 3606 2862 3675 τεταγμένον
2891 3606 3084 3677 καιρὸν
3106 3609 3132 3660 6
3161 3608 3355 3661 κανὼν
3402 3607 3486 3669 εἰς
3520 3606 3706 3675 ἑτέραν
3730 3613 3806 3655 κε-

2227 3696 2373 3750 λεύει
2398 3696 2568 3768 μονὴν
2594 3697 2985 3769 παραδίδοσθαι
3019 3701 3334 3770 μοναχικὴν
3366 3696 3649 3769 τηροῦσαν
3670 3689 3807 3761 ἀκρί-

2226 3788 2397 3843 δειαν.

551 3880 846 3934 temerario
880 3872 1149 3945 deterret;
1181 3896 1303 3949 quae
1332 3880 1552 3949 quidem
1585 3892 1673 3938 est
1714 3883 1851 3949 haec,
1911 3891 1969 3937 ut
2010 3880 2299 3953 pra-fectus
2358 3878 2684 3949 prtefectura
2732 3879 2946 3934 excidat
2972 3917 2988 3944 ,
3078 3893 3405 3952 rursusque
3494 3879 3565 3935 ad
3648 3872 3797 3930 casti-

548 3974 780 4039 gandam
836 3973 1197 4041 petulantiam
1265 3972 1589 4028 obcdientia:
1674 3976 1982 4032 addicatur.
2042 3976 2146 4041 Qui
2223 3988 2355 4029 vero
2393 3973 2790 4027 monachorum
2842 3971 3043 4031 ordini.
3102 3972 3260 4028 nullo
3314 3974 3543 4029 delectu
3602 3969 3790 4031 habito,

547 4076 651 4115 nec
696 4068 1017 4129 exspectato
1071 4070 1377 4130 temporum
1417 4062 1729 4131 intervallo,
1789 4066 2103 4136 adscriptus
2143 4073 2248 4131 est,
2290 4066 2346 4119 in
2380 4063 2529 4118 aliud
2564 4064 2984 4132 monasterium,
3057 4067 3115 4119 in
3158 4079 3279 4134 quo
3348 4064 3665 4136 disciplinae
3715 4060 3763 4115 di

549 4151 725 4222 Iigens
775 4153 1090 4208 observatio
1135 4153 1337 4223 vigeat,
1394 4170 1574 4211 canon
1626 4161 2112 4217 transmittendum
2155 4175 2277 4216 esse
2304 4159 2575 4215 decernit.

545 4242 775 4300 AltlST.
810 4262 829 4295 ι
861 4243 1032 4298 Nemo
1058 4245 1370 4301 monastico
1395 4246 1583 4303 habitu
1607 4250 1808 4321 dignus
1832 4251 2120 4315 habeatur,

619 4356 638 4390 ι
678 4339 786 4392 nisi
817 4339 910 4408 qui
953 4338 1196 4393 triennio
1228 4341 1514 4410 probatus,
1567 4333 1777 4414 dignus
1820 4354 2115 4413 appareat;

618 4536 638 4570 ι
678 4520 793 4574 rit:
830 4520 896 4574 ad
926 4520 1207 4577 hominem
1240 4539 1371 4579 vero
1420 4524 1597 4592 pium,
1628 4534 1683 4578 et
1720 4525 2115 4579 monachorum

618 4626 638 4660 ι
679 4624 831 4665 more
856 4624 915 4664 se
945 4622 1250 4681 gerentem,
1287 4622 1561 4667 semestre
1590 4612 1828 4680 spatium
1861 4613 2115 4669 sufficiet.

622 4718 643 4753 ι
684 4699 743 4755 Si
802 4703 931 4771 quid
1000 4713 1184 4759 autem
1249 4712 1449 4772 printer
1508 4703 1622 4757 hac
1674 4703 1878 4758 factum
1928 4705 2116 4772 fuerit,

615 4812 635 4843 ‹
681 4794 979 4864 praefectus
1010 4796 1230 4865 quidem
1268 4793 1601 4865 praefectura
1656 4797 1897 4863 excidet,
1956 4806 2011 4853 et
2055 4798 2110 4854 in

614 4903 636 4938 ι
674 4886 1070 4955 subjectionem
1103 4886 1463 4953 detrudetur;
1503 4889 1806 4944 monachus
1832 4902 2014 4946 autem
2054 4891 2109 4946 in

612 4995 633 5031 ι
670 4987 990 5034 accuratum
1024 4978 1420 5034 monasterium
1449 4982 1873 5037 transmittetur.
1909 5000 1929 5034 ι

1141 5068 1372 5125 CANON
1412 5069 1500 5124 Vl.

544 5174 567 5211 ι
605 5156 855 5214 Monacht
912 5160 1050 5216 nihil
1096 5161 1297 5217 debent
1350 5161 1551 5215 habere
1609 5162 1890 5233 proprium
1940 5178 1957 5216 :
2012 5164 2110 5219 sed

616 5264 639 5299 ι
683 5248 867 5305 omnia
901 5265 1093 5307 eorum
1125 5250 1466 5307 monasterio
1504 5252 1921 5309 adscribuntur.
1968 5252 2113 5309 Dicit

2225 4251 2453 4317 ΑΡΙΣΤ.
2486 4269 2505 4302 ι
2536 4250 2745 4320 Μηδεὶς
2791 4248 3062 4314 ἀξιούσθω
3107 4246 3206 4302 τοῦ
3265 4252 3577 4324 μοναχινοῦ
3616 4251 3809 4322 axina-

2307 4359 2326 4393 ι
2366 4359 2476 4405 τος,
2498 4342 2547 4394 εί
2577 4341 2677 4413 μὴ,
2705 4340 2797 4395 ἐπὶ
2826 4341 3067 4412 τριετίαν
3096 4340 3500 4412 δοκιμασθεὶς,
3525 4344 3674 4410 ἄξιος
3699 4342 3812 4395 ἀνα·

619 4447 637 4480 ι
677 4430 785 4483 nisi
830 4430 1017 4499 gravis
1050 4429 1283 4486 forsitan
1319 4433 1551 4487 morbus
1580 4442 1796 4502 tempus
1829 4443 2118 4488 contraxe-

2302 4450 2321 4485 ι
2362 4433 2560 4504 φανείη
2605 4448 2622 4465 ·
2686 4430 2829 4502 πλὴν
2857 4434 2905 4485 εί
2936 4432 3014 4503 μὴ
3044 4430 3245 4502 βαρεῖα
3288 4436 3457 4502 νόσος
3494 4437 3591 4489 τὸν
3643 4433 3813 4504 χρόνον

2302 4541 2322 4576 ι
2363 4525 2663 4577 συστείλειε
2702 4539 2719 4557 ο
2745 4524 2842 4577 καὶ
2889 4525 2968 4586 είς
3002 4523 3170 4594 ἄνδρα
3202 4524 3264 4578 δὲ
3298 4527 3545 4599 εὐλαϐῆ,
3572 4528 3667 4581 καὶ
3692 4520 3815 4578 κατὰ

2298 4634 2317 4667 ι
2362 4617 2632 4687 μοναχοὺς
2655 4616 2859 4683 ζῶντα,
2887 4616 3115 4686 ἀρκέσει
3140 4617 3170 4668 6
3200 4618 3590 4691 ὲξαμηνιαίος
3615 4619 3813 4691 χρόνος.

2300 4723 2320 4759 ι
2365 4709 2426 4760 Et
2449 4708 2506 4761 δὲ
2537 4709 2690 4780 παρά
2709 4707 2867 4762 τοῦτο
2896 4709 3144 4778 γένηται,
3184 4710 3535 4768 ἐκπεσεῖται
3597 4712 3697 4785 μὲν
3731 4707 3816 4777 τῆς

2300 4816 2319 4852 ι
2360 4800 2725 4870 ήγουμενείας
2776 4801 2804 4852 6
2858 4798 3189 4871 ἡγούμενος,
3240 4804 3349 4856 καὶ
3409 4806 3499 4870 είς
3556 4799 3818 4869 ὑποταγὴν

2295 4906 2314 4940 ι
2353 4884 2506 4942 ἕσται
2531 4905 2544 4920 ο
2579 4888 2687 4942 όδὲ
2717 4889 2960 4958 μονόισας
3008 4892 3090 4953 είς
3132 4892 3385 4965 ἀκριϐὲς
3458 4896 3815 4969 μοναστήριον

2293 4998 2313 5033 ι
2354 4979 2810 5052 ἁπενεχθήσεται.
2852 4999 2871 5032 ι

2813 5074 3056 5128 ΚΑΝΩΝ
3094 5074 3188 5143 (τ’.

2223 5185 2241 5220 ι
2281 5164 2346 5218 Οἱ
2375 5164 2600 5234 μοναχοὶ
2633 5165 2787 5218 οὐδὲν
2817 5166 2947 5219 ῐδιον
2974 5167 3089 5238 (51)
3126 5167 3472 5236 ὀφείλουσιν
3508 5173 3677 5246 ἔχειν·
3703 5169 3819 5225 πᾶν·

2290 5274 2309 5308 ι
2354 5272 2424 5310 τα
2455 5255 2512 5308 δὲ
2540 5256 2609 5309 τὰ
2641 5256 2822 5310 αὐτῶν
2843 5259 3306 5330 προσκληροῦται
3333 5265 3420 5337 τῷ
3452 5261 3815 5338 μοναστηρίῳ.

1784 5416 1968 5479 Guill.
1999 5418 2322 5499 Beveregu
2366 5428 2555 5483 notae.

615 5577 729 5649 (5|)
780 5580 845 5633 Οἱ
889 5578 1145 5648 μοναχοὶ
1176 5579 1380 5652 κούδὲν·
1424 5580 1602 5635 ῑδιον.
1664 5580 2107 5652 llarmenopulus

538 5647 691 5721 hunc
712 5647 985 5703 ’canonetn
1021 5652 1075 5703 in
1103 5651 1389 5721 epitometr
1424 5653 1507 5704 sic
1528 5652 1769 5721 redegit,
1798 5653 1828 5703 6
1858 5647 2096 5721 potam

537 5719 857 5790 βουλόμενος
904 5721 1031 5790 περὶ
1064 5720 1172 5772 τῶν
1198 5719 1394 5790 ἑαυτοῦ
1432 5720 1701 5790 πρότερον
1738 5719 2091 5778 διατίθέσθω.

535 5788 689 5840 Μετὰ
723 5788 830 5858 γὰρ
864 5791 923 5843 τὸ
955 5788 1206 5859 μονάσαι,
1235 5788 1345 5843 τῶν
1375 5789 1541 5842 αὐτοῦ
1565 5788 1783 5846 πάντων
1814 5792 2098 5862 κυριεύσει

2218 5585 2279 5669 τδ
2310 5586 2697 5663 μοναστήριον.
2743 5587 2984 5669 Είδέιτις
3016 5590 3274 5669 μοναχδς
3301 5599 3606 5669 φωραθείη
3641 5602 3703 5652 ὲκ
3728 5594 3820 5647 τῶν

2217 5654 2387 5740 αὑτοῦ
2419 5672 2471 5740 τι
2487 5654 3035 5740 βάρυςποιξρατῄσας,
3069 5654 3266 5740 αὐτὸς
3290 5654 3418 5734 ρξὲᾷ
3440 5654 3821 5740 προσὴκόντωξ

2210 5723 2597 5808 ξπιτιμάσθωδ
2647 5723 2825 5808 έκεῖνο
2865 5723 2923 5779 δὲ
2956 5730 3109 5799 παρά
3152 5723 3268 5808 τοῦ
3290 5723 3710 5808 Ῑπροεσεὶῶτόςῆ
3735 5723 3821 5808 τοῦ

2211 5793 2517 5848 ἐπισκόπου
2542 5797 2996 5865 πιπρασκόμενον
3030 5793 3301 5865 summi;
3340 5793 3448 5860 καὶ
3482 5793 3710 5869 ἀπόοόιέ
3730 5806 3827 5858 δια-

3945 1646 3951 1857 t

3951 2638 3960 3043 l

3957 3066 3959 3097 l

3954 3118 3959 3185 l

3950 3192 3956 3431 ι

3960 4638 3961 4727 l
