4056 6394
646 252 782 320 1035

1925 254 2197 314 ΤΙῘΕΟΠ.
2241 251 2638 312 BALSAMON

3686 254 3790 318 1038

644 381 931 421 tonsuram
987 365 1091 419 hoc
1149 380 1258 420 non
1321 366 1549 432 fecerit,
1588 366 1681 421 sed
1747 374 1939 421 tonsus
1975 365 2181 419 fuerit:

2261 402 2269 424 ι
2299 367 2498 437 ῄρηται
2524 366 2586 431 ἐξ
2627 363 2813 430 αὑτοῦ,
2839 364 2904 417 τὰ
2930 365 2985 417 δὲ
3013 365 3315 434 πράγματα
3349 364 3529 418 τούτου
3556 366 3626 438 τῷ
3669 389 3792 440 μονα.

638 457 961 527 disponendi
1013 457 1234 526 quidem
1297 458 1531 513 facultas
1594 459 1670 513 illi
1721 458 1900 512 ablata
1953 466 2070 521 est,
2110 472 2196 510 res

638 560 819 604 autem
853 549 973 618 ejus
1001 551 1067 603 ad
1089 552 1494 610 monasterium
1531 553 1828 621 pertinent.
1860 551 1914 603 Si
1948 551 2074 618 quis
2100 565 2194 602 au-

642 653 770 705 tem,
810 653 1000 694 contra
1038 657 1102 695 ac
1133 657 1346 696 canone
1370 643 1708 705 continetur,
1755 653 2045 713 postquam
2083 655 2200 694 mo-

635 733 846 788 nachus
889 733 1066 787 factus
1123 733 1310 798 fuerit,
1365 734 1573 803 aliquid
1631 750 1696 788 ex
1750 735 1820 789 iis
1870 733 2033 786 rebus
2090 731 2230 785 sibi-

638 827 892 894 privatim
948 828 1192 880 tribuere
1245 837 1476 881 conatus
1528 825 1744 892 fuerit,
1813 828 1914 879 hoc
1977 823 2193 894 quidem

635 919 926 986 praefectus
984 919 1067 973 vel
1124 919 1418 988 episcopus
1467 919 1713 986 recipiat,
1771 927 1827 972 et
1884 916 2083 970 vendat
2141 915 2193 968 in

635 1012 930 1064 multorum
963 1011 1250 1065 hominum
1304 1012 1622 1078 praesentia,
1676 1020 1732 1063 nt
1787 1013 1860 1066 sit
1919 1010 1987 1063 ab
2040 1009 2191 1064 omni

635 1102 911 1154 calumnia
965 1100 1502 1170 et‘reprchensione
1553 1111 1794 1154 remotus
1842 1107 1898 1154 et
1960 1100 2192 1167 pretium

637 1194 969 1264 pauperibus
996 1195 1225 1248 dividat.
1249 1192 1554 1249 Monachus
1579 1205 1781 1256 autem,
1809 1194 1902 1262 qui
1931 1194 1996 1246 ad
2026 1192 2192 1245 Deum

632 1287 964 1356 pertinentia
998 1287 1360 1354 subripucrit,
1394 1301 1543 1340 more
1569 1285 1717 1340 illius
1757 1283 1999 1345 Ananiae,
2032 1298 2192 1353 poma

633 1377 1018 1444 t-astigabitur.
1058 1375 1185 1429 Haec
1217 1391 1340 1428 cum
1386 1377 1644 1430 decernat
1688 1392 1889 1440 canon,
1940 1376 2196 1428 dixerunt

630 1470 850 1537 quidam
910 1470 995 1522 his
1044 1484 1348 1538 repugnare
1405 1483 1526 1536 cap.
1571 1469 1601 1520 7
1634 1471 1715 1522 tit.
1752 1471 1773 1521 1
1832 1469 1926 1522 lib.
1963 1485 2013 1520 tv
2043 1467 2195 1522 Busi-

629 1561 723 1614 lic.
752 1562 895 1629 quod
944 1570 1029 1614 est
1073 1561 1141 1615 58
1196 1576 1318 1630 cap.
1355 1561 1457 1614 125
1501 1560 1794 1614 Justiniani
1843 1561 2090 1624 novella),
2139 1570 2192 1613 et

630 1655 712 1705 sic
740 1653 902 1709 dicit:
937 1651 992 1704 Si
1021 1663 1202 1706 autem
1236 1655 1321 1705 vir
1350 1654 1429 1706 vel
1459 1653 1654 1707 mulier
1705 1653 1868 1705 vitam
1918 1632 2181 1706 monasti-

629 1761 748 1798 cam
780 1747 1024 1814 elegerit,
1075 1755 1130 1800 et
1183 1749 1580 1801 monasterium
1643 1761 1749 1799 non
1795 1746 2190 1800 exsistentibus

628 1840 818 1893 liberis
854 1841 1140 1908 ingressus
1186 1841 1278 1931 sit,
1327 1840 1396 1893 ad
1448 1840 1865 1904 monasterium,
1920 1839 2067 1908 quod
2109 1841 2192 1892 in-

559 1965 562 1968 .
625 1945 848 1999 gressus
879 1940 978 1992 est,
1008 1945 1094 1984 res
1119 1927 1239 1997 ejus
1272 1929 1544 1996 pertinere
1569 1927 1859 1995 jubemus:
1889 1929 1974 1979 sin
2007 1935 2188 1979 autem

627 2033 688 2072 ea
719 2033 950 2088 persona
983 2019 1180 2073 liberos
1215 2019 1438 2082 habeat,
1466 2027 1521 2070 et
1551 2018 1870 2085 priusquam
1904 2025 2185 2069 monaste-

625 2111 769 2164 rium
810 2112 1056 2182 ingressa
1091 2113 1162 2165 sit
1197 2109 1265 2174 de
1290 2113 1456 2164 rebus
1513 2113 1632 2165 suis
1688 2125 1794 2162 non
1830 2108 2187 2178 disposuerit,

628 2217 726 2256 nec
780 2204 896 2256 suis
959 2202 1150 2256 liberis
1200 2211 1418 2276 partem
1476 2201 1769 2271 legitimam
1820 2200 2185 2270 separaverit;

626 2295 947 2360 sicvquoque
978 2293 1026 2346 ei
1058 2292 1242 2355 liceat,
1277 2292 1439 2346 etiam
1471 2301 1761 2359 postquam
1791 2291 2186 2346 monasterium

626 2387 879 2454 ingressa
927 2385 1112 2449 fuerit,
1159 2400 1289 2438 suas
1342 2383 1634 2437 facultates
1689 2384 1744 2436 in
1800 2383 2002 2438 liberos
2056 2397 2186 2436 suos

624 2476 898 2541 dividere;
964 2478 1035 2528 ita
1073 2487 1277 2539 tamen,
1317 2486 1374 2528 ut
1426 2475 1562 2529 nulli
1604 2491 1829 2528 suorum
1892 2475 2185 2529 liberorum

535 2637 537 2640 ρ
621 2578 835 2636 partem
871 2567 1168 2636 legitimam
1197 2566 1488 2620 diminuat.
1523 2565 1658 2620 Pars
1683 2575 1889 2632 autem,
1921 2582 2043 2634 quae
2073 2567 2188 2621 suis

621 2659 813 2712 liberis
846 2674 952 2712 non
1000 2658 1125 2711 data
1150 2657 1335 2721 fuerit,
1368 2659 1434 2710 ad
1470 2659 1858 2712 monasterium
1892 2659 2185 2728 pertineat.

625 2751 682 2802 Si
725 2758 905 2804 autem
939 2764 1130 2804 omnes
1185 2749 1476 2804 facultates
1513 2749 1656 2804 inter
1693 2750 1898 2804 liberos
1945 2750 2187 2806 dividere

623 2843 877 2903 voluerit,
915 2844 1133 2911 propria
1186 2842 1307 2912 ejus
1365 2858 1601 2911 persona
1659 2841 1845 2897 liberis
1883 2829 2187 2899 connume-

623 2943 766 2996 rata,
808 2945 973 2988 unam
1009 2934 1112 2986 sibi
1170 2943 1378 3002 partem
1415 2936 1670 2989 omnibus
1715 2935 1892 2990 modis
1928 2937 2184 3002 retineat,

2301 462 2508 530 atqpiq)
2535 460 2903 531 διαφέρουσιν.
2928 459 2994 512 El
3024 459 3080 511 δέ
3103 476 3184 520 τις
3214 459 3365 526 παρὰ
3390 460 3482 529 τὴν
3502 461 3587 514 τοῦ
3615 465 3794 528 κανόνος

2297 549 2588 620 περίληψιν
2645 551 2985 621 ἐπιχειρήσει
3051 548 3189 616 μετὰ
3238 548 3298 600 τὸ
3350 551 3570 618 μονάσαι
3619 554 3672 605 ὲκ
3713 557 3795 609 τῶν

2298 643 2637 712 πραγμάτων
2665 645 2872 695 τούτων
2905 642 3028 710 τινα
3061 641 3393 705 ἰδιώσασθαι,
3453 645 3612 701 ταῦτα
3655 646 3738 714 μὲν
3771 651 3792 699 ὁ

2297 735 2593 797 ἐπίσκοπος
2629 735 2660 805 ἢ
2694 735 2721 786 ὁ
2746 733 3050 802 ἡγούμενος
3099 733 3184 786 ἵνα
3237 736 3563 801 ἀναλάὂηται
3599 739 3679 790 καὶ
3715 757 3796 789 πω·

2298 827 2438 896 λήσῃ
2495 828 2637 880 κατᾶ
2693 826 2997 895 παρουσίαν
3053 825 3264 879 πολλῶν
3305 826 3594 896 ἀνθρώπων
3632 829 3706 881 διὰ
3750 829 3794 880 τὸ

2296 920 2638 988 ἀδιάϐλητον,
2675 920 2769 972 καὶ
2794 919 3046 990 διανείμῃ
3076 920 3311 988 πτωχοῖς
3341 920 3397 972 τὸ
3427 920 3646 989 τίμημα.
3677 919 3727 973 '0
3755 923 3798 972 δὲ

2300 1012 2552 1082 μοναχὸς,
2580 1013 2606 1064 ὁ
2637 1012 2987 1080 ἀποσυλήσας
3013 1011 3081 1063 τὰ
3106 1012 3183 1080 τῷ
3227 1005 3346 1079 Θεῷ
3375 1012 3648 1100 ἀνήκοντα,
3689 1013 3798 1065 κατὰ

2295 1106 2384 1159 τὸν
2459 1105 2712 1158 Ἀνανίαν
2763 1105 2993 1165 ἐκεῖνον,
3057 1103 3122 1156 δι’
3176 1101 3447 1172 ε’πιτιμίου
3484 1105 3799 1175 σωφρονισθή-

2298 1215 2468 1252 σεται.
2493 1197 2678 1250 Ταῦτα
2705 1197 2798 1250 τοῦ
2832 1193 3059 1260 κανόνος
3079 1197 3472 1267 διοριζομένων,
3502 1193 3644 1248 εἶπόν
3687 1211 3799 1256 τινες

2296 1287 2671 1343 ἐναντιοῦσθαι
2704 1276 2914 1352 τούτοις
2947 1291 3008 1342 τὸ
3035 1287 3080 1354 ζ’
3103 1290 3300 1357 κεφάλ.
3321 1289 3414 1342 τοῦ
3451 1288 3498 1340 α’
3525 1287 3687 1340 τίτλου
3726 1287 3798 1338 τοῦ

2294 1384 2335 1435 δ’
2364 1384 2569 1452 βιϐλίου
2600 1382 2710 1434 τῶν
2734 1382 3060 1446 Βασιλικῶν,
3095 1381 3387 1448 κεφάλαιον
3409 1380 3467 1433 ὃν
3487 1386 3564 1450 νη¹
3589 1378 3678 1447 τῆς
3712 1373 3798 1446 ρκγ⁹

2307 1477 2734 1530 Ἰουοτινιανείου
2767 1477 2988 1545 νεαρᾶς,
3010 1474 3105 1530 καί⁵
3135 1473 3277 1527 οὕτω
3303 1474 3474 1542 λέγων
3494 1492 3506 1506 ·
3540 1475 3596 1527 EE
3624 1473 3673 1524 δὲ
3698 1470 3797 1540 γυνὴ

2293 1571 2325 1639 ἢ
2359 1570 2500 1640 ἀνὴρ
2526 1569 2617 1622 τὸν
2653 1569 2944 1638 μοναχικὸν
2976 1570 3284 1635 ὲπιλέξεται
3329 1567 3459 1636 βίον,
3511 1565 3599 1618 καὶ
3626 1564 3798 1632 εἰσέλθῃ

2294 1663 2373 1723 εἰς
2401 1661 2462 1714 τὸ
2482 1662 2866 1732 μοναστήριον,
2902 1663 3108 1714 παίδων
3146 1662 3244 1732 οὐχ
3275 1662 3536 1725 ὑπόντων,
3569 1658 3638 1726 τῷ
3679 1674 3798 1726 μονα-

2296 1753 2500 1823 στηριῳ
2526 1755 2582 1806 ὲν
2614 1744 2657 1821 ᾧ
2681 1753 2894 1826 εἰσῆλθε
2917 1755 2988 1806 τὰ
3027 1754 3332 1824 πράγματα
3380 1752 3540 1806 αὑτοῦ
3576 1749 3798 1818 διαφέρειν

2291 1847 2621 1916 κελεύομεν·
2653 1849 2700 1900 εί
2734 1848 2789 1900 δὲ
2821 1848 2886 1900 τὸ
2906 1836 3146 1934 τοιοῦτον
3179 1848 3469 1918 πρόσωπον
3499 1844 3678 1904 παῖδας
3696 1842 3797 1909 ἔχει.

2291 1944 2389 1997 καὶ
2411 1943 2541 2012 πρὶν
2571 1943 2790 2013 εἰσέλθῃ
2836 1933 3003 2005 είςτο
3052 1944 3415 2012 μοναστήριον
3461 1941 3580 2006 περὶ
3619 1936 3712 1989 τῶν
3745 1934 3798 1984 οι-

2289 2037 2456 2091 κείων
2487 2037 2832 2106 πραγμάτων
2861 2037 2935 2106 μὴ
2992 2038 3207 2106 ποιήσει
3242 2035 3591 2097 διατύπωσιν,
3639 2029 3718 2084 καὶ
3759 2028 3802 2079 τὸ

2289 2131 2522 2200 νόμιμον
2577 2130 2743 2200 μέρος
2805 2133 2918 2194 τοῖς
2989 2132 3178 2184 παισὶν
3231 2129 3508 2200 ἀφορίσει,
3553 2127 3639 2180 καὶ
3667 2123 3803 2180 οὕτως

2288 2223 2490 2288 ἐξέστω
2516 2223 2807 2291 αὺξτῷ,καὶ
2852 2223 2990 2290 μετὰ
3039 2221 3100 2274 τὸ
3153 2223 3420 2275 εἰσελθεῖν
3457 2223 3532 2282 είς
3588 2219 3642 2271 τὸ
3677 2231 3802 2285 μονα·

2291 2315 2530 2384 στήριον,
2583 2314 2684 2384 τὴν
2715 2315 2854 2368 ίδίαν
2881 2315 3075 2368 οὐσίαν
3105 2317 3186 2379 είς
3221 2318 3350 2378 τοὺς
3378 2315 3602 2374 οἰκείους
3648 2306 3800 2361 διελεῖν

2289 2407 2522 2470 παῖδαςο
2576 2407 2719 2462 οὕτω
2772 2409 2957 2478 μέντοι
3011 2427 3098 2477 γε,
3155 2409 3299 2463 ὥστε
3352 2407 3484 2477 μηδὲ
3519 2404 3604 2458 ἐπὶ
3636 2398 3801 2455 έθὶτῶν

2242 2545 2247 2551 .
2289 2500 2483 2554 ἑαυτοῦ
2525 2501 2731 2553 παίδων
2759 2501 3064 2554 ἐλαττῶσαι
3094 2502 3155 2553 τὸ
3195 2502 3428 2570 νόμιμον
3459 2499 3632 2568 μέρος.
3683 2489 3741 2542 Τδ
3760 2488 3799 2538 δὶ

2292 2589 2366 2658 μὴ
2394 2590 2677 2658 δεδομένον
2706 2594 2818 2654 τοῖς
2835 2593 2994 2644 παισὶ
3026 2591 3192 2661 μέρος
3221 2594 3304 2662 τῷ
3352 2586 3678 2662 μοναστηρίῳ
3718 2579 3802 2632 δια·

2288 2680 2522 2750 φερέτωο
2557 2680 2695 2734 Εἱδὲ
2723 2683 2904 2734 πᾶσαν
2935 2683 3035 2752 τὴν
3067 2682 3257 2736 οὐσίαν
3314 2679 3514 2752 μεταξὺ
3564 2678 3660 2732 τῶν
3706 2670 3798 2726 παί-

2283 2775 2392 2828 δων
2420 2775 2616 2829 διελεῖν
2641 2775 2953 2845 βουληθείη,
2982 2776 3076 2830 τοῦ
3102 2775 3312 2830 οίκείου
3366 2772 3528 2828 αὐτοῦ
3562 2766 3798 2835 προσώπου

2285 2869 2398 2929 τοῖς
2425 2871 2582 2921 παισὶ
2617 2869 3144 2939 συναριθμουμένου,
3177 2870 3234 2922 ἐν
3257 2867 3441 2937 ἑαυτῷ
3500 2861 3653 2936 μέρος
3699 2858 3798 2910 πᾶσι

2247 2990 2250 2996 ι
2285 2964 2508 3033 τρόποις
2528 2961 2975 3032 παρακρατείτω,
3012 2963 3229 3030 ὀφεῖλον
3267 2964 3347 3032 τῷ
3383 2962 3568 3030 δικαίῳ
3592 2954 3676 3010 τοῦ
3725 2965 3796 3017 μθ·

624 3040 744 3094 quae
766 3026 923 3080 debet
957 3026 1022 3078 ad
1051 3025 1144 3094 jus
1175 3028 1498 3082 monasterii
1543 3030 1842 3098 pertinere.
1877 3028 1976 3083 Sin
1997 3041 2180 3086 autem

2286 3025 2582 3122 ναστηρίου
2614 3025 2916 3123 διαςοέρειν.
2963 3025 3128 3107 Ἐἰ-δὲ
3159 3055 3219 3105 ὲν
3246 3025 3329 3122 et};
3357 3025 3682 3123 μοναστηρίῳ
3711 3039 3798 3094 διά-

620 3120 676 3172 ἰιι
708 3120 1044 3173 monasterio
1075 3120 1278 3188 degens
1333 3121 1597 3175 moriatur
1649 3124 1971 3194 priusquam
2035 3128 2181 3180 inter

620 3224 754 3265 suos
787 3211 992 3266 liberos
1027 3227 1115 3265 res
1144 3213 1394 3281 proprias
1431 3213 1701 3281 diviserit,
1741 3217 1832 3270 lilii
1867 3227 2079 3287 partem
2112 3221 2181 3271 le-

617 3303 864 3371 gitimam
902 3305 1181 3371 accipiant
1215 3324 1228 3357 :
1268 3306 1478 3374 reliqua
1509 3317 1715 3366 -autetn
1751 3311 1890 3364 bona
1942 3311 2009 3364 ad
2066 3327 2180 3364 mo-

619 3395 923 3447 nasterium
959 3396 1293 3462 pertineant.
1346 3394 1475 3451 Mihi
1527 3407 1710 3453 autem
1760 3416 1870 3454 non
1929 3402 2181 3457 videntur

619 3486 736 3539 haec
777 3487 844 3541 iis
903 3501 1026 3540 esse
1066 3490 1362 3550 contraria,
1413 3505 1534 3559 quae
1579 3492 1633 3544 iu
1692 3509 1903 3547 canone
1955 3495 2180 3549 deﬁnita

616 3577 863 3629 fuerunt.
900 3575 1090 3630 Canon
1127 3582 1269 3631 enim
1299 3594 1485 3632 eorum
1525 3591 1738 3634 tantum
1783 3583 2052 3646 meminit,
2086 3586 2176 3654 qqi

615 3682 722 3719 non
768 3677 895 3720 sunt
932 3670 1244 3722 necessario
1293 3669 1485 3740 scripti
1530 3671 1794 3732 lueredes.
1837 3676 2044 3729 scilicet
2091 3692 2180 3730 co-

616 3766 910 3826 gnatorum
945 3762 1037 3828 qui
1079 3768 1208 3815 sunt
1259 3774 1288 3812 a
1335 3761 1504 3816 latere
1555 3771 1609 3816 et
1647 3774 2022 3822 externorum.
2074 3768 2180 3823 No-

617 3851 752 3903 vella
788 3862 990 3915 autem,
1017 3866 1081 3905 ea
1108 3851 1298 3906 dicens
1326 3867 1448 3921 quae
1485 3869 1514 3906 a
1543 3868 1751 3910 canone
1781 3862 2012 3928 accepit,
2032 3863 2177 3931 quod

614 3941 824 3996 scilicet
863 3943 1016 4008 sit’in
1053 3950 1325 4012 potestate
1362 3943 1508 4013 ejus,
1559 3947 1652 4014 qui
1684 3948 1800 4000 vult
1833 3950 1947 4002 ﬁeri
1991 3966 2180 4004 mona-

613 4037 776 4100 chus,
809 4045 936 4090 ante
969 4047 1254 4090 tonsuram
1282 4038 1496 4103 testari,
1541 4047 1596 4092 et
1627 4056 1727 4095 sua
1760 4041 1826 4096 ad
1861 4057 2001 4111 quos
2052 4045 2180 4098 velit

614 4129 1021 4195 transmittere;
1064 4139 1187 4198 post
1217 4139 1500 4184 tonsuram
1537 4140 1744 4196 autem,
1786 4150 1896 4188 non
1928 4137 2094 4191 licere
2126 4137 2174 4190 ei

612 4218 719 4271 tale
747 4218 877 4286 quid
916 4219 1118 4283 facere,
1149 4235 1217 4274 eo
1251 4221 1397 4287 quod
1429 4209 1502 4275 sit
1532 4230 1749 4276 mortuo
1777 4224 2009 4287 similis;
2040 4239 2180 4278 mor-

610 4323 763 4366 tuum
788 4322 971 4366 autem
998 4328 1101 4374 nec
1130 4328 1218 4367 res
1249 4313 1476 4376 habere,
1512 4330 1614 4368 nec
1645 4314 1713 4369 de
1753 4315 1819 4370 iis
1867 4331 2027 4384 posse
2077 4317 2176 4369 ali-

2283 3161 2396 3213 γων
2436 3145 2750 3214 τελευτήσει
2807 3147 2937 3215 πρὶν
2991 3147 3194 3214 μεταξὺ
3248 3147 3360 3200 τῶν
3388 3143 3598 3199 οίκείων
3635 3135 3796 3190 παίδων

2279 3239 2348 3289 τὰ
2385 3237 2494 3291 ῐδια
2528 3237 2780 3308 διανείμῃ
2822 3239 3145 3308 πράγματα,
3188 3239 3250 3293 τὸ
3302 3239 3527 3309 νόμιμον
3583 3235 3724 3302 μέρος
3761 3224 3796 3276 οἱ

2281 3330 2474 3392 παῖδες
2504 3329 2766 3398 λήψονται
2793 3347 2808 3360 ο
2832 3332 2891 3382 τὸ
2919 3317 2985 3383 δὲ’
3003 3331 3190 3385 λοιπὸν
3219 3334 3324 3402 τῆς
3346 3332 3530 3393 οὐσίας
3566 3327 3636 3394 τῷ
3664 3337 3794 3393 μονα·

2282 3423 2490 3491 στηρίῳ
2518 3423 2842 3492 διαφερέτω.
2887 3424 3039 3490 Ἐμοὶ
3087 3423 3145 3475 δὲ
3175 3424 3238 3476 οὐ
3279 3425 3427 3478 δοκεῖ
3481 3411 3796 3474 ἐναντιοῦσθαι

2278 3513 2452 3566 ταῦτα
2479 3517 2590 3576 τοῖς
2632 3517 2694 3568 ὲν
2719 3515 2795 3584 τῷ
2819 3516 3002 3568 κανόνι
3050 3517 3426 3587 διορισθεῖσιν.
3489 3515 3546 3566 Ὀ
3588 3509 3673 3579 μὲν
3717 3501 3798 3568 γὰρ

2281 3604 2465 3656 κανὼν
2499 3605 2674 3673 μόνων
2699 3605 2944 3673 ἐμνήσθη
2973 3607 3084 3660 τῶν
3115 3607 3191 3677 μὴ
3217 3609 3279 3673 ἐξ
3305 3608 3546 3686 ἀνάγκης
3571 3591 3797 3686 γραφομέι

2280 3713 2387 3748 νων
2410 3697 2784 3766 κληρονόμων,
2813 3697 3055 3766 δηλονότι
3090 3700 3197 3754 τῶν
3219 3702 3283 3754 ὲκ
3303 3681 3533 3765 πλαῇίου
3566 3681 3796 3758 συγγενῶν

2282 3789 2375 3855 καὶ
2402 3787 2735 3856 ἀλλοτρίωνο
2769 3790 2801 3858 ἡ
2830 3788 2887 3840 δὲ
2921 3791 3090 3859 νεαρὰ
3119 3791 3355 3844 εἰποῦσα
3383 3789 3475 3843 καὶ
3501 3786 3567 3839 τὰ
3596 3778 3708 3849 περὶ
3724 3770 3795 3826 τοῦ

2281 3877 2525 3938 κανόνος,
2552 3877 2792 3945 δηλονότι
2817 3878 2874 3930 τὸ
2901 3878 3044 3947 ἔχειν
3083 3883 3169 3933 ἐπ’
3211 3882 3396 3944 ἁδείας
3448 3877 3534 3932 τὸν
3582 3869 3797 3944 μέλλοντα

2281 3967 2510 4034 μονάσαι
2531 3970 2636 4038 πρὸ
2656 3970 2755 4039 τῆς
2784 3971 3141 4038 ἁποκάρσεως
3171 3972 3528 4031 διατίθεσθαι,
3545 3966 3630 4020 καὶ
3651 3971 3794 4028 7:1?"

2281 4059 2519 4128 πέμπειν
2551 4062 2618 4112 τὰ
2653 4063 2829 4113 οἰκεῖα
2869 4062 2997 4114 ἔνθα
3027 4062 3278 4132 βούλεται
3305 4080 3319 4096 ·
3348 4061 3488 4134 μετὰ
3507 4061 3560 4112 δὲ
3589 4056 3675 4124 τὴν
3695 4044 3794 4103 ἅτ’-δ’

2279 4159 2474 4220 καρσιν
2507 4153 2580 4221 μὴ
2611 4153 2810 4218 ἐξεῖναι
2835 4155 2986 4224 αὐτῷ
3013 4155 3260 4212 τοιοῦτόν
3307 4173 3361 4208 τι
3420 4154 3606 4212 ποιεῖν,
3645 4144 3717 4198 διὰ
3752 4136 3794 4187 τδ

2278 4245 2514 4296 ἐοικέναι
2539 4245 2720 4315 νεκρῷ
2750 4263 2762 4274 ·
2795 4249 2885 4300 τὸν
2908 4248 2965 4300 δὲ
3000 4250 3193 4318 νεκρὸν
3229 4251 3369 4321 μήτε
3399 4247 3622 4318 πρᾶγμα
3663 4236 3792 4304 ἔχεινν

2283 4333 2420 4401 μήτε
2449 4334 2712 4389 δύνασθαι
2743 4336 2925 4405 λέγειν
2945 4357 2998 4390 τι
3021 4341 3148 4409 περὶ
3176 4340 3372 4394 τούτου
3401 4353 3418 4368 ⁸
3443 4335 3574 4390 ἀλλὰ
3597 4321 3795 4398 γίνεσθαι

605 4403 735 4473 quid
764 4403 984 4470 dicere;
1007 4405 1100 4458 sed
1135 4404 1252 4458 ﬁeri
1279 4421 1370 4460 res
1399 4405 1518 4474 ejus
1550 4405 1787 4466 dominii
1819 4409 2167 4462 monasterii:

2277 4423 2344 4475 τὰ
2387 4423 2686 4494 πράγματα
2708 4427 2893 4480 τούτου
2939 4430 3039 4498 τῆς
3067 4429 3388 4493 δεσποτείας
3433 4427 3523 4482 τοῦ
3571 4427 3794 4492 μοναστη’

605 4495 806 4566 adjecit
859 4497 974 4550 hrc
1021 4495 1230 4550 servari
1282 4497 1506 4562 debere,
1547 4501 1790 4576 quando,
1848 4498 1941 4568 qui
1995 4500 2171 4554 factus

527 4616 529 4618 -
603 4597 687 4642 est
749 4585 1093 4651 monachus,
1151 4585 1358 4643 liberos
1410 4603 1523 4642 non
1579 4589 1792 4643 habeat.
1852 4589 1948 4645 Sin
1988 4603 2168 4645 autem

603 4679 821 4743 habeat,
853 4673 912 4734 et
940 4684 1331 4732 testamentum
1368 4678 1554 4742 faciet,
1605 4688 1663 4732 ut
1705 4682 1920 4736 novella
1969 4681 2171 4736 distin-

602 4771 715 4836 guit
751 4788 765 4824 :
802 4781 856 4824 et
890 4785 1106 4834 rttrsus,
1127 4770 1172 4824 si
1205 4783 1312 4823 non
1346 4769 1555 4836 fecerit,
1585 4784 1747 4826 erunt
1779 4773 2022 4829 haeredes
2050 4775 2170 4844 ejus

602 4860 784 4921 liberi.
816 4870 872 4916 et
897 4860 1112 4929 reliqua
1151 4859 1308 4926 ﬁent,
1350 4876 1473 4930 quae
1515 4862 1630 4918 haec
1663 4865 1875 4920 novella
1927 4867 2170 4935 comple-

602 4957 796 5009 ctitur.
830 4951 922 5008 Sic
948 4968 1078 5022 ergo
1110 4953 1286 5007 soluta
1326 4956 1711 5024 repugnantia,
1747 4953 2168 5028 interrogaverit

602 5046 897 5114 quispiam,
922 5044 1060 5110 Quid
1079 5043 1244 5099 debet
1271 5046 1384 5099 lieri
1410 5045 1475 5100 de
1507 5049 1673 5102 rebus
1698 5047 1816 5116 ejus
1849 5049 1941 5115 qui
1973 5059 2166 5103 tonsus

603 5146 712 5194 est.
748 5136 792 5191 si
829 5153 936 5190 non
972 5138 1165 5191 habeat
1192 5137 1416 5204 liberos,
1455 5139 1546 5192 sed
1600 5141 1890 5208 parentes?
1929 5138 2164 5196 Salutio.

602 5226 746 5280 idem
773 5227 864 5296 jus
901 5227 1054 5280 liberi
1089 5227 1367 5281 habebunt
1419 5243 1484 5281 ac
1535 5240 1792 5297 parentes
1850 5231 1994 5285 inter
2021 5246 2162 5294 sese,

600 5319 783 5389 quoad
818 5319 1157 5374 haereditatis
1189 5318 1484 5374 rationem.
1525 5319 1581 5373 Si
1639 5323 1770 5389 quid
1833 5323 1999 5392 igitur
2047 5333 2167 5391 post

599 5413 983 5468 detonsionem
1015 5413 1068 5466 in
1105 5413 1308 5468 liberos
1344 5413 1460 5468 ﬁeri
1492 5414 1764 5484 scriptum
1801 5429 1906 5481 est,
1937 5417 2076 5470 idem
2113 5428 2165 5471 et

603 5505 655 5555 in
691 5512 945 5570 parentes
983 5503 1094 5556 (iet.
1131 5503 1188 5556 Si
1217 5510 1400 5557 autem
1427 5515 1483 5558 et
1509 5504 1713 5560 liberos
1749 5509 1946 5561 habeat
1988 5519 2041 5562 et
2073 5524 2164 5577 pa-

581 5591 801 5653 ‘rcutes.
836 5595 966 5662 quid
1014 5594 1130 5650 ﬁeri
1172 5594 1383 5651 debet?
1434 5595 1666 5651 Salutio.
1710 5597 2005 5653 Justiniani
2069 5617 2165 5652 no-

601 5689 734 5738 vella
787 5687 907 5749 “8,
965 5702 1083 5752 quae
1132 5688 1235 5740 sita
1287 5697 1370 5741 est
1419 5689 1472 5742 iu
1521 5688 1623 5744 line
1674 5691 1814 5743 tituli
1866 5693 1896 5742 5
1932 5693 2025 5745 lih.
2061 5711 2160 5744 λιι·

2283 4517 2397 4586 ρίου
2424 4528 2440 4546 ⁸
2465 4519 2763 4587 προσέθετο
2784 4521 2959 4575 ταῦτα
3006 4523 3397 4590 φυλάττεσθαι,
3433 4521 3556 4574 ὅταν
3603 4512 3692 4565 οὐκ
3718 4506 3794 4569 ἔχει

2279 4606 2306 4656 ο
2336 4608 2578 4674 μονάσας
2606 4597 2818 4671 παῖδας.
2851 4610 2914 4662 Et
2948 4613 3057 4681 γὰρ
3087 4611 3220 4682 ἔχει,
3257 4613 3523 4680 διαθήκην
3566 4622 3621 4657 τε
3668 4596 3790 4658 mq-
3842 4677 3844 4680 ν

2279 4714 2382 4763 σειν
2412 4698 2488 4761 ὡς
2517 4700 2550 4770 ἡ
2575 4702 2745 4769 νεαρὰ
2771 4701 3039 4765 διαστίζει
3072 4720 3086 4734 ο
3119 4706 3215 4758 καὶ
3243 4705 3318 4776 μὴ
3367 4703 3611 4772 ποιήσας,
3665 4687 3795 4776 πάλιν

2279 4788 2382 4840 ὑπὸ
2408 4789 2516 4842 τῶν
2559 4789 2774 4844 οἰκείων
2801 4793 3006 4848 παίδων
3037 4775 3590 4865 κληρονομηθήσεται,
3627 4784 3708 4836 καὶ
3740 4775 3804 4827 τάκ

2277 4879 2438 4932 λοιπὰ
2467 4879 2754 4951 γενήσεται
2776 4884 2844 4935 τὰ
2867 4886 2934 4954 τῇ
2983 4886 3436 4958 καταστρωθείσῃ
3485 4877 3642 4947 νεαρᾷ
3670 4883 3793 4938 πε9ί’

2276 4970 2528 5040 εχόμενα.
2560 4970 2716 5024 Οὕτω
2736 4973 2865 5040 γοῦν
2917 4977 3016 5045 τῆς
3065 4975 3502 5047 ἐναντιοφανείας
3544 4964 3794 5034 λυομένης*

2276 5059 2544 5130 ἐρωτήσει
2569 5079 2672 5128 τις,
2691 5063 2759 5117 Τί
2787 5064 2991 5134 ὀφείλει
3016 5047 3258 5134 γίνεσθαι
3283 5071 3375 5120 ἐπὶ
3401 5067 3514 5127 τοῖς
3545 5059 3789 5128 πράῖμασι

2278 5149 2374 5201 τοῦ
2403 5150 2793 5222 ἀποκαρέντος,
2827 5153 2924 5208 ἐὰν
2953 5158 3148 5220 παῖδας
3167 5141 3268 5211 ούκ
3293 5158 3412 5228 ἔχῃ,
3443 5152 3574 5208 ἀλλὰ
3605 5143 3788 5228 γονεῖςξ

2281 5242 2492 5308 Λύσις.
2519 5242 2592 5295 Τὸ
2622 5245 2754 5298 αὐτὸ
2795 5246 3245 5318 δίκαιονέχουσιν
3308 5250 3360 5300 οί
3400 5245 3578 5301 παῖδες
3632 5234 3713 5288 καὶ
3752 5240 3789 5276 ⁰⁵

2273 5333 2446 5396 γονεῖς
2478 5333 2564 5383 ἐπ’
2599 5335 2866 5405 ἀλλήλοις.
2899 5339 3020 5389 ὅσον
3047 5341 3126 5400 είς
3161 5339 3252 5390 τὸν
3285 5339 3441 5404 λόγον
3461 5333 3553 5401 τῆς
3575 5329 3786 5394 κληρονο·

2276 5424 2425 5489 μίας.
2485 5423 2550 5475 Εἴ
2590 5443 2642 5478 τι
2678 5427 2810 5494 γοῦν
2866 5431 3180 5499 γέγραπται
3230 5429 3478 5494 γενέσθαι
3530 5419 3657 5492 μετά
3710 5409 3786 5473 τὴν

2271 5516 2575 5584 ἀπόκαρσιν
2602 5520 2680 5581 εἰς
2711 5523 2837 5581 τοὺς
2865 5523 3084 5585 παῖδας,
3128 5524 3420 5591 γενήσεται
3445 5517 3536 5569 καὶ
3579 5513 3653 5571 είς
3689 5500 3786 5555 τοὺὶ

2272 5609 2468 5674 γονεῖς.
2511 5609 2571 5660 Εἰ
2594 5610 2648 5660 δὲ
2683 5616 2771 5663 καὶ
2791 5613 2986 5673 παῖῐας
3016 5615 3129 5682 ἔχει
3165 5617 3260 5666 iu‘t
3287 5613 3479 5678 γονεῖς,
3521 5604 3567 5658 τί
3621 5593 3789 5688 ὀφείλεί

2272 5699 2557 5766 γενέσθαι,
2594 5704 2807 5766 Λύσις.
2856 5705 2915 5755 Ἠ
2947 5693 3049 5771 ριη’
3123 5706 3545 5762 Ίουπτινιάνειος
3598 5683 3789 5748 νείφῃ
