4056 6394
345 295 476 359 1037

1556 285 1637 350 IN
1672 289 1835 348 CAN.
1871 285 1947 348 VI
1984 285 2198 346 CONC.
2238 288 2347 346 ΟΡ.

3427 283 3564 346 1038

339 411 567 478 κειμένη
585 408 640 460 ἐν
656 407 880 471 τιῷτέλει
895 405 987 475 τρῦ
1009 405 1250 474 γ’τῖτλου
1273 405 1364 457 τοῦ
1381 401 1461 474 με’
1477 403 1680 473 βιϐλίου
1699 402 1912 471 πρῶτον

2034 399 2206 450 :tatltit
2265 399 2464 452 liberos
2496 455 2498 460 _
2529 398 2760 465 primum
2801 385 3133 452 necessario
3181 397 3346 452 scribi
3380 399 3577 454 debere

343 504 471 560 τοὺς
507 501 704 563 παῖδας
736 497 1354 567 διορίζεταιγρὰφεσθαι
1396 497 1456 562 ἐξ
1487 495 1732 562 ἀνάγκης
1779 491 1909 558 κλη-

347 593 616 660 ρονόμους
657 607 671 622 ο
737 591 943 643 παίδων
989 591 1047 644 δὲ
1117 591 1190 660 μὴ
1249 590 1519 651 ὑπόντων,
1555 590 1677 649 τοὺς
1709 588 1905 653 γονεῖς.

347 687 572 754 Ἕτερον
605 671 661 737 δὲ
692 685 884 737 οὐδένα
919 683 1344 752 ἀναγκαζόμεθα
1376 683 1470 734 καὶ
1504 683 1730 741 ἄκοντες
1767 679 1904 745 γρά-

345 793 467 844 φειν
514 775 876 854 κληρονόμον.
913 776 974 827 Εἰ
1012 775 1068 826 δὲ
1108 775 1386 836 ἀδιάθετος
1436 772 1749 839 τελευτήσει
1806 787 1908 832 τις,

343 871 483 938 ἔχων
509 871 685 934 γονεῖς
720 869 810 920 καὶ
838 868 1120 932 ἀδελφοὺς,
1145 861 1514 933 ὲπίσης’παρὰ
1546 863 1750 934 τούτων
1782 861 1914 930 κλη-

345 959 798 1028 ρονομηθήσεται.
828 961 934 1011 Καὶ
953 957 1263 1024 ἁνάγνωσον
1290 958 1389 1025 τὴν
1408 956 1662 1025 ῥηθεῖσαν
1693 953 1910 1022 νεαρὰν,

343 1052 650 1117 ἀναγκαίαν
675 1047 859 1104 οὖσαν.
885 1053 993 1104 Καὶ
1031 1049 1204 1103 ταῦτα
1231 1050 1326 1118 μὲν
1351 1049 1643 1116 γενήσεται
1689 1046 1779 1098 ἐπὶ
1800 1048 1914 1108 τοῖς

344 1145 450 1214 πρὸ
480 1146 578 1211 τῆς
602 1145 957 1212 ἀποκάρσεως
1006 1144 1267 1212 προσοῦσι
1300 1141 1378 1210 τῷ
1409 1140 1658 1209 μέλλοντι
1683 1138 1916 1206 μονὰσαι

345 1241 665 1309 πράγμασιν
693 1256 706 1269 ·
740 1241 820 1300 εἰς
854 1240 909 1290 δὲ
941 1241 1006 1291 τὰ
1035 1241 1178 1307 μετὰ
1199 1239 1298 1307 τὴν
1329 1238 1640 1301 ἀπόκαρσιν
1697 1232 1916 1301 περιελ-

344 1331 504 1382 θόντα
527 1332 604 1391 είς
629 1331 791 1383 αὑτὸν
825 1331 931 1383 ἀπὸ
959 1331 1224 1400 διαθήκης
1260 1330 1292 1392 ἢ
1327 1328 1385 1393 ἐξ
1418 1325 1697 1379 ἁδιαθέτου
1726 1325 1914 1375 τελευ-

344 1427 626 1493 τησάντων
649 1423 966 1492 προσγενῶν
996 1422 1185 1483 αὐτοῦ,
1229 1423 1260 1491 ἢ
1300 1420 1566 1490 ἑτέρωθέν
1633 1419 1820 1478 ποθεν,
1865 1419 1916 1468 τί

343 1495 678 1588 γενήρὲται;
724 1517 940 1578 Λύσις.
1011 1514 1308 1582 Ἀνάγνωθι
1357 1514 1455 1582 τὴν
1505 1512 1546 1564 ε’
1593 1512 1792 1579 νεαρὰν
1824 1510 1915 1562 τοῦ

347 1608 592 1676 ἀοιδίμου
629 1607 888 1676 βασιλέως
933 1607 1102 1678 κυροῦ
1145 1608 1372 1668 Λέοντος
1407 1605 1501 1658 τοῦ
1553 1602 1748 1673 Σοφοῦ,
1803 1603 1918 1653 δια-

345 1701 727 1770 λαμϐάνουσαν
750 1701 806 1749 ἐν
863 1702 1105 1770 ἐπιτόμῳ
1131 1701 1225 1752 καὶ
1271 1695 1341 1752 τὰ
1373 1699 1605 1768 ῥηθέντα
1641 1697 1740 1766 μὲν
1774 1696 1909 1748 ἄνω·

349 1793 546 1854 οεν,-ὲν
676 1789 819 1840 τέλει
851 1791 907 1842 δὲ
944 1791 1039 1844 καὶ
1071 1791 1318 1859 περὶτοῦ
1351 1792 1427 1859 μὴ
1456 1788 1686 1842 καθόλου
1719 1787 1917 1854 ἀπείρ-

349 1888 541 1954 γεσθαι
564 1890 689 1949 τοὺς
721 1888 986 1957 μεναχοὺς
1014 1888 1078 1937 ὲκ
1111 1885 1206 1936 τοῦ
1238 1883 1448 1936 δικαίου
1485 1881 1581 1950 τῆς
1631 1878 1920 1948 διαθήκης,

349 1981 762 2049 εὐπορήσαντας
796 1980 925 2038 ἴσως
970 1977 1109 2044 μετὰ
1144 1976 1206 2026 τὸ
1263 1975 1494 2040 μονὰσαι
1551 1971 1918 2041 πραγμάτων.

365 2072 505 2123 Ἀλλ’
540 2075 588 2126 εί
617 2075 712 2141 μὲν
735 2071 998 2140 ὤφθησαν
1037 2088 1088 2122 τι
1131 2065 1642 2138 προκαταῦαλόντες
1685 2064 1761 2133 τῷ
1826 2081 1924 2132 μο-

351 2169 650 2235 ναστηρίῳ,
685 2166 828 2220 κατὰ
861 2166 952 2218 τὸν
983 2163 1176 2232 καιρὸν
1208 2163 1296 2214 ὅτε
1325 2160 1503 2229 τούτῳ
1525 2161 1921 2228 προσήρχοντο,

352 2255 494 2312 εἶναι
528 2260 726 2321 αὐτοὺς
766 2259 892 2327 περὶ
925 2257 1033 2309 τῶν
1066 2256 1294 2324 ὓστερον
1342 2254 1750 2322 ὲπικτηθέντων
1825 2269 1925 2304 κυοο

357 2354 531 2423 ρίους,
556 2352 697 2405 ὥστε
737 2351 964 2403 διοικεῖν
1002 2347 1144 2400 αὐτὰ
1171 2345 1352 2419 καθὼς
1394 2343 1716 2413 αἱροῦνται·
1771 2347 1821 2396 εἰ
1879 2343 1927 2396 δ’

353 2446 507 2498 οὐδὲν
539 2442 1011 2512 προκατεϐάλοντο
1039 2440 1173 2508 πρὸς
1197 2438 1296 2508 τὴν
1331 2436 1519 2506 μονὴν,
1559 2437 1757 2497 αὐτοὺς
1827 2437 1953 2504 μὲν⁸

355 2537 485 2606 περὶ
517 2537 611 2589 τοῦ
639 2533 888 2603 διμοίρου
922 2533 1066 2601 ἔχειν
1097 2531 1286 2586 ἄδειαν
1315 2528 1519 2599 ὁρίζειν
1550 2527 1663 2598 ,καὶ
1695 2527 1929 2579 διατίθε-

359 2629 487 2682 σθαι
509 2626 655 2678 κατὰ
679 2625 875 2693 νόμους
900 2639 914 2651 ·
948 2622 1009 2674 τὸ
1046 2619 1410 2689 μοναστήριον
1459 2616 1516 2669 δὲ
1551 2616 1612 2668 τὸ
1661 2615 1789 2669 ἄλλο
1835 2618 1928 2684 μέ-

361 2736 454 2789 ρος
496 2719 616 2788 ἦτοι
659 2716 720 2768 τὸ
785 2714 968 2784 τρίτον
1019 2709 1520 2780 ἀναλαμὸἀνεσθαι.
1546 2705 1610 2759 Τί
1645 2695 1740 2772 Et:
1759 2708 1807 2758 εί
1854 2708 1928 2774 μὴ

357 2811 577 2880 θελήσει
618 2812 647 2862 ό
697 2807 929 2877 μοναχὸς
978 2805 1109 2873 περὶ
1161 2803 1272 2855 τῶν
1325 2799 1732 2869 ὲπικτηθὲντων
1790 2799 1929 2866 μετὰ

357 2904 456 2974 τὴν
508 2903 817 2970 ἁπόκαρσιν
862 2899 1044 2967 ὁρίσαι
1104 2913 1177 2957 τι,
1221 2893 1507 2956 ἀνθέξεται
1561 2894 1780 2944 πάντων
1822 2890 1928 2940 τῶν

359 2995 702 3066 πραγμάτων
754 2993 788 3058 ἡ
855 2989 1011 3058 μονὴ,
1051 2991 1084 3059 ἢ
1135 2987 1335 3056 μᾶλλον
1373 2986 1448 3037 ,οἱ
1511 2983 1836 3052 καλούμενοι
1870 2982 1928 3046 ἐξ

360 3088 639 3141 ἀδιαθέτου
675 3085 742 3137 τὰ
778 3082 1004 3135 τοιαῦτα
1025 3081 1330 3150 πράγματα
1363 3075 1768 3128 ἁναλάϐωνται.
1803 3075 1922 3125 ’καὶ
1955 3079 1998 3134 (ζ

367 3177 567 3250 μᾶλλον
600 3173 758 3246 εἶπεῇ
787 3178 815 3227 ὁ
851 3172 1187 3240 τελευτήσας
1223 3165 1570 3236 προσήνεγκὲ
1593 3154 1659 3217 ’τι
1708 3165 1785 3231 τῷ
1831 3179 1928 3230 μον

361 3270 669 3339 ναστηρίῳς
702 3268 916 3331 Λύσις.
961 3263 1026 3317 Ἦ
1069 3265 1166 3330 μὲν
1209 3261 1379 3328 νεαρὰ
1398 3257 1490 3310 τοῦ
1517 3258 1810 3324 Φιλοσόφου
1840 3256 1931 3307 οὐ-

391 3363 448 3414 ἐν
479 3379 529 3412 τι
565 3362 694 3430 περὶ
751 3359 940 3411 τούτου
985 3356 1272 3409 ἐθέσπισεν
1305 3367 1319 3380 ‘
1364 3351 1488 3420 ἐμοὶ
1537 3351 1595 3401 δὲ
1647 3350 1796 3401 δοκεῖ
1857 3346 1932 3410 ὡς

361 3457 547 3507 ἐκεῖνα
595 3450 894 3521 τηνικαῦτα
937 3447 1249 3516 γενήσεται,
1293 3444 1392 3494 ὅσα
1433 3445 1464 3509 ἡ
1508 3439 1711 3495 ἄνωθεν
1769 3455 1935 3490 κατα-

363 3547 666 3618 στρωθείσα
694 3545 862 3614 νεαρὰ
891 3541 1188 3611 διορίζεται
1222 3537 1475 3606 γενέσθαι
1509 3539 1587 3596 εἰς
1612 3535 1680 3586 τὰ
1713 3539 1816 3601 πρὸ
1839 3533 1935 3600 τῆς

364 3643 724 3705 ἀπσκάρσεως
759 3635 1032 3704 προσόντα
1072 3631 1375 3700 πράγματα
1407 3625 1486 3696 τῷ
1527 3623 1766 3693 μοναχῷ.
1831 3623 1934 3673 όπο

361 3733 528 3802 ηνίκα
554 3725 710 3792 οὗτος
748 3726 1059 3793 τελευτήσει
1090 3721 1391 3781 ἀδιάθετος.
1436 3717 1606 3783 Λόγος
1645 3715 1702 3766 δὲ
1741 3713 1933 3780 γέγονέ

364 3843 498 3880 ⁶ποτε
521 3826 608 3884 είςι
631 3822 690 3874 τὸ
713 3819 1061 3886 δικαστήριον
1090 3815 1217 3880 περὶ
1241 3811 1351 3862 τῶν
1382 3810 1689 3875 ἀσωμάτων
1709 3805 1934 3858 δικαίων

361 3916 460 3969 τοῦ
485 3912 741 3985 μοειαχοῦ,
767 3909 874 3962 τῶν
927 3908 1022 3976 μὴ-
1048 3903 1370 3974 φθασάντων
1426 3899 1532 3968 πρὸ
1559 3900 1656 3967 τῆς
1693 3894 1936 3964 ἀποκάρ-

363 4025 503 4070 σεως
528 4001 948 4072 οἱκονομηθῆναι
978 3996 1128 4067 παρὰ
1145 3994 1358 4048 τούτου.
1389 3990 1634 4059 Μοναχοῦ
1653 3989 1761 4057 γάρ
1791 4004 1941 4049 τινος

363 4103 695 4157 ὲλκὺσαντος
733 4097 810 4156 είς
837 4090 1186 4158 δικαστήριον
1251 4091 1378 4155 περὶ⁵
1418 4085 1608 4144 δάνους
1649 4081 1794 4143 τινὰ,
1817 4097 1938 4130 συν-

362 4192 608 4262 εζητήθη
659 4190 708 4241 εί
778 4185 1000 4238 δύναται
1058 4181 1290 4252 μοναχὸς
1341 4176 1577 4243 ἐνάγειν,
1605 4175 1698 4226 καὶ
1759 4172 1936 4240 ἔδοξεν

364 4281 743 4350 ἁπαρέιδεκτος
772 4277 852 4339 είς
881 4273 1060 4327 τοῦτο.
1099 4271 1389 4338 Ἐλθούσης
1425 4268 1480 4319 δὲ
1519 4266 1619 4335 τῆς
1659 4264 1824 4334 μονῆς
1857 4265 1938 4326 εἰς

363 4376 428 4428 τὸ
446 4373 820 4442 δικαστήριον,
878 4368 971 4421 καὶ
1015 4363 1459 4434 προϐαλλομένης
1507 4361 1578 4412 τὰ
1619 4359 1804 4411 δίκαια
1842 4356 1938 4409 τοῦ
1969 4375 2017 4433 ι)

377 4465 612 4539 μονακοῦ
639 4465 714 4524 ὠς
747 4466 810 4515 ἐκ
839 4461 934 4514 τοῦ
965 4459 1187 4518 κανόνος
1221 4453 1578 4524 περιελθόντα
1633 4452 1714 4513 εἰς
1770 4449 1940 4518 αὐτὴν

368 4537 464 4611 διὰ
505 4557 558 4609 τὸ
588 4557 662 4625 μὴ
708 4551 1052 4621 διοικηθῆναι
1092 4547 1199 4618 πρὸ
1237 4545 1751 4614 τῆςκὰποκάρσεως,
1787 4537 1940 4612 εἷπον

191 4627 199 4631 ’
229 4663 244 4672 "
279 4709 283 4712 ,
369 4652 423 4700 οἱ
452 4647 579 4717 περὶ
613 4647 738 4705 τοὺς
793 4640 1157 4710 ἐναγομένους
1191 4639 1273 4690 ὅτι
1296 4636 1420 4688 οὔτε
1470 4637 1502 4704 ἡ
1538 4635 1674 4704 μονὴ
1737 4632 1861 4694 οὔτε
1913 4635 1942 4684 ό

375 4739 604 4810 μοναχδς
631 4736 847 4802 ἐνάγειν
899 4733 1144 4784 δύναται.
1191 4729 1380 4798 Ὀημὲν
1415 4727 1545 4796 γὰρ,
1595 4725 1669 4788 ὼς
1700 4725 1799 4796 ήδη
1849 4742 1941 4777 τε·

368 4835 638 4899 λευτήσας
667 4829 759 4880 καὶ
790 4826 1089 4894 πράγματα
1115 4821 1190 4891 μὴ
1207 4822 1370 4890 ἔχων,
1395 4819 1768 4888 ἁπαράδεκτός
1794 4818 1942 4868 ἐστιν

369 4923 453 4982 εἰς
513 4921 572 4972 τὸ
624 4917 948 4972 δικάσασθαι
979 4929 994 4944 ·
1049 4915 1082 4983 ὴ
1131 4913 1210 4973 δὲ,
1263 4912 1336 4974 ὡς
1368 4910 1441 4979 μὴ
1465 4908 1848 4977 ἐκχωρηθεῖσα
1880 4908 1938 4958 τὸ

372 5011 670 5079 ἀσώματον
708 5009 916 5060 δίκαιον
960 5004 1060 5072 τῆς
1101 5002 1343 5069 ἀγωγῆς,
1396 4999 1682 5069 ἀμετόχως
1736 4999 1941 5064 ἐνάγει.

386 5103 728 5170 Ἑμὲμνηντο
777 5098 834 5150 δὲ
891 5095 986 5148 καὶ
1046 5090 1209 5160 νόμου
1247 5091 1517 5156 λέγοντος.
1545 5091 1616 5142 Τὸ
1658 5086 1946 5154 ἀσώματον

372 5195 605 5256 δίκαιον,
639 5192 686 5242 εἰ
720 5191 794 5259 μὴ
823 5185 1141 5256 ὲκχωρηθῇ,
1168 5183 1231 5234 οὐ
1282 5180 1600 5254 μεταϐαίνει
1645 5178 1780 5247 πρὸς
1829 5177 1946 5227 ἓτε-

375 5302 473 5355 ρον
496 5299 508 5312 ⁸
537 5283 632 5335 καὶ
656 5281 846 5350 ἤθελον
875 5279 950 5349 μὴ
979 5275 1234 5329 ἕλκεσθαι
1276 5275 1366 5323 τὸν
1397 5273 1726 5339 ὲναγόμενον
1766 5268 1855 5320 διὰ
1885 5269 1946 5320 τὸ

374 5375 806 5440 τοιουτοτρόπως
831 5369 1122 5435 σϐεσθῆναι
1166 5368 1304 5435 τάχα
1351 5365 1451 5432 τὴν
1498 5364 1744 5430 ἀγωγήν.
1805 5361 1946 5412 Ἀλλ’
1984 5375 1986 5379 ·

374 5471 480 5522 οὐκ
510 5468 736 5537 ἤρεσαν,
774 5467 946 5515 ταῦτα
994 5462 1269 5528 λέγοντες.
1327 5453 1637 5522 Διεγνώσθη
1690 5454 1795 5522 γὰρ
1847 5453 1942 5517 ὡς,

377 5562 505 5612 ἐπεὶ
533 5559 593 5611 οι)
633 5556 772 5608 κατὰ
807 5553 1125 5622 προαίρεσιν
1149 5549 1244 5602 τοῦ
1296 5549 1510 5617 ἔχοντος
1553 5548 1610 5597 τὸ
1656 5540 1948 5613 ὰσὶῦματον

349 5642 584 5706 ’δίκαιον
619 5646 855 5724 μοναχοῦ
888 5644 1276 5713 μεταθαίνουσι
1313 5641 1380 5693 τὰ
1413 5637 1715 5710 πράγματα
1753 5639 1946 5690 τούτου

299 5767 302 5776 “
361 5750 462 5809 si;
504 5748 599 5812 τὴν
653 5741 842 5812 μονὴν,
889 5737 1000 5790 ἀλλ’
1055 5737 1161 5790 ἀπὸ
1184 5737 1279 5805 τῆς
1323 5731 1608 5794 αὑθεντίας
1635 5731 1727 5785 τοῦ
1763 5731 1948 5801 τόμον,

1950 1743 1992 1796 Β

2015 489 2308 544 lizeredes:
2361 492 2406 544 si
2466 501 2644 544 autem
2706 504 2815 542 non
2873 499 3004 542 sunt
3061 488 3240 553 liberi,
3299 499 3576 558 parentes.

2014 579 2240 633 Nullum
2272 594 2452 635 autem
2483 581 2648 633 alium
2675 580 2837 652 343
2866 581 3128 634 ha’redem
3156 581 3396 635 scribere
3416 583 3578 635 etiam

2015 673 2170 726 inviti
2200 675 2469 742 cogimur.
2501 672 2557 724 Si
2587 674 2716 740 quis
2757 681 2937 724 autem
2980 674 3272 726 intestatus
3315 672 3583 726 moriatur

2016 766 2224 818 habens
2257 774 2517 832 parentes
2552 776 2608 818 et
2653 764 2876 827 fratres,
2922 765 2959 817 ii
3009 765 3249 818 bai’redes
3295 781 3360 818 ex
3407 765 3584 834 aequis

2016 858 2264 926 partibus
2296 867 2478 911 erunt.
2536 857 2604 910 Et
2643 858 2760 927 lege
2813 858 2950 910 hanc
3001 857 3292 921 novellam,
3346 873 3467 926 qum
3499 866 3585 911 est

2015 949 2350 1004 necessaria.
2389 949 2456 1003 Et
2487 949 2604 1003 haec
2660 949 2882 1018 quidem
2941 951 3070 1002 lient
3111 949 3165 1003 in
3201 950 3388 1013 rebus,
3447 964 3584 1017 quas

2015 1041 2064 1095 is
2101 1041 2268 1094 habet
2300 1049 2429 1094 ante
2454 1049 2738 1093 tonsuram
2772 1041 2864 1108 qui
2900 1039 3121 1094 futurus
3148 1050 3230 1096 est
3259 1043 3582 1095 monachus.

2016 1133 2093 1186 De
2143 1134 2210 1188 iis
2270 1141 2472 1197 autem,
2509 1115 2636 1201 qua?
2679 1139 2802 1200 post
2853 1142 3156 1193 tonsuram,
3197 1132 3277 1184 vel
3312 1146 3376 1185 ex
3423 1139 3586 1186 testa-

2018 1240 2202 1281 mento
2243 1228 2326 1280 vel
2387 1228 2456 1282 ab
2502 1227 2787 1301 intestato,
2854 1225 3090 1280 mortuis
3140 1226 3260 1290 ejus
3317 1226 3586 1292 cognatis.

2017 1321 2325 1387 velaliqua
2367 1320 2472 1373 alia
2506 1320 2740 1378 ratione.
2779 1321 2844 1371 ad
2881 1333 3012 1372 eum
3051 1318 3422 1384 pervenerint,
3457 1317 3587 1385 quid

2020 1407 2144 1459 liet?
2175 1406 2407 1462 Salutio.
2458 1407 2598 1477 Lege
2645 1405 2890 1475 quintam
2930 1401 3197 1462 novellam
3252 1407 3589 1462 celeberrimi

2022 1498 2374 1566 imperatoris
2417 1500 2626 1554 domini
2677 1499 2880 1553 Leonis
2931 1500 3231 1568 Sapientis,
3279 1513 3400 1568 quae
3447 1509 3596 1554 com~'

2022 1592 2224 1658 prndio
2264 1601 2465 1646 tractat
2507 1609 2568 1647 ea
2603 1575 2726 1662 quae
2751 1594 3012 1664 superius
3045 1594 3190 1647 dicta
3216 1603 3379 1658 .suut,
3429 1605 3483 1648 et
3537 1585 3591 1647 in

2023 1687 2126 1738 line
2156 1696 2336 1749 cavet,
2375 1701 2438 1738 ne
2475 1701 2503 1737 a
2534 1689 2659 1752 jure
2692 1685 3004 1739 testamenti
3037 1686 3265 1738 omnino
3302 1696 3594 1740 arceantur

2026 1775 2322 1838 monachi;
2351 1776 2450 1848 qui
2482 1774 2643 1838 forte,
2676 1784 2966 1842 postquam
3001 1775 3254 1826 monachi
3289 1774 3415 1828 faeti
3440 1788 3590 1832 sunt.

2025 1868 2228 1922 divites
2253 1877 2578 1932 evaserunt,
2605 1867 2708 1919 Sed
2737 1866 2781 1919 si
2815 1852 3022 1933 aliquid
3068 1866 3286 1934 quidem
3319 1874 3597 1919 monaste-

2029 1961 2110 2012 rio
2155 1959 2306 2027 prius
2349 1957 2568 2012 dedisse
2619 1957 2720 2010 visi
2781 1966 2931 2017 sunt,
2969 1968 3328 2026 Cirtempore,
3376 1973 3486 2026 quo
3527 1959 3594 2010 ad

2027 2055 2202 2122 ipsum
2238 2061 2638 2114 accesserunt,
2683 2065 2802 2104 esse
2830 2065 2928 2102 eos
2979 2065 3190 2112 eorum,
3241 2065 3358 2118 quae
3407 2059 3595 2118 postea

2029 2147 2298 2212 acquisita
2336 2143 2564 2205 fuerint,
2601 2143 2976 2208 dominosLut
3013 2156 3073 2196 ea
3108 2142 3494 2195 administrent
3539 2151 3598 2194 ut

2028 2240 2241 2292 volunt.
2303 2220 2397 2292 Sin
2464 2248 2645 2290 autem
2701 2236 3036 2304 monasterio
3102 2234 3239 2287 nihil
3287 2234 3596 2296 dederunt,

2031 2332 2182 2402 ipsos
2212 2330 2434 2398 quidem
2468 2331 2535 2383 de
2569 2327 2784 2381 duabus
2818 2341 2981 2395 posse
3028 2326 3276 2395 partibus
3303 2325 3600 2396 disponere

2029 2425 2083 2469 et
2135 2417 2327 2469 testari
2385 2413 2682 2472 Secundino
2727 2412 2918 2480 leges:
2975 2413 3368 2466 monasterium
3418 2423 3599 2468 autem

2030 2510 2192 2562 aliam
2249 2517 2480 2574 partem,
2540 2507 2756 2560 scilicet
2817 2505 3078 2570 tertiam,
3143 2505 3408 2574 recipere.
3458 2504 3600 2570 Quid

2032 2611 2250 2662 autem,
2316 2601 2360 2654 si
2418 2599 2657 2652 noluerit
2708 2603 3010 2652 monachus
3059 2598 3124 2650 de
3179 2597 3266 2658 iis,
3315 2612 3434 2665 qua:
3483 2609 3605 2666 post

2033 2701 2318 2746 tmnsnram
2367 2690 2639 2759 acquisitt
2685 2697 2814 2761 sunt
2855 2690 3174 2758 disponere,
3233 2688 3605 2746 vindicabitne

2032 2794 2087 2841 et
2119 2785 2498 2855 appreliendet
2526 2782 2711 2836 omnia
2748 2782 3168 2842 ηιοιιθειθγὶιιιιι,
3205 2796 3273 2834 an
3311 2779 3343 2832 ii
3399 2780 3606 2850 potius,

2033 2878 2125 2950 qpi
2157 2878 2225 2930 ab
2269 2877 2530 2928 intestato
2589 2882 2892 2932 vocantur,
2945 2887 3029 2924 res
3085 2885 3177 2924 eas
3235 2871 3514 2939 recipient,
3557 2882 3610 2924 (ιι

2038 2967 2278 3026 maxime
2339 2965 2383 3016 si
2446 2963 2742 3016 defunctus
2809 2960 3012 3029 aliquid
3075 2962 3138 3012 ad
3216 2962 3607 3014 monasterium

2034 3056 2252 3110 attulit?
2301 3054 2526 3108 Salutio.
2559 3051 2876 3118 Philosophi
2931 3050 3155 3120 quidem
3213 3050 3423 3104 novella
3471 3045 3610 3104 nihil

2035 3147 2103 3202 de
2133 3148 2200 3200 iis
2231 3145 2520 3200 constituit
2555 3162 2566 3195 :
2605 3144 2736 3196 mihi
2773 3144 2954 3195 autem
3008 3141 3244 3200 videtur,
3283 3140 3430 3209 quod
3477 3151 3612 3196 tunc

2037 3241 2128 3292 illa
2163 3241 2460 3306 ﬁent,qua3
2491 3235 2747 3303 superius
2780 3239 2886 3291 sita
2918 3233 3132 3285 novella
3165 3232 3277 3286 ﬁeri
3300 3234 3609 3296 constituit,

2042 3333 2096 3384 in
2155 3348 2198 3382 rt
2218 3331 2324 3384 bus
2380 3343 2518 3397 quas
2567 3327 2731 3380 habet
2779 3325 3082 3376 monachus
3136 3332 3263 3376 ante
3303 3334 3611 3386 tonsuram,

2036 3421 2259 3490 quando
2294 3421 2338 3473 is
2369 3420 2666 3472 intestatus
2700 3399 3025 3470 decesserit.
3055 3414 3258 3466 Exorta
3296 3423 3383 3468 est
3428 3422 3612 3469 autem

2039 3515 2344 3581 aliquando
2399 3510 2776 3564 controversia
2815 3508 2870 3560 in
2903 3505 3124 3575 judicio
3167 3507 3312 3558 circa
3362 3504 3616 3560 monachi

2035 3607 2157 3674 jura
2201 3602 2587 3671 incorporalia,
2645 3615 2766 3669 quae
2797 3598 2866 3651 ab
2907 3613 2974 3652 eo
3021 3607 3151 3650 ante
3188 3608 3466 3650 tonsuram
3504 3611 3617 3650 non

2043 3699 2193 3758 fuere
2244 3695 2585 3763 dispensata.
2640 3693 2801 3745 Cum—
2831 3691 2978 3742 enim
3029 3690 3335 3742 monachus
3393 3688 3616 3757 quidam

2039 3803 2138 3856 pro
2178 3797 2370 3840 mutuo
2403 3786 2639 3853 aliquem
2677 3784 2729 3835 in
2761 3782 2853 3851 jus
2900 3782 3181 3844 traxisset,
3217 3781 3504 3849 quaesitum
3532 3791 3618 3834 est

2040 3894 2110 3930 an
2145 3877 2315 3946 possit
2342 3877 2646 3928 monachus
2687 3859 2975 3926 actionem'
3016 3869 3322 3931 intendere,
3363 3879 3416 3923 et
3462 3871 3617 3924 visus

2039 3978 2125 4022 est
2173 3984 2282 4021 non
2345 3981 2468 4021 esse
2523 3965 2591 4018 ad
2648 3965 2750 4017 hoc
2804 3960 3201 4016 admittendus.
3249 3959 3386 4014 Cum
3432 3970 3614 4014 autem

2042 4057 2446 4115 monasterium
2478 4057 2546 4111 ad
2586 4056 2854 4126 judicium
2890 4055 3154 4117 venisset,
3189 4061 3243 4106 et
3288 4063 3620 4120 proponeret

2036 4153 2164 4222 jura
2204 4150 2470 4205 monachi
2499 4158 2761 4214 tanquam
2795 4160 2858 4200 ex
2890 4158 3100 4197 canone
3133 4141 3201 4196 ad
3233 4157 3292 4195 se
3315 4143 3618 4210 pertinere,

2041 4245 2188 4316 quod
2221 4253 2347 4297 ante
2379 4251 2668 4296 tonsuram
2699 4239 2767 4293 de
2804 4239 2871 4292 iis
2911 4252 3024 4290 non
3052 4235 3425 4303 disposuerit:
3471 4233 3621 4286 dixe.

2045 4346 2172 4390 runt
2201 4351 2416 4390 reorum
2461 4332 2802 4396 defensores,
2833 4330 2977 4399 quod
3013 4345 3193 4398 neque
3220 4329 3616 4383 monasterium

2047 4447 2226 4499 neque
2259 4426 2515 4481 monachi
2550 4403 2785 4494 possunt
2817 4423 3090 4477 actionem
3151 4421 3460 4475 intendere.
3505 4419 3618 4472 Μοι

2045 4523 2254 4578 nachus
2285 4520 2430 4575 enim
2461 4519 2554 4589 qui
2591 4520 2703 4587 jam
2739 4528 2796 4570 ut
2845 4525 3095 4570 mortuus
3152 4530 3221 4569 ne
3268 4529 3355 4569 res
3397 4514 3616 4584 quidem

2044 4616 2229 4676 habet,
2279 4613 2348 4666 ad
2405 4613 2555 4666 litem
2614 4608 2936 4662 movendam
2999 4605 3212 4658 admitti
3269 4620 3379 4658 non
3435 4605 3617 4658 debet.

2048 4707 2438 4762 Monasterium
2475 4717 2626 4769 vero,
2656 4712 2715 4754 ut
2748 4701 2837 4755 cui
2871 4700 2962 4768 jus
2993 4699 3226 4752 actionis
3277 4696 3622 4766 incorporale

2047 4816 2374 4856 concessum
2405 4813 2515 4851 non
2545 4807 2650 4860 est,
2688 4795 2960 4847 actionem
2996 4791 3255 4853 intendit,
3310 4790 3469 4857 cujus
3509 4804 3618 4841 non

2047 4901 2131 4946 est
2185 4893 2481 4961 particeps.
2530 4874 2898 4941 Meminerunt
2948 4892 3130 4936 autem
3187 4891 3242 4935 et
3295 4882 3453 4951 legis,
3499 4897 3623 4949 qme

2049 4983 2212 5038 dicit:
2247 4981 2344 5036 Jus
2378 4963 2722 5046 incorporale
2754 4965 2799 5029 si
2833 4975 2900 5026 ab
2931 4975 3022 5026 illo
3065 4990 3173 5026 non
3224 4972 3459 5033 ceditur,
3511 4989 3619 5026 non

2050 5077 2251 5142 transit
2286 5074 2350 5127 ad
2386 5073 2620 5125 alterum
2657 5085 2671 5121 :
2710 5077 2763 5120 et
2797 5067 3055 5122 volebant
3088 5079 3238 5116 reum
3297 5064 3352 5116 in
3382 5064 3472 5133 jus
3518 5078 3624 5116 non

2050 5186 2175 5224 esse
2233 5163 2587 5226 trahendum,
2635 5161 2782 5231 quod
2834 5173 2899 5212 eo
2951 5156 3113 5208 modo
3143 5153 3324 5209 statim
3353 5154 3627 5208 exstincta

2052 5264 2123 5316 sit
2172 5262 2339 5312 artio.
2380 5251 2524 5310 'llaec
2571 5265 2754 5308 tamen
2800 5253 3046 5305 dicentes
3109 5245 3227 5300 non'
3281 5248 3624 5314 placuerunt.

2058 5355 2338 5406 Statutum
2371 5351 2516 5403 enim
2546 5356 2651 5407 est,
2688 5345 2836 5415 quod
2875 5341 3134 5412 quoniam
3176 5354 3284 5392 non
3323 5354 3386 5390 ex
3432 5350 3631 5405 propo-

2051 5447 2160 5499 sito
2190 5445 2465 5505 monachi,
2493 5441 2585 5511 qui
2616 5441 2780 5493 habet
2812 5439 2901 5506 jus
2934 5434 3306 5500 incorporale,
3339 5431 3480 5482 bona
3509 5427 3630 5494 ejus

2026 5539 2118 5592 -ad
2155 5535 2554 5609 monasterium
2591 5539 2899 5594 transeunt,
2925 5527 3021 5582 sed
3062 5542 3091 5578 a
3121 5525 3253 5592 legis
3277 5528 3627 5580 auctoritate,

2056 5633 2157 5685 rite
2209 5629 2373 5683 etiam
2442 5626 2560 5681 sine
2631 5623 2882 5678 cessione
2940 5621 3119 5688 ipsum
3185 5613 3287 5668 sibi
3350 5621 3626 5664 actionem

2063 5719 2645 5778 attribuet.Pra:terea
2690 5715 2948 5772 dicebant
2997 5705 3272 5774 nonnulli,
3320 5698 3467 5777 quod
3519 5708 3633 5754 nam
