4056 6402
296 3220 321 3229 ρ

352 370 497 443 tam

1575 379 1657 438 ΙΝ
1686 314 1871 435 CAN.‘
1895 371 2003 433 VII
2063 371 2272 433 CONC.
2305 372 2414 433 (ΣΡ.

3472 367 3609 433 1042

378 494 539 561 p'atae,
572 506 744 553 reum,
787 500 911 559 apta
944 491 1305 559 castigatione
1333 492 1399 545 ad
1434 488 1437 489 ⁷
1475 494 1768 546 sanitatem
1830 479 2020 536 reduci
2062 481 2255 548 placet.
2288 481 2485 536 Eadem
2514 496 2679 552 porro
2706 481 2907 553 inquit,
2947 497 2977 537 α
3007 483 3334 552 monialihus
3378 497 3612 551 quoque,

370 594 707 649 «umentique
733 584 797 637 de
832 584 1118 638 monachis
1150 585 1253 638 hoc
1287 600 1499 639 canone
1530 591 1657 637 sunt
1690 581 1933 633 decreta,
1979 585 2289 630 serventur.

370 682 590 735 ΑΡΙΣΤ.
628 699 645 731 ι
705 680 852 745 Ἐξὺν
892 681 951 733 ὃν
1003 684 1110 744 τοῖς
1154 683 1385 750 μονάσαι
1435 679 1782 751 βουλομένοις
1832 673 1944 724 δια-

2076 669 2281 728 ιΙὶΙὸΤ.
2319 693 2355 747 «ν
2379 673 2729 729 Monasticam
2765 673 2925 726 vitam
2955 670 3287 740 amplexnris
3315 679 3614 725 testamen-

450 792 468 823 ι
517 771 703 825 θέσθαι
751 771 1037 842 πρότερον,
1086 773 1134 824 εί
1175 773 1250 842 μὴ
1299 772 1584 832 διάθοιντο,
1617 770 1725 822 τῶν
1759 767 1973 826 αὐτοῖς·

446 882 465 914 ι
515 863 825 931 προσόντων
860 866 1141 932 κυριεύσει
1169 866 1229 914 τὶ)
1263 847 1653 931 μοναστήριον.
1684 861 1749 913 Εἰ
1798 860 1855 911 δέ
1889 876 1942 910 τι

449 972 467 1000 σ
518 953 930 1023 ίδιοποιήσαιτο,
966 955 1059 1007 καὶ
1093 955 1167 1025 μὴ
1200 954 1617 1025 ἀποκληρώσειε
1656 953 1717 1005 τὸ
1774 970 1942 1019 μονα-

448 1066 465 1097 ι
514 1047 758 1116 στήριον,
789 1046 937 1115 παρὰ
966 1049 1061 1100 τοῦ
1092 1049 1396 1117 ἡγουμένου
1442 1048 1483 1119 ἦ
1512 1047 1608 1101 τοῦ
1641 1045 1942 1099 ἐπισκόπου

449 1159 467 1189 ι
517 1140 768 1209 φανερῶς
820 1143 1292 1211 πιπρασκόμενον,
1324 1144 1560 1211 πτωχοῖς
1594 1140 1969 1209 κδιανεμηθήοηη

448 1253 470 1285 ί
516 1250 708 1285 σεταν
767 1236 862 1287 καὶ
914 1235 943 1286 ὁ
1003 1236 1399 1304 νοσφισάμενος
1458 1230 1940 1304 ὲπιτιμηθήσεται.

452 1345 472 1378 ί
518 1326 801 1395 Κρατήσει
827 1325 999 1378 ταῦτα
1029 1327 1123 1378 καὶ
1156 1328 1237 1388 εἰς
1270 1327 1631 1394 μοναζούσας.
1669 1346 1686 1377 ο

976 1419 1217 1471 ΚΑΝΩΝ
1270 1420 1345 1474 Z'.
1822 1484 1825 1487 η

380 1530 403 1562 ‹
451 1510 654 1572 Πολλὰς
697 1510 802 1562 τῶν
851 1512 1169 1564 ἐπισκοπῶν
1220 1512 1437 1581 ὁρῶμεν
1468 1513 1942 1574 καταπιπτούσας,

452 1622 471 1653 ι
517 1603 611 1654 καὶ
642 1603 937 1671 ἀφανισμῷ
966 1604 1156 1673 τελείῳ
1185 1605 1607 1666 κινδυνευούσας
1657 1603 1947 1671 παραδίδο-

449 1714 469 1746 ‹
518 1694 662 1757 σθαι,
691 1695 882 1764 ὅτιπερ
915 1698 961 1746 οἱ
995 1696 1201 1748 τούτων
1230 1696 1633 1764 προεστηκότες
1680 1695 1778 1764 τὴν
1820 1695 1947 1763 περὶ

452 1806 470 1835 ι
519 1786 699 1839 αὐτῶν
733 1788 994 1856 φροντίδα
1044 1790 1141 1840 καὶ
1197 1789 1514 1856 ἐπιμέλειαν
1548 1792 1628 1850 εἰς
1659 1788 1948 1858 νεουργίας

456 1897 476 1929 ι
526 1881 901 1949 μοναστηρίων
932 1881 1415 1944 καταναλίσκουσι,
1451 1881 1544 1933 καὶ
1591 1878 1792 1962 ξαύτας
1833 1880 1947 1931 δια-

450 1990 473 2023 (
523 1972 798 2035 σπῶντες,
854 1974 950 2026 καὶ
999 1973 1092 2025 τὸν
1148 1974 1513 2042 σςετερισμὸν
1565 1973 1673 2025 τῶν
1726 1972 1947 2023 εἰσόδων

454 2082 471 2114 ι
525 2064 1001 2133 ἑκμηχανώμενοι,
1033 2064 1132 2134 τὴν
1162 2066 1385 2117 ἐκείνων
1430 2063 1733 2132 ἐπαύξησιν
1770 2079 1946 2131 πραγ-

458 2173 475 2205 ι
524 2156 870 2223 ματεύονται.
899 2156 1122 2224 Ὠρισεν
1152 2155 1243 2209 οὖν
1271 2156 1357 2210 διὰ
1383 2155 1539 2208 τοῦτο
1584 2158 1616 2225 ἡ
1660 2157 1789 2222 ἁγία
1820 2158 1947 2208 σύν-

451 2266 471 2300 ί
519 2248 637 2310 οδος
665 2249 854 2317 μηδενλ⁵
880 2249 986 2301 τῶν
1011 2248 1326 2301 ἐπισκόπων
1355 2248 1558 2311 ἐξεῖναι
1588 2252 1951 2317 μοναστήριον

455 2358 474 2389 ί
523 2339 653 2391 ίδιον
720 2340 813 2390 ἐπὶ
870 2339 1165 2392 καταλύσει
1219 2341 1318 2409 τῆς
1379 2340 1587 2403 οἰκείας
1645 2340 1952 2408 ἐπισκοπῆς

456 2451 474 2479 ι
524 2434 825 2500 νεουργεῖν.
874 2432 937 2483 Ei
968 2431 1024 2483 δέ
1069 2449 1154 2493 τις
1184 2431 1465 2501 φωραθείη
1512 2430 1673 2485 τοῦτο
1714 2430 1950 2498 τολμῶν,

458 2542 475 2572 ι
520 2523 683 2575 αὑτὸν
737 2523 833 2592 μὲν
894 2523 972 2591 τῷ
1020 2525 1353 2593 προσήκοντι
1404 2523 1663 2592 ἐπιτιμίῳ
1711 2521 1953 2575 καθυπο-

460 2634 479 2665 ε
528 2616 847 2681 ϐάλλεσθαι,
897 2617 962 2668 τὸ
1008 2617 1066 2669 δὲ
1120 2617 1448 2685 νεουργηθὲν
1511 2618 1603 2669 ὑπ’
1649 2616 1836 2679 αὐτοῦ,
1879 2615 1954 2679 ὡς

460 2725 478 2756 ι
529 2706 665 2775 μηδὲ
710 2705 811 2777 τὴν
858 2707 1037 2777 ἀρχὴν
1088 2708 1451 2777 μοναστηρίου
1493 2708 1698 2760 δίκαιον
1731 2707 1956 2778 ἀπειλη-

461 2816 481 2849 ‹
525 2801 644 2868 φὺς,
688 2800 762 2860 ὡς
806 2799 1078 2853 ἰδιωτικὸν
1130 2800 1208 2871 τῷ
1241 2802 1580 2871 ὲπισκοπείῳ
1612 2801 1956 2871 προσκυροῦ-

463 2911 480 2942 ‹
530 2892 675 2944 σθαι.
711 2892 879 2945 Οὐδὲν
908 2893 1018 2962 γὰρ
1049 2893 1160 2945 τῶν
1191 2894 1527 2963 παρανόμως
1558 2895 1651 2946 καὶ
1702 2895 1958 2953 ἀτάκτως

434 3002 482 3045 ,ι
529 2984 1029 3052 παρυφισταμένων
1081 2983 1141 3035 τὸ
1184 2983 1466 3053 πρόκριμα
1504 2980 1613 3033 τῶν
1655 2979 1957 3034 κανονικῶν

466 3092 483 3125 ι
529 3074 939 3139 συνισταμένων
972 3072 1349 3141 ἀποφέρεσθαι
1382 3071 1625 3127 δύναται,
1665 3092 1681 3124 ο

461 3164 656 3218 ΒᾹΔΣ.
704 3163 1049 3217 Ἐπισκὸπων
1078 3162 1261 3228 τινῶν,
1310 3163 1384 3226 ὡς
1430 3164 1594 3228 ἔοικε,
1640 3164 1960 3231 νεουργούν-

387 3276 494 3310 των
526 3258 865 3327 μοναστήρια
900 3259 996 3309 καὶ
1024 3256 1537 3311 καταναλισκόντων
1583 3256 1682 3319 τὰς
1717 3257 1959 3318 εἰσόδους

372 3349 498 3401 “τῶν
529 3348 868 3411 ἐπισκοπῶν,
896 3349 1075 3419 ἇσπερ
1098 3348 1330 3418 ὤφειλον
1365 3351 1502 3418 μετὰ
1526 3348 1624 3419 τὴν
1654 3350 1961 3415 ἀναγκαίαν

383 3440 592 3495 τούτων
619 3442 865 3510 δαπάνην
900 3442 979 3503 είς
1009 3442 1362 3512 περιποίησιν
1385 3438 1493 3494 τῶν
1521 3441 1624 3509 τῆς
1655 3442 1960 3509 ἐπισκοπῆς

386 3533 685 3601 ταμιεύειν·
705 3534 849 3587 κατὰ
882 3532 973 3589 τὸν
1022 3534 1383 3587 ἀποστολικδν
1413 3534 1637 3593 κανόνα,
1668 3534 1964 3587 κάντεῦθεν

389 3625 503 3678 τῶν
545 3626 851 3692 ἐκκλησιῶν
888 3625 1071 3678 αὐτῶν
1118 3626 1599 3687 καταπιπτουσῶν,
1638 3628 1729 3678 καὶ
1779 3628 1858 3687 είς
1908 3624 1966 3676 τὸ

394 3717 562 3787 μηδὲν
597 3717 785 3787 σχεδὸν
833 3718 1274 3787 περιισταμένων
1302 3734 1316 3748 ·
1359 3717 1570 3786 ὥρισαν
1616 3718 1667 3768 oi
1721 3717 1967 3787 Πατέρες

390 3811 472 3882 μὴ
525 3814 806 3881 νεουργεῑν
856 3812 1154 3863 ὲπίσκοπιν
1202 3811 1568 3881 μοναστήριον
1602 3812 1732 3863 ἴδιον
1764 3810 1853 3862 διὰ
1905 3811 1966 3861 τὸ

389 3904 490 3958 ἐπὶ
518 3904 814 3958 καταλύσει
838 3904 939 3973 τῆς
968 3906 1278 3973 ἐπισκοπῆς
1305 3904 1465 3957 τοῦτο
1498 3903 1862 3967 καινίζεσθαι.
1898 3902 1964 3955 Εἰ

386 3994 450 4046 δὲ
500 3995 648 4065 παρὰ
696 3993 870 4049 ταῦτά
916 4012 1000 4057 τις
1034 3995 1331 4057 ἐπίσκοπος
1386 3995 1622 4062 ποιήσει,
1663 3994 1827 4056 αὐτὸς
1866 3994 1967 4064 μὲν

388 4087 654 4157 ἐπιτιμίῳ
703 4086 1290 4157 καθυποδληθήσεταιο
1336 4085 1398 4137 τὸ
1459 4087 1515 4138 δὲ
1572 4085 1968 4155 καινουργηθὲν

395 4179 762 4249 μοναστήριον
811 4179 915 4230 ὑπὸ
968 4180 1067 4248 τὴν
1103 4176 1427 4246 κυριότητα’
1457 4177 1660 4228 ὲσείται
1713 4178 1811 4244 τῆς
1849 4177 1970 4228 ἐπι-

389 4271 628 4340 σκοπῆς.
664 4272 776 4324 Καὶ
802 4272 830 4323 ὁ
853 4271 950 4340 μὲν
982 4268 1160 4322 κανὼν
1190 4273 1247 4322 ὲν
1266 4269 1497 4330 τούτοις.
1525 4269 1722 4330 Καλῶς
1755 4268 1812 4321 δὲ
1843 4263 1967 4321 εἷπε

395 4360 474 4430 μὴ
501 4360 644 4430 ἔχειν
675 4362 760 4414 ἐπ’
785 4360 969 4424 ἁδείας
999 4361 1088 4413 τὸν
1119 4360 1418 4413 ἐπίσκοπον
1448 4361 1512 4411 ὲκ
1541 4358 1661 4411 νέου
1702 4360 1969 4423 καινίζειν

396 4455 764 4524 μοναστήριον
809 4454 904 4506 ἐπὶ
956 4452 1253 4506 καταλύσει
1303 4452 1401 4521 τῆς
1449 4453 1587 4513 ἰδίας
1635 4453 1963 4521 ἐπισκοπῆς.

395 4548 462 4599 Εἰ
493 4546 601 4615 γὰρ
636 4546 697 4599 τὸ
726 4546 890 4616 προδν
927 4546 1293 4616 μοναστήριον
1328 4544 1667 4607 άνακαινίζει
1697 4561 1800 4609 τις,
1837 4544 1971 4610 φθά-

397 4657 501 4691 σαν
555 4638 1005 4705 καταπτωθῆναι,
1058 4637 1150 4689 καὶ
1208 4638 1341 4707 μηδὲ
1393 4630 1467 4689 τὰ
1509 4637 1605 4706 τῆς
1661 4638 1970 4705 ἐπισκοπῆς
2030 4682 2035 4685 ,

2121 783 2140 815 ‹
2184 774 2295 819 tum
2323 767 2473 835 prius
2503 765 2737 819 condere
2763 766 2923 818 licet:
2949 766 2995 816 si
3014 774 3196 817 autem
3226 771 3611 816 testamentum

2122 876 2141 908 ι
2185 872 2289 910 non
2328 858 2580 921 fecerint,
2604 857 2742 910 bona
2774 870 2963 910 eorum
3001 854 3299 922 possidebit
3334 861 3612 906 monaste—

2125 969 2143 1001 ι
2188 950 2354 1004 rium.
2386 948 2480 1004 Sin
2517 950 2816 1018 quidquam
2855 948 2958 1002 sibi
2994 949 3119 1016 quis
3150 945 3534 1002 resrrvaverit.
3562 953 3615 998 et

2127 1062 2143 1094 ι
2180 1044 2576 1097 monasterium
2612 1041 2742 1095 illud
2776 1056 2883 1094 non
2912 1041 3165 1095 sortitum
3204 1037 3390 1101 fuerit,
3420 1053 3449 1090 a
3480 1053 3618 1102 pra:-

2090 1155 2141 1199 ~r
2170 1134 2323 1189 'iecto
2358 1134 2437 1189 vel
2459 1135 2715 1202 episcopo
2746 1134 2922 1201 palam
2948 1131 3250 1191 venditum,
3289 1129 3616 1198 pauperibus

2125 1247 2145 1281 ι
2184 1228 2590 1281 distribnetur:
2640 1234 2697 1280 et
2742 1225 2839 1293 qui
2900 1224 3189 1289 surripuit,
3236 1221 3617 1292 castigabitur.

2125 1341 2144 1372 ι
2184 1320 2384 1374 Eadem
2420 1330 2473 1373 et
2508 1320 2560 1372 in
2595 1317 2931 1375 mouialibus
2963 1318 3241 1370 valebunt.
3278 1333 3297 1366 ι

2639 1407 2868 1463 CANON
2914 1408 3023 1462 νη.

2053 1524 2071 1555 ι
2110 1504 2308 1559 Multos
2360 1504 2711 1572 episcOpatus
2765 1518 2954 1563 ruere,
3008 1512 3064 1554 et
3115 1508 3379 1569 perpetuo
3447 1497 3617 1552 exitio

2125 1617 2143 1649 ι
2182 1598 2318 1652 tradi
2355 1596 2630 1661 vi‘demus,
2665 1597 2808 1665 quod
2849 1596 2941 1665 qui
2974 1596 3056 1649 eis
3102 1603 3368 1663 prmsuul,
3399 1606 3617 1644 uutnetn

2131 1706 2152 1742 ε
2190 1691 2257 1743 de
2309 1690 2392 1745 eis
2439 1704 2627 1743 curam
2675 1699 2729 1741 et
2765 1688 3198 1743 sollicitudinem
3259 1686 3311 1737 in
3374 1691 3620 1736 recentes

2123 1801 2142 1833 ι
2182 1782 2650 1851 monasteriorum
2711 1772 3118 1834 exStructioncs
3178 1776 3503 1837 conferunt,
3564 1784 3620 1827 et

2125 1894 2143 1924 ‹
2184 1887 2278 1926 eos
2312 1872 2634 1927 divellcntes
2685 1886 2748 1925 ac
2798 1872 3188 1931 distrahentes,
3250 1878 3304 1923 et
3354 1878 3413 1920 ut
3458 1867 3522 1919 ad
3556 1882 3617 1920 sc

2130 1984 2148 2015 ι
2188 1965 2495 2035 pertineant
2552 1964 2780 2027 reditus,
2853 1963 3157 2022 molientes,
3222 1970 3282 2012 ut
3342 1960 3456 2028 ipsa
3517 1975 3614 2013 au-

2124 2077 2143 2109 c
2186 2064 2437 2127 geantur,
2499 2056 2771 2110 laborant.
2822 2053 2938 2108 Hoc
2986 2069 3123 2124 ergo
3185 2053 3378 2107 statuit
3424 2060 3613 2103 sancta
3684 2056 3691 2059 ‘

2127 2170 2144 2202 ι
2191 2150 2475 2221 synodus,
2526 2149 2658 2203 nulli
2703 2148 2868 2200 licere
2900 2147 3158 2214 episc0po
3189 2145 3458 2213 privatum
3509 2158 3624 2194 ιιιο-

2129 2259 2147 2291 ‹
2192 2239 2491 2293 nasterinm
2522 2239 2587 2292 ad
2617 2238 2820 2307 proprii
2854 2238 3208 2305 epise0patus
3236 2235 3529 2302 perniciem
3559 2232 3624 2284 de

2128 2349 2147 2384 ι
2188 2348 2329 2386 novo
2383 2340 2692 2386 exstruere.
2747 2329 2803 2383 Si
2858 2328 2983 2398 quis
3039 2336 3217 2385 autem
3277 2327 3377 2378 hoc
3423 2325 3629 2379 audere

2132 2446 2150 2478 ‹
2192 2425 2566 2495 deprehensus
2602 2424 2786 2483 fuerit,
2818 2423 2993 2490 ipsum
3027 2420 3243 2489 quidem
3275 2419 3624 2472 eonvenienti

2131 2537 2149 2569 ι
2194 2530 2366 2585 pmna:
2403 2514 2603 2583 subjici
2646 2533 2659 2567 :
2716 2514 2859 2582 quod
2919 2512 2988 2565 ab
3045 2511 3163 2579 ipso
3202 2520 3382 2564 autem
3434 2524 3627 2563 recens

2134 2628 2152 2660 ι
2192 2615 2533 2662 exstructum
2564 2614 2668 2670 est,
2703 2615 2763 2659 ut
2788 2603 2932 2672 quod
2965 2618 3066 2657 nec
3092 2600 3177 2656 est
3228 2602 3295 2655 ab
3328 2601 3485 2654 initio
3532 2602 3625 2669 jus

2134 2723 2153 2753 ε
2196 2701 2517 2755 monasterii
2551 2699 2837 2761 sortitum,
2868 2696 3233 2769 utprivatum
3278 2694 3623 2762 episcopatui

2135 2814 2155 2846 ι
2197 2793 2459 2848 adscribi.
2488 2791 2633 2845 Nihil
2663 2791 2810 2845 enim
2844 2804 3055 2851 eorum,
3102 2802 3222 2856 quae
3249 2794 3447 2855 pra'ter
3482 2784 3629 2853 leges

2144 2906 2161 2937 ι
2203 2896 2257 2939 et
2310 2887 2564 2940 ordinate
2628 2885 2988 2944 consistunt,
3055 2880 3120 2934 iis
3180 2894 3300 2948 qute
3363 2876 3629 2931 canonice

2140 2997 2158 3029 ι
2202 2977 2508 3030 constituta
2575 2983 2747 3039 sunt,
2778 3022 2793 3029 κ
2819 2970 3199 3041 prajudicium
3234 3034 3237 3037 η
3271 2965 3469 3024 afferre
3524 2981 3624 3035 po-
3710 2982 3715 2991 ε

2140 3086 2156 3115 ι
2194 3076 2323 3118 test.
2366 3082 2383 3115 ι

2135 3153 2329 3208 BALS.
2361 3154 2495 3208 Cum
2526 3153 2770 3222 episcopi
2805 3150 3054 3217 quidam,
3093 3160 3149 3202 ut
3179 3156 3263 3204 est
3309 3146 3628 3222 verisimile.

2068 3245 2398 3299 monasteria
2428 3244 2497 3299 de
2528 3259 2673 3297 novo
2703 3252 3073 3302 exstruerem,
3108 3248 3162 3292 et
3210 3238 3628 3306 episcopatuum

2066 3339 2277 3394 reditus
2310 3345 2727 3401 consumerent,
2768 3349 2907 3404 quos
2935 3334 3191 3394 debeant,
3228 3340 3346 3399 pcst
3378 3341 3633 3383 necessa-

2070 3424 2176 3486 rias
2213 3434 2495 3501 impensas
2526 3430 2592 3484 ad
2624 3443 2686 3484 ea
2736 3425 3103 3497 comparanda
3150 3440 3271 3493 qum
3305 3421 3370 3475 ad
3418 3421 3633 3492 episco-

2068 3535 2252 3595 patum
2285 3524 2562 3593 pertinent
2610 3520 2932 3580 recondere,
2971 3514 3131 3586 345
3190 3523 3246 3567 ut
3296 3515 3409 3566 vult
3455 3524 3623 3565 canor

2067 3617 2436 3687 apostolicus;
2476 3623 2678 3668 etcum
2704 3610 2954 3665 ecclesiae
2990 3624 3052 3662 ea
3085 3607 3152 3660 de
3188 3620 3352 3659 causa
3389 3616 3631 3662 ruerent.

2068 3721 2121 3764 et
2150 3709 2217 3763 ad
2254 3708 2483 3761 nihilum
2505 3705 2617 3759 fere
2639 3702 3052 3769 redigerentur:
3086 3706 3397 3754 Statuerunt
3421 3696 3631 3760 Patres,
3688 3765 3693 3779 ί

2068 3819 2134 3856 ne
2189 3802 2480 3870 episcopus
2540 3797 2816 3863 privatum
2884 3792 3277 3849 monasterium
3353 3792 3419 3843 de
3496 3803 3635 3842 novo

2068 3902 2397 3953 exstrueret,
2454 3889 2597 3958 quod
2660 3889 2762 3941 hoc
2805 3887 2871 3940 ad
2924 3886 3277 3955 episcopatus
3338 3880 3633 3950 perniciem

2071 3988 2447 4041 innovaretur.
2488 3983 2543 4037 Si
2585 3981 2708 4050 quis
2737 3990 2919 4032 autem
2955 3977 3248 4045 episcopus
3293 3981 3491 4042 praeter
3522 3971 3638 4024 lnec

2072 4080 2284 4143 l‘ucerit,
2320 4078 2435 4145 ipse
2471 4074 2692 4142 quidem
2729 4086 2904 4141 pmnaz
2955 4068 3282 4134 subjicietur
3315 4082 3328 4116 :
3376 4064 3441 4116 de
3498 4075 3638 4114 novo

2070 4183 2252 4229 autem
2328 4169 2531 4223 factum
2585 4162 2981 4219 monasterium
3053 4159 3157 4212 erit
3217 4157 3320 4211 sub
3392 4153 3639 4208 dominio

2054 4267 2442 4335 episcopatus.
2508 4256 2573 4309 Et
2622 4256 2678 4339 in,
2731 4254 2816 4306 his
2861 4251 3079 4320 quidem
3131 4247 3383 4303 consistit
3437 4258 3637 4297 canon.

2070 4342 2245 4412 Recie
2269 4366 2450 4409 autem
2491 4348 2651 4413 dixit,
2688 4362 2795 4399 non
2848 4347 3010 4398 licere
3056 4342 3316 4411 episc0po
3368 4346 3643 4391 [nonaste-

2075 4428 2211 4506 rium
2253 4449 2323 4501 de
2360 4460 2503 4499 novo
2533 4453 2840 4500 exstruere,
2886 4437 2952 4490 ad
2989 4436 3073 4489 sui
3126 4433 3481 4513 episcopatus
3524 4427 3642 4481 exi-

2076 4544 2232 4613 ιίυιιι.
2267 4541 2323 4593 Si
2362 4536 2487 4607 quis
2520 4535 2665 4587 enim
2718 4530 2862 4599 quod
2909 4537 3034 4580 ante
3078 4534 3195 4578 erat
3245 4514 3640 4599 monasterium

2076 4607 2129 4692 et
2163 4635 2312 4704 prius
2348 4632 2663 4685 corruerat,
2707 4628 2954 4682 renovet,
3011 4630 3109 4669 nec
3160 4627 3261 4667 suo
3302 4607 3641 4679 episcopatui

398 4732 568 4785 αὑτοῦ
597 4732 944 4801 λυμαίνεται,
971 4732 1031 4783 οὐ
1063 4730 1445 4800 κωλυθήσεται
1492 4730 1721 4798 ποιῆσαι
1749 4729 1816 4781 τὰ
1849 4729 1970 4797 βου-

2078 4703 2468 4784 detrimentum
2527 4717 2742 4778 aﬂ'erat,
2769 4729 2875 4767 non
2911 4706 3287 4781 prohibebitur
3320 4703 3497 4758 facere
3526 4716 3646 4791 quae

397 4828 571 4894 λητέα
602 4823 768 4894 αὐτῷ·
806 4824 995 4892 ὥσπερ
1024 4826 1085 4876 οὐ
1116 4825 1519 4897 κωλυθήσεται,
1545 4823 1619 4884 ὡς
1654 4821 1779 4891 ἐμοὶ
1804 4822 1970 4886 δοκεῖ,

2077 4822 2251 4876 velit:
2297 4810 2761 4886 quemadmodum
2816 4820 2915 4857 nec
2966 4799 3365 4870 prohibebitur,
3409 4804 3465 4848 ut
3511 4792 3642 4885 mihi

399 4920 500 4973 καὶ
527 4919 886 4989 μοναστήριον
925 4918 988 4968 ἐκ
1020 4906 1218 4983 καινῆς
1254 4916 1554 4983 ἀνεγεῖραι,
1588 4915 1748 4982 εἰπερ
1780 4913 1848 4965 τὰ
1876 4916 1977 4982 τῆς

401 5014 710 5082 ἐπισκοπῆς
737 5012 799 5064 ού
836 5010 1179 5079 λυμαίνεται,
1213 5007 1329 5061 ἀλλ’
1358 5007 1570 5061 οἴκοθεν
1604 5006 1702 5077 τὴν
1730 5006 1975 5074 δαπάνην

404 5107 568 5158 ποιεί.
614 5104 688 5158 Τὸ
721 5106 829 5173 γὰρ
878 5100 1242 5162 ἀδιαστίκτως
1273 5097 1437 5160 οὕτω,
1468 5102 1562 5152 καὶ
1602 5101 1690 5151 ὅτε
1734 5098 1807 5167 μὴ
1847 5096 1976 5165 βλέιυ

403 5214 598 5251 πτεται
629 5199 663 5267 ἡ
698 5195 990 5265 ὲπισκοπὴ,
1037 5191 1338 5247 κωλύσεται
1386 5192 1478 5243 τὸν
1513 5192 1809 5243 ἐπίσκοπον
1852 5208 1972 5242 και-

401 5294 652 5361 νουργεῖν
702 5289 1065 5360 μοναστήριον
1100 5288 1180 5351 εἰς
1210 5284 1523 5351 δοξολογίαν
1553 5282 1688 5335 Θεοῦ
1738 5282 1834 5334 καὶ
1870 5300 1975 5333 σω-

402 5380 604 5455 τηρίαν
648 5382 836 5454 ψυχῶν
882 5383 983 5434 οὐκ
1029 5380 1178 5434 ἐστιν
1232 5376 1659 5444 εὐπαράδεκτον,
1713 5375 1833 5426 οὐδὲ
1872 5374 1972 5443 τῆς

400 5478 515 5533 τῶν
548 5479 808 5546 Πατὲρων
838 5475 1162 5543 διακρίσεως
1192 5471 1446 5534 ἐπάξιον.
1481 5469 1589 5521 Καὶ
1617 5467 1779 5529 αὐτὸς
1808 5468 1918 5537 γὰρ
1948 5470 1976 5519 ό

402 5571 505 5639 τῆς
557 5569 837 5639 παρούσης
888 5567 1103 5619 συνόδου
1160 5566 1375 5637 πρῶτος
1407 5603 1421 5624 ,
1476 5564 1505 5613 ὁ
1555 5562 1977 5629 μακαριώτατος

403 5662 633 5724 Φώτιος,
662 5658 762 5726 τὴν
792 5655 884 5710 τοῦ
912 5654 1167 5724 Μανουὴλ
1196 5652 1367 5725 μονὴν
1397 5654 1461 5704 ἐκ
1494 5650 1775 5721 κρηπίδων
1797 5650 1977 5713 αὐτῶν

410 5752 597 5819 σχεδὸν
630 5754 709 5813 είς
740 5750 768 5802 δ
802 5748 895 5802 νῦν
931 5749 1127 5818 δρᾶται
1158 5746 1353 5807 κάλλος
1397 5744 1490 5797 καὶ
1524 5740 1757 5812 μέγεθος
1809 5740 1985 5814 κατέ-

416 5860 601 5911 στησε.
636 5842 744 5897 Καὶ
770 5844 797 5895 ό
825 5838 1131 5910 ἁγιώτατος
1176 5837 1381 5900 ἐκεῖνος
1416 5833 1762 5906 πατριάρχης
1813 5831 1978 5903 κυρδς

706 5998 733 6029 ,ν

2073 4913 2296 4984 quidem
2330 4907 2563 4962 videtur.
2604 4896 2994 4952 monasterium
3033 4893 3098 4944 de
3134 4904 3273 4943 novo
3302 4876 3595 4957 excitareis
3624 4921 3643 4949 ,

2076 4977 2183 5060 non
2216 5001 2411 5055 afferat
2450 4993 2855 5048 incommodum
2892 4982 3252 5055 episcopatui,
3287 4977 3395 5033 sed
3422 4980 3545 5067 eum
3580 4991 3645 5030 ex

2075 5059 2132 5154 se
2161 5093 2438 5160 sumptum
2474 5089 2660 5143 faciat.
2690 5084 2782 5139 Sic
2811 5080 2952 5136 enim
2982 5076 3322 5140 indistincte,
3342 5059 3646 5141 ‘et‘quando

2038 5198 2193 5246 'nou
2260 5184 2478 5241 laeditur
2536 5182 2907 5249 episc0patus,
2970 5164 3253 5243 prohiberi
3303 5165 3645 5235 episcopum,

2087 5281 2386 5353 quominus
2426 5274 2493 5328 ad
2547 5273 2637 5326 Dei
2684 5271 2948 5324 honorem
2985 5272 3038 5317 et
3072 5261 3373 5315 animarum
3417 5256 3647 5341 salutem

2086 5340 2152 5435 de
2182 5390 2321 5431 novo
2358 5368 2752 5425 monasterium
2797 5370 3064 5419 exstruat,
3109 5356 3229 5411 non'
3247 5364 3327 5435 est
3358 5340 3651 5424 admitten-

2086 5473 2239 5530 dtun,
2272 5479 2370 5517 nec
2425 5460 2647 5513 Patrum
2700 5453 2907 5524 judicio
2948 5465 3012 5503 ac
3064 5444 3348 5515 prudentia
3398 5440 3649 5509 dignum.
3700 5522 3701 5527 1

2087 5555 2233 5610 Nam
2250 5563 2304 5607 et
2328 5554 2442 5621 ipse
2478 5547 2763 5618 praesentis
2794 5542 2988 5615 synodi
3027 5539 3261 5608 primus,
3296 5531 3650 5611 beatissimus

2081 5645 2337 5705 Photius,
2396 5639 2711 5695 Emanuelis
2764 5632 3162 5688 monasterium
3231 5627 3298 5681 ab
3362 5623 3494 5694 ipsis
3538 5622 3652 5676 fere

2085 5734 2455 5790 fundamentis
2484 5731 2550 5784 ad
2590 5744 2731 5792 eam,
2781 5742 2902 5795 qua:
2946 5736 3091 5776 nunc
3132 5720 3369 5777 videtur.
3412 5706 3652 5782 pulchri-

2087 5828 2328 5882 tudinem
2360 5833 2413 5880 ct
2443 5818 2872 5894 magnitudinem
2899 5816 3143 5871 deduxit.
3175 5811 3241 5868 Et
3262 5798 3649 5867 sanctissimus
