  <div class='ocr_page' id='page_1' title='image "/cluster/home/n/w/nwhite01/storage/ocr_20150623/137:no.1/coo.31924054870427/528.png"; bbox 0 0 4056 6448; ppageno 0'>
   <div class='ocr_carea' id='block_1_1' title="bbox 331 400 472 465">
    <p class='ocr_par' dir='ltr' id='par_1_1' title="bbox 331 400 472 465">
     <span class='ocr_line' id='line_1_1' title="bbox 331 400 472 465; baseline 0.007 -6"><span class='ocrx_word' id='word_1_1' title='bbox 331 400 472 465; x_wconf 65' lang='grc' dir='ltr'><strong>1ἑ145</strong></span> 
     </span>
    </p>
   </div>
   <div class='ocr_carea' id='block_1_2' title="bbox 1522 411 2395 477">
    <p class='ocr_par' dir='ltr' id='par_1_2' title="bbox 1522 411 2395 477">
     <span class='ocr_line' id='line_1_2' title="bbox 1522 411 2395 477; baseline 0.008 -9"><span class='ocrx_word' id='word_1_2' title='bbox 1522 411 1600 469; x_wconf 76' lang='grc' dir='ltr'>ΙΝ</span> <span class='ocrx_word' id='word_1_3' title='bbox 1639 413 1801 473; x_wconf 78' lang='lat' dir='ltr'><strong>CAN.</strong></span> <span class='ocrx_word' id='word_1_4' title='bbox 1847 415 1987 473; x_wconf 80' lang='lat' dir='ltr'><strong>Vill</strong></span> <span class='ocrx_word' id='word_1_5' title='bbox 2023 417 2258 477; x_wconf 36' lang='lat' dir='ltr'><strong>CONC.‘</strong></span> <span class='ocrx_word' id='word_1_6' title='bbox 2290 418 2395 475; x_wconf 66' lang='lat' dir='ltr'><strong>Cl’.</strong></span> 
     </span>
    </p>
   </div>
   <div class='ocr_carea' id='block_1_3' title="bbox 3426 412 3565 473">
    <p class='ocr_par' dir='ltr' id='par_1_3' title="bbox 3426 412 3565 473">
     <span class='ocr_line' id='line_1_3' title="bbox 3426 412 3565 473; baseline 0.007 -1"><span class='ocrx_word' id='word_1_7' title='bbox 3426 412 3565 473; x_wconf 67' lang='lat' dir='ltr'><strong>tum</strong></span> 
     </span>
    </p>
   </div>
   <div class='ocr_carea' id='block_1_4' title="bbox 322 506 1897 597">
    <p class='ocr_par' dir='ltr' id='par_1_4' title="bbox 322 515 1891 594">
     <span class='ocr_line' id='line_1_4' title="bbox 322 515 1891 594; baseline 0.008 -29"><span class='ocrx_word' id='word_1_8' title='bbox 322 515 609 584; x_wconf 81' lang='grc' dir='ltr'>ἐσομένης.</span> <span class='ocrx_word' id='word_1_9' title='bbox 666 515 728 568; x_wconf 85' lang='grc' dir='ltr'>Εἰ</span> <span class='ocrx_word' id='word_1_10' title='bbox 772 515 828 567; x_wconf 81' lang='grc' dir='ltr'><strong>δὲ</strong></span> <span class='ocrx_word' id='word_1_11' title='bbox 874 519 1031 570; x_wconf 82' lang='grc' dir='ltr'>τοῦτο</span> <span class='ocrx_word' id='word_1_12' title='bbox 1056 519 1340 589; x_wconf 73' lang='grc' dir='ltr'><strong>τολμήσει,</strong></span> <span class='ocrx_word' id='word_1_13' title='bbox 1373 524 1557 589; x_wconf 67' lang='grc' dir='ltr'>φησιν,</span> <span class='ocrx_word' id='word_1_14' title='bbox 1595 523 1757 586; x_wconf 80' lang='grc' dir='ltr'>αὐτὸς</span> <span class='ocrx_word' id='word_1_15' title='bbox 1794 528 1891 594; x_wconf 85' lang='grc' dir='ltr'>μὲν</span> 
     </span>
    </p>
   </div>
   <div class='ocr_carea' id='block_1_5' title="bbox 1999 506 3554 597">
    <p class='ocr_par' dir='ltr' id='par_1_5' title="bbox 1999 526 3554 597">
     <span class='ocr_line' id='line_1_5' title="bbox 1999 526 3554 597; baseline -0.003 -16"><span class='ocrx_word' id='word_1_16' title='bbox 1999 531 2332 597; x_wconf 82' lang='lat' dir='ltr'><strong>episcopatui</strong></span> <span class='ocrx_word' id='word_1_17' title='bbox 2370 528 2708 582; x_wconf 85' lang='lat' dir='ltr'><strong>eversionem</strong></span> <span class='ocrx_word' id='word_1_18' title='bbox 2745 528 2979 580; x_wconf 85' lang='lat' dir='ltr'><strong>allatura</strong></span> <span class='ocrx_word' id='word_1_19' title='bbox 3012 528 3119 589; x_wconf 87' lang='lat' dir='ltr'><strong>sit,</strong></span> <span class='ocrx_word' id='word_1_20' title='bbox 3162 526 3307 579; x_wconf 47' lang='lat' dir='ltr'><strong>nul’li‘</strong></span> <span class='ocrx_word' id='word_1_21' title='bbox 3326 542 3554 593; x_wconf 88' lang='lat' dir='ltr'><strong>prorsus</strong></span> 
     </span>
    </p>
   </div>
   <div class='ocr_carea' id='block_1_6' title="bbox 320 610 1887 682">
    <p class='ocr_par' dir='ltr' id='par_1_6' title="bbox 320 610 1887 682">
     <span class='ocr_line' id='line_1_6' title="bbox 320 610 1887 682; baseline 0.007 -22"><span class='ocrx_word' id='word_1_22' title='bbox 320 610 782 677; x_wconf 73' lang='grc' dir='ltr'>ἐπιτιμηοήσεται</span> <span class='ocrx_word' id='word_1_23' title='bbox 818 612 966 676; x_wconf 81' lang='grc' dir='ltr'>ποιρά</span> <span class='ocrx_word' id='word_1_24' title='bbox 1002 611 1094 662; x_wconf 77' lang='grc' dir='ltr'><strong>τοῦ</strong></span> <span class='ocrx_word' id='word_1_25' title='bbox 1124 614 1551 682; x_wconf 68' lang='grc' dir='ltr'><strong>χειροτονοῦντος</strong></span> <span class='ocrx_word' id='word_1_26' title='bbox 1601 618 1791 669; x_wconf 72' lang='grc' dir='ltr'>αὐτόν’</span> <span class='ocrx_word' id='word_1_27' title='bbox 1827 619 1887 671; x_wconf 85' lang='grc' dir='ltr'>τὸ</span> 
     </span>
    </p>
   </div>
   <div class='ocr_carea' id='block_1_7' title="bbox 319 700 1888 778">
    <p class='ocr_par' dir='ltr' id='par_1_7' title="bbox 319 700 1888 778">
     <span class='ocr_line' id='line_1_7' title="bbox 319 700 1888 778; baseline 0.007 -27"><span class='ocrx_word' id='word_1_28' title='bbox 319 700 378 751; x_wconf 80' lang='grc' dir='ltr'>δὲ</span> <span class='ocrx_word' id='word_1_29' title='bbox 414 702 740 769; x_wconf 82' lang='grc' dir='ltr'>νεουργηθὲν</span> <span class='ocrx_word' id='word_1_30' title='bbox 773 700 901 771; x_wconf 78' lang='grc' dir='ltr'>παρ’</span> <span class='ocrx_word' id='word_1_31' title='bbox 931 704 1092 755; x_wconf 78' lang='grc' dir='ltr'>αὐτοῦ</span> <span class='ocrx_word' id='word_1_32' title='bbox 1126 707 1190 773; x_wconf 88' lang='grc' dir='ltr'>τῇ</span> <span class='ocrx_word' id='word_1_33' title='bbox 1244 706 1512 775; x_wconf 79' lang='grc' dir='ltr'><strong>ἐπισκοπῇ</strong></span> <span class='ocrx_word' id='word_1_34' title='bbox 1566 725 1888 778; x_wconf 81' lang='grc' dir='ltr'>προσκυρω-</span> 
     </span>
    </p>
   </div>
   <div class='ocr_carea' id='block_1_8' title="bbox 321 791 1886 869">
    <p class='ocr_par' dir='ltr' id='par_1_8' title="bbox 321 791 1886 869">
     <span class='ocr_line' id='line_1_8' title="bbox 321 791 1886 869; baseline 0.007 -28"><span class='ocrx_word' id='word_1_35' title='bbox 321 791 568 860; x_wconf 87' lang='grc' dir='ltr'>θήσεται,</span> <span class='ocrx_word' id='word_1_36' title='bbox 603 795 697 843; x_wconf 68' lang='grc' dir='ltr'><strong>καὶ</strong></span> <span class='ocrx_word' id='word_1_37' title='bbox 730 792 884 846; x_wconf 78' lang='grc' dir='ltr'>ἔσται</span> <span class='ocrx_word' id='word_1_38' title='bbox 911 794 1048 861; x_wconf 79' lang='grc' dir='ltr'>αὐτῇ</span> <span class='ocrx_word' id='word_1_39' title='bbox 1085 794 1397 865; x_wconf 83' lang='grc' dir='ltr'>ἱδιόκτητον,</span> <span class='ocrx_word' id='word_1_40' title='bbox 1455 797 1645 867; x_wconf 80' lang='grc' dir='ltr'>ὥσπερ</span> <span class='ocrx_word' id='word_1_41' title='bbox 1669 802 1719 851; x_wconf 87' lang='grc' dir='ltr'>εἰ</span> <span class='ocrx_word' id='word_1_42' title='bbox 1753 802 1886 869; x_wconf 79' lang='grc' dir='ltr'>μηδὲ</span> 
     </span>
    </p>
   </div>
   <div class='ocr_carea' id='block_1_9' title="bbox 323 885 1887 961">
    <p class='ocr_par' dir='ltr' id='par_1_9' title="bbox 323 885 1887 961">
     <span class='ocr_line' id='line_1_9' title="bbox 323 885 1887 961; baseline 0.004 -26"><span class='ocrx_word' id='word_1_43' title='bbox 323 885 690 953; x_wconf 84' lang='grc' dir='ltr'>μοναστήριον</span> <span class='ocrx_word' id='word_1_44' title='bbox 736 886 968 952; x_wconf 83' lang='grc' dir='ltr'>ἐγένετο.</span> <span class='ocrx_word' id='word_1_45' title='bbox 1001 887 1080 938; x_wconf 87' lang='grc' dir='ltr'><strong>Τά</strong></span> <span class='ocrx_word' id='word_1_46' title='bbox 1130 886 1237 955; x_wconf 83' lang='grc' dir='ltr'>γὰρ</span> <span class='ocrx_word' id='word_1_47' title='bbox 1268 889 1595 957; x_wconf 77' lang='grc' dir='ltr'>παρανόμως</span> <span class='ocrx_word' id='word_1_48' title='bbox 1628 892 1887 961; x_wconf 72' lang='grc' dir='ltr'>γινόμενα</span> 
     </span>
    </p>
   </div>
   <div class='ocr_carea' id='block_1_10' title="bbox 317 976 1891 1053">
    <p class='ocr_par' dir='ltr' id='par_1_10' title="bbox 317 976 1891 1053">
     <span class='ocr_line' id='line_1_10' title="bbox 317 976 1891 1053; baseline 0.006 -27"><span class='ocrx_word' id='word_1_49' title='bbox 317 977 422 1027; x_wconf 82' lang='grc' dir='ltr'><strong>οὑκ</strong></span> <span class='ocrx_word' id='word_1_50' title='bbox 459 976 673 1029; x_wconf 81' lang='grc' dir='ltr'>ἔσονται</span> <span class='ocrx_word' id='word_1_51' title='bbox 701 979 781 1040; x_wconf 89' lang='grc' dir='ltr'>εἰς</span> <span class='ocrx_word' id='word_1_52' title='bbox 815 978 1021 1048; x_wconf 79' lang='grc' dir='ltr'><strong>βλάϐην</strong></span> <span class='ocrx_word' id='word_1_53' title='bbox 1048 982 1141 1032; x_wconf 67' lang='grc' dir='ltr'>καὶ</span> <span class='ocrx_word' id='word_1_54' title='bbox 1171 982 1484 1051; x_wconf 79' lang='grc' dir='ltr'>ἀνατροπὴν</span> <span class='ocrx_word' id='word_1_55' title='bbox 1511 982 1616 1034; x_wconf 86' lang='grc' dir='ltr'>τῶν</span> <span class='ocrx_word' id='word_1_56' title='bbox 1654 1001 1891 1053; x_wconf 81' lang='grc' dir='ltr'>πραττο-</span> 
     </span>
    </p>
   </div>
   <div class='ocr_carea' id='block_1_11' title="bbox 323 1071 831 1139">
    <p class='ocr_par' dir='ltr' id='par_1_11' title="bbox 323 1071 831 1139">
     <span class='ocr_line' id='line_1_11' title="bbox 323 1071 831 1139; baseline 0.002 -16"><span class='ocrx_word' id='word_1_57' title='bbox 323 1071 502 1139; x_wconf 76' lang='grc' dir='ltr'>μένων</span> <span class='ocrx_word' id='word_1_58' title='bbox 530 1074 831 1134; x_wconf 84' lang='grc' dir='ltr'>κανονικῶς</span> 
     </span>
    </p>
   </div>
   <div class='ocr_carea' id='block_1_12' title="bbox 1986 617 3552 693">
    <p class='ocr_par' dir='ltr' id='par_1_12' title="bbox 1986 617 3552 693">
     <span class='ocr_line' id='line_1_12' title="bbox 1986 617 3552 693; baseline -0.003 -19"><span class='ocrx_word' id='word_1_59' title='bbox 1986 620 2254 689; x_wconf 62' lang='lat' dir='ltr'><strong>episcopo</strong></span> <span class='ocrx_word' id='word_1_60' title='bbox 2304 620 2614 693; x_wconf 70' lang='lat' dir='ltr'><strong>facultatem</strong></span> <span class='ocrx_word' id='word_1_61' title='bbox 2674 634 2795 674; x_wconf 85' lang='lat' dir='ltr'><strong>esse</strong></span> <span class='ocrx_word' id='word_1_62' title='bbox 2838 619 3106 673; x_wconf 88' lang='lat' dir='ltr'><strong>decernit.</strong></span> <span class='ocrx_word' id='word_1_63' title='bbox 3158 617 3313 681; x_wconf 86' lang='lat' dir='ltr'><strong>Quod</strong></span> <span class='ocrx_word' id='word_1_64' title='bbox 3350 620 3396 672; x_wconf 87' lang='lat' dir='ltr'><strong>si</strong></span> <span class='ocrx_word' id='word_1_65' title='bbox 3429 619 3552 687; x_wconf 65' lang='lat' dir='ltr'><strong>qui;</strong></span> 
     </span>
    </p>
   </div>
   <div class='ocr_carea' id='block_1_13' title="bbox 1994 712 3551 791">
    <p class='ocr_par' dir='ltr' id='par_1_13' title="bbox 1994 712 3551 791">
     <span class='ocr_line' id='line_1_13' title="bbox 1994 712 3551 791; baseline -0.001 -24"><span class='ocrx_word' id='word_1_66' title='bbox 1994 723 2195 775; x_wconf 85' lang='lat' dir='ltr'><strong>tamen,</strong></span> <span class='ocrx_word' id='word_1_67' title='bbox 2225 713 2419 779; x_wconf 90' lang='lat' dir='ltr'><strong>inquit,</strong></span> <span class='ocrx_word' id='word_1_68' title='bbox 2455 713 2505 765; x_wconf 96' lang='lat' dir='ltr'><strong>id</strong></span> <span class='ocrx_word' id='word_1_69' title='bbox 2552 713 2839 780; x_wconf 88' lang='lat' dir='ltr'><strong>episcopus</strong></span> <span class='ocrx_word' id='word_1_70' title='bbox 2873 712 3095 791; x_wconf 63' lang='lat' dir='ltr'><strong>audeat,</strong></span> <span class='ocrx_word' id='word_1_71' title='bbox 3122 712 3298 780; x_wconf 73' lang='lat' dir='ltr'><strong>ipsum</strong></span> <span class='ocrx_word' id='word_1_72' title='bbox 3331 713 3551 779; x_wconf 84' lang='lat' dir='ltr'><strong>quidem</strong></span> 
     </span>
    </p>
   </div>
   <div class='ocr_carea' id='block_1_14' title="bbox 1994 805 3553 873">
    <p class='ocr_par' dir='ltr' id='par_1_14' title="bbox 1994 805 3553 873">
     <span class='ocr_line' id='line_1_14' title="bbox 1994 805 3553 873; baseline 0 -17"><span class='ocrx_word' id='word_1_73' title='bbox 1994 805 2060 858; x_wconf 90' lang='lat' dir='ltr'><strong>ab</strong></span> <span class='ocrx_word' id='word_1_74' title='bbox 2082 820 2166 866; x_wconf 86' lang='lat' dir='ltr'><strong>eo,</strong></span> <span class='ocrx_word' id='word_1_75' title='bbox 2205 819 2233 855; x_wconf 88' lang='lat' dir='ltr'><strong>a</strong></span> <span class='ocrx_word' id='word_1_76' title='bbox 2261 818 2369 872; x_wconf 91' lang='lat' dir='ltr'><strong>quo</strong></span> <span class='ocrx_word' id='word_1_77' title='bbox 2400 805 2689 873; x_wconf 81' lang='lat' dir='ltr'><strong>episc0pus</strong></span> <span class='ocrx_word' id='word_1_78' title='bbox 2721 813 2938 858; x_wconf 89' lang='lat' dir='ltr'><strong>creatus</strong></span> <span class='ocrx_word' id='word_1_79' title='bbox 2961 812 3066 865; x_wconf 85' lang='lat' dir='ltr'><strong>est,</strong></span> <span class='ocrx_word' id='word_1_80' title='bbox 3095 806 3279 872; x_wconf 83' lang='lat' dir='ltr'><strong>puniri</strong></span> <span class='ocrx_word' id='word_1_81' title='bbox 3315 822 3328 857; x_wconf 76' lang='grc' dir='ltr'><em>τ</em></span> <span class='ocrx_word' id='word_1_82' title='bbox 3355 820 3553 859; x_wconf 79' lang='lat' dir='ltr'><strong>novum</strong></span> 
     </span>
    </p>
   </div>
   <div class='ocr_carea' id='block_1_15' title="bbox 1995 896 3547 965">
    <p class='ocr_par' dir='ltr' id='par_1_15' title="bbox 1995 896 3547 965">
     <span class='ocr_line' id='line_1_15' title="bbox 1995 896 3547 965; baseline -0.001 -14"><span class='ocrx_word' id='word_1_83' title='bbox 1995 907 2175 951; x_wconf 90' lang='lat' dir='ltr'><strong>autem</strong></span> <span class='ocrx_word' id='word_1_84' title='bbox 2206 896 2273 949; x_wconf 90' lang='lat' dir='ltr'><strong>ab</strong></span> <span class='ocrx_word' id='word_1_85' title='bbox 2300 896 2419 965; x_wconf 88' lang='lat' dir='ltr'><strong>ipso</strong></span> <span class='ocrx_word' id='word_1_86' title='bbox 2451 896 2731 950; x_wconf 87' lang='lat' dir='ltr'><strong>conditum</strong></span> <span class='ocrx_word' id='word_1_87' title='bbox 2775 897 3168 950; x_wconf 76' lang='lat' dir='ltr'><strong>monasterium</strong></span> <span class='ocrx_word' id='word_1_88' title='bbox 3202 897 3547 964; x_wconf 76' lang='lat' dir='ltr'><strong>episeOpatui</strong></span> 
     </span>
    </p>
   </div>
   <div class='ocr_carea' id='block_1_16' title="bbox 1997 986 3556 1055">
    <p class='ocr_par' dir='ltr' id='par_1_16' title="bbox 1997 986 3556 1055">
     <span class='ocr_line' id='line_1_16' title="bbox 1997 986 3556 1055; baseline -0.001 -16"><span class='ocrx_word' id='word_1_89' title='bbox 1997 987 2322 1054; x_wconf 85' lang='lat' dir='ltr'><strong>adjudicari,</strong></span> <span class='ocrx_word' id='word_1_90' title='bbox 2352 996 2514 1055; x_wconf 82' lang='lat' dir='ltr'><strong>atque</strong></span> <span class='ocrx_word' id='word_1_91' title='bbox 2548 986 2689 1040; x_wconf 87' lang='lat' dir='ltr'><strong>inter</strong></span> <span class='ocrx_word' id='word_1_92' title='bbox 2740 987 2860 1055; x_wconf 76' lang='lat' dir='ltr'><strong>ejus</strong></span> <span class='ocrx_word' id='word_1_93' title='bbox 2892 987 3268 1054; x_wconf 73' lang='lat' dir='ltr'><strong>possessiones</strong></span> <span class='ocrx_word' id='word_1_94' title='bbox 3304 1002 3366 1039; x_wconf 88' lang='lat' dir='ltr'><strong>ac</strong></span> <span class='ocrx_word' id='word_1_95' title='bbox 3398 990 3447 1040; x_wconf 84' lang='lat' dir='ltr'><strong>si</strong></span> <span class='ocrx_word' id='word_1_96' title='bbox 3489 1002 3556 1038; x_wconf 89' lang='lat' dir='ltr'><strong>ne</strong></span> 
     </span>
    </p>
   </div>
   <div class='ocr_carea' id='block_1_17' title="bbox 1996 1077 3548 1149">
    <p class='ocr_par' dir='ltr' id='par_1_17' title="bbox 1996 1077 3548 1149">
     <span class='ocr_line' id='line_1_17' title="bbox 1996 1077 3548 1149; baseline -0.001 -17"><span class='ocrx_word' id='word_1_97' title='bbox 1996 1081 2390 1133; x_wconf 73' lang='lat' dir='ltr'><strong>monasterium</strong></span> <span class='ocrx_word' id='word_1_98' title='bbox 2426 1080 2644 1149; x_wconf 86' lang='lat' dir='ltr'><strong>quidem</strong></span> <span class='ocrx_word' id='word_1_99' title='bbox 2687 1078 2897 1143; x_wconf 83' lang='lat' dir='ltr'><strong>fuisset,</strong></span> <span class='ocrx_word' id='word_1_100' title='bbox 2930 1079 3164 1141; x_wconf 82' lang='lat' dir='ltr'><strong>censeri,</strong></span> <span class='ocrx_word' id='word_1_101' title='bbox 3204 1080 3403 1146; x_wconf 89' lang='lat' dir='ltr'><strong>placet.</strong></span> <span class='ocrx_word' id='word_1_102' title='bbox 3440 1077 3548 1131; x_wconf 86' lang='lat' dir='ltr'><strong>Ne-</strong></span> 
     </span>
    </p>
   </div>
   <div class='ocr_carea' id='block_1_18' title="bbox 319 1166 3559 1243">
    <p class='ocr_par' dir='ltr' id='par_1_18' title="bbox 319 1166 3559 1243">
     <span class='ocr_line' id='line_1_18' title="bbox 319 1166 3559 1243; baseline 0.004 -28"><span class='ocrx_word' id='word_1_103' title='bbox 319 1179 428 1229; x_wconf 88' lang='lat' dir='ltr'><strong>que</strong></span> <span class='ocrx_word' id='word_1_104' title='bbox 459 1166 628 1226; x_wconf 90' lang='lat' dir='ltr'><strong>enim,</strong></span> <span class='ocrx_word' id='word_1_105' title='bbox 662 1182 784 1235; x_wconf 83' lang='lat' dir='ltr'><strong>quae</strong></span> <span class='ocrx_word' id='word_1_106' title='bbox 822 1183 888 1223; x_wconf 79' lang='lat' dir='ltr'><strong>ex</strong></span> <span class='ocrx_word' id='word_1_107' title='bbox 941 1184 1211 1223; x_wconf 89' lang='lat' dir='ltr'><strong>canonum</strong></span> <span class='ocrx_word' id='word_1_108' title='bbox 1253 1171 1634 1227; x_wconf 84' lang='lat' dir='ltr'><strong>sanctionibus</strong></span> <span class='ocrx_word' id='word_1_109' title='bbox 1665 1174 1961 1228; x_wconf 86' lang='lat' dir='ltr'><strong>constituta</strong></span> <span class='ocrx_word' id='word_1_110' title='bbox 1997 1185 2144 1236; x_wconf 88' lang='lat' dir='ltr'><strong>sunt,</strong></span> <span class='ocrx_word' id='word_1_111' title='bbox 2235 1190 2330 1243; x_wconf 91' lang='lat' dir='ltr'><strong>per</strong></span> <span class='ocrx_word' id='word_1_112' title='bbox 2364 1190 2425 1228; x_wconf 86' lang='lat' dir='ltr'><strong>ea</strong></span> <span class='ocrx_word' id='word_1_113' title='bbox 2490 1189 2610 1243; x_wconf 67' lang='lat' dir='ltr'><strong>quas</strong></span> <span class='ocrx_word' id='word_1_114' title='bbox 2676 1174 2885 1242; x_wconf 80' lang='lat' dir='ltr'><strong>legibus</strong></span> <span class='ocrx_word' id='word_1_115' title='bbox 2935 1178 3312 1237; x_wconf 85' lang='lat' dir='ltr'><strong>adversantur,</strong></span> <span class='ocrx_word' id='word_1_116' title='bbox 3415 1174 3559 1227; x_wconf 79' lang='lat' dir='ltr'><strong>labe-</strong></span> 
     </span>
    </p>
   </div>
   <div class='ocr_carea' id='block_1_19' title="bbox 320 1254 1145 1327">
    <p class='ocr_par' dir='ltr' id='par_1_19' title="bbox 320 1254 1145 1327">
     <span class='ocr_line' id='line_1_19' title="bbox 320 1254 1145 1327; baseline 0.011 -19"><span class='ocrx_word' id='word_1_117' title='bbox 320 1254 513 1310; x_wconf 84' lang='lat' dir='ltr'><strong>faetari</strong></span> <span class='ocrx_word' id='word_1_118' title='bbox 543 1268 709 1327; x_wconf 82' lang='lat' dir='ltr'><strong>atque</strong></span> <span class='ocrx_word' id='word_1_119' title='bbox 740 1263 908 1315; x_wconf 83' lang='lat' dir='ltr'><strong>everti</strong></span> <span class='ocrx_word' id='word_1_120' title='bbox 941 1261 1022 1316; x_wconf 86' lang='lat' dir='ltr'><strong>fas</strong></span> <span class='ocrx_word' id='word_1_121' title='bbox 1043 1272 1145 1317; x_wconf 91' lang='lat' dir='ltr'><strong>est.</strong></span> 
     </span>
    </p>
   </div>
   <div class='ocr_carea' id='block_1_20' title="bbox 316 1353 1939 1430">
    <p class='ocr_par' dir='ltr' id='par_1_20' title="bbox 316 1353 1939 1430">
     <span class='ocr_line' id='line_1_20' title="bbox 316 1353 1939 1430; baseline 0.006 -25"><span class='ocrx_word' id='word_1_122' title='bbox 316 1353 543 1406; x_wconf 78' lang='grc' dir='ltr'><strong>ΔΡΙΣΤ.</strong></span> <span class='ocrx_word' id='word_1_123' title='bbox 582 1372 601 1404; x_wconf 83' lang='grc'><strong><em>‹</em></strong></span> <span class='ocrx_word' id='word_1_124' title='bbox 645 1356 852 1423; x_wconf 75' lang='grc' dir='ltr'>Μηδενὶ</span> <span class='ocrx_word' id='word_1_125' title='bbox 881 1358 990 1409; x_wconf 85' lang='grc' dir='ltr'><strong>τῶν</strong></span> <span class='ocrx_word' id='word_1_126' title='bbox 1014 1360 1328 1412; x_wconf 81' lang='grc' dir='ltr'>ἐπισκόπων</span> <span class='ocrx_word' id='word_1_127' title='bbox 1357 1360 1558 1425; x_wconf 78' lang='grc' dir='ltr'><strong>ἐξέστω</strong></span> <span class='ocrx_word' id='word_1_128' title='bbox 1616 1363 1885 1430; x_wconf 85' lang='grc' dir='ltr'>μοναστή-</span> <span class='ocrx_word' id='word_1_129' title='bbox 1936 1380 1939 1387; x_wconf 74' lang='lat'>‘</span> 
     </span>
    </p>
   </div>
   <div class='ocr_carea' id='block_1_21' title="bbox 397 1446 1886 1521">
    <p class='ocr_par' dir='ltr' id='par_1_21' title="bbox 397 1446 1886 1521">
     <span class='ocr_line' id='line_1_21' title="bbox 397 1446 1886 1521; baseline 0.007 -25"><span class='ocrx_word' id='word_1_130' title='bbox 397 1463 415 1496; x_wconf 73' lang='grc' dir='ltr'><strong>ι</strong></span> <span class='ocrx_word' id='word_1_131' title='bbox 464 1463 579 1514; x_wconf 86' lang='grc' dir='ltr'>ριον</span> <span class='ocrx_word' id='word_1_132' title='bbox 632 1446 760 1499; x_wconf 81' lang='grc' dir='ltr'>ἴδιον</span> <span class='ocrx_word' id='word_1_133' title='bbox 791 1449 884 1500; x_wconf 76' lang='grc' dir='ltr'><strong>ἐπὶ</strong></span> <span class='ocrx_word' id='word_1_134' title='bbox 929 1450 1222 1503; x_wconf 75' lang='grc' dir='ltr'>καταλύσει</span> <span class='ocrx_word' id='word_1_135' title='bbox 1262 1454 1362 1521; x_wconf 86' lang='grc' dir='ltr'><strong>τῆς</strong></span> <span class='ocrx_word' id='word_1_136' title='bbox 1412 1453 1550 1515; x_wconf 73' lang='grc' dir='ltr'>ἰδίας</span> <span class='ocrx_word' id='word_1_137' title='bbox 1580 1454 1886 1521; x_wconf 73' lang='grc' dir='ltr'>ἐπισκοπῆς</span> 
     </span>
    </p>
   </div>
   <div class='ocr_carea' id='block_1_22' title="bbox 399 1540 1886 1611">
    <p class='ocr_par' dir='ltr' id='par_1_22' title="bbox 399 1540 1886 1611">
     <span class='ocr_line' id='line_1_22' title="bbox 399 1540 1886 1611; baseline 0.006 -24"><span class='ocrx_word' id='word_1_138' title='bbox 399 1554 418 1587; x_wconf 72' lang='grc' dir='ltr'><strong>ι</strong></span> <span class='ocrx_word' id='word_1_139' title='bbox 465 1541 763 1606; x_wconf 86' lang='grc' dir='ltr'>νεουργεῖν.</span> <span class='ocrx_word' id='word_1_140' title='bbox 796 1540 853 1591; x_wconf 82' lang='grc' dir='ltr'>Ὀ</span> <span class='ocrx_word' id='word_1_141' title='bbox 879 1540 934 1591; x_wconf 86' lang='grc' dir='ltr'><strong>δὲ</strong></span> <span class='ocrx_word' id='word_1_142' title='bbox 963 1540 1121 1593; x_wconf 75' lang='grc' dir='ltr'>τοῦτο</span> <span class='ocrx_word' id='word_1_143' title='bbox 1148 1542 1364 1611; x_wconf 84' lang='grc' dir='ltr'>τολμῶν</span> <span class='ocrx_word' id='word_1_144' title='bbox 1393 1543 1757 1611; x_wconf 85' lang='grc' dir='ltr'>ἐπιτιμάσθω·</span> <span class='ocrx_word' id='word_1_145' title='bbox 1792 1544 1886 1597; x_wconf 76' lang='grc' dir='ltr'><strong>καὶ</strong></span> 
     </span>
    </p>
   </div>
   <div class='ocr_carea' id='block_1_23' title="bbox 393 1629 1886 1704">
    <p class='ocr_par' dir='ltr' id='par_1_23' title="bbox 393 1629 1886 1704">
     <span class='ocr_line' id='line_1_23' title="bbox 393 1629 1886 1704; baseline 0.005 -24"><span class='ocrx_word' id='word_1_146' title='bbox 393 1647 413 1680; x_wconf 72' lang='grc' dir='ltr'><strong>ι</strong></span> <span class='ocrx_word' id='word_1_147' title='bbox 455 1629 516 1681; x_wconf 77' lang='grc' dir='ltr'>τὸ</span> <span class='ocrx_word' id='word_1_148' title='bbox 543 1630 887 1699; x_wconf 70' lang='grc' dir='ltr'>νεουργηθὲν,</span> <span class='ocrx_word' id='word_1_149' title='bbox 908 1630 983 1693; x_wconf 83' lang='grc' dir='ltr'>ὡς</span> <span class='ocrx_word' id='word_1_150' title='bbox 1017 1632 1301 1697; x_wconf 77' lang='grc' dir='ltr'>ἰδιωτικὸν,</span> <span class='ocrx_word' id='word_1_151' title='bbox 1324 1636 1388 1702; x_wconf 78' lang='grc' dir='ltr'>τῇ</span> <span class='ocrx_word' id='word_1_152' title='bbox 1422 1636 1690 1704; x_wconf 83' lang='grc' dir='ltr'>ἐπισκοπῇ</span> <span class='ocrx_word' id='word_1_153' title='bbox 1719 1651 1886 1702; x_wconf 88' lang='grc' dir='ltr'>προσ-</span> 
     </span>
    </p>
   </div>
   <div class='ocr_carea' id='block_1_24' title="bbox 394 1722 1001 1792">
    <p class='ocr_par' dir='ltr' id='par_1_24' title="bbox 394 1722 1001 1792">
     <span class='ocr_line' id='line_1_24' title="bbox 394 1722 1001 1792; baseline 0.002 -19"><span class='ocrx_word' id='word_1_154' title='bbox 394 1740 413 1773; x_wconf 78' lang='grc'><strong>(</strong></span> <span class='ocrx_word' id='word_1_155' title='bbox 459 1722 768 1792; x_wconf 87' lang='grc' dir='ltr'>κυρούσθω.</span> <span class='ocrx_word' id='word_1_156' title='bbox 814 1743 832 1774; x_wconf 70' lang='grc' dir='ltr'><strong>ι</strong></span> <span class='ocrx_word' id='word_1_157' title='bbox 998 1778 1001 1783; x_wconf 51' lang='grc'><strong>,</strong></span> 
     </span>
    </p>
   </div>
   <div class='ocr_carea' id='block_1_25' title="bbox 919 1816 1288 1871">
    <p class='ocr_par' dir='ltr' id='par_1_25' title="bbox 919 1816 1288 1871">
     <span class='ocr_line' id='line_1_25' title="bbox 919 1816 1288 1871; baseline 0.003 -2"><span class='ocrx_word' id='word_1_158' title='bbox 919 1817 1158 1870; x_wconf 81' lang='grc' dir='ltr'><strong>ΚΑΝΩΝ</strong></span> <span class='ocrx_word' id='word_1_159' title='bbox 1207 1816 1288 1871; x_wconf 85' lang='lat' dir='ltr'><strong>H&#39;.</strong></span> 
     </span>
    </p>
   </div>
   <div class='ocr_carea' id='block_1_26' title="bbox 1997 1355 3557 1430">
    <p class='ocr_par' dir='ltr' id='par_1_26' title="bbox 1997 1355 3557 1430">
     <span class='ocr_line' id='line_1_26' title="bbox 1997 1355 3557 1430; baseline 0.001 -18"><span class='ocrx_word' id='word_1_160' title='bbox 1997 1355 2230 1412; x_wconf 70' lang='lat' dir='ltr'><strong>AlthT.</strong></span> <span class='ocrx_word' id='word_1_161' title='bbox 2270 1358 2474 1410; x_wconf 72' lang='lat' dir='ltr'><strong>«‘Nulli</strong></span> <span class='ocrx_word' id='word_1_162' title='bbox 2510 1373 2768 1426; x_wconf 79' lang='lat' dir='ltr'><strong>episcopo</strong></span> <span class='ocrx_word' id='word_1_163' title='bbox 2800 1359 2960 1414; x_wconf 87' lang='lat' dir='ltr'><strong>liceat</strong></span> <span class='ocrx_word' id='word_1_164' title='bbox 3007 1362 3398 1414; x_wconf 78' lang='lat' dir='ltr'><strong>umnasterium</strong></span> <span class='ocrx_word' id='word_1_165' title='bbox 3434 1377 3557 1430; x_wconf 88' lang='lat' dir='ltr'><strong>pro-</strong></span> 
     </span>
    </p>
   </div>
   <div class='ocr_carea' id='block_1_27' title="bbox 2070 1450 3556 1519">
    <p class='ocr_par' dir='ltr' id='par_1_27' title="bbox 2070 1450 3556 1519">
     <span class='ocr_line' id='line_1_27' title="bbox 2070 1450 3556 1519; baseline 0.004 -18"><span class='ocrx_word' id='word_1_166' title='bbox 2070 1468 2088 1501; x_wconf 80' lang='grc' dir='ltr'><strong>ι</strong></span> <span class='ocrx_word' id='word_1_167' title='bbox 2135 1452 2336 1519; x_wconf 86' lang='lat' dir='ltr'><strong>prium,</strong></span> <span class='ocrx_word' id='word_1_168' title='bbox 2405 1450 2457 1503; x_wconf 90' lang='lat' dir='ltr'><strong>iu</strong></span> <span class='ocrx_word' id='word_1_169' title='bbox 2520 1452 2600 1505; x_wconf 85' lang='lat' dir='ltr'><strong>sui</strong></span> <span class='ocrx_word' id='word_1_170' title='bbox 2630 1452 2980 1519; x_wconf 82' lang='lat' dir='ltr'><strong>episcopatus</strong></span> <span class='ocrx_word' id='word_1_171' title='bbox 3028 1452 3273 1507; x_wconf 83' lang='lat' dir='ltr'><strong>exitium.</strong></span> <span class='ocrx_word' id='word_1_172' title='bbox 3319 1455 3385 1506; x_wconf 87' lang='lat' dir='ltr'><strong>de</strong></span> <span class='ocrx_word' id='word_1_173' title='bbox 3416 1467 3556 1507; x_wconf 76' lang='lat' dir='ltr'><strong>noro</strong></span> 
     </span>
    </p>
   </div>
   <div class='ocr_carea' id='block_1_28' title="bbox 2067 1540 3555 1614">
    <p class='ocr_par' dir='ltr' id='par_1_28' title="bbox 2067 1540 3555 1614">
     <span class='ocr_line' id='line_1_28' title="bbox 2067 1540 3555 1614; baseline 0.003 -22"><span class='ocrx_word' id='word_1_174' title='bbox 2067 1559 2086 1592; x_wconf 73' lang='grc' dir='ltr'><strong>ι</strong></span> <span class='ocrx_word' id='word_1_175' title='bbox 2118 1550 2416 1595; x_wconf 80' lang='lat' dir='ltr'><strong>exstruere.</strong></span> <span class='ocrx_word' id='word_1_176' title='bbox 2441 1540 2543 1606; x_wconf 87' lang='lat' dir='ltr'><strong>Qui</strong></span> <span class='ocrx_word' id='word_1_177' title='bbox 2567 1552 2744 1596; x_wconf 86' lang='lat' dir='ltr'><strong>autem</strong></span> <span class='ocrx_word' id='word_1_178' title='bbox 2779 1544 2882 1597; x_wconf 92' lang='lat' dir='ltr'><strong>hoc</strong></span> <span class='ocrx_word' id='word_1_179' title='bbox 2931 1544 3096 1597; x_wconf 87' lang='lat' dir='ltr'><strong>audet</strong></span> <span class='ocrx_word' id='word_1_180' title='bbox 3133 1544 3431 1614; x_wconf 81' lang='lat' dir='ltr'><strong>castigetur</strong></span> <span class='ocrx_word' id='word_1_181' title='bbox 3460 1562 3473 1598; x_wconf 85' lang='lat'>:</span> <span class='ocrx_word' id='word_1_182' title='bbox 3502 1554 3555 1599; x_wconf 84' lang='lat' dir='ltr'><strong>et</strong></span> 
     </span>
    </p>
   </div>
   <div class='ocr_carea' id='block_1_29' title="bbox 2070 1622 3557 1706">
    <p class='ocr_par' dir='ltr' id='par_1_29' title="bbox 2070 1622 3557 1706">
     <span class='ocr_line' id='line_1_29' title="bbox 2070 1622 3557 1706; baseline 0.006 -23"><span class='ocrx_word' id='word_1_183' title='bbox 2070 1650 2089 1683; x_wconf 74' lang='lat' dir='ltr'><strong>t</strong></span> <span class='ocrx_word' id='word_1_184' title='bbox 2124 1622 2267 1700; x_wconf 79' lang='lat' dir='ltr'><strong>quod</strong></span> <span class='ocrx_word' id='word_1_185' title='bbox 2306 1632 2373 1685; x_wconf 85' lang='lat' dir='ltr'><strong>de</strong></span> <span class='ocrx_word' id='word_1_186' title='bbox 2412 1647 2555 1687; x_wconf 81' lang='lat' dir='ltr'><strong>novo</strong></span> <span class='ocrx_word' id='word_1_187' title='bbox 2581 1636 2909 1700; x_wconf 81' lang='lat' dir='ltr'><strong>exstruitur,</strong></span> <span class='ocrx_word' id='word_1_188' title='bbox 2942 1650 2998 1687; x_wconf 85' lang='lat' dir='ltr'><strong>ut</strong></span> <span class='ocrx_word' id='word_1_189' title='bbox 3035 1637 3304 1703; x_wconf 84' lang='lat' dir='ltr'><strong>privatum</strong></span> <span class='ocrx_word' id='word_1_190' title='bbox 3339 1638 3557 1706; x_wconf 86' lang='lat' dir='ltr'><strong>episco-</strong></span> 
     </span>
    </p>
   </div>
   <div class='ocr_carea' id='block_1_30' title="bbox 2068 1721 2673 1792">
    <p class='ocr_par' dir='ltr' id='par_1_30' title="bbox 2068 1721 2673 1792">
     <span class='ocr_line' id='line_1_30' title="bbox 2068 1721 2673 1792; baseline 0.01 -18"><span class='ocrx_word' id='word_1_191' title='bbox 2068 1741 2088 1774; x_wconf 75' lang='grc' dir='ltr'>σ</span> <span class='ocrx_word' id='word_1_192' title='bbox 2126 1721 2275 1792; x_wconf 84' lang='lat' dir='ltr'><strong>patui</strong></span> <span class='ocrx_word' id='word_1_193' title='bbox 2306 1723 2673 1780; x_wconf 83' lang='lat' dir='ltr'><strong>adscribatur.</strong></span> 
     </span>
    </p>
   </div>
   <div class='ocr_carea' id='block_1_31' title="bbox 2560 1816 2985 1873">
    <p class='ocr_par' dir='ltr' id='par_1_31' title="bbox 2560 1816 2985 1873">
     <span class='ocr_line' id='line_1_31' title="bbox 2560 1816 2985 1873; baseline 0.007 -3"><span class='ocrx_word' id='word_1_194' title='bbox 2560 1816 2789 1871; x_wconf 66' lang='lat' dir='ltr'><strong>CANON</strong></span> <span class='ocrx_word' id='word_1_195' title='bbox 2849 1817 2985 1873; x_wconf 82' lang='lat' dir='ltr'><strong>Vlll.</strong></span> 
     </span>
    </p>
   </div>
   <div class='ocr_carea' id='block_1_32' title="bbox 315 1886 1897 1983">
    <p class='ocr_par' dir='ltr' id='par_1_32' title="bbox 315 1904 1886 1983">
     <span class='ocr_line' id='line_1_32' title="bbox 315 1904 1886 1983; baseline 0.003 -25"><span class='ocrx_word' id='word_1_196' title='bbox 315 1924 351 1957; x_wconf 64' lang='grc' dir='ltr'>θ</span> <span class='ocrx_word' id='word_1_197' title='bbox 397 1904 456 1959; x_wconf 88' lang='lat'>&#39;0</span> <span class='ocrx_word' id='word_1_198' title='bbox 490 1906 632 1970; x_wconf 85' lang='grc' dir='ltr'>θεῖος</span> <span class='ocrx_word' id='word_1_199' title='bbox 682 1911 777 1961; x_wconf 75' lang='grc' dir='ltr'><strong>καὶ</strong></span> <span class='ocrx_word' id='word_1_200' title='bbox 814 1909 952 1978; x_wconf 75' lang='grc' dir='ltr'>ἱερὸς</span> <span class='ocrx_word' id='word_1_201' title='bbox 1004 1908 1111 1961; x_wconf 84' lang='grc' dir='ltr'><strong>τῶν</strong></span> <span class='ocrx_word' id='word_1_202' title='bbox 1157 1910 1330 1976; x_wconf 83' lang='grc' dir='ltr'>ἁγίων</span> <span class='ocrx_word' id='word_1_203' title='bbox 1362 1909 1675 1983; x_wconf 81' lang='grc' dir='ltr'>ἀποστόλων</span> <span class='ocrx_word' id='word_1_204' title='bbox 1707 1910 1886 1963; x_wconf 85' lang='grc' dir='ltr'>κανὼν</span> 
     </span>
    </p>
   </div>
   <div class='ocr_carea' id='block_1_33' title="bbox 1999 1886 3550 1983">
    <p class='ocr_par' dir='ltr' id='par_1_33' title="bbox 1999 1905 3550 1978">
     <span class='ocr_line' id='line_1_33' title="bbox 1999 1905 3550 1978; baseline 0.006 -24"><span class='ocrx_word' id='word_1_205' title='bbox 1999 1921 2015 1954; x_wconf 78' lang='grc' dir='ltr'><strong><em>σ</em></strong></span> <span class='ocrx_word' id='word_1_206' title='bbox 2054 1905 2279 1959; x_wconf 78' lang='grc' dir='ltr'><strong>Ιὶὶνίηυε</strong></span> <span class='ocrx_word' id='word_1_207' title='bbox 2307 1915 2362 1959; x_wconf 90' lang='lat' dir='ltr'><strong>et</strong></span> <span class='ocrx_word' id='word_1_208' title='bbox 2402 1919 2562 1958; x_wconf 87' lang='lat' dir='ltr'><strong>sacer</strong></span> <span class='ocrx_word' id='word_1_209' title='bbox 2597 1915 2914 1961; x_wconf 89' lang='lat' dir='ltr'><strong>sanctorum</strong></span> <span class='ocrx_word' id='word_1_210' title='bbox 2966 1911 3341 1978; x_wconf 84' lang='lat' dir='ltr'><strong>apostolorum</strong></span> <span class='ocrx_word' id='word_1_211' title='bbox 3372 1927 3550 1965; x_wconf 88' lang='lat' dir='ltr'><strong>canon</strong></span> 
     </span>
    </p>
   </div>
   <div class='ocr_carea' id='block_1_34' title="bbox 391 2003 1878 2073">
    <p class='ocr_par' dir='ltr' id='par_1_34' title="bbox 391 2003 1878 2073">
     <span class='ocr_line' id='line_1_34' title="bbox 391 2003 1878 2073; baseline 0.002 -21"><span class='ocrx_word' id='word_1_212' title='bbox 391 2018 411 2051; x_wconf 72' lang='grc' dir='ltr'><strong>ι</strong></span> <span class='ocrx_word' id='word_1_213' title='bbox 454 2004 580 2064; x_wconf 63' lang='grc' dir='ltr'>τοὺς</span> <span class='ocrx_word' id='word_1_214' title='bbox 610 2003 973 2071; x_wconf 83' lang='grc' dir='ltr'>ἐκτέμνοντας</span> <span class='ocrx_word' id='word_1_215' title='bbox 1007 2004 1234 2064; x_wconf 78' lang='grc' dir='ltr'>ἑαυτοὺς</span> <span class='ocrx_word' id='word_1_216' title='bbox 1252 2004 1651 2072; x_wconf 80' lang='grc' dir='ltr'>αὐτοφονευτάς</span> <span class='ocrx_word' id='word_1_217' title='bbox 1681 2005 1878 2073; x_wconf 84' lang='grc' dir='ltr'>κρίνει·</span> 
     </span>
    </p>
   </div>
   <div class='ocr_carea' id='block_1_35' title="bbox 392 2092 1889 2164">
    <p class='ocr_par' dir='ltr' id='par_1_35' title="bbox 392 2092 1889 2164">
     <span class='ocr_line' id='line_1_35' title="bbox 392 2092 1889 2164; baseline 0.003 -21"><span class='ocrx_word' id='word_1_218' title='bbox 392 2111 413 2143; x_wconf 70' lang='grc' dir='ltr'><strong>ι</strong></span> <span class='ocrx_word' id='word_1_219' title='bbox 460 2092 556 2145; x_wconf 82' lang='grc' dir='ltr'>καὶ</span> <span class='ocrx_word' id='word_1_220' title='bbox 610 2094 776 2163; x_wconf 80' lang='grc' dir='ltr'>ἱερεῖς</span> <span class='ocrx_word' id='word_1_221' title='bbox 814 2095 915 2161; x_wconf 81' lang='grc' dir='ltr'><strong>μὲν</strong></span> <span class='ocrx_word' id='word_1_222' title='bbox 962 2094 1146 2158; x_wconf 77' lang='grc' dir='ltr'>ὄντας,</span> <span class='ocrx_word' id='word_1_223' title='bbox 1180 2096 1467 2164; x_wconf 87' lang='grc' dir='ltr'>καθαιρεῖ·</span> <span class='ocrx_word' id='word_1_224' title='bbox 1516 2096 1588 2164; x_wconf 83' lang='grc' dir='ltr'>μὴ</span> <span class='ocrx_word' id='word_1_225' title='bbox 1620 2095 1779 2156; x_wconf 78' lang='grc' dir='ltr'>ὄντας</span> <span class='ocrx_word' id='word_1_226' title='bbox 1809 2094 1889 2159; x_wconf 79' lang='grc' dir='ltr'><strong>δὲ,</strong></span> 
     </span>
    </p>
   </div>
   <div class='ocr_carea' id='block_1_36' title="bbox 393 2185 1888 2257">
    <p class='ocr_par' dir='ltr' id='par_1_36' title="bbox 393 2185 1888 2257">
     <span class='ocr_line' id='line_1_36' title="bbox 393 2185 1888 2257; baseline 0.002 -21"><span class='ocrx_word' id='word_1_227' title='bbox 393 2203 412 2236; x_wconf 70' lang='grc' dir='ltr'><strong>ι</strong></span> <span class='ocrx_word' id='word_1_228' title='bbox 458 2185 557 2251; x_wconf 84' lang='grc' dir='ltr'><strong>τῆς</strong></span> <span class='ocrx_word' id='word_1_229' title='bbox 610 2186 703 2236; x_wconf 76' lang='grc' dir='ltr'><strong>ἐπὶ</strong></span> <span class='ocrx_word' id='word_1_230' title='bbox 757 2185 854 2256; x_wconf 83' lang='grc' dir='ltr'><strong>τὴν</strong></span> <span class='ocrx_word' id='word_1_231' title='bbox 916 2186 1220 2256; x_wconf 82' lang='grc' dir='ltr'>ἱερωσύνην</span> <span class='ocrx_word' id='word_1_232' title='bbox 1254 2187 1537 2257; x_wconf 81' lang='grc' dir='ltr'>προκοπῆς</span> <span class='ocrx_word' id='word_1_233' title='bbox 1564 2188 1844 2257; x_wconf 24' lang='grc' dir='ltr'>ηλάπείργει</span> <span class='ocrx_word' id='word_1_234' title='bbox 1871 2203 1888 2219; x_wconf 81' lang='grc'>⁶</span> 
     </span>
    </p>
   </div>
   <div class='ocr_carea' id='block_1_37' title="bbox 394 2270 1891 2350">
    <p class='ocr_par' dir='ltr' id='par_1_37' title="bbox 394 2270 1891 2350">
     <span class='ocr_line' id='line_1_37' title="bbox 394 2270 1891 2350; baseline 0.003 -23"><span class='ocrx_word' id='word_1_235' title='bbox 394 2296 415 2327; x_wconf 90' lang='grc'><strong>1</strong></span> <span class='ocrx_word' id='word_1_236' title='bbox 462 2277 619 2345; x_wconf 84' lang='grc' dir='ltr'>δῆλον</span> <span class='ocrx_word' id='word_1_237' title='bbox 669 2270 920 2331; x_wconf 78' lang='grc' dir='ltr'>ἐντεῦθεν</span> <span class='ocrx_word' id='word_1_238' title='bbox 977 2279 1249 2331; x_wconf 78' lang='grc' dir='ltr'>καθιστῶν</span> <span class='ocrx_word' id='word_1_239' title='bbox 1298 2280 1391 2342; x_wconf 84' lang='grc' dir='ltr'><strong>ὡς,</strong></span> <span class='ocrx_word' id='word_1_240' title='bbox 1432 2281 1591 2350; x_wconf 75' lang='grc' dir='ltr'>εἴπερ</span> <span class='ocrx_word' id='word_1_241' title='bbox 1637 2282 1665 2331; x_wconf 83' lang='grc' dir='ltr'>ὁ</span> <span class='ocrx_word' id='word_1_242' title='bbox 1699 2279 1891 2333; x_wconf 79' lang='grc' dir='ltr'>ἑαυτὸν</span> 
     </span>
    </p>
   </div>
   <div class='ocr_carea' id='block_1_38' title="bbox 394 2371 1892 2442">
    <p class='ocr_par' dir='ltr' id='par_1_38' title="bbox 394 2371 1892 2442">
     <span class='ocr_line' id='line_1_38' title="bbox 394 2371 1892 2442; baseline 0.001 -21"><span class='ocrx_word' id='word_1_243' title='bbox 394 2388 414 2420; x_wconf 88' lang='grc'><strong>1</strong></span> <span class='ocrx_word' id='word_1_244' title='bbox 446 2371 740 2438; x_wconf 72' lang='grc' dir='ltr'>’ἐκτέμνων</span> <span class='ocrx_word' id='word_1_245' title='bbox 772 2372 1172 2440; x_wconf 72' lang='grc' dir='ltr'>αύτοφονευτής</span> <span class='ocrx_word' id='word_1_246' title='bbox 1202 2373 1368 2437; x_wconf 82' lang='grc' dir='ltr'>ἐστιν,</span> <span class='ocrx_word' id='word_1_247' title='bbox 1426 2374 1453 2423; x_wconf 84' lang='grc' dir='ltr'><em>ὁ</em></span> <span class='ocrx_word' id='word_1_248' title='bbox 1502 2371 1688 2442; x_wconf 70' lang='grc' dir='ltr'>ἕτερον</span> <span class='ocrx_word' id='word_1_249' title='bbox 1735 2371 1892 2425; x_wconf 81' lang='grc' dir='ltr'>ἐκτέ-</span> 
     </span>
    </p>
   </div>
   <div class='ocr_carea' id='block_1_39' title="bbox 466 2462 1890 2531">
    <p class='ocr_par' dir='ltr' id='par_1_39' title="bbox 466 2462 1890 2531">
     <span class='ocr_line' id='line_1_39' title="bbox 466 2462 1890 2531; baseline 0.001 -18"><span class='ocrx_word' id='word_1_250' title='bbox 466 2478 615 2529; x_wconf 87' lang='grc' dir='ltr'>μνων</span> <span class='ocrx_word' id='word_1_251' title='bbox 666 2463 883 2524; x_wconf 72' lang='grc' dir='ltr'>πάντως</span> <span class='ocrx_word' id='word_1_252' title='bbox 934 2465 1380 2531; x_wconf 76' lang='grc' dir='ltr'>φονευτήςέστι.</span> <span class='ocrx_word' id='word_1_253' title='bbox 1437 2463 1563 2531; x_wconf 84' lang='grc' dir='ltr'>Θείη</span> <span class='ocrx_word' id='word_1_254' title='bbox 1619 2464 1666 2515; x_wconf 85' lang='grc' dir='ltr'>δ’</span> <span class='ocrx_word' id='word_1_255' title='bbox 1697 2462 1762 2515; x_wconf 82' lang='grc' dir='ltr'>ἄν</span> <span class='ocrx_word' id='word_1_256' title='bbox 1806 2480 1890 2526; x_wconf 87' lang='grc' dir='ltr'><strong>τις</strong></span> 
     </span>
    </p>
   </div>
   <div class='ocr_carea' id='block_1_40' title="bbox 462 2554 1891 2625">
    <p class='ocr_par' dir='ltr' id='par_1_40' title="bbox 462 2554 1891 2625">
     <span class='ocr_line' id='line_1_40' title="bbox 462 2554 1891 2625; baseline -0.001 -18"><span class='ocrx_word' id='word_1_257' title='bbox 462 2556 553 2607; x_wconf 73' lang='grc' dir='ltr'><strong>τὸν</strong></span> <span class='ocrx_word' id='word_1_258' title='bbox 584 2556 825 2609; x_wconf 79' lang='grc' dir='ltr'>τοιοῦτον</span> <span class='ocrx_word' id='word_1_259' title='bbox 858 2554 1084 2619; x_wconf 84' lang='grc' dir='ltr'><strong>δικαίως</strong></span> <span class='ocrx_word' id='word_1_260' title='bbox 1129 2558 1223 2609; x_wconf 69' lang='grc' dir='ltr'><strong>καὶ</strong></span> <span class='ocrx_word' id='word_1_261' title='bbox 1256 2559 1354 2625; x_wconf 82' lang='grc' dir='ltr'><strong>τῆς</strong></span> <span class='ocrx_word' id='word_1_262' title='bbox 1386 2556 1749 2625; x_wconf 83' lang='grc' dir='ltr'><strong>δημιουργίας</strong></span> <span class='ocrx_word' id='word_1_263' title='bbox 1794 2556 1891 2608; x_wconf 85' lang='grc' dir='ltr'>αύ-</span> 
     </span>
    </p>
   </div>
   <div class='ocr_carea' id='block_1_41' title="bbox 460 2647 1891 2718">
    <p class='ocr_par' dir='ltr' id='par_1_41' title="bbox 460 2647 1891 2718">
     <span class='ocr_line' id='line_1_41' title="bbox 460 2647 1891 2718; baseline 0.003 -22"><span class='ocrx_word' id='word_1_264' title='bbox 460 2648 559 2714; x_wconf 85' lang='grc' dir='ltr'>τῆς</span> <span class='ocrx_word' id='word_1_265' title='bbox 613 2647 895 2717; x_wconf 82' lang='grc' dir='ltr'>ύὸριστήν.</span> <span class='ocrx_word' id='word_1_266' title='bbox 950 2648 1148 2716; x_wconf 84' lang='grc' dir='ltr'>Διόπερ</span> <span class='ocrx_word' id='word_1_267' title='bbox 1197 2647 1397 2718; x_wconf 78' lang='grc' dir='ltr'>ὥρισεν</span> <span class='ocrx_word' id='word_1_268' title='bbox 1431 2649 1464 2717; x_wconf 80' lang='grc' dir='ltr'>ἡ</span> <span class='ocrx_word' id='word_1_269' title='bbox 1500 2648 1631 2715; x_wconf 85' lang='grc' dir='ltr'>ἁγία</span> <span class='ocrx_word' id='word_1_270' title='bbox 1676 2647 1891 2709; x_wconf 80' lang='grc' dir='ltr'>σύνοδος</span> 
     </span>
    </p>
   </div>
   <div class='ocr_carea' id='block_1_42' title="bbox 458 2738 1892 2809">
    <p class='ocr_par' dir='ltr' id='par_1_42' title="bbox 458 2738 1892 2809">
     <span class='ocr_line' id='line_1_42' title="bbox 458 2738 1892 2809; baseline 0.001 -20"><span class='ocrx_word' id='word_1_271' title='bbox 458 2738 554 2799; x_wconf 79' lang='grc' dir='ltr'>ὡς,</span> <span class='ocrx_word' id='word_1_272' title='bbox 582 2739 634 2790; x_wconf 78' lang='grc' dir='ltr'><strong>εἴ</strong></span> <span class='ocrx_word' id='word_1_273' title='bbox 660 2757 743 2801; x_wconf 85' lang='grc' dir='ltr'><strong>τις</strong></span> <span class='ocrx_word' id='word_1_274' title='bbox 771 2740 1088 2801; x_wconf 79' lang='grc' dir='ltr'>ἐπίσκοπος,</span> <span class='ocrx_word' id='word_1_275' title='bbox 1111 2739 1141 2809; x_wconf 84' lang='grc' dir='ltr'>ἢ</span> <span class='ocrx_word' id='word_1_276' title='bbox 1174 2740 1563 2808; x_wconf 79' lang='grc' dir='ltr'>πρεσϐύτερος,</span> <span class='ocrx_word' id='word_1_277' title='bbox 1592 2741 1623 2807; x_wconf 83' lang='grc' dir='ltr'><strong>ἢ</strong></span> <span class='ocrx_word' id='word_1_278' title='bbox 1649 2739 1892 2802; x_wconf 83' lang='grc' dir='ltr'>διάκονος</span> 
     </span>
    </p>
   </div>
   <div class='ocr_carea' id='block_1_43' title="bbox 460 2831 1893 2902">
    <p class='ocr_par' dir='ltr' id='par_1_43' title="bbox 460 2831 1893 2902">
     <span class='ocr_line' id='line_1_43' title="bbox 460 2831 1893 2902; baseline 0.002 -22"><span class='ocrx_word' id='word_1_279' title='bbox 460 2831 783 2899; x_wconf 79' lang='grc' dir='ltr'>εὐνουχίζων</span> <span class='ocrx_word' id='word_1_280' title='bbox 816 2832 936 2883; x_wconf 75' lang='grc' dir='ltr'>τινὰ</span> <span class='ocrx_word' id='word_1_281' title='bbox 968 2832 1281 2900; x_wconf 76' lang='grc' dir='ltr'>ἐλεγχθείη,</span> <span class='ocrx_word' id='word_1_282' title='bbox 1310 2833 1341 2902; x_wconf 83' lang='grc' dir='ltr'><strong>ἢ</strong></span> <span class='ocrx_word' id='word_1_283' title='bbox 1393 2832 1730 2902; x_wconf 75' lang='grc' dir='ltr'>αὐτοχειρίᾳ,</span> <span class='ocrx_word' id='word_1_284' title='bbox 1762 2832 1793 2901; x_wconf 83' lang='grc' dir='ltr'>ἢ</span> <span class='ocrx_word' id='word_1_285' title='bbox 1834 2831 1893 2895; x_wconf 83' lang='grc' dir='ltr'><strong>ἐξ</strong></span> 
     </span>
    </p>
   </div>
   <div class='ocr_carea' id='block_1_44' title="bbox 462 2916 1891 2994">
    <p class='ocr_par' dir='ltr' id='par_1_44' title="bbox 462 2916 1891 2994">
     <span class='ocr_line' id='line_1_44' title="bbox 462 2916 1891 2994; baseline 0.001 -20"><span class='ocrx_word' id='word_1_286' title='bbox 462 2916 1081 2994; x_wconf 63' lang='grc' dir='ltr'>ἐπιτάγματος,”τοῦτον</span> <span class='ocrx_word' id='word_1_287' title='bbox 1112 2924 1434 2991; x_wconf 80' lang='grc' dir='ltr'>καθαιρέσει</span> <span class='ocrx_word' id='word_1_288' title='bbox 1474 2924 1891 2978; x_wconf 77' lang='grc' dir='ltr'>καθυποϐἀλλε-</span> 
     </span>
    </p>
   </div>
   <div class='ocr_carea' id='block_1_45' title="bbox 462 3016 1890 3088">
    <p class='ocr_par' dir='ltr' id='par_1_45' title="bbox 462 3016 1890 3088">
     <span class='ocr_line' id='line_1_45' title="bbox 462 3016 1890 3088; baseline -0.001 -18"><span class='ocrx_word' id='word_1_289' title='bbox 462 3017 589 3071; x_wconf 78' lang='grc' dir='ltr'>σθαι</span> <span class='ocrx_word' id='word_1_290' title='bbox 614 3034 628 3048; x_wconf 77' lang='grc' dir='ltr'><strong><em>ο</em></strong></span> <span class='ocrx_word' id='word_1_291' title='bbox 681 3019 730 3069; x_wconf 82' lang='grc' dir='ltr'><strong>εί</strong></span> <span class='ocrx_word' id='word_1_292' title='bbox 759 3016 816 3069; x_wconf 84' lang='grc' dir='ltr'>δὲ</span> <span class='ocrx_word' id='word_1_293' title='bbox 852 3017 1037 3079; x_wconf 73' lang='grc' dir='ltr'>λαῖκὸς</span> <span class='ocrx_word' id='word_1_294' title='bbox 1068 3018 1172 3088; x_wconf 76' lang='grc' dir='ltr'>εἴη,</span> <span class='ocrx_word' id='word_1_295' title='bbox 1211 3019 1599 3088; x_wconf 64' lang='grc' dir='ltr'>ἀφορίζεσθαι*</span> <span class='ocrx_word' id='word_1_296' title='bbox 1654 3018 1791 3088; x_wconf 79' lang='grc' dir='ltr'>πλὴν</span> <span class='ocrx_word' id='word_1_297' title='bbox 1842 3018 1890 3069; x_wconf 87' lang='grc' dir='ltr'><strong>εί</strong></span> 
     </span>
    </p>
   </div>
   <div class='ocr_carea' id='block_1_46' title="bbox 464 3111 1889 3182">
    <p class='ocr_par' dir='ltr' id='par_1_46' title="bbox 464 3111 1889 3182">
     <span class='ocr_line' id='line_1_46' title="bbox 464 3111 1889 3182; baseline -0.002 -19"><span class='ocrx_word' id='word_1_298' title='bbox 464 3111 633 3179; x_wconf 78' lang='grc' dir='ltr'>μήπω</span> <span class='ocrx_word' id='word_1_299' title='bbox 681 3111 895 3178; x_wconf 81' lang='grc' dir='ltr'>νόσημὰ</span> <span class='ocrx_word' id='word_1_300' title='bbox 926 3129 978 3163; x_wconf 88' lang='grc' dir='ltr'><strong>τι</strong></span> <span class='ocrx_word' id='word_1_301' title='bbox 1016 3112 1314 3180; x_wconf 76' lang='grc' dir='ltr'>περιπεσὺν</span> <span class='ocrx_word' id='word_1_302' title='bbox 1360 3112 1496 3182; x_wconf 71' lang='grc' dir='ltr'>πρὸς</span> <span class='ocrx_word' id='word_1_303' title='bbox 1528 3112 1765 3181; x_wconf 78' lang='grc' dir='ltr'>ἐκτομὴν</span> <span class='ocrx_word' id='word_1_304' title='bbox 1799 3111 1889 3162; x_wconf 72' lang='grc' dir='ltr'>τοῦ</span> 
     </span>
    </p>
   </div>
   <div class='ocr_carea' id='block_1_47' title="bbox 463 3291 1892 3365">
    <p class='ocr_par' dir='ltr' id='par_1_47' title="bbox 463 3291 1892 3365">
     <span class='ocr_line' id='line_1_47' title="bbox 463 3291 1892 3365; baseline 0.006 -25"><span class='ocrx_word' id='word_1_305' title='bbox 463 3291 597 3361; x_wconf 79' lang='grc' dir='ltr'>καίᾳ</span> <span class='ocrx_word' id='word_1_306' title='bbox 640 3292 858 3345; x_wconf 84' lang='grc' dir='ltr'>συνόδου</span> <span class='ocrx_word' id='word_1_307' title='bbox 911 3295 1127 3363; x_wconf 79' lang='grc' dir='ltr'>πρῶτος</span> <span class='ocrx_word' id='word_1_308' title='bbox 1154 3295 1331 3349; x_wconf 84' lang='grc' dir='ltr'>κανὼν</span> <span class='ocrx_word' id='word_1_309' title='bbox 1363 3298 1487 3358; x_wconf 80' lang='grc' dir='ltr'>τοὺς</span> <span class='ocrx_word' id='word_1_310' title='bbox 1513 3298 1571 3347; x_wconf 83' lang='grc' dir='ltr'><strong>ἐν</strong></span> <span class='ocrx_word' id='word_1_311' title='bbox 1608 3299 1747 3365; x_wconf 84' lang='grc' dir='ltr'>νόσῳ</span> <span class='ocrx_word' id='word_1_312' title='bbox 1777 3314 1892 3365; x_wconf 80' lang='grc' dir='ltr'>χει-</span> 
     </span>
    </p>
   </div>
   <div class='ocr_carea' id='block_1_48' title="bbox 463 3387 1893 3457">
    <p class='ocr_par' dir='ltr' id='par_1_48' title="bbox 463 3387 1893 3457">
     <span class='ocr_line' id='line_1_48' title="bbox 463 3387 1893 3457; baseline 0.004 -23"><span class='ocrx_word' id='word_1_313' title='bbox 463 3387 867 3455; x_wconf 80' lang='grc' dir='ltr'>ρουργηθέντας</span> <span class='ocrx_word' id='word_1_314' title='bbox 899 3388 958 3438; x_wconf 85' lang='grc' dir='ltr'><strong>ού</strong></span> <span class='ocrx_word' id='word_1_315' title='bbox 993 3387 1211 3451; x_wconf 78' lang='grc' dir='ltr'>κολάζει</span> <span class='ocrx_word' id='word_1_316' title='bbox 1257 3388 1342 3440; x_wconf 75' lang='grc' dir='ltr'><strong>δτά</strong></span> <span class='ocrx_word' id='word_1_317' title='bbox 1378 3389 1438 3441; x_wconf 83' lang='grc' dir='ltr'>τὸ</span> <span class='ocrx_word' id='word_1_318' title='bbox 1475 3388 1685 3457; x_wconf 81' lang='grc' dir='ltr'>νόσημα</span> <span class='ocrx_word' id='word_1_319' title='bbox 1707 3405 1720 3417; x_wconf 88' lang='grc'><strong>·</strong></span> <span class='ocrx_word' id='word_1_320' title='bbox 1752 3388 1893 3440; x_wconf 71' lang='grc' dir='ltr'>οὕτω</span> 
     </span>
    </p>
   </div>
   <div class='ocr_carea' id='block_1_49' title="bbox 464 3475 1893 3549">
    <p class='ocr_par' dir='ltr' id='par_1_49' title="bbox 464 3475 1893 3549">
     <span class='ocr_line' id='line_1_49' title="bbox 464 3475 1893 3549; baseline 0.006 -25"><span class='ocrx_word' id='word_1_321' title='bbox 464 3475 557 3525; x_wconf 79' lang='grc' dir='ltr'><strong>καὶ</strong></span> <span class='ocrx_word' id='word_1_322' title='bbox 586 3477 747 3544; x_wconf 77' lang='grc' dir='ltr'>ἡμεῖς</span> <span class='ocrx_word' id='word_1_323' title='bbox 773 3476 897 3529; x_wconf 70' lang='grc' dir='ltr'>οὔτε</span> <span class='ocrx_word' id='word_1_324' title='bbox 926 3479 1049 3541; x_wconf 75' lang='grc' dir='ltr'>τοὺς</span> <span class='ocrx_word' id='word_1_325' title='bbox 1084 3481 1246 3549; x_wconf 83' lang='grc' dir='ltr'>ίερεῖς</span> <span class='ocrx_word' id='word_1_326' title='bbox 1275 3482 1670 3545; x_wconf 79' lang='grc' dir='ltr'>ἐπιτάσσοντας</span> <span class='ocrx_word' id='word_1_327' title='bbox 1704 3483 1893 3535; x_wconf 79' lang='grc' dir='ltr'>εὐνου-</span> 
     </span>
    </p>
   </div>
   <div class='ocr_carea' id='block_1_50' title="bbox 463 3566 1891 3644">
    <p class='ocr_par' dir='ltr' id='par_1_50' title="bbox 463 3566 1891 3644">
     <span class='ocr_line' id='line_1_50' title="bbox 463 3566 1891 3644; baseline 0.01 -29"><span class='ocrx_word' id='word_1_328' title='bbox 463 3566 714 3634; x_wconf 72' lang='grc' dir='ltr'>χίζεσθαι</span> <span class='ocrx_word' id='word_1_329' title='bbox 765 3572 889 3632; x_wconf 76' lang='grc' dir='ltr'>τοὺς</span> <span class='ocrx_word' id='word_1_330' title='bbox 941 3572 1229 3635; x_wconf 76' lang='grc' dir='ltr'>νοσοῦντας</span> <span class='ocrx_word' id='word_1_331' title='bbox 1285 3575 1712 3644; x_wconf 80' lang='grc' dir='ltr'>κατακρίνομεν,</span> <span class='ocrx_word' id='word_1_332' title='bbox 1769 3576 1891 3630; x_wconf 68' lang='grc' dir='ltr'>οὔτε</span> 
     </span>
    </p>
   </div>
   <div class='ocr_carea' id='block_1_51' title="bbox 472 3656 1893 3738">
    <p class='ocr_par' dir='ltr' id='par_1_51' title="bbox 472 3656 1893 3738">
     <span class='ocr_line' id='line_1_51' title="bbox 472 3656 1893 3738; baseline 0.01 -32"><span class='ocrx_word' id='word_1_333' title='bbox 472 3656 577 3726; x_wconf 81' lang='grc' dir='ltr'>μὴν</span> <span class='ocrx_word' id='word_1_334' title='bbox 606 3659 731 3719; x_wconf 77' lang='grc' dir='ltr'>τοὺς</span> <span class='ocrx_word' id='word_1_335' title='bbox 757 3660 977 3723; x_wconf 79' lang='grc' dir='ltr'>λαῑκοὺς</span> <span class='ocrx_word' id='word_1_336' title='bbox 1006 3663 1325 3734; x_wconf 78' lang='grc' dir='ltr'>αὐτοχειρίᾳ</span> <span class='ocrx_word' id='word_1_337' title='bbox 1354 3665 1487 3734; x_wconf 74' lang='grc' dir='ltr'>πρὸς</span> <span class='ocrx_word' id='word_1_338' title='bbox 1522 3666 1619 3735; x_wconf 70' lang='grc' dir='ltr'>τὴν</span> <span class='ocrx_word' id='word_1_339' title='bbox 1656 3670 1893 3738; x_wconf 78' lang='grc' dir='ltr'>ἐκτομὴν</span> 
     </span>
    </p>
   </div>
   <div class='ocr_carea' id='block_1_52' title="bbox 400 3752 1890 3829">
    <p class='ocr_par' dir='ltr' id='par_1_52' title="bbox 400 3752 1890 3829">
     <span class='ocr_line' id='line_1_52' title="bbox 400 3752 1890 3829; baseline 0.008 -29"><span class='ocrx_word' id='word_1_340' title='bbox 400 3768 419 3801; x_wconf 75' lang='grc' dir='ltr'><strong>σ</strong></span> <span class='ocrx_word' id='word_1_341' title='bbox 464 3753 781 3820; x_wconf 81' lang='grc' dir='ltr'>χρωμένους</span> <span class='ocrx_word' id='word_1_342' title='bbox 808 3752 1131 3823; x_wconf 75' lang='grc' dir='ltr'>αἰτιώμεθα.</span> <span class='ocrx_word' id='word_1_343' title='bbox 1169 3757 1336 3808; x_wconf 81' lang='grc' dir='ltr'>Τοῦτο</span> <span class='ocrx_word' id='word_1_344' title='bbox 1377 3761 1485 3829; x_wconf 66' lang='grc' dir='ltr'>γὰρ</span> <span class='ocrx_word' id='word_1_345' title='bbox 1523 3761 1762 3828; x_wconf 78' lang='grc' dir='ltr'>ἰατρείαν</span> <span class='ocrx_word' id='word_1_346' title='bbox 1798 3761 1890 3812; x_wconf 82' lang='grc' dir='ltr'>τοῦ</span> 
     </span>
    </p>
   </div>
   <div class='ocr_carea' id='block_1_53' title="bbox 400 3842 1890 3921">
    <p class='ocr_par' dir='ltr' id='par_1_53' title="bbox 400 3842 1890 3921">
     <span class='ocr_line' id='line_1_53' title="bbox 400 3842 1890 3921; baseline 0.008 -29"><span class='ocrx_word' id='word_1_347' title='bbox 400 3860 420 3891; x_wconf 84' lang='grc'><strong>‹</strong></span> <span class='ocrx_word' id='word_1_348' title='bbox 472 3842 746 3912; x_wconf 83' lang='grc' dir='ltr'>σώματος,</span> <span class='ocrx_word' id='word_1_349' title='bbox 781 3844 894 3896; x_wconf 86' lang='grc' dir='ltr'>ἀλλ’</span> <span class='ocrx_word' id='word_1_350' title='bbox 924 3846 1022 3899; x_wconf 86' lang='grc' dir='ltr'><strong>οὐκ</strong></span> <span class='ocrx_word' id='word_1_351' title='bbox 1074 3848 1365 3917; x_wconf 76' lang='grc' dir='ltr'>ἐπιϐουλὴν</span> <span class='ocrx_word' id='word_1_352' title='bbox 1411 3851 1503 3903; x_wconf 80' lang='grc' dir='ltr'>τοῦ</span> <span class='ocrx_word' id='word_1_353' title='bbox 1554 3852 1890 3921; x_wconf 81' lang='grc' dir='ltr'>πλάσματος,</span> 
     </span>
    </p>
   </div>
   <div class='ocr_carea' id='block_1_54' title="bbox 397 3934 1520 4010">
    <p class='ocr_par' dir='ltr' id='par_1_54' title="bbox 397 3934 1520 4010">
     <span class='ocr_line' id='line_1_54' title="bbox 397 3934 1520 4010; baseline 0.009 -27"><span class='ocrx_word' id='word_1_354' title='bbox 397 3953 418 3983; x_wconf 68' lang='lat' dir='ltr'><strong>c</strong></span> <span class='ocrx_word' id='word_1_355' title='bbox 528 3935 627 4004; x_wconf 81' lang='grc' dir='ltr'>τῆς</span> <span class='ocrx_word' id='word_1_356' title='bbox 655 3936 905 4000; x_wconf 78' lang='grc' dir='ltr'>πλάσεως</span> <span class='ocrx_word' id='word_1_357' title='bbox 942 3938 1098 4008; x_wconf 75' lang='grc' dir='ltr'>ὓϐριν</span> <span class='ocrx_word' id='word_1_358' title='bbox 1123 3939 1469 4010; x_wconf 69' lang='grc' dir='ltr'>λογιζόμεθα.</span> <span class='ocrx_word' id='word_1_359' title='bbox 1505 3961 1520 3993; x_wconf 77' lang='grc' dir='ltr'><strong>ι</strong></span> 
     </span>
    </p>
   </div>
   <div class='ocr_carea' id='block_1_55' title="bbox 391 2479 420 3708">
    <p class='ocr_par' dir='ltr' id='par_1_55' title="bbox 391 2479 420 3708">
     <span class='ocr_line' id='line_1_55' title="bbox 391 2479 413 2510; baseline 0 0"><span class='ocrx_word' id='word_1_360' title='bbox 391 2479 413 2510; x_wconf 85' lang='grc'><strong>1</strong></span> 
     </span>
     <span class='ocr_line' id='line_1_56' title="bbox 391 2577 413 2607; baseline 0 0"><span class='ocrx_word' id='word_1_361' title='bbox 391 2577 413 2607; x_wconf 84' lang='grc'><strong>1</strong></span> 
     </span>
     <span class='ocr_line' id='line_1_57' title="bbox 391 2662 413 2695; baseline 0 0"><span class='ocrx_word' id='word_1_362' title='bbox 391 2662 413 2695; x_wconf 99' lang='grc'><strong>1</strong></span> 
     </span>
     <span class='ocr_line' id='line_1_58' title="bbox 391 2755 415 2789; baseline 0 0"><span class='ocrx_word' id='word_1_363' title='bbox 391 2755 415 2789; x_wconf 95' lang='grc'><strong>1</strong></span> 
     </span>
     <span class='ocr_line' id='line_1_59' title="bbox 393 2848 415 2881; baseline 0 0"><span class='ocrx_word' id='word_1_364' title='bbox 393 2848 415 2881; x_wconf 92' lang='grc'><strong>1</strong></span> 
     </span>
     <span class='ocr_line' id='line_1_60' title="bbox 397 2942 417 2973; baseline 0 0"><span class='ocrx_word' id='word_1_365' title='bbox 397 2942 417 2973; x_wconf 88' lang='grc'><strong>1</strong></span> 
     </span>
     <span class='ocr_line' id='line_1_61' title="bbox 399 3034 420 3067; baseline 0 0"><span class='ocrx_word' id='word_1_366' title='bbox 399 3034 420 3067; x_wconf 87' lang='grc'><strong>1</strong></span> 
     </span>
     <span class='ocr_line' id='line_1_62' title="bbox 395 3125 416 3158; baseline 0 0"><span class='ocrx_word' id='word_1_367' title='bbox 395 3125 416 3158; x_wconf 93' lang='grc'><strong>1</strong></span> 
     </span>
     <span class='ocr_line' id='line_1_63' title="bbox 394 3217 414 3250; baseline 0 0"><span class='ocrx_word' id='word_1_368' title='bbox 394 3217 414 3250; x_wconf 94' lang='grc'><strong>1</strong></span> 
     </span>
     <span class='ocr_line' id='line_1_64' title="bbox 396 3307 417 3341; baseline 0 0"><span class='ocrx_word' id='word_1_369' title='bbox 396 3307 417 3341; x_wconf 89' lang='grc'><strong>1</strong></span> 
     </span>
     <span class='ocr_line' id='line_1_65' title="bbox 396 3399 417 3433; baseline 0 0"><span class='ocrx_word' id='word_1_370' title='bbox 396 3399 417 3433; x_wconf 93' lang='grc'><strong>1</strong></span> 
     </span>
     <span class='ocr_line' id='line_1_66' title="bbox 396 3491 418 3525; baseline 0 0"><span class='ocrx_word' id='word_1_371' title='bbox 396 3491 418 3525; x_wconf 92' lang='grc'><strong>1</strong></span> 
     </span>
     <span class='ocr_line' id='line_1_67' title="bbox 397 3584 417 3617; baseline 0 0"><span class='ocrx_word' id='word_1_372' title='bbox 397 3584 417 3617; x_wconf 91' lang='grc'><strong>1</strong></span> 
     </span>
     <span class='ocr_line' id='line_1_68' title="bbox 399 3675 419 3708; baseline 0 0"><span class='ocrx_word' id='word_1_373' title='bbox 399 3675 419 3708; x_wconf 87' lang='grc'><strong>1</strong></span> 
     </span>
    </p>
   </div>
   <div class='ocr_carea' id='block_1_56' title="bbox 398 4114 1923 4201">
    <p class='ocr_par' dir='ltr' id='par_1_56' title="bbox 398 4114 1923 4201">
     <span class='ocr_line' id='line_1_69' title="bbox 398 4114 1923 4201; baseline 0.012 -36"><span class='ocrx_word' id='word_1_374' title='bbox 398 4114 594 4169; x_wconf 77' lang='grc' dir='ltr'><strong>ΒᾹΛΣ.</strong></span> <span class='ocrx_word' id='word_1_375' title='bbox 643 4117 1026 4172; x_wconf 76' lang='grc' dir='ltr'>’Δποστολικὸν</span> <span class='ocrx_word' id='word_1_376' title='bbox 1079 4123 1277 4175; x_wconf 82' lang='grc' dir='ltr'>κανόνα</span> <span class='ocrx_word' id='word_1_377' title='bbox 1333 4126 1494 4192; x_wconf 74' lang='grc' dir='ltr'>φασὶν</span> <span class='ocrx_word' id='word_1_378' title='bbox 1554 4128 1603 4180; x_wconf 86' lang='grc' dir='ltr'>οἱ</span> <span class='ocrx_word' id='word_1_379' title='bbox 1653 4126 1923 4201; x_wconf 76' lang='grc' dir='ltr'>Ιῖατέρες</span> 
     </span>
    </p>
   </div>
   <div class='ocr_carea' id='block_1_57' title="bbox 312 4205 1892 4287">
    <p class='ocr_par' dir='ltr' id='par_1_57' title="bbox 312 4205 1892 4287">
     <span class='ocr_line' id='line_1_70' title="bbox 312 4205 1892 4287; baseline 0.01 -29"><span class='ocrx_word' id='word_1_380' title='bbox 312 4205 416 4258; x_wconf 73' lang='grc' dir='ltr'>τὸν</span> <span class='ocrx_word' id='word_1_381' title='bbox 444 4213 554 4273; x_wconf 56' lang='lat' dir='ltr'><strong>ita&quot;,</strong></span> <span class='ocrx_word' id='word_1_382' title='bbox 586 4208 694 4271; x_wconf 76' lang='grc' dir='ltr'>κδ’,</span> <span class='ocrx_word' id='word_1_383' title='bbox 726 4217 811 4278; x_wconf 81' lang='grc' dir='ltr'>κγ’</span> <span class='ocrx_word' id='word_1_384' title='bbox 849 4214 942 4264; x_wconf 74' lang='grc' dir='ltr'><strong>καὶ</strong></span> <span class='ocrx_word' id='word_1_385' title='bbox 974 4210 1074 4267; x_wconf 54' lang='grc' dir='ltr'>κδῗ</span> <span class='ocrx_word' id='word_1_386' title='bbox 1102 4208 1258 4267; x_wconf 73' lang='grc' dir='ltr'>Οὗτοι</span> <span class='ocrx_word' id='word_1_387' title='bbox 1286 4216 1392 4286; x_wconf 83' lang='grc' dir='ltr'>γὰρ</span> <span class='ocrx_word' id='word_1_388' title='bbox 1417 4218 1742 4287; x_wconf 77' lang='grc' dir='ltr'>διορίζονται</span> <span class='ocrx_word' id='word_1_389' title='bbox 1772 4222 1892 4282; x_wconf 86' lang='grc' dir='ltr'>πῶς</span> 
     </span>
    </p>
   </div>
   <div class='ocr_carea' id='block_1_58' title="bbox 312 4299 1893 4378">
    <p class='ocr_par' dir='ltr' id='par_1_58' title="bbox 312 4299 1893 4378">
     <span class='ocr_line' id='line_1_71' title="bbox 312 4299 1893 4378; baseline 0.009 -26"><span class='ocrx_word' id='word_1_390' title='bbox 312 4299 596 4367; x_wconf 76' lang='grc' dir='ltr'>ὀφείλουσι</span> <span class='ocrx_word' id='word_1_391' title='bbox 622 4302 946 4365; x_wconf 76' lang='grc' dir='ltr'>κολάζεσθαι</span> <span class='ocrx_word' id='word_1_392' title='bbox 976 4306 1025 4357; x_wconf 88' lang='grc' dir='ltr'><strong>οί</strong></span> <span class='ocrx_word' id='word_1_393' title='bbox 1056 4308 1182 4369; x_wconf 81' lang='grc' dir='ltr'>τοὺς</span> <span class='ocrx_word' id='word_1_394' title='bbox 1213 4307 1467 4378; x_wconf 82' lang='grc' dir='ltr'>διδύμους</span> <span class='ocrx_word' id='word_1_395' title='bbox 1498 4311 1705 4365; x_wconf 79' lang='grc' dir='ltr'>ἑαυτῶν</span> <span class='ocrx_word' id='word_1_396' title='bbox 1736 4313 1893 4367; x_wconf 82' lang='grc' dir='ltr'>ἐκτέ-</span> 
     </span>
    </p>
   </div>
   <div class='ocr_carea' id='block_1_59' title="bbox 314 4392 1895 4472">
    <p class='ocr_par' dir='ltr' id='par_1_59' title="bbox 314 4392 1895 4472">
     <span class='ocr_line' id='line_1_72' title="bbox 314 4392 1895 4472; baseline 0.012 -34"><span class='ocrx_word' id='word_1_397' title='bbox 314 4408 570 4462; x_wconf 62' lang='grc' dir='ltr'>μκ.οντε;.</span> <span class='ocrx_word' id='word_1_398' title='bbox 612 4394 669 4445; x_wconf 82' lang='grc' dir='ltr'><strong>Ὀ</strong></span> <span class='ocrx_word' id='word_1_399' title='bbox 723 4392 779 4446; x_wconf 81' lang='grc' dir='ltr'>δὲ</span> <span class='ocrx_word' id='word_1_400' title='bbox 830 4394 1021 4464; x_wconf 84' lang='grc' dir='ltr'>παρὼν</span> <span class='ocrx_word' id='word_1_401' title='bbox 1056 4396 1233 4450; x_wconf 86' lang='grc' dir='ltr'>κανὼν</span> <span class='ocrx_word' id='word_1_402' title='bbox 1281 4398 1525 4464; x_wconf 77' lang='grc' dir='ltr'>θεσπίζει</span> <span class='ocrx_word' id='word_1_403' title='bbox 1564 4403 1680 4465; x_wconf 84' lang='grc' dir='ltr'>πῶς</span> <span class='ocrx_word' id='word_1_404' title='bbox 1725 4422 1895 4472; x_wconf 84' lang='grc' dir='ltr'>τιμω-</span> 
     </span>
    </p>
   </div>
   <div class='ocr_carea' id='block_1_60' title="bbox 319 4483 1893 4564">
    <p class='ocr_par' dir='ltr' id='par_1_60' title="bbox 319 4483 1893 4564">
     <span class='ocr_line' id='line_1_73' title="bbox 319 4483 1893 4564; baseline 0.01 -32"><span class='ocrx_word' id='word_1_405' title='bbox 319 4483 540 4556; x_wconf 86' lang='grc' dir='ltr'>ρεῖσθαι</span> <span class='ocrx_word' id='word_1_406' title='bbox 572 4485 858 4552; x_wconf 78' lang='grc' dir='ltr'>μέλλουσιν</span> <span class='ocrx_word' id='word_1_407' title='bbox 886 4489 934 4539; x_wconf 88' lang='grc' dir='ltr'>οἱ</span> <span class='ocrx_word' id='word_1_408' title='bbox 967 4488 1190 4555; x_wconf 81' lang='grc' dir='ltr'>ἐτέρους</span> <span class='ocrx_word' id='word_1_409' title='bbox 1220 4491 1621 4562; x_wconf 78' lang='grc' dir='ltr'>εὐνουχίζοντες</span> <span class='ocrx_word' id='word_1_410' title='bbox 1648 4494 1893 4564; x_wconf 83' lang='grc' dir='ltr'>αὐτοχεί-</span> 
     </span>
    </p>
   </div>
   <div class='ocr_carea' id='block_1_61' title="bbox 464 3201 1961 3289">
    <p class='ocr_par' dir='ltr' id='par_1_61' title="bbox 464 3201 1961 3289">
     <span class='ocr_line' id='line_1_74' title="bbox 464 3201 1961 3289; baseline 0.004 -40"><span class='ocrx_word' id='word_1_411' title='bbox 464 3201 795 3263; x_wconf 86' lang='grc' dir='ltr'>πεπονθότος</span> <span class='ocrx_word' id='word_1_412' title='bbox 827 3201 1093 3289; x_wconf 78' lang='grc' dir='ltr'>βιάζοιτοῖ</span> <span class='ocrx_word' id='word_1_413' title='bbox 1127 3204 1335 3273; x_wconf 86' lang='grc' dir='ltr'>Ὥσπερ</span> <span class='ocrx_word' id='word_1_414' title='bbox 1389 3204 1496 3273; x_wconf 74' lang='grc' dir='ltr'>γὰρ</span> <span class='ocrx_word' id='word_1_415' title='bbox 1522 3206 1549 3256; x_wconf 83' lang='grc' dir='ltr'><strong>ὁ</strong></span> <span class='ocrx_word' id='word_1_416' title='bbox 1578 3204 1674 3272; x_wconf 72' lang='grc' dir='ltr'>τῆς</span> <span class='ocrx_word' id='word_1_417' title='bbox 1710 3205 1762 3254; x_wconf 75' lang='grc' dir='ltr'><strong>ἐν</strong></span> <span class='ocrx_word' id='word_1_418' title='bbox 1794 3201 1961 3279; x_wconf 68' lang='grc' dir='ltr'><strong>Νι-”η</strong></span> 
     </span>
    </p>
   </div>
   <div class='ocr_carea' id='block_1_62' title="bbox 2072 1997 3558 2065">
    <p class='ocr_par' dir='ltr' id='par_1_62' title="bbox 2072 1997 3558 2065">
     <span class='ocr_line' id='line_1_75' title="bbox 2072 1997 3558 2065; baseline 0.009 -19"><span class='ocrx_word' id='word_1_419' title='bbox 2072 2014 2091 2046; x_wconf 84' lang='grc'><strong>‹</strong></span> <span class='ocrx_word' id='word_1_420' title='bbox 2133 2012 2249 2058; x_wconf 90' lang='lat' dir='ltr'><strong>eos,</strong></span> <span class='ocrx_word' id='word_1_421' title='bbox 2275 1997 2367 2064; x_wconf 89' lang='lat' dir='ltr'><strong>qui</strong></span> <span class='ocrx_word' id='word_1_422' title='bbox 2416 1999 2629 2065; x_wconf 88' lang='lat' dir='ltr'><strong>seipsos</strong></span> <span class='ocrx_word' id='word_1_423' title='bbox 2662 2008 2934 2063; x_wconf 85' lang='lat' dir='ltr'><strong>castraut,</strong></span> <span class='ocrx_word' id='word_1_424' title='bbox 2968 2017 3092 2059; x_wconf 76' lang='lat' dir='ltr'><strong>esse</strong></span> <span class='ocrx_word' id='word_1_425' title='bbox 3120 2003 3204 2055; x_wconf 87' lang='lat' dir='ltr'><strong>sui</strong></span> <span class='ocrx_word' id='word_1_426' title='bbox 3248 2003 3558 2059; x_wconf 89' lang='lat' dir='ltr'><strong>homicidas</strong></span> 
     </span>
    </p>
   </div>
   <div class='ocr_carea' id='block_1_63' title="bbox 1999 2090 3558 2161">
    <p class='ocr_par' dir='ltr' id='par_1_63' title="bbox 1999 2090 3558 2161">
     <span class='ocr_line' id='line_1_76' title="bbox 1999 2090 3558 2161; baseline 0.002 -19"><span class='ocrx_word' id='word_1_427' title='bbox 1999 2098 2013 2124; x_wconf 54' lang='grc' dir='ltr'><strong>τί</strong></span> <span class='ocrx_word' id='word_1_428' title='bbox 2068 2109 2089 2142; x_wconf 75' lang='grc' dir='ltr'><strong>ι</strong></span> <span class='ocrx_word' id='word_1_429' title='bbox 2122 2090 2329 2158; x_wconf 87' lang='lat' dir='ltr'><strong>judicat</strong></span> <span class='ocrx_word' id='word_1_430' title='bbox 2355 2106 2369 2153; x_wconf 93' lang='lat'><strong>;</strong></span> <span class='ocrx_word' id='word_1_431' title='bbox 2398 2098 2451 2144; x_wconf 92' lang='lat' dir='ltr'><strong>et</strong></span> <span class='ocrx_word' id='word_1_432' title='bbox 2482 2091 2527 2144; x_wconf 92' lang='lat' dir='ltr'><strong>si</strong></span> <span class='ocrx_word' id='word_1_433' title='bbox 2551 2092 2674 2144; x_wconf 91' lang='lat' dir='ltr'><strong>.sint</strong></span> <span class='ocrx_word' id='word_1_434' title='bbox 2701 2090 2921 2159; x_wconf 83' lang='lat' dir='ltr'><strong>quidem</strong></span> <span class='ocrx_word' id='word_1_435' title='bbox 2944 2092 3286 2155; x_wconf 87' lang='lat' dir='ltr'><strong>sacerdotes,</strong></span> <span class='ocrx_word' id='word_1_436' title='bbox 3309 2092 3558 2161; x_wconf 78' lang='lat' dir='ltr'><strong>deponit;</strong></span> 
     </span>
    </p>
   </div>
   <div class='ocr_carea' id='block_1_64' title="bbox 2070 2181 3563 2252">
    <p class='ocr_par' dir='ltr' id='par_1_64' title="bbox 2070 2181 3563 2252">
     <span class='ocr_line' id='line_1_77' title="bbox 2070 2181 3563 2252; baseline 0.003 -19"><span class='ocrx_word' id='word_1_437' title='bbox 2070 2200 2090 2233; x_wconf 69' lang='grc' dir='ltr'><strong>ι</strong></span> <span class='ocrx_word' id='word_1_438' title='bbox 2128 2182 2171 2237; x_wconf 91' lang='lat' dir='ltr'><strong>si</strong></span> <span class='ocrx_word' id='word_1_439' title='bbox 2205 2197 2314 2236; x_wconf 92' lang='lat' dir='ltr'><strong>non</strong></span> <span class='ocrx_word' id='word_1_440' title='bbox 2344 2181 2455 2234; x_wconf 83' lang='lat' dir='ltr'><strong>sint</strong></span> <span class='ocrx_word' id='word_1_441' title='bbox 2485 2191 2692 2245; x_wconf 88' lang='lat' dir='ltr'><strong>autem,</strong></span> <span class='ocrx_word' id='word_1_442' title='bbox 2725 2197 2792 2236; x_wconf 85' lang='lat' dir='ltr'><strong>ne</strong></span> <span class='ocrx_word' id='word_1_443' title='bbox 2835 2182 2902 2235; x_wconf 88' lang='lat' dir='ltr'><strong>ad</strong></span> <span class='ocrx_word' id='word_1_444' title='bbox 2935 2184 3304 2236; x_wconf 83' lang='lat' dir='ltr'><strong>sacerdotium</strong></span> <span class='ocrx_word' id='word_1_445' title='bbox 3343 2200 3563 2252; x_wconf 84' lang='lat' dir='ltr'><strong>promo-</strong></span> 
     </span>
    </p>
   </div>
   <div class='ocr_carea' id='block_1_65' title="bbox 2070 2273 3558 2342">
    <p class='ocr_par' dir='ltr' id='par_1_65' title="bbox 2070 2273 3558 2342">
     <span class='ocr_line' id='line_1_78' title="bbox 2070 2273 3558 2342; baseline 0.007 -22"><span class='ocrx_word' id='word_1_446' title='bbox 2070 2291 2084 2320; x_wconf 79' lang='grc' dir='ltr'><strong>ι</strong></span> <span class='ocrx_word' id='word_1_447' title='bbox 2124 2280 2376 2337; x_wconf 81' lang='lat' dir='ltr'><strong>veantur,</strong></span> <span class='ocrx_word' id='word_1_448' title='bbox 2421 2273 2674 2342; x_wconf 83' lang='lat' dir='ltr'><strong>prohibet</strong></span> <span class='ocrx_word' id='word_1_449' title='bbox 2719 2290 2733 2327; x_wconf 88' lang='lat'><strong>:</strong></span> <span class='ocrx_word' id='word_1_450' title='bbox 2770 2289 2841 2328; x_wconf 84' lang='lat' dir='ltr'><strong>ex</strong></span> <span class='ocrx_word' id='word_1_451' title='bbox 2890 2290 2955 2327; x_wconf 90' lang='lat' dir='ltr'><strong>eo</strong></span> <span class='ocrx_word' id='word_1_452' title='bbox 3010 2282 3197 2342; x_wconf 85' lang='lat' dir='ltr'><strong>aperte</strong></span> <span class='ocrx_word' id='word_1_453' title='bbox 3286 2285 3558 2338; x_wconf 74' lang='lat' dir='ltr'><strong>statuens,</strong></span> 
     </span>
    </p>
   </div>
   <div class='ocr_carea' id='block_1_66' title="bbox 2067 2346 3561 2431">
    <p class='ocr_par' dir='ltr' id='par_1_66' title="bbox 2067 2346 3561 2431">
     <span class='ocr_line' id='line_1_79' title="bbox 2067 2346 3561 2431; baseline 0.001 -16"><span class='ocrx_word' id='word_1_454' title='bbox 2067 2381 2085 2414; x_wconf 76' lang='grc' dir='ltr'><strong>ι</strong></span> <span class='ocrx_word' id='word_1_455' title='bbox 2122 2364 2267 2431; x_wconf 89' lang='lat' dir='ltr'><strong>quod</strong></span> <span class='ocrx_word' id='word_1_456' title='bbox 2295 2364 2340 2417; x_wconf 90' lang='lat' dir='ltr'><strong>si</strong></span> <span class='ocrx_word' id='word_1_457' title='bbox 2378 2363 2445 2426; x_wconf 90' lang='lat' dir='ltr'><strong>is,</strong></span> <span class='ocrx_word' id='word_1_458' title='bbox 2485 2363 2577 2430; x_wconf 90' lang='lat' dir='ltr'><strong>qui</strong></span> <span class='ocrx_word' id='word_1_459' title='bbox 2602 2346 2841 2431; x_wconf 80' lang='lat' dir='ltr'><strong>seipsum</strong></span> <span class='ocrx_word' id='word_1_460' title='bbox 2865 2372 3110 2424; x_wconf 82' lang='lat' dir='ltr'><strong>exsecat,</strong></span> <span class='ocrx_word' id='word_1_461' title='bbox 3150 2364 3234 2417; x_wconf 84' lang='lat' dir='ltr'><strong>sui</strong></span> <span class='ocrx_word' id='word_1_462' title='bbox 3265 2372 3351 2417; x_wconf 89' lang='lat' dir='ltr'><strong>est</strong></span> <span class='ocrx_word' id='word_1_463' title='bbox 3386 2364 3561 2416; x_wconf 90' lang='lat' dir='ltr'><strong>homi-</strong></span> 
     </span>
    </p>
   </div>
   <div class='ocr_carea' id='block_1_67' title="bbox 2067 2455 3559 2524">
    <p class='ocr_par' dir='ltr' id='par_1_67' title="bbox 2067 2455 3559 2524">
     <span class='ocr_line' id='line_1_80' title="bbox 2067 2455 3559 2524; baseline 0.001 -16"><span class='ocrx_word' id='word_1_464' title='bbox 2067 2475 2087 2508; x_wconf 73' lang='grc' dir='ltr'><strong>ι</strong></span> <span class='ocrx_word' id='word_1_465' title='bbox 2133 2457 2273 2516; x_wconf 87' lang='lat' dir='ltr'><strong>cida,</strong></span> <span class='ocrx_word' id='word_1_466' title='bbox 2303 2456 2395 2524; x_wconf 87' lang='lat' dir='ltr'><strong>qui</strong></span> <span class='ocrx_word' id='word_1_467' title='bbox 2423 2455 2588 2508; x_wconf 86' lang='lat' dir='ltr'><strong>alium</strong></span> <span class='ocrx_word' id='word_1_468' title='bbox 2623 2464 2867 2519; x_wconf 80' lang='lat' dir='ltr'><strong>exsecat,</strong></span> <span class='ocrx_word' id='word_1_469' title='bbox 2891 2462 2981 2524; x_wconf 31' lang='lat' dir='ltr'><strong>est.</strong></span> <span class='ocrx_word' id='word_1_470' title='bbox 3004 2456 3231 2509; x_wconf 84' lang='lat' dir='ltr'><strong>numino</strong></span> <span class='ocrx_word' id='word_1_471' title='bbox 3263 2456 3559 2509; x_wconf 85' lang='lat' dir='ltr'><strong>homicida.</strong></span> 
     </span>
    </p>
   </div>
   <div class='ocr_carea' id='block_1_68' title="bbox 2069 2542 3555 2615">
    <p class='ocr_par' dir='ltr' id='par_1_68' title="bbox 2069 2542 3555 2615">
     <span class='ocr_line' id='line_1_81' title="bbox 2069 2542 3555 2615; baseline -0.001 -14"><span class='ocrx_word' id='word_1_472' title='bbox 2069 2568 2087 2601; x_wconf 87' lang='grc'><strong><em>‹</em></strong></span> <span class='ocrx_word' id='word_1_473' title='bbox 2129 2548 2327 2602; x_wconf 83' lang='lat' dir='ltr'><strong>Merito</strong></span> <span class='ocrx_word' id='word_1_474' title='bbox 2357 2558 2539 2601; x_wconf 89' lang='lat' dir='ltr'><strong>autem</strong></span> <span class='ocrx_word' id='word_1_475' title='bbox 2578 2548 2831 2601; x_wconf 86' lang='lat' dir='ltr'><strong>statuerit</strong></span> <span class='ocrx_word' id='word_1_476' title='bbox 2856 2547 3132 2615; x_wconf 77' lang='lat' dir='ltr'><strong>quispiam</strong></span> <span class='ocrx_word' id='word_1_477' title='bbox 3176 2542 3336 2602; x_wconf 60' lang='lat' dir='ltr'><strong>tal‘em</strong></span> <span class='ocrx_word' id='word_1_478' title='bbox 3373 2549 3555 2615; x_wconf 84' lang='lat' dir='ltr'><strong>ipsum</strong></span> 
     </span>
    </p>
   </div>
   <div class='ocr_carea' id='block_1_69' title="bbox 2051 2640 3559 2710">
    <p class='ocr_par' dir='ltr' id='par_1_69' title="bbox 2051 2640 3559 2710">
     <span class='ocr_line' id='line_1_82' title="bbox 2051 2640 3559 2710; baseline -0.001 -17"><span class='ocrx_word' id='word_1_479' title='bbox 2051 2656 2088 2693; x_wconf 74' lang='grc' dir='ltr'><strong>ἰ</strong></span> <span class='ocrx_word' id='word_1_480' title='bbox 2126 2657 2341 2710; x_wconf 86' lang='lat' dir='ltr'><strong>quoque</strong></span> <span class='ocrx_word' id='word_1_481' title='bbox 2380 2642 2433 2695; x_wconf 91' lang='lat' dir='ltr'><strong>in</strong></span> <span class='ocrx_word' id='word_1_482' title='bbox 2501 2640 2776 2709; x_wconf 88' lang='lat' dir='ltr'><strong>opificium</strong></span> <span class='ocrx_word' id='word_1_483' title='bbox 2836 2640 3325 2699; x_wconf 72' lang='lat' dir='ltr'><strong>contumeliosum</strong></span> <span class='ocrx_word' id='word_1_484' title='bbox 3362 2640 3559 2694; x_wconf 88' lang='lat' dir='ltr'><strong>videri.</strong></span> 
     </span>
    </p>
   </div>
   <div class='ocr_carea' id='block_1_70' title="bbox 2075 2730 3563 2799">
    <p class='ocr_par' dir='ltr' id='par_1_70' title="bbox 2075 2730 3563 2799">
     <span class='ocr_line' id='line_1_83' title="bbox 2075 2730 3563 2799; baseline -0.001 -13"><span class='ocrx_word' id='word_1_485' title='bbox 2075 2754 2094 2786; x_wconf 75' lang='grc' dir='ltr'><strong>ι</strong></span> <span class='ocrx_word' id='word_1_486' title='bbox 2132 2734 2496 2799; x_wconf 80' lang='lat' dir='ltr'><strong>Quamobrem</strong></span> <span class='ocrx_word' id='word_1_487' title='bbox 2522 2733 2764 2786; x_wconf 78' lang='lat' dir='ltr'><strong>decrevit</strong></span> <span class='ocrx_word' id='word_1_488' title='bbox 2788 2738 2975 2785; x_wconf 89' lang='lat' dir='ltr'><strong>sancta</strong></span> <span class='ocrx_word' id='word_1_489' title='bbox 3000 2732 3266 2799; x_wconf 86' lang='lat' dir='ltr'><strong>synodus,</strong></span> <span class='ocrx_word' id='word_1_490' title='bbox 3289 2741 3347 2783; x_wconf 88' lang='lat' dir='ltr'><strong>ut</strong></span> <span class='ocrx_word' id='word_1_491' title='bbox 3371 2730 3416 2784; x_wconf 91' lang='lat' dir='ltr'><strong>si</strong></span> <span class='ocrx_word' id='word_1_492' title='bbox 3439 2730 3563 2798; x_wconf 84' lang='lat' dir='ltr'><strong>quis</strong></span> 
     </span>
    </p>
   </div>
   <div class='ocr_carea' id='block_1_71' title="bbox 2070 2820 3564 2890">
    <p class='ocr_par' dir='ltr' id='par_1_71' title="bbox 2070 2820 3564 2890">
     <span class='ocr_line' id='line_1_84' title="bbox 2070 2820 3564 2890; baseline 0.003 -17"><span class='ocrx_word' id='word_1_493' title='bbox 2070 2841 2086 2873; x_wconf 87' lang='grc' dir='ltr'><strong>ι</strong></span> <span class='ocrx_word' id='word_1_494' title='bbox 2132 2823 2444 2890; x_wconf 85' lang='lat' dir='ltr'><strong>episcopus,</strong></span> <span class='ocrx_word' id='word_1_495' title='bbox 2472 2821 2555 2877; x_wconf 85' lang='lat' dir='ltr'><strong>vel</strong></span> <span class='ocrx_word' id='word_1_496' title='bbox 2581 2821 2882 2890; x_wconf 85' lang='lat' dir='ltr'><strong>presbyter,</strong></span> <span class='ocrx_word' id='word_1_497' title='bbox 2909 2822 2990 2875; x_wconf 89' lang='lat' dir='ltr'><strong>vel</strong></span> <span class='ocrx_word' id='word_1_498' title='bbox 3008 2820 3301 2883; x_wconf 90' lang='lat' dir='ltr'><strong>diaconus,</strong></span> <span class='ocrx_word' id='word_1_499' title='bbox 3320 2831 3564 2877; x_wconf 72' lang='lat' dir='ltr'><strong>castrare</strong></span> 
     </span>
    </p>
   </div>
   <div class='ocr_carea' id='block_1_72' title="bbox 2068 2898 3561 2983">
    <p class='ocr_par' dir='ltr' id='par_1_72' title="bbox 2068 2898 3561 2983">
     <span class='ocr_line' id='line_1_85' title="bbox 2068 2898 3561 2983; baseline 0 -18"><span class='ocrx_word' id='word_1_500' title='bbox 2068 2898 2364 2983; x_wconf 57' lang='lat' dir='ltr'><strong>(aliquem</strong></span> <span class='ocrx_word' id='word_1_501' title='bbox 2416 2915 2704 2967; x_wconf 71' lang='lat' dir='ltr'><strong>colnvictus</strong></span> <span class='ocrx_word' id='word_1_502' title='bbox 2748 2906 2948 2975; x_wconf 74' lang='lat' dir='ltr'><strong>fuerit,</strong></span> <span class='ocrx_word' id='word_1_503' title='bbox 2977 2913 3062 2966; x_wconf 82' lang='lat' dir='ltr'><strong>vel</strong></span> <span class='ocrx_word' id='word_1_504' title='bbox 3109 2929 3273 2966; x_wconf 92' lang='lat' dir='ltr'><strong>manu</strong></span> <span class='ocrx_word' id='word_1_505' title='bbox 3317 2914 3561 2983; x_wconf 88' lang='lat' dir='ltr'><strong>propria,</strong></span> 
     </span>
    </p>
   </div>
   <div class='ocr_carea' id='block_1_73' title="bbox 2071 3003 3562 3074">
    <p class='ocr_par' dir='ltr' id='par_1_73' title="bbox 2071 3003 3562 3074">
     <span class='ocr_line' id='line_1_86' title="bbox 2071 3003 3562 3074; baseline 0.005 -22"><span class='ocrx_word' id='word_1_506' title='bbox 2071 3020 2086 3053; x_wconf 82' lang='grc' dir='ltr'><strong>ι</strong></span> <span class='ocrx_word' id='word_1_507' title='bbox 2122 3004 2205 3055; x_wconf 77' lang='lat' dir='ltr'><strong>vel</strong></span> <span class='ocrx_word' id='word_1_508' title='bbox 2272 3019 2371 3057; x_wconf 89' lang='lat' dir='ltr'><strong>suo</strong></span> <span class='ocrx_word' id='word_1_509' title='bbox 2398 3003 2585 3072; x_wconf 81' lang='lat' dir='ltr'><strong>jussu,</strong></span> <span class='ocrx_word' id='word_1_510' title='bbox 2632 3004 2678 3056; x_wconf 87' lang='lat' dir='ltr'><strong>is</strong></span> <span class='ocrx_word' id='word_1_511' title='bbox 2712 3004 3041 3071; x_wconf 88' lang='lat' dir='ltr'><strong>depositioni</strong></span> <span class='ocrx_word' id='word_1_512' title='bbox 3102 3003 3432 3074; x_wconf 82' lang='lat' dir='ltr'><strong>subjiciatur</strong></span> <span class='ocrx_word' id='word_1_513' title='bbox 3463 3024 3476 3058; x_wconf 90' lang='lat'><strong>:</strong></span> <span class='ocrx_word' id='word_1_514' title='bbox 3514 3006 3562 3060; x_wconf 85' lang='lat' dir='ltr'><strong>si</strong></span> 
     </span>
    </p>
   </div>
   <div class='ocr_carea' id='block_1_74' title="bbox 2071 3097 3562 3167">
    <p class='ocr_par' dir='ltr' id='par_1_74' title="bbox 2071 3097 3562 3167">
     <span class='ocr_line' id='line_1_87' title="bbox 2071 3097 3562 3167; baseline 0.005 -22"><span class='ocrx_word' id='word_1_515' title='bbox 2071 3115 2089 3145; x_wconf 72' lang='grc' dir='ltr'><strong>ι</strong></span> <span class='ocrx_word' id='word_1_516' title='bbox 2127 3097 2197 3149; x_wconf 90' lang='lat' dir='ltr'><strong>sit</strong></span> <span class='ocrx_word' id='word_1_517' title='bbox 2233 3105 2411 3150; x_wconf 88' lang='lat' dir='ltr'><strong>autem</strong></span> <span class='ocrx_word' id='word_1_518' title='bbox 2464 3097 2656 3157; x_wconf 87' lang='lat' dir='ltr'><strong>laicus,</strong></span> <span class='ocrx_word' id='word_1_519' title='bbox 2696 3105 3050 3167; x_wconf 75' lang='lat' dir='ltr'><strong>segregetur;</strong></span> <span class='ocrx_word' id='word_1_520' title='bbox 3115 3108 3477 3166; x_wconf 75' lang='lat' dir='ltr'><strong>praeterquam</strong></span> <span class='ocrx_word' id='word_1_521' title='bbox 3514 3098 3562 3153; x_wconf 83' lang='lat' dir='ltr'><strong>si</strong></span> 
     </span>
    </p>
   </div>
   <div class='ocr_carea' id='block_1_75' title="bbox 2069 3188 3564 3263">
    <p class='ocr_par' dir='ltr' id='par_1_75' title="bbox 2069 3188 3564 3263">
     <span class='ocr_line' id='line_1_88' title="bbox 2069 3188 3564 3263; baseline 0.002 -24"><span class='ocrx_word' id='word_1_522' title='bbox 2069 3207 2097 3263; x_wconf 13' lang='grc' dir='ltr'>ιη</span> <span class='ocrx_word' id='word_1_523' title='bbox 2132 3189 2354 3243; x_wconf 82' lang='lat' dir='ltr'><strong>morbus</strong></span> <span class='ocrx_word' id='word_1_524' title='bbox 2384 3188 2583 3256; x_wconf 81' lang='lat' dir='ltr'><strong>aliquis</strong></span> <span class='ocrx_word' id='word_1_525' title='bbox 2611 3189 2859 3242; x_wconf 85' lang='lat' dir='ltr'><strong>incidens</strong></span> <span class='ocrx_word' id='word_1_526' title='bbox 2893 3188 2957 3240; x_wconf 84' lang='lat' dir='ltr'><strong>ad</strong></span> <span class='ocrx_word' id='word_1_527' title='bbox 2988 3189 3352 3241; x_wconf 82' lang='lat' dir='ltr'><strong>exsecandum</strong></span> <span class='ocrx_word' id='word_1_528' title='bbox 3390 3206 3564 3258; x_wconf 74' lang='lat' dir='ltr'><strong>:rgro-</strong></span> 
     </span>
    </p>
   </div>
   <div class='ocr_carea' id='block_1_76' title="bbox 2067 3268 3562 3351">
    <p class='ocr_par' dir='ltr' id='par_1_76' title="bbox 2067 3268 3562 3351">
     <span class='ocr_line' id='line_1_89' title="bbox 2067 3268 3562 3351; baseline 0.003 -20"><span class='ocrx_word' id='word_1_529' title='bbox 2067 3268 2622 3348; x_wconf 29' lang='lat' dir='ltr'><strong>(&quot;tantem‘coegeriL</strong></span> <span class='ocrx_word' id='word_1_530' title='bbox 2663 3280 3131 3345; x_wconf 79' lang='lat' dir='ltr'><strong>Quemadmodum</strong></span> <span class='ocrx_word' id='word_1_531' title='bbox 3170 3282 3313 3335; x_wconf 89' lang='lat' dir='ltr'><strong>enim</strong></span> <span class='ocrx_word' id='word_1_532' title='bbox 3351 3283 3562 3351; x_wconf 84' lang='lat' dir='ltr'><strong>primus</strong></span> 
     </span>
    </p>
   </div>
   <div class='ocr_carea' id='block_1_77' title="bbox 2071 3358 3562 3459">
    <p class='ocr_par' dir='ltr' id='par_1_77' title="bbox 2071 3358 3562 3459">
     <span class='ocr_line' id='line_1_90' title="bbox 2071 3358 3562 3459; baseline 0.002 -37"><span class='ocrx_word' id='word_1_533' title='bbox 2071 3358 2088 3422; x_wconf 66' lang='grc' dir='ltr'><strong><em>ἆ</em></strong></span> <span class='ocrx_word' id='word_1_534' title='bbox 2130 3371 2360 3459; x_wconf 59' lang='lat' dir='ltr'><strong>Nicaeum</strong></span> <span class='ocrx_word' id='word_1_535' title='bbox 2415 3371 2607 3441; x_wconf 82' lang='lat' dir='ltr'><strong>synodi</strong></span> <span class='ocrx_word' id='word_1_536' title='bbox 2657 3387 2827 3425; x_wconf 88' lang='lat' dir='ltr'><strong>canon</strong></span> <span class='ocrx_word' id='word_1_537' title='bbox 2862 3387 2955 3425; x_wconf 87' lang='lat' dir='ltr'><strong>eos</strong></span> <span class='ocrx_word' id='word_1_538' title='bbox 2986 3373 3073 3441; x_wconf 88' lang='lat' dir='ltr'><strong>qui</strong></span> <span class='ocrx_word' id='word_1_539' title='bbox 3133 3373 3324 3426; x_wconf 82' lang='lat' dir='ltr'><strong>morbo</strong></span> <span class='ocrx_word' id='word_1_540' title='bbox 3357 3374 3562 3427; x_wconf 82' lang='lat' dir='ltr'><strong>exsecti</strong></span> 
     </span>
    </p>
   </div>
   <div class='ocr_carea' id='block_1_78' title="bbox 2072 3464 3561 3534">
    <p class='ocr_par' dir='ltr' id='par_1_78' title="bbox 2072 3464 3561 3534">
     <span class='ocr_line' id='line_1_91' title="bbox 2072 3464 3561 3534; baseline 0.006 -20"><span class='ocrx_word' id='word_1_541' title='bbox 2072 3482 2088 3514; x_wconf 87' lang='grc'><em>‹</em></span> <span class='ocrx_word' id='word_1_542' title='bbox 2131 3473 2278 3527; x_wconf 89' lang='lat' dir='ltr'><strong>sunt,</strong></span> <span class='ocrx_word' id='word_1_543' title='bbox 2320 3479 2423 3517; x_wconf 92' lang='lat' dir='ltr'><strong>non</strong></span> <span class='ocrx_word' id='word_1_544' title='bbox 2448 3466 2627 3534; x_wconf 86' lang='lat' dir='ltr'><strong>punit,</strong></span> <span class='ocrx_word' id='word_1_545' title='bbox 2658 3474 2884 3534; x_wconf 81' lang='lat' dir='ltr'><strong>propter</strong></span> <span class='ocrx_word' id='word_1_546' title='bbox 2920 3464 3169 3519; x_wconf 85' lang='lat' dir='ltr'><strong>morbum</strong></span> <span class='ocrx_word' id='word_1_547' title='bbox 3212 3482 3224 3516; x_wconf 90' lang='lat'><strong><em>:</em></strong></span> <span class='ocrx_word' id='word_1_548' title='bbox 3254 3464 3333 3517; x_wconf 82' lang='lat' dir='ltr'><strong>sic</strong></span> <span class='ocrx_word' id='word_1_549' title='bbox 3358 3473 3412 3519; x_wconf 88' lang='lat' dir='ltr'><strong>et</strong></span> <span class='ocrx_word' id='word_1_550' title='bbox 3440 3481 3561 3523; x_wconf 76' lang='lat' dir='ltr'><strong>nos.</strong></span> 
     </span>
    </p>
   </div>
   <div class='ocr_carea' id='block_1_79' title="bbox 2070 3559 3577 3629">
    <p class='ocr_par' dir='ltr' id='par_1_79' title="bbox 2070 3559 3577 3629">
     <span class='ocr_line' id='line_1_92' title="bbox 2070 3559 3577 3629; baseline -0.001 -19"><span class='ocrx_word' id='word_1_551' title='bbox 2070 3576 2088 3610; x_wconf 74' lang='grc' dir='ltr'><strong>ι</strong></span> <span class='ocrx_word' id='word_1_552' title='bbox 2129 3574 2228 3611; x_wconf 89' lang='lat' dir='ltr'><strong>nec</strong></span> <span class='ocrx_word' id='word_1_553' title='bbox 2269 3559 2607 3622; x_wconf 82' lang='lat' dir='ltr'><strong>sacerdotes,</strong></span> <span class='ocrx_word' id='word_1_554' title='bbox 2632 3560 2723 3625; x_wconf 85' lang='lat' dir='ltr'><strong>qui</strong></span> <span class='ocrx_word' id='word_1_555' title='bbox 2749 3567 2984 3627; x_wconf 74' lang='lat' dir='ltr'><strong>a-grotus</strong></span> <span class='ocrx_word' id='word_1_556' title='bbox 3017 3559 3252 3611; x_wconf 81' lang='lat' dir='ltr'><strong>castrari</strong></span> <span class='ocrx_word' id='word_1_557' title='bbox 3284 3560 3577 3629; x_wconf 52' lang='lat' dir='ltr'><strong>mandant,</strong></span> 
     </span>
    </p>
   </div>
   <div class='ocr_carea' id='block_1_80' title="bbox 2072 3647 3565 3733">
    <p class='ocr_par' dir='ltr' id='par_1_80' title="bbox 2072 3647 3565 3733">
     <span class='ocr_line' id='line_1_93' title="bbox 2072 3647 3565 3733; baseline 0 -34"><span class='ocrx_word' id='word_1_558' title='bbox 2072 3668 2091 3699; x_wconf 73' lang='grc' dir='ltr'><strong>ι</strong></span> <span class='ocrx_word' id='word_1_559' title='bbox 2134 3648 2593 3713; x_wconf 82' lang='lat' dir='ltr'><strong>condemnamus,</strong></span> <span class='ocrx_word' id='word_1_560' title='bbox 2627 3663 2728 3702; x_wconf 85' lang='lat' dir='ltr'><strong>nec</strong></span> <span class='ocrx_word' id='word_1_561' title='bbox 2760 3650 2955 3709; x_wconf 90' lang='lat' dir='ltr'><strong>laicos,</strong></span> <span class='ocrx_word' id='word_1_562' title='bbox 2991 3648 3095 3733; x_wconf 40' lang='lat' dir='ltr'><strong>qui‘</strong></span> <span class='ocrx_word' id='word_1_563' title='bbox 3118 3647 3351 3715; x_wconf 63' lang='lat' dir='ltr'><strong>proiiriis</strong></span> <span class='ocrx_word' id='word_1_564' title='bbox 3387 3647 3565 3710; x_wconf 72' lang='lat' dir='ltr'><strong>niani-</strong></span> 
     </span>
    </p>
   </div>
   <div class='ocr_carea' id='block_1_81' title="bbox 2072 3739 3562 3806">
    <p class='ocr_par' dir='ltr' id='par_1_81' title="bbox 2072 3739 3562 3806">
     <span class='ocr_line' id='line_1_94' title="bbox 2072 3739 3562 3806; baseline -0.001 -13"><span class='ocrx_word' id='word_1_565' title='bbox 2072 3759 2089 3789; x_wconf 74' lang='grc' dir='ltr'><strong>ι</strong></span> <span class='ocrx_word' id='word_1_566' title='bbox 2136 3741 2237 3793; x_wconf 89' lang='lat' dir='ltr'><strong>bus</strong></span> <span class='ocrx_word' id='word_1_567' title='bbox 2278 3740 2344 3793; x_wconf 84' lang='lat' dir='ltr'><strong>ad</strong></span> <span class='ocrx_word' id='word_1_568' title='bbox 2380 3741 2769 3793; x_wconf 83' lang='lat' dir='ltr'><strong>castrationem</strong></span> <span class='ocrx_word' id='word_1_569' title='bbox 2804 3749 3051 3800; x_wconf 84' lang='lat' dir='ltr'><strong>utantur,</strong></span> <span class='ocrx_word' id='word_1_570' title='bbox 3090 3739 3562 3806; x_wconf 68' lang='lat' dir='ltr'><strong>reprehendimus.</strong></span> 
     </span>
    </p>
   </div>
   <div class='ocr_carea' id='block_1_82' title="bbox 2066 3832 3563 3901">
    <p class='ocr_par' dir='ltr' id='par_1_82' title="bbox 2066 3832 3563 3901">
     <span class='ocr_line' id='line_1_95' title="bbox 2066 3832 3563 3901; baseline 0.001 -20"><span class='ocrx_word' id='word_1_571' title='bbox 2066 3852 2079 3881; x_wconf 81' lang='grc' dir='ltr'><strong>ι</strong></span> <span class='ocrx_word' id='word_1_572' title='bbox 2123 3832 2236 3888; x_wconf 86' lang='lat' dir='ltr'><strong>Hoc</strong></span> <span class='ocrx_word' id='word_1_573' title='bbox 2269 3833 2415 3886; x_wconf 90' lang='lat' dir='ltr'><strong>enim</strong></span> <span class='ocrx_word' id='word_1_574' title='bbox 2442 3833 2690 3901; x_wconf 85' lang='lat' dir='ltr'><strong>c0rporis</strong></span> <span class='ocrx_word' id='word_1_575' title='bbox 2735 3849 2859 3888; x_wconf 89' lang='lat' dir='ltr'><strong>esse</strong></span> <span class='ocrx_word' id='word_1_576' title='bbox 2900 3832 3191 3894; x_wconf 77' lang='lat' dir='ltr'><strong>medelam,</strong></span> <span class='ocrx_word' id='word_1_577' title='bbox 3236 3848 3343 3883; x_wconf 90' lang='lat' dir='ltr'><strong>non</strong></span> <span class='ocrx_word' id='word_1_578' title='bbox 3383 3839 3563 3884; x_wconf 85' lang='lat' dir='ltr'><strong>autem</strong></span> 
     </span>
    </p>
   </div>
   <div class='ocr_carea' id='block_1_83' title="bbox 2070 3924 3567 3993">
    <p class='ocr_par' dir='ltr' id='par_1_83' title="bbox 2070 3924 3567 3993">
     <span class='ocr_line' id='line_1_96' title="bbox 2070 3924 3567 3993; baseline 0.001 -18"><span class='ocrx_word' id='word_1_579' title='bbox 2070 3944 2087 3975; x_wconf 74' lang='grc' dir='ltr'><strong>ι</strong></span> <span class='ocrx_word' id='word_1_580' title='bbox 2137 3937 2402 3980; x_wconf 73' lang='lat' dir='ltr'><strong>creatura:</strong></span> <span class='ocrx_word' id='word_1_581' title='bbox 2458 3927 2685 3981; x_wconf 81' lang='lat' dir='ltr'><strong>insidias</strong></span> <span class='ocrx_word' id='word_1_582' title='bbox 2716 3926 2853 3989; x_wconf 79' lang='lat' dir='ltr'><strong>fieri,</strong></span> <span class='ocrx_word' id='word_1_583' title='bbox 2898 3931 2979 3980; x_wconf 80' lang='lat' dir='ltr'><strong>vel</strong></span> <span class='ocrx_word' id='word_1_584' title='bbox 3025 3924 3304 3993; x_wconf 81' lang='lat' dir='ltr'><strong>opificium</strong></span> <span class='ocrx_word' id='word_1_585' title='bbox 3364 3924 3567 3992; x_wconf 83' lang='lat' dir='ltr'><strong>injuria</strong></span> 
     </span>
    </p>
   </div>
   <div class='ocr_carea' id='block_1_84' title="bbox 2073 4020 2690 4075">
    <p class='ocr_par' dir='ltr' id='par_1_84' title="bbox 2073 4020 2690 4075">
     <span class='ocr_line' id='line_1_97' title="bbox 2073 4020 2690 4075; baseline 0.006 -6"><span class='ocrx_word' id='word_1_586' title='bbox 2073 4039 2089 4069; x_wconf 79' lang='grc' dir='ltr'><strong>ι</strong></span> <span class='ocrx_word' id='word_1_587' title='bbox 2130 4020 2264 4075; x_wconf 78' lang='lat' dir='ltr'><strong>allici</strong></span> <span class='ocrx_word' id='word_1_588' title='bbox 2293 4021 2690 4075; x_wconf 78' lang='lat' dir='ltr'><strong>existimamus.</strong></span> 
     </span>
    </p>
   </div>
   <div class='ocr_carea' id='block_1_85' title="bbox 2067 4116 3567 4188">
    <p class='ocr_par' dir='ltr' id='par_1_85' title="bbox 2067 4116 3567 4188">
     <span class='ocr_line' id='line_1_98' title="bbox 2067 4116 3567 4188; baseline -0.001 -18"><span class='ocrx_word' id='word_1_589' title='bbox 2067 4118 2263 4173; x_wconf 81' lang='lat' dir='ltr'><strong>BALS.</strong></span> <span class='ocrx_word' id='word_1_590' title='bbox 2332 4121 2436 4174; x_wconf 87' lang='lat' dir='ltr'><strong>Per</strong></span> <span class='ocrx_word' id='word_1_591' title='bbox 2494 4135 2759 4175; x_wconf 74' lang='lat' dir='ltr'><strong>eauonrni</strong></span> <span class='ocrx_word' id='word_1_592' title='bbox 2814 4120 3179 4188; x_wconf 82' lang='lat' dir='ltr'><strong>apostolicum</strong></span> <span class='ocrx_word' id='word_1_593' title='bbox 3250 4116 3567 4184; x_wconf 71' lang='lat' dir='ltr'><strong>intelligunt</strong></span> 
     </span>
    </p>
   </div>
   <div class='ocr_carea' id='block_1_86' title="bbox 1986 4194 3564 4281">
    <p class='ocr_par' dir='ltr' id='par_1_86' title="bbox 1986 4194 3564 4281">
     <span class='ocr_line' id='line_1_99' title="bbox 1986 4194 3564 4281; baseline -0.003 -16"><span class='ocrx_word' id='word_1_594' title='bbox 1986 4194 2192 4266; x_wconf 37' lang='lat' dir='ltr'><strong>.Patres</strong></span> <span class='ocrx_word' id='word_1_595' title='bbox 2249 4227 2513 4266; x_wconf 87' lang='lat' dir='ltr'><strong>canouem</strong></span> <span class='ocrx_word' id='word_1_596' title='bbox 2551 4200 3173 4281; x_wconf 74' lang='lat' dir='ltr'><strong>vicesimum.primum,</strong></span> <span class='ocrx_word' id='word_1_597' title='bbox 3236 4210 3564 4269; x_wconf 88' lang='lat' dir='ltr'><strong>secundum,</strong></span> 
     </span>
    </p>
   </div>
   <div class='ocr_carea' id='block_1_87' title="bbox 1995 4303 3568 4372">
    <p class='ocr_par' dir='ltr' id='par_1_87' title="bbox 1995 4303 3568 4372">
     <span class='ocr_line' id='line_1_100' title="bbox 1995 4303 3568 4372; baseline -0.004 -12"><span class='ocrx_word' id='word_1_598' title='bbox 1995 4306 2215 4360; x_wconf 87' lang='lat' dir='ltr'><strong>tertium</strong></span> <span class='ocrx_word' id='word_1_599' title='bbox 2242 4312 2295 4356; x_wconf 84' lang='lat' dir='ltr'><strong>et</strong></span> <span class='ocrx_word' id='word_1_600' title='bbox 2326 4312 2581 4372; x_wconf 84' lang='lat' dir='ltr'><strong>quartum</strong></span> <span class='ocrx_word' id='word_1_601' title='bbox 2612 4321 2624 4367; x_wconf 84' lang='lat'><strong>;</strong></span> <span class='ocrx_word' id='word_1_602' title='bbox 2656 4304 2729 4355; x_wconf 89' lang='lat' dir='ltr'><strong>illi</strong></span> <span class='ocrx_word' id='word_1_603' title='bbox 2767 4304 2912 4357; x_wconf 87' lang='lat' dir='ltr'><strong>enim</strong></span> <span class='ocrx_word' id='word_1_604' title='bbox 2948 4303 3244 4366; x_wconf 79' lang='lat' dir='ltr'><strong>definiunt,</strong></span> <span class='ocrx_word' id='word_1_605' title='bbox 3288 4306 3568 4372; x_wconf 85' lang='lat' dir='ltr'><strong>quomodo</strong></span> 
     </span>
    </p>
   </div>
   <div class='ocr_carea' id='block_1_88' title="bbox 1996 4395 3567 4468">
    <p class='ocr_par' dir='ltr' id='par_1_88' title="bbox 1996 4395 3567 4468">
     <span class='ocr_line' id='line_1_101' title="bbox 1996 4395 3567 4468; baseline -0.003 -17"><span class='ocrx_word' id='word_1_606' title='bbox 1996 4398 2177 4468; x_wconf 90' lang='lat' dir='ltr'><strong>puniri</strong></span> <span class='ocrx_word' id='word_1_607' title='bbox 2212 4396 2472 4459; x_wconf 87' lang='lat' dir='ltr'><strong>debeant,</strong></span> <span class='ocrx_word' id='word_1_608' title='bbox 2500 4396 2591 4465; x_wconf 91' lang='lat' dir='ltr'><strong>qui</strong></span> <span class='ocrx_word' id='word_1_609' title='bbox 2621 4396 2723 4448; x_wconf 83' lang='lat' dir='ltr'><strong>sibi</strong></span> <span class='ocrx_word' id='word_1_610' title='bbox 2770 4397 3057 4450; x_wconf 76' lang='lat' dir='ltr'><strong>testiculos</strong></span> <span class='ocrx_word' id='word_1_611' title='bbox 3084 4404 3389 4465; x_wconf 87' lang='lat' dir='ltr'><strong>amputant.</strong></span> <span class='ocrx_word' id='word_1_612' title='bbox 3425 4395 3567 4447; x_wconf 80' lang='lat' dir='ltr'><strong>Prae-</strong></span> 
     </span>
    </p>
   </div>
   <div class='ocr_carea' id='block_1_89' title="bbox 1998 4488 3565 4559">
    <p class='ocr_par' dir='ltr' id='par_1_89' title="bbox 1998 4488 3565 4559">
     <span class='ocr_line' id='line_1_102' title="bbox 1998 4488 3565 4559; baseline -0.001 -16"><span class='ocrx_word' id='word_1_613' title='bbox 1998 4506 2123 4543; x_wconf 76' lang='lat' dir='ltr'><strong>sens</strong></span> <span class='ocrx_word' id='word_1_614' title='bbox 2193 4499 2375 4542; x_wconf 86' lang='lat' dir='ltr'><strong>autem</strong></span> <span class='ocrx_word' id='word_1_615' title='bbox 2473 4504 2649 4543; x_wconf 86' lang='lat' dir='ltr'><strong>canon</strong></span> <span class='ocrx_word' id='word_1_616' title='bbox 2716 4488 2997 4554; x_wconf 66' lang='lat' dir='ltr'><strong>decernit,</strong></span> <span class='ocrx_word' id='word_1_617' title='bbox 3038 4490 3312 4559; x_wconf 70' lang='lat' dir='ltr'><strong>quomoda</strong></span> <span class='ocrx_word' id='word_1_618' title='bbox 3384 4489 3565 4557; x_wconf 85' lang='lat' dir='ltr'><strong>puniri</strong></span> 
     </span>
    </p>
   </div>
   <div class='ocr_carea' id='block_1_90' title="bbox 317 4560 1897 4653">
    <p class='ocr_par' dir='ltr' id='par_1_90' title="bbox 317 4578 1894 4653">
     <span class='ocr_line' id='line_1_103' title="bbox 317 4578 1894 4653; baseline 0.008 -26"><span class='ocrx_word' id='word_1_619' title='bbox 317 4579 582 4647; x_wconf 71' lang='grc' dir='ltr'>ρω;,’καὶ</span> <span class='ocrx_word' id='word_1_620' title='bbox 613 4578 661 4629; x_wconf 89' lang='grc' dir='ltr'><strong>οί</strong></span> <span class='ocrx_word' id='word_1_621' title='bbox 694 4579 851 4630; x_wconf 75' lang='grc' dir='ltr'>τοῦτο</span> <span class='ocrx_word' id='word_1_622' title='bbox 880 4581 1290 4651; x_wconf 76' lang='grc' dir='ltr'>ἐπιτρέποντες.</span> <span class='ocrx_word' id='word_1_623' title='bbox 1321 4584 1455 4652; x_wconf 76' lang='grc' dir='ltr'>Φησὶ</span> <span class='ocrx_word' id='word_1_624' title='bbox 1486 4584 1616 4653; x_wconf 79' lang='grc' dir='ltr'>γοῦν</span> <span class='ocrx_word' id='word_1_625' title='bbox 1646 4586 1739 4649; x_wconf 84' lang='grc' dir='ltr'><strong>ὡς,</strong></span> <span class='ocrx_word' id='word_1_626' title='bbox 1772 4588 1894 4639; x_wconf 78' lang='grc' dir='ltr'>ἐπεὶ</span> 
     </span>
    </p>
   </div>
   <div class='ocr_carea' id='block_1_91' title="bbox 1999 4560 3566 4653">
    <p class='ocr_par' dir='ltr' id='par_1_91' title="bbox 1999 4581 3566 4650">
     <span class='ocr_line' id='line_1_104' title="bbox 1999 4581 3566 4650; baseline -0.002 -14"><span class='ocrx_word' id='word_1_627' title='bbox 1999 4582 2253 4648; x_wconf 87' lang='lat' dir='ltr'><strong>debeant,</strong></span> <span class='ocrx_word' id='word_1_628' title='bbox 2301 4581 2393 4650; x_wconf 92' lang='lat' dir='ltr'><strong>qui</strong></span> <span class='ocrx_word' id='word_1_629' title='bbox 2430 4582 2567 4634; x_wconf 88' lang='lat' dir='ltr'><strong>alios</strong></span> <span class='ocrx_word' id='word_1_630' title='bbox 2602 4582 2718 4634; x_wconf 88' lang='lat' dir='ltr'><strong>suis</strong></span> <span class='ocrx_word' id='word_1_631' title='bbox 2766 4582 3017 4634; x_wconf 87' lang='lat' dir='ltr'><strong>manibus</strong></span> <span class='ocrx_word' id='word_1_632' title='bbox 3070 4591 3346 4646; x_wconf 70' lang='lat' dir='ltr'><strong>castraut,</strong></span> <span class='ocrx_word' id='word_1_633' title='bbox 3384 4590 3434 4634; x_wconf 90' lang='lat' dir='ltr'><strong>et</strong></span> <span class='ocrx_word' id='word_1_634' title='bbox 3474 4583 3566 4649; x_wconf 86' lang='lat' dir='ltr'><strong>qui</strong></span> 
     </span>
    </p>
   </div>
   <div class='ocr_carea' id='block_1_92' title="bbox 315 4670 1895 4744">
    <p class='ocr_par' dir='ltr' id='par_1_92' title="bbox 315 4670 1895 4744">
     <span class='ocr_line' id='line_1_105' title="bbox 315 4670 1895 4744; baseline 0.004 -21"><span class='ocrx_word' id='word_1_635' title='bbox 315 4673 348 4723; x_wconf 86' lang='grc' dir='ltr'>ὁ</span> <span class='ocrx_word' id='word_1_636' title='bbox 404 4670 652 4738; x_wconf 78' lang='grc' dir='ltr'>ἐκτεμὼν</span> <span class='ocrx_word' id='word_1_637' title='bbox 706 4671 896 4724; x_wconf 77' lang='grc' dir='ltr'>ἑαυτὸν</span> <span class='ocrx_word' id='word_1_638' title='bbox 948 4674 1349 4744; x_wconf 84' lang='grc' dir='ltr'>αύτοφονευτής</span> <span class='ocrx_word' id='word_1_639' title='bbox 1398 4677 1539 4741; x_wconf 86' lang='grc' dir='ltr'>ἐστι,</span> <span class='ocrx_word' id='word_1_640' title='bbox 1601 4677 1814 4740; x_wconf 80' lang='grc' dir='ltr'>πάντως</span> <span class='ocrx_word' id='word_1_641' title='bbox 1868 4680 1895 4730; x_wconf 77' lang='grc' dir='ltr'><strong>ὁ</strong></span> 
     </span>
    </p>
   </div>
   <div class='ocr_carea' id='block_1_93' title="bbox 318 4756 1896 4840">
    <p class='ocr_par' dir='ltr' id='par_1_93' title="bbox 318 4756 1896 4840">
     <span class='ocr_line' id='line_1_106' title="bbox 318 4756 1896 4840; baseline 0.005 -25"><span class='ocrx_word' id='word_1_642' title='bbox 318 4763 513 4830; x_wconf 65' lang='grc' dir='ltr'>ἕτερον</span> <span class='ocrx_word' id='word_1_643' title='bbox 560 4756 825 4828; x_wconf 77' lang='grc' dir='ltr'>ἐκτεμὼν,</span> <span class='ocrx_word' id='word_1_644' title='bbox 881 4764 914 4835; x_wconf 73' lang='grc' dir='ltr'><strong>ἢ</strong></span> <span class='ocrx_word' id='word_1_645' title='bbox 951 4767 1251 4836; x_wconf 66' lang='grc' dir='ltr'>ἐπιτρέψας</span> <span class='ocrx_word' id='word_1_646' title='bbox 1283 4769 1645 4840; x_wconf 77' lang='grc' dir='ltr'>ἐκτμηθῆναι,</span> <span class='ocrx_word' id='word_1_647' title='bbox 1672 4782 1675 4789; x_wconf 87' lang='grc'><em>’</em></span> <span class='ocrx_word' id='word_1_648' title='bbox 1706 4771 1896 4838; x_wconf 76' lang='grc' dir='ltr'>φονεύς</span> 
     </span>
    </p>
   </div>
   <div class='ocr_carea' id='block_1_94' title="bbox 321 4850 1894 4937">
    <p class='ocr_par' dir='ltr' id='par_1_94' title="bbox 321 4850 1894 4937">
     <span class='ocr_line' id='line_1_107' title="bbox 321 4850 1894 4937; baseline 0.006 -31"><span class='ocrx_word' id='word_1_649' title='bbox 321 4856 496 4917; x_wconf 73' lang='grc' dir='ltr'>ἐστιν.</span> <span class='ocrx_word' id='word_1_650' title='bbox 520 4850 842 4907; x_wconf 72' lang='grc' dir='ltr'>’Ἇποκαλεί</span> <span class='ocrx_word' id='word_1_651' title='bbox 864 4857 919 4908; x_wconf 79' lang='grc' dir='ltr'>δὲ</span> <span class='ocrx_word' id='word_1_652' title='bbox 949 4858 1145 4921; x_wconf 77' lang='grc' dir='ltr'>αὐτοὺς</span> <span class='ocrx_word' id='word_1_653' title='bbox 1178 4862 1273 4937; x_wconf 68' lang='grc' dir='ltr'><strong>καὶ</strong></span> <span class='ocrx_word' id='word_1_654' title='bbox 1309 4860 1568 4930; x_wconf 75' lang='grc' dir='ltr'>ὑδριστάς</span> <span class='ocrx_word' id='word_1_655' title='bbox 1612 4863 1706 4914; x_wconf 80' lang='grc' dir='ltr'>τοῦ</span> <span class='ocrx_word' id='word_1_656' title='bbox 1738 4864 1894 4916; x_wconf 81' lang='grc' dir='ltr'>Θεοῦ.</span> 
     </span>
    </p>
   </div>
   <div class='ocr_carea' id='block_1_95' title="bbox 294 4940 1900 5017">
    <p class='ocr_par' dir='ltr' id='par_1_95' title="bbox 294 4940 1900 5017">
     <span class='ocr_line' id='line_1_108' title="bbox 294 4940 1900 5017; baseline 0.007 -22"><span class='ocrx_word' id='word_1_657' title='bbox 294 4940 437 5005; x_wconf 42' lang='grc' dir='ltr'>⁷Οὒς</span> <span class='ocrx_word' id='word_1_658' title='bbox 491 4945 595 5012; x_wconf 73' lang='grc' dir='ltr'><strong>γὰρ</strong></span> <span class='ocrx_word' id='word_1_659' title='bbox 630 4946 658 4998; x_wconf 82' lang='grc' dir='ltr'><strong><em>ὁ</em></strong></span> <span class='ocrx_word' id='word_1_660' title='bbox 706 4947 840 5009; x_wconf 83' lang='grc' dir='ltr'>Θεὸς</span> <span class='ocrx_word' id='word_1_661' title='bbox 886 4948 971 5000; x_wconf 76' lang='grc' dir='ltr'>διὰ</span> <span class='ocrx_word' id='word_1_662' title='bbox 1026 4949 1128 5017; x_wconf 78' lang='grc' dir='ltr'>τῆς</span> <span class='ocrx_word' id='word_1_663' title='bbox 1189 4953 1531 5015; x_wconf 86' lang='grc' dir='ltr'>παιδοποιίας</span> <span class='ocrx_word' id='word_1_664' title='bbox 1597 4953 1900 5016; x_wconf 80' lang='grc' dir='ltr'>ἀθανάτους</span> 
     </span>
    </p>
   </div>
   <div class='ocr_carea' id='block_1_96' title="bbox 324 5037 1899 5115">
    <p class='ocr_par' dir='ltr' id='par_1_96' title="bbox 324 5037 1899 5115">
     <span class='ocr_line' id='line_1_109' title="bbox 324 5037 1899 5115; baseline 0.005 -27"><span class='ocrx_word' id='word_1_665' title='bbox 324 5037 519 5105; x_wconf 51' lang='grc' dir='ltr'>σχεδον</span> <span class='ocrx_word' id='word_1_666' title='bbox 566 5040 963 5107; x_wconf 75' lang='grc' dir='ltr'>ἀπειργάσατο,</span> <span class='ocrx_word' id='word_1_667' title='bbox 1004 5041 1097 5093; x_wconf 81' lang='grc' dir='ltr'><strong>καὶ</strong></span> <span class='ocrx_word' id='word_1_668' title='bbox 1150 5043 1227 5103; x_wconf 87' lang='grc' dir='ltr'><strong>είς</strong></span> <span class='ocrx_word' id='word_1_669' title='bbox 1272 5044 1437 5113; x_wconf 83' lang='grc' dir='ltr'>ἄρσεν</span> <span class='ocrx_word' id='word_1_670' title='bbox 1472 5046 1563 5097; x_wconf 77' lang='grc' dir='ltr'><strong>καὶ</strong></span> <span class='ocrx_word' id='word_1_671' title='bbox 1598 5045 1732 5114; x_wconf 77' lang='grc' dir='ltr'>θῆλυ</span> <span class='ocrx_word' id='word_1_672' title='bbox 1776 5046 1899 5115; x_wconf 84' lang='grc' dir='ltr'>ἐδη-</span> 
     </span>
    </p>
   </div>
   <div class='ocr_carea' id='block_1_97' title="bbox 322 5127 1899 5203">
    <p class='ocr_par' dir='ltr' id='par_1_97' title="bbox 322 5127 1899 5203">
     <span class='ocr_line' id='line_1_110' title="bbox 322 5127 1899 5203; baseline 0.01 -26"><span class='ocrx_word' id='word_1_673' title='bbox 322 5127 688 5200; x_wconf 82' lang='grc' dir='ltr'>μιούργησεν,</span> <span class='ocrx_word' id='word_1_674' title='bbox 722 5132 892 5185; x_wconf 79' lang='grc' dir='ltr'>εἰπὼν</span> <span class='ocrx_word' id='word_1_675' title='bbox 928 5135 1064 5203; x_wconf 81' lang='grc' dir='ltr'>πρὸς</span> <span class='ocrx_word' id='word_1_676' title='bbox 1097 5134 1318 5198; x_wconf 84' lang='grc' dir='ltr'>τούτους</span> <span class='ocrx_word' id='word_1_677' title='bbox 1339 5176 1352 5198; x_wconf 90' lang='grc'><strong>,</strong></span> <span class='ocrx_word' id='word_1_678' title='bbox 1406 5138 1760 5203; x_wconf 74' lang='grc' dir='ltr'>Αὺξάνεσθε</span> <span class='ocrx_word' id='word_1_679' title='bbox 1798 5140 1899 5192; x_wconf 78' lang='grc' dir='ltr'>καὶ</span> 
     </span>
    </p>
   </div>
   <div class='ocr_carea' id='block_1_98' title="bbox 260 5221 1895 5298">
    <p class='ocr_par' dir='ltr' id='par_1_98' title="bbox 260 5221 1895 5298">
     <span class='ocr_line' id='line_1_111' title="bbox 260 5221 1895 5298; baseline 0.007 -26"><span class='ocrx_word' id='word_1_680' title='bbox 260 5226 265 5229; x_wconf 86' lang='grc'><em>’</em></span> <span class='ocrx_word' id='word_1_681' title='bbox 321 5221 733 5288; x_wconf 71' lang='grc' dir='ltr'>πληθύνεσθε,</span> <span class='ocrx_word' id='word_1_682' title='bbox 784 5225 882 5277; x_wconf 81' lang='grc' dir='ltr'>καὶ</span> <span class='ocrx_word' id='word_1_683' title='bbox 930 5226 1288 5293; x_wconf 80' lang='grc' dir='ltr'>πληρώσατε</span> <span class='ocrx_word' id='word_1_684' title='bbox 1346 5229 1460 5294; x_wconf 77' lang='grc' dir='ltr'>τὴν</span> <span class='ocrx_word' id='word_1_685' title='bbox 1512 5229 1895 5298; x_wconf 64' lang='grc' dir='ltr'>οἰκουμένην,</span> 
     </span>
    </p>
   </div>
   <div class='ocr_carea' id='block_1_99' title="bbox 322 5312 1899 5392">
    <p class='ocr_par' dir='ltr' id='par_1_99' title="bbox 322 5312 1899 5392">
     <span class='ocr_line' id='line_1_112' title="bbox 322 5312 1899 5392; baseline 0.006 -26"><span class='ocrx_word' id='word_1_686' title='bbox 322 5312 484 5366; x_wconf 75' lang='grc' dir='ltr'>αὐτοὶ</span> <span class='ocrx_word' id='word_1_687' title='bbox 518 5314 854 5386; x_wconf 63' lang='grc' dir='ltr'>ὑπεναντίως</span> <span class='ocrx_word' id='word_1_688' title='bbox 893 5319 970 5389; x_wconf 81' lang='grc' dir='ltr'>τῷ</span> <span class='ocrx_word' id='word_1_689' title='bbox 1004 5320 1389 5389; x_wconf 80' lang='grc' dir='ltr'>προστάγματι</span> <span class='ocrx_word' id='word_1_690' title='bbox 1419 5322 1509 5373; x_wconf 82' lang='grc' dir='ltr'>τοῦ</span> <span class='ocrx_word' id='word_1_691' title='bbox 1547 5323 1679 5374; x_wconf 76' lang='grc' dir='ltr'>Θεοῦ</span> <span class='ocrx_word' id='word_1_692' title='bbox 1713 5323 1899 5392; x_wconf 77' lang='grc' dir='ltr'>ἕτερόν</span> 
     </span>
    </p>
   </div>
   <div class='ocr_carea' id='block_1_100' title="bbox 266 5405 1901 5483">
    <p class='ocr_par' dir='ltr' id='par_1_100' title="bbox 266 5405 1901 5483">
     <span class='ocr_line' id='line_1_113' title="bbox 266 5405 1901 5483; baseline 0.004 -23"><span class='ocrx_word' id='word_1_693' title='bbox 266 5440 269 5443; x_wconf 56' lang='grc' dir='ltr'><strong>λ</strong></span> <span class='ocrx_word' id='word_1_694' title='bbox 327 5426 379 5460; x_wconf 84' lang='grc' dir='ltr'><strong>τι</strong></span> <span class='ocrx_word' id='word_1_695' title='bbox 445 5408 669 5470; x_wconf 86' lang='grc' dir='ltr'>τούτους</span> <span class='ocrx_word' id='word_1_696' title='bbox 716 5405 869 5462; x_wconf 85' lang='grc' dir='ltr'>εἶναι</span> <span class='ocrx_word' id='word_1_697' title='bbox 907 5415 1242 5483; x_wconf 86' lang='grc' dir='ltr'>πεποιήκασι</span> <span class='ocrx_word' id='word_1_698' title='bbox 1307 5414 1396 5466; x_wconf 60' lang='grc' dir='ltr'>δή</span> <span class='ocrx_word' id='word_1_699' title='bbox 1449 5416 1545 5483; x_wconf 71' lang='grc' dir='ltr'>τῆς</span> <span class='ocrx_word' id='word_1_700' title='bbox 1602 5414 1709 5467; x_wconf 77' lang='grc' dir='ltr'>τῶν</span> <span class='ocrx_word' id='word_1_701' title='bbox 1759 5417 1901 5469; x_wconf 88' lang='grc' dir='ltr'>διδύ-</span> 
     </span>
    </p>
   </div>
   <div class='ocr_carea' id='block_1_101' title="bbox 325 5500 1903 5579">
    <p class='ocr_par' dir='ltr' id='par_1_101' title="bbox 325 5500 1903 5579">
     <span class='ocr_line' id='line_1_114' title="bbox 325 5500 1903 5579; baseline 0.007 -29"><span class='ocrx_word' id='word_1_702' title='bbox 325 5515 452 5569; x_wconf 87' lang='grc' dir='ltr'><strong>μων</strong></span> <span class='ocrx_word' id='word_1_703' title='bbox 483 5500 861 5579; x_wconf 82' lang='grc' dir='ltr'>ἀφαιρέσεως·</span> <span class='ocrx_word' id='word_1_704' title='bbox 913 5504 988 5567; x_wconf 87' lang='grc' dir='ltr'>ὼς</span> <span class='ocrx_word' id='word_1_705' title='bbox 1016 5506 1125 5557; x_wconf 85' lang='grc' dir='ltr'><strong>τῶν</strong></span> <span class='ocrx_word' id='word_1_706' title='bbox 1176 5507 1602 5575; x_wconf 83' lang='grc' dir='ltr'>ὲκτετμημένων</span> <span class='ocrx_word' id='word_1_707' title='bbox 1637 5508 1772 5577; x_wconf 85' lang='grc' dir='ltr'>μήτε</span> <span class='ocrx_word' id='word_1_708' title='bbox 1808 5510 1903 5563; x_wconf 72' lang='lat' dir='ltr'><strong>dv-</strong></span> 
     </span>
    </p>
   </div>
   <div class='ocr_carea' id='block_1_102' title="bbox 329 5590 1897 5668">
    <p class='ocr_par' dir='ltr' id='par_1_102' title="bbox 329 5590 1897 5668">
     <span class='ocr_line' id='line_1_115' title="bbox 329 5590 1897 5668; baseline 0.007 -24"><span class='ocrx_word' id='word_1_709' title='bbox 329 5591 470 5660; x_wconf 76' lang='grc' dir='ltr'>δρῶν</span> <span class='ocrx_word' id='word_1_710' title='bbox 502 5590 670 5644; x_wconf 73' lang='grc' dir='ltr'>ὄντων</span> <span class='ocrx_word' id='word_1_711' title='bbox 701 5592 788 5645; x_wconf 84' lang='grc' dir='ltr'><strong>διὰ</strong></span> <span class='ocrx_word' id='word_1_712' title='bbox 820 5596 879 5646; x_wconf 88' lang='grc' dir='ltr'>τὸ</span> <span class='ocrx_word' id='word_1_713' title='bbox 932 5596 1005 5666; x_wconf 84' lang='grc' dir='ltr'>μὴ</span> <span class='ocrx_word' id='word_1_714' title='bbox 1058 5599 1415 5666; x_wconf 80' lang='grc' dir='ltr'>παιδογονεῑν,</span> <span class='ocrx_word' id='word_1_715' title='bbox 1452 5598 1588 5668; x_wconf 82' lang='grc' dir='ltr'>μήτε</span> <span class='ocrx_word' id='word_1_716' title='bbox 1622 5602 1897 5667; x_wconf 84' lang='grc' dir='ltr'>γυναικῶν</span> 
     </span>
    </p>
   </div>
   <div class='ocr_carea' id='block_1_103' title="bbox 331 5682 1895 5762">
    <p class='ocr_par' dir='ltr' id='par_1_103' title="bbox 331 5682 1895 5762">
     <span class='ocr_line' id='line_1_116' title="bbox 331 5682 1895 5762; baseline 0.008 -28"><span class='ocrx_word' id='word_1_717' title='bbox 331 5682 419 5735; x_wconf 79' lang='grc' dir='ltr'><strong>διὰ</strong></span> <span class='ocrx_word' id='word_1_718' title='bbox 445 5683 502 5735; x_wconf 76' lang='grc' dir='ltr'>τὸ</span> <span class='ocrx_word' id='word_1_719' title='bbox 532 5685 606 5751; x_wconf 85' lang='grc' dir='ltr'>μὴ</span> <span class='ocrx_word' id='word_1_720' title='bbox 636 5684 861 5741; x_wconf 84' lang='grc' dir='ltr'>τίκτειν.</span> <span class='ocrx_word' id='word_1_721' title='bbox 888 5687 1118 5758; x_wconf 82' lang='grc' dir='ltr'>Ὤρισαν</span> <span class='ocrx_word' id='word_1_722' title='bbox 1148 5688 1239 5746; x_wconf 72' lang='grc' dir='ltr'>οὖν</span> <span class='ocrx_word' id='word_1_723' title='bbox 1269 5694 1317 5744; x_wconf 80' lang='grc' dir='ltr'>οἱ</span> <span class='ocrx_word' id='word_1_724' title='bbox 1354 5692 1592 5762; x_wconf 61' lang='lat' dir='ltr'><strong>lla-cepe;</strong></span> <span class='ocrx_word' id='word_1_725' title='bbox 1622 5695 1744 5755; x_wconf 75' lang='grc' dir='ltr'>τοὺῖς</span> <span class='ocrx_word' id='word_1_726' title='bbox 1779 5694 1895 5746; x_wconf 87' lang='grc' dir='ltr'>τόλ-</span> 
     </span>
    </p>
   </div>
   <div class='ocr_carea' id='block_1_104' title="bbox 442 5820 846 5925">
    <p class='ocr_par' dir='ltr' id='par_1_104' title="bbox 442 5820 846 5925">
     <span class='ocr_line' id='line_1_117' title="bbox 442 5820 846 5925; baseline -0.005 -6"><span class='ocrx_word' id='word_1_727' title='bbox 442 5861 485 5893; x_wconf 82' lang='grc'><strong>⁷⁸</strong></span> <span class='ocrx_word' id='word_1_728' title='bbox 519 5820 670 5920; x_wconf 61' lang='grc' dir='ltr'><strong>(ῗιίιιι.⁵</strong></span> <span class='ocrx_word' id='word_1_729' title='bbox 688 5883 724 5925; x_wconf 86' lang='grc' dir='ltr'><strong>ι.</strong></span> <span class='ocrx_word' id='word_1_730' title='bbox 755 5866 846 5919; x_wconf 66' lang='lat'><strong>29..</strong></span> 
     </span>
    </p>
   </div>
   <div class='ocr_carea' id='block_1_105' title="bbox 1995 4673 3563 4743">
    <p class='ocr_par' dir='ltr' id='par_1_105' title="bbox 1995 4673 3563 4743">
     <span class='ocr_line' id='line_1_118' title="bbox 1995 4673 3563 4743; baseline -0.003 -16"><span class='ocrx_word' id='word_1_731' title='bbox 1995 4674 2100 4727; x_wconf 86' lang='lat' dir='ltr'><strong>hoc</strong></span> <span class='ocrx_word' id='word_1_732' title='bbox 2147 4674 2258 4727; x_wconf 77' lang='lat' dir='ltr'><strong>fleri</strong></span> <span class='ocrx_word' id='word_1_733' title='bbox 2319 4674 2611 4727; x_wconf 89' lang='lat' dir='ltr'><strong>mandant.</strong></span> <span class='ocrx_word' id='word_1_734' title='bbox 2670 4673 2875 4726; x_wconf 89' lang='lat' dir='ltr'><strong>Dicunt</strong></span> <span class='ocrx_word' id='word_1_735' title='bbox 2918 4688 3073 4743; x_wconf 82' lang='lat' dir='ltr'><strong>ergo,</strong></span> <span class='ocrx_word' id='word_1_736' title='bbox 3109 4673 3254 4741; x_wconf 85' lang='lat' dir='ltr'><strong>quod</strong></span> <span class='ocrx_word' id='word_1_737' title='bbox 3306 4673 3563 4741; x_wconf 88' lang='lat' dir='ltr'><strong>quoniam</strong></span> 
     </span>
    </p>
   </div>
   <div class='ocr_carea' id='block_1_106' title="bbox 2000 4765 3566 4836">
    <p class='ocr_par' dir='ltr' id='par_1_106' title="bbox 2000 4765 3566 4836">
     <span class='ocr_line' id='line_1_119' title="bbox 2000 4765 3566 4836; baseline -0.003 -16"><span class='ocrx_word' id='word_1_738' title='bbox 2000 4768 2091 4835; x_wconf 89' lang='lat' dir='ltr'><strong>qui</strong></span> <span class='ocrx_word' id='word_1_739' title='bbox 2126 4768 2368 4836; x_wconf 82' lang='lat' dir='ltr'><strong>seipsum</strong></span> <span class='ocrx_word' id='word_1_740' title='bbox 2408 4775 2652 4828; x_wconf 84' lang='lat' dir='ltr'><strong>exsecat,</strong></span> <span class='ocrx_word' id='word_1_741' title='bbox 2704 4766 2790 4819; x_wconf 89' lang='lat' dir='ltr'><strong>sui</strong></span> <span class='ocrx_word' id='word_1_742' title='bbox 2822 4777 2904 4821; x_wconf 88' lang='lat' dir='ltr'><strong>est</strong></span> <span class='ocrx_word' id='word_1_743' title='bbox 2935 4765 3233 4825; x_wconf 83' lang='lat' dir='ltr'><strong>homicida,</strong></span> <span class='ocrx_word' id='word_1_744' title='bbox 3263 4766 3488 4818; x_wconf 91' lang='lat' dir='ltr'><strong>omnino</strong></span> <span class='ocrx_word' id='word_1_745' title='bbox 3518 4765 3566 4816; x_wconf 82' lang='lat' dir='ltr'><strong>is</strong></span> 
     </span>
    </p>
   </div>
   <div class='ocr_carea' id='block_1_107' title="bbox 1997 4856 3570 4927">
    <p class='ocr_par' dir='ltr' id='par_1_107' title="bbox 1997 4856 3570 4927">
     <span class='ocr_line' id='line_1_120' title="bbox 1997 4856 3570 4927; baseline -0.003 -16"><span class='ocrx_word' id='word_1_746' title='bbox 1997 4860 2089 4927; x_wconf 89' lang='lat' dir='ltr'><strong>qui</strong></span> <span class='ocrx_word' id='word_1_747' title='bbox 2137 4858 2368 4911; x_wconf 86' lang='lat' dir='ltr'><strong>alterum</strong></span> <span class='ocrx_word' id='word_1_748' title='bbox 2427 4867 2657 4919; x_wconf 81' lang='lat' dir='ltr'><strong>castrat,</strong></span> <span class='ocrx_word' id='word_1_749' title='bbox 2731 4858 2810 4909; x_wconf 87' lang='lat' dir='ltr'><strong>vel</strong></span> <span class='ocrx_word' id='word_1_750' title='bbox 2876 4856 3106 4911; x_wconf 82' lang='lat' dir='ltr'><strong>castrari</strong></span> <span class='ocrx_word' id='word_1_751' title='bbox 3175 4857 3420 4912; x_wconf 83' lang='lat' dir='ltr'><strong>mandat.</strong></span> <span class='ocrx_word' id='word_1_752' title='bbox 3483 4868 3570 4909; x_wconf 78' lang='lat' dir='ltr'><strong>est</strong></span> 
     </span>
    </p>
   </div>
   <div class='ocr_carea' id='block_1_108' title="bbox 2000 4948 3569 5018">
    <p class='ocr_par' dir='ltr' id='par_1_108' title="bbox 2000 4948 3569 5018">
     <span class='ocr_line' id='line_1_121' title="bbox 2000 4948 3569 5018; baseline -0.004 -13"><span class='ocrx_word' id='word_1_753' title='bbox 2000 4951 2298 5005; x_wconf 89' lang='lat' dir='ltr'><strong>homicida.</strong></span> <span class='ocrx_word' id='word_1_754' title='bbox 2343 4948 2515 5002; x_wconf 82' lang='lat' dir='ltr'><strong>Vocat</strong></span> <span class='ocrx_word' id='word_1_755' title='bbox 2547 4959 2727 5003; x_wconf 87' lang='lat' dir='ltr'><strong>autem</strong></span> <span class='ocrx_word' id='word_1_756' title='bbox 2761 4950 2909 5018; x_wconf 82' lang='lat' dir='ltr'><strong>ipsos</strong></span> <span class='ocrx_word' id='word_1_757' title='bbox 2950 4950 3116 5002; x_wconf 85' lang='lat' dir='ltr'><strong>etiam</strong></span> <span class='ocrx_word' id='word_1_758' title='bbox 3149 4950 3202 5002; x_wconf 92' lang='lat' dir='ltr'><strong>in</strong></span> <span class='ocrx_word' id='word_1_759' title='bbox 3232 4948 3399 5001; x_wconf 86' lang='lat' dir='ltr'><strong>Deum</strong></span> <span class='ocrx_word' id='word_1_760' title='bbox 3432 4965 3569 5001; x_wconf 85' lang='lat' dir='ltr'><strong>con-</strong></span> 
     </span>
    </p>
   </div>
   <div class='ocr_carea' id='block_1_109' title="bbox 2005 5036 3572 5117">
    <p class='ocr_par' dir='ltr' id='par_1_109' title="bbox 2005 5036 3572 5117">
     <span class='ocr_line' id='line_1_122' title="bbox 2005 5036 3572 5117; baseline -0.004 -19"><span class='ocrx_word' id='word_1_761' title='bbox 2005 5044 2347 5098; x_wconf 84' lang='lat' dir='ltr'><strong>tumeliosos.</strong></span> <span class='ocrx_word' id='word_1_762' title='bbox 2380 5041 2529 5107; x_wconf 88' lang='lat' dir='ltr'><strong>Quos</strong></span> <span class='ocrx_word' id='word_1_763' title='bbox 2562 5042 2705 5117; x_wconf 84' lang='lat' dir='ltr'><strong>enim</strong></span> <span class='ocrx_word' id='word_1_764' title='bbox 2741 5036 2883 5094; x_wconf 83' lang='lat' dir='ltr'><strong>Deus</strong></span> <span class='ocrx_word' id='word_1_765' title='bbox 2916 5058 3009 5117; x_wconf 81' lang='lat' dir='ltr'><strong>per</strong></span> <span class='ocrx_word' id='word_1_766' title='bbox 3039 5042 3335 5095; x_wconf 84' lang='lat' dir='ltr'><strong>liberorum</strong></span> <span class='ocrx_word' id='word_1_767' title='bbox 3370 5055 3572 5108; x_wconf 86' lang='lat' dir='ltr'><strong>procu-</strong></span> 
     </span>
    </p>
   </div>
   <div class='ocr_carea' id='block_1_110' title="bbox 2004 5116 3571 5201">
    <p class='ocr_par' dir='ltr' id='par_1_110' title="bbox 2004 5116 3571 5201">
     <span class='ocr_line' id='line_1_123' title="bbox 2004 5116 3571 5201; baseline -0.003 -14"><span class='ocrx_word' id='word_1_768' title='bbox 2004 5137 2274 5187; x_wconf 84' lang='lat' dir='ltr'><strong>rationem</strong></span> <span class='ocrx_word' id='word_1_769' title='bbox 2323 5116 2661 5186; x_wconf 83' lang='lat' dir='ltr'><strong>immortales</strong></span> <span class='ocrx_word' id='word_1_770' title='bbox 2725 5116 3132 5201; x_wconf 80' lang='lat' dir='ltr'><strong>quodammodo</strong></span> <span class='ocrx_word' id='word_1_771' title='bbox 3178 5131 3382 5193; x_wconf 79' lang='lat' dir='ltr'><strong>effecit,</strong></span> <span class='ocrx_word' id='word_1_772' title='bbox 3427 5138 3479 5185; x_wconf 91' lang='lat' dir='ltr'><strong>et</strong></span> <span class='ocrx_word' id='word_1_773' title='bbox 3518 5132 3571 5183; x_wconf 90' lang='lat' dir='ltr'><strong>in</strong></span> 
     </span>
    </p>
   </div>
   <div class='ocr_carea' id='block_1_111' title="bbox 2009 5218 3575 5287">
    <p class='ocr_par' dir='ltr' id='par_1_111' title="bbox 2009 5218 3575 5287">
     <span class='ocr_line' id='line_1_124' title="bbox 2009 5218 3575 5287; baseline -0.003 -9"><span class='ocrx_word' id='word_1_774' title='bbox 2009 5242 2211 5278; x_wconf 88' lang='lat' dir='ltr'><strong>marem</strong></span> <span class='ocrx_word' id='word_1_775' title='bbox 2248 5238 2311 5277; x_wconf 89' lang='lat' dir='ltr'><strong>ac</strong></span> <span class='ocrx_word' id='word_1_776' title='bbox 2356 5223 2613 5277; x_wconf 84' lang='lat' dir='ltr'><strong>feminam</strong></span> <span class='ocrx_word' id='word_1_777' title='bbox 2648 5218 2923 5287; x_wconf 84' lang='lat' dir='ltr'><strong>condidit,</strong></span> <span class='ocrx_word' id='word_1_778' title='bbox 2956 5225 3144 5277; x_wconf 89' lang='lat' dir='ltr'><strong>dicens</strong></span> <span class='ocrx_word' id='word_1_779' title='bbox 3201 5225 3301 5287; x_wconf 87' lang='lat' dir='ltr'><strong>eis,</strong></span> <span class='ocrx_word' id='word_1_780' title='bbox 3342 5222 3575 5277; x_wconf 76' lang='lat' dir='ltr'><strong>Crescite</strong></span> 
     </span>
    </p>
   </div>
   <div class='ocr_carea' id='block_1_112' title="bbox 2004 5316 3575 5386">
    <p class='ocr_par' dir='ltr' id='par_1_112' title="bbox 2004 5316 3575 5386">
     <span class='ocr_line' id='line_1_125' title="bbox 2004 5316 3575 5386; baseline -0.003 -14"><span class='ocrx_word' id='word_1_781' title='bbox 2004 5328 2052 5372; x_wconf 81' lang='lat' dir='ltr'><strong>et</strong></span> <span class='ocrx_word' id='word_1_782' title='bbox 2085 5317 2507 5384; x_wconf 82' lang='lat' dir='ltr'><strong>multiplicamini</strong></span> <span class='ocrx_word' id='word_1_783' title='bbox 2535 5325 2584 5368; x_wconf 82' lang='lat' dir='ltr'><strong>ct</strong></span> <span class='ocrx_word' id='word_1_784' title='bbox 2606 5316 2797 5383; x_wconf 82' lang='lat' dir='ltr'><strong>replete</strong></span> <span class='ocrx_word' id='word_1_785' title='bbox 2829 5327 3025 5369; x_wconf 80' lang='lat' dir='ltr'><strong>terram</strong></span> <span class='ocrx_word' id='word_1_786' title='bbox 3046 5317 3116 5379; x_wconf 78' lang='grc'><strong>⁷⁸,</strong></span> <span class='ocrx_word' id='word_1_787' title='bbox 3146 5318 3270 5386; x_wconf 89' lang='lat' dir='ltr'><strong>ipsi,</strong></span> <span class='ocrx_word' id='word_1_788' title='bbox 3310 5316 3575 5369; x_wconf 83' lang='lat' dir='ltr'><strong>adversus</strong></span> 
     </span>
    </p>
   </div>
   <div class='ocr_carea' id='block_1_113' title="bbox 2012 5410 3571 5479">
    <p class='ocr_par' dir='ltr' id='par_1_113' title="bbox 2012 5410 3571 5479">
     <span class='ocr_line' id='line_1_126' title="bbox 2012 5410 3571 5479; baseline -0.002 -15"><span class='ocrx_word' id='word_1_789' title='bbox 2012 5413 2105 5466; x_wconf 85' lang='lat' dir='ltr'><strong>Dei</strong></span> <span class='ocrx_word' id='word_1_790' title='bbox 2157 5420 2516 5479; x_wconf 68' lang='lat' dir='ltr'><strong>prmceptum,</strong></span> <span class='ocrx_word' id='word_1_791' title='bbox 2560 5424 2656 5463; x_wconf 90' lang='lat' dir='ltr'><strong>eos</strong></span> <span class='ocrx_word' id='word_1_792' title='bbox 2695 5411 2899 5477; x_wconf 88' lang='lat' dir='ltr'><strong>aliquid</strong></span> <span class='ocrx_word' id='word_1_793' title='bbox 2946 5410 3093 5463; x_wconf 87' lang='lat' dir='ltr'><strong>aliud</strong></span> <span class='ocrx_word' id='word_1_794' title='bbox 3134 5426 3255 5464; x_wconf 88' lang='lat' dir='ltr'><strong>esse</strong></span> <span class='ocrx_word' id='word_1_795' title='bbox 3307 5410 3571 5471; x_wconf 86' lang='lat' dir='ltr'><strong>fecerunt,</strong></span> 
     </span>
    </p>
   </div>
   <div class='ocr_carea' id='block_1_114' title="bbox 2010 5501 3573 5573">
    <p class='ocr_par' dir='ltr' id='par_1_114' title="bbox 2010 5501 3573 5573">
     <span class='ocr_line' id='line_1_127' title="bbox 2010 5501 3573 5573; baseline -0.003 -16"><span class='ocrx_word' id='word_1_796' title='bbox 2010 5514 2104 5573; x_wconf 86' lang='lat' dir='ltr'><strong>per</strong></span> <span class='ocrx_word' id='word_1_797' title='bbox 2127 5502 2510 5567; x_wconf 85' lang='lat' dir='ltr'><strong>testiculorum</strong></span> <span class='ocrx_word' id='word_1_798' title='bbox 2543 5501 2872 5555; x_wconf 87' lang='lat' dir='ltr'><strong>ablationem</strong></span> <span class='ocrx_word' id='word_1_799' title='bbox 2903 5519 2915 5553; x_wconf 87' lang='lat'>:</span> <span class='ocrx_word' id='word_1_800' title='bbox 2956 5510 3141 5570; x_wconf 83' lang='lat' dir='ltr'><strong>utpote</strong></span> <span class='ocrx_word' id='word_1_801' title='bbox 3168 5516 3290 5553; x_wconf 89' lang='lat' dir='ltr'><strong>cum</strong></span> <span class='ocrx_word' id='word_1_802' title='bbox 3326 5501 3573 5565; x_wconf 78' lang='lat' dir='ltr'><strong>castrati,</strong></span> 
     </span>
    </p>
   </div>
   <div class='ocr_carea' id='block_1_115' title="bbox 2006 5593 3629 5663">
    <p class='ocr_par' dir='ltr' id='par_1_115' title="bbox 2006 5593 3629 5663">
     <span class='ocr_line' id='line_1_128' title="bbox 2006 5593 3629 5663; baseline -0.003 -13"><span class='ocrx_word' id='word_1_803' title='bbox 2006 5612 2107 5651; x_wconf 79' lang='lat' dir='ltr'><strong>nec</strong></span> <span class='ocrx_word' id='word_1_804' title='bbox 2138 5596 2246 5649; x_wconf 87' lang='lat' dir='ltr'><strong>sint</strong></span> <span class='ocrx_word' id='word_1_805' title='bbox 2279 5594 2401 5658; x_wconf 88' lang='lat' dir='ltr'><strong>viri,</strong></span> <span class='ocrx_word' id='word_1_806' title='bbox 2437 5596 2582 5662; x_wconf 86' lang='lat' dir='ltr'><strong>quod</strong></span> <span class='ocrx_word' id='word_1_807' title='bbox 2617 5610 2722 5648; x_wconf 89' lang='lat' dir='ltr'><strong>non</strong></span> <span class='ocrx_word' id='word_1_808' title='bbox 2785 5605 3074 5663; x_wconf 79' lang='lat' dir='ltr'><strong>generem,</strong></span> <span class='ocrx_word' id='word_1_809' title='bbox 3142 5609 3239 5648; x_wconf 89' lang='lat' dir='ltr'><strong>nec</strong></span> <span class='ocrx_word' id='word_1_810' title='bbox 3289 5593 3572 5653; x_wconf 77' lang='lat' dir='ltr'><strong>mulieres,</strong></span> <span class='ocrx_word' id='word_1_811' title='bbox 3628 5616 3629 5619; x_wconf 52' lang='grc' dir='ltr'><strong>η</strong></span> 
     </span>
    </p>
   </div>
   <div class='ocr_carea' id='block_1_116' title="bbox 2010 5682 3575 5760">
    <p class='ocr_par' dir='ltr' id='par_1_116' title="bbox 2010 5682 3575 5760">
     <span class='ocr_line' id='line_1_129' title="bbox 2010 5682 3575 5760; baseline -0.005 -16"><span class='ocrx_word' id='word_1_812' title='bbox 2010 5688 2155 5760; x_wconf 80' lang='lat' dir='ltr'><strong>quod</strong></span> <span class='ocrx_word' id='word_1_813' title='bbox 2187 5702 2299 5741; x_wconf 89' lang='lat' dir='ltr'><strong>non</strong></span> <span class='ocrx_word' id='word_1_814' title='bbox 2334 5688 2573 5756; x_wconf 88' lang='lat' dir='ltr'><strong>pariant.</strong></span> <span class='ocrx_word' id='word_1_815' title='bbox 2619 5685 2942 5741; x_wconf 80' lang='lat' dir='ltr'><strong>Statuerunt</strong></span> <span class='ocrx_word' id='word_1_816' title='bbox 2970 5700 3100 5756; x_wconf 77' lang='lat' dir='ltr'><strong>ergo</strong></span> <span class='ocrx_word' id='word_1_817' title='bbox 3134 5685 3322 5739; x_wconf 81' lang='lat' dir='ltr'><strong>Patres</strong></span> <span class='ocrx_word' id='word_1_818' title='bbox 3356 5698 3451 5739; x_wconf 80' lang='lat' dir='ltr'><strong>eos</strong></span> <span class='ocrx_word' id='word_1_819' title='bbox 3477 5682 3575 5753; x_wconf 86' lang='lat' dir='ltr'><strong>qui</strong></span> 
     </span>
    </p>
   </div>
  </div>
