4056 6396
394 366 536 432 λιιι)
597 443 604 448 ,

1001 483 1238 537 ΚΔΝΩΝ
1287 477 1364 534 6'.

391 596 411 631 ι
460 575 565 631 Τοῦ
596 572 978 631 ,ἀποστολικοῦ
1011 577 1107 628 καὶ
1152 572 1296 627 θείου
1331 574 1556 636 κανόνος
1606 571 1734 637 τοὺς
1769 573 1957 642 ἱερεῖς,

458 690 478 724 r
521 669 746 725 τύπτειν
771 667 1184 742 ἐπιχειρούντας
1215 667 1445 730 πιστοὺς
1496 665 1958 736 ἁμαρτήσαντας,

458 782 478 816 ι
521 763 843 834 ἢλὰπίστους
859 763 1254 842 ἀδικῄσαντας,
1270 757 1590 829 καθαιρέσει
1613 757 1959 810 καθυποδάλ-

457 875 477 908 ι
523 857 729 922 λοντος,
762 860 814 909 οἱ
846 855 936 910 τον
985 855 1190 908 οἰκεῖον
1224 851 1664 924 ἀποθεραπεύειν
1703 851 1959 920 μηχανώ-

461 964 480 998 t
529 962 682 1016 μενοι
735 945 929 1015 θυμὸν,
963 945 1058 999 καὶ
1109 946 1209 1006 τὰς
1259 941 1624 1005 ἁποστολικὰς
1682 941 1958 1005 διατάξεις

457 1056 475 1090 ι
523 1041 1073 1110 παραχαράσσοντες,
1109 1040 1238 1100 τοὺς
1292 1034 1609 1104 αὐτοχειρίᾳ
1655 1033 1956 1095 τύπτοντας

459 1149 480 1185 t
527 1131 872 1202 ἐξειληφασι,
906 1131 1046 1202 μήτε
1096 1128 1192 1182 τοῦ
1239 1127 1462 1190 κανόνος
1497 1126 1664 1198 μηδὲν
1716 1124 1956 1179 τοιοῦτον

454 1241 474 1275 ι
519 1223 1004 1291 ύποσημαίνοντος,
1039 1223 1178 1291 μήτε
1229 1219 1325 1274 τοῦ
1380 1217 1543 1293 ὀρθοῦ
1587 1218 1747 1286 λόγου
1791 1216 1956 1272 τοῦτο

455 1336 471 1366 ι
518 1319 658 1369 νοεῖν
714 1317 1122 1386 ἐπιτρέποντος.
1160 1316 1408 1374 Μάταιον
1455 1313 1564 1384 γὰρ
1611 1313 1686 1372 ὼς
1732 1312 1952 1382 ἀληθῶς

455 1427 473 1458 ι
515 1409 615 1460 καὶ
639 1407 768 1460 λίαν
801 1407 1106 1476 ἐπισφαλὲς
1138 1408 1229 1460 τὸν
1265 1407 1584 1477 αὐτοχειρίᾳ
1615 1405 1720 1474 ’μὲν
1771 1405 1831 1457 ὲν
1875 1403 1954 1473 τῷ

453 1519 472 1551 ι
516 1499 739 1553 τύπτειν
779 1503 900 1570 τρὶς
946 1500 977 1570 ἢ
1022 1501 1282 1570 τετράκις
1333 1500 1612 1569 πλήξαντα
1659 1499 1951 1566 καθαιρεῖ-

453 1609 472 1642 t
507 1589 642 1643 -οθαι
670 1607 686 1623 ⁸
736 1591 920 1654 ἁδείας
959 1591 1017 1644 δὲ
1041 1591 1350 1660 διδομένης,
1382 1591 1608 1643 τύπτειν
1639 1591 1698 1656 ἐξ
1727 1589 1953 1656 ὲπιτάγο

453 1695 472 1728 ι
521 1694 691 1747 ματος
737 1679 827 1731 τὸν
863 1679 1087 1748 ἀπηνῶς
1136 1679 1230 1732 καὶ
1265 1679 1426 1748 μέχρι
1456 1677 1691 1733 θανάτου
1743 1678 1841 1747 τὴν
1866 1693 1950 1728 τις

447 1785 474 1821 t
523 1769 740 1837 μωρίαν
781 1768 1091 1834 ὲπαύξοντα
1158 1769 1506 1838 παρορᾶσθαι
1577 1768 1944 1837 ἀτιμώρητον.

453 1881 469 1910 ι
520 1863 720 1933 Διόπερ
748 1862 844 1915 τοῦ
881 1864 1103 1924 κανόνος
1127 1863 1188 1917 τὸ
1219 1863 1442 1916 τύπτειν
1473 1861 1660 1925 ἁπλῶς
1692 1860 1948 1925 κολάζον-

455 1973 474 2004 ε
519 1971 632 2017 τος,
663 1954 758 2007 καὶ
785 1957 946 2024 ἡμεῖς
977 1953 1121 2008 οὕτω
1157 1953 1640 2024 συμψηφιξόμεθα.
1689 1952 1811 2022 Χρὴ
1838 1952 1948 2022 γὰρ

457 2063 476 2096 ι
522 2045 612 2114 τὸν
647 2045 742 2100 τοῦ
772 2046 906 2099 Θεοῦ
945 2046 1094 2116 ἱερέα
1130 2045 1481 2107 διδασκαλίας
1512 2046 1607 2097 καὶ
1639 2043 1945 2107 νουθεσίας,

457 2156 473 2188 ι
521 2137 631 2189 ἐσθ’
653 2140 740 2192 ὅτε
771 2138 826 2191 δὲ
859 2140 952 2191 καὶ
978 2141 1090 2202 τοίς
1123 2137 1599 2208 ἐκκλησιαστικαῖς
1629 2135 1946 2206 ἐπιτιμίοις,

453 2248 474 2283 ι
517 2232 610 2282 τὸν
661 2227 1010 2285 ἀτακτοῦντα
1068 2231 1461 2298 παιδαγωγεῖν,
1513 2229 1649 2282 ἀλλὰ
1703 2232 1777 2298 μὴ
1829 2231 1950 2289 ταῖς

457 2343 476 2376 ι
525 2323 745 2393 μάστιξι
777 2325 869 2378 καὶ⁴
898 2326 1018 2387 ταῖς
1048 2322 1283 2392 πληγαῖς
1315 2324 1393 2385 είς
1420 2321 1489 2374 τὰ
1513 2321 1624 2372 τῶν
1647 2318 1949 2391 ἀνθρώπων

447 2435 473 2469 τι
523 2415 754 2486 σώματα
809 2416 1102 2487 ὲπιπηδᾷν.
1137 2416 1198 2468 El
1230 2415 1290 2468 δέ
1318 2431 1464 2477 τινες
1510 2410 1623 2466 εἶεν
1671 2411 1949 2474 παντελῶς

452 2524 472 2556 ι
517 2506 1022 2570 ἀνυποτακτοῦντες
1051 2546 1067 2570 ,
1126 2506 1222 2558 καὶ
1272 2503 1349 2574 τῷ
1409 2500 1776 2574 σωφρονισμῷ
1838 2502 1948 2554 τῶν

452 2617 472 2652 t
521 2600 815 2670 ἐπιτιμίων
845 2600 922 2670 μὴ
955 2596 1295 2662 ὑπείκοντες,
1323 2597 1546 2659 τούτους
1576 2595 1664 2648 διὰ
1688 2593 1787 2664 τῆς
1812 2591 1949 2664 πρὸς

446 2713 467 2748 ι
513 2695 642 2758 τοὺς
675 2693 818 2747 κατὰ
864 2693 957 2746 τὸν
993 2691 1159 2745 τόπον
1191 2691 1460 2764 ἄρχοντας
1489 2688 1808 2757 ἐγκλήσεως
1854 2683 1916 2738 ού

445 2803 467 2840 ι
511 2783 621 2848 δεὶς
666 2783 864 2838 κωλύει
917 2780 1378 2854 σωφρονίζεσθαι’
1411 2783 1504 2833 καὶ
1547 2778 1656 2848 γὰρ
1687 2778 1715 2830 ὁ
1743 2777 1844 2848 τῆς
1877 2778 1938 2829 ὲν

447 2893 467 2929 ι
525 2876 830 2947 Ἀντιοχείᾳ
864 2875 1085 2928 συνόδου
1124 2874 1373 2944 πέμπτος
1403 2871 1582 2926 κανὼν
1618 2872 1745 2934 τοὺς
1778 2869 1946 2938 θορυ-

447 2989 466 3021 t
512 2969 742 3032 6οὖντας
792 2968 888 3022 καὶ
936 2969 1153 3032 στάσεις
1203 2968 1270 3037 τῇ
1322 2965 1620 3034 Ἐκκλησία
1671 2959 1943 3033 παρεισά-

448 3081 467 3115 t
513 3077 709 3142 γοντας
755 3062 842 3116 διὰ
894 3061 993 3130 τῆς
1022 3059 1224 3126 ἔξωθεν
1252 3059 1430 3132 χειρὸς
1475 3058 1793 3111 ὲκανόνισεν
1825 3055 1918 3106 ἐπι

447 3174 466 3206 ι
497 3155 862 3224 στρέφεσθαι.
883 3174 902 3208 ι

440 3245 637 3299 ΒΑΛΣ.
683 3246 741 3299 '0
776 3246 877 3316 μὲν
915 3241 997 3309 κζ’
1035 3243 1402 3307 ἁποστολικὸς
1427 3243 1610 3297 κανὼν
1653 3243 1941 3313 καθαιρεῖ-

371 3337 498 3392 σθαι
526 3337 820 3409 διορίζεται
849 3338 978 3402 τοὺς
1010 3337 1350 3409 ἱερωμένους
1384 3337 1688 3401 τύπτοντας
1737 3337 1944 3407 οἱονδή-

364 3415 492 3483 τινα
524 3431 720 3484 πιστὸν
748 3430 782 3500 ἢ
814 3429 1046 3484 ἄπιστον
1081 3429 1424 3500 ἀδικήσαντα
1452 3428 1485 3498 ἢ
1519 3429 1938 3501 ἁμαρτήσαντα·

363 3523 394 3574 ὁ
439 3509 503 3574 ¹δὲ
555 3521 746 3592 παρὼν
793 3522 974 3576 κανών
1005 3540 1171 3594 φησιν
1203 3521 1278 3584 ὥς
1308 3539 1454 3586 τινες
1501 3521 1809 3593 ίεροιμένοι,
1841 3523 1943 3592 τὴν

357 3601 476 3668 ἀπὸ
503 3613 596 3667 τοῦ
631 3614 854 3674 κανόνος
885 3614 1235 3686 ἐπαγομένην
1266 3616 1331 3667 ὲκ
1363 3614 1555 3667 τούτου
1617 3615 1940 3684 καθαίρεσιν

364 3705 714 3775 πτοούμενοι,
768 3707 1103 3776 αὐτοχείρως
1145 3706 1242 3775 μὲν
1271 3707 1331 3758 ού
1364 3705 1664 3774 πλήττουσι
1691 3743 1707 3767 ,
1741 3705 1851 3758 στὸν
1881 3705 1940 3758 δὲ

361 3800 566 3852 σίκεῖον
611 3798 783 3868 θυμὸν
834 3797 1253 3868 θεραπεύοντες,
1285 3798 1354 3852 δι’
1387 3799 1592 3868 ἐτέρων
1615 3797 1936 3852 τύπτουσιν·

359 3891 443 3954 ὡς
469 3891 568 3944 τοῦ
595 3888 960 3944 ἀποστολικοῦ
991 3890 1218 3952 κανόνος
1251 3890 1328 3962 μὴ
1376 3889 1560 3961 ῥητῶς
1585 3891 1728 3960 τάχα
1761 3889 1940 3944 κωλύ-

362 3983 711 4048 σαντοςκα)⁴
769 3982 948 4038 τοῦτο.
1006 3982 1320 4047 Κάντεῦθεν
1385 3983 1784 4053 περιγράφουσι
1841 3984 1941 4051 τὴν

349 4075 732 4144 ⁴ἀποστολικὴν
757 4074 1163 4144 παραγγελίαν.
1201 4075 1361 4128 Ἐστι
1394 4075 1452 4127 δὲ
1484 4074 1580 4128 καὶ
1610 4075 1936 4143 ἐπισφαλὲς,

345 4169 575 4238 ,μᾶλλον
615 4169 722 4238 μὲν
771 4167 866 4222 οὖν
922 4168 1016 4221 καὶ
1055 4168 1277 4234 ἄτοπον,
1319 4168 1382 4220 τὸ
1421 4167 1606 4236 λέγειν
1651 4169 1786 4234 περὶ⁵
1831 4169 1940 4224 τῶν

361 4258 680 4312 ἀποστόλων
705 4257 782 4320 ὡς
807 4257 1116 4328 τιμωροῦσι
1153 4256 1254 4326 μὲν
1283 4257 1375 4310 τὸν
1401 4256 1550 4322 ἅπαξ
1577 4257 1610 4328 ἢ
1639 4257 1721 4322 δὶς
1774 4259 1939 4330 τυχὸν

361 4351 741 4422 οἰκειοχείρως
767 4349 1048 4421 πλήξαντα
1067 4367 1091 4385 λο
1123 4349 1216 4402 τὸν
1246 4349 1304 4404 δὲ
1333 4350 1393 4418 ἐξ
1425 4351 1733 4420 ἐπιτροπῆς
1778 4351 1941 4404 θανα-

361 4442 684 4512 σίμους-καὶ
703 4441 916 4505 ’πολλὰς
946 4442 1160 4513 πληγάς
1186 4458 1294 4495 τινι
1320 4443 1596 4510 ἐπάγοντα
1650 4443 1726 4513 μὴ
1780 4443 1940 4498 κολά.

1569 366 1653 429 IN
1693 367 1858 429 CAN.
1894 369 1980 428 1X
2014 369 2223 430 CONC.
2264 370 2372 431 (ΣΡ.

1986 487 2034 542 Α

1983 1833 2022 1886 Β

1971 3183 2020 3248 ’C

2627 419 2637 428 ,
2712 437 2717 450 δ
3484 369 3622 435 1050

2671 479 2898 536 CANON
2941 481 3030 535 IX.

2065 573 2256 630 «Cum
2291 581 2633 643 apostottcus
2686 591 2749 629 ac
2800 575 3014 628 divinus
3058 588 3231 630 canon
3280 575 3626 636 sacerdotes,

2135 687 2152 719 ι
2186 669 2280 737 qui
2343 666 2634 721 verberare
2691 668 3108 736 aggrediuntur,
3160 667 3241 721 vel
3290 666 3476 721 ﬁdeles
3531 669 3628 736 qui

2135 773 2154 806 ι
2198 767 2522 825 peccarunt,
2548 756 2632 810 vel
2664 755 2911 811 inﬁdeles
2947 758 3037 827 qui
3065 757 3320 827 injuriatn
3356 757 3626 820 fecerunt.

2137 867 2155 900 ι
2195 849 2533 918 depositioni
2566 849 2866 917 subjiciat:
2905 850 2938 902 ii
2989 850 3081 920 qui
3139 866 3254 905 suae
3282 851 3373 903 irae
3419 850 3623 904 mederi

2136 959 2155 992 ι
2202 941 2529 1006 moliuntur,
2563 949 2616 996 et
2662 942 3002 1010 apostolicas
3052 945 3479 1005 constitutiones
3529 941 3627 994 de-

2137 1041 2478 1102 «torquent,
2528 1049 2624 1091 eos
2687 1035 3108 1100 intellexerunt,
3166 1037 3256 1104 qui
3304 1051 3402 1090 sua
3459 1052 3624 1090 manu

2134 1141 2154 1175 ι
2198 1123 2512 1189 verberant,
2545 1140 2647 1180 nec
2673 1139 2882 1178 canone
2941 1126 3049 1178 tale
3075 1125 3206 1193 quid
3257 1123 3625 1194 signiﬁcante,

2136 1232 2155 1266 ι
2194 1229 2295 1270 nec
2330 1225 2476 1271 recta
2515 1217 2727 1271 ratione
2759 1216 2864 1269 hoc
2907 1217 3214 1286 intelligere
3253 1219 3625 1284 permittente.

2131 1327 2149 1359 ι
2193 1309 2286 1362 Est
2315 1308 2688 1363 enim-revera
2739 1310 2987 1378 ineptum
3021 1319 3075 1361 et
3123 1309 3278 1362 valde
3327 1307 3623 1370 lubricum,

2138 1418 2157 1451 ι
2203 1408 2258 1453 ιιι
2293 1401 2386 1470 qui
2439 1417 2535 1456 sua
2582 1401 2801 1470 quidem
2840 1417 3003 1454 manu
3062 1411 3141 1454 ter
3196 1401 3279 1453 vel
3338 1408 3536 1468 quater
3571 1398 3624 1450 in
3675 1442 3682 1452 .

2137 1509 2155 1542 ι
2199 1491 2540 1546 verberando
2564 1493 2926 1560 percusserit.
2959 1491 3314 1560 deponatur:
3353 1491 3476 1542 data
3527 1503 3626 1540 au-

2130 1601 2148 1635 ι
2190 1591 2300 1638 tem
2335 1583 2588 1638 facultate
2617 1585 2684 1646 is,
2722 1584 2814 1654 qui
2857 1584 3016 1652 jussu
3051 1577 3375 1637 verberaudi
3429 1581 3625 1633 imma-

2135 1692 2153 1725 ι
2200 1675 2341 1728 niter
2371 1685 2426 1729 et
2460 1691 2635 1744 usque
2667 1675 2733 1727 ad
2769 1685 2999 1728 mortem
3035 1673 3360 1742 supplicium
3394 1670 3629 1723 inﬁit-tu-

2134 1787 2152 1820 ι
2196 1784 2294 1823 rus
2326 1778 2432 1831 est,
2466 1769 2687 1835 impune
2714 1767 2766 1820 id
2813 1766 2959 1820 ferre
3009 1765 3372 1835 permittatur.
3425 1764 3629 1828 Quatu-

2130 1879 2148 1912 ς
2187 1861 2375 1914 obrem
2457 1874 2670 1914 canone
2757 1874 2856 1928 pro
2931 1857 3309 1913 verberatioue
3376 1857 3628 1910 absolute

2141 1972 2159 2005 ι
2193 1953 2473 2024 puniente,
2507 1967 2609 2006 nos
2640 1967 2861 2022 quoque
2895 1953 3063 2008 simul
3113 1966 3240 2006 cum
3286 1965 3352 2005 eo
3401 1950 3475 2002 ita
3529 1949 3628 2001 de«

2132 2065 2148 2098 ι
2194 2047 2498 2102 cernimus.
2535 2047 2763 2116 Oportet
2805 2047 2951 2100 enim
2989 2044 3080 2100 Dei
3139 2031 3477 2100 sacerdotem
3525 2041 3622 2096 do-

2186 2131 2380 2193 etrinis
2397 2145 2453 2209 ej
2482 2137 2978 2198 admonitionibus,
3005 2151 3400 2205 nonnunquam
3429 2141 3615 2186 autem
3641 2111 3648 2131 ’

2129 2247 2146 2279 ι
2185 2241 2238 2283 et
2270 2229 2448 2298 pinnis
2506 2228 2826 2294 canonicis,‘
2858 2244 3006 2294 eum,
3064 2229 3154 2297 qui
3205 2243 3263 2282 se
3296 2225 3622 2280 immodeste

2131 2340 2150 2374 ι
2197 2331 2251 2377 et
2285 2323 2587 2376 insolenter
2643 2323 2805 2391 gerit,
2853 2322 3180 2386 instituere;
3237 2319 3330 2375 sed
3365 2335 3472 2375 non
3525 2320 3625 2373 lle-

2125 2432 2144 2466 (
2185 2414 2343 2484 gellis
2374 2421 2429 2469 et
2469 2414 2790 2470 verberibus
2828 2413 2882 2468 in
2928 2413 3214 2467 hominum
3254 2425 3488 2480 corpora
3538 2411 3623 2463 in-

2129 2525 2147 2557 ι
2190 2507 2419 2562 sultare.
2458 2506 2513 2559 Si
2567 2507 2659 2575 qui
2721 2515 2904 2560 autem
2964 2513 3093 2559 sunt
3142 2518 3346 2557 morem
3399 2501 3622 2556 omnino

2130 2618 2148 2649 ι
2189 2616 2299 2653 non
2355 2593 2633 2670 gerentes,
2681 2606 2736 2652 et
2787 2613 3070 2668 poenarum
3123 2593 3452 2650 correctioni
3515 2610 3623 2647 non

2129 2709 2148 2742 ι
2188 2691 2451 2747 cedentes
2485 2702 2544 2747 ut
2572 2693 2607 2746 ii
2641 2693 2785 2763 apud
2819 2694 2923 2748 loci
2950 2693 3099 2747 illius
3135 2691 3488 2758 magistratus
3527 2706 3624 2744 ac-

2127 2802 2144 2835 ι
2189 2793 2450 2839 cuseutur
2507 2793 2562 2838 et
2618 2785 3003 2858 castigentur,
3105 2799 3269 2839 nemo
3347 2784 3622 2853 prohibet.

2131 2894 2150 2928 ι
2187 2875 2546 2930 Antiochense
2575 2877 2722 2930 enim
2756 2877 2966 2948 synodi.
3004 2891 3180 2931 canon
3229 2877 3457 2945 quint-us
3505 2891 3623 2940 eos,

2127 2986 2148 3022 ι
2186 2969 2280 3040 qui
2308 2969 2576 3024 tumultus
2603 2969 2866 3035 excitant,
2886 2981 2940 3024 et
2962 2969 3264 3026 Seditioues
3285 2969 3344 3024 in
3378 2969 3622 3026 Ecclesia

2127 3079 2148 3114 ι
2186 3061 2565 3126 introducunt,
2619 3079 2713 3132 per
2768 3080 2990 3118 manum
3039 3072 3323 3119 externam
3367 3072 3620 3119 converti

2129 3171 2149 3204 ι
2183 3163 2438 3224 oportere
2470 3156 2682 3212 statuit.
2718 3175 2736 3208 ι

2123 3246 2319 3303 BALS.
2367 3247 2673 3304 Vicesimus
2729 3257 2995 3316 septimus
3044 3264 3222 3304 canon
3279 3251 3617 3315 apostolicus

2040 3337 2198 3408 jubet
2236 3341 2549 3396 sacerdotes
2579 3342 2804 3410 deponi,
2837 3341 2928 3410 qui
2968 3357 3357 3412 quemcunque
3403 3342 3616 3396 ﬁdelem

2046 3433 2128 3485 vel
2162 3432 2438 3488 inﬁdelem
2471 3433 2637 3504 35.8
2681 3435 2775 3503 qui
2830 3434 3075 3502 peccarit
3125 3435 3207 3489 vel
3249 3435 3506 3504 injuriam
3539 3435 3618 3489 fe-

2043 3525 2207 3591 cerit,
2238 3526 2826 3587 verberant._Praasens
2860 3536 3044 3581 autem
3077 3544 3250 3583 canon
3285 3529 3441 3593 dicit,
3470 3528 3616 3599 quod

2045 3619 2268 3688 quidatn
2299 3621 2645 3682 sacerdotes,
2678 3635 2800 3689 quae
2825 3636 2892 3676 ex
2921 3637 3136 3676 canone
3170 3621 3473 3689 inducitur,
3523 3621 3616 3676 de-

2044 3713 2368 3782 positionem
2399 3712 2526 3766 hinc
2555 3723 2866 3786 verentes,_
2895 3695 2992 3768 sua
3027 3714 3246 3783 quidem
3289 3730 3454 3768 manu
3502 3730 3609 3770 non

2040 3805 2354 3875 percutiunt
2383 3845 2399 3869 ,
2427 3803 2521 3860 sed
2552 3806 2646 3859 iraa
2687 3821 2802 3861 sua:
2833 3807 3277 3881 medentes..:per
3323 3810 3459 3864 alios
3491 3805 3618 3863 'ver-

2041 3900 2263 3962 berant;
2297 3899 2444 3968 quod
2507 3899 2718 3954 scilicet
2757 3915 2935 3954 canon
2983 3901 3318 3971 apostolicus
3369 3903 3472 3957 ho’c
3511 3920 3611 3958 ex—

2042 4005 2227 4058 presse
2259 3989 2488 4047 t'orsitau
2524 4005 2632 4046 non
2663 3992 3026 4061 prohibuerit.
3048 3993 3116 4048 Et
3137 3995 3260 4050 ideo
3279 4007 3609 4066 praeceptum

2039 4083 2403 4150 apostolicum
2433 4085 2926 4142 circumscribunt.
2959 4087 3058 4143 Est
3086 4089 3274 4158 itaque
3310 4089 3608 4155 lubricum,

2040 4176 2123 4229 vel
2161 4157 2346 4245 potius
2398 4177 2725 4241 absurdum,
2775 4179 2964 4234 dicere
3014 4181 3082 4236 de
3127 4157 3418 4250 apostolis,
3448 4181 3609 4251 quod

2040 4284 2163 4323 eum
2204 4268 2427 4337 quidem
2461 4269 2719 4336 puniunt,
2757 4271 2862 4340 qui
2899 4271 3069 4328 semel
3120 4274 3205 4328 vel
3245 4273 3331 4328 bis
3374 4273 3610 4329 fortasse

2043 4358 2265 4429 prepria
2306 4361 2782 4425 manu.percussit
2813 4378 2828 4419 :
2866 4376 2990 4416 eum
3026 4374 3231 4428 autem,
3267 4363 3426 4432 cujus
3445 4363 3606 4433 jussu

2041 4452 2355 4521 complures
2412 4453 2583 4521 plagae
2641 4454 2904 4507 mortales
2969 4454 3200 4508 cuilibet
3261 4453 3605 4518 inferuntur,

359 4534 574 4598 ζεσθαι.
595 4534 700 4587 -Διὸ
729 4533 824 4587 καὶ
855 4533 1067 4602 ὥρισαν
1103 4535 1151 4588 οἱ
1187 4533 1432 4604 Πατέρες
1483 4533 1793 4598 ἀκολούθως
1825 4537 1937 4598 τοῖς

2042 4561 2148 4598 non
2171 4547 2384 4615 puniri.
2421 4543 2487 4599 Et
2517 4547 2638 4602 ideo
2669 4555 2983 4602 statuerunt
3007 4545 3224 4610 Patres,
3264 4561 3609 4614 consequen-

359 4627 516 4696 παρὰ
542 4626 652 4681 τῶν
693 4625 867 4694 ἁγίων
901 4626 1235 4680 ἀποστόλων
1266 4627 1586 4697 διορισθεῑσι
1615 4630 1752 4698 μήτε
1779 4627 1940 4684 αύτο-

361 4721 562 4791 χείρως
595 4718 730 4782 τοὺς
773 4719 1105 4790 ἱερωμένους
1151 4719 1406 4784 κολάζειν
1453 4719 1757 4789 οἱονδήτινα
1795 4721 1938 4790 μήτε

359 4814 429 4868 δι’
453 4813 649 4883 ἑτέρας
699 4812 906 4882 χειρὸς,
937 4812 1072 4866 ἀλλὰ
1102 4812 1192 4866 διὰ
1218 4812 1513 4867 νουθεσιῶν
1541 4811 1575 4884 ἢ
1635 4813 1730 4865 καὶ
1762 4817 1939 4866 ἐπιτι-

363 4905 506 4977 μίων
555 4905 834 4960 παιδεύειν
881 4907 1009 4968 τοὺς
1057 4907 1522 4975 ἁμαρτάνοπας’
1571 4909 1699 4969 τοὺς
1753 4907 1811 4961 δὲ
1860 4907 1936 4980 μὴ

360 5000 790 5070 ἐπιστρέφοντας
819 4998 912 5052 διὰ
938 4998 1146 5052 τούτων
1166 4998 1258 5052 διὰ
1282 4997 1694 5068 προσελεύσεως
1727 5001 1934 5070 ἀρχον-

353 5092 518 5159 τικῆς
550 5091 935 5163 τιμωρεῖσθαι.
972 5091 1188 5161 Ὠσπερ
1221 5091 1284 5145 δέ
1333 5108 1481 5156 τινος
1535 5093 1784 5155 εἰπόντος
1840 5093 1936 5152 καὶ

354 5183 520 5239 τοῦτο
551 5181 976 5254 ἀπρσπιὶςέίναι
1012 5173 1410 5238 καὶλάνοίκειον
1440 5187 1556 5249 τοῖς
1588 5185 1932 5256 ἱερωμένοις,

360 5279 529 5348 φησὶν
553 5277 790 5331 ὁ-κανὼν
819 5277 894 5340 ὡς
913 5277 960 5346 ³1]
993 5278 1054 5329 ἐν
1094 5276 1398 5347 Ἃντιοχείᾳ
1433 5277 1653 5340 σύνοδος
1679 5278 1738 5330 ὲν
1767 5283 1808 5330 ε’
1835 5294 1935 5332 κα-

358 5370 476 5424 νόνι
500 5369 636 5432 τοὺς
682 5366 1049 5439 θορυϐοῦντας
1094 5368 1195 5438 τὴν
1253 5366 1584 5436 Ἐκκλησίαν
1635 5366 1935 5438 κληρικοὺς

361 5461 795 5532 σωφρονίζεσθαι
823 5460 915 5514 διὰ
939 5461 1041 5531 τῆς
1068 5460 1268 5524 ἔξωθεν
1291 5460 1475 5530 χειρὸς
1507 5459 1626 5531 ἦτοι
1658 5459 1757 5529 τῆς
1783 5461 1934 5516 πολι.

357 5555 522 5624 τικῆς
549 5553 856 5626 διωρίσατο.
887 5553 1046 5606 Eine:
1065 5553 1136 5606 ’δέ
1156 5571 1264 5616 τις,
1281 5553 1387 5605 Καὶ
1413 5553 1550 5618 πῶς,
1579 5552 1674 5606 τοῦ
1705 5553 1930 5616 κανόνος

353 5650 534 5704 ταῦτα
557 5645 951 5720 διοριζομένου,
987 5649 1038 5701 ol
1068 5648 1176 5700 τῶν
1206 5645 1530 5718 ἐλευθερίων
1581 5646 1932 5713 σπουδασμά-

2041 4648 2128 4694 ter
2171 4640 2238 4693 iis
2269 4656 2394 4708 qua:
2430 4653 2459 4692 a
2485 4639 2719 4693 .sanctis
2769 4639 3038 4708 apostolis
3091 4646 3298 4692 statuta
3345 4647 3508 4702 sunt,
3549 4646 3608 4690 ut

2037 4731 2360 4800 sacerdotes
2415 4744 2592 4798 neque
2663 4730 2783 4784 suis
2837 4730 3092 4784 manibus
3160 4745 3341 4798 nequc
3413 4729 3606 4784 alienis

2037 4831 2368 4886 quemquam
2405 4817 2732 4884 verberent;
2766 4819 2860 4872 sed
2897 4833 3006 4887 per
3045 4817 3474 4884 admonitiones,
3521 4821 3603 4873 vel

2035 4909 2203 4962 etiam
2249 4923 2445 4977 poenas
2475 4910 2794 4974 cauonicas,
2853 4925 2952 4965 eos
2995 4911 3086 4979 qui
3124 4921 3370 4978 peccant,
3426 4911 3603 4964 corri-

2034 5014 2202 5072 gam:
2241 5001 2276 5056 ii
2306 5010 2513 5066 autem,
2547 5003 2641 5070 qui
2673 5017 2768 5071 per
2803 5001 2916 5056 lucc
2946 5018 3049 5056 non
3087 5002 3466 5070 corriguntur,
3509 5018 3606 5071 per

2035 5095 2354 5150 citationem
2385 5093 2453 5148 ad
2489 5096 3182 5165 magistratus.puniantur.
3218 5094 3457 5151 Perinde
3508 5115 3605 5149 au-

2034 5195 2145 5242 tem
2172 5203 2236 5242 ac
2272 5187 2316 5239 si
2346 5185 2581 5242 dixisset
2608 5187 2909 5258 quispiam,
2941 5188 3046 5243 hoc
3091 5203 3311 5258 quoque
3337 5186 3606 5243 sacerdos

2034 5281 2178 5335 tibus
2211 5295 2320 5334 non
2355 5280 2671 5345 convenire,
2701 5280 2835 5334 dicit
2861 5295 3059 5345 canon,
3079 5280 3224 5350 quod
3261 5281 3606 5341 Antiochena

2033 5371 2298 5441 synodus,
2339 5370 2393 5423 in
2439 5372 2634 5440 quinto
2681 5388 2913 5439 canone,
2956 5373 3208 5434 clericos.
3259 5372 3350 5442 qui
3409 5370 3601 5428 Eccle-

2033 5462 2169 5517 siam
2215 5461 2566 5528 conturbant,
2611 5477 2721 5530 .per
2775 5473 3059 5517 externam
3107 5478 3327 5517 manum
3374 5477 3470 5515 seu
3521 5462 3602 5516 ci-

2032 5552 2192 5604 vilem
2254 5550 2514 5620 castigari
2565 5561 2818 5622 Oportere
2882 5551 3096 5607 statuit.
3155 5551 3364 5606 Dixerit
3414 5559 3598 5608 autem

2030 5644 2340 5712 quispiam:
2376 5641 2442 5696 Et
2496 5645 2814 5715 quomodo.
2891 5645 3006 5699 huic
3065 5644 3391 5700 decernente
3440 5659 3599 5698 cano.

349 5758 471 5796 ’των
501 5739 841 5803 διδάσκαλοι,
873 5739 1251 5809 γραμματικοὶ
1281 5737 1527 5808 δηλονότι
1560 5739 1655 5790 καὶ
1695 5737 1931 5790 τοιοῦτοι

2042 5750 2125 5798 ne,
2179 5735 2486 5790 liberalium
2549 5738 2860 5792 studiorum
2913 5737 3200 5806 magistri,
3253 5737 3596 5808 grammatici

361 5835 565 5905 ἕτεροι,
601 5834 886 5906 ίςρωμένοι
916 5831 1644 5920 δντες,ὰπροκριματίστως
1664 5831 1926 5886 τύπτουσι

2033 5828 2248 5886 scilicet
2281 5837 2337 5886 et
2371 5828 2645 5900 ejusmodi
2681 5828 2797 5896 alii,
2826 5829 2954 5888 licet
2985 5831 3095 5887 sint
3144 5831 3322 5887 sacris
3370 5829 3600 5900 initiati,
