2028 3198
246 180 311 212 1051

865 157 1003 212 Tuaen.
1017 179 1219 212 BALSAMON
1261 202 1263 204 -

1743 225 1749 230 _
1790 190 1864 223 ωδε

243 240 305 265 sine
326 238 485 273 praeiudicio
501 247 566 267 suos
580 241 730 276 discipulos
757 242 924 271 verberam?
941 243 1015 271 Solu-

1069 244 1132 275 τοὺς
1150 244 1273 278 μαθητὰς
1286 245 1375 272 αὐτῶν
1387 256 1395 279 ;
1409 248 1514 281 Λύσις.
1529 249 1610 283 Τὸ’ἐξ
1624 250 1731 286 ἀμύνης
1747 252 1794 278 καὶ
1809 252 1861 279 θυο

243 284 289 310 tio.
314 283 429 317 Propter
456 285 606 313 vindictam
639 292 666 315 et
696 288 765 315 iram
794 289 960 322 verberare,
982 294 1024 318 est

245 337 323 362 poma
345 331 474 364 dignum;
500 340 553 360 non
572 335 662 361 autem
689 343 730 366 ea.
759 344 818 370 quae
841 337 972 365 doctrina!
997 343 1024 365 et

243 375 406 402 CTUtllliOlllS
421 378 507 409 gratia
523 382 550 405 et
568 380 657 406 verbis
680 385 707 407 et
731 390 812 409 manu
829 383 866 414 fit,
882 384 1023 411 moderata

243 420 436 453 magistrorum
473 425 618 452 correctio.
643 426 792 461 Propterea
826 431 899 456 enim
933 437 1022 456 canon

242 473 354 500 quoque
379 467 445 495 dicit
468 471 567 503 puniri,
597 472 619 498 si
644 474 800 500 sacerdotes
828 475 854 503 iu
881 476 1021 503 hominum

241 519 357 544 corpora
385 514 539 542 insultent:
568 525 614 550 per
645 518 696 545 hoc
724 522 847 553 verbum,
877 521 1021 555 iusultarc,

240 557 398 589 signiﬁcans
419 562 567 588 amentiqu
588 564 675 590 iustar
689 566 793 594 ratione
816 575 954 596 carentem
973 577 1022 604 ap-

241 603 400 636 petitionem
428 614 535 640 eorum,
566 617 611 643 qut
639 618 701 637 cum
730 613 769 639 ira
797 616 963 647 percutiunt.
991 621 1020 643 δι

239 650 311 676 enim
329 652 519 685 prohiberetur
534 656 727 690 magistrorum
745 660 881 693 ejusmodi
906 670 1020 697 percus-

240 696 292 727 sio.
310 705 359 724 nec.
385 700 566 729 ecclesiastici
595 704 690 731 clerici
722 706 808 734 ferula
840 710 1020 744 castigarem,

240 743 320 776 primi
340 744 494 774 defensoris
510 756 605 780 suasu.
623 758 682 783 eos,
703 753 749 786 qui
767 759 889 787 peccant,
918 756 1022 785 liberos

242 794 269 816 et
297 798 403 822 servos.
437 794 469 819 ad
506 795 623 827 primum
649 797 819 826 defensorem
847 802 1019 830 accedentes.

240 835 294 863 Sed
310 837 360 863 hoc
385 843 473 865 tamen
491 840 520 866 fit
537 841 569 867 ab
588 842 627 869 eis
639 844 743 877 absque
767 845 822 872 ullo
848 848 1019 882 praeiudicio.

240 881 462 914 Quamobrem-si
477 886 538 918 quis
558 888 687 916 sacerdos
713 891 792 924 primi
813 892 963 921 defensoris
979 895 1019 922 fe-
1034 903 1059 932 Β

241 927 298 953 rula
315 928 435 961 aliquem
455 934 624 965 percusserit
639 942 700 962 cum
719 937 759 962 ira
779 942 805 964 et
828 938 932 973 furore,
949 945 979 967 ut
993 946 1019 968 et

238 974 321 1000 etiam
346 975 492 1010 aliquando
522 981 638 1013 contigit
664 982 690 1008 in
723 985 885 1017 patriarchae
916 987 1019 1015 domini

237 1018 318 1046 Luca)
333 1022 503 1055 pontificatu,
518 1032 571 1051 non
583 1026 692 1061 effugiet
707 1030 872 1062 supplicium
891 1041 897 1058 :
916 1037 942 1059 et
958 1041 1020 1060 rur-

238 1072 297 1097 sus,
311 1066 333 1093 si
350 1075 410 1093 cum
429 1068 468 1095 ira
486 1070 650 1106 discipulum
670 1080 822 1110 pratcepttrr
840 1081 1018 1113 percusserit,

238 1119 302 1138 usus
321 1112 419 1143 baculo
438 1123 492 1149 quo
505 1124 598 1151 posset
616 1119 704 1147 credes
727 1121 797 1154 ﬁeri,
813 1122 841 1149 id
869 1131 923 1152 non
949 1125 1019 1154 feret

237 1158 357 1191 impune.

276 1204 403 1234 ZONAR.
420 1207 557 1236 Vicesimo
584 1211 700 1245 septimo
725 1220 813 1248 apost.
835 1224 939 1245 canone
962 1227 1018 1247 non

234 1248 320 1293 ilicere
350 1253 489 1288 episcopo,
525 1257 686 1291 presbytero
713 1265 760 1287 aut
781 1261 896 1290 diacono
923 1272 1018 1298 quem-

236 1303 317 1328 quam
333 1297 367 1324 ob
382 1300 487 1327 crimen
512 1302 667 1330 admissum
679 1305 842 1338 verberare,
864 1309 967 1344 quique
991 1310 1017 1337 id

237 1340 344 1375 fecerit,
361 1344 535 1378 depositione
547 1355 610 1375 eum
628 1350 813 1379 ululctandum
839 1362 899 1381 esse
924 1356 1018 1382 decer-

235 1388 324 1416 nitur.
336 1389 413 1418 Hunc
427 1399 491 1427 ergo
505 1401 637 1422 canonem
650 1394 685 1423 ita
698 1399 819 1426 nonnulli
834 1401 1016 1434 explicabant,

233 1436 347 1470 utipsis
365 1439 475 1472 quidem
506 1441 576 1468 sacri
610 1443 715 1472 ordinis
741 1445 897 1474 hominibus
923 1456 1018 1482 quem-

231 1482 304 1516 piam
324 1486 492 1517 percussisse
515 1487 565 1515 hoc
580 1496 683 1517 canone
708 1492 838 1524 vetitum;
865 1493 911 1520 sed
939 1502 1016 1521 man-

234 1527 300 1554 dare
315 1529 393 1557 alteri
412 1531 548 1566 negotium
564 1535 733 1569 verberaque
749 1545 795 1570 per
810 1538 884 1565 illum
903 1539 1013 1573 inferre,

1077 288 1129 320 μοῦ
1148 288 1260 316 τύπτειν
1280 290 1432 324 κολάζεται,
1448 293 1478 319 οὺ
1494 294 1548 328 μὴν
1561 295 1577 330 ἡ
1590 295 1634 322 διὰ
1649 297 1793 324 παίδευσιν
1807 300 1858 326 καὶ
1898 312 1900 316 ι

1076 336 1195 370 μάθησιν
1223 338 1291 372 μετὰ
1316 339 1396 373 λόγου
1414 341 1461 367 καὶ
1486 342 1578 376 χειρὸς
1601 344 1700 377 μετρία
1717 345 1862 378 παίδευσις

1073 383 1128 409 τῶν
1155 384 1331 412 διδασκάλων.
1357 386 1405 412 Διὰ
1421 387 1499 414 τοῦτο
1513 388 1568 424 γὰρ
1582 389 1629 415 καὶ
1651 391 1665 416 ὁ
1685 391 1776 418 κανὼν
1794 390 1861 420 εἷπε

1074 430 1237 461 κολάζεσθαι
1261 431 1291 457 τὸ
1314 432 1449 468 ὲπιπηδᾷν
1476 435 1539 465 τοὺς
1562 436 1729 470 ίερωμένους
1755 439 1797 469 είς
1823 439 1862 466 τὰ

1074 477 1126 502 τῶν
1145 476 1295 512 ἀνθρώπων
1311 477 1425 512 σώματα
1437 485 1446 494 ⁶
1463 481 1603 515 παριστῶν
1624 483 1669 509 διὰ
1690 484 1737 510 τοῦ
1752 485 1862 520 ἐπιπηρ

1073 520 1121 553 δᾷν
1137 521 1258 556 ῥήματος
1280 522 1331 556 τὴν
1351 524 1420 549 κατὰ
1449 527 1628 560 μαινομένους
1646 528 1743 562 ἄλογον
1765 530 1860 564 ὄρεξιν

1073 566 1126 591 τῶν
1145 567 1213 600 μετὰ
1238 567 1324 601 θυμοῦ
1338 570 1504 597 τυπτόντων.
1525 572 1601 598 Ἑπεί
1615 574 1656 599 τοί
1669 582 1712 607 γε.
1736 575 1760 602 εί
1783 577 1858 603 ἐκω-

1072 611 1151 638 λύετο
1178 614 1192 647 ἡ
1215 614 1326 650 τοιαύτη
1351 616 1404 641 τῶν
1426 617 1595 645 διδασκάλων
1621 620 1723 656 πληγὴ,
1746 621 1807 649 οὐδὲ
1832 624 1860 651 οἱ

1072 658 1294 693 ἐκκλησιαστικοὶ
1309 661 1438 695 κληρικοὶ
1453 663 1497 689 διὰ
1514 665 1651 700 σκυτάλης
1675 666 1709 693 ἂν
1731 667 1861 703 ἐσωφρό-

1072 703 1145 735 νιζον
1161 706 1230 732 κατὰ
1248 707 1406 742 προτροπὴν
1431 710 1651 745 πρωτεκδικικὴν
1673 712 1738 744 τοὺς
1763 710 1861 750 ἆμαρ-

1072 749 1201 781 τάνοντας
1224 751 1333 784 δούλους
1357 754 1404 780 καὶ
1429 755 1589 790 ἐλευθέρους
1610 756 1648 791 τῷ
1675 749 1861 796 πρωτεκδίκῳ

1072 798 1314 831 προσερχομένους.
1324 800 1394 826 Ἀλλ’
1411 801 1486 834 ὅμως
1497 804 1576 829 τοῦτο
1590 804 1860 839 ἀπροκριματίοτως

1071 841 1185 873 γίνεται.
1202 843 1294 876 Ὥστε,
1309 846 1336 870 εἴ
1351 854 1392 877 τις
1412 847 1562 882 ίερωμένος
1578 849 1655 884 τύψει
1671 851 1734 879 τινὰ
1747 852 1793 879 διὰ
1804 854 1862 889 τῆς

1073 889 1292 923 πρωτεκδικικῆς
1317 893 1453 927 σκυτάλης
1480 895 1550 929 μετὰ
1565 895 1652 931 θυμοῦ
1670 898 1717 925 καὶ
1741 900 1861 934 μανίας.
1892 898 1902 905 ”

1075 933 1112 965 ὥς
1134 936 1180 960 καὶ
1201 935 1296 962 ἄλλοτέ
1319 946 1384 964 ποτε
1403 940 1502 975 συνέϐη
1524 942 1571 967 ἐπὶ
1584 943 1635 977 τῆς
1651 944 1791 979 ἱερατείας
1807 947 1861 974 τοῦ

1071 980 1222 1014 ἁγιωτάτου
1246 984 1413 1020 πατριάρχου
1440 986 1524 1022 κυροῦ
1546 988 1650 1020 Λουκᾶ,
1677 990 1727 1016 οὐκ
1749 992 1863 1026 ἐκφευ-

1070 1027 1153 1059 ξεῖται
1176 1029 1224 1063 τὴν
1241 1031 1434 1066 κόλασινῇκαὶ
1456 1033 1544 1065 αὖθις,
1566 1036 1590 1061 εί
1614 1036 1660 1062 καὶ
1676 1037 1746 1071 μετὰ
1763 1028 1862 1073 θυμοῦ

1069 1074 1147 1107 τύψει
1164 1075 1209 1100 τὸν
1226 1077 1349 1112 μαθητὴν
1364 1078 1377 1104 ὁ
1390 1078 1561 1111 διδάσκαλος,
1574 1083 1751 1118 ’φονευτηρίῳ
1764 1084 1861 1117 ῥοπά-

1069 1120 1107 1155 λῳ
1121 1123 1303 1157 χρησάμενος,
1319 1125 1555 1162 οὐκ,ἁτιμώρητος
1568 1124 1656 1155 ἔσται.
1752 1135 1756 1138 ⁷
1772 1123 1775 1125 ί

1104 1214 1226 1243 ΖΩΝᾹΡ.
1252 1216 1280 1242 '0
1295 1216 1348 1242 τῶν
1364 1217 1449 1250 ἁγίων
1465 1218 1622 1244 ἀποστόλων
1634 1219 1757 1252 εῐκοστδς
1771 1221 1858 1248 ἐσδο-

1070 1269 1120 1295 μος
1138 1262 1227 1287 κανὼν
1252 1262 1313 1288 οὔτε
1331 1264 1478 1291 ἐπίσκοπον
1507 1265 1568 1292 οὔτε
1587 1265 1773 1302 πρεσϐύτερον
1787 1268 1858 1295 οὔτε

1068 1306 1189 1333 διάκονον
1203 1308 1234 1342 ἐᾷ
1246 1308 1358 1335 τύπτειν
1374 1310 1436 1340 τοὺς
1454 1311 1662 1345 ἁμαρτάνοντας
1672 1321 1680 1328 ⁸
1705 1314 1855 1349 καθαιρεῖ-

1069 1353 1130 1379 σθαι
1155 1354 1209 1389 γὰρ
1236 1355 1281 1381 τὸν
1305 1355 1383 1382 τοῦτο
1408 1357 1537 1383 ποιοῦντα
1560 1358 1675 1386 κελεύει.
1701 1359 1781 1392 Τινὲς
1803 1359 1858 1388 οὖν

1068 1400 1323 1434 παρερμηνεύοντες
1341 1402 1386 1428 τὸν
1415 1403 1515 1429 κανόνα
1543 1404 1636 1437 ἔλεγον
1661 1406 1702 1432 ὅτι
1724 1405 1770 1433 διὰ
1793 1407 1857 1435 τῶν

1066 1445 1173 1472 οἰκείων
1197 1447 1297 1481 χειρῶν
1312 1449 1425 1474 τύπτειν
1438 1449 1501 1480 τοὺς
1518 1450 1684 1485 ἱερωμένους
1711 1452 1859 1480 ἐκώλυσεν

1065 1491 1080 1516 ὁ
1108 1492 1216 1517 κανών·
1247 1493 1331 1528 ἑτέρῳ
1358 1493 1385 1519 δὲ
1409 1495 1590 1529 προστάσσειν
1612 1497 1659 1522 καὶ
1684 1497 1717 1524 δι’
1741 1498 1854 1526 ἐκείνου

1066 1537 1177 1564 τύπτειν
1189 1538 1337 1565 ἀκώλυτον.
1360 1539 1444 1565 Τοῦτο
1461 1538 1507 1566 οὖν
1524 1541 1538 1573 ὁ
1555 1542 1650 1576 παρὼν
1666 1543 1758 1571 κανὼν
1773 1544 1853 1581 διορ-

234 1573 259 1599 id
278 1582 343 1601 vero
357 1577 434 1614 nullo
451 1578 531 1605 modo
555 1579 731 1608 interdictum
749 1590 809 1611 esse
837 1585 1013 1613 affirmarent.

1067 1582 1206 1617 θούμενος,
1224 1584 1299 1617 λέγει
1313 1585 1412 1611 ἄτοπον
1427 1584 1494 1612 εἶναι
1510 1571 1557 1613 καὶ
1568 1571 1717 1622 ἐπισφαλὲς
1738 1590 1769 1616 τὸ
1792 1571 1856 1618 οξε-

232 1619 287 1646 Sed
308 1621 378 1648 hanc
391 1622 548 1656 opinionem
571 1625 615 1652 hic
628 1634 714 1654 canon
733 1626 855 1664 corrigit,
866 1639 908 1661 ac,
921 1631 1015 1666 Neque

232 1665 416 1699 absurditate,
431 1668 532 1703 inquit,
550 1678 640 1705 neque
659 1674 783 1707 periculo
809 1682 895 1708 caret,
913 1678 936 1704 si
964 1665 1015 1705 hoc

231 1719 327 1740 sacros
354 1715 493 1748 apostolos
505 1718 665 1751 pnecepisse
682 1719 881 1755 exiSIimemus,
900 1727 929 1749 ut
955 1726 1017 1758 qui-

235 1766 343 1792 cunque
364 1761 480 1788 alterum
505 1767 545 1789 ter
572 1770 703 1798 quaterve
728 1767 870 1802 suis‘ipse
888 1772 1013 1799 manibus

234 1806 428 1839 percussisset,
445 1807 520 1834 illum
545 1808 644 1842 deponi
664 1811 762 1837 vellent
779 1821 786 1839 :
805 1814 850 1847 qui
876 1822 939 1841 vero
968 1823 1015 1849 per

233 1850 350 1878 alterunt
367 1854 517 1881 crudeliter
533 1855 830 1892 vehementissimeque
859 1860 927 1899 adeo
951 1861 1015 1895 (hoc

232 1903 351 1930 namque
369 1898 435 1926 illud
452 1900 580 1934 figuilicat
597 1909 682 1935 usque
698 1902 731 1929 ad
746 1904 850 1938 necem)
873 1906 939 1932 caedi
954 1906 1014 1939 jus—

232 1942 325 1974 sisset,
341 1943 452 1978 impune
472 1945 610 1972 hominem
630 1947 706 1974 abire
728 1953 903 1982 paterentur;
932 1952 1014 1985 idque

233 1988 362 2020 maxime,
381 1989 443 2016 cum
472 1990 714 2019 indiscriminatim
736 1995 901 2028 apostolicus
925 2003 1013 2023 canon

231 2034 371 2067 loquatur,
389 2042 420 2062 ac
439 2037 589 2063 verberanti
607 2045 715 2072 pccuam
733 2040 861 2068 unNerse
872 2041 1012 2071 decernat.

230 2081 304 2108 ldem
318 2081 412 2116 igitur.
429 2082 558 2116 inquiunt
574 2085 668 2118 synodi
678 2085 783 2117 Patres.
800 2089 871 2122 quod
884 2090 1013 2124 apostoli,

233 2136 283 2156 nos
301 2136 411 2163 quoque
425 2129 617 2163 decernimus;
632 2138 666 2157 ne
682 2131 806 2159 videlicet
824 2136 938 2162 sacratis
963 2135 1011 2162 ho-

232 2174 353 2200 minibus
371 2181 444 2204 eum,
461 2174 507 2208 qui
524 2174 681 2210 deliquerit,
700 2183 746 2203 aut
763 2185 811 2211 per
832 2186 873 2211 se,
903 2185 948 2207 aut
965 2188 1011 2214 per

233 2220 316 2246 alium
330 2220 374 2246 cui
401 2220 454 2253 ipsi
470 2221 670 2257 mandaverint,
691 2223 805 2250 omnino
821 2223 903 2251 liceat
918 2226 1010 2253 verbe-
1025 2238 1048 2266 υ

228 2272 301 2293 rate.
316 2265 480 2293 Sacerdotes
498 2275 614 2302 namque
635 2267 681 2295 Dei
697 2264 821 2296 docendo
836 2275 862 2297 et
877 2272 1011 2298 movendo

232 2314 377 2344 peccantes
390 2312 528 2346 corrigere
543 2317 626 2347 atque
639 2314 784 2342 emendare
803 2323 852 2349 par
866 2321 908 2343 est
920 2325 927 2342 :
944 2318 1009 2351 quin

228 2361 255 2385 et
270 2358 466 2386 ecclesiasticis
478 2359 643 2394 quandoque
660 2360 763 2393 pmnis,
778 2363 888 2395 quando
904 2363 1009 2392 scilicet

230 2403 417 2430 admonitione
433 2408 480 2430 aut
505 2405 698 2432 cohortatione
721 2412 736 2431 a
761 2405 865 2441 flagitio
887 2410 1008 2436 revocari

229 2449 388 2476 nullatenus
404 2454 515 2484 queant.
532 2449 628 2484 Neque
650 2450 721 2477 enim
748 2461 763 2477 a
785 2452 872 2486 pcenis
897 2455 1009 2483 alterius

227 2495 389 2522 instituendi
413 2496 626 2537 Corrigendique
648 2498 808 2531 primordia.
834 2500 880 2527 sed
903 2509 917 2528 a
938 2510 1008 2537 prte-

224 2541 310 2575 ceptis
327 2546 407 2570 antea
421 2535 503 2578 atqtte
517 2543 764 2578 admonitionibus,
781 2545 906 2575 ducenda
921 2555 1004 2582 sunt;

228 2587 346 2622 indeque
377 2589 410 2615 ad
439 2589 643 2615 vehementiora
668 2592 861 2626 asperioraque
886 2595 1008 2622 remedia

227 2634 439 2662 deveniendum.
455 2633 576 2661 Verbera
595 2635 677 2671 349
696 2644 762 2664 vcro
784 2645 816 2665 ac
842 2639 935 2673 plagas
959 2641 1008 2667 ho-

227 2681 332 2706 minum
350 2675 513 2714 corporibus
527 2680 641 2713 inferre,
655 2682 751 2716 eisque
766 2684 818 2711 hac
846 2686 951 2713 ratione
967 2687 1008 2714 iu—

227 2727 343 2757 sullare,
356 2726 468 2752 omnino
481 2730 557 2753 vetat
570 2734 668 2755 canon.
699 2728 759 2761 Quo
785 2730 894 2764 quidem
920 2732 1007 2759 insul-

226 2773 302 2798 tandi
339 2772 422 2800 verbo
463 2772 594 2800 furiosum
628 2774 748 2809 ipsorqu
789 2776 1006 2813 iracundumque

224 2819 356 2852 impetum
373 2819 487 2847 innuere
502 2827 534 2846 ac
550 2820 671 2848 indicare
694 2821 789 2856 voluit.
815 2821 843 2848 Si
862 2824 909 2857 qui
929 2831 1004 2856 vero,

224 2862 323 2897 inquit,
349 2871 437 2898 neque
466 2865 621 2900 praeceptis,
647 2867 1003 2903 neqtte‘adutonitionibus,

225 2915 314 2943 neque
326 2911 516 2939 canonicarum
533 2921 643 2948 quoque
658 2920 802 2947 poenarum
819 2919 892 2942 uzetu
918 2918 1002 2949 corri:

1067 1629 1128 1655 σθαι
1144 1630 1206 1660 τοὺς
1225 1630 1314 1664 ἱεροὺς
1332 1630 1496 1662 ἀποστόλους
1514 1634 1664 1668 προστάξαι
1679 1634 1725 1662 τὺν
1739 1635 1790 1670 μὲν
1803 1637 1853 1664 διὰ

1051 1675 1120 1700 ’τῶν
1146 1674 1252 1700 οἰκείων
1281 1675 1379 1709 χειρῶν
1410 1676 1471 1710 τρὶς
1502 1676 1517 1711 ἢ
1548 1678 1677 1711 τετράκις
1707 1679 1854 1714 πλήξαντα

1065 1720 1267 1753 καθαιρεῖσθαι,
1296 1720 1342 1746 τδν
1370 1721 1398 1747 δὲ
1429 1721 1460 1757 ἐξ
1485 1722 1673 1757 ἐπιτάγματος
1699 1724 1734 1750 δι’
1749 1725 1851 1762 ἑτέρου

1065 1766 1201 1793 τύπτοντα
1226 1767 1336 1800 ἀπηνῶς
1352 1767 1399 1792 καὶ
1413 1766 1473 1794 λίαν
1490 1768 1656 1803 σφοδρότατα
1680 1769 1769 1804 (τοῦτο
1790 1771 1852 1808 γὰρ

1064 1812 1094 1839 τὺ
1119 1813 1198 1847 μέχρι
1227 1812 1340 1839 θανάτου
1368 1812 1452 1848 δηλοῖ)
1474 1814 1646 1849 ἀτιμώρητον
1665 1815 1773 1850 ἐᾶσθαι,
1797 1818 1851 1844 καὶ

1064 1858 1149 1884 ταῦτα
1175 1858 1221 1883 τοῦ
1245 1858 1424 1884 ἀποστολικοῦ
1454 1859 1565 1891 κανόνος
1591 1861 1628 1896 μὴ
1649 1861 1851 1896 διαστίζσντος,

1065 1903 1121 1930 ἀλλ’
1136 1903 1228 1934 ἁπλῶς
1245 1905 1275 1929 τὸ
1287 1904 1401 1930 τύπτειν
1413 1904 1584 1936 κολάζοντος.
1598 1907 1642 1932 Διό
1661 1914 1743 1940 φασιν
1757 1908 1782 1934 οὶ
1795 1908 1852 1943 τῆς

1065 1949 1172 1975 συνόδου
1192 1949 1321 1983 Πατέρες,
1337 1949 1390 1976 Καὶ
1401 1951 1483 1984 ἡμεῖς
1498 1951 1597 1984 ὁμοίως
1610 1952 1667 1982 τοῖς
1683 1952 1851 1985 ἀποστόλοις

1035 1990 1041 1994 ’
1063 1995 1238 2030 ψηφιζόμεθα
1252 2003 1258 2009 '
1282 1995 1324 2021 ἴνα
1344 1996 1412 2029 μήτε
1428 1995 1479 2022 διὰ
1503 1996 1557 2022 τῶν
1582 1996 1690 2023 οἰκείων
1704 1998 1807 2033 χειρῶν
1823 1999 1851 2026 οἱ

1064 2042 1208 2075 ἱερωμένοι
1235 2042 1303 2077 μήτε
1330 2041 1359 2074 ἐξ
1387 2041 1520 2075 ἐπιταγῆς
1543 2041 1578 2068 δι’
1596 2043 1691 2078 ἑτέρου
1721 2043 1850 2085 τύπτουσί

1062 2095 1122 2113 τινα
1138 2087 1345 2122 ἀμαρτήσαντα.
1366 2088 1434 2119 Τοὺς
1449 2087 1503 2122 γὰρ
1524 2087 1571 2114 τοῦ
1590 2089 1657 2115 Θεοῦ
1672 2089 1754 2125 ἱερεῖς
1767 2089 1849 2117 διδαε-

1064 2133 1186 2164 σκαλίαις
1200 2134 1247 2159 καὶ
1260 2133 1412 2164 νουθεσίαις
1424 2133 1476 2168 χρὴ
1493 2133 1630 2160 παιδεύειν
1643 2135 1692 2162 καὶ
1707 2136 1847 2170 σωφρονι-

1063 2180 1119 2211 ζειν
1133 2179 1195 2210 τοὺς
1210 2179 1421 2213 σφαλλομένους·
1441 2178 1496 2204 ἐσθ’
1511 2179 1554 2205 ὅτε
1571 2179 1598 2205 δὲ
1613 2180 1729 2212 καὶτοῖς
1743 2181 1850 2216 ἐκκλη,

1063 2226 1212 2255 σιαστικοῖς
1223 2225 1381 2259 ἐπιτιμίοις,
1389 2225 1539 2257 τουτέστιν,
1548 2225 1593 2251 ὅτε
1606 2225 1643 2260 μὴ
1657 2225 1850 2261 διδασκόμενοι

1062 2271 1108 2297 καὶ
1126 2270 1330 2305 νουθετούμενοι
1347 2271 1371 2297 οἱ
1387 2270 1593 2305 ἁμαρτάνοντες
1619 2271 1847 2306 σωφρονίζονςις.

1061 2318 1098 2343 Οὐ
1114 2317 1168 2351 γὰρ
1181 2318 1209 2349 ἐξ
1225 2317 1371 2351 ἐπιτιμίων
1385 2316 1517 2351 ἄρχεσθαι
1531 2317 1580 2351 τῆς
1595 2317 1721 2350 παιδείας
1735 2318 1782 2344 καὶ
1793 2319 1849 2353 τῆς

1060 2361 1229 2397 διορθώσεως
1247 2363 1298 2394 δεῖ,
1321 2361 1389 2388 ἀλλὰ
1420 2361 1555 2389 διδάσκειν
1580 2363 1678 2395 αὐτοὺς
1702 2364 1849 2399 πρότερον

1060 2409 1108 2435 καὶ
1130 2408 1276 2440 νουθετεῖν,
1304 2408 1351 2434 καὶ
1376 2407 1448 2434 οὕτω
1471 2409 1520 2443 τὴν
1543 2404 1780 2444 δραστικωτέρανν
1794 2411 1848 2436 καὶ

1060 2452 1263 2486 ὲπιπονωτὲραν
1289 2452 1410 2486 ίατρείαν
1434 2453 1558 2486 ἐπάγειν.
1584 2453 1621 2479 Τὸ
1646 2453 1848 2488 δὲ’μαστίζειν

1059 2498 1107 2525 καὶ
1123 2498 1228 2533 πληγὰς
1243 2498 1394 2525 ἐπιτιθέναι
1406 2500 1462 2529 τοῖς
1477 2499 1530 2525 τῶν
1544 2499 1696 2534 ἀνθρώπιον
1717 2500 1844 2535 σώμασι,

1059 2544 1106 2570 καὶ
1129 2545 1224 2571 τοῦτον
1250 2544 1341 2576 αὐτοῖς
1361 2545 1496 2579 ὲπιπηδᾷν
1519 2544 1564 2571 τὸν
1592 2545 1702 2579 τρόπον,
1727 2546 1846 2579 τελείως

1058 2591 1236 2626 ἀπαγορεύει.
1262 2591 1313 2617 Διὰ
1339 2591 1387 2618 τοῦ
1415 2592 1551 2627 ὲπιπηδᾷν
1583 2592 1613 2619 δὲ
1639 2592 1702 2627 rip,
1721 2593 1847 2629 μανικὴν

1058 2638 1148 2665 αὐτῶν
1163 2638 1210 2664 καὶ
1223 2638 1331 2673 ὀργίλον
1344 2638 1431 2672 φορὰν
1447 2638 1557 2678 nung
1573 2647 1602 2664 τε
1618 2638 1666 2665 καὶ
1686 2638 1842 2674 ύπέφηνιν.

1058 2684 1089 2710 Εἰ
1103 2683 1132 2710 δέ
1147 2692 1229 2716 τινες,
1248 2684 1324 2718 φησὶ,
1345 2683 1414 2719 μήτε
1441 2683 1637 2715 διδασκαλίαις,
1655 2685 1725 2718 μήτε
1743 2685 1846 2712 νουθε-

1058 2731 1140 2762 σίαις,
1159 2731 1226 2765 μήτε
1243 2731 1296 2766 μὴν
1311 2730 1460 2762 ἐπιτιμίοις
1482 2731 1636 2762 κανονικοῖς
1654 2730 1844 2766 διορθοῦνται,

1056 2777 1119 2808 τοὺς
1132 2777 1270 2808 τοιούτους
1287 2776 1331 2802 διὰ
1345 2776 1400 2802 τῶν
1415 2776 1485 2802 κατὰ
1499 2776 1598 2806 τόπους
1619 2776 1759 2811 ἀρχόντων
1783 2785 1842 2804 σω-

1057 2822 1232 2857 φρονίζεσθαι
1262 2822 1322 2855 δεῖ,
1358 2821 1643 2856 ύπομιμνησκομένων
1674 2820 1750 2857 παρὰ
1781 2821 1842 2849 τῶν

1058 2870 1163 2904 ἱερέων,
1178 2866 1218 2900 0?;
1233 2868 1387 2895 νουθετοῦσι
1403 2868 1449 2895 καὶ
1463 2869 1551 2903 ἠπίως
1565 2867 1764 2904 θεραπεύουσιν
1779 2867 1842 2896 -οὒκ

1055 2916 1230 2952 ἐπείσθησαν.
1248 2915 1284 2942 Τὸ
1297 2914 1325 2941 δὲ
1342 2915 1386 2942 διὰ
1400 2915 1454 2942 τῶν
1469 2914 1605 2950 ἀρχόντων
1619 2913 1682 2946 τοὺς
1696 2914 1841 2946 ἀτάκτους
1862 2931 1867 2934 η
