4056 6438
403 411 538 475 1053
1357 492 1370 510 ⁸
1655 418 1736 476 ΙΝ
1778 418 1941 478 CAN.
1969 420 2004 477 Χ

2089 420 2260 481 ἰΟΝΟ.
2287 421 2398 480 CP.
3481 415 3621 481 1θέῑὸ

397 527 828 596 σωφρονίζεσθαι
856 531 950 582 καὶ
979 513 1403 602 ἐπιστρέφεσθαι
1435 535 1527 586 καὶ
1555 534 1720 587 πάλαι
1746 535 1957 586 δεικνύ-
1985 550 2004 601 Α

2089 546 2280 599 ;antur,
2329 523 2434 589 eos
2493 535 2595 588 loci
2652 539 3070 605 magistratuum
3135 547 3300 602 Opera
3365 535 3620 602 castigari

393 633 543 669 ουσιν
594 619 812 688 ὁρισθὲν
861 619 1012 689 παρὰ
1061 623 1160 692 τῆς
1207 625 1272 677 ὲν.
1305 625 1604 695 Ἀντιοχείᾳ
1651 625 1870 676 συνόδου
1904 629 1960 679 ὲν

2089 627 2336 692 »ρονιθὺὶι
2368 644 2382 678 :
2425 642 2562 693 quos
2588 628 2804 696 quidem
2843 636 2955 680 tota
2984 626 3050 680 de
3085 643 3143 679 re
3181 621 3258 678 illi
3307 627 3626 679 sacerdotes

396 710 631 778 πέμττφ
656 712 825 778 αὐτῆς
851 714 1054 768 κανόνι.

2089 715 2590 779 :mnmonel'acieut,
2623 716 2828 785 quibus
2878 717 2982 784 ipsi
3017 715 3460 783 praecipientibus
3492 713 3631 766 leni-

393 815 504 866 que
537 802 822 855 curatione
869 803 1159 858 utentibus
1249 818 1353 858 non
1407 805 1877 874 obtemperarunt.
1961 805 2034 857 De
2073 805 2438 873 immorigeris
2469 821 2632 874 porro
2665 807 2976 860 hominibus
3011 808 3430 873 magistratuum
3465 818 3631 872 Opera

374 893 734 959 'mrrigeudis
788 903 842 947 et
894 896 960 950 ad
990 912 1176 950 sanam
1216 905 1454 951 mentem
1513 896 1859 962 reducendis,
1897 896 1951 950 id
1985 895 2097 964 jam
2128 896 2256 949 olim
2294 900 2360 949 ab
2393 901 2732 953 Antiochena
2766 899 2973 969 synodo
2998 899 3191 966 quinto
3258 913 3468 951 Canouc
3537 895 3632 950 de-

399 984 610 1042 ﬁnitum
641 1000 763 1039 esse
799 987 1160 1043 demonstrat.
1675 1033 1680 1042 .
2215 1007 2220 1010 '
2499 999 2503 1006 ’

401 1075 623 1126 ΑΡΙΣΤ.
675 1093 692 1126 1
753 1078 816 1128 Οἱ
875 1078 1125 1150 ἱερεῖς,ἢ
1188 1082 1411 1143 πιστοὺς
1466 1081 1888 1151 ἁμαρτήσαντας
1931 1082 1965 1152 ἢ

2089 1078 2291 1135 lRIST.
2329 1099 2347 1130 1
2387 1079 2713 1133 Sacerdotes
2739 1080 2829 1148 qui
2865 1062 2959 1133 vel.
2981 1078 3165 1132 lideles
3194 1081 3283 1146 qui
3316 1091 3631 1149 peccarnnt,

471 1189 490 1219 1
535 1169 797 1232 ἀπίστους
820 1173 1182 1245 ἀδικήσαντας
1225 1178 1543 1244 τύπτοντες,
1582 1179 1614 1249 ἢ
1651 1179 1966 1247 αὐτοχειρία

472 1280 490 1310 1
538 1261 570 1327 ἢ
620 1265 988 1333 ἐπιτάγματι,
1051 1269 1549 1338 καθαιρείσθωσανο
1597 1273 1702 1341 χρὴ
1735 1273 1840 1342 γὰρ
1889 1271 1967 1326 δι-

451 1371 492 1404 ·ι
538 1354 893 1419 δασκα).ίαις,
955 1360 1288 1424 νουθεσίαις,
1341 1364 1434 1416 καὶ
1496 1364 1965 1431 ἐκκλησιαστικαῖς

469 1465 489 1498 1
541 1449 836 1518 ἐπιτιμίοις
863 1452 990 1515 τοὺς
1024 1454 1290 1518 ἀτάκτους
1334 1457 1723 1524 παιδαγωγεῖν,
1759 1455 1818 1507 οὐ
1856 1457 1964 1524 μά-

470 1557 489 1589 ‹
539 1539 710 1604 στιξιν
740 1541 770 1610 ἢ
799 1543 1074 1610 πληγαῖς·
1108 1547 1156 1596 εί
1185 1546 1241 1598 δὲ
1275 1546 1348 1616 μὴ
1376 1547 1716 1609 ὑπακούοιεν,
1750 1547 1836 1600 διὰ
1867 1551 1964 1615 τῆς

472 1649 493 1682 1
538 1633 678 1701 πρὸς
705 1633 832 1697 τοὺς
876 1633 1140 1706 ἄρχοντας
1172 1638 1482 1707 ὲγκλήσεως
1511 1637 1707 1700 αὐτοὺς
1748 1655 1964 1707 σωφρο-
2010 1633 2015 1639 ’

467 1742 487 1773 1
533 1725 716 1788 νίζειν.
763 1743 782 1776 ι

1010 1820 1268 1876 ΚΑΝΩΝ.
1312 1823 1366 1876 l'.

2147 1193 2166 1224 1
2209 1175 2289 1226 vel
2339 1174 2584 1228 inlideles
2615 1174 2704 1241 qui
2751 1171 2946 1239 injuria
2983 1171 3286 1225 affecerunt
3313 1213 3326 1230 ,
3366 1173 3478 1225 sive
3510 1188 3635 1241 pro-

2144 1282 2163 1315 1
2200 1266 2313 1331 pria
2359 1280 2545 1325 manu,
2579 1265 2694 1318 sive
2731 1265 2986 1317 mandato
3015 1265 3322 1325 verberant,
3356 1266 3635 1330 deponan-
3663 1321 3665 1323 1

2143 1377 2161 1408 1
2202 1367 2312 1411 tur.
2342 1355 2565 1425 Oportet
2615 1359 2759 1410 enim
2824 1358 3110 1419 doctrinis,
3167 1357 3648 1411 admonitionibus

2141 1433 2160 1502 1
2197 1462 2248 1505 et
2284 1453 2458 1521 paruis
2489 1453 2878 1506 ecclesiasticis
2915 1437 3293 1518 immorigeros
3321 1450 3632 1512 instituere,

2145 1561 2164 1592 1
2209 1558 2318 1596 non
2356 1558 2483 1595 vero
2533 1541 2758 1609 ﬂagellis
2803 1548 2856 1594 et
2901 1541 3260 1598 verberibus:
3291 1538 3336 1592 si
3389 1540 3630 1591 nomium

2146 1653 2164 1684 1
2205 1644 2382 1686 autem
2422 1649 2626 1686 morem
2680 1633 2989 1700 gesserint,
3020 1646 3113 1684 eus
3166 1645 3262 1698 per
3293 1632 3632 1698 provocatio-

2143 1743 2161 1776 1
2199 1739 2320 1780 nem
2357 1723 2422 1777 ad
2455 1725 2802 1791 magistratus
2833 1723 3123 1790 castigare.
3157 1741 3176 1772 ι

2665 1815 2892 1869 CANON
2938 1813 3003 1870 Χ.

400 1923 420 1956 1
465 1907 528 1960 Οί
557 1911 670 1971 τοῖς
701 1908 928 1962 πάθευιν
966 1911 1192 1974 ἑαυτοὺς
1226 1914 1474 1977 ἐκδότους
1511 1915 1965 1984 παραστήσαντες
1998 1891 2004 1943 ¹

2127 1911 2229 1977 Qui
2264 1911 2474 1979 seipsos
2507 1909 2732 1962 tradunt
2764 1909 2930 1961 animi
2959 1909 3481 1979 perturbationibus,
3519 1922 3629 1961 non

470 2017 489 2049 1
533 1999 594 2051 ού
629 2000 789 2067 μόνον
815 2002 913 2071 τὴν
960 2004 1067 2056 ἀπὸ
1090 2004 1198 2056 τῶν
1235 2005 1396 2074 ἱερῶν
1426 2008 1665 2060 κανόνων
1693 2007 1973 2076 τιμωρίαν

465 2112 484 2143 1
533 2093 596 2144 οὐ
627 2094 963 2162 φρίττουσιν,
993 2097 1128 2150 ἀλλὰ
1167 2098 1261 2150 καὶ
1297 2099 1477 2152 αὐτῶν
1509 2100 1738 2152 ἐκείνων
1765 2083 1965 2166 κατορ-

465 2200 486 2234 1
534 2184 746 2251 χεῖσθαι
804 2187 1192 2257 τετολμήκασι.
1243 2189 1568 2255 Στρεδλοῦσι
1608 2191 1716 2262 γὰρ
1746 2192 1962 2256 αὐτοὺς,

467 2291 489 2327 1
535 2276 803 2345 καὶπρὸς
854 2277 914 2330 τὸ
957 2279 1202 2347 ἐμπαθὲς
1248 2281 1426 2332 αὐτῶν
1477 2275 1966 2350 άποκιὸδηλεύουσι

466 2384 486 2418 1
530 2367 626 2420 τοῦ
659 2367 980 2437 θελήματος,
1009 2370 1094 2422 ἵνα
1121 2374 1183 2439 τῇ
1209 2371 1490 2442 φιλοτιμίᾳ
1515 2373 1616 2441 τῆς
1638 2375 1961 2442 ὲμπαθείας.

463 2475 484 2508 1
538 2459 680 2511 κατά
711 2459 804 2511 τὸν
846 2460 1115 2528 Θεολόγον
1141 2463 1461 2534 Γρηγόριον,
1498 2464 1571 2534 μή
1611 2469 1769 2532 μόνον
1802 2466 1967 2518 ἀνεύ-

466 2564 484 2596 1
530 2547 687 2600 θυνον
719 2550 901 2612 αὐτοῖς
997 2552 1057 2603 τὸ
1089 2553 1281 2618 κακὸν,
1317 2554 1453 2606 ἀλλά
1503 2555 1595 2606 καὶ
1627 2555 1770 2606 θεῖον
1813 2554 1966 2623 νομί-

467 2657 487 2690 1
538 2639 706 2702 ζοιτο.
761 2643 864 2694 Τὸν
923 2644 1031 2714 γὰρ
1088 2647 1442 2700 ἀποστολικὸν
1496 2650 1698 2700 κανόνα
1737 2649 1827 2700 τὸν
1875 2648 1962 2700 λέ-

465 2751 484 2784 1
537 2749 737 2800 γοντα·
775 2735 976 2799 Σκεῦος
1019 2737 1321 2809 χρυσοῦνῆ
1375 2741 1654 2810 ἀργυροῦν
1700 2743 1965 2807 ἀγιασθὲν

462 2843 482 2878 1
535 2825 568 2895 ἢ
603 2826 816 2894 ὀθόνην,
855 2830 1044 2897 μηδεὶς
1077 2830 1155 2882 ἔτι
1191 2833 1270 2894 εἰς
1308 2832 1515 2884 οἰκείαν
1543 2833 1733 2902 χρείαν
1776 2852 1967 2902 σφετε-

464 2936 483 2968 1
534 2919 786 2988 ριζέσθω”
843 2923 1161 2990 παράνομον
1194 2925 1333 2993 γάρ’
1376 2927 1426 2976 εἰ
1460 2923 1516 2976 δέ
1549 2942 1632 2987 τις
1658 2925 1962 2996 φωραθείη,

463 3027 481 3058 1
526 3009 868 3078 ἐπιτιμάσθω
914 3013 1244 3082 ἀφορισμῷ·
1297 3013 1486 3068 τοῦτον
1516 3016 1597 3077 είς
1636 3018 1963 3086 συνηγορίαν

463 3117 482 3152 1
529 3101 637 3156 τῶν
660 3104 876 3156 οἰκείων
905 3105 1393 3175 παρανομημάτων
1420 3107 1870 3177 ἐκλαμϐάνοντες,
1901 3109 1961 3160 οὐ

463 3211 482 3244 1
531 3194 668 3262 φασὶ
711 3196 822 3248 δεῖν
866 3197 1238 3266 καθαιρέσεως
1284 3198 1467 3261 ἀξίους
1508 3199 1787 3269 κρίνεσθαι
1834 3201 1959 3264 τοὺς
1986 3221 2029 3276 ο

465 3305 485 3338 1
532 3289 631 3357 τήν
661 3287 966 3358 σεϐασμίαν
1004 3294 1103 3358 τῆς
1136 3291 1295 3354 ἁγίας
1326 3292 1606 3360 τραπέζης
1633 3293 1854 3362 ἐνδυτὴν
1884 3296 1963 3357 είς

463 3399 483 3432 1
527 3382 726 3433 οίκεῖον
758 3398 981 3458 χιτωνα,
1013 3381 1045 3451 ἢ
1077 3385 1153 3445 εἰς
1187 3382 1372 3452 ἕτερόν
1405 3402 1456 3436 τι
1485 3385 1594 3436 τῶν
1624 3385 1964 3455 ἀμφίωνμε-

461 3491 481 3524 1
517 3474 1061 3544 τασχηματίζονεαςο
1110 3477 1168 3528 οὐ
1220 3475 1325 3545 μὴν
1376 3476 1652 3529 ἀλλ’-οῦδὲ
1723 3479 1850 3540 τοὺς
1902 3481 1963 3532 τὸ

461 3583 479 3617 1
526 3565 681 3633 ἅγιον
714 3569 1006 3636 ποτήριον·
1036 3565 1080 3618 ὣ
1106 3567 1204 3636 τῆς
1240 3568 1528 3631 ἀσεϐείαςί
1558 3571 1590 3638 ἦ
1640 3571 1732 3622 τὸν
1768 3571 1982 3625 σεπτὸν,

464 3673 486 3707 1
531 3657 739 3721 δίσκον,
772 3658 804 3727 ἦ
837 3658 904 3710 τὰ
949 3658 1159 3720 τούτοις
1203 3659 1564 3729 παραπλήσια
1594 3663 1674 3723 εἰς
1707 3662 1842 3715 ίδίαν
1867 3666 1959 3715 ὲκ·-

465 3765 485 3800 1
535 3749 894 3810 δαπανῶντας
919 3749 1132 3818 χρείαν,
1163 3750 1194 3818 ἦ
1235 3752 1722 3821 καταχραίνοντας.
1762 3755 1821 3806 Ὀ
1852 3755 1962 3825 γὰρ

367 3843 401 3851 ”
461 3859 481 3892 1
526 3840 728 3909 κανὼν,
759 3843 910 3909 φασὶ,
931 3842 1056 3902 τοὺς
1083 3843 1162 3903 εἰς
1195 3842 1350 3894 τοῦτο
1371 3844 1795 3912 περιπίπτοντας
1830 3837 1961 3912 depo-

460 3946 480 3980 1
527 3929 704 3999 ρισμῷ
732 3930 833 3997 μὲν
856 3930 1385 3997 καθυποϐἀλλεσθαι,
1414 3933 1528 3986 ἀλλ’
1557 3935 1616 3986 οὐ
1643 3937 1958 4006 καθαιρέσει

461 4039 482 4073 1
526 4021 1084 4080 ἐδικαίωσεν.,,Ἀλλά
1135 4023 1220 4084 τίς
1277 4023 1344 4076 ἂν
1396 4025 1683 4096 ἀνάσχοιτο
1713 4028 1806 4080 τοῦ
1858 4029 1960 4096 τῆς

458 4131 478 4162 1
521 4111 792 4179 τοσαύτης
837 4113 1262 4182 παραποιήσεως
1315 4115 1408 4166 καὶ
1455 4113 1768 4178 δυσσεϐείας
1799 4117 1958 4186 μεγέ-

458 4225 481 4258 1
527 4206 682 4272 θους;
719 4205 826 4258 Τοῦ
865 4207 974 4276 γὰρ
1005 4207 1230 4268 κανόνος
1260 4208 1372 4268 τοίς
1414 4207 1474 4259 τὸ
1504 4209 1662 4278 μόνον
1697 4209 1958 4277 ἀγιαοθὲν

457 4315 477 4348 1
523 4299 604 4359 si;
629 4298 850 4368 χρῆσιν,
883 4297 995 4350 ἀλλ’
1028 4299 1128 4352 οὐκ
1156 4301 1235 4361 είς
1265 4300 1476 4352 τελείαν
1512 4301 1789 4371 ἁρπαγὴν,
1825 4321 1956 4373 σφε-

459 4410 476 4442 1
522 4391 894 4461 τεριζομένοις
915 4390 1006 4443 τὸν
1039 4392 1344 4460 ὰφορισμὸν
1372 4393 1780 4462 ἐπιπέμποντος
1803 4436 1816 4459 ,
1860 4399 1958 4451 αύ-

458 4502 478 4535 1
530 4484 613 4535 τοὶ
644 4484 738 4534 καὶ
767 4484 895 4544 τοὺς
935 4483 1391 4553 καθαρπάζοντας
1423 4487 1515 4538 καὶ
1545 4487 1957 4558 ἱεροσυλοῦντας

395 4597 400 4608 ι
457 4591 478 4625 1
522 4573 590 4626 τὰ
644 4573 752 4625 τῶν
804 4573 975 4640 ἁγίων
1027 4573 1191 4641 Ἅγια
1230 4575 1571 4646 ἐλευθεροῦσι
1615 4579 1712 4647 τῆς
1771 4581 1955 4635 καθαι-
1990 4578 2034 4632 1)

459 4685 479 4716 1
527 4667 765 4735 péaeog‘,
817 4666 911 4718 καὶ
963 4665 1218 4744 τοὺςεείς
1294 4666 1598 4738 βρωμάτων
1651 4672 1957 4741 ’ὑπηρεσίαν

458 4777 478 4807 1
523 4760 645 4811 ὅσον
670 4775 734 4827 γε
781 4760 844 4826 τῇ
884 4757 975 4826 ὑφ’
1006 4758 1216 4812 ἑαυτῶν
1253 4761 1431 4830 κρίσει
1477 4763 1602 4826 τοὺς
1629 4764 1958 4834 σεϐασμίους

465 4868 485 4900 ‹
529 4849 778 4912 δίσκους,
821 4847 855 4916 ἢ
905 4848 975 4921 τᾲ
1024 4850 1145 4919 ἱερὰ
1196 4851 1432 4920 ποτήρια
1487 4834 1958 4922 καταμολύνοντας

459 4961 479 4993 1
523 4941 917 5012 ἀκαθαιρὲτους
958 4941 1275 5007 εἰσάγουσι·
1304 4944 1479 4997 καίτοι
1532 4945 1764 5015 φανεροῦ
1821 4946 1955 4998 καθ.

460 5054 478 5086 1
522 5021 819 5104 ’ἑστηκότος
881 5034 975 5086 τοῦ
1029 5035 1356 5103 μιάσματος,
1405 5038 1496 5090 καὶ
1526 5039 1684 5106 δῆλον
1715 5037 1774 5090 ὃν
1799 5039 1874 5102 ὡς
1905 5041 1955 5093 oi

463 5144 482 5176 1
529 5125 598 5177 τὰ
640 5125 868 5178 τοιαῦτα
910 5125 1238 5195 πράττοντες
1277 5128 1337 5178 ού
1371 5128 1532 5196 μόνον
1561 5131 1954 5200 καθαιρέσεως,

464 5234 482 5266 1
530 5214 664 5270 ἀλλὰ
689 5217 794 5268 ’καὶ
815 5217 915 5282 τῆς
939 5217 1174 5285 ἐσχάτης
1199 5215 1518 5280 δυσσεόείας
1546 5219 1622 5288 τῷ
1652 5219 1955 5289 ἐγκλήματι

459 5325 478 5357 1
525 5307 938 5376 erantin-.0001.
991 5309 1189 5377 Διόπερ
1241 5307 1440 5380 ὥρισεν
1490 5311 1686 5380 ήάγία
1739 5313 1955 5374 σύνοδος

462 5415 485 5450 1
528 5401 654 5460 τοὺς
689 5399 749 5451 ἓν
793 5417 845 5451 τι
891 5400 1000 5452 τῶν
1043 5403 1100 5453 ὲν
1128 5400 1206 5470 τῷ
1235 5401 1607 5472 θυσιαστηρίῳ
1649 5405 1808 5471 ἱερῶν
1859 5406 1955 5459 καὶ

459 5507 478 5538 1
526 5489 699 5554 ἁγίων
749 5489 956 5541 σκευῶν
986 5490 1018 5558 ἢ
1057 5479 1470 5560 λάμφιασμὰτων
1499 5496 1578 5555 εἰς
1609 5493 1736 5545 ίδιον
1762 5495 1952 5564 κέρδος

457 5597 478 5632 1
527 5579 985 5648 ὑφαρπάζοντας,
1057 5581 1088 5650 ἢ
1145 5584 1224 5645 εἰς
1277 5583 1475 5652 χρῆσιν
1528 5586 1952 5654 ὰποχρωμένους

462 5688 480 5719 1
526 5669 759 5739 ἀνίερον,
794 5669 1046 5720 παντελεί
1083 5670 1398 5739 καοαιρέσει
1424 5672 1946 5730 καθυποὸἀλλεσθαι.

462 5778 483 5812 1
525 5761 599 5813 Τὸ
649 5759 748 5830 μὲν
777 5761 886 5830 γάρ
913 5763 1030 5813 ἐστι
1074 5762 1400 5833 βεϐηλῶσαι,
1437 5765 1496 5817 τὸ
1538 5765 1594 5819 δὲ
1626 5767 1853 5836 συλῆσαι
1884 5770 1947 5823 τὰ

462 5866 483 5920 1
521 5851 674 5922 ᾇγια.
705 5851 843 5914 Τοὺς
868 5852 1053 5919 μέντοι
1099 5853 1167 5906 τὰ
1201 5853 1398 5919 ἔξωθεν
1423 5854 1517 5909 τοῦ
1562 5855 1944 5927 θυσιαστηρίου

2143 2021 2162 2053 1
2199 2004 2414 2062 solum,
2463 2000 2606 2070 quod
2660 2015 2688 2052 a
2743 1999 2914 2053 sacris
2969 2001 3270 2055 ('allOlilbtls
3329 1999 3632 2052 intentatur

2141 2115 2159 2147 1
2198 2094 2545 2164 supplicium,
2590 2110 2695 2147 non
2731 2093 2993 2158 horrent,
3025 2094 3118 2147 sed
3154 2094 3234 2148 eis
3261 2093 3423 2145 etiam
3456 2090 3632 2144 insul-

2141 2206 2159 2240 1
2199 2197 2314 2241 tare
2344 2185 2461 2240 ausi
2489 2194 2637 2238 sunt.
2665 2185 2818 2253 Ipsos
2842 2186 2986 2238 enim
3013 2175 3286 2253 torquent,
3307 2192 3360 2236 et
3382 2181 3449 2235 ad
3475 2196 3629 2235 suam

2145 2299 2162 2330 1
2200 2279 2362 2331 animi
2402 2277 2870 2346 perturbationem
2902 2291 3092 2329 eorum
3130 2289 3348 2343 quoque
3378 2273 3630 2326 volunta-

2147 2391 2164 2422 1
2206 2379 2311 2423 tem
2363 2370 2673 2440 adulterant
2703 2385 2717 2422 :
2751 2377 2809 2421 ut
2858 2380 3079 2437 propter
3116 2368 3281 2419 animi
3316 2369 3399 2419 sui
3450 2371 3629 2416 motus

2149 2483 2168 2516 1
2205 2463 2641 2524 contentionem,
2671 2471 2729 2516 ut
2765 2463 2935 2529 inquit
2969 2461 3266 2529 Gregorius
3289 2457 3627 2523 Theologus,

2143 2575 2161 2606 1
2203 2572 2307 2610 nou
2337 2555 2514 2610 solum
2559 2556 2630 2607 sit
2676 2569 2864 2609 eorum
2915 2553 3114 2605 malum
3152 2549 3480 2606 correctioni
3519 2561 3626 2601 non

2142 2664 2161 2697 1
2204 2646 2521 2709 obnoxium,
2555 2646 2648 2699 sed
2696 2645 2944 2697 divinum
2983 2659 3203 2712 quoque
3258 2643 3628 2710 existimetur.

2141 2761 2158 2792 1
2203 2741 2574 2808 Apostolicnm
2631 2739 2778 2792 enim
2830 2751 3091 2790 canonem
3121 2777 3136 2801 ,
3186 2736 3277 2804 qui
3325 2734 3630 2788 dieit:Vas

2135 2851 2159 2914 ι
2201 2847 2426 2884 aureum
2452 2831 2536 2883 vel
2555 2839 2868 2900 argenteum
2900 2827 3323 2888 sanctiﬁcatum,
3344 2826 3427 2878 vel
3449 2824 3625 2877 velum

2140 2941 2158 2973 1
2201 2924 2425 2986 Iineum,
2458 2937 2616 2976 nemo
2642 2922 2950 2991 posthacjn
2976 2935 3134 2974 suum
3169 2933 3327 2972 usum
3357 2917 3624 2983 accipiat;

2143 3033 2161 3066 1
2198 3023 2281 3069 est
2315 3016 2458 3068 enim
2509 3022 2705 3083 praeter
2757 3014 2938 3082 leges:
2972 3014 3015 3065 si
3050 3011 3174 3080 quis
3222 3022 3402 3064 autem
3434 3011 3628 3077 depre-

2139 3126 2158 3159 1
2202 3109 2404 3161 bensus
2438 3105 2618 3170 fuerit,
2643 3107 3017 3175 segregatione
3045 3106 3336 3167 multetur;
3369 3117 3492 3157 eum
3558 3100 3627 3152 ad

2137 3218 2158 3252 1
2199 3213 2422 3254 suorum
2449 3199 2768 3253 delictorum
2811 3198 3187 3267 patrocinium
3249 3204 3618 3254 assumentes,

2139 3311 2158 3344 1
2195 3293 2384 3348 dicunt
2415 3307 2510 3346 eos
2557 3307 2664 3344 non
2707 3301 2960 3360 oportere
3007 3288 3242 3357 iudicari
3286 3286 3626 3355 depositione

2139 3399 2157 3433 1
2197 3383 2411 3452 dignos,
2445 3382 2538 3450 qui
2577 3380 2947 3434 venerandum
2998 3389 3204 3432 sancta;
3242 3391 3444 3430 mensa:
3474 3374 3630 3427 indu-

2139 3493 2157 3525 1
2199 3483 2438 3527 mentum
2487 3475 2540 3527 in
2589 3474 2862 3542 propriam
2897 3468 3282 3532 tunicam,‘vel
3316 3469 3370 3520 in
3407 3464 3625 3534 aliquod

2139 3585 2158 3618 1
2199 3566 2344 3619 aliud
2395 3567 2780 3619 vestimentum
2847 3562 3238 3616 transformant
3271 3577 3286 3613 :
3317 3561 3411 3615 sed
3447 3573 3626 3627 neque

2088 3659 2095 3668 '
2136 3673 2288 3716 1,eos
2319 3657 2412 3725 qui
2445 3666 2694 3711 sanctum
2753 3656 3002 3716 calicem,
3059 3671 3092 3707 ο
3141 3653 3506 3722 impietateml
3544 3653 3626 3704 vel

2140 3765 2158 3798 1
2196 3747 2559 3801 venerabilem
2582 3745 2937 3810 discum,‘vel
2965 3761 3028 3797 ea
3061 3758 3182 3812 qua:
3208 3753 3340 3797 sunt
3375 3743 3443 3794 iis
3473 3741 3626 3794 simi-

2135 3858 2156 3889 1
2196 3839 2287 3904 lia,
2313 3841 2366 3891 in
2405 3840 2681 3908 proprium
2707 3853 2863 3891 usum
2889 3839 3199 3898 insumunt,
3235 3836 3319 3887 vel
3349 3834 3621 3904 pollnunt.

2143 3950 2161 3982 1
2203 3931 2390 3983 Cation
2417 3931 2588 3994 enim,
2621 3930 2894 3996 inquiunt,
2954 3941 3050 3980 eos
3086 3931 3179 3996 qui
3232 3930 3284 3980 iu
3349 3927 3452 3980 hoc
3487 3925 3625 3978 inci-
3656 3935 3659 3938 '

2137 4042 2156 4076 1
2195 4026 2349 4086 dunt,
2378 4037 2500 4077 esse
2529 4005 2886 4092 segregatioui
2911 4063 2926 4085 ,
2961 4037 3068 4075 non
3104 4019 3458 4091 depositioni,
3490 4018 3625 4074 sub-

2132 4135 2150 4166 1
2183 4113 2693 4184 jiciendos-aequum
2727 4115 2962 4167 censuit.
2991 4112 3096 4166 Sed
3127 4113 3252 4181 quis
3279 4119 3446 4164 tantas
3497 4125 3623 4178 per—

2136 4227 2153 4259 1
2189 4205 2466 4274 versitatis
2508 4211 2562 4260 et
2613 4207 2912 4286 impietatis
2973 4205 3399 4285 magnitudinem
3449 4203 3625 4255 lerat?

2069 4333 2071 4342 ι
2133 4318 2151 4352 1
2185 4298 2321 4360 Cum
2349 4299 2490 4353 enim
2520 4313 2696 4352 canon
2727 4314 2845 4364 eos,
2874 4298 2966 4366 qui
2997 4338 3012 4360 ,
3045 4299 3188 4365 quod
3222 4299 3622 4351 sanctiﬁcatum

2137 4410 2155 4442 1
2193 4402 2299 4457 est,
2326 4390 2392 4445 ad
2427 4407 2582 4444 nsum
2613 4392 2811 4454 solum,
2866 4399 2920 4445 et
2963 4406 3070 4445 non
3103 4391 3167 4444 ad
3205 4390 3500 4458 perfectam
3531 4405 3624 4441 ra-

2137 4503 2154 4536 1
2193 4486 2372 4554 pinam
2406 4483 2510 4560 sibi
2548 4485 2862 4549 vindicant,
2897 4482 3258 4553 segregationi
3321 4481 3576 4548 subjiciat
3606 4497 3620 4532 :

2140 4595 2158 4642 ς
2199 4577 2300 4646 ipsi
2353 4587 2465 4639 eos,
2514 4576 2608 4644 qui
2662 4574 2862 4628 Sancta
2912 4586 3226 4646 sanctorum
3273 4575 3526 4643 rapiunt,
3569 4583 3624 4627 et

2135 4687 2154 4721 1
2198 4669 2480 4738 sacrilegis
2530 4668 2782 4747 manibus
2821 4645 3110 4731 auferunt,
3165 4666 3506 4736 depositione
3578 4665 3623 4718 i-

2134 4779 2154 4812 1
2196 4761 2422 4827 berant;
2456 4770 2510 4814 et
2538 4776 2633 4815 eos
2657 4800 2671 4822 ,
2713 4761 2803 4829 qui
2837 4760 2902 4812 ad
2939 4759 3186 4815 ciborum
3235 4760 3622 4824 ministerium,

2133 4873 2151 4905 1
2194 4869 2294 4908 suo
2323 4854 2543 4924 quidem
2571 4862 2718 4908 certe
2758 4854 2967 4922 judicio
2999 4853 3365 4908 .venerabiles
3413 4853 3620 4916 discos,

2133 4967 2154 4996 1
2195 4955 2289 4999 aut
2319 4960 2511 5000 sacros
2536 4946 2730 5000 calices
2768 4946 3075 5014 inquinant,
3126 4959 3234 4999 non
3267 4943 3620 5014 deponendos

2136 5055 2154 5088 1
2199 5037 2461 5096 inducunt
2486 5039 2793 5111 tquamvis
2831 5038 2900 5090 sit
2943 5045 3189 5104 apertum
3226 5037 3536 5106 piaculum;
3567 5044 3623 5090 et

2138 5147 2158 5180 1
2201 5129 2410 5182 clarum
2441 5139 2548 5192 est,
2578 5129 2722 5197 quod
2756 5129 2847 5196 qui
2882 5130 2994 5184 haec
3046 5127 3271 5194 iaciunt,
3304 5145 3410 5182 non
3444 5129 3618 5183 solum

2055 5288 2064 5302 γ
2135 5238 2152 5270 1
2195 5218 2251 5271 in
2287 5219 2703 5288 depositiouem,
2741 5219 2836 5273 sed
2870 5219 2924 5272 in
2949 5231 3205 5274 extremae
3230 5219 3390 5273 etiam
3423 5219 3618 5286 impie-

2131 5329 2150 5362 1
2192 5312 2317 5365 tatis
2344 5312 2552 5366 crimen
2597 5311 2868 5390 incidunt.
2918 5313 2980 5364 Et
3020 5312 3140 5365 ideo
3196 5313 3386 5365 statuit
3428 5320 3616 5363 sancta

2137 5411 2157 5456 1
2199 5405 2465 5474 synodus,
2500 5419 2620 5467 eos,
2664 5405 2754 5473 qui
2797 5420 2964 5458 unum
2997 5403 3212 5473 aliquod
3261 5417 3538 5456 sacrorum
3560 5410 3614 5455 et

2134 5515 2153 5548 1
2193 5505 2505 5550 sanctorum
2555 5497 2610 5549 in
2649 5497 2807 5549 altari
2838 5510 3089 5549 vasorum
3139 5494 3222 5547 vel
3266 5493 3616 5546 vestimento-

2132 5608 2150 5642 1
2191 5604 2311 5641 rum
2347 5587 2413 5641 ad
2448 5588 2727 5658 proprium
2759 5603 2920 5642 usum
2951 5589 3189 5655 rapiunt,
3222 5583 3306 5640 vel
3333 5583 3397 5638 ad
3428 5585 3614 5654 prola-

2129 5696 2147 5731 1
2190 5694 2319 5732 num
2368 5695 2527 5733 usum
2565 5686 2931 5742 convertunt,
2980 5677 3242 5731 absoluta:
3286 5676 3614 5745 depositioni

2129 5787 2148 5820 1
2185 5767 2407 5837 subjici.
2451 5767 2566 5823 Hoc
2605 5768 2748 5822 enim
2798 5776 2882 5823 est
2931 5767 3258 5837 profanare:
3300 5765 3433 5820 illud
3480 5782 3610 5822 vero

2132 5880 2151 5913 1
2193 5861 2478 5932 subripere
2522 5873 2698 5918 sacra.
2731 5859 2839 5917 Eos
2871 5859 3093 5929 quidem
3129 5868 3290 5940 certe
3312 5899 3326 5926 ,
3360 5859 3451 5920 nni
3482 5873 3612 5917 vasa
