4056 6436
486 370 620 435 1055

556 602 574 632 ι
618 580 700 634 vel
735 578 857 633 aliis
887 576 1131 646 praebent
1179 585 1232 631 et
1272 591 1448 632 canon
1502 583 1774 655 segregat,
1832 582 1885 629 et
1945 588 2044 627 nos

556 694 573 727 ι
615 687 966 742 segregamus
1011 687 1026 723 :

563 786 582 818 ι
621 766 802 834 piunt,
861 778 966 818 una
1009 777 1229 833 quoque
1284 761 1673 831 sacrilegorum
1722 759 2046 849 condemna-

554 880 572 911 ‹
613 860 747 912 tioni
781 858 1122 926 subiicimus.
1162 875 1181 908 ι
1986 908 1987 911 η

549 948 743 1003 BALS.
782 949 1014 1014 Quidam
1066 958 1256 1002 sancta
1286 946 1675 1015 corripientes,
1720 954 1773 1000 et
1801 960 1867 1000 ea
1898 959 2047 998 com-

480 1044 664 1098 munia
706 1042 969 1097 facientes
991 1082 1005 1104 ,
1041 1051 1119 1104 ut,
1168 1041 1319 1094 verbi
1352 1041 1549 1110 gratia,
1600 1049 1808 1095 sancta:
1843 1052 2045 1093 mensa:

481 1136 856 1191 indumentum
892 1135 960 1188 ad
1006 1149 1162 1188 suum
1212 1134 1471 1187 amictum
1509 1134 1941 1194 transferentes,
1993 1140 2046 1185 et

480 1228 605 1283 ideo
652 1227 984 1297 depositioni
1036 1226 1309 1293 subjecti,
1363 1226 1668 1293 apostolico
1735 1240 1944 1280 canone
1980 1227 2046 1280 75

483 1320 796 1381 utebantur,
832 1300 923 1386 qui
954 1317 1117 1387 350
1135 1317 1267 1370 dicit
1292 1334 1306 1371 :
1336 1314 1443 1369 Vas
1472 1331 1696 1370 aureum
1734 1318 1815 1371 vel
1853 1333 2047 1388 argen-

477 1424 625 1466 teum
650 1410 1087 1471 sanctificatum,
1117 1410 1197 1463 vel
1225 1409 1406 1463 velum
1439 1410 1667 1472 lineum,
1707 1425 1866 1464 nemo
1891 1421 2047 1478 post-

482 1504 584 1563 hac
613 1504 664 1556 in
696 1518 854 1555 usum
905 1518 1062 1555 suum
1097 1509 1419 1562 convertet;
1456 1503 1538 1555 sin
1584 1500 1763 1555 minus
1797 1518 2048 1572 segrege-

481 1604 571 1647 tur
602 1610 617 1647 z
646 1603 701 1646 et
733 1594 1065 1647 vellentsola
1098 1594 1475 1663 segregatione
1521 1595 1721 1663 puniri.
1744 1596 1883 1651 Dicit
1915 1614 2045 1666 ergo

484 1699 722 1748 prmsens
748 1698 920 1738 canon
955 1700 1048 1738 eos
1080 1685 1454 1754 deponendos,
1506 1686 1601 1755 qui
1647 1686 1714 1740 ad
1765 1690 2043 1758 proprium

482 1778 693 1830 lucrum
734 1779 951 1844 rapiunt
979 1785 1032 1829 et
1061 1793 1350 1832 commune
1374 1778 1637 1843 efﬁciunt,
1682 1780 1762 1834 vel
1797 1781 1864 1834 ad
1898 1797 2046 1836 com—

1794 360 2066 423 'I‘IIEOD.
2106 358 2500 445 BALSAMON

557 508 574 539 ι
618 487 861 555 quaedam
891 493 1039 561 extra
1070 484 1238 540 altare
1261 494 1564 555 segregata,
1593 483 1675 537 vel
1704 491 1904 543 vestes,
1934 481 2036 535 sibi
2069 484 2115 532 Α

1072 686 1166 725 eos
1216 680 1445 731 autem,
1504 670 1595 738 qui
1655 668 1812 738 plane
1866 668 2047 722 subri-
2090 708 2103 741 ,

2218 498 2237 531 ι
2294 481 2655 550 ἀφωρισμέναι
2713 479 2879 550 σκεύη
2928 479 3110 551 τινάἤ
3160 479 3341 551 ἀμφια
3391 481 3471 545 εἰς
3520 500 3735 553 χρησιν

2223 590 2242 622 ι
2288 573 2503 643 ἀνίερον
2538 574 2750 636 ἑαυτοῖς
2781 573 2812 643 ἢ
2844 573 3049 645 ἑτέροις
3084 575 3469 645 παρέχοντας,
3498 578 3737 641 τούτους

2221 684 2240 715 ι
2292 666 2386 717 καὶ
2434 668 2461 718 6
2511 668 2689 719 κανὼν
2736 666 3007 737 ἀφορίζει,
3038 669 3134 723 καὶ
3162 670 3320 739 ἡμεῖς
3364 670 3735 741 συναφορίζο-

2232 776 2251 808 ι
2299 775 2401 826 μεν
2423 775 2435 788 ·
2464 758 2589 822 τοὺς
2614 759 2672 811 δὲ
2701 760 2979 822 παντελῶς
3023 760 3446 830 ἁφαρπάζοντας
3498 766 3566 834 τῇ
3613 763 3733 815 τῶν

2223 868 2242 899 ι
2300 850 2593 919 ἱεροσύλων
2624 852 2895 922 καταδίκῃ
2927 852 3434 923 καθυποὸἀλλομεν.

2218 943 2414 998 ΒΑΛΣ.
2448 943 2607 1004 Τινὲς
2652 944 3094 1012 καθαρπὰζοντες
3140 946 3207 999 τὰ
3238 945 3371 1013 ἀγια
3414 946 3510 1001 καὶ
3542 966 3738 1002 κοινο-

2152 1034 2434 1097 ποιοῦντες
2488 1035 2645 1099 αὐτὰ,
2696 1037 2771 1098 ὡς
2820 1037 2981 1105 τυχὸν
3033 1037 3132 1105 τὴν
3177 1037 3402 1109 ὲνδυτὴν
3435 1040 3533 1107 τῆς
3560 1042 3737 1107 ἁγίας

2144 1128 2423 1197 τραπέζης
2457 1128 2536 1188 εἰς
2563 1128 2878 1195 ὲνδυμενίαν
2918 1126 3389 1198 μεταποιούμενοι.
3420 1132 3731 1185 κάντεῦθεν

2149 1220 2466 1288 καθαιρέσει
2512 1218 3069 1288 καθυποϐαλλόμενοι,
3108 1222 3185 1289 τῷ
3237 1221 3318 1289 ογ¹
3372 1223 3734 1293 ἀποστολικῷ

2149 1314 2330 1366 κανόνι
2373 1312 2631 1383 ἐχρῶντο,
2679 1313 2924 1379 λέγοντι·
2954 1313 3156 1376 Σκεῦος
3201 1313 3441 1383 χρυσοῦν
3482 1316 3513 1386 ἦ
3547 1317 3740 1387 ἀργυ-

2150 1404 2560 1473 ροῦν-ἀγιασθὲν
2649 1405 2838 1474 ὀθόνην
2865 1406 3052 1477 μηδεὶς
3076 1405 3155 1457 ἔτι
3186 1408 3265 1470 εἰς
3292 1407 3501 1460 οἰκείαν
3533 1410 3740 1477 χρείαν

2146 1497 2582 1567 σφετεριζέσθω·
2633 1500 2683 1550 εἱ
2724 1497 2780 1550 δὲ
2822 1499 2920 1566 μὴ,
2966 1498 3332 1570 ἀφοριζέσθω.
3384 1502 3493 1553 Καὶ
3532 1502 3738 1572 ἤθελον

2146 1590 2232 1642 διὰ
2265 1592 2426 1658 μόνου
2461 1588 2767 1658 ἀφορισμοῢ
2799 1588 3123 1656 κολασθῆναι
3155 1604 3172 1622 ο
3203 1590 3336 1660 φησὶ
3371 1590 3554 1658 γοῦνηό
3584 1611 3734 1663 παρ-

2145 1680 2221 1732 ὼν
2266 1680 2445 1733 κανὼν
2499 1678 2874 1748 καθαιρεῖσθαι
2902 1682 3026 1743 τοὺς
3058 1682 3133 1741 είς
3164 1681 3294 1733 ίδιον
3321 1681 3511 1752 κέρδος
3542 1684 3731 1751 ὑφαρ-

2148 1773 2418 1836 πάζοντας
2463 1773 2555 1824 καὶ
2611 1771 3053 1835 κοινοποιοῦντας
3095 1773 3590 1843 ἢάποχρωμένους
3648 1778 3735 1837 εἰς

483 1886 702 1923 nwnem
732 1880 787 1923 et
821 1869 1109 1936 profanum
1142 1886 1300 1925 usum
1330 1881 1521 1925 sancto
1550 1871 1734 1941 aliquo
1773 1888 1922 1937 vase,
1977 1889 2044 1928 ex

2148 1866 2334 1931 κοινὴν
2382 1866 2475 1919 καὶ
2521 1865 2736 1934 ἀνίερον
2779 1866 2973 1934 χρῆσιν
3007 1866 3163 1932 ἅγιόν
3189 1883 3242 1918 τι
3291 1866 3483 1929 σκεῦος
3511 1869 3577 1920 ἐκ
3615 1870 3737 1919 τῶν

481 1960 551 2014 iis
570 1974 690 2028 quae
712 1961 777 2011 ad
807 1972 1057 2014 sanctum
1085 1960 1257 2013 altare
1285 1960 1578 2028 pertinent.
1607 1965 2046 2032 utuntur.Atque

478 2067 573 2105 eos
598 2051 844 2120 quidem,
883 2052 972 2120 qui
1003 2067 1096 2119 per
1116 2067 1273 2115 usum
1300 2051 1585 2120 profanum
1618 2055 1929 2109 communia
1964 2054 2047 2107 fa-

480 2144 655 2207 ciunt,
682 2143 766 2196 vel
797 2143 928 2196 dant
964 2144 1089 2197 aliis
1120 2144 1319 2197 similis
1347 2159 1479 2198 usus
1502 2145 1698 2213 gratia.
1734 2161 1888 2200 sacra
1915 2158 2045 2202 vasa

478 2247 532 2289 et
560 2238 752 2300 aulaea,
801 2250 924 2304 qua:
966 2246 1118 2290 extra
1151 2238 1326 2289 altare
1359 2248 1507 2297 sunt.
1559 2250 1873 2307 segregatos
1922 2258 2045 2296 esse

480 2328 727 2382 decernit
758 2346 771 2379 :
807 2328 897 2396 qui
938 2342 1067 2401 vero
1094 2344 1155 2381 ea
1200 2329 1440 2397 rapiunt.
1494 2342 1551 2384 ut
1579 2334 1873 2404 sacrilegus
1915 2349 2047 2388 con-

481 2419 752 2473 demnari.
806 2418 903 2473 His
958 2419 1033 2473 ita
1088 2434 1146 2473 se
1201 2422 1576 2486 habentibus,
1633 2424 2046 2494 interrogaverit

480 2509 775 2578 quispiam,
813 2525 881 2563 an
914 2510 1002 2563 bic
1033 2525 1209 2564 canon
1260 2511 1466 2579 aliquid
1519 2517 1821 2569 constituat
1852 2526 2045 2584 praeter

479 2617 743 2657 canonem
764 2602 1123 2670 apostolicum
1146 2603 1169 2656 ?
1194 2602 1420 2657 Salutio.
1457 2607 1806 2674 Apostolicus
1825 2610 2042 2678 quidem

479 2707 657 2747 canon
690 2693 756 2746 de
794 2693 863 2746 iis
912 2694 1112 2756 solum,
1161 2695 1257 2764 qui
1298 2697 1609 2751 communia
1661 2698 1903 2763 faciunt.
1936 2718 2043 2756 non

477 2784 645 2835 etiam
667 2785 734 2838 de
758 2784 845 2850 iis,
872 2788 963 2854 qui
993 2796 1050 2839 ut
1079 2787 1298 2856 propria
1327 2790 1431 2844 sibi
1457 2789 1755 2857 vindicant,
1776 2794 2041 2851 decernit.

482 2872 727 2928 Praesens
763 2886 943 2930 autem
978 2891 1153 2931 canon
1189 2880 1255 2933 de
1284 2879 1373 2943 iis,
1398 2883 1489 2951 qui
1515 2898 1577 2937 ea
1607 2885 1710 2939 sibi
1740 2886 2041 2956 vindicant,

479 2967 562 3020 vel
602 2967 873 3035 polluunt,
924 2969 1008 3022 vel
1054 2970 1120 3024 ad
1179 2974 1458 3041 proprium
1498 2992 1657 3031 usum
1693 2991 2042 3036 convertunt.

480 3056 545 3110 Et
599 3058 1015 3127 prOptereaille
1048 3061 1268 3130 quidem
1324 3079 1418 3133 per
1458 3068 1890 3139 scgregationem
1924 3081 2045 3126 tan-

2144 1956 2237 2009 τοῦ
2262 1957 2418 2025 ἁγίου
2452 1956 2867 2025 θυσιαστηρίου.
2902 1956 3039 2019 Τοὺς
3074 1957 3258 2027 μέντοι
3279 1960 3740 2023 κοινοποιοῦντας

2144 2050 2231 2103 διά
2289 2051 2535 2119 χρήσεως
2593 2051 2847 2119 ἀνιέρου,
2920 2051 2951 2119 ἢ
3014 2051 3221 2120 ἑτέροις
3268 2051 3508 2114 διδόντας
3558 2054 3741 2123 χάριν

2143 2143 2333 2212 ὁμοίας
2366 2143 2635 2212 χρήσεως,
2663 2142 2731 2194 τὰ
2775 2142 2933 2204 ἐκτὸς
2963 2143 3055 2195 τοῦ
3105 2142 3348 2212 βήματος
3394 2144 3515 2212 ἱερὰ
3549 2146 3741 2215 σκεύη

2146 2236 2239 2288 καὶ
2269 2233 2491 2294 ἔπιπλα,
2520 2234 2811 2302 διορίζεται
2857 2228 2992 2284 εἶναι
3022 2233 3435 2303 ἀφωρισμένως
3457 2247 3473 2263 ⁸
3509 2235 3639 2296 τοὺς
3672 2236 3738 2287 δὲ

2144 2327 2572 2397 ἀφαρπάζοντας
2617 2326 2776 2391 αὐτὰ,
2804 2324 2879 2388 ὡς
2912 2324 3220 2393 ἱεροσύλους
3269 2326 3735 2393 κατακρίνεσθαι.

2146 2418 2362 2472 Τούτων
2389 2418 2560 2480 οὕτως
2585 2418 2835 2486 ἐχόντων,
2869 2416 3121 2487 ἠρώτησέ
3154 2434 3259 2483 τις,
3306 2413 3454 2485 τΑρα
3477 2417 3645 2470 πλέον
3674 2434 3737 2470 τι

2146 2513 2296 2581 παρᾶ
2332 2512 2419 2563 τὸν
2467 2510 2820 2563 ἀποστολικὸν
2872 2510 3072 2567 κανόνα
3123 2508 3418 2578 διορίζεται
3461 2512 3491 2562 ὁ
3539 2510 3739 2565 κανὼν

2147 2598 2300 2668 οὗτος
2325 2621 2340 2669 ;
2369 2605 2581 2669 Λύσις.
2628 2604 2687 2656 'O
2720 2604 2818 2672 μὲν
2846 2602 3202 2666 ἀποστολικὸς
3245 2601 3426 2655 κανὼν
3460 2603 3594 2671 περὶ
3618 2603 3737 2655 τῶν

2145 2697 2597 2751 κοινοποιούντων
2644 2695 2829 2765 μόνον,
2868 2696 2942 2767 μὴ
2971 2695 3156 2764 μέντοι
3188 2695 3283 2748 καὶ
3308 2695 3630 2767 ίδιουμένων
3660 2699 3735 2748 τὰ

2147 2789 2289 2859 ἱερὰ,
2320 2788 2586 2852 θεσπίζει·
2610 2789 2637 2840 6
2658 2787 2713 2839 δὲ
2742 2785 2932 2857 παρὼν
2960 2787 3087 2855 περὶ
3107 2786 3218 2839 τῶν
3249 2787 3733 2856 σφετεριζομένων

2145 2880 2178 2950 ἦ
2227 2880 2704 2950 καταχραινόντων
2733 2879 2766 2949 ἦ
2810 2879 3261 2948 μεταμειόόντων
3291 2879 3434 2932 αύτά
3463 2881 3544 2941 είς
3576 2880 3726 2932 ἰδιω-

2144 2973 2303 3043 τικὴν
2334 2975 2551 3043 χρῆσιν.
2592 2972 2701 3025 Καὶ
2726 2971 2816 3049 διὰ
2843 2971 3002 3025 τοῦτο
3049 2972 3255 3034 ἐκεῖνος
3301 2970 3400 3040 μὲν
3432 2970 3500 3023 δι’
3530 2972 3736 3038 ἀφορι-

2148 3064 2285 3135 σμοῦ
2322 3066 2485 3135 μόνου
2533 3064 2747 3129 κολάζει
2785 3066 2875 3117 τδν
2910 3063 3287 3132 ἡμαρτηκότα,
3346 3055 3502 3124 οὗτος
3546 3060 3607 3114 δὲ
3639 3062 3735 3115 διὰ

480 3161 595 3202 tum
631 3149 789 3217 punit
815 3166 939 3205 eum
977 3154 1068 3221 qui
1104 3157 1392 3223 peccavit:
1427 3158 1516 3212 hic
1547 3176 1673 3215 vero
1702 3179 1797 3232 per
1828 3165 2045 3234 deposi-

2151 3158 2549 3228 καθαιρέσεως,
2598 3156 2759 3209 πλέον
2798 3154 3008 3207 ἐκείνου
3044 3155 3308 3208 λιπαίνων
3335 3153 3437 3224 τὴν
3474 3154 3733 3208 κόλασιν.

481 3243 706 3306 tionem,
739 3248 961 3314 gravius
993 3247 1088 3300 illo
1110 3250 1447 3327 supplicium
1486 3252 1737 3311 afferens.
1778 3256 2044 3323 uoniam

478 3351 608 3405 ergo
656 3345 811 3392 sunt.
838 3351 1058 3408 peccata
1116 3341 1446 3408 diﬂ‘erentia,
1474 3347 1683 3401 habent
1709 3366 1927 3421 quoque
1959 3353 2046 3407 di-

472 3438 695 3479 versam
732 3443 973 3497 pinnam.
1018 3431 1110 3485 [lle
1158 3434 1327 3499 enim,
1386 3436 1562 3505 inquit
1617 3455 1817 3506 canon,
1869 3444 2042 3499 solum

478 3527 729 3573 sanctum
768 3520 1108 3588 profanavit.
1146 3540 1253 3578 non
1290 3535 1473 3583 autem
1500 3538 1555 3584 et
1583 3532 1994 3591 transforniavit
2028 3556 2043 3593 :

483 3610 569 3663 bic
604 3627 732 3665 vero
778 3612 956 3681 ipsum
990 3616 1291 3673 sulfuratus
1337 3621 1540 3690 pariter
1570 3640 1635 3678 ac
1683 3642 1817 3682 usus
1849 3640 1953 3693 est,
1992 3642 2046 3686 et

484 3703 605 3758 ideo
629 3705 957 3774 depositioni
991 3711 1340 3779 subjicietur.
1372 3712 1639 3772 Praeterea
1671 3718 2043 3790 interrogave.

481 3793 554 3845 rit
608 3795 916 3865 quispiam,
956 3816 1117 3867 quam
1151 3802 1220 3856 ob
1251 3818 1471 3859 causam
1505 3807 1651 3862 circa
1686 3812 1846 3866 linem
1880 3815 2044 3872 verba

482 3886 692 3942 faciens
721 3905 898 3945 canon
932 3894 997 3946 de
1025 3896 1199 3950 sacris
1230 3907 1383 3950 extra
1415 3898 1606 3961 altare,
1646 3919 1765 3968 eos,
1815 3906 1907 3974 qui
1954 3908 2043 3961 illa

479 3976 696 4043 quidem
752 3981 1064 4036 communia
1127 3984 1365 4049 faciunt,
1398 3999 1676 4058 _segreget
1706 4007 1720 4043 :
1751 4008 1848 4047 eos
1889 4010 2042 4062 vero,

480 4069 573 4135 qui
605 4071 842 4140 rapiunt,
875 4084 929 4127 ut
964 4077 1260 4144 sacrilegos
1284 4079 1647 4144 condemnet;
1672 4098 1796 4138 cum
1821 4088 2045 4143 deberet

406 4232 413 4233 γ
482 4160 664 4214 dicere
693 4177 789 4218 eos
820 4180 1039 4233 quoque
1074 4169 1308 4235 deponi?
1359 4168 1583 4228 Salutio.
1626 4174 1773 4230 Idem
1821 4187 1907 4231 est
1951 4180 2045 4234 de-

482 4254 606 4318 poni
638 4271 761 4308 eum
798 4258 889 4325 qui
923 4258 1094 4323 rapit,
1126 4266 1181 4312 et
1212 4262 1563 4319 condemnari
1606 4278 1663 4322 ut
1696 4269 2040 4339 sacrilegum.

480 4343 791 4414 Sacrilegus
822 4349 965 4401 enim
1008 4348 1227 4405 infamis
1252 4352 1480 4409 edicitur
1511 4375 1524 4410 :
1556 4356 1835 4413 infamiam
1865 4372 2040 4416 autem

480 4441 840 4527 consequitur
870 4443 1033 4494 etiam
1062 4443 1520 4518 depositin.Lege
1546 4459 1598 4505 et
1630 4467 1752 4520 cap.
1782 4454 1815 4508 2
1839 4455 1979 4527 tituli
2010 4456 2045 4508 2

2149 3251 2271 3305 Ὅτι
2313 3251 2495 3303 τοίνυν
2541 3249 2648 3301 elei
2693 3248 2761 3300 τὰ
2813 3248 3185 3317 ἁμαρτήματα
3235 3246 3489 3315 διάφορα.
3542 3245 3737 3314 ἔχουσι

2147 3342 2242 3395 καὶ
2274 3342 2372 3411 τὴν
2419 3339 2643 3393 κόλασιν
2689 3338 2965 3409 διάφορον.
3018 3339 3255 3401 Ἐκεῖνος
3303 3337 3437 3407 γὰρ,
3484 3337 3657 3406 φησὶν
3704 3339 3736 3390 6

2146 3433 2348 3497 κανὼν,
2382 3431 2689 3502 ἐϐεὸήλωσε
2723 3432 2882 3500 μόνον
2918 3432 2977 3484 τὸ
3006 3431 3181 3498 ἀγιον,
3212 3430 3273 3482 ού
3307 3429 3417 3499 μὴν
3447 3430 3543 3482 κα)⁵
3568 3446 3739 3498 μετε-
3774 3434 3781 3437 ’

2147 3527 2408 3597 ποίησεν·
2452 3520 2605 3587 οὗτος
2655 3523 2711 3577 δὲ
2742 3523 2969 3592 ἔκλεψεν
3002 3523 3099 3576 καὶ
3131 3519 3434 3592 ὴχρείωσεν
3461 3521 3613 3583 αὐτὸ,
3648 3521 3735 3574 διὸ

2147 3621 2241 3673 καὶ
2304 3617 2626 3687 καθαιρέσει
2688 3615 3257 3685 καθυποϐληθήσεται.
3296 3614 3419 3667 Ἔτι
3466 3613 3734 3684 ἠρώτησέ

2144 3729 2259 3779 τις,
2294 3711 2396 3765 ’Διά
2430 3710 2484 3763 τί
2518 3711 2646 3781 περὶ
2684 3711 2744 3762 τὸ
2779 3709 2932 3771 τέλος
2980 3708 3070 3761 τὸν
3113 3707 3271 3775 λόγον
3327 3705 3658 3791 ποιούμενος
3702 3710 3733 3760 6

2146 3803 2325 3859 κανὼν
2358 3804 2518 3873 χάριν
2563 3802 2672 3855 τῶν
2716 3801 2920 3868 ἔξωθεν
2946 3799 3039 3852 τοῦ
3081 3798 3325 3869 βήματος
3368 3797 3553 3867 ἱερῶν,
3595 3797 3732 3861 τοὺς

2148 3897 2247 3965 μὲν
2278 3893 2716 3955 κοινοποιοῦντας
2757 3893 2895 3946 αύτά
2940 3890 3213 3962 ἀφορίζει,
3265 3890 3391 3952 τοὺς
3432 3889 3490 3941 δὲ
3539 3891 3733 3959 ἀφαρι

2147 3988 2420 4053 πάζοντας
2461 3988 2538 4049 ὡς
2574 3987 2885 4057 ἱεροσύλους
2911 3986 3264 4054 κατακρίνεις
3290 3981 3521 4051 ὤφειλεν
3544 3984 3732 4033 εἰπεῖν

2145 4082 2242 4135 καὶ
2282 4079 2506 4143 τούτους
2551 4078 2957 4148 καθαιρεῖσθαι.
2987 4077 3201 4143 Λύσις.
3252 4076 3463 4129 Ταυτόν
3495 4077 3614 4128 ὲστι
3664 4075 3732 4126 τὸ

2147 4170 2530 4242 καθαιρεῖσθαι
2553 4170 2645 4222 τὸν
2675 4169 3009 4242 ἁρπάζοντα,
3046 4169 3140 4224 καὶ
3171 4168 3233 4222 τὸ
3262 4167 3731 4231 καταδικάζεσθαι

2112 4263 2219 4327 νὼς
2269 4261 2563 4332 ἱερόσυλον.
2600 4261 2721 4314 Ὅτι
2754 4262 2847 4314 καὶ
2884 4260 2912 4311 6
2942 4258 3227 4327 ίερόσυλος
3275 4256 3597 4328 ἁτιμοῦται,
3652 4260 3727 4326 τῇ

2145 4356 2201 4409 δὲ
2231 4356 2424 4425 ἀτιμίᾳ
2452 4355 2773 4409 ἕπεταικαὶ
2823 4353 3164 4426 καθαίρεσις.
3215 4351 3512 4419 ’Δνάγνωθι
3567 4351 3631 4403 τὸ
3678 4345 3731 4420 β’

2149 4448 2443 4515 κεφάλαιον
2486 4445 2583 4497 τοῦ
2629 4445 2884 4515 δευτέρου
2916 4444 3095 4498 τίτλου
3129 4442 3222 4495 τοῦ
3274 4442 3541 4511 παρόντος
3587 4458 3728 4493 συν-

482 4526 763 4593 praesentis
795 4533 1006 4595 operis,
1043 4535 1184 4600 quod
1215 4575 1229 4598 ,
1282 4554 1402 4605 qum
1447 4540 1512 4591 ad
1544 4556 1701 4595 sacra
1734 4558 1862 4597 vasa
1895 4520 1948 4598 et
1980 4562 2041 4600 ea

2147 4544 2448 4608 τάγματος,
2479 4538 2505 4589 ὃ
2537 4539 2665 4617 περὶ
2697 4536 2857 4608 ἱερῶν
2889 4534 3099 4588 σκευῶν
3129 4535 3222 4587 καὶ
3257 4532 3615 4602 ἁναθεμάτων
3642 4531 3734 4582 δι-

476 4632 603 4684 quae
628 4629 755 4672 sunt
783 4622 1031 4674 dedicata
1071 4628 1367 4690 pertinent.
1405 4629 1580 4685 fusius
1616 4632 1776 4687 docet
1807 4652 1820 4687 :
1849 4650 2042 4705 eaque,

474 4725 603 4775 qua:
668 4710 718 4762 in
776 4713 951 4779 ipsum
984 4718 1197 4772 anobis
1252 4722 1453 4789 scripta
1500 4731 1647 4776 sunt.
1703 4722 1840 4795 Lege
1866 4740 2043 4781 autem

484 4803 754 4872 praecipue
781 4821 899 4875 cap.
934 4810 990 4862 21
1047 4813 1129 4866 tit.
1185 4814 1219 4865 2
1255 4814 1348 4865 lib.
1380 4831 1409 4866 v
1442 4814 1604 4870 Basil.
1636 4818 1795 4887 cujus
1825 4823 2043 4890 quidem

482 4894 563 4948 vis
598 4903 650 4947 rt
679 4896 907 4951 effectus
959 4896 1096 4957 situs
1128 4912 1211 4957 est
1255 4918 1284 4957 a
1318 4904 1511 4959 Pbotio
1560 4907 1614 4962 in
1649 4912 1887 4966 secundo
1923 4930 2041 4983 cap.

483 4985 563 5036 tit.
597 4985 631 5038 Ε).
660 4993 943 5056 praesentis
969 4996 1172 5062 operis.

553 5079 803 5135 ΖΟΝΑΒ.
843 5083 1171 5140 Sanctorum
1215 5088 1583 5156 apostolorum
1638 5109 1812 5151 canon
1857 5100 1925 5153 75
1965 5102 2045 5155 sic

478 5172 685 5228 habet:
726 5173 850 5240 Vas,
895 5178 1091 5246 inquit,
1124 5186 1349 5233 aureum
1406 5183 1487 5236 vel
1538 5197 1893 5255 argenteum,
1953 5200 2048 5246 ant

482 5268 657 5318 velum
696 5271 1095 5323 sanctiﬁcatum
1122 5311 1139 5335 ,
1181 5285 1338 5325 nemo
1374 5275 1611 5341 amplius
1664 5278 1718 5333 in
1747 5294 1880 5335 suos
1911 5298 2045 5338 usus

478 5369 799 5422 convertat;
846 5369 932 5413 est
957 5360 1104 5413 enim
1158 5371 1355 5430 praeter
1388 5366 1574 5434 leges:
1605 5369 1649 5423 si
1692 5371 1818 5435 quis
1859 5381 2044 5427 autem

481 5450 860 5517 deprehensus
906 5450 1089 5517 fixerit,
1150 5444 1547 5524 segregatione.
1581 5463 1865 5519 multetur.
1917 5463 2044 5518 «Hoc

482 5555 614 5605 ergo
645 5557 858 5595 canone
889 5544 1108 5611 quidam
1144 5546 1454 5613 abutentes,
1509 5552 1603 5619 qui
1648 5562 1854 5616 sancta.
1894 5571 2044 5624 quae-

480 5649 699 5701 cunque
761 5633 979 5688 demum
1044 5636 1133 5691 illa
1189 5651 1392 5703 essent,
1445 5644 1510 5696 ad
1561 5645 1829 5715 privatum
1883 5663 2042 5702 suum

490 5740 650 5779 usum
704 5728 1232 5793 accommodassent,
1264 5734 1634 5801 segregatione
1659 5744 1894 5799 tantum,
1924 5754 2042 5792 .non

488 5814 821 5885 depositione
852 5821 1214 5887 puniendum,
1269 5828 1497 5880 canonis
1520 5828 1847 5883 sententiam
1877 5845 2039 5899 prave

2147 4632 2334 4685 δάσκει
2386 4629 2744 4698 πλατύτερον,
2806 4629 2901 4680 καὶ
2937 4629 3005 4679 τὰ
3057 4627 3113 4678 ὲν
3174 4624 3322 4695 αὐτῷ
3373 4622 3503 4693 παρ’
3558 4623 3730 4691 ἡμῶν

2147 4720 2450 4788 γραφέντα.
2496 4718 2823 4785 Ἐξαιρέτως
2845 4718 2899 4768 δὲ
2929 4714 3202 4784 ἀνάγνωθι
3227 4714 3289 4767 τὸ
3312 4720 3393 4766 κα’
3423 4712 3729 4780 κεφάλαιον

2146 4813 2240 4865 τοῦ
2278 4814 2326 4882 β’
2377 4812 2552 4864 τίτλου
2607 4810 2698 4862 τοῦ
2726 4817 2768 4862 ε’
2818 4809 3024 4879 βιῦλίου
3059 4808 3167 4861 τῶν
3211 4806 3538 4869 Βασιλικῶν,
3575 4798 3638 4858 οὗ
3687 4809 3728 4877 ἠ

2144 4905 2376 4973 δύναμις
2428 4902 2782 4972 κατεστρώθη
2838 4904 2989 4971 παρὰ
3039 4901 3243 4953 Φωτίου
3296 4903 3354 4952 ὲν
3387 4896 3464 4969 τῷ
3502 4897 3547 4968 β’
3590 4914 3725 4965 κεφ.

2146 4997 2238 5051 τοῦ
2274 4998 2317 5067 β’
2346 4997 2528 5049 τίτλου
2559 4994 2652 5048 τοῦ
2685 4994 2952 5063 παρόντος
2987 4994 3390 5062 συντάγματος.

2217 5084 2459 5141 ΖΩΝΑΡ.
2520 5084 2578 5136 '0
2623 5083 3019 5153 ὲϐδομηκοστὸς
3039 5084 3220 5152 τρίτος
3245 5084 3354 5136 τῶν
3375 5082 3546 5151 ἁγίων
3574 5083 3725 5136 ἁπο-

2149 5179 2350 5232 στόλων
2398 5177 2577 5231 κανών
2634 5192 2801 5248 φησιο
2845 5176 3043 5238 Σκεῦος
3088 5175 3388 5247 χρυσοῦνῆ
3438 5175 3725 5245 ἀργυροῦν

2145 5268 2407 5337 ἁγιασθὲν
2446 5268 2479 5338 ἢ
2529 5268 2721 5336 ὀθόνην
2781 5266 2970 5337 μηδεὶς
3016 5267 3096 5320 ἔτι
3130 5269 3212 5331 εἰς
3259 5269 3470 5322 οίκείαν
3519 5272 3726 5339 χρῆσιν

2148 5360 2572 5432 σφετεριῖέσθω⁹
2609 5359 2925 5431 παράνομον
2954 5360 3061 5429 γάρ
3082 5376 3097 5391 ⁹
3129 5361 3177 5412 εί
3208 5354 3265 5412 δέ
3289 5378 3373 5424 τις
3406 5361 3717 5433 φωραθείη,

2146 5452 2493 5523 ἐπιτιμᾶσθω
2548 5451 2862 5523 ἀφορισμῷ.
2909 5451 3095 5521 Τούτῳ
3128 5451 3221 5505 οὖν
3270 5452 3348 5522 τῷ
3390 5454 3574 5507 κανόνι
3625 5472 3720 5506 κε-

2148 5545 2414 5617 χρημένοι
2459 5544 2605 5607 τινὲς
2659 5544 2845 5612 ἔλεγον
2874 5546 2954 5598 ὅτι
3000 5544 3089 5599 τὸν
3130 5545 3199 5598 τὰ
3243 5542 3398 5612 ἅγια,
3452 5547 3616 5599 ὁποῖα
3650 5547 3718 5597 ἂν

2142 5637 2279 5702 εἶεν,
2317 5639 2395 5699 εἰς
2442 5639 2647 5691 οἰκείαν
2683 5637 3228 5706 μετασχηματίζοντα
3271 5640 3460 5721 χρείαν
3518 5640 3718 5707 ἀφορί-

2146 5734 2358 5799 ζεσθαι,
2400 5737 2517 5789 ἀλλ’
2561 5739 2622 5789 ού
2662 5737 3041 5805 καθαιρεῖσθαι
3081 5740 3277 5808 χρεὼν,
3329 5739 3720 5807 στρεϐλοῦντες

2149 5828 2243 5881 καὶ
2272 5830 2683 5896 διαστρέφοντες
2731 5831 2826 5895 τὴν
2856 5832 3045 5885 τούτου
3094 5827 3347 5889 διάνοιαν.
3394 5833 3535 5894 Τοὺς
3587 5834 3724 5899 γοῦν
