4056 6394
360 269 485 336 1031

1566 276 1650 333 IN
1688 273 1855 333 CAN.
1889 271 2037 329 XIII
2086 268 2295 329 CONC.
2337 268 2444 327 CP.

3458 218 3591 328 106;?

428 386 627 442 ΒΔΛΣ.
657 387 772 441 Καὶ
828 391 856 440 ὁ
916 388 1105 457 παρὼν
1153 387 1356 451 κανὼν,
1409 386 1921 457 παρακελευόμενος

2094 382 2795 463 BALS.Prazsens\qnoque
2825 394 3025 449 canon,
3065 378 3156 448 qui
3187 377 3345 448 jubet
3372 377 3591 446 deponi.

356 478 740 547 καθαιρεῖσθαι
765 478 891 541 τοὺς
920 478 1374 548 λειτουργοῦντας
1403 479 1434 549 ἢ
1468 478 1824 549 βαπτίζοντας
1840 480 1920 539 είς

356 570 620 640 εὖκτήρια
650 570 801 639 παρά
827 568 1054 639 γνώμην
1082 570 1177 623 τοῦ
1210 572 1537 635 ἐπισκόπου,
1594 570 1918 641 ἡρμηνεύθη

358 660 415 710 ὲν
447 659 527 728 τῷ
540 660 619 712 λα’
651 659 834 712 κανόνι
861 658 959 727 τῆς
993 662 1052 713 ὲν
1076 661 1152 730 τῷ
1179 662 1434 731 Τρούλλῳ
1466 660 1706 724 συνόδου,
1733 661 1825 712 καὶ
1863 660 1920 711 ἐν

357 749 433 817 τῷ
463 749 810 819 ἀποστολικῷ
864 748 947 802 λα’
997 751 1216 803 κανόνιο
1258 754 1352 804 καὶ
1420 750 1694 818 ἀνάγνωθι
1746 749 1815 802 τὰ
1863 751 1922 802 ἐν

359 840 587 901 ἐκείνοις
622 838 920 908 γραφέντα.
1232 878 1235 881 -
1273 873 1305 895 κ

427 930 668 984 ΖΩΝΑΡ.
715 932 772 997 Ὀ
796 934 892 998 τῆς
922 932 1090 999 ἕκτης
1109 932 1330 984 συνόδου
1353 936 1677 1002 τριακοστὸς
1706 931 1921 1001 πρῶτος

360 1021 561 1081 κανὼν,
602 1015 663 1073 οῦ
701 1022 977 1090 μέμνηται
1034 1024 1062 1074 ό
1119 1022 1298 1074 κανὼν
1351 1018 1525 1084 οὗτος.
1580 1023 1923 1092 ἡρμήνευται

358 1113 494 1175 ἐκεῖ,
525 1106 569 1179 ᾧ
595 1111 877 1181 σύμψηφοι
908 1113 1168 1179 γεγόνασι
1214 1112 1309 1166 καὶ
1337 1112 1386 1163 οἱ
1418 1111 1604 1165 τοῦτον
1639 1112 1921 1180 ἐκθέμενοι

356 1203 447 1252 τὸν
500 1203 718 1265 κανόνα,
779 1202 1063 1271 ὁρίσαντες
1132 1202 1701 1271 ἀποκεκληρωμὲνους
1760 1196 1920 1269 εἶναι,
1990 1205 2001 1214 “

356 1293 526 1362 ήγουν
587 1292 928 1365 ὡρισμένους
985 1296 1080 1347 καὶ
1115 1295 1644 1363 ὲπιτετραμμένους,
1690 1295 1925 1363 ἐκκεχω-

359 1385 655 1454 ρημένους⁹
680 1386 806 1448 τοὺς
841 1387 899 1440 ὲν
932 1386 1246 1457 εὐκτηρίοις
1286 1387 1436 1449 ἐντὸς
1465 1386 1632 1439 οῐκων
1655 1385 1776 1439 οὖσι
1808 1385 1921 1438 λει-

356 1480 610 1546 τουργεῖν
668 1478 959 1545 μέλλοντας
1009 1478 1110 1547 τῆς
1166 1478 1623 1549 ἀποκληρώσεωξ,
1678 1481 1921 1531 τουτέστι

359 1572 455 1639 τῆς
486 1572 872 1641 ἐκχωρήσεως,
909 1573 1059 1639 παρὰ
1084 1570 1177 1623 τοῦ
1221 1572 1365 1624 κατὰ
1395 1572 1578 1641 χώραν
1613 1573 1921 1624 ἐπισκόπου

356 1664 674 1732 γινομένης.
707 1664 769 1714 Εἰ
818 1664 864 1716 δ’
911 1664 1089 1733 ἕτεροί
1129 1681 1273 1725 τινες
1323 1665 1475 1734 παρὰ
1518 1664 1644 1726 τοὺς
1676 1666 1925 1732 ἐκχωρη-

359 1756 554 1819 θέντας
580 1757 912 1826 τολμήσουσι
931 1756 1317 1828 λειτουργῆσαι
1344 1760 1400 1809 ὲν
1420 1758 1752 1833 εὐκτηρίοις,
1772 1757 1921 1810 οὖσιν

357 1849 507 1909 ἐντὸς
539 1848 747 1911 οἰκιῶν,
778 1848 906 1902 ἄνευ
942 1846 1167 1918 γνώμης
1196 1848 1293 1901 τοῦ
1325 1849 1653 1913 ἐπισκόπου,
1678 1846 1921 1911 ἐκείνους

360 1939 460 2008 μὲν
492 1939 898 2009 καθαιρεῖσθαι,
921 1942 1049 2004 τοὺς
1085 1942 1145 1995 δὲ
1172 1946 1718 2015 συγκοινωνήσαντας
1738 1943 1923 2006 αὐτοῖς

359 2033 739 2101 ἀφορίζεσθαι.

360 2148 580 2202 ΑΡΙΣΤ.
621 2168 638 2199 ι
680 2149 885 2220 Μηδεὶς
925 2152 982 2202 ὲν
1030 2150 1162 2220 ναῷ,
1199 2150 1345 2202 ἔνδον
1379 2150 1556 2212 οἰκίας
1584 2154 1924 2220 τυγχάνοντι,

436 2260 456 2288 ι
492 2242 875 2311 λειτουργείτω
905 2243 937 2314 ἢ
977 2243 1287 2312 βαπτιζέτω
1322 2244 1582 2313 κληρικὸς
1615 2243 1769 2314 παρὰ
1784 2244 1926 2311 γνώ-

437 2352 455 2384 ι
498 2351 605 2403 μην
627 2334 721 2386 τοῦ
754 2335 1077 2403 ὲπισκόπομ·
1119 2335 1465 2405 καθαιρεῖται
1520 2335 1649 2405 γάρ.
1693 2336 1926 2387 Ἀποκε-

441 2443 460 2476 ι
499 2427 849 2497 κληρωμένοι
880 2422 974 2481 οὖν
1026 2426 1178 2497 παρὰ
1209 2426 1301 2479 τοῦ
1352 2428 1654 2481 ἐπισκόπου
1685 2427 1929 2481 ἔστωσαν

441 2537 459 2568 ι
502 2520 553 2570 οί
598 2520 656 2571 ὲν
685 2521 997 2589 εὑκτηρίοις
1022 2518 1170 2572 ἔνδον
1200 2521 1365 2572 οἴκων
1401 2519 1520 2572 οὖσι
1548 2519 1932 2591 λειτουργοῦν-

442 2629 462 2661 (
502 2627 612 2673 τες.
648 2614 712 2665 Οἱ
739 2613 795 2664 δὲ
845 2610 995 2684 παρὰ
1017 2612 1172 2664 τοῦτο
1201 2612 1508 2681 τολμῶντες
1536 2612 1931 2680 καθαιρείσθω-

440 2721 460 2753 ι
505 2719 627 2756 σανο
657 2713 751 2757 καὶ
773 2706 820 2757 οἱ
859 2704 1244 2768 κοινωνοῦντες
1276 2704 1743 2774 ἁφοριζέσθωσαν.
1800 2724 1818 2756 ι

960 2840 1201 2891 ΚΔΝΩΝ
1238 2839 1333 2895 II".
1428 2830 1451 2847 δ

376 2968 396 3003 ι
442 2952 550 3013 Τὰς
581 2953 690 3004 τῶν
721 2954 1016 3023 αίρετικῶν
1038 2954 1294 3017 ζιζανίων
1315 2955 1621 3022 ὲπισπορὰς
1648 2957 1704 3007 ὲν
1743 2959 1811 3026 τῇ
1836 2954 1931 3008 τοῦ

443 3061 463 3095 ι
500 3045 735 3115 Χριστοῦ
785 3034 1088 3116 Ἐκκλησία
1125 3049 1154 3099 ό
1192 3046 1550 3117 παμπόνηρος
1584 3046 1935 3112 καταϐαλὼν,

444 3158 463 3191 ι
504 3140 597 3193 καὶ
627 3139 831 3201 ταύτας
886 3140 1029 3209 ὁρῶν
1060 3141 1123 3208 τῇ
1184 3139 1429 3209 μαχαίρᾳ
1486 3138 1580 3190 τοῦ
1620 3139 1936 3208 Πνεύματος

453 3251 471 3283 ι
509 3231 851 3301 τεμνομένας
878 3229 1229 3301 προρρίζους,
1263 3232 1345 3298 ἐφ’
1376 3232 1572 3302 ἑτέραν
1595 3228 1728 3302 ἦλθε
1776 3231 1937 3301 μεθο-

442 3345 461 3379 ι
500 3326 649 3387 δείας
688 3324 805 3376 όδὸν
855 3326 919 3393 τῇ
964 3324 1076 3376 τῶν
1117 3323 1492 3392 σχισματικῶν
1531 3326 1700 3394 μανίᾳ
1739 3326 1801 3377 τὸ
1840 3324 1935 3377 τοῦ

443 3437 462 3468 ι
501 3416 741 3487 Χριστοῦ
777 3417 936 3484 σῶμα
994 3414 1242 3485 μερίζειν
1289 3416 1606 3485 ἐπιχειρῶν·
1671 3416 1806 3472 ἀλλὰ
1845 3418 1938 3469 καὶ

443 3529 462 3561 ι
502 3510 711 3577 ταύτην
764 3507 928 3560 αὐτοῦ
974 3507 1071 3577 τὴν
1121 3506 1482 3577 ὲπιϐουλὴνή
1540 3508 1667 3574 ἁγία
1723 3508 1938 3568 σύνοδος

446 3621 465 3654 ι
509 3600 935 3663 ὰναστέλλουσα,
964 3598 1243 3661 παντελῶς
1276 3597 1445 3670 ὥρισε
1475 3598 1570 3650 τοῦ
1607 3599 1800 3651 λοιποῦ
1828 3599 1935 3660 ἵνα,

444 3713 461 3745 ι
500 3694 656 3755 εἴτις
713 3690 1140 3760 πρεσϐύτεροςῆ
1196 3689 1462 3751 διάκονος,
1510 3689 1585 3749 ὡς
1638 3688 1795 3756 δῆθεν
1852 3688 1938 3740 ἐπ’

448 3804 465 3834 ι
510 3783 824 3853 ἐγκλήμασί
874 3798 981 3833 τισι
1035 3780 1129 3832 τοῦ
1169 3779 1785 3847 οἰκείουκατεγνωκὼς
1821 3783 1939 3832 ἐπι-

449 3899 467 3930 ι
511 3880 741 3941 σκόπου,
779 3876 885 3947 πρὸ
921 3874 1203 3942 συνοδικῆς
1229 3871 1598 3941 διαγνώσεως.
1632 3874 1725 3926 καὶ
1758 3872 1940 3937 ἐξετά-

449 3989 468 4022 ι
512 3956 673 4034 σεως,
700 3968 794 4023 καὶ
808 3969 905 4037 τῆς
935 3966 1021 4021 ἐπ’
1040 3966 1188 4036 αὐτῷ
1206 3966 1415 4029 τελείας
1434 3964 1809 4045 κατακρίσεως
1828 3964 1938 4034 (55)
2032 3956 2033 3959 I

448 4082 465 4114 ι
506 4061 811 4130 ἀποστῆναι
855 4059 1115 4129 τολμήσοι
1166 4057 1264 4127 τῆς
1298 4058 1460 4110 αὐτοῦ
1509 4056 1814 4118 κοινωνίας,
1848 4056 1942 4109 καὶ

451 4173 468 4204 ι
505 4154 568 4207 τὸ
601 4153 772 4223 ὄνομα
800 4152 965 4205 αὑτοῦ
994 4153 1057 4215 ὲν
1085 4154 1203 4213 ταῖς
1238 4151 1411 4219 ἱεραῖς
1444 4149 1555 4219 (56)
1581 4150 1689 4201 τῶν
1708 4150 1945 4219 λειτουρ-

449 4264 469 4297 ι
515 4244 650 4313 γιῶν
681 4245 871 4313 εὐχαῖς
904 4245 1043 4295 κατὰ
1059 4243 1121 4294 τὸ
1153 4240 1589 4310 παραδεδομένον
1610 4244 1673 4310 τῇ
1718 4241 1943 4310 Ἐκκλη-

449 4357 468 4386 ι
512 4336 605 4408 σία
637 4336 712 4406 μὴ
734 4334 1228 4405 ἀναφέροι,’τοῦτον
1258 4332 1578 4385 ὑποκεῖσθαι
1598 4332 1940 4401 καθαιρέσει,

451 4452 469 4483 ι
510 4435 604 4487 καὶ⁹
643 4432 823 4501 πάσης
863 4431 1143 4502 ἱερατικῆς
1189 4427 1613 4498 ἀποστερεῖσθαι
1644 4426 1835 4495 τιμῆς.
1880 4426 1940 4479 ὐ

452 4547 472 4580 ι
512 4527 620 4597 γὰρ
646 4529 703 4579 ἐν
747 4525 1121 4595 πρεσϐυτέρου
1147 4522 1300 4589 τάξει
1332 4522 1690 4591 τεταγμένος,
1714 4522 1807 4574 καὶ
1830 4521 1940 4573 τῶν

451 4636 471 4669 ι
515 4616 927 4689 μητροπολιτῶν
977 4616 1241 4686 ἁρπάζων
1276 4615 1394 4683 ’τὴν
1454 4614 1656 4682 κρίσιν.
1716 4615 1810 4665 καὶ
1840 4612 1945 4684 πρὸ

456 4732 475 4761 ι
517 4712 754 4782 κρίσεως
786 4709 950 4771 αὐτὸς
1003 4709 1371 4781 κατακρίνων,
1411 4708 1533 4761 ὅσον
1570 4708 1631 4759 τὸ
1684 4706 1771 4759 ἐπ’
1798 4706 1946 4776 αὑτῷ

454 4821 474 4853 ι
521 4803 614 4855 τὸν
647 4803 847 4855 οἰκεῖον
896 4800 1110 4870 πατέρα
1144 4801 1239 4853 καὶ
1284 4799 1603 4861 ἐπίσκοπον,
1635 4791 1787 4860 οὗτος
1826 4798 1947 4850 οὐδὲ

457 4913 476 4946 ι
521 4899 618 4965 τῆς
647 4894 740 4946 τοῦ
773 4892 1148 4962 πρεσϐυτέρου
1192 4893 1339 4944 ἐστὶν
1372 4892 1520 4956 ἄξιος
1559 4889 1729 4960 τιμῆς
1759 4891 1793 4959 ἢ
1827 4890 1948 4941 ὀνο-

459 5002 478 5034 (
519 4985 738 5053 μασίας.
768 4984 831 5036 Οί
860 4982 916 5035 δὲ
950 4980 1163 5044 τούτοις
1203 4982 1580 5050 συνεπόμενοι,
1610 4982 1657 5043 εἰ
1700 4979 1800 5048 μὲν
1838 4979 1948 5032 ⁴τῶν

461 5098 480 5131 ι
522 5078 839 5149 ἱερωμένων
887 5072 1000 5129 εἶέν
1030 5089 1196 5137 τινες,
1259 5073 1353 5126 καὶ
1396 5072 1553 5125 αὐτοὶ
1604 5069 1700 5142 τῆς
1744 5071 1949 5131 οἰκείας

2022 498 2117 536 eos
2148 480 2241 549 qui
2282 477 2565 533 celebrant
2598 474 2678 529 vel
2708 473 2983 542 baptizanl
3015 472 3067 525 in
3106 471 3362 527 oratoriis
3398 479 3592 539 praeter

2022 571 2261 641 episcopi
2301 570 2636 622 voluntatem
2661 605 2677 628 ,
2714 564 3001 631 expositus
3034 573 3115 615 est
3161 562 3212 614 in
3241 576 3365 613 can.
3397 561 3457 613 51
3504 575 3593 626 sy-

2022 663 2149 718 nodi
2184 666 2234 716 in
2267 662 2474 723 Trullo,
2506 669 2561 712 et
2595 660 2647 711 in
2683 671 2893 710 canone
2920 653 3223 724 apostoluCo
3247 654 3310 707 51
3345 670 3358 706 :
3397 662 3453 706 et
3480 654 3595 719 lege

2022 773 2143 826 quae
2171 757 2224 809 in
2267 756 2372 809 illis
2404 756 2606 821 scripta
2643 760 2787 805 sunt-

2093 935 2345 992 ZONAR.
2380 934 2743 988 Tricesimum
2782 932 3012 1000 primum
3047 938 3211 983 sexta!
3266 927 3457 997 synodi
3501 940 3596 977 ca-

2025 1048 2217 1103 nonem
2254 1029 2409 1098 cujus
2466 1029 2552 1080 Inc
2588 1041 2766 1079 canon
2810 1023 3077 1082 meminit,
3118 1022 3318 1075 ibidem
3359 1019 3597 1088 explica-

2026 1127 2223 1179 vimus.
2260 1125 2319 1177 In
2358 1123 2605 1176 eamdem
2638 1116 2964 1172 sententiam
3004 1115 3147 1168 hunc
3180 1128 3395 1183 quoque
3424 1126 3591 1164 cano—

2026 1234 2149 1272 nem
2181 1217 2369 1269 Patres
2408 1213 2652 1274 edidere,
2687 1226 2794 1278 quo
2845 1208 3061 1278 quidem
3105 1218 3161 1261 ut
3193 1206 3285 1275 qui
3332 1207 3381 1257 in
3416 1204 3597 1273 priva-

2024 1323 2203 1365 torum
2230 1308 2441 1363 {edibus
2468 1320 2627 1359 sacra
2666 1304 2867 1356 facturi
2902 1310 3050 1364 sunt,
3081 1316 3109 1352 a
3143 1301 3289 1352 clero
3311 1298 3599 1364 segregati,

2026 1402 2130 1455 hoc
2168 1409 2273 1463 est,
2308 1398 2504 1453 delecti
2538 1408 2592 1451 et
2621 1396 2845 1449 admissi
2875 1393 3247 1460 descriptique
3282 1391 3389 1445 sint
3414 1404 3600 1456 segre—

2026 1492 2262 1563 gatione,
2296 1474 2398 1543 hcc
2425 1497 2527 1549 est,
2558 1487 2933 1557 designatione
2962 1499 2989 1537 a
3018 1485 3117 1538 loci
3151 1484 3407 1551 episcopo
3433 1479 3599 1539 facta,

2025 1573 2343 1638 decernunt.
2381 1579 2535 1645 Quod
2580 1579 2624 1633 si
2658 1577 2750 1631 alii
2784 1582 3119 1644 quicunque,
3157 1587 3348 1642 praeter
3382 1588 3476 1626 eos
3504 1573 3605 1639 qui

2027 1672 2292 1741 designati
2327 1669 2529 1724 fuerint
2580 1670 2633 1721 in
2680 1668 3016 1737 privatorum
3064 1666 3304 1726 sacellis,
3352 1679 3461 1716 non
3498 1663 3600 1715 oh-

2027 1773 2175 1819 tenta
2214 1764 2283 1817 ab
2316 1762 2576 1839 episcopo
2608 1760 2889 1823 facultate,
2927 1773 3084 1813 sacra
3116 1756 3299 1811 facere
3329 1771 3449 1810 au51
3480 1756 3600 1809 fue-

2026 1858 2171 1923 rint;
2204 1857 2353 1925 ipsos
2387 1856 2607 1924 quidem
2640 1854 2836 1921 deponi
2877 1892 2892 1917 ,
2926 1853 3020 1922 qui
3067 1866 3195 1906 vero
3240 1851 3320 1905 eis
3354 1864 3602 1909 commu-

2028 1951 2358 2009 nicaverint,
2389 1947 2656 2018 segregari
2682 1946 2898 2015 jubcut.

2051 2108 2060 2134 ι
2260 2100 2263 2107 ’
3527 2088 3553 2116 Ἴ

2099 2158 2323 2215 ARIST.
2371 2177 2390 2209 ι
2430 2158 2624 2212 Nullus
2677 2157 2910 2213 clericus
2958 2158 3013 2211 in‘
3073 2156 3303 2224 templo,
3352 2154 3496 2222 quod
3549 2152 3604 2205 in

2038 2272 2057 2303 ι
2098 2252 2307 2306 aedibus
2355 2260 2438 2305 est
2499 2266 2660 2305 sacra
2706 2249 2981 2306 celebret.
3020 2250 3103 2303 vel
3157 2248 3415 2315 haptizet,
3468 2245 3611 2299 citra

2036 2363 2056 2396 ι
2098 2344 2343 2414 episcopi
2381 2345 2747 2407 sententiam;
2781 2358 2903 2395 nam
2944 2340 3254 2409 deponitur.
3290 2338 3391 2403 Qui
3442 2337 3608 2407 igitur

2039 2452 2058 2484 ι
2099 2435 2152 2487 in
2185 2435 2463 2496 oratoriis,
2484 2448 2604 2502 qua:
2633 2442 2760 2485 sunt
2784 2433 2924 2485 intra
2947 2432 3092 2485 aedes
3118 2446 3271 2484 sacra
3305 2427 3609 2489 celebrant,

2037 2544 2057 2577 ι
2094 2527 2163 2579 ab
2201 2525 2453 2595 episcOpo
2500 2526 2646 2579 clero
2680 2525 3041 2593 expelluntur.
3094 2521 3195 2586 Qui
3237 2533 3364 2573 vero
3414 2524 3609 2587 pra-ter

2039 2633 2057 2666 ι
2100 2613 2216 2667 hac
2247 2615 2425 2667 facere
2456 2617 2573 2667 ausi
2610 2613 2837 2677 fuerint,
2876 2614 3240 2681 deponantur.
3278 2611 3344 2663 Et
3392 2608 3485 2679 qui
3535 2609 3612 2661 iis

2042 2724 2060 2756 ι
2103 2705 2533 2768 communicant,
2564 2715 2940 2779 segregentur.
2980 2723 2997 2754 ι
3138 2758 3139 2761 η
3528 2685 3547 2708 ’

2596 2837 2822 2893 CANON
2892 2837 3036 2893 XIII.

2041 2972 2061 3006 ι
2108 2953 2497 3009 Ilaareticarum
2533 2954 2863 3006 zizaniarum
2906 2953 3113 3007 semina
3163 2955 3215 3006 in
3251 2953 3455 3008 Christi
3505 2952 3611 3009 Εε-

2114 3066 2131 3098 ι
2171 3047 2335 3101 clesia
2369 3045 2636 3116 malignus
2668 3045 2951 3114 dejiciens,
2983 3055 3034 3099 et
3063 3060 3154 3101 eas
3187 3045 3377 3100 videns
3427 3046 3608 3116 gladio

2061 3204 2066 3210 _
2116 3156 2135 3188 ι
2178 3136 2413 3206 Spiritus
2447 3136 2690 3191 exscindi
2732 3137 3013 3198 radicitus,
3050 3138 3114 3190 ad
3150 3138 3308 3191 aliam
3345 3140 3490 3193 venit
3520 3139 3609 3191 in-

2112 3250 2130 3281 ι
2169 3232 2431 3285 sidiarum
2457 3230 2622 3291 viam,
2656 3229 3125 3281 schismaticorum
3160 3229 3371 3283 insania
3401 3228 3604 3282 Christi

2114 3342 2131 3375 ι
2176 3339 2375 3392 corpus
2416 3321 2659 3377 dividere
2695 3321 3017 3390 aggrediens
3064 3337 3077 3371 :
3129 3321 3223 3374 sed
3254 3330 3306 3374 et
3358 3322 3456 3374 has
3490 3322 3611 3391 ejus

2114 3438 2131 3468 ι
2173 3417 2400 3471 insidias
2452 3428 2643 3483 sancta
2698 3413 2940 3484 synodus
2985 3416 3337 3482 reprimens,
3386 3416 3614 3485 cumino

2048 3572 2054 3579 δ
2116 3530 2133 3563 ι
2177 3512 2385 3564 definiit
2418 3510 2701 3578 deinceps,
2736 3517 2795 3561 ut
2826 3508 2871 3563 si
2904 3510 3026 3577 quis
3055 3509 3338 3579 presbyter
3383 3513 3460 3561 vel
3495 3508 3615 3561 dia-

2117 3622 2134 3654 ι
2170 3619 2341 3657 conus
2372 3641 2385 3663 ,
2418 3602 2593 3671 utqui
2629 3602 2815 3669 utique
2863 3600 2932 3654 ob
2977 3600 3156 3668 aliqua
3207 3584 3453 3654 crimina
3487 3617 3613 3669 pro-

2116 3716 2134 3747 ι
2179 3697 2355 3765 prium
2407 3676 2722 3763 episcopum
2756 3693 3157 3755 condemnarit,
3205 3704 3332 3746 ante
3375 3694 3614 3758 synoda-

2117 3807 2135 3838 ι
2172 3788 2273 3841 lem
2307 3787 2671 3855 cognitionem
2719 3793 2772 3839 et
2821 3784 3300 3849 examinationem,
3339 3794 3392 3839 et
3437 3785 3615 3852 perfe-

2115 3898 2132 3930 ι
2175 3888 2319 3933 ctam
2353 3880 2471 3947 ejus
2508 3877 3015 3933 condemnationem
3038 3916 3053 3940 ,
3087 3876 3153 3929 ab
3194 3876 3337 3929 illius
3370 3891 3615 3929 commu

2116 3990 2136 4024 ι
2176 3948 2339 4026 nione
2364 3971 2650 4026 discedere
2680 3964 2848 4025 ausus
2876 3969 3035 4023 fuerit
3059 3979 3112 4023 et
3147 3967 3265 4035 ejus
3316 3983 3509 4021 nomen
3560 3966 3612 4018 in

2123 4082 2141 4115 ι
2184 4063 2360 4118 sacris
2414 4062 2838 4117 celebrationuin
2898 4061 3191 4130 precibus,
3242 4069 3299 4113 ut
3360 4061 3617 4118 Ecclesiae

2119 4174 2136 4206 ι
2185 4156 2440 4208 traditum
2476 4163 2577 4217 est,
2612 4169 2719 4207 non
2749 4150 2976 4215 referat,
3011 4151 3056 4204 is
3092 4152 3411 4221 depositioni
3443 4152 3615 4219 subji-

2120 4266 2139 4299 ι
2178 4248 2354 4303 ciatur
2380 4287 2397 4310 ,
2433 4255 2486 4301 et
2522 4247 2681 4315 omni
2719 4245 3044 4301 sacerdotali
3104 4245 3306 4298 honore
3353 4243 3614 4312 privetur.

2120 4357 2138 4390 ι
2177 4338 2279 4405 Qui
2318 4338 2463 4392 enim
2493 4346 2576 4392 est
2616 4336 2670 4390 in
2705 4336 3034 4392 sacerdotali
3071 4336 3263 4389 ordine
3291 4334 3613 4395 collocatus,

2124 4451 2141 4483 ι
2182 4441 2232 4487 et
2263 4430 2804 4499 metropolitanorum
2828 4428 3093 4498 judicium
3124 4427 3389 4496 prteripit,
3420 4436 3471 4480 et
3495 4435 3619 4478 ante

2080 4548 2085 4555 -
2125 4541 2147 4574 ι
2178 4521 2443 4593 judicium
2481 4521 2614 4589 ipse,
2662 4532 2929 4588 quantum
2975 4519 3027 4571 in
3078 4532 3137 4571 se
3190 4526 3295 4579 est,
3330 4517 3612 4585 proprium

2126 4634 2145 4666 ι
2187 4622 2393 4684 patrem
2424 4624 2477 4667 et
2507 4612 2823 4680 episcopum
2867 4610 3237 4673 condemnat;
3275 4610 3317 4662 is
3368 4624 3465 4660 nec
3501 4610 3656 4675 prc-‘

2127 4725 2145 4759 ι
2190 4705 2394 4777 sbyteri
2433 4705 2658 4767 honore,
2693 4720 2794 4757 nec
2847 4704 3067 4758 nomine
3116 4702 3310 4772 dignus
3359 4710 3460 4753 est.
3514 4698 3619 4763 Qui

2127 4816 2146 4848 ι
2184 4808 2362 4851 autem
2393 4810 2487 4850 eos
2518 4803 2955 4861 consequuntur,
2977 4794 3022 4846 si
3057 4790 3167 4845 sint
3196 4790 3417 4859 quidem
3450 4805 3513 4842 ex
3552 4789 3621 4841 iis

2127 4907 2146 4940 ι
2192 4890 2282 4958 qui
2315 4896 2445 4943 sunt
2489 4888 2663 4941 sacris
2692 4887 2915 4945 initiati,
2948 4885 3046 4953 ipsi
3075 4898 3294 4953 quoque
3330 4897 3362 4936 a
3398 4882 3624 4949 proprio

2132 4998 2150 5031 ι
2188 4980 2393 5033 honore
2421 4978 2676 5031 excidant
2707 4992 2719 5028 :
2754 4977 2837 5031 sin
2872 4983 3056 5029 autem
3093 4974 3201 5027 sint
3240 4971 3516 5028 monachi.
3539 4969 3621 5021 vel

2136 5088 2154 5119 ι
2197 5068 2340 5131 laici,
2372 5083 2435 5121 ex
2469 5065 2714 5122 Ecclesia
2767 5066 2992 5120 omnino
3026 5073 3406 5132 segregentur;
3449 5061 3625 5114 donec

1603 5226 1760 5289 Guill
1775 5274 1788 5287 .
1831 5228 2015 5288 Bevei
2030 5228 2150 5304 egii
2193 5232 2383 5289 notae.

465 5392 576 5459 (55)
613 5392 723 5443 Καὶ
776 5388 885 5456 τῆς
936 5387 1029 5440 ἐπ’
1072 5382 1231 5459 αὐξῷ
1264 5382 1497 5459 τελείας
1529 5380 1958 5459 κατακρίσεως.

391 5450 517 5519 Ilaec
538 5450 701 5515 verba
734 5450 845 5512 non
863 5450 1036 5512 'uiodo
1071 5458 1125 5509 in
1154 5452 1447 5506 Parisiensi
1479 5450 1738 5515 editione,
1767 5466 1953 5503 verum

394 5548 556 5587 etiam
605 5533 656 5582 in
699 5528 888 5583 codice
915 5526 1352 5580 Amerbachiano
1378 5522 1728 5573 omittuntur.
1768 5520 1872 5573 Sed
1900 5522 1956 5573 in

396 5604 609 5659 Tiliano
643 5615 795 5667 teque
826 5615 890 5651 ac
937 5601 988 5649 in
1039 5596 1332 5649 Bodleiano
1390 5602 1579 5644 nostro
1626 5607 1727 5643 ms.
1767 5592 1958 5661 legun-

397 5688 502 5730 ιυτ.

470 5714 582 5809 (ὅθ)
613 5738 720 5793 Καὶ
749 5738 813 5790 τὸ
839 5736 1025 5805 ὄνομα
1063 5733 1250 5791 αὑτοῦ
1288 5732 1357 5785 ἐν
1386 5730 1515 5795 ταῖς
1544 5714 1747 5797 ἱεραῖς.
1787 5729 1956 5785 Nimi-

2072 5394 2189 5433 rum
2229 5394 2351 5431 cuni
2384 5392 2539 5431 sacra
2600 5376 2858 5446 mysteria
2910 5384 3261 5446 peraguntur.
3299 5369 3450 5423 Tunc
3476 5371 3620 5423 enim

2071 5449 2331 5504 sacerdos
2366 5463 2464 5517 pro
2492 5445 2893 5517 episcc’iposub
2926 5445 3248 5517 nominatim
3288 5457 3445 5495 orare
3477 5451 3623 5517 tene-
3710 5494 3715 5499 _

2072 5530 2158 5572 tur
2201 5529 2301 5571 :ut
2350 5511 2402 5571 in
2459 5511 2697 5585 Liturgia
2742 5516 3129 5586 Chrysostomi
3166 5516 3316 5586 inter
3355 5511 3623 5586 orandum

2072 5591 2204 5642 dicit
2241 5590 2333 5639 καὶ
2380 5589 2521 5654 ὑπὲρ
2550 5580 2983 5655 ἀρχιεπισκόπου
3016 5583 3191 5653 ήμῶν,
3224 5586 3250 5636 ό
3295 5582 3485 5646 δεῖνος,
3534 5580 3627 5633 Sic
3668 5608 3669 5615 ι

2068 5660 2268 5728 paSsian
2300 5660 2351 5711 in
2382 5658 2730 5726 Euchologio.
3625 5664 3630 5673 '
