4056 6396
289 311 291 314 ί
335 360 494 434 1065,

1481 357 1560 417 ΙΝ
1589 355 1732 415 CAN
1788 356 1920 415 XIV
1961 352 2173 415 CONC.
2219 353 2426 412 CPOL.

3434 345 3566 408 1065

321 472 711 539 συγκοινωνεῖν
737 469 910 540 αὐτῷ,
939 467 1072 538 μηδέ
1103 468 1401 540 ἀναφέρειν
1433 469 1697 544 τὸὶὸνομα
1730 469 1891 521 αὑτοῦ

2002 460 2285 534 subjectus
2313 475 2394 518 est
2425 463 2764 524 subtrahere,
2811 476 2877 515 ac
2918 460 3086 524 illius,
3122 458 3276 527 quasi
3311 457 3570 514 videlicet

318 565 459 616 κατὰ
496 561 557 614 τὸ
587 561 731 625 ἔθος,
771 560 846 624 ὡς
866 559 1008 630 τάχα
1035 560 1423 627 κατεγνωκότα
1458 559 1552 612 τοῦ
1582 561 1887 614 ἐπισκόπου

316 653 506 716 αὑτοῦ,
571 652 699 721 πρὶν
733 651 765 721 ἢ
810 649 1104 712 συνοδικῶς
1137 648 1345 719 ζητηθῇ
1375 650 1408 718 ἠ
1445 648 1585 701 κατὰ
1625 647 1715 700 τοῦ
1770 650 1889 700 ἐπι-

322 733 529 798 σκόπου
575 743 846 814 φερομένη
868 742 1016 794 αἰτία
1047 733 1140 794 καὶ
1173 741 1356 793 τελεία
1381 739 1684 811 προενεχθῇ
1708 741 1889 808 ψῆφος

315 834 724 904 κατακρίνουσα
763 833 945 885 αὐτόν’
988 832 1078 885 τὸν
1115 831 1173 884 δὲ
1189 815 1671 905 τοῦτοποιήσαντα
1689 829 1885 882 καθαι-

316 928 553 992 ρεῖσθαι.
594 925 655 977 '0
693 923 804 994 γὰρ
838 927 894 978 ἐν
928 924 1306 995 πρεσϐυτέρου
1338 924 1464 996 ἀξίᾳ
1516 924 1615 984 ὢν,
1651 929 1744 977 καὶ
1780 924 1888 976 τῶν

317 1018 740 1088 μητροπολιτῶν
771 1018 1035 1088 ἁρπάζων
1089 1018 1188 1087 τὴν
1223 1017 1404 1087 κρίσιν
1449 1018 1595 1088 (τοὺς
1622 1018 1731 1088 γὰρ
1769 1019 1888 1070 ἐπι-

312 1110 547 1170 σκόπους
564 1111 611 1160 οἱ
637 1105 1032 1178 μητροπολῖται
1059 1105 1349 1176 κρίνουσι),
1386 1105 1481 1158 καὶ
1515 1104 1622 1173 προ
1651 1103 1886 1173 κρίσεως

313 1202 405 1249 τὴν
446 1201 645 1250 οἰκεῖον
673 1199 994 1260 ἐπίσκοπον,
1023 1197 1082 1259 ὃς
1118 1197 1302 1267 πατήρ
1352 1198 1499 1248 ἐστιν
1548 1195 1713 1248 αὑτοῦ
1747 1197 1887 1248 κατὰ

312 1287 552 1358 πνεῦμα,
609 1287 835 1356 κρίνων,
868 1286 1146 1341 οὐκέστιν
1188 1286 1338 1349 ἄξιος
1383 1286 1457 1349 ὼς
1518 1285 1886 1356 πρεσϐύτερος

312 1381 582 1447 τιμᾶσθαι
617 1380 648 1447 ἢ
679 1379 1061 1448 ὀνομάζεσθαι.
1105 1378 1277 1432 Καὶοί
1325 1380 1680 1447 συνεπόμενοι
1718 1376 1774 1429 δὲ
1809 1378 1886 1444 τῷ

314 1469 681 1540 σχισματικῷ,
708 1472 802 1523 καὶ
832 1468 1220 1540 ἁποσχίζοντες
1251 1471 1347 1524 καὶ
1381 1471 1554 1532 αὐτοὶ,
1595 1469 1886 1537 ἱερωμένοι

317 1561 416 1628 μὲν
459 1561 633 1625 ὄντες,
667 1561 1162 1633 καθαιρείσθωσαν,
1201 1561 1382 1615 λαῖκοὶ
1433 1561 1490 1613 δέ
1530 1561 1886 1630 τυγχᾴνοντες

313 1653 346 1723 ἦ
393 1654 639 1723 μοναχοὶ,
680 1653 1132 1724 ἁφοριζέσθωσαν
1151 1655 1428 1718 παντελῶς
1453 1656 1550 1726 τῆς
1571 1656 1884 1726 ἐκκλησίας,

309 1745 432 1798 ἀντὶ
483 1747 577 1798 τοῦ
644 1745 1078 1821 ἐξωθείσθωσαν,
1134 1746 1276 1800 ὥστε
1331 1748 1466 1818 μηδὲ
1526 1749 1750 1802 εἰσιέναι
1808 1754 1887 1811 εἰς

310 1837 632 1906 ἐκκλησίαν.
686 1816 849 1893 Ἔστι
880 1841 991 1910 γὰρ
1017 1816 1441 1928 ἀφορισμὺςήκαὶ
1475 1840 1537 1893 τὸ
1575 1841 1883 1912 μόνηςμ-εἴρ-
1915 1816 1959 1874 Β

312 1927 503 1994 γεσθαι
565 1930 663 1998 τῆς
724 1931 1080 1998 μεταλήψεως
1142 1932 1250 1985 τῶν
1308 1927 1472 1985 θείων
1546 1934 1877 2003 μυστηρίων

311 2019 444 2072 ἐστι’
477 2019 532 2072 δὲ
567 2021 663 2091 καὶ
685 2021 745 2072 τὸ
802 2021 908 2085 ἔξω
947 2024 1045 2092 τῆς
1087 2024 1420 2095 Ἐκκλησίας
1467 2021 1628 2084 εἶναι,
1659 2026 1717 2077 ὃν
1747 2044 1879 2078 παν-

307 2115 436 2182 τελῆ
478 2115 793 2183 ὠνόμασαν,
825 2115 900 2177 ὡς
933 2113 1254 2185 βαρύτερον.
1294 2115 1499 2184 Καιρὸν
1531 2115 1587 2169 δὲ
1642 2114 1720 2185 τῷ
1742 2116 1879 2183 ἀφο-

311 2206 495 2275 ρισμῷ
553 2207 724 2276 τούτῳ
788 2207 1029 2278 όριζουσι
1086 2207 1184 2278 τὴν
1247 2207 1469 2260 ἐκείνων
1522 2209 1878 2276 ἐπιστροφήν.

316 2299 572 2351 Ἔσονται
601 2300 731 2368 γὰρ,
765 2303 952 2368 φησιν,
979 2299 1356 2370 ἀφωρισμένοι
1382 2298 1577 2369 μέχρις
1609 2299 1675 2352 ἂν
1698 2299 1776 2368 τῷ
1797 2301 1879 2352 οἰ-

310 2390 447 2458 κείῳ
476 2390 762 2460 ἐπισκόπῳ
805 2391 1170 2460 προσέλθωσι,
1206 2391 1542 2460 μισήσαντες
1590 2390 1688 2459 τὴν
1744 2392 1881 2457 πρὸς

314 2481 442 2543 τοὺς
474 2483 871 2551 σχισματικοὺς
901 2483 1206 2536 οἰκείωσιν.

1995 561 2061 614 ab
2095 560 2211 628 ipso
2248 558 2618 622 condemnati,
2650 557 2730 610 vel
2759 555 3200 609 communionem
3233 551 3523 623 repudiare
3547 599 3564 619 ,

1993 652 2076 706 vel
2111 652 2179 705 ab
2211 650 2455 720 ejusdem
2501 649 2722 702 nomine
2760 646 2826 700 de
2873 661 3024 700 more
3072 644 3365 700 referendo
3417 645 3564 700 desi-

1993 756 2137 798 ssere
2193 742 2409 802 audeat.
2459 741 2778 811 priusquam
2824 739 3064 808 episcopi
3104 739 3267 792 eausa
3304 738 3359 791 in
3405 753 3559 808 syno-

1991 838 2115 890 dico
2148 823 2418 900 Conventu
2459 836 2765 890 examinata
2810 841 2863 888 et
2907 834 3123 900 cognita
3167 831 3354 896 fuerit,
3385 833 3567 886 omni-

1993 944 2171 997 noque
2201 929 2324 982 latis
2353 926 2625 994 suffragiis
2676 924 2743 980 de
2774 924 2921 978 illius
2958 923 3304 978 danmatinne
3334 923 3405 976 sit
3443 937 3564 991 pro-

1993 1011 2330 1082 nuntiatum;
2369 1017 2572 1086 quique
2624 1013 2676 1068 id
2713 1014 2922 1076 fecerit,
2956 1013 3298 1082 depositione
3343 1012 3562 1066 multari

1986 1107 2262 1178 jubcmus.
2337 1108 2596 1178 Quisquis
2671 1107 2815 1163 enim
2858 1091 3221 1162 'sacerdotali
3297 1105 3567 1175 dignitate

1990 1187 2269 1270 prwditus,
2309 1217 2430 1270 qua:
2459 1201 3004 1271 metropolitanorum
3033 1199 3230 1268 judieii
3284 1206 3412 1252 sunt
3459 1198 3565 1252 sibi

1990 1303 2207 1362 arrogat
2231 1331 2245 1350 .
2299 1293 2524 1363 (quippe
2562 1292 2628 1347 de
2668 1291 2939 1362 episcopis
2971 1290 3220 1360 judicare
3251 1289 3565 1358 metropoli-

1993 1391 2248 1436 tanorum
2279 1370 2556 1453 proprium
2583 1394 2666 1438 est
2694 1381 2917 1450 munus)
2940 1398 3004 1436 ac
3031 1383 3346 1450 episcopum
3379 1395 3562 1442 suum,

1989 1461 2081 1542 qui
2115 1473 2417 1542 spiritualis
2468 1475 2643 1544 ipsius
2687 1483 2842 1543 pater
2893 1481 2998 1532 est,
3048 1473 3372 1542 priusquam
3406 1473 3472 1526 de
3501 1487 3568 1542 eo
3648 1541 3649 1546 η

1990 1565 2282 1635 quidquam
2326 1567 2629 1636 judicatum
2672 1566 2872 1630 fuerit,
2915 1565 3031 1634 ipse
3077 1566 3425 1628 condemnet,
3479 1563 3568 1618 hic

1991 1658 2300 1713 sacerdotis
2340 1660 2546 1713 honore
2593 1667 2686 1712 aut
2727 1659 3094 1728 appellatione
3139 1657 3565 1726 haudquaquam

1997 1758 2082 1804 est
2139 1751 2354 1820 (lignus.
2391 1751 2457 1804 Et
2503 1766 2630 1805 vero
2661 1750 2972 1820 quicunque
3020 1749 3387 1805 schismaticis
3433 1761 3567 1802 Con-

1989 1843 2291 1898 sentientes
2320 1843 2424 1913 ipsi
2453 1858 2670 1913 quoque
2708 1857 2829 1898 sese
2857 1856 2981 1895 cum
3013 1841 3120 1894 illis
3154 1839 3478 1908 ahjungnnt,
3516 1837 3563 1890 si

1990 1935 2204 2006 quidem
2252 1936 2429 1992 sacris
2456 1935 2651 1990 initiati
2697 1935 2829 1999 sint,
2860 1935 3202 2004 deponantur
3253 1949 3268 1986 :
3315 1932 3401 1987 sin
3432 1945 3563 1986 vero

1989 2028 2112 2084 laici
2145 2034 2239 2081 aut
2269 2027 2546 2091 monachi,
2577 2027 2796 2096 penitus
2845 2032 3221 2094 segregentur,
3281 2024 3387 2078 hoc
3433 2033 3518 2077 est
3543 2064 3558 2086 ,

1989 2119 2086 2183 ita,
2121 2127 2179 2173 ut
2205 2133 2273 2174 ne
2305 2119 2592 2179 ecclesiam
2625 2119 2844 2188 quidem
2894 2117 3027 2186 ipsis
3060 2115 3272 2186 ingredi
3325 2115 3409 2170 fas
3468 2114 3562 2176 sit,

1989 2211 2302 2279 ejiciantur,
2352 2210 2446 2266 Est
2496 2225 2727 2279 namque
2768 2210 3071 2280 segregatio
3103 2209 3296 2273 etiam,
3351 2215 3474 2262 cum
3531 2221 3563 2261 a

1991 2303 2113 2355 solo
2147 2284 2472 2357 divinorum,
2489 2303 2872 2371 mysteriorum
2906 2301 3257 2370 perceptione
3291 2298 3561 2369 quispiam

1988 2403 2394 2449 summovetur:
2414 2403 2496 2450 est
2519 2395 2708 2460 etiam,
2739 2409 2865 2448 cum
2887 2393 3136 2448 ecclesiae
3160 2405 3381 2461 quoque
3409 2389 3562 2443 aditu

1987 2489 2261 2558 segregati
2325 2488 2724 2564 prohibentur";
2793 2488 2938 2556 quod
2999 2484 3218 2555 penitus
3288 2481 3563 2552 segregari

307 2577 586 2660 dixerunt,
615 2577 741 2646 quia
774 2579 991 2644 gravior
1037 2593 1097 2633 ea
1130 2579 1430 2648 segregatio
1473 2580 1565 2633 sit.
1623 2579 1873 2647 Spatium
1914 2594 2102 2649 porro,
2132 2599 2418 2654 quousque
2445 2584 2510 2637 ad
2535 2585 2829 2639 sanitatem
2886 2580 3136 2635 homines
3188 2584 3562 2635 revertantur,

305 2667 671 2736 segregationi
739 2669 1065 2737 pra'ﬁniunt.
1149 2669 1317 2724 Erunt
1367 2669 1671 2740 siquidem,
1755 2671 1972 2739 inquit,
2017 2676 2318 2745 segregati,
2374 2677 2553 2732 donec
2589 2676 2850 2746 episcopo
2909 2687 3034 2738 suo,
3095 2668 3382 2739 repudiata
3436 2682 3564 2722 cum

307 2757 676 2812 schismaticis
710 2757 1099 2827 familiaritate,
1131 2775 1190 2814 se
1225 2761 1596 2829 adjunxerint.

307 2847 529 2902 ΔΡΙΣΤ.
571 2867 588 2900 ι
635 2851 701 2903 Εἴ
729 2868 810 2914 τις
866 2851 1290 2922 πρεσϐύτεροςῆ
1330 2853 1598 2916 διάκονος,
1628 2853 1881 2922 ὡςδῆθεν

389 2957 407 2988 ι
448 2939 534 2990 ἐπ’
564 2940 869 3009 ἐγκλήματι
898 2941 992 2994 τοῦ
1017 2942 1220 2995 οἰκείου
1262 2942 1628 3010 κατεγνωκὼς
1655 2944 1881 2996 ἐπισκό-

391 3044 408 3074 ι
451 3043 578 3088 που,
637 3030 742 3096 πρὸ
799 3028 1085 3095 συνοδικῆς
1145 3029 1490 3096 διαγνώσεως
1529 3032 1742 3100 ἀποστῇ
1782 3030 1882 3099 τῆς

389 3135 408 3167 ι
455 3111 626 3199 αὐτού
676 3122 985 3186 κοινωνίας,
1046 3125 1139 3175 καὶ
1183 3123 1260 3193 μὴ
1315 3123 1576 3194 ἀναφέρει
1616 3123 1782 3176 αὐτοῦ
1821 3125 1882 3175 τὸ

390 3230 407 3260 ι
454 3210 646 3282 ὄνομα,
679 3213 1070 3284 καθαιρείσθω,
1107 3215 1202 3268 καὶ
1227 3203 1410 3284 πάσης
1451 3216 1732 3286 ἱερατικῆς
1765 3233 1882 3268 στε-

386 3321 406 3352 ι
456 3303 656 3373 ρείσθω
707 3307 897 3374 τιμῆς.
960 3307 1024 3360 Οἱ
1089 3307 1146 3360 δὲ
1188 3293 1565 3376 συνεπόμενοι,
1619 3307 1884 3377 ἱερατικοὶ

395 3413 414 3445 ι
467 3396 564 3465 μὲν
626 3397 800 3461 ὄντες,
838 3398 937 3468 τῆς
964 3399 1170 3462 οἰκείας
1226 3399 1394 3470 τιμῆς
1447 3401 1882 3464 ἐκπιπτέτωσαν,

391 3504 412 3537 ι
461 3489 685 3558 μοναχοὶ
750 3490 806 3543 δὲ
858 3491 891 3562 ἢ
937 3492 1140 3557 λαῐκοὶ,
1194 3490 1642 3559 ἀφοριζέσθωσαν
1691 3491 1885 3561 μέχρις

392 3595 411 3630 ι
460 3583 862 3651 ἐπιστραφεῖεν.
909 3601 929 3632 ›

944 3676 1184 3729 ΚΛΝΩΝ
1211 3674 1313 3730 ΙΔ’.

308 3783 332 3817 ι
374 3764 448 3819 Et
480 3783 563 3828 τις
591 3767 917 3832 ἐπίσκοπος,
954 3768 1304 3838 ἐγκλήματος
1359 3770 1638 3840 πρόφασιν
1698 3767 1884 3819 ποιού-

385 3877 414 3922 ι,
454 3875 612 3928 μενος
649 3860 897 3912 κατάτοῦ
935 3859 1138 3930 οἰκείου
1183 3853 1582 3929 μητροπολίτου
1615 3858 1720 3930 πρὸ
1751 3876 1881 3913 συν-

387 3972 406 4004 (
449 3953 639 4021 οδικῆς
680 3951 1045 4019 διαγνώσεως,
1077 3931 1388 4022 ἀποστήσει
1409 3952 1602 4005 ἐαυτὸν
1629 3953 1728 4021 τῆς
1747 3952 1883 4022 πρὸς

387 4063 408 4095 ι
457 4045 618 4097 αὐτὸν
669 4042 979 4106 κοινωνίας,
1039 4042 1136 4094 καὶ
1173 4041 1247 4112 μὴ
1304 4042 1563 4114 ἀναφέρει
1602 4042 1664 4096 τὸ
1709 4042 1882 4111 ὄνομα

299 4202 315 4216 I
391 4157 410 4188 ι
457 4136 622 4190 αὐτοῦ
660 4135 803 4188 κατὰ
829 4134 888 4187 τὸ
914 4132 1221 4202 εἰθισμένον
1260 4135 1410 4206 ἐν.τῇ
1441 4134 1560 4206 θείᾳ
1593 4151 1883 4205 μυσταγωο

385 4249 404 4281 ‹
451 4230 570 4299 γίᾳ,
598 4227 791 4280 τοῦτον
831 4226 1030 4296 ὥρισεν
1061 4229 1094 4296 ἡ
1127 4228 1257 4295 ἁγία
1298 4226 1516 4290 σύνοδος
1557 4227 1880 4298 καθῃρημέμ-

388 4339 407 4371 ι
456 4338 544 4370 νον
597 4315 769 4383 εἶναι,
821 4318 869 4369 εί
919 4317 1079 4388 μόνον
1119 4317 1422 4387 ἐλεγχθείη,
1491 4318 1736 4380 ἀποστὰς
1785 4313 1880 4369 τοῦ

389 4432 410 4463 ι
456 4410 662 4464 οἰκείου
697 4408 1096 4479 μητροπολίτου
1129 4409 1222 4462 καὶ
1256 4409 1460 4478 σχίσμα
1491 4409 1722 4478 ποιήσας
1754 4422 1770 4438 ·
1799 4407 1883 4460 δεῖ

388 4523 406 4554 ι
456 4509 564 4574 γαρ
607 4504 840 4555 ἕκαστον
870 4503 938 4555 τὰ
991 4504 1183 4555 οἰκεῖα»
1225 4501 1402 4570 μέτρα
1445 4500 1750 4567 γινώσκειν,
1786 4500 1879 4552 καὶ

384 4618 402 4648 ι
450 4599 588 4664 μήτε
619 4595 711 4647 τὸν
745 4595 1118 4664 πρεσϐύτερον
1161 4595 1526 4662 καταφρονεῖν
1549 4593 1646 4645 τοῦ
1675 4593 1876 4646 οἰκείου
1912 4618 1958 4674 D

380 4708 397 4737 ι
449 4686 776 4746 ἐπισκόπου,
825 4685 962 4754 μήτε
1018 4685 1109 4737 τὸν
1157 4685 1463 4739 ἐπίσκοπον
1518 4683 1614 4736 τοῦ
1673 4685 1876 4736 οέκείου

384 4800 402 4830 ι
455 4777 881 4849 μητροπολίτου.
935 4796 953 4828 ι

377 4872 574 4924 ΒΛΛΣ.
617 4870 726 4924 Καὶ
763 4869 790 4920 ὁ
830 4867 1023 4936 παρὼν
1071 4868 1251 4920 κανὼν
1282 4869 1471 4936 ὅμοιος
1523 4871 1666 4921 κατὰ
1697 4856 1910 4920 πάντα

285 4965 422 5021 ἐστὶ
463 4964 541 5031 τῷ
584 4962 690 5033 πρὸ
734 4959 917 5024 αὐτοῦ,
962 4959 1066 5012 κᾶν
1088 4959 1379 5032 eum:ch
1432 4963 1559 5030 περὶ
1591 4961 1658 5012 τὰ
1702 4960 1874 5028 πρόσ-

285 5072 453 5114 ωπα.

382 5149 628 5205 ΖΩΝΛΡ.
670 5148 752 5202 Τὰ
797 5147 937 5202 αὐτὰ
970 5145 1065 5200 τοῦ
1101 5147 1378 5214 ἀνωτέρου
1419 5149 1640 5208 κανόνος
1696 5147 1788 5199 καὶ
1851 5146 1879 5196 ὁ

288 5240 490 5299 κανὼν
519 5232 675 5303 οὗτος
715 5240 846 5311 περὶ
878 5235 1201 5293 ἐπισκόπων
1231 5239 1641 5308 ἀποσχιζόντων
1672 5241 1737 5290 ἐκ
1770 5238 1879 5306 τῶν

289 5336 459 5392 ἰδίων
491 5333 929 5403 μητροπολιτῶν,
968 5329 1166 5400 καὶμὴ
1212 5328 1618 5382 κοινωνούντων
1668 5330 1873 5389 αὐτοῖς.

291 5425 446 5500 μηδὲ
481 5425 860 5494 ἀναφερόντων
886 5423 1106 5486 αὐτοὺς,
1133 5421 1452 5491 διορίζεται.

286 5519 526 5579 ΑΡΙΣΤ.
565 5539 583 5571 ι
618 5521 730 5575 Καὶ
785 5519 840 5571 εἴ
876 5535 960 5580 τις
1030 5516 1326 5578 ἐπίσκοπος
1382 5514 1515 5566 αὐτὸ
1563 5513 1720 5567 τοῦτο
1759 5515 1880 5566 τολ-

333 5629 338 5634 ’
387 5630 408 5663 ι
456 5614 619 5682 μήσει
657 5610 930 5666 κατά,τοῦ
969 5609 1173 5662 οἰκείου
1211 5606 1639 5678 μητροπολίτου,
1683 5606 1878 5658 καθαι-

384 5723 404 5756 ι
453 5704 671 5776 ρείσθω.
715 5705 805 5754 As!
833 5703 938 5772 γὰρ
973 5701 1203 5754 ἕκαστον
1227 5700 1295 5752 τὰ
1319 5701 1491 5752 οἰκεῖα
1519 5699 1692 5768 μέτρα
1719 5699 1879 5764 γινὼ·

385 5814 404 5847 1
455 5814 548 5852 σκε
558 5814 622 5853 ιν.

630 5892 896 5949 ΡΑτιιοι..
951 5889 1064 5947 GR.
1113 5886 1446 5947 CXXXVII.

1988 2854 2217 2910 ARIST.
2251 2877 2268 2907 ι
2306 2856 2361 2910 Si
2383 2855 2507 2924 quis
2539 2856 2822 2926 presbyter
2851 2855 2935 2909 vel
2963 2854 3229 2908 diaconus
3255 2891 3271 2913 ,
3301 2849 3558 2906 nimirum

2067 2966 2085 2998 ι
2123 2965 2185 3003 ac
2206 2949 2250 3002 si
2272 2950 2582 3018 episcopum
2605 2963 2762 3002 suum
2787 2957 2840 3000 et
2856 2947 3083 3000 crimine
3100 2946 3283 3013 aliquo
3306 2941 3448 2997 cond
3467 2956 3558 2993 -ιιι-

2063 3057 2082 3088 ι
2131 3048 2307 3104 naret,
2356 3048 2480 3093 ante
2511 3037 2828 3109 synodalem
2882 3035 3272 3105 cognitionem,
3318 3032 3388 3086 ab
3416 3031 3561 3085 illius

2065 3150 2083 3181 ι
2125 3132 2510 3186 communione
2539 3146 2597 3202 se
2632 3128 2974 3195 Subduxerit,
3008 3141 3062 3183 et
3089 3142 3282 3180 nomen
3313 3127 3430 3195 ejus
3453 3136 3560 3177 non

2065 3242 2083 3272 ι
2129 3223 2399 3297 retulerit,
2426 3225 2754 3292 deponatur,
2774 3233 2827 3276 et
2855 3221 3003 3276 omni
3021 3219 3347 3275 sacerdotali
3383 3218 3562 3286 digni-

2064 3336 2080 3365 ‹
2127 3324 2236 3370 tate
2264 3316 2527 3386 privetur.
2562 3314 2666 3381 Qui
2692 3323 2870 3369 autem
2893 3329 3018 3369 eum
3052 3319 3483 3383 consequuntur,
3505 3310 3559 3378 si

2062 3426 2080 3459 ι
2118 3407 2335 3478 quidem
2363 3407 2552 3462 sacris
2577 3407 2688 3462 sint
2740 3405 2958 3470 initiati,
2996 3404 3258 3473 dignitate
3296 3417 3395 3458 sua
3416 3402 3561 3457 exci-

2064 3518 2083 3549 ‹
2119 3500 2248 3553 dant
2277 3518 2290 3554 :
2316 3499 2400 3554 sin
2426 3498 2679 3553 monachi
2702 3499 2784 3552 vel
2815 3498 2956 3563 laici,
2982 3506 3353 3567 segregantur,
3387 3509 3560 3565 usque

2063 3610 2080 3640 ι
2121 3591 2248 3644 dum
2289 3584 2490 3646 reveri
2521 3591 2744 3646 fuerint.
2785 3610 2803 3641 )

2433 3681 2599 3754 354
2636 3679 2868 3736 CANON
2915 3679 3056 3735 xw.

1994 3793 2011 3822 ς
2051 3771 2103 3824 Si
2159 3775 2285 3842 quis
2349 3775 2641 3852 episcopus
2698 3773 3109 3845 metropolitani
3163 3789 3370 3830 crimen
3421 3791 3560 3845 prai-
3639 3777 3646 3781 ’

2069 3886 2086 3916 ‹
2127 3867 2338 3930 texens,
2382 3876 2511 3922 ante
2552 3867 2868 3939 synodalem
2899 3870 3288 3938 cognitionem,
3320 3871 3556 3939 seipsum

2065 3979 2082 4009 ι
2131 3961 2199 4014 ab
2238 3961 2357 4030 ejus
2409 3962 2794 4017 communione
2835 3962 3210 4026 subduxerit.
3253 3973 3302 4019 et
3357 3979 3553 4020 nomen

2063 4070 2080 4099 ι
2117 4051 2234 4121 ejus
2261 4051 2316 4104 in
2358 4050 2527 4105 divini
2564 4053 2812 4123 mysterii
2844 4054 3209 4110 celebratione
3241 4063 3300 4109 ut
3328 4071 3558 4113 consue-

2062 4162 2079 4192 ι
2119 4149 2239 4200 tum
2265 4152 2368 4210 est,
2402 4159 2509 4197 non
2537 4142 2766 4210 referat;
2795 4154 2982 4199 saneta
3023 4148 3266 4216 synodus
3308 4162 3432 4216 eum
3465 4150 3558 4204 de-

2013 4281 2028 4294 ,
2063 4256 2080 4285 ‹
2122 4234 2360 4305 positum
2389 4251 2511 4290 esse
2536 4238 2750 4301 statuit,
2779 4239 2822 4292 si
2851 4247 3058 4293 tantum
3087 4241 3368 4295 convictus
3395 4241 3557 4298 fuerit

2063 4348 2080 4376 ε
2120 4345 2148 4381 a
2179 4329 2400 4397 proprio
2431 4329 2857 4398 metropolitano
2906 4331 3200 4387 recessisse
3229 4341 3282 4386 et
3313 4335 3554 4390 schisma

2061 4439 2078 4471 ι
2122 4419 2600 4490 fecisse.'0portet
2625 4422 2770 4476 enim
2815 4437 3258 4494 unumquemque
3306 4428 3555 4496 proprias

2059 4533 2078 4562 ‹
2127 4529 2412 4582 mensuras
2447 4527 2779 4584 cngnoscere
2805 4524 2859 4568 et
2887 4531 2985 4588 nec
3013 4517 3390 4585 presbyterum
3425 4535 3556 4589 pro-

2061 4626 2076 4657 ι
2118 4609 2292 4675 prium
2338 4610 2647 4676 episcopum
2685 4618 3035 4664 contemnere
3089 4626 3188 4664 nec
3233 4613 3548 4682 episcopum

2059 4716 2076 4747 ι
2119 4702 2401 4768 proprium
2433 4701 2931 4768 metropolitanum).
2973 4720 2990 4750 ι

2055 4875 2247 4930 BALS.
2290 4876 2534 4932 Praesens
2568 4893 2784 4947 quoque
2813 4893 2988 4930 canon
3024 4880 3349 4946 praecedenti
3383 4891 3465 4932 ρει
3495 4881 3546 4933 in

1983 4953 2234 5023 omnibus
2268 4967 2486 5033 similis,
2519 4969 2733 5023 etiamsi
2762 4970 2814 5022 in
2844 4968 3093 5037 personis
3134 4968 3404 5024 diﬂerant.

2053 5148 2302 5204 ZONAR.
2336 5150 2534 5203 Eadem
2567 5163 2688 5201 cum
2715 5149 2984 5218 superiori
3016 5164 3224 5204 canone
3247 5150 3320 5204 de
3343 5151 3543 5218 episco-

1985 5245 2090 5312 pis,
2122 5229 2215 5310 'qni
2263 5256 2322 5295 se
2371 5257 2399 5293 a
2445 5240 2986 5308 metropolitanorum
3037 5257 3261 5294 suorum
3327 5243 3548 5306 conjun-

1983 5335 2173 5387 ctione
2205 5331 2491 5396 djvellunt,
2534 5346 2634 5385 nec
2664 5331 2744 5384 eis
2773 5331 3198 5397 communicant,
3232 5347 3332 5386 nec
3361 5349 3548 5387 eorum

1982 5425 2202 5480 nomina
2234 5422 2496 5486 referunt,
2531 5425 2617 5477 hic
2648 5438 2862 5492 quoque
2889 5438 3063 5476 canon
3093 5425 3359 5477 decernit.

2052 5515 2276 5570 ARIST.
2321 5535 2337 5566 ι
2375 5517 2442 5568 Et
2484 5515 2530 5569 si
2569 5515 2692 5583 quis
2722 5517 3010 5582 episc0pus
3065 5516 3116 5568 id
3155 5515 3333 5584 ipSum
3383 5531 3547 5570 ausus

1990 5629 2008 5662 ι
2053 5609 2213 5663 fuerit
2241 5619 2433 5662 contra
2474 5623 2632 5660 suum
2670 5607 3146 5675 metropolitanum
3172 5646 3187 5669 ,
3222 5605 3546 5674 deponatur.

1990 5720 2008 5750 ι
2045 5698 2269 5766 Oportet
2305 5700 2446 5752 enim
2477 5713 2913 5767 unumquemque
2949 5695 3203 5765 proprias
3235 5711 3366 5752 suas
3403 5712 3545 5750 mens

1989 5810 2006 5842 ι
2047 5799 2205 5847 suras
2236 5781 2582 5860 enguOsccre.
2623 5810 2641 5841 ι

3084 5866 3158 5945 3'4
