4056 6392
1114 414 1343 474 CANON
1396 415 1509 470 XV.

533 537 556 574 1
599 520 730 585 Quae
756 516 826 571 de
873 514 1210 584 presbyteris
1241 520 1295 563 et
1337 507 1608 578 episcopis
1642 515 1695 561 et
1730 504 2098 574 metropolita-

609 629 629 661 1
680 611 762 663 uis
797 604 1103 660 constituta
1146 610 1293 667 sunt,
1327 601 1498 653 multo
1528 598 1696 666 magis
1724 598 1885 650 etiam
1924 599 1973 649 in
2006 610 2101 663 pa-

606 722 624 754 1
675 698 944 753 triarchas
970 693 1322 753 conveniunt.
1360 691 1722 757 Quamobrem
1750 688 1793 743 si
1821 688 1942 757 quis
1980 702 2099 754 pre-

605 811 624 843 1
669 792 877 861 sbyter,
914 790 995 841 vel
1027 788 1341 856 cpiscopus,
1369 783 1451 836 vel
1479 781 1933 849 metropolitanus
1961 793 1988 829 a
2014 778 2096 831 soi

606 900 625 934 1
664 880 994 952 patriarchae
1021 876 1404 932 communione
1430 872 1683 927 recedere
1707 886 1876 925 ausus
1915 869 2097 930 fuerit,

605 994 624 1025 1
666 986 721 1029 et
757 989 954 1028 nomen
989 970 1109 1040 ejus
1147 972 1199 1023 in
1233 968 1400 1022 divini
1424 965 1667 1035 mystcrii
1708 963 2095 1019 celebratione.

604 1086 623 1118 1
665 1078 824 1137 prout
854 1067 1214 1119 constitutum
1244 1069 1327 1115 est
1367 1069 1421 1114 et
1458 1058 1768 1112 ordinatum
1807 1071 1912 1131 non
1963 1052 2109 1127 refe:

586 1181 623 1212 κ(
669 1170 772 1221 rat,
808 1158 903 1213 sed
936 1166 1062 1209 ante
1093 1154 1352 1224 synodale
1384 1152 1686 1209 decretum,
1714 1157 1766 1200 et
1804 1146 2097 1215 perfectam

608 1275 626 1305 ι
668 1256 787 1323 ejus
826 1249 1334 1305 condemnationem
1363 1245 1604 1298 schisma
1638 1240 1863 1302 fecerit;
1900 1237 2096 1290 statuit

609 1367 625 1397 ι
673 1353 861 1408 sancta
912 1341 1151 1412 synodus
1186 1354 1309 1392 eum
1341 1350 1460 1389 esse
1494 1334 1561 1386 ab
1596 1332 1743 1384 omni
1797 1329 2101 1383 sacerdotio
2147 1320 2157 1333 “

608 1457 626 1489 1
664 1440 919 1498 alienum,
964 1435 1008 1487 si
1045 1433 1096 1485 in
1130 1432 1231 1484 hoc
1271 1428 1445 1483 solum
1474 1425 1767 1493 deliquisse
1806 1423 2095 1475 convictus

610 1551 625 1581 ι
672 1529 855 1583 fuerit.
889 1525 954 1579 Et
985 1526 1098 1577 haec
1130 1522 1348 1593 quidem
1380 1519 1678 1574 constituta
1724 1524 1775 1569 et
1815 1516 2099 1582 obsignata

611 1643 628 1674 1
673 1633 798 1676 sunt
828 1620 894 1673 dc
928 1618 1017 1681 iis,
1047 1617 1137 1685 qui
1174 1614 1482 1683 aliquorum
1516 1608 1807 1662 criminum
1844 1612 2101 1675 praetextu

608 1737 624 1768 1
664 1733 691 1769 a
730 1713 966 1785 propriis
1010 1706 1337 1780 praesulibus
1391 1702 1695 1763 recedunt,
1752 1707 1805 1752 et
1862 1696 2098 1750 scbisma

609 1829 626 1860 ι
676 1808 903 1866 faciunt,
945 1811 998 1855 et
1029 1800 1282 1854 Ecclesia:
1326 1796 1583 1848 unionem
1620 1790 1951 1845 COﬂVcllttlll.
1992 1785 2095 1851 Qui

608 1920 625 1951 ι
668 1900 811 1954 enim
842 1903 1063 1966 propter
1113 1888 1343 1944 lizercsin
1395 1887 1653 1955 aliquam,
1686 1896 1713 1932 a
1764 1880 1966 1966 sanctis
1999 1879 2101 1931 Pa-

610 2014 629 2046 1
670 1994 848 2047 tribus
881 1992 963 2043 vel
995 1985 1221 2059 synodis
1246 1981 1682 2036 condemnatam.
1710 1992 1769 2029 se
1796 1958 1823 2025 ἐι
1849 1974 2098 2043 praesulis

611 2104 630 2138 ι
667 2082 1052 2140 coaununionc
1105 2082 1421 2146 separant,"
1462 2071 1555 2125 illo
1611 2068 1842 2121 literesin
1890 2066 2100 2120 scilicet

540 2192 541 2197 ‘
611 2200 629 2232 1
674 2178 888 2248 publice
924 2172 1274 2242 pradicantc,
1304 2175 1359 2221 et
1394 2163 1539 2219 nudo
1566 2162 1743 2230 capite
1786 2161 1839 2212 in
1869 2157 2100 2212 ecclesia

612 2294 630 2325 ι
672 2275 937 2334 docente;
1000 2268 1034 2320 ii
1064 2280 1172 2318 non
1227 2261 1405 2316 solum
1445 2258 1721 2313 canonica:
1773 2268 1944 2323 pinnae
1990 2267 2098 2304 non

612 2386 631 2420 1
672 2363 1052 2433 subjicientur,
1088 2367 1213 2410 ante
1244 2352 1563 2425 synodalem
1597 2347 1961 2417 cognitionem
1992 2344 2101 2398 sci-

613 2479 630 2511 1
669 2472 797 2528 psos
816 2442 851 2507 'a
873 2451 1259 2507 communione
1284 2444 1420 2513 ejus,
1448 2443 1539 2513 qui
1571 2442 1858 2510 episcopus
1878 2437 2100 2499 dicitur,

614 2570 632 2603 1
675 2550 1024 2618 sejuiigentes
1061 2561 1077 2597 :
1116 2541 1209 2596 sed
1268 2548 1320 2593 et
1373 2537 1602 2598 honore,
1654 2533 1748 2602 qui
1786 2531 2102 2583 ortlzndoxis

616 2662 634 2694 1
672 2640 945 2700 convenit,
981 2633 1133 2703 digni
1178 2631 1539 2684 habebuntur.
1571 2623 1689 2679 Non
1714 2623 1858 2677 enim
1894 2620 2105 2690 episco-

615 2755 633 2787 ι
672 2748 795 2803 pos,
836 2730 931 2785 scd
977 2725 1433 2797 psemlepiscopos
1480 2720 1735 2774 doctores
1767 2715 2103 2770 condemna-

612 2846 636 2878 ί
678 2831 802 2879 ruut
845 2838 860 2875 :
911 2828 965 2874 et
1016 2834 1120 2873 non
1173 2815 1471 2869 schismate
1521 2810 1782 2865 Ecclesia:
1838 2804 2101 2861 unionem

616 2939 635 2973 1
683 2916 1106 2975 conseiderunt,
1150 2911 1242 2966 sed
1298 2912 1327 2962 a
1375 2905 1763 2963 schismatibus
1793 2912 1846 2956 et
1876 2899 2105 2955 divisio-

617 3035 635 3067 ι
675 3014 835 3069 nibus
871 3009 1170 3066 Ecclesiam
1204 3006 1436 3061 liberare
1464 3001 1819 3057 studuerunt.
1865 3016 1881 3047 ι

610 3277 808 3332 BALS.
840 3274 944 3329 ilic
974 3288 1192 3345 quoque
1240 3284 1484 3341 praesens
1531 3283 1705 3322 canon
1755 3264 1945 3320 eadem
1985 3276 2109 3315 cum

542 3372 613 3427 13
645 3381 699 3424 et
738 3369 806 3422 Η
852 3384 1062 3422 canone
1110 3366 1293 3445 aliqua
1340 3378 1405 3417 ex
1452 3367 1607 3431 parte
1648 3357 1922 3427 praecepit.
1974 3354 2115 3406 Dicit

539 3466 686 3519 enim
723 3477 808 3523 ea,
835 3474 955 3529 qua:
991 3457 1141 3528 prius
1181 3444 1400 3510 definita
1430 3458 1578 3515 sunt,
1612 3448 1774 3502 etiam
1804 3447 1856 3500 in
1887 3444 2117 3515 patriar-

540 3555 698 3608 cham
729 3551 898 3604 multo
931 3548 1101 3619 magis
1123 3546 1433 3605 convenire,
1462 3540 1685 3612 quando
1717 3540 1784 3593 ab
1813 3538 1933 3604 ejus
1959 3550 2112 3590 com-

542 3642 801 3697 munione
836 3656 896 3696 se
941 3642 1065 3710 quis
1095 3646 1301 3692 temere
1335 3633 1694 3689 subtraxerit.
1731 3629 1966 3697 Perinde
2010 3643 2113 3681 au-

544 3746 650 3790 tem
683 3749 745 3788 ac
774 3734 818 3787 si
854 3733 1085 3787 dixisset
1112 3730 1404 3800 quispiam,
1426 3726 1484 3780 ‘si
1524 3740 1591 3779 ex
1626 3738 1790 3779 causa
1823 3722 2110 3793 probabili,

542 3828 797 3882 videlicet
828 3834 1055 3897 propter
1089 3821 1315 3875 hacresiu
1357 3818 1589 3874 fortasse
1613 3860 1627 3882 ,
1680 3817 1804 3886 quis
1847 3833 1875 3869 a
1909 3816 2115 3885 proprii

543 3920 807 3975 antistitis
859 3914 1248 3973 communione
1300 3911 1611 3974 recesserit,
1664 3925 1763 3965 cur
1813 3907 2116 3979 punietur?

544 4010 785 4064 inferunt
815 4006 1005 4061 Patres
1032 4044 1050 4071 ,
1076 4004 1219 4073 quod
1254 4005 1369 4055 tuaac
1399 4012 1528 4055 tunc
1564 4001 1717 4064 fiunt,
1759 3999 1975 4069 quando
2016 3997 2112 4050 alis

543 4104 699 4169 cujus
743 4098 1047 4154 criminalis
1076 4110 1258 4149 causa:
1310 4103 1571 4163 praetextu
1609 4107 1704 4161 per
1738 4108 1795 4146 sc
1834 4094 1958 4160 quis
1992 4106 2115 4158 pro-

546 4192 719 4263 pridm
747 4200 1020 4262 pastorem
1051 4186 1520 4247 condemuaverit,
1547 4194 1601 4239 et
1630 4185 1750 4238 ideo
1772 4185 2013 4253 Seipsum
2049 4182 2117 4234 ab

546 4306 608 4340 νο
644 4284 961 4347 absciderit,
996 4289 1049 4334 et
1086 4283 1187 4335 hoc
1217 4281 1378 4334 modo
1417 4279 1673 4333 Ecclesiae
1706 4279 1963 4330 uuioncm
1998 4291 2119 4342 νιτ-

548 4379 776 4449 ruperit.
816 4374 873 4429 Si
910 4376 1049 4429 enim
1106 4389 1211 4427 non
1259 4382 1480 4442 propter
1506 4371 1843 4426 criminalem
1886 4382 2117 4422 accusa-

1790 299 2068 361 THEDD.
2102 298 2508 360 BALSAMON

2126 414 2173 470 Α

2775 409 3023 463 ΚΑΝΩΝ.
3072 408 3174 463 1Ε¹.
3563 402 3573 411 ’

2205 522 2223 553 1
2273 505 2353 557 Τά
2390 503 2677 574 ὁρισθέντα
2732 505 2823 555 ἐπὶ
2858 501 3249 573 πρεσϐυτέρων
3302 500 3396 554 καί
3448 500 3791 554 ἐπισκόπων

2279 614 2297 647 1
2340 598 2436 650 καὶ
2462 595 2876 666 μητροπολιτῶν
2916 595 3097 664 πολλῷ
3126 594 3326 665 μᾶλλον
3369 597 3462 657 καὶ
3520 596 3615 648 ἐπὶ
3671 612 3792 649 πα-

2276 706 2296 740 1
2334 680 2609 758 τριαρχῶν
2642 688 2897 758 ἁρμόζει.
2940 688 3126 747 Ὥστε,
3164 686 3331 749 είτις
3385 687 3714 750 ἐπίσκοπος,
3749 686 3794 757 ἦ

2277 800 2295 832 1
2336 780 2730 850 πρεσϐύτερος,
2768 780 2802 849 ἢ
2847 781 3253 849 μητροπολίτης
3281 780 3613 848 τολμήσειεν
3630 782 3789 831 ἁπο-

2277 892 2294 924 1
2335 873 2528 941 στῆναι
2584 873 2680 941 τῆς
2716 874 2849 941 πρὸς
2879 873 2969 925 τὸν
2996 874 3192 924 οἰκεῖον
3229 873 3572 942 πατριάρχην
3593 889 3799 924 κοινωο

2282 985 2300 1016 1
2340 966 2480 1027 νίας,
2516 964 2609 1018 καὶ
2648 964 2723 1035 μὴ
2748 965 3009 1033 ἀναφέροι
3054 964 3113 1015 τὸ
3150 964 3323 1032 ὅν.μα
3353 964 3515 1017 αὑτοῦ
3544 966 3692 1017 κατὰ
3725 967 3797 1016 τὸ

2276 1078 2293 1111 1
2332 1061 2638 1130 ὡρισμένον
2667 1061 2760 1111 καὶ
2777 1058 3197 1127 διατεταγμένον
3227 1058 3283 1108 ἐν
3323 1060 3387 1127 τῇ
3425 1058 3543 1128 θείᾳ
3569 1076 3797 1128 μυστα-

2278 1172 2297 1205 1
2336 1152 2537 1223 γωγίᾳ,
2556 1150 2693 1204 ἀλλὰ
2711 1150 2816 1220 πρὸ
2831 1148 3131 1218 ἐμφανείας
3150 1150 3434 1212 συνοδικῆς
3454 1151 3547 1202 καὶ
3564 1150 3800 1213 τελείας

2278 1264 2297 1297 1
2341 1245 2509 1298 αὑτοῦ
2569 1243 2950 1313 κατακρίσεως
3013 1239 3221 1310 σχίσμα
3283 1243 3520 1309 ποιήσει’
3584 1242 3798 1294 τοῦτον

2272 1352 2297 1384 1
2340 1335 2540 1404 ὥρισεν
2574 1335 2606 1403 ἡ
2639 1333 2771 1399 ἁγία
2800 1331 3019 1393 σύνοδος
3051 1330 3233 1400 πάσης
3271 1330 3543 1399 ίερατείας
3575 1349 3800 1384 παντε-

2280 1445 2297 1477 1
2347 1426 2454 1488 λῶς
2486 1425 2767 1493 ἀλλότριον
2807 1418 2969 1487 εἶναι,
3012 1423 3059 1473 εἰ
3096 1423 3256 1490 μόνον
3304 1422 3589 1493 ἐλεγχθείη
3618 1426 3798 1480 τοῦτο

2286 1538 2304 1569 1
2350 1517 2771 1588 παρανομήσας.
2835 1516 2946 1567 Καὶ
2998 1513 3172 1567 ταῦτα
3229 1515 3328 1583 μὲν
3398 1514 3633 1582 ὥρισται
3696 1522 3796 1571 καὶ

2280 1628 2299 1662 1
2346 1608 2716 1679 ἐσφράγισται
2752 1608 3020 1678 περὶτῶν
3067 1612 3337 1678 προφάσει
3387 1609 3547 1663 τινῶν
3582 1610 3789 1678 ἐγκλη-

2283 1721 2301 1753 1
2353 1702 2542 1772 μάτων
2588 1701 2701 1753 τῶν
2762 1702 2979 1754 οἰκείων
3037 1702 3425 1771 ἀφισταμένων
3472 1704 3785 1773 προέδρων,

2286 1815 2304 1847 1
2350 1797 2446 1847 καὶ
2471 1796 2743 1866 σχίσματα
2797 1795 3119 1859 ποιούντων,
3152 1796 3249 1847 καὶ
3301 1796 3400 1864 τὴν
3432 1796 3631 1848 ἕνωσιν
3692 1798 3792 1866 τῆς

2286 1908 2305 1941 1
2332 1889 2676 1959 -Ἐκκλησίας
2706 1872 3083 1944 διασπώντων.
3120 1892 3182 1942 Oi
3202 1890 3309 1960 γὰρ
3333 1890 3401 1943 δι’
3424 1892 3639 1959 αἵρεσίν
3664 1910 3797 1945 τινα

2281 2000 2300 2034 1
2347 1984 2497 2053 παρὰ
2540 1984 2648 2034 τῶν
2704 1982 2875 2049 ἁγίων
2934 1983 3167 2035 συνόδων
3215 1983 3247 2052 ἢ
3303 1983 3568 2054 Πατέρων
3615 2002 3797 2039 κατε-

2283 2095 2301 2127 1
2346 2077 2674 2144 γνωσμένην
2701 2076 2801 2144 τῆς
2855 2075 2991 2145 πρὸς
3042 2075 3134 2127 τὺν
3186 2076 3447 2147 πρόεδρον
3494 2079 3799 2139 κοινωνίας

2276 2187 2295 2220 1
2348 2169 2577 2230 ἑαυτοὺς
2646 2167 3071 2229 διαστέλλοντες,
3141 2168 3351 2220 ἐκείνου
3402 2166 3500 2237 τὴν
3567 2169 3801 2238 αἰρεσιν

2286 2276 2306 2309 1
2352 2258 2596 2327 δηλονότι
2624 2257 2866 2328 δημοσίᾳ
2898 2256 3289 2327 κηρύττοντος,
3345 2259 3441 2311 καὶ
3464 2260 3652 2328 γυμνῇ
3728 2262 3799 2327 τῇ

2284 2367 2306 2401 1
2352 2350 2560 2421 κεφαλῇ
2605 2351 2692 2402 ἐπ’
2735 2349 3029 2419 ἐκκλησίας
3065 2350 3431 2413 διδάσκοντος,
3458 2352 3508 2401 οἱ
3536 2351 3801 2402 τοιοῦτοι

2286 2460 2306 2492 1
2354 2442 2414 2494 οὑ
2452 2443 2611 2512 μόνον
2642 2445 2707 2511 τῇ
2745 2445 3004 2511 κανονικῇ
3034 2443 3356 2511 ἐπιτιμήσει
3388 2442 3488 2510 οὐχ
3548 2444 3794 2494 ὑποκεί-

2296 2552 2314 2585 1
2362 2552 2569 2598 σονται,
2602 2536 2706 2604 πρὸ
2740 2534 3024 2603 συνοδικῆς
3047 2534 3391 2601 διαγνώσεως
3420 2534 3656 2594 ἑαυτοὺς
3689 2536 3797 2602 τῆς

2288 2647 2306 2680 1
2355 2628 2494 2698 πρὸς
2549 2628 2639 2680 τὸν
2720 2627 3055 2696 καλούμενον
3124 2628 3424 2679 ἐπίσκοπον
3497 2627 3797 2689 κοινωνίας

2288 2741 2306 2773 1
2352 2721 2825 2791 ἀποτειχίζοντες,
2854 2720 2991 2774 ἀλλὰ
3032 2721 3241 2787 καὶτῆς
3280 2717 3606 2789 πρεπούσης
3625 2720 3797 2787 τιμῆς

2292 2832 2311 2866 1
2357 2812 2658 2884 ὀρθοδόξοις
2712 2811 3106 2882 ἀξιωθήσονται
3133 2828 3149 2843 ο
3210 2811 3272 2863 οὐ
3302 2811 3411 2881 γὰρ
3445 2812 3789 2873 ἐπισκόπων,

2293 2927 2313 2960 1
2359 2905 2495 2960 ἀλλὰ
2539 2905 2990 2976 ψευδεπισκόπων
3022 2902 3361 2961 διδασκάλων
3405 2906 3799 2969 κατέγνωσαν,

2294 3022 2311 3053 1
2358 3004 2453 3054 καὶ
2484 3002 2543 3053 οὐ
2601 3000 2858 3071 σχίσματι
2894 2998 2993 3068 τὴν
3050 2998 3247 3050 ἐνωσιν
3298 2996 3397 3063 τῆς
3460 2995 3801 3065 Ἐκκλησίας

2290 3113 2307 3146 1
2358 3093 2683 3162 κατέτεμον,
2729 3090 2863 3143 ἀλλὰ
2902 3090 3219 3159 σχισμάτων
3256 3087 3347 3141 καὶ
3381 3086 3672 3156 μερισμῶν
3693 3086 3807 3155 τὴν

2296 3208 2314 3241 1
2370 3186 2697 3257 Ἐκκλησίαν
2722 3185 3066 3238 ἐσπούδασαν
3100 3182 3390 3253 ῥύσασθαι.
3436 3200 3457 3232 ›

2282 3283 2477 3335 ΒΛΛΣ.
2511 3282 2621 3334 Καὶ
2654 3274 2810 3340 οὗτος
2838 3279 2865 3329 ὁ
2899 3274 3078 3330 κανὼν
3120 3276 3204 3327 ’τὰ
3254 3275 3393 3326 αὐτὰ
3447 3271 3524 3342 τῷ
3566 3271 3642 3339 ιγ’
3696 3274 3811 3324 καὶ

2216 3373 2275 3427 ιδ’
2326 3373 2512 3427 κανόνι
2574 3369 3012 3442 παρακελεύεται
3074 3368 3236 3439 μέχρι
3278 3367 3445 3427 τινός.
3497 3366 3643 3434 Φησὶ⁵
3686 3368 3813 3435 γὰρ

2216 3466 2378 3520 πλέον
2400 3464 2665 3535 ἁρμόζειν
2687 3464 2759 3517 τὰ
2784 3464 3235 3547 προδιορισθένξα
3267 3461 3365 3514 καὶ
3390 3459 3487 3512 ἐτιτί⁵
3518 3476 3628 3510 πατ
3642 3461 3819 3530 ριάρ-

2216 3576 2333 3629 χου.
2375 3558 2504 3611 ὅταν
2553 3560 2616 3611 ἐκ
2667 3558 2766 3628 τῆς
2814 3556 3003 3609 τούτου
3047 3554 3331 3616 κοινωνίας
3382 3553 3679 3625 ἀποστήσῃ
3718 3570 3814 3613 τις

2216 3646 2407 3699 ἐαυτὸν
2437 3646 2745 3716 τολμηρῶς.
2792 3645 2879 3707 Ὠς
2913 3644 2970 3696 δέ
2995 3662 3143 3706 τινος
3176 3645 3445 3705 εἰπόντος,
3490 3641 3623 3693 Ἐὰν
3650 3643 3711 3693 δέ
3744 3644 3823 3706 ἐξ

2218 3740 2443 3807 εὐλόγου
2477 3739 2659 3801 αἰτίας
2689 3738 2855 3808 τυχὸν
2910 3739 3181 3808 προφάσει
3235 3738 3525 3806 αἱρέσεως,
3580 3737 3802 3805 ἀποστῇ

2215 3848 2300 3894 τις
2354 3831 2577 3899 ἀπὸτῆς
2606 3831 2699 3883 τοῦ
2743 3830 2945 3884 οἰκείου
3000 3829 3308 3901 ἀρχιερέως
3343 3827 3665 3892 κοινωνίας,
3714 3830 3808 3880 δια

2215 3921 2269 3973 τί
2308 3918 2748 3991 κολασθήσεται;
2794 3920 3097 3987 ἐπάγουσιν
3132 3920 3180 3971 οἰ
3238 3919 3480 3987 Πατέρες
3513 3917 3591 3978 ὡς
3623 3918 3811 3970 ταῦτα

2218 4012 2395 4066 πάντα
2429 4016 2548 4065 τότε
2584 4013 2849 4080 γίνονται,
2886 4013 3015 4065 ὅταν
3056 4013 3326 4080 προφάσει
3370 4010 3810 4080 ἐγκληματικῆς

2217 4122 2365 4167 τινος
2398 4105 2707 4166 ὑποθέσεως
2739 4104 2862 4157 καθ’
2892 4103 3083 4156 ἑαυτόν
3117 4120 3198 4163 τις
3222 4101 3318 4153 τοῦ
3344 4100 3554 4153 οἰκείου
3591 4103 3810 4168 ποιμε-

2218 4212 2307 4258 νος
2331 4195 2769 4264 καταγνώσεται,
2801 4197 2895 4247 καὶ
2926 4194 3203 4263 ἀποσχίσῃ
3246 4194 3436 4246 ἑαυτὸν
3478 4193 3541 4245 ἐκ
3575 4194 3812 4256 τούτου,

2218 4289 2313 4340 καὶ
2342 4288 2765 4355 τοιουτοτρόπως
2805 4286 3075 4357 διαρῤήξῖι
3115 4287 3214 4355 τὴν
3242 4286 3440 4337 ἕνωσιν
3494 4286 3598 4353 τῆς
3665 4286 3805 4337 Ἐκο

2222 4380 2467 4450 κλησίας.
2490 4381 2551 4433 Εἰ
2582 4379 2688 4449 γὰρ
2724 4382 2797 4449 μὴ
2825 4379 2895 4431 δι’
2918 4378 3336 4446 ἐγκληματικὴν
3368 4378 3627 4439 αἰτίασιν,
3664 4380 3815 4431 ἀλὶά

556 4474 783 4536 tionem,
817 4469 909 4522 sed
963 4477 1180 4538 propter
1222 4467 1457 4519 Ιηιινρείη
1487 4507 1501 4529 ,
1537 4466 1775 4543 scipsum
1831 4478 1859 4515 a
1898 4462 2115 4531 proprio

2234 4476 2293 4527 St’
2324 4476 2536 4544 αἰρεσιν
2574 4475 2783 4544 χωρίσῃ
2828 4490 2913 4534 τις
2969 4473 3162 4523 ἐαυτὸν
3188 4473 3292 4522 ἀπὸ
3350 4471 3440 4522 τοῦ
3493 4474 3822 4523 ἐπισκόπου

546 4565 803 4634 episcopo
833 4561 1160 4632 sejunxerit,
1194 4559 1275 4612 vel
1307 4557 1751 4625 metropolitano,
1775 4555 1854 4607 vel
1888 4558 2119 4622 patriar-

546 4658 672 4719 cba,
704 4655 1049 4722 tauquam'in
1086 4652 1319 4707 ecclesia
1362 4652 1481 4705 sine
1514 4649 1719 4718 pudore
1758 4648 1988 4701 docente
2018 4650 2119 4700 do-

547 4753 752 4805 ctrinas
785 4750 1050 4819 quasdam
1091 4762 1122 4800 a
1177 4755 1323 4801 recto
1369 4746 1619 4814 do’giuate
1670 4742 1916 4807 alienas;
1972 4742 2018 4797 is
2067 4752 2121 4796 ct

550 4856 675 4897 ante
711 4844 1005 4912 perfectum
1036 4840 1421 4909 cnsuitionem,
1456 4847 1509 4890 et
1545 4836 1717 4891 multo
1756 4837 1922 4906 magis
1958 4837 2121 4889 etiam

555 4945 675 5006 post
702 4936 1095 5005 cognitionem,
1126 4933 1171 4986 si
1202 4948 1441 5001 seipsnm
1480 4948 1509 4983 ιι
1556 4936 1639 4983 sui
1690 4934 1937 5000 praesulis
1980 4948 2126 4985 com-

557 5031 813 5082 munione
846 5025 1151 5095 sejunxerit
1178 5024 1259 5076 vel
1288 5027 1647 5093 separaverit,
1680 5041 1782 5077 non
1809 5025 1983 5078 solum
2016 5041 2121 5078 non

556 5122 831 5190 punietur,
869 5120 963 5173 sed
1018 5117 1183 5170 etiam
1233 5130 1291 5171 ut
1343 5119 1681 5172 ortliodoxns
1744 5118 2121 5171 lionoraliitur.

554 5210 669 5266 Non
701 5213 847 5279 enim
880 5224 938 5263 se
962 5208 1028 5260 ab
1051 5208 1307 5277 episcOpo
1336 5209 1625 5271 abscindit,
1652 5206 1746 5261 sed
1776 5221 1805 5259 a
1839 5206 2128 5276 pscndepi—

555 5320 722 5373 scopo
754 5301 916 5371 355
947 5311 1001 5354 et
1027 5300 1164 5355 falso
1194 5301 1417 5354 ductore
1445 5318 1456 5351 :
1484 5308 1538 5354 et
1563 5299 1703 5368 quod
1736 5299 1804 5351 ab
1832 5314 1896 5352 eo
1926 5298 2127 5351 factum

558 5406 641 5451 est
675 5397 832 5449 laude
863 5396 1126 5471 dignum;
1160 5404 1220 5447 ut
1274 5394 1420 5461 quod
1479 5393 1781 5447 Ecclesium
1840 5409 1947 5445 non
1998 5410 2130 5443 eon-

560 5492 798 5550 sciudut,
832 5489 925 5544 sed
958 5503 1077 5542 eam
1117 5488 1295 5557 magis
1328 5488 1643 5555 conjungat,
1693 5495 1749 5539 et
1802 5500 1831 5538 a
1866 5485 2134 5538 divisione

562 5584 777 5637 liberet.
814 5582 1027 5635 Dictum
1063 5589 1147 5635 est
1175 5588 1355 5634 autem
1388 5597 1414 5632 a
1448 5596 1680 5641 canone,
1718 5579 2131 5633 schismaticum

564 5676 632 5728 ab
663 5675 809 5727 onmi
858 5672 1167 5728 sacerdotio
1202 5674 1397 5727 debere
1431 5688 1553 5727 esse
1601 5661 1866 5734 alienum,
1911 5680 2133 5741 propter

564 5782 656 5822 eos
684 5770 774 5827 qui
804 5769 995 5823 dicunt
1031 5765 1345 5837 hujusmodi
1400 5766 1650 5821 homines
1699 5765 1897 5819 debere
1957 5766 2137 5834 aliquo

2225 4568 2391 4619 αὑτοῦ
2428 4567 2585 4637 ἢτοῦ
2626 4564 3092 4642 μητροπολίτουῆ
3155 4564 3251 4616 τοῦ
3304 4564 3677 4632 πατριάρχου,
3738 4565 3823 4628 ὡς

2226 4660 2320 4713 ἐπὶ
2346 4660 2646 4728 ἐκκλησίας
2692 4658 3037 4719 διδάσκοντος
3095 4655 3544 4725 ἀνερυθριάστως
3613 4655 3828 4724 διδάγ-

2230 4754 2378 4822 ματά
2407 4769 2528 4804 τινα
2563 4750 3060 4820 ἄπηλλοτριωμένα
3086 4748 3179 4801 τοῦ
3206 4746 3377 4818 ,ὀρθοὗ
3426 4747 3738 4816 δόγματος,
3802 4753 3831 4801 6
3900 4786 3908 4792 .

2226 4846 2467 4907 τοιοῦτος
2522 4846 2619 4898 καὶ
2672 4846 2777 4914 πρὸ
2822 4844 3068 4908 ἐντελοῦς
3111 4843 3475 4907 διαγνώσεως,
3513 4842 3703 4910 πολλῷ
3768 4846 3835 4897 δὲ

2229 4938 2391 4991 πλέον
2420 4939 2516 4990 καί⁹
2551 4936 3041 5006 μεταδιάγνωσιν,
3080 4937 3174 4988 ἐὰν
3222 4936 3417 4988 ἑαυτὸν
3454 4936 3831 5009 ἀποτειχίσῃ,

2230 5030 2400 5098 ἤγουν
2428 5030 2645 5099 χωρίσῃ
2692 5031 2756 5082 ἐκ
2785 5029 2883 5098 τῆς
2924 5029 3331 5093 κοινωνίαςτοῦ
3365 5028 3585 5098 πρώτου
3619 5029 3831 5093 αὑτοῦ,

2230 5123 2289 5173 οὐ
2326 5122 2485 5191 μόνον
2511 5122 2571 5173 οὐ
2598 5122 3072 5192 τιμωρηθήσεται,
3108 5122 3245 5175 ἀλλὰ
3268 5122 3363 5173 καὶ
3413 5119 3829 5189 τιμηθήσεται,

2230 5214 2304 5278 ὡς
2318 5214 2615 5285 ὀρθόδοξος.
2648 5217 2719 5267 Οὐ
2751 5215 2859 5285 γὰρ
2889 5215 3187 5283 ἀπέσχισεν
3217 5214 3408 5267 ἐαυτὸν
3433 5212 3541 5265 ἀπὸ
3590 5216 3830 5268 ἐπισκύ-

2247 5323 2377 5369 που,
2411 5307 2544 5358 ἀλλὰ
2568 5307 2677 5359 ἀπὸ
2703 5308 3140 5376 ψευδεπισκόπου
3169 5307 3263 5359 καί
3292 5306 3827 5375 ψευδοδιδασκά).ςυ.

2238 5398 2347 5451 Καὶ
2392 5400 2452 5451 τὸ
2488 5402 2638 5469 παρὰ
2665 5401 2855 5453 τούτου
2905 5403 3126 5468 γεγονὸς
3176 5401 3399 5452 ἐπαίνου
3434 5398 3591 5461 ἄξιόν
3642 5401 3827 5461 ἐστιν,

2237 5489 2312 5551 ὡς
2360 5489 2434 5559 μὴ
2494 5490 2833 5560 κατατέμνον
2891 5490 2989 5558 τὴν
3038 5488 3381 5558 Ἐκκλησίαν,
3424 5486 3559 5539 ἀλλὰ
3590 5488 3835 5555 ,μᾶλλον

2241 5584 2513 5636 συνάπτον
2572 5583 2741 5653 αὐτὴν
2790 5584 2886 5635 καὶ
2958 5583 3052 5634 τοῦ
3122 5579 3394 5652 μερισμοῦ
3452 5578 3831 5632 ἀπαλλάττον.

2243 5673 2476 5743 Εἴρηται
2506 5675 2561 5726 δέ
2587 5674 2662 5742 τῷ
2703 5675 2889 5727 κανόνι
2926 5673 2986 5725 τὸ
3031 5664 3213 5743 πάσης
3241 5672 3517 5742 ἱερατείας
3540 5672 3833 5732 παντελῶς

2247 5765 2529 5837 ἀλλότριον
2564 5764 2702 5819 εἶναι
2750 5766 2842 5821 τὸν
2872 5767 3235 5836 σχισματικὸν
3266 5764 3353 5817 διὰ
3402 5750 3530 5827 τοὺς
3562 5764 3836 5829 λέγοντας
