4056 6402
251 325 391 390 1ι69

1350 392 1351 399 γ
1412 324 1491 382 1N
1527 323 1693 383 CAN.
1737 323 1836 382 xv
1874 323 2084 383 CONC.
2128 322 2345 382 ενοι.

3382 316 3519 384 1070

252 438 486 505 ὅφείλειν
515 438 634 501 τοὺς
657 436 934 497 τοιούτους
951 437 1044 488 ἐπὶ
1068 434 1258 505 καιρόν
1282 451 1399 486 τινα
1424 435 1523 502 τῆς
1549 432 1823 503 ἱερατείας

1936 434 2194 500 temporis
2239 432 2412 501 spatio
2458 448 2487 485 a
2539 436 2849 490 sacerdotio
2890 450 3129 499 cessare,
3183 441 3236 487 et
3275 449 3382 486 non
3423 437 3517 486 dc-

246 532 544 593 παύεσθαι,
580 533 669 583 καὶ
729 531 802 600 μὴ
840 528 1243 598 καθαιρεῖσθαι.
1307 525 1724 595 Ἐγκληματικὰ
1768 524 1825 576 δὲ

246 623 554 691 αίτιάματά
589 625 694 673 εἰσι
728 620 977 689 πορνεία,
1000 618 1296 688 ἱεροσυλία,
1329 617 1421 669 καὶ
1450 618 1557 668 τῶν
1584 617 1827 669 κανόνων

244 714 509 781 ἀθέτησις
532 751 546 764 .
581 710 776 772 Καλῶς
797 709 853 761 δὲ
883 705 1035 761 εἶπεν
1063 711 1090 760 ὀ
1114 706 1294 760 κανὼν
1325 707 1667 766 ὲπαινετέους
1688 703 1827 759 εἶναι

245 804 378 864 τοὺς
411 803 813 872 ἀποσχίζοντας
866 800 1097 862 ἑαυτοὺς
1129 801 1224 851 καὶ
1256 798 1362 869 πρὸ
1394 798 1692 865 καταδίκης
1723 798 1830 849 ἀπὸ
1862 807 1867 813 ’

246 898 357 949 τῶν
392 896 631 966 δημοσίᾳ
662 894 1028 947 διδασκόντων
1077 893 1333 963 αἱρετικὰ
1373 892 1700 961 διδάγματα,
1736 891 1831 942 καὶ

247 988 422 1042 ὄντων
453 988 751 1058 προφανῶς
786 988 1103 1056 αἱρετικῶν.
1164 986 1227 1036 Et
1252 985 1359 1054 γὰρ
1391 984 1692 1051 άπόκρυφα
1738 983 1832 1035 καὶ

251 1082 390 1152 μετὰ
436 1083 737 1149 ὑποστολῆς
763 1080 1143 1152 ψιθυρίζονται
1177 1079 1245 1130 τά
1268 1079 1366 1146 τῆς
1392 1078 1655 1146 αἱρέσεως
1683 1078 1833 1145 παρὰ

250 1180 348 1231 τοῦ
394 1178 615 1249 πρώτου
651 1178 725 1241 ὡς
773 1180 838 1232 ἂν
880 1178 1334 1249 ἀμφιδάλλοντος,
1369 1178 1471 1229 οὐκ
1500 1176 1704 1241 ὀφείλει
1748 1191 1832 1231 τις

245 1272 308 1335 ἐξ
340 1271 507 1324 αὐτοῦ
544 1271 651 1341 πρὸ
695 1272 996 1341 καταδίκης
1052 1270 1495 1339 ἀποσχισθῆναιοη
1537 1268 1686 1330 εἰκὸς
1724 1270 1833 1337 γάρ

224 1366 366 1416 κέστι
403 1363 954 1435 μεταρῤυθμισθῆναι
1015 1363 1205 1415 τοῦτον
1242 1363 1379 1431 πρὸς
1429 1361 1490 1414 τὸ
1549 1360 1833 1430 ὀρθόδοξον

245 1456 490 1527 προτῆς
512 1456 763 1517 ἐντελοῦς
813 1458 1166 1523 ἀποφάσεως,
1226 1455 1321 1508 καὶ
1392 1455 1696 1522 ἀποστῆναι
1736 1454 1834 1519 τῆς

245 1549 533 1619 αἱρέσεως.
570 1549 890 1618 Σημείωσαι
918 1548 1090 1603 ταῦτα
1121 1549 1254 1609 ἴσως
1301 1548 1655 1623 ὠφελήσοιιτα
1694 1546 1834 1596 κατὰ

246 1641 363 1690 τῶν
404 1639 669 1706 λεγόντων
726 1641 801 1709 μὴ
859 1639 1039 1701 καλῶς
1079 1640 1227 1708 ἡμᾶς
1265 1638 1665 1707 ἀποσχισθῆναι
1724 1637 1832 1686 άπὸ

244 1732 345 1784 τοῦ
380 1728 575 1802 θρόνου
632 1732 733 1799 τῆς
765 1730 1001 1793 παλαιᾶς
1042 1730 1286 1800 Ῥώμης,
1318 1732 1423 1798 πρὸ
1462 1729 1560 1781 τοῦ
1602 1727 1828 1781 καταδι-

234 1826 520 1895 κασθῆναι
549 1826 675 1888 τοὺς
707 1826 837 1896 περ).
883 1826 1089 1895 ταύτην
1116 1829 1188 1887 ὡς
1233 1826 1609 1901 κακόφρονας.
1660 1826 1769 1876 Καὶ
1806 1824 1831 1872 ό

252 1919 354 1986 μὲν
382 1917 577 1985 παρὼν
609 1916 791 1970 κανὼν
808 1919 934 1980 τοὺς
975 1918 1065 1971 διὰ
1092 1917 1434 1987 δογματικὴν
1466 1916 1645 1967 αἰτίαν
1697 1918 1832 1967 ἁπο-

248 2009 596 2079 τειχίζοντας
628 2012 686 2063 οὐ
719 2011 965 2073 κολάζειο
994 2014 1027 2100 6|
1056 2010 1111 2063 δὲ
1144 2007 1223 2062 λα’
1267 2010 1622 2072 ἀποστολικδς
1648 2010 1832 2063 κανὼν

246 2104 347 2156 καὶ
375 2105 502 2166 τοὺς
528 2105 955 2171 κατεγνωκότας
986 2104 1094 2155 τῶν
1128 2104 1347 2154 οἰκείων
1396 2102 1714 2153 ἐπισκόπων
1758 2103 1832 2164 ὡς

243 2195 533 2265 προδήλως
554 2196 887 2250 ἀδικούντων
930 2198 1024 2248 καὶ
1048 2195 1463 2263 ἁποσχίσαντας
1495 2192 1554 2255 ἐξ
1616 2193 1819 2253 αὐτῶν,

239 2287 572 2351 ἀνευθύνους
604 2291 881 2359 συντηρεῖ.

323 2467 754 2540 ΖΩΝΛΡ.”Απερ
778 2468 984 2539 ὥρισαν
1010 2471 1056 2520 οἱ
1083 2468 1181 2537 τῆς
1206 2466 1423 2519 συνόδου
1442 2466 1680 2535 Πατέρες
1711 2464 1835 2533 περὶ

244 2561 661 2632 μητροπολιτῶν
694 2563 787 2615 καὶ
812 2561 1148 2622 ἐπισκόπων,
1191 2561 1366 2613 ταῦτα
1415 2560 1631 2627 λέγουσι
1677 2558 1836 2611 πλέον

240 2653 511 2724 ἁρμόζειν
541 2655 637 2708 καὶ
658 2655 790 2723 περὶ
809 2652 1186 2724 πατριαρχῶν.
1206 2654 1268 2704 Εἰ
1289 2654 1396 2721 γάρ
1429 2670 1532 2714 τις,
1560 2652 1711 2721 φασὶ,
1736 2669 1839 2719 μη-

235 2745 618 2818 τροπολίτηςῆ
644 2746 937 2810 ἐπίσκοπος
967 2744 1388 2816 ἢπρεσῦύτερος
1417 2744 1676 2813 τολμήσει
1709 2744 1841 2794 ἁπο-

241 2840 439 2909 στῆναι
469 2841 562 2891 τοῦ
608 2841 993 2906 συγκοινωνείν
1050 2837 1127 2906 τῷ
1161 2836 1477 2907 πατριάρχῃ
1530 2835 1724 2895 αὑτοῦ,
1747 2836 1841 2887 καὶ

242 2931 543 2996 ἀναφέρειν
565 2928 626 2981 τὸ
643 2929 815 2998 ὄνομα
845 2926 1010 2979 αὐτοῦ
1037 2926 1218 2998 πρὶνῆ
1246 2928 1521 2995 ὲμφανίσῃ
1541 2927 1605 2993 τῇ
1637 2924 1840 2992 συνόδῳ

241 3020 391 3081 κατὰ
404 3022 497 3073 τοῦ
528 3022 889 3091 πατριάρχου,
910 3020 1003 3070 καὶ
1024 3018 1129 3090 πρὸ
1151 3017 1243 3069 τοῦ
1266 3017 1618 3080 ἐξετασθῆναι
1637 3016 1832 3079 ταῦτα,

1933 526 2083 593 poni.
2136 527 2459 582 Criminales
2520 539 2697 582 autem
2735 545 2916 583 causa)
2969 539 3119 592 sunt,
3172 527 3509 590 fornicatio,

1931 620 2297 690 sacrilegium,
2348 628 2403 676 et
2438 636 2706 676 canonum
2768 624 3131 691 transgressio
3170 636 3234 675 ac
3270 631 3515 676 content-

1934 721 2082 779 ptus.
2114 710 2282 766 Recte
2314 722 2491 768 autem
2534 713 2672 767 dixit
2701 730 2875 769 canon
2905 731 3000 769 eos
3026 731 3150 770 esse
3188 716 3514 775 laudandos.

1932 800 2023 867 qui
2059 802 2295 870 seipsos,
2346 804 2509 857 etiam
2564 811 2691 857 ante
2736 806 3272 869 condemnationem,
3307 808 3375 859 ab
3416 807 3503 867 iis,

1932 891 2026 960 qui
2090 893 2377 946 hazretieas
2412 895 2687 959 doctrinas
2735 896 2949 963 publice
2992 897 3232 956 docent,
3281 905 3333 950 et
3382 906 3513 948 sunt

1934 993 2121 1054 aperte
2152 986 2391 1049 ligerctici
2422 989 2752 1042 abscindunt
2810 990 2866 1042 Si
2913 991 3059 1043 enim
3109 992 3416 1045 clanculum
3456 1003 3513 1045 et

1933 1094 2055 1131 cum
2088 1079 2322 1146 quadam
2355 1082 2717 1140 haesitatione,
2747 1084 2943 1149 praesul
2978 1094 3034 1135 ut
3064 1084 3366 1151 ambigens,
3396 1087 3504 1138 hrc-

1935 1172 2102 1225 retica
2160 1173 2433 1241 loftuatur,
2475 1189 2585 1227 non
2634 1176 2795 1230 debet
2840 1178 2963 1245 quis
3004 1172 3070 1229 ab
3100 1193 3164 1231 eo
3219 1192 3506 1247 propterea

1934 1272 2063 1317 ante
2094 1267 2605 1319 condemnationem
2660 1268 2923 1322 abscindi.
2974 1268 3065 1321 Est
3112 1271 3254 1322 enim
3316 1271 3510 1323 verisi-

1936 1358 2087 1422 mile,
2131 1358 2246 1412 l'orc
2276 1367 2335 1411 ut
2370 1361 2435 1411 ad
2481 1360 2847 1413 orthodoxam
2879 1362 3207 1415 sententiam
3241 1372 3364 1414 ante
3393 1378 3514 1430 per-

1936 1451 2132 1504 l‘ectam
2166 1450 2546 1520 prolatamque
2588 1451 2642 1505 in
2674 1467 2798 1504 eum
2828 1454 3156 1506 sententiain
3192 1454 3512 1516 reducatur,

1935 1554 1991 1596 et
2023 1544 2091 1597 ab
2122 1543 2312 1595 hatresi
2344 1544 2593 1598 desistat.
2634 1542 2772 1597 Nota
2814 1544 2947 1609 ham,
2981 1560 3101 1612 qua:
3128 1542 3360 1597 fortas<e
3392 1561 3518 1614 pro-

1935 1635 2133 1688 derunt
2163 1636 2425 1689 adversus
2464 1650 2562 1689 eos
2595 1636 2688 1705 qni
2740 1636 2955 1703 dicunt_
2984 1652 3081 1689 nos
3128 1653 3233 1688 non
3286 1644 3432 1689 recte
3484 1652 3515 1689 a

1864 1722 1903 1798 ξὶ
1938 1730 2141 1783 throno
2174 1729 2414 1796 antiquae
2464 1728 2654 1782 Romae
2706 1712 2984 1795 sejunctos
3027 1744 3172 1791 esse,
3221 1712 3514 1798 antequam

1934 1826 2025 1894 qui
2060 1841 2180 1878 eum
2214 1825 2533 1878 obtinebant
2566 1833 2624 1878 ut
2667 1840 2834 1894 prave
2889 1827 3211 1887 sentientes,
3246 1826 3516 1879 condem-

1937 1920 2045 1970 nati
2075 1929 2281 1972 essmt.
2330 1922 2407 1971 Ac
2459 1934 2698 1987 praesens
2752 1901 2970 1985 quidem
3019 1934 3197 1972 canon
3247 1934 3360 1979 eos,
3418 1918 3515 1988 qui

1934 2016 2158 2077 propter
2180 2010 2445 2077 dogmatis
2474 2023 2695 2081 causam
2724 2008 2989 2063 recedunt
3014 2019 3067 2062 et
3089 2009 3511 2073 abscinduntur,

1938 2117 2045 2154 non
2102 2103 2256 2170 punit
2297 2118 2312 2154 :
2363 2102 2677 2156 tricesimus
2704 2114 2885 2157 autem
2930 2102 3138 2170 primus
3169 2118 3343 2156 canon
3380 2118 3515 2171 apo-

1936 2196 2166 2249 stolicus
2189 2211 2286 2249 eos
2314 2200 2508 2256 etimn,
2534 2196 2625 2263 qui
2656 2197 2910 2264 proprios
2939 2196 3231 2265 episc0pos
3256 2193 3518 2250 condem-

1939 2298 2155 2346 narunt.
2193 2299 2253 2341 ttt
2286 2289 2374 2355 qui
2412 2299 2598 2356 aperte
2646 2274 2849 2357 iujuSIe
2890 2297 3076 2356 agant,
3110 2298 3166 2341 et
3193 2288 3314 2342 ideo
3345 2304 3402 2342 se
3442 2288 3516 2342 ab

1940 2382 2006 2433 iis
2037 2380 2399 2446 sejunx-erunt
2426 2420 2442 2443 ,
2476 2379 2543 2432 ab
2572 2381 2720 2432 otuni
2755 2394 2915 2448 ptena
2954 2380 3158 2434 liberos
3199 2390 3514 2433 conservat.

1972 2450 2264 2526 ‘ZONAK:
2324 2470 2454 2537 Qua:
2504 2474 2571 2525 de
2617 2472 3052 2541 metrOpolitanis
3131 2472 3515 2540 cpiscopisque

1942 2567 2163 2619 deﬁnita
2195 2574 2345 2625 sunt,
2374 2582 2434 2619 ea
2464 2564 2529 2619 de
2552 2565 2879 2634 patriarchis
2904 2580 3121 2635 quoque
3147 2566 3316 2619 multo
3345 2570 3519 2634 magis

1943 2658 2171 2725 intelligi
2215 2657 2417 2711 debere
2466 2656 2656 2727 synodi
2693 2655 2883 2710 Patres
2918 2656 3211 2710 aﬁirmant.
3270 2656 3325 2710 Si
3384 2658 3509 2726 quis

1943 2751 2112 2814 enim,
2145 2749 2422 2817 inquiunt,
2452 2748 2930 2815 metropolitanus,
2956 2750 3247 2816 epist-opus
3277 2758 3365 2802 aut
3395 2765 3523 2817 pre-

1944 2845 2149 2913 sbyter,
2183 2857 2299 2897 sea
2353 2842 2679 2910 patriarchae
2762 2844 2847 2895 sui
2899 2843 3293 2895 communione
3350 2859 3523 2896 remo.

1945 2952 2094 2997 vere,
2125 2944 2289 3004 atque
2320 2936 2389 2988 ah
2421 2935 2566 2988 illius
2597 2935 2814 2988 nomine
2842 2920 3129 2988 referendo
3154 2950 3376 2990 cessare
3418 2951 3520 2989 au-

1945 3026 2092 3087 deat,
2140 3026 2460 3092 priusquam
2493 3040 2579 3083 ea,
2603 3024 2670 3077 de
2705 3024 2905 3093 quibus
2934 3024 3303 3091 patriarcham
3350 3041 3520 3078 accu-

240 3114 346 3167 καὶ
376 3115 771 3184 κατακριθῆναι
807 3113 935 3174 ἴσως
954 3113 1151 3166 αὐτόν’
1188 3111 1214 3162 ὁ
1244 3110 1481 3171 τοιοῦτος
1520 3111 1576 3170 ὸς
1632 3108 1833 3177 σχίσμα

1940 3123 2049 3171 sat,
2100 3113 2314 3183 synodo
2355 3104 2700 3175 iudieaverit,
2733 3127 2796 3162 ac
2850 3110 2943 3163 ille
2990 3110 3347 3181 {artat-ausa
3391 3113 3520 3166 dili-

241 3206 479 3275 ποιήσας
504 3206 683 3273 πάσης
707 3206 980 3272 ίερατείας
1008 3200 1286 3271 ἀλλότριος
1337 3200 1489 3251 ἔσται
1523 3198 1822 3257 παντελῶς.

244 3297 479 3366 Εἴρηται
517 3297 574 3349 δὲ
607 3298 665 3351 τὸ
693 3296 900 3365 πάσης
928 3296 1049 3348 ἀντὶ
1085 3296 1203 3359 τοῦ,
1228 3295 1276 3346 οἱ
1302 3293 1400 3363 μὲν
1428 3293 1702 3362 ἀρχιερεῖς
1726 3290 1826 3357 τῆς

240 3388 662 3457 αρχιερατικῆς,
693 3391 743 3441 οἱ
766 3388 821 3440 δὲ
848 3390 1011 3460 ἱερεῖς
1037 3390 1136 3459 τῆς
1161 3386 1440 3455 ἱερατικῆς
1464 3401 1477 3413 ·
1503 3384 1563 3434 τὸ
1586 3383 1640 3434 δὲ
1674 3396 1828 3434 xar-

236 3476 456 3543 τελώς,
489 3481 571 3530 ὅτι
604 3479 730 3537 ,οὐκ
773 3479 865 3530 ὲπί
893 3496 1018 3530 τινα
1062 3478 1253 3547 χρόνον
1296 3476 1679 3545 εἰρχθὴσονται
1732 3474 1825 3524 τοῦ

239 3572 580 3641 ἱερουργεῖν,
633 3563 753 3622 εἶτα
784 3572 1357 3639 ,ἀποκαταστήσονται
1419 3565 1575 3629 αὖθις
1624 3568 1702 3625 εἰς
1730 3566 1829 3634 τὴν

234 3666 455 3719 οἰκείαν
486 3666 672 3734 τιμήν·
719 3663 854 3716 ἀλλὰ
883 3663 1105 3723 τελείως
1147 3658 1509 3712 ἐκπεσοῦνται
1546 3659 1645 3727 τῆς
1675 3658 1830 3721 ἀξίας

236 3758 454 3821 αὐτῶν,
488 3760 579 3810 καὶ
606 3757 727 3808 οὐδὲ
761 3756 928 3824 τιμὴν
960 3753 1144 3817 ἓξο.σι
1178 3755 1349 3820 μόνην
1376 3750 1694 3819 ἀρχιερεῦσι
1740 3752 1831 3797 καὶ

242 3852 490 3923 ἱερεῦσιν
521 3851 852 3918 ἀνήκουσαν.
875 3843 1012 3899 Εἶτα
1036 3848 1337 3911 ἐπάγουσιν
1367 3844 1447 3895 ὃτι
1493 3842 1669 3894 ταῦτα
1732 3845 1830 3907 μὲν

238 3948 480 4016 ὥρισται
509 3944 601 3995 καὶ
633 3943 1024 4011 ἐσφράγισται,
1051 3938 1297 3991 τουτέστι
1334 3935 1563 4004 βεϐαίως
1587 3934 1831 3984 τετυπω-

242 4057 342 4090 ται
372 4040 425 4105 (ἡ
453 4037 562 4105 γὰρ
589 4033 824 4102 σφραγὶς
846 4024 935 4094 ἐἰς
967 4028 1258 4098 βεδαίωσίν
1306 4027 1422 4076 ἐστι
1454 4024 1560 4075 τῶν
1597 4036 1831 4090 σφραγι-

236 4130 500 4199 ,ζομένων
530 4129 623 4178 καὶ
642 4124 935 4193 φυλακὴν),
963 4122 1089 4190 περὶ
1118 4119 1226 4170 τῶν
1262 4116 1532 4187 προφάσει
1560 4115 1719 4164 τιτῶν
1745 4115 1834 4177 ἐγ-

264 4220 563 4287 κλημάτων
597 4217 706 4269 τῶν
738 4216 956 4267 οἰκείων
984 4209 1370 4279 ἀφισταμένων
1398 4207 1696 4276 προέδρων,
1742 4206 1833 4256 καὶ

243 4315 351 4383 τὴν
382 4298 575 4364 ἕνωσιν
603 4307 956 4362 διασπώντων
998 4306 1096 4374 τῆς
1130 4300 1475 4368 Ἐκκλησίας,
1498 4301 1586 4351 ὅτε
1634 4298 1833 4366 δηλαδὴ

239 4406 510 4474 πορνείαν
530 4402 660 4461 ἴσως
677 4399 989 4466 αἰτιωμένῳ
1006 4393 1433 4464 προσάπτουσιν,
1451 4387 1776 4458 ἱεροσυλίαν,
1802 4391 1830 4455 η

236 4460 343 4554 ἐπί
361 4494 608 4567 χρῆμασι
635 4460 997 4563 χειροθεσίαν,
1016 4460 1446 4557 ἢ-άλλαζτοιαῦτά
1474 4483 1695 4535 τινα.Εί
1729 4480 1772 4531 δ’
1802 4486 1828 4532 ο

237 4591 605 4658 πατριάρχης
637 4581 857 4653 τυχὸνῆ
913 4578 1344 4650 μητροπολίτης,
1392 4574 1424 4645 ἦ
1456 4577 1484 4626 ὁ
1529 4575 1830 4635 ἐπίσκοπος

176 4674 181 4681 λ
240 4666 533 4755 αἱρετικὸς
582 4680 694 4745 εἴη,
732 4679 826 4729 καὶ
858 4674 1100 4736 τοιοῦτος
1149 4672 1225 4735 ὡς
1272 4672 1508 4740 δημοσίᾳ
1540 4668 1832 4736 κηρύττειν

158 4815 167 4821 .
241 4773 355 4843 τὴν
386 4772 622 4841 αἰρεσιν,
651 4767 743 4819 καὶ
773 4767 954 4834 γυμνῇ
972 4766 1039 4834 τῇ
1060 4764 1295 4831 κεφαλῇ,
1325 4762 1445 4812 αντ).
1473 4758 1593 4820 τοῦ,
1631 4761 1834 4809 dvorto-

240 4864 463 4925 στόλως
495 4864 590 4914 καὶ
649 4858 789 4930 μετὰ
822 4856 1160 4927 παρρησίας,
1204 4855 1445 4906 διδάσκει
1482 4852 1547 4903 τὰ
1580 4851 1833 4919 αἱρετικὰ

233 4960 522 5027 δόγματα,
557 4956 607 5007 οἱ
669 4950 1057 5021 ἀποσχίςοντες
1133 4947 1319 5012 αὑτοῦ,
1360 4948 1536 4999 ὁποῖοι
1586 4945 1651 4997 ἂν
1700 4941 1831 5003 εἷεν,

230 5056 318 5108 οὐ
351 5055 508 5120 μόνον
531 5049 805 5109 κολάσεως
834 5045 974 5110 ἄξιοι
1003 5042 1101 5094 οὐκ
1130 5041 1346 5093 ἔσονται
1371 5040 1459 5092 διὰ
1493 5037 1671 5100 τοῦτο,
1699 5034 1834 5088 ἀλλὰ

230 5147 356 5202 καὶ
386 5142 574 5213 τιμῆς,
607 5141 682 5202 ὡς
714 5137 1005 5207 ὀρθὸδοξοι,
1050 5132 1471 5200 ἁξιωθήσονται,
1508 5128 1833 5198 χωρίζοντες

232 5235 488 5297 ἑαυτοὺς
525 5236 623 5303 τῆς
655 5230 763 5284 τῶν
808 5227 1100 5298 αἱρετικῶν
1155 5222 1462 5284 κοινωνίας.
1519 5221 1691 5271 Τοῦτο
1724 5234 1833 5285 γαρ

227 5329 409 5397 δηλοῖ
440 5328 501 5378 τὸ
544 5323 1004 5392 ἀποτειχίζοντες.
1035 5319 1108 5370 Τὺ
1153 5318 1262 5385 γάρ
1316 5316 1493 5383 τεῖχος
1537 5312 1644 5364 τῶν
1683 5313 1835 5371 ἐντὸς

234 5421 426 5480 αὑτοῦ
454 5422 590 5490 πρὸς
622 5416 747 5479 τοὺς
773 5416 928 5477 ἐκτὸς
956 5410 1232 5493 χωρισμός
1266 5409 1438 5459 ἔστιν.
1469 5406 1544 5457 Οὐ
1578 5405 1684 5473 γάρ
1714 5406 1835 5454 ὲπι-

243 5520 467 5573 σκόπου
500 5512 836 5573 ἀπέστησαν,
872 5506 1008 5559 ἀλλὰ
1040 5503 1482 5575 ψευδεπισκόπου
1516 5500 1604 5550 καὶ
1639 5498 1835 5565 ψευδο-

242 5607 606 5666 διδασκάλου.
643 5602 777 5655 Οὐδὲ
808 5601 1013 5668 σχίσμα
1042 5599 1111 5650 τά
1143 5597 1240 5667 τῆς
1280 5591 1609 5671 Ἐκκλησίας
1636 5589 1825 5659 ἐποίη-

246 5723 387 5767 σαν,
418 5701 553 5755 ἀλλὰ
588 5696 787 5769 μᾶλλον
818 5693 1137 5762 σχισμάτων
1162 5689 1262 5759 τὴν
1298 5684 1627 5755 Ἐκκλησίαν
1654 5685 1832 5753 ἀπή),-

242 5798 433 5861 λσιξαν
464 5799 589 5851 ὅσον
620 5795 681 5848 τὸ
708 5791 793 5847 ἐπ’
815 5792 1019 5849 αὐτοῖς.

1929 3213 2118 3275 genter
2141 3205 2488 3265 examinata,
2538 3202 2831 3273 damnatus
2868 3201 3070 3265 fuerit;
3116 3203 3379 3270 ejusmodi
3422 3205 3522 3257 lto-

1935 3298 2180 3361 minem,
2237 3307 2495 3365 tanquam
2561 3294 3015 3352 schismaticum,
3084 3296 3232 3347 omni
3294 3312 3519 3359 prorsus

1933 3388 2254 3443 sacerdotali
2304 3391 2511 3443 honore
2545 3390 2819 3457 privatum
2846 3403 2965 3442 esse
2997 3387 3319 3441 decernunt.
3359 3389 3519 3442 Omni

1932 3484 2147 3552 quidem
2170 3485 2339 3546 aiunt,
2361 3492 2421 3535 ut
2441 3496 2680 3535 summos
2703 3481 3010 3534 sacerdotes
3035 3495 3247 3535 summo
3269 3485 3522 3537 saccrdt»

1936 3577 2030 3639 tio,
2071 3577 2383 3629 sacerdotes
2407 3589 2533 3627 vero
2564 3570 2887 3627 sacerdotali
2938 3572 3200 3641 dignitate
3227 3575 3519 3641 privandns

1934 3671 2349 3727 demonstrent;
2380 3682 2597 3733 prorsus
2631 3679 2759 3717 vero
2792 3664 3112 3732 particulam
3149 3664 3424 3725 addidere,
3459 3679 3520 3718 nt

1934 3776 2029 3812 eos
2061 3776 2168 3811 non
2214 3760 2278 3811 ad
2313 3770 2522 3811 certum
2573 3757 2835 3825 temporis
2864 3749 3228 3809 intervallum
3274 3771 3305 3810 a
3358 3741 3518 3810 sacro

1937 3849 2247 3902 ministerio
2281 3850 2567 3907 arcendos,
2607 3858 2664 3899 ut
2690 3847 2886 3901 deinde
2912 3862 3107 3899 rursus
3140 3846 3373 3913 pristino
3413 3850 3483 3900 ho
3505 3877 3519 3887 -

1937 3942 2056 3993 nnri
2093 3942 2487 4007 restituantur;
2519 3944 2612 3995 sed
2648 3943 2796 3995 omni
2852 3940 3067 4010 penitus
3100 3941 3361 4010 dignitate
3388 3938 3516 4008 s'pn-

1939 4034 2150 4087 liandos
2182 4033 2553 4103 neque‘ullum
2580 4034 2715 4101 ipsis
2745 4034 3034 4092 honorem,
3066 4033 3158 4098 qui
3192 4032 3517 4099 praesulibus

1939 4124 2190 4179 autaliis
2220 4125 2602 4179 sacerdotibus
2635 4126 2851 4192 proprie
2898 4122 3149 4184 debetur,
3204 4124 3521 4192 relinquet:-

1938 4219 2065 4271 dum
2098 4232 2221 4271 esse
2246 4216 2563 4270 ostendant.
2603 4214 2807 4268 Deinde
2837 4228 2966 4267 vero
3000 4214 3115 4267 haec
3164 4213 3382 4282 quidem
3440 4214 3517 4267 ita

1939 4311 2161 4363 decreta
2198 4304 2623 4379 obsignataqué,
2654 4307 2756 4360 hoc
2796 4317 2901 4368 cst,
2932 4307 3002 4359 ita
3042 4308 3199 4375 plane
3224 4310 3517 4362 constituta

1942 4403 2134 4465 fuisse,
2195 4401 2505 4471 subjiciunt
2534 4400 2791 4468 ,(signum
2840 4413 3075 4464 namque
3126 4401 3190 4451 ad
3241 4414 3346 4464 ea,
3395 4417 3519 4468 qua:

1936 4494 2316 4563 ohsignantur,
2346 4489 2716 4547 conﬁrmanda
2757 4504 2822 4542 ac
2854 4488 3212 4545 custodienda
3237 4490 3514 4557 pertinet),

1935 4602 2002 4641 ne
2032 4602 2138 4655 qua
2172 4585 2381 4639 fraudis
2410 4584 2630 4639 occasio
2657 4582 2723 4636 iis
2752 4576 3063 4634 hominibus
3089 4578 3514 4650 relinqueretur,

1934 4681 2025 4749 qui
2062 4678 2424 4748 quorumdam
2463 4676 2753 4730 criminum
2783 4674 3032 4733 obtentu,
3062 4672 3207 4741 (μιοὰ
3263 4674 3311 4727 ei
3363 4676 3515 4727 ride-

1939 4777 2064 4827 Iicet
2090 4787 2250 4841 quem
2287 4779 2572 4830 accusant,
2603 4777 2696 4820 aut
2740 4778 3155 4834 constupratam
3193 4766 3472 4819 mulierem
3501 4804 3517 4825 ,

1938 4872 2030 4916 aut
2060 4863 2139 4916 rei
2174 4877 2345 4915 sacra:
2404 4860 2649 4924 furtum,
2707 4869 2799 4912 aut
2855 4860 3109 4917 ordinum
3166 4857 3518 4911 collationem

1938 4956 2111 5027 prétio
2143 4954 2506 5013 divenditam,
2534 4960 2625 5004 attt
2651 4951 2753 5003 alia
2790 4950 2953 5018 hujus
2988 4949 3203 5018 generis
3244 4949 3523 5027 facinora;

1936 5048 2214 5116 attingant,
2249 5048 2317 5099 ab
2345 5042 2657 5097 antistitum
2691 5057 2915 5097 sttorum
2956 5042 3283 5096 auctoritate
3334 5024 3514 5095 desci-

1938 5150 2120 5200 scunt,
2151 5152 2203 5192 et
2227 5120 2481 5191 Ecclesia!
2509 5136 2946 5205 conjunctionem
2980 5146 3269 5202 propterea
3306 5135 3510 5187 distra-

1940 5236 2075 5286 hunt
2116 5246 2179 5285 ac
2208 5229 2495 5283 divellunt.
2531 5229 2685 5290 Quod
2716 5230 2760 5281 si
2803 5228 2939 5283 forte
2970 5229 3337 5297 patriarcham
3367 5264 3381 5287 ,
3416 5231 3516 5277 aut

1941 5324 2463 5393 metropolitanum,
2514 5330 2608 5373 aut
2658 5322 2971 5391 episcopqu
3029 5320 3345 5373 hrereticum
3396 5330 3520 5369 esse

1939 5418 2241 5486 contingat,
2281 5428 2343 5466 ac
2378 5413 2651 5481 ejusmodi
2680 5413 2899 5481 quidem
2934 5412 3270 5473 htcretirunt,
3308 5417 3364 5461 ut
3404 5408 3521 5461 ha:-

1940 5507 2103 5560 resim
2147 5518 2299 5558 suam
2350 5502 2565 5593 publice
2597 5503 2921 5573 proﬁteatur
2945 5542 2959 5566 ,
2994 5510 3047 5555 et
3093 5510 3280 5568 aperto
3319 5498 3520 5566 capite,

1940 5600 2044 5654 hoc
2069 5606 2173 5659 cst,
2206 5594 2431 5650 ﬁdenter
2462 5592 2691 5665 prorsus
2719 5592 2884 5665 atque
2917 5593 3199 5655 au‘dacter,
3235 5592 3522 5676 lucretius

1937 5692 2227 5762 opiniones
2264 5689 2514 5752 docendo
2544 5690 2597 5743 in
2633 5689 2827 5759 vulgus
2867 5686 3185 5741 disseminet
3215 5703 3229 5750 ;
3285 5700 3522 5754 qun-nn-

1947 5802 2051 5857 que
2079 5786 2296 5840 demmn
2333 5784 2401 5838 ab
2425 5784 2517 5837 illo
2552 5798 2611 5837 se
2639 5781 2964 5836 ahduxerint
2986 5796 3134 5843 ,nou
3175 5778 3332 5833 modo
3364 5779 3547 5861 ιιιιΗοκ

2841 5916 2859 5941 Ι
