4056 6396
580 319 712 386 1οἸ1
1830 314 2107 374 THEOD.

2240 314 2372 373 LSA
2384 315 2541 374 Mth
3017 321 3027 331 '
3670 314 3819 376 1072

578 436 1067 491 animadversionis
1107 442 1201 487 aut
1230 430 1412 485 multa:
1467 444 1660 500 genere
1695 438 1987 497 propterea
2040 429 2329 496 puniendiv,
2359 431 2450 482 sed
2489 414 2692 483 honore
2718 429 2918 498 potius,
2982 426 3181 498 quippe
3230 428 3323 498 qui
3378 439 3578 482 certam
3647 429 3816 484 ﬁdem

575 537 899 581 constanter
934 533 1172 588 teneant,
1249 536 1414 590 seque
1480 521 1547 573 ab
1616 519 1990 572 haereticorum
2060 519 2467 571 consociatione
2494 519 2796 588 sejungant,
2826 520 2973 588 digni
3003 522 3485 574 existimabuntur.
3516 518 3625 574 lloe
3653 524 3812 575 enim

574 622 842 688 signiﬁcat
876 622 1097 672 verbum
1150 613 1608 684 άποτειχίζοντες.
1654 609 1787 663 Nam
1822 614 2021 680 τεῖχος,
2074 611 2124 663 id

2235 619 2270 673 t,
2300 615 2500 678 paries,
2530 614 2598 665 ab
2629 613 2694 666 iis
2728 627 2849 679 qua:
2879 613 3023 663 intus
3049 622 3175 664 sunt
3198 654 3210 673 ,
3276 614 3545 665 exteriora
3614 614 3821 665 discri—

574 716 765 767 minat.
798 711 907 766 Nec
958 714 1099 763 enim
1132 711 1165 763 ii
1202 711 1268 763 ab
1313 709 1609 779 episcopo;
1646 706 1739 761 sed
1778 705 1855 759 ab
1937 705 2154 758 homine
2228 703 2329 756 sibi
2358 704 2595 772 episcopi
2627 719 2689 756 ac
2713 703 2950 756 doctoris
2976 719 3175 755 nomen
3200 705 3471 755 immerito
3511 715 3845 771 usurpante

572 806 911 859 discessere:
948 820 1121 872 neque
1154 802 1464 855 schismatis
1492 810 1683 853 contra
1712 797 2010 851 Ecclesiam
2044 803 2297 850 auctores
2337 795 2595 859 luerunt,
2666 811 2757 850 seu
2817 812 2846 850 a
2919 795 3213 849 schismate
3262 798 3445 864 potius
3477 840 3490 861 ,
3559 799 3705 863 quod
3762 802 3820 851 in

571 896 704 964 ipsis
742 897 865 957 fuit,
899 894 1193 948 Eet-lesiam
1225 894 1593 947 vindicarunt.

641 988 868 1042 AltlST.
911 1008 927 1038 ι
965 986 1223 1041 Similiter
1248 994 1303 1039 et
1338 986 1385 1039 si
1410 986 1701 1055 episcopus
1740 989 1829 1035 aut
1865 988 2129 1046 metropo-

2237 975 2459 1027 ΑΡΙΣΤ.
2514 993 2531 1023 ι
2593 973 2872 1036 Ὡσαύτως
2904 974 2996 1025 καὶ
3021 974 3075 1025 εἴ
3095 991 3177 1035 τις
3210 975 3509 1034 ἑπῖσκοπος
3541 973 3570 1043 ἦ
3604 992 3825 1043 μητρο-

578 1286 595 1315 1

578 1378 595 1408 1

580 1472 596 1500 Ι

638 1083 840 1135 litanus
871 1092 1060 1133 contra
1111 1079 1476 1146 patriareham
1535 1075 1813 1145 quippiam
1846 1066 2134 1141 'cjusmodi

634 1188 799 1226 ausus
822 1172 1005 1233 fuerit,
1026 1176 1091 1223 ab
1114 1171 1260 1223 omni
1290 1169 1594 1224 sacerdotio
1616 1168 1903 1220 alienetur.
1940 1161 1997 1216 Si
2043 1162 2136 1230 qui

635 1278 813 1317 autem
850 1280 876 1316 a
906 1264 1156 1341 quopiam
1196 1263 1542 1324 recesserint,
1570 1264 1695 1313 'non
1724 1258 1969 1312 criminis
1996 1271 2136 1324 pra:-

646 1368 816 1420 textn,
838 1357 949 1425 sed
986 1367 1201 1425 propter
1226 1355 1502 1419 hzeresim,
1532 1369 1560 1407 a
1586 1352 1792 1423 synodo
1820 1349 1901 1403 vel
1932 1346 2136 1401 sanctis

640 1450 889 1503 Patribus
939 1448 1352 1501 condemnatam
1380 1485 1395 1507 ,
1448 1446 1651 1499 honore
1694 1458 1756 1497 ac
1802 1440 1960 1494 laude
1989 1436 2135 1506 digni

641 1550 786 1605 sunt,
813 1549 993 1607 utpote
1028 1537 1337 1592 orthodoxi.
1374 1554 1391 1586 ι

862 1638 865 1639 ί
1040 1624 1204 1696 356
1238 1623 1473 1679 cauos
1537 1622 1680 1676 xvr.
2090 1694 2095 1699 ι

635 1721 857 1787 Propter
884 1720 1267 1773 contentiones
1296 1728 1351 1772 et
1384 1718 1671 1781 tumultus,
1697 1716 1791 1784 qui
1826 1715 1878 1767 iu
1913 1713 2008 1767 Dei
2035 1710 2136 1767 Ec-

648 1831 665 1863 ι
705 1812 871 1865 clesia
903 1810 1246 1878 contingunt,
1280 1808 1384 1863 hoc
1418 1823 1636 1877 quoque
1669 1815 1754 1861 est
1784 1805 2010 1859 delinire
2040 1820 2135 1858 ne-

645 1923 663 1955 ς
705 1901 1028 1966 cessarium;
1062 1908 1121 1953 ut
1146 1902 1442 1969 episcopus
1472 1899 1620 1952 nullo
1647 1898 1808 1951 modo
1835 1896 2137 1950 constitua-

641 2017 658 2047 ‹
709 2005 799 2049 tur
828 1996 883 2048 in
916 1993 1181 2054 Ecclesia,
1214 1991 1371 2061 cujus
1400 1992 1595 2061 praesul
1644 1990 1824 2044 adhuc
1876 1989 2029 2051 vivit,
2083 1996 2136 2041 et

645 2109 661 2137 ι
703 2100 790 2142 est
823 2084 1001 2138 adhuc
1035 2084 1088 2137 in
1127 2084 1346 2153 proprio
1375 2082 1583 2137 honore
1623 2082 1989 2144 constitutus;
2028 2079 2131 2133 nisi

644 2200 661 2228 ι
699 2175 1032 2246 episcopatui
1076 2189 1176 2227 suo
1217 2182 1412 2243 sponte
1446 2173 1862 2226 renuntiaverit.
1910 2169 2135 2239 Oportet

641 2290 658 2319 ι
701 2267 848 2321 enim
879 2278 1103 2323 causam
1143 2263 1263 2332 ejus
1293 2302 1308 2327 ,
1342 2263 1435 2332 qui
1464 2272 1549 2317 est
1585 2262 1901 2333 episcopatu
1947 2258 2131 2329 expel-

641 2380 659 2411 c
700 2359 910 2420 lendus,
948 2356 1212 2411 canonice
1244 2355 1612 2408 examinatam
1668 2354 1735 2409 ad
1765 2354 1922 2407 linem
1979 2353 2132 2421 prius

641 2471 657 2503 ι
699 2451 892 2506 deduci
927 2448 1164 2503 :deinde
1208 2456 1329 2517 post
1382 2448 1499 2517 ejus
1535 2447 1929 2515 depositione-ti
1954 2479 1972 2507 ,
2003 2445 2133 2497 alte-

640 2563 658 2596 ι
698 2557 815 2597 rmn
839 2542 892 2595 in
919 2541 1036 2608 ejus
1055 2540 1421 2609 episcopatum
1442 2537 1685 2607 provehi.
1713 2536 1771 2591 Si
1797 2536 1921 2605 quis
1950 2543 2133 2588 autem

643 2654 662 2686 ι
700 2635 989 2704 episcopus
1026 2632 1081 2684 in
1115 2630 1337 2700 preprio
1374 2630 1583 2684 honore
1629 2628 1983 2686 constitutus.
2031 2638 2131 2678 nec

640 2745 660 2778 ι
695 2728 807 2777 vult
843 2724 1174 2787 renuntiare,
1232 2734 1333 2775 nec
1381 2721 1663 2791 proprium
1722 2720 1982 2788 populum
2034 2732 2133 2786 pa-

643 2836 658 2867 ι
698 2831 885 2880 scere;
925 2814 1021 2869 sed
1055 2830 1084 2866 a
1136 2829 1235 2867 suo
1278 2812 1594 2881 episcopatu
1647 2812 1907 2864 recedens
1934 2849 1948 2871 ,
1988 2808 2135 2876 plus—

642 2927 658 2957 ι
702 2923 865 2976 quam
919 2921 1010 2960 sex
1068 2904 1345 2960 mensibus
1393 2904 1446 2956 in
1482 2902 1607 2955 ’dllO
1653 2902 1773 2955 loco
1803 2902 1981 2968 degat,
2035 2914 2135 2952 uec

642 3017 661 3049 ι
700 3000 845 3068 regio
872 2999 1030 3068 jussu
1060 2999 1314 3051 detentus
1339 3035 1353 3060 ,
1384 3009 1483 3049 nec
1516 2994 1601 3049 sui
1634 2995 1952 3062 patriarcha:
1974 2992 2136 3046 mini-

643 3105 661 3139 ι
702 3090 871 3141 sterio
906 3086 1228 3142 deserviens
1256 3128 1268 3149 ,
1305 3101 1478 3154 neque
1527 3101 1555 3137 a
1603 3084 1753 3154 gravi
1814 3084 2023 3147 morbo,
2079 3089 2135 3137 et

642 3199 659 3229 ι
702 3180 817 3247 qui,
858 3189 915 3232 ut
970 3192 1315 3233 commovere
1365 3193 1424 3230 se
1481 3190 1586 3229 non
1640 3176 1846 3244 possit,
1890 3174 2089 3230 elﬁciat
2117 3214 2132 3239 ,

644 3291 660 3322 ι
698 3272 920 3324 omnino
957 3278 1204 3323 retentus
1245 3284 1259 3320 :
1296 3272 1341 3321 is
1372 3282 1501 3336 ergo
1536 3266 1680 3320 nulla
1731 3282 1796 3321 ex
1836 3282 2000 3335 supra
2049 3267 2132 3321 di-

641 3382 660 3414 ‹
702 3366 807 3418 ctis
831 3362 1008 3416 causis
1037 3360 1362 3429 prohibitus,
1396 3371 1448 3413 et
1476 3373 1506 3411 a
1537 3373 1638 3413 suo
1676 3360 1992 3427 episcOpatu
2028 3360 2127 3411 ab-

644 3470 663 3504 ι
700 3468 827 3507 sens
851 3491 877 3525 ,ί
908 3459 961 3504 et
999 3451 1143 3503 ultra
1190 3457 1457 3503 semestre
1505 3455 1720 3514 tempus
1755 3447 1807 3499 in
1852 3448 1961 3499 alio
2016 3447 2134 3500 loco

642 3563 660 3596 ι
699 3545 925 3613 degens,
972 3545 1039 3597 ab
1071 3542 1310 3610 episcopi
1357 3541 1621 3611 dignitate
1676 3552 1730 3593 et
1778 3539 1986 3593 honore
2020 3555 2133 3593 om-

641 3656 658 3685 ι
700 3640 828 3689 nino
860 3634 1205 3689 alienabitur.
1232 3634 1368 3685 Eum
1396 3634 1537 3686 enim
1564 3631 1656 3700 qui
1690 3644 1803 3684 sua:
1834 3631 1953 3684 lidei
1986 3647 2134 3707 cotn-
2160 3672 2205 3728 ο

639 3747 661 3780 ι
699 3729 927 3784 missum
961 3741 1173 3797 gregem
1210 3725 1459 3796 negligit,
1494 3732 1548 3779 et
1583 3723 1634 3776 in
1663 3723 1768 3776 alio
1802 3723 1920 3777 loco
1963 3738 2132 3792 supra

641 3840 658 3872 ι
704 3830 967 3875 semestre
994 3830 1206 3887 tempus
1225 3817 1391 3887 degit,
1432 3814 1625 3870 Statuit
1654 3822 1841 3869 sancta
1865 3815 2133 3884 synodus,

640 3932 659 3965 ι
701 3923 759 3967 ut
787 3928 815 3967 a
851 3914 1181 3972 sacerdotio,
1218 3925 1313 3979 per
1367 3908 1513 3977 quod
1569 3923 1792 3978 pascere
1850 3906 2134 3962 ordinatus

640 4026 659 4057 1
697 4018 775 4061 est
800 4046 816 4070 ,
863 4006 1074 4060 alienus
1107 4005 1335 4059 omnino
1366 4002 1736 4056 constituatur
1759 4039 1774 4065 ,
1823 4008 1874 4053 et
1922 4001 1977 4055 in
2014 4001 2133 4068 ejus

2160 2323 2207 2383 Β

2320 1085 2336 1116 t
2383 1065 2606 1135 πολίτης
2643 1067 2784 1117 κατὰ
2815 1067 2909 1118 τοῦ
2947 1066 3281 1135 πατριάρχου
3330 1066 3555 1119 τοιαῦτα
3602 1068 3824 1135 τολμή-

2313 1178 2329 1208 ι
2380 1178 2482 1223 σει,
2513 1162 2694 1227 πάσης
2727 1162 3000 1228 ἰερατείας
3022 1161 3443 1229 ἀλλοτριούσθω.
3481 1162 3539 1212 Ei
3576 1162 3632 1213 δέ
3666 1178 3823 1223 τινες

2314 1270 2329 1302 ι
2380 1253 2674 1304 ἀποσταῖεν
2702 1269 2869 1315 τινος,
2903 1254 2962 1304 οὐ
2995 1253 3083 1305 διὰ
3118 1253 3387 1322 πρόφασιν
3439 1253 3821 1321 ἐγκλήματος,

2314 1362 2331 1393 ι
2380 1343 2515 1395 ἀλλὰ
2547 1343 2635 1395 διὰ
2671 1345 2902 1412 αἵρεσιν,
2940 1345 3045 1397 ὑπὸ
3115 1344 3395 1414 συνόδουῆ
3432 1345 3602 1411 ἁγίων
3636 1346 3823 1397 [Ιατέ-

2314 1455 2329 1485 ι
2379 1452 2488 1504 ρων
2513 1435 2990 1506 κατεγνωσμένην,
3027 1439 3193 1505 τιμῆς
3223 1436 3316 1487 καὶ
3344 1435 3616 1506 ἀποδοχῆς
3644 1437 3814 1501 ἄξιοι,

2310 1546 2330 1578 ι
2374 1528 2451 1590 ὼς
2482 1527 2765 1597 ὀρθόδοξοι.
2822 1550 2839 1576 ι

2804 1619 3042 1671 ΚΔΝΩΝ
3122 1622 3240 1686 ις’.

2241 1731 2259 1761 ι
2305 1712 2404 1763 Διὰ
2459 1713 2558 1773 τὰς
2618 1712 2948 1798 φιλονεικίας
3030 1731 3088 1765 τε
3138 1712 3233 1764 καὶ
3287 1713 3559 1782 ταραχὰς,
3602 1712 3699 1776 τὰς
3739 1718 3810 1785 τῇ

2311 1823 2328 1854 ι
2371 1804 2461 1856 τοῦ
2522 1804 2656 1856 Θεοῦ
2686 1804 2981 1875 Ἐκκλησία
3033 1802 3454 1874 συμϐαινούσας,
3510 1805 3603 1857 καί
3654 1807 3818 1859 τοῦτο

2274 1912 2290 1931 ι
2313 1915 2329 1945 ι
2378 1897 2560 1966 ὁρίσαι
2595 1896 2893 1962 ἀναγκαῖόν
2926 1898 3041 1949 ἑστι
3069 1913 3083 1925 ·
3116 1896 3177 1948 τὸ
3234 1896 3423 1965 μηδενὶ
3466 1897 3656 1968 τρόπῳ
3688 1899 3819 1951 ἑπί-

2310 2006 2326 2037 ι
2376 2003 2575 2039 σκοπον
2607 1985 2943 2055 καταστῆναι
2999 1987 3058 2038 ἐν
3091 1988 3156 2055 τῇ
3193 1986 3478 2057 ἐκκλησία,
3508 1981 3577 2057 ἦς
3665 1988 3749 2039 ἔτι
3790 1991 3820 2040 ὁ

2310 2096 2328 2127 ι
2373 2075 2655 2149 προεστὼς
2687 2080 2777 2147 ζῇ,
2819 2078 2912 2129 καὶ
2944 2078 3002 2129 ἑν
3036 2081 3102 2147 τῇ
3140 2078 3246 2147 ἰδίᾳ
3294 2078 3613 2131 συνίσταται
3649 2084 3814 2149 τιμῇ,

2310 2190 2326 2220 ι
2376 2171 2425 2221 εἰ
2452 2169 2526 2239 μὴ
2557 2169 2717 2231 αὐτὸς
2751 2168 2892 2222 ἑκὼν
2921 2170 3016 2232 τὴν
3046 2169 3351 2239 ἐπισκοπὴν
3382 2172 3815 2241 παραιτήσεται.

2314 2281 2329 2313 t
2375 2262 2494 2333 Χρὴ
2523 2262 2631 2331 γὰρ
2658 2263 2919 2332 πρότερον
2942 2260 3039 2332 τὴν
3071 2262 3247 2314 αἰτίαν
3276 2263 3367 2314 τοῦ
3397 2262 3685 2331 μέλλοντος
3714 2266 3819 2332 τῆς

2311 2371 2328 2403 ι
2376 2353 2679 2422 ἐπισκοπῆς
2701 2351 3057 2403 ἑκδιὼκεσθαι
3080 2353 3381 2415 κανονικῶς
3408 2353 3815 2423 ἐξεταζομένην

2311 2463 2328 2493 ι
2373 2446 2451 2505 εἰς
2480 2444 2654 2514 πέρας
2701 2442 2954 2511 ἄγεσθαι,
2988 2439 3087 2494 εἷθ’
3127 2442 3268 2495 οὕτω
3318 2445 3457 2511 μετὰ
3492 2445 3589 2515 τὴν
3641 2447 3813 2498 αὑτοῦ

2313 2554 2330 2585 ι
2376 2534 2694 2604 καθαίρεσιν
2724 2535 2909 2603 ἓτερον
2930 2534 3044 2587 ἀντ’
3072 2534 3239 2586 αὑτοῦ
3268 2536 3345 2597 εἰς
3377 2535 3474 2604 τὴν
3497 2537 3808 2607 ἐπισκοπὴν

2311 2644 2329 2675 ι
2377 2626 2831 2695 προϐιϐάζεσθαι.
2886 2628 2947 2679 Εἰ
3000 2627 3055 2678 δέ
3114 2644 3200 2689 τις
3233 2628 3340 2679 τῶν
3375 2629 3717 2694 ἐπισκόπων,
3752 2632 3814 2682 ἐν

2310 2738 2328 2770 ι
2374 2721 2437 2787 τῇ
2471 2717 2578 2789 ἰδία
2614 2718 3002 2788 συνιστάμενος
3029 2723 3186 2789 τιμῇ,
3223 2720 3360 2788 μήτε
3423 2723 3814 2792 παραιτεῖσθαι

2313 2830 2330 2859 ι
2377 2810 2645 2879 βούλοιτο,
2708 2811 2845 2881 μήτε
2895 2811 2986 2862 τὸν
3018 2812 3222 2863 οἰκεῖον
3267 2811 3441 2864 ἐθέλοι
3492 2816 3812 2881 ποιμαίνειν

2314 2921 2332 2952 ι
2379 2902 2524 2964 λαὸν,
2554 2902 2690 2954 ἀλλὰ
2712 2904 2812 2971 τῆς
2837 2903 3043 2964 οἰκείας
3066 2904 3309 2966 ἀποστὰς
3330 2904 3813 2984 ἐπισκοπῆςηὺπὲρ

2310 3012 2329 3043 ι
2373 2993 2433 3049 τὸ
2464 2992 2730 3063 ἑξάμηνον
2760 2996 2817 3044 ἐν
2850 2994 3021 3063 ἑτέρῳ
3053 2993 3316 3063 διατρίϐοι
3344 2996 3516 3065 τόπῳ,
3550 2999 3687 3065 μήτε
3716 2998 3807 3066 βα-

2313 3103 2331 3136 ι
2377 3085 2570 3154 σιλικῷ
2628 3085 3012 3155 προστάγματι
3069 3088 3456 3155 κατεχόμενος,
3492 3091 3632 3156 μήτε
3688 3093 3815 3153 ταῖς

2378 3178 2472 3230 τοῦ
2498 3177 2698 3229 οἰκείου
2733 3178 3076 3247 πατριάρχου
3102 3177 3471 3247 λειτουργίαις
3498 3180 3814 3251 ὑπηρετού-

2379 3285 2559 3337 μενος,
2616 3270 2752 3337 μήτε
2810 3270 2917 3337 μὴν
2954 3268 3076 3320 ,ὑπὸ
3109 3268 3267 3320 νόσου
3303 3269 3549 3339 χαλεπῆς
3601 3289 3662 3323 τε
3716 3276 3817 3326 καὶ

2378 3346 2667 3427 ἀκινησίαν
2700 3357 3035 3428 ἐμποιούσης
3067 3360 3306 3423 παντελῆ
3353 3362 3718 3431 συνεχόμενος
3747 3380 3762 3394 ’
3788 3368 3821 3420 ό

2378 3451 2615 3513 τοιοῦτος
2646 3451 2739 3503 οὖν
2768 3453 2795 3503 ὁ
2825 3453 2971 3505 κατὰ
3027 3453 3297 3524 μηδεμίαν
3348 3453 3456 3507 τῶν
3499 3457 3817 3525 εἰρημένων

2371 3541 2699 3609 προφάσεων
2738 3538 3099 3610 κωλυόμενος,
3142 3544 3234 3610 τῆς
3263 3544 3469 3605 οἰκείας
3500 3546 3816 3617 ἀφιστάμε-

2380 3649 2467 3695 νος
2499 3632 2826 3701 ἐπισκοπῆς,
2856 3633 2950 3686 καὶ
2992 3632 3133 3703 ὑπὲρ
3162 3634 3256 3687 τὸν
3286 3635 3646 3706 ἑξαμηνιαῖον
3678 3644 3814 3709 χρόα

2377 3831 2479 3868 που
2510 3816 2674 3886 τιμῆς
2706 3834 2766 3869 τε
2799 3819 2892 3869 καί
2936 3818 3093 3881 ἀξίας
3127 3818 3626 3890 ἁλλοτριωθὴσεται
3669 3840 3813 3875 παν-

2377 3909 2566 3971 τελῶς.
2626 3911 2729 3962 Τὸν
2796 3911 2905 3979 γὰρ
2966 3913 3067 3979 τῆς
3137 3912 3599 3982 ἑμπιστευθείσης
3659 3916 3819 3985 αὑτῷ

2378 4001 2791 4070 καταμελοῦντα
2825 4003 3080 4071 ποίμνης,
3118 4006 3212 4056 καὶ
3259 4004 3316 4056 ἑν
3349 4005 3524 4074 ἑτέρῳ
3556 4006 3697 4075 ὑπὲρ
3754 4011 3821 4061 τὸ

642 4117 659 4148 ι
702 4100 1071 4167 episcopatum
1108 4096 1254 4153 alius
1282 4096 1399 4150 loco
1431 4095 1577 4149 illius
1604 4102 2007 4164 promoveatur.

2312 4118 2329 4143 ι
2377 4093 2647 4161 ἑξάμηνον
2680 4093 3135 4163 χρονοτριϐοὗντα
3180 4095 3350 4165 τόπῳ,
3380 4095 3581 4166 ὥρισεν
3612 4100 3645 4167 ὴ
3674 4099 3821 4166 ἁγία

2379 4182 2597 4246 σύνοδος
2625 4184 2723 4253 τῆς
2772 4185 3203 4255 ἀρχιερωσύνης,
3259 4187 3329 4240 δι’
3382 4183 3450 4258 ἦς
3497 4190 3821 4257 ποιμαίνειν

2377 4274 2599 4344 ἐτάχθη,
2654 4277 2937 4339 παντελῶς
2973 4277 3253 4345 ἀλλότριον
3314 4279 3664 4345 καθιστάναι,
3707 4288 3814 4337 καὶ

2374 4368 2450 4428 εἰς
2481 4368 2572 4419 τὸν
2603 4367 2766 4420 αὑτοῦ
2806 4368 2905 4437 τῆς
2940 4370 3247 4439 ἐπισκοπῆς
3273 4372 3436 4425 τόπον
3464 4373 3650 4443 ἕτερον
3677 4377 3807 4428 ἀντ’

2312 4476 2328 4505 ι
2378 4457 2540 4509 αὐτοῦ
2574 4458 3012 4528 προχειρίζεσθαι
3038 4460 3171 4529 (57).
3220 4480 3237 4512 ι

2308 4548 2502 4600 ΒΑΛΣ.
2546 4548 2825 4617 ,Πολλάκις
2874 4549 3016 4611 τινὲς
3067 4552 3359 4605 ἐπίσκοποι
3400 4554 3489 4607 διὰ
3541 4558 3821 4625 ἐπηρείας

2236 4640 2631 4707 πρακτορικας,
2683 4641 2716 4710 ἢ
2772 4642 2859 4694 διὰ
2904 4642 3179 4705 ἐπιθέσεις
3233 4644 3703 4715 γειτονούντων,ἢ
3744 4649 3827 4700 δι*

2232 4730 2599 4796 ἀνυποταξίαν
2650 4732 2806 4795 λαοῦ,
2837 4734 3228 4801 παραιτοῦνται
3276 4736 3387 4788 ἀπὸ
3435 4737 3819 4807 μικροψυχίας

561 4816 747 4867 animo
778 4828 911 4868 suos
951 4812 1299 4881 episcopatus
1341 4811 1679 4864 renuntiant.
1727 4807 2128 4878 MetrOpolitani

2235 4818 2329 4881 τὰς
2373 4819 2580 4883 οἰκείας
2627 4822 2952 4884 ἑπισκοπάς.
2987 4825 3051 4875 Οἰ
3086 4825 3210 4892 γοῦν
3246 4802 3819 4897 μητροπολίταιίτας

561 4923 693 4976 ergo
748 4908 1183 4962 renuntiationes
1235 4906 1509 4976 ejusmodi
1560 4905 1934 4963 admittentes.
1992 4906 2128 4960 alios

2235 4908 2489 4971 τοιαύτας
2513 4913 2872 4982 παραιτήσεις
2894 4914 3193 4985 δεχόμενοι,
3223 4918 3444 4985 ἑτέρους
3465 4921 3820 4987 ἐπισκόπους

561 5015 846 5068 episcopos
877 5000 1242 5063 ordinabant;
1273 5008 1329 5054 et
1366 5014 1753 5065 nomiuuquam
1792 5000 1951 5053 etiam
1975 5039 1991 5063 ,
2026 5014 2120 5050 an-

2235 5000 2608 5069 ἐχειροτόνουν·
2628 5002 2742 5055 ἔστι
2761 4998 2810 5055 δ’
2831 5005 2917 5056 ὅτε
2946 5008 3037 5058 καὶ
3067 5007 3172 5075 πρὸ
3201 5008 3292 5059 τοῦ
3337 5010 3823 5079 κατεξετασᾙῖλκαι

563 5102 777 5159 tequam
815 5080 1258 5151 examinaren‘tur
1304 5108 1484 5145 causa:
1516 5092 1830 5145 criminales
1869 5106 1990 5160 qua:
2034 5090 2124 5141 nd-

559 5196 755 5232 versus
788 5180 906 5234 illos
954 5179 1439 5235 introducebantur
1466 5220 1480 5242 ,
1524 5180 1659 5234 alios
1707 5181 1998 5249 eligi-bant.
2038 5179 2124 5230 Di-

2315 3743 2332 3774 ι
2379 3742 2467 3777 νον
2498 3726 2556 3777 ὲν
2586 3725 2757 3795 ἑτέρῳ
2784 3725 3088 3811 διατρίϐων
3107 3728 3277 3797 τόπῳ,
3329 3729 3426 3796 τῆς
3458 3729 3553 3781 τοῦ
3586 3733 3809 3785 ἐπισκό-

636 4540 827 4595 σομε.
862 4538 1288 4611 Smpequidam
1340 4534 1607 4604 episcopi,
1664 4541 1881 4602 propter
1910 4541 2130 4585 exacto-

561 4646 682 4683 runt
716 4629 1053 4691 vexationes,
1088 4628 1169 4681 vel
1206 4638 1430 4694 propter
1453 4626 1757 4678 vicinorum
1794 4622 2123 4686 invasiones,

562 4722 643 4773 vel
667 4727 887 4788 propter
914 4717 1102 4786 populi
1130 4716 1584 4775 inobedientiaiu,
1614 4714 1808 4780 pusillo
1832 4723 1886 4767 et
1914 4714 2130 4782 abjecto

2226 5093 2301 5144 ητα
2332 5094 2481 5161 παρά
2511 5110 2669 5145 τινων
2708 5094 2825 5145 κατ’
2854 5096 3033 5148 αὐτῶν
3059 5099 3392 5167 είσαγόμενα
3416 5099 3821 5169 ἐγκληματικα

2236 5183 2537 5251 αἰτιάματα
2588 5186 2805 5253 ἑτέρους
2842 5187 3191 5255 ἐψηφίζοντο,
3223 5189 3363 5241 Φασί
3392 5190 3521 5257 γοῦν
3553 5194 3601 5243 οί
3631 5192 3825 5247 Πατέ-

1782 5335 1970 5396 Guill.
2007 5337 2336 5416 Bevcregii
2374 5354 2560 5405 notae.

595 5459 739 5540 .(57)
784 5461 929 5540 Ἀντί
960 5464 1145 5540 αὑτοῦ
1177 5466 1670 5540 προχειρίζεσθαι.
1705 5465 1846 5540 lntcr
1889 5471 1999 5517 tiaic
2041 5464 2125 5540 pul-

567 5532 699 5581 lima
734 5532 963 5584 canonis
1009 5535 1169 5586 verba
1220 5547 1273 5588 et
1310 5536 1646 5589 Balsamonis
1704 5538 2121 5602 interpretatio-

564 5616 690 5677 nem
730 5603 803 5656 .in
854 5603 1365 5677 chiec_|30dlciatto
1418 5606 1529 5658 lucc
1562 5606 1777 5677 quidem
1833 5607 2117 5671 leguntur,

564 5669 659 5743 sed
680 5669 732 5743 i_n
754 5672 995 5743 margine
1017 5689 1031 5725 :
1055 5674 1365 5741 Σημειωσαι
1388 5676 1486 5743 τὴν
1508 5669 1788 5743 παροῦσαν
1814 5669 2116 5743 ἑρμηνείαν

564 5736 659 5790 καὶ
692 5738 779 5803 ἔχε
804 5736 896 5793 ὲπῖ
927 5736 1149 5810 μνήμην
1175 5744 1241 5799 τὰ
1276 5748 1331 5798 ἐν
1355 5736 1527 5812 ταύτῃ
1564 5736 1920 5813 κέεγραμμένα
1946 5736 2111 5817 ’χάριν

2231 5469 2802 5549 τιῇνρποᾷἱημούντων
2837 5476 3155 5549 ἐπισκόπων
3210 5478 3275 5527 ἐκ
3333 5477 3440 5528 τῶν
3489 5479 3819 5549 ἐκκλησιῶν

2228 5542 2428 5592 αὐτῶν.
2477 5542 2709 5597 Observa
2761 5557 3071 5611 pra’seulem
3109 5546 3597 5611 interpretationem
3622 5542 3720 5609 [ἐι
3759 5556 3823 5607 in

2226 5614 2479 5663 memoria
2516 5624 2628 5666 lene
2680 5631 2796 5683 qua:
2824 5616 2876 5665 in
2931 5632 2991 5667 ea
3031 5616 3227 5679 scripta
3265 5628 3405 5680 sunt,
3436 5621 3659 5671 istorum
3697 5630 3828 5686 epi-

2218 5695 2494 5814 .;royior-itrzt
2546 5688 2739 5751 gratia,
2788 5686 2879 5753 qui
2931 5688 2992 5737 ab
3022 5687 3253 5738 ecclesiis
3281 5689 3392 5740 suis
3432 5704 3644 5759 peregre
3676 5705 3818 5758 pro-

2244 5763 2543 5803 li'lSCUNHU’.

2244 5763 2543 5803 n'tscuumr.
3826 5778 3833 5805 '
