4056 6430
241 403 390 464 1073

1333 376 1441 474 ‘IN
1482 415 1645 475 CAN.
1693 415 1824 474 XVI
1894 417 2101 477 conc.
2142 421 2348 478 cret.

3340 424 3476 487 lilii-

240 537 365 589 ρες,
401 520 474 583 ὡς
517 521 670 575 Ἐπεὶ⁵
703 523 858 577 τοῦτο
894 524 1138 578 στάσεων
1193 525 1286 579 καὶ
1331 527 1575 597 θορυὸων
1609 529 1806 597 ὲκκληυ

1917 543 2040 586 eunt
2060 544 2187 604 ergo
2215 533 2399 587 Patres
2426 551 2438 587 :
2469 533 2734 598 Quoniam
2769 536 2818 589 id
2854 537 3182 592 seditionum
3213 550 3266 592 et
3296 543 3470 596 eccle-

239 616 546 671 σιαστικῶν
575 620 689 672 ἐστι
723 620 1034 689 παραίτιον,
1076 621 1332 691 ὁρίζομεν
1366 623 1440 693 μὴ
1477 615 1808 691 ψηφίζεσθαι

239 709 572 774 ἐπίσκοπον,
604 710 804 774 ζῶντος
845 712 940 764 τοῦ
971 715 1238 783 προέδρου
1270 715 1369 784 τῆς
1415 715 1730 783 ἐκκλησίας,
1761 721 1810 770 εἰ

242 803 422 871 μήπω
453 803 561 854 ἀπὸ
586 803 996 879 κατεξετάσεως
1026 805 1273 876 ἀναφανῇ
1302 806 1467 874 δεκτὴ
1493 809 1525 876 ή
1557 807 1650 859 τοῦ
1675 808 1813 870 ζῶν.

236 914 341 959 τρς
367 900 720 967 παραίτησις,
751 899 786 968 ἢ
819 881 1188 973 καταδικασοῇ
1220 901 1330 953 ἀπὸ
1361 902 1641 970 συνοδικῆς
1673 904 1811 973 ἀπα·

239 990 490 1056 φάσεως.
528 990 839 1058 Τηνικαῦτα
873 991 984 1060 γὰρ
1011 968 1128 1044 ’καὶ
1161 993 1362 1057 ζῶντος
1407 993 1599 1046 τούτου
1640 1013 1816 1065 χειρο-

241 1080 607 1149 τονηθήσεται
645 1082 848 1150 ἕτερος.
893 1085 981 1146 Ὠς
1036 1086 1093 1139 δέ
1148 1103 1291 1148 τινος
1347 1087 1613 1151 εἰπόντος,
1663 1090 1726 1142 Τί
1758 1091 1813 1144 δὲ

238 1172 541 1241 γενήσεται
570 1175 650 1235 εἰς
682 1176 772 1227 τὸν
803 1177 932 1229 λαὸν
957 1177 1062 1246 τῆς
1088 1179 1416 1248 ἐπισκοπῆς,
1443 1179 1536 1232 ἐὰν
1573 1181 1600 1232 ό
1652 1187 1812 1250 προῖ-

239 1265 516 1330 στάμινος
577 1267 782 1336 ταύτης
835 1269 894 1320 οὐ
946 1271 1090 1321 ποιεῖ
1123 1271 1450 1339 παραίτησιν
1500 1273 1811 1344 κανονικὴν,

237 1355 384 1406 ἀλλά
415 1359 754 1424 χρονοτριϐεῖ
797 1357 902 1422 ἔξω
928 1362 1029 1429 τῆς
1067 1361 1272 1425 οἰκείας
1300 1365 1608 1430 ἐπισκοπῆς
1636 1383 1650 1429 ;
1683 1366 1818 1434 ἐπή-

191 1517 209 1536 ε
236 1462 439 1511 γαγον,
473 1447 545 1518 ᾡς
595 1449 658 1500 EI
685 1466 766 1510 τις
800 1451 1095 1514 ἐπίσκοπος
1127 1454 1267 1522 ὑπὲρ
1302 1455 1362 1507 τὸ
1395 1455 1663 1526 ἑξάμηνον
1687 1460 1819 1510 ἀπο-

240 1539 491 1606 δημήσει
536 1542 600 1591 ὲκ
629 1539 729 1609 τῆς
754 1542 1054 1613 ἐκκλησίας·
1078 1544 1241 1598 αὐτοῦ
1271 1548 1440 1617 χωρὶς
1472 1538 1753 1616 βασιλικῆς
1780 1549 1811 1617 ἢ

244 1630 655 1698 πατριαρχικῆς
699 1634 1066 1699 προστάξεως,
1114 1637 1146 1706 ἢ
1194 1637 1317 1708 δίχα
1355 1639 1580 1707 βαρείας
1636 1641 1814 1706 νόσου,

249 1720 332 1788 μὴ
382 1722 818 1792 παραχωρούσης
853 1725 1004 1796 αὐτῷ
1034 1729 1095 1778 ἐκ
1119 1729 1283 1781 τόπου
1314 1734 1393 1793 εις
1435 1733 1601 1782 τόπον
1647 1748 1815 1798 μετα-

243 1812 478 1871 δαίνειν.
507 1813 784 1884 ἀλλότριος
812 1817 912 1884 τῆς
949 1818 1359 1889 ἀρχιερωσύνης
1381 1823 1690 1892 γενήσεται,
1721 1823 1815 1875 καὶ

247 1903 369 1953 ἀντ’
420 1902 585 1954 αὑτοῦ
628 1901 1136 1975 χειροτόνηῧήσεται
1185 1909 1389 1980 ἕτερος.
1443 1911 1592 1964 Ἐπεὶ
1637 1913 1693 1964 δὲ
1750 1913 1814 1964 ἐκ
1848 1888 1886 1942 Β

154 2053 158 2057 _
244 1997 450 2049 τούτων
511 1999 609 2064 μὲν
654 1999 1008 2065 ἀναφαίνεται
1073 2003 1448 2070 παραδεκτέας
1497 2001 1640 2058 εἶναι
1715 2006 1814 2068 τὰς

249 2090 404 2155 παρὰ
432 2089 540 2139 τῶν
574 2090 888 2144 ἐπισκόπων
916 2094 1267 2163 ὁπωσδήποτε
1290 2097 1580 2163 γινομένας
1613 2115 1810 2167 παραι-

246 2182 460 2248 τήσεις*
486 2180 664 2250 ἕτεροι
694 2181 748 2232 δὲ
781 2182 1023 2246 κανόνες,
1079 2187 1170 2237 καὶ
1201 2186 1336 2256 αὐτὴ
1364 2189 1397 2256 ἡ
1451 2188 1583 2258 πρὸς
1609 2191 1817 2256 Δόμνον

246 2275 508 2340 ἐπιστολὴ
554 2273 647 2326 τοῦ
697 2274 853 2339 ἁγίου
919 2276 1205 2347 Κυρίλλου,
1257 2279 1373 2348 ἤτοι
1407 2281 1463 2332 τὸ
1511 2286 1558 2332 α’
1599 2283 1695 2345 καὶ
1761 2280 1811 2348 γ’

246 2385 381 2435 κεφ.
415 2368 602 2436 αὐτῆς,
633 2368 958 2438 διορίζονται
993 2371 1066 2440 μὴ
1094 2372 1548 2442 ἀπεριμερίμνως
1585 2377 1684 2437 τὰς
1711 2377 1816 2428 τῶν

243 2459 567 2512 ἐπισκόπων
598 2462 962 2530 παραιτήσεις
1011 2462 1281 2531 δέχεσθαι·
1326 2464 1564 2530 ὀφείλεις
1595 2467 1688 2516 καὶ
1723 2466 1816 2518 τὸν

242 2550 493 2621 παρόντα
532 2551 730 2605 κανόνα
758 2553 893 2622 πρὸς
928 2555 1109 2608 ἐκεῖνα
1137 2554 1486 2623 συμϐιὸάσαι.
1527 2557 1803 2622 ’Λνὲγνωσ

243 2659 339 2694 σον
372 2643 465 2694 καὶ
493 2643 554 2695 τὸ
585 2649 650 2694 ια’
671 2661 799 2711 κεφ.
833 2644 925 2697 τοῦ
953 2644 994 2695 3'
1047 2645 1225 2701 τίτλον
1289 2646 1376 2698 τοῦ
1410 2647 1672 2716 παρόντος
1697 2666 1816 2699 συν.

240 2740 523 2804 τᾴγματος
589 2737 684 2789 καὶ
711 2737 778 2789 τὰ
806 2738 863 2789 ὲν
895 2738 1064 2806 αὐτῷ.
1098 2736 1222 2793 Ὀτι
1267 2739 1323 2792 δὲ
1370 2741 1430 2791 τ’)
1473 2740 1575 2809 μὲν
1603 2739 1650 2809 β’
1679 2757 1808 2806 κεφ.

240 2827 338 2879 τοῦ
389 2834 438 2896 η’
478 2827 659 2880 τίτλου
697 2829 789 2880 τοῦ
828 2829 1091 2900 παρόντος
1161 2834 1566 2901 συντάγματος,
1606 2832 1727 2901 ἦτοι
1758 2833 1820 2883 τὸ

244 2923 303 2970 ἐν
347 2921 534 2989 «τούτῳ
582 2922 970 2991 περιεχόμενον
1020 2923 1084 2992 ιη’
1138 2922 1234 2975 καὶ
1287 2921 1351 2976 ιθ¹
1407 2941 1530 2991 κεφ.
1601 2925 1697 2976 τοῦ
1752 2931 1818 2979 α’

241 3011 422 3061 τίτλου
451 3010 543 3065 τοῦ
571 3009 619 3079 γ’
676 3011 881 3080 βιϐλίου
912 3012 1020 3065 τῶν
1043 3014 1368 3076 Βασιλικῶν,
1401 3017 1536 3084 ὅπερ
1567 3016 1683 3066 ἐστὶ
1716 3018 1817 3085 μὲ-

245 3115 339 3169 ρος
361 3103 453 3166 τῆς
482 3098 598 3169 ρκγ¹
625 3100 1048 3174 Ἰουστινιανείου
1102 3103 1338 3172 Νεαρᾶς,
1367 3104 1514 3156 δοκεῖ
1535 3104 1810 3156 ἐνλντιοῦ-

1918 626 2261 680 siasticarum
2293 627 2762 694 perturbationum
2803 642 2967 682 causa
2999 637 3116 685 est.
3149 616 3466 693 statuimu’s,

1913 733 1980 771 ne
2009 716 2236 786 eligatur
2265 717 2553 786 episcopus
2587 716 2706 770 vivo
2765 718 3011 771 ecclesiae
3071 718 3321 784 prtesule,
3369 721 3472 772 nisi

1916 810 2103 878 utique
2131 810 2209 863 vel
2236 824 2301 862 ex
2329 809 2736 862 examinatione
2773 810 3080 862 constiterit
3115 825 3239 863 esse
3277 811 3466 862 admit-

1915 903 2127 956 tendam
2162 903 2394 957 viventis
2420 901 2904 962 renuntiationem,
2941 902 3033 952 vel
3060 903 3305 971 synodali
3353 919 3469 956 sou.

1915 996 2079 1048 tentia
2134 995 2528 1049 condemnatus
2579 995 2760 1048 fuerit.
2809 995 2965 1047 'I‘unc
3003 996 3144 1047 enim
3193 1011 3259 1048 eo
3294 996 3502 1048 etiair‘

1917 1088 2127 1139 vivente
2161 1086 2505 1140 ordinabitur
2530 1084 2876 1150 alius.Quasi
2904 1102 3034 1140 vero
3063 1085 3292 1141 dixisset
3322 1087 3446 1155 quis

1914 1179 2080 1246 piam,
2111 1178 2248 1242 Quid
2279 1192 2408 1230 vero
2443 1177 2535 1230 lict
2572 1177 2624 1230 in
2677 1180 2875 1246 popqu
2905 1179 3252 1245 episcnpaltts
3275 1217 3291 1242 ,
3327 1179 3371 1229 si
3411 1178 3476 1237 is,

1915 1271 2007 1340 qui
2059 1271 2135 1323 illi
2163 1279 2405 1337 praeest,
2438 1285 2544 1323 non
2594 1269 2723 1323 facit
2763 1271 3078 1324 canonicam
3119 1251 3468 1322 renuntiatio-

1917 1379 2060 1426 Item,
2105 1363 2198 1418 sed
2228 1370 2384 1416 extra
2418 1376 2577 1416 suum
2608 1363 2980 1429 episcopatum
3014 1361 3294 1414 moratur?
3335 1360 3448 1412 intu

1918 1455 2115 1519 lct‘ttnl,
2148 1453 2292 1523 quod
2325 1453 2371 1509 si
2408 1453 2532 1522 quis
2557 1455 2848 1522 episcopus
2876 1454 3016 1505 ultra
3059 1467 3153 1506 sex
3197 1466 3412 1506 menses
3447 1467 3476 1505 a

1917 1560 2014 1600 sua
2065 1545 2296 1599 ecclesia
2327 1543 2580 1607 abfuerit,
2623 1545 2742 1597 sine
2793 1542 3062 1612 imperiali
3113 1543 3195 1595 vel
3246 1542 3477 1609 patriar-

1917 1637 2058 1692 cltali
2090 1636 2361 1705 jussione,
2393 1637 2473 1688 vel
2506 1635 2624 1689 sine
2656 1635 2806 1702 gravi
2839 1634 3173 1702 morbn.-qui
3208 1647 3312 1686 non
3350 1649 3477 1700 per-

1918 1729 2084 1782 mittit
2115 1737 2174 1780 ut
2205 1727 2375 1796 possit
2413 1727 2590 1781 locum
2620 1729 2737 1780 loco
2762 1735 2992 1788 nmtare,
3031 1726 3076 1777 is
3102 1727 3208 1780 erit
3233 1741 3263 1778 a
3288 1740 3476 1778 sacer-

1917 1821 2065 1874 dotio
2092 1821 2328 1885 alienus,
2361 1831 2414 1872 et
2440 1819 2580 1874 alius
2603 1832 2701 1887 pro
2724 1835 2790 1872 eo
2817 1819 3178 1874 ordinabitur.
3209 1819 3475 1884 Quoniam

1917 1920 2095 1966 autem
2136 1927 2198 1966 ex
2248 1911 2334 1964 Itis
2366 1906 2586 1980 quidem
2625 1921 2887 1980 apparet,
2940 1928 3060 1966 esse
3096 1912 3481 1971 admittendus,

1917 2017 2037 2068 quze
2067 2003 2563 2071 quomodocunque
2601 2000 2737 2054 ﬁunt
2771 2002 2838 2055 ab
2883 2003 3155 2070 episcopis
3203 2003 3484 2055 renuntia-

1916 2099 2113 2161 tiones;
2139 2097 2228 2150 alii
2258 2111 2386 2150 vero
2416 2111 2676 2153 canones.
2709 2103 2764 2148 et
2794 2095 2968 2148 sancti
2999 2093 3187 2164 Cyrilli
3217 2093 3281 2145 ad
3320 2093 3482 2146 Dom-

1917 2200 2046 2238 num
2097 2186 2325 2252 epistola
2352 2223 2368 2248 ,
2410 2183 2524 2237 sive
2582 2183 2604 2236 1
2647 2193 2697 2236 et
2734 2184 2767 2237 5
2807 2184 2926 2252 ejus
2966 2197 3328 2251 responsum,
3377 2191 3485 2236 sta—

1917 2286 2098 2334 tuunt.
2133 2291 2241 2329 non
2275 2290 2394 2330 esse
2426 2275 2832 2330 incensiderate
2867 2275 3236 2330 admittendos
3264 2273 3480 2342 episco-

1920 2380 2110 2434 porum
2162 2364 2625 2425 renuutiationes,
2681 2364 2847 2418 debes
2893 2375 3210 2432 przesentem
3267 2377 3485 2431 quoque

1918 2449 2181 2510 canonem
2233 2456 2300 2510 ad
2363 2456 2451 2508 illa
2509 2455 2986 2524 reducam-Lege
3021 2457 3072 2506 ll
3113 2471 3330 2526 quoque
3359 2469 3479 2520 cap.

1921 2550 2005 2602 tit.
2044 2547 2076 2602 9
2111 2549 2390 2616 praesentis
2437 2547 2640 2614 operis,
2676 2559 2728 2600 et
2776 2561 2897 2614 quae
2932 2548 2983 2600 in
3023 2564 3089 2600 eo
3144 2558 3292 2598 sunt.
3349 2545 3482 2622 Quia

1920 2649 2100 2694 autem
2127 2653 2240 2708 cap.
2286 2637 2322 2690 2
2348 2637 2413 2692 tit
2467 2639 2498 2692 8
2531 2641 2813 2708 praesentis
2841 2641 3045 2707 operis,
3081 2639 3161 2691 vel
3187 2654 3306 2705 qua:
3334 2638 3385 2690 in
3419 2654 3485 2688 cn

1920 2731 2270 2784 continentur
2309 2745 2428 2798 cap.
2484 2732 2548 2784 18
2581 2739 2634 2783 et
2686 2731 2750 2784 19
2807 2731 2948 2783 tit.l
3000 2731 3094 2783 lib.
3153 2746 3210 2781 ιιι
3265 2717 3486 2783 Basilio.

1921 2821 2060 2888 quod
2116 2829 2198 2875 est
2259 2836 2384 2890 pars
2435 2821 2537 2876 125
2580 2820 2874 2876 Iustiniani
2951 2820 3212 2884 Novellat,
3273 2819 3488 2873 videtur

1925 2915 2176 2984 praesenti
2229 2914 2424 2967 cummi
2483 2929 2804 2983 repugnare,
2854 2915 3144 2982 quzesitum
3182 2922 3264 2964 est
3297 2929 3323 2964 ιι
3367 2916 3489 2980 qui-

1923 3005 2147 3079 busdam
2180 3041 2196 3066 ,
2240 3004 2500 3070 quidnam
2539 3005 2691 3069 sequi
2736 3004 3054 3058 debeamus.
3090 3002 3354 3056 Videntur
3385 3019 3484 3053 an-

1925 3107 2032 3150 tem
2063 3098 2114 3150 iu
2147 3096 2228 3150 bis
2262 3097 2562 3153 adversari;
2593 3097 2778 3151 Canon
2806 3097 3063 3166 episcopo
3097 3111 3188 3150 sex
3217 3096 3480 3149 mensium

243 3190 368 3242 σθαι
390 3190 464 3260 τῷ
486 3190 710 3258 παρόντι
734 3193 940 3244 κανόνι·
967 3192 1304 3264 συνεζητήοη
1335 3195 1484 3264 παρά
1505 3213 1683 3255 τινων,
1707 3195 1812 3248 τίνι

1925 3191 2159 3258 spatium
2195 3188 2260 3240 ad
2298 3188 2398 3240 hoc
2435 3197 2492 3240 ut
2539 3190 2709 3255 possit
2742 3189 3069 3256 perigrenari
3103 3199 3154 3240 et
3179 3187 3247 3240 ab
3280 3187 3489 3254 episco-

245 3282 536 3349 προσέχειν
573 3283 882 3352 ὀφείλομεν.
917 3283 1153 3336 Δοκοῦσι
1214 3285 1270 3337 δὲ
1321 3284 1700 3338 ἐναντιοῦσθαι
1754 3289 1812 3338 ἐν

243 3371 473 3435 τούτοις.
509 3373 570 3425 ’0
607 3373 786 3444 κανὼν
821 3377 1244 3444 ἐφιλοτιμήσατο
1275 3377 1356 3438 είς
1395 3377 1712 3447 ἀποδημίαν
1735 3376 1814 3447 τῷ

239 3466 530 3535 ὲπισκόπῳ
554 3466 901 3536 ἑξαμηνιαῖον
921 3468 1129 3536 καιρόψ
1155 3469 1188 3538 ἡ
1213 3469 1398 3537 Νεαρὰ
1426 3471 1504 3532 είς
1545 3472 1816 3540 χρονιαῖον

241 3557 526 3624 διάστημα
574 3557 762 3609 τοῦτον
819 3558 1162 3626 ὲφήπλωσεν.
1190 3561 1324 3613 "Evt
1376 3563 1402 3613 ὁ
1450 3560 1630 3614 κανὼν
1687 3564 1816 3622 τοὺς
1863 3593 1868 3598 -

246 3648 392 3715 ὑπὲρ
421 3647 503 3704 ,τὸ
555 3649 823 3716 ἑξάμηνον
878 3649 1291 3716 ἀποδημοῦντας
1343 3653 1405 3703 ἐκ
1442 3653 1548 3704 τῶν
1596 3653 1816 3706 οἰκείων

213 3740 555 3808 ’ἐκκλησιῶν
584 3742 862 3812 ἀρχιερεῖς
883 3742 1237 3812 ἀσυζητήτως
1271 3743 1329 3809 ἐξ
1361 3744 1538 3794 αὐτῶν
1570 3744 1816 3815 ἀλλοτριο

237 3831 432 3884 οὖσθαι
459 3833 766 3901 διωρίσατο·
793 3835 824 3902 ή
859 3818 1047 3903 Νεαρά
1085 3834 1340 3903 πρότερον
1367 3835 1609 3898 δαπάνας
1631 3839 1814 3906 ἀρχιε-

242 3924 403 3993 ρεῦσι
439 3925 512 3995 μὴ
556 3925 915 3995 χορηγεῖσθαι
955 3928 1106 3996 παρὰ
1159 3927 1266 3978 τῶν
1313 3927 1615 3995 οἰκονόμων
1670 3929 1811 3998 μετά

243 4017 347 4084 τὴν
398 4017 591 4083 χρόνου
631 4016 992 4086 παραδρομὴν
1030 4015 1493 4085 παρεκελεύσατο,
1537 4019 1632 4070 καὶ
1667 4019 1812 4072 οὕτω

163 4113 170 4119 ·
247 4104 676 4174 μετακαλεῖσθαι
710 4106 906 4168 αὐτοὺς
937 4105 1040 4158 ὑπὸ
1072 4106 1180 4158 τῶν
1229 4093 1467 4158 οἰκείων
1492 4108 1770 4178 κληρικῶν
1797 4125 1810 4138 ·

245 4195 343 4247 καὶ
372 4193 420 4244 εἰ
467 4193 604 4261 μηδὲ
652 4193 795 4246 οὕτω
853 4196 1174 4261 πεισθῶσιν,
1222 4195 1440 4264 ἐτέρους
1491 4203 1814 4268 χειροτονεί-

244 4285 392 4337 σθαι.
431 4285 492 4335 Ὀ
524 4284 698 4337 κανὼν
727 4288 965 4356 ὲκχωρεῖ
1026 4291 1139 4350 τοῖς
1173 4289 1489 4357 ἀρχιερεῦσι
1521 4292 1612 4343 καὶ
1655 4292 1816 4343 πλέον

241 4374 342 4426 τοῦ
373 4376 618 4428 ἐνιαυτοῦ
638 4378 965 4446 ἀποδημεῖν,
990 4379 1147 4449 παρά
1180 4379 1445 4446 βασιλέων
1472 4380 1504 4450 ἢ
1532 4398 1809 4450 πατριαρ-

244 4465 361 4539 χῶν
387 4473 793 4536 κατεχομένοις,
827 4469 858 4537 ἢ
887 4470 976 4522 διὰ
999 4470 1152 4523 νόσον
1181 4470 1408 4540 βαρεῖαν
1430 4473 1810 4541 κωλυομένοιςο

1918 3290 2041 3350 patn
2077 3281 2289 3346 abesse,
2327 3283 2554 3353 largitus
2584 3292 2705 3336 est:
2733 3279 2950 3334 Novella
2982 3295 3109 3333 vero
3144 3279 3193 3331 id
3223 3279 3287 3332 ad
3322 3279 3485 3331 unius

1915 3371 2040 3427 anui
2070 3373 2414 3425 intervallum
2450 3371 2705 3439 extendit.
2739 3368 3005 3423 Praeterea
3037 3381 3208 3419 canon
3237 3379 3353 3423 eos.
3391 3365 3483 3430 qui

1901 3463 2056 3516 adtra
2085 3479 2180 3516 sex
2210 3459 2425 3517 menses
2461 3478 2491 3516 a
2524 3463 2638 3516 suis
2699 3461 2948 3515 ecclesiis
2979 3459 3486 3522 abStltlt,attlislitrs

1915 3555 2052 3608 citra
2109 3554 2516 3622 inquisitionem
2559 3554 2627 3607 ab
2675 3553 2740 3607 iis
2786 3551 2920 3620 ipsis
2962 3551 3190 3605 alienati
3227 3551 3423 3603 statuit
3472 3569 3482 3600 :

1917 3645 2135 3700 Novella
2174 3656 2424 3714 sumptus
2469 3645 2622 3714 prius
2667 3645 2734 3698 ab
2764 3643 3118 3698 meonetnicis
3143 3642 3485 3696 antistitibus

1921 3755 2027 3793 non
2054 3737 2392 3807 suppeditari
2419 3738 2598 3807 jubet,
2633 3735 2794 3806 357
2835 3747 2956 3804 post
2987 3744 3196 3803 tempus
3219 3734 3485 3811 elapsum,

1917 3843 1971 3886 et
1994 3833 2073 3886 sic
2105 3849 2132 3885 a
2154 3834 2267 3886 suis
2298 3833 2512 3888 clericis
2534 3831 2818 3896 accersiri;
2848 3837 2901 3883 ct
2930 3830 2974 3885 si
3005 3847 3107 3882 non
3134 3829 3213 3880 sic
3244 3831 3484 3896 persuasi

1918 3924 2140 3990 fuerint,
2171 3924 2307 3978 alios
2340 3924 2605 3978 ordinari.
2634 3923 2821 3979 Canon
2858 3922 3123 3991 permittit
3146 3921 3486 3992 antistitibus

1915 4016 2076 4070 etiam
2111 4015 2248 4079 ultra
2279 4031 2481 4070 annum
2512 4016 2708 4070 abesse
2733 4055 2749 4080 ,
2778 4015 2824 4069 si
2852 4015 2920 4068 ab
2957 4012 3376 4082 intperatorilms
3406 4028 3482 4062 vel

1919 4124 1946 4161 a
1975 4107 2302 4177 patriarcltis
2327 4106 2703 4170 detineantur,
2739 4107 2820 4159 vel
2851 4114 3068 4173 propter
3092 4118 3308 4172 gravent
3339 4120 3486 4154 mor-

1920 4201 2045 4253 bum
2073 4199 2512 4269 prohibeantur:
2546 4196 2769 4270 Novella
2803 4197 2936 4250 nihil
2962 4205 3158 4250 tractat
3191 4195 3482 4264 ejusmodi.

1917 4289 2086 4360 Magis
2131 4304 2258 4359 ergo
2291 4290 2432 4357 quod
2471 4290 2522 4340 in
2585 4296 2734 4358 parte
2753 4289 2794 4341 ’6
2825 4288 3115 4343 Justiniani
3168 4289 3389 4340 novella:
3421 4289 3487 4338 de

1915 4355 2025 4436 solt.
2057 4383 2382 4451 imperatore
2419 4380 2747 4446 continetur,
2774 4392 2827 4434 et
2851 4395 2882 4435 a
2910 4379 3102 4434 Pbotio
3121 4381 3172 4432 in
3194 4381 3337 4432 dicto
3361 4395 3481 4447 cap.

1915 4475 1948 4526 ‘2
1982 4471 2064 4526 tit.
2104 4473 2137 4526 8
2171 4473 2452 4542 praesentis
2479 4471 2665 4542 operis
2697 4472 2865 4525 situm
2915 4480 3023 4534 est,
3079 4469 3310 4540 repetita
3347 4484 3483 4538 pra--

241 4559 279 4626 ἡ
312 4557 494 4628 Νεαρά
527 4560 681 4611 οὐδέν
705 4577 756 4612 τι
784 4562 1027 4614 τοιοῦτον
1055 4563 1435 4632 διαλαμϐάνει.
1464 4566 1683 4618 Μᾶλλον
1714 4566 1815 4634 μὲν

1921 4566 2080 4618 lectio
2137 4579 2243 4619 non
2274 4564 2478 4633 recepit
2505 4604 2519 4628 ,
2557 4564 2651 4618 sed
2698 4564 2942 4632 expulit;
2994 4565 3172 4616 visum
3228 4571 3312 4616 est
3353 4577 3482 4631 ergo

239 4644 337 4701 οὖν
363 4652 422 4702 τὸ
454 4651 511 4703 ὲν
551 4651 704 4737 μέρει
738 4652 836 4720 τῆς
863 4652 918 4716 ς’
978 4654 1409 4708 Ἰουστινιανείου
1440 4657 1659 4726 Νεαρᾶς
1692 4658 1820 4725 περὶ.

250 4741 407 4810 μόνου
435 4742 526 4793 τοῦ
553 4741 818 4810 βασιλέως
850 4746 1260 4820 περιεχόμενον,
1292 4749 1386 4800 καὶ
1421 4748 1810 4818 κιταστρωθὲν

245 4834 396 4902 παρὰ
428 4834 521 4885 τοῦ
551 4834 843 4908 Φωτίουρὲν
872 4834 949 4918 τῷ
983 4838 1197 4905 ῥηθέντι
1233 4837 1278 4907 β’
1341 4856 1466 4908 κεφ.
1502 4841 1595 4892 τοῦ
1626 4847 1685 4909 η’
1737 4841 1820 4892 ’τί⁴

243 4925 369 4977 τλου
401 4926 495 4978 τοῦ
528 4928 792 4994 παρόντος
825 4929 1229 5004 συντάγματος,
1261 4933 1688 5004 ἡάνακάῢαρσις
1713 4933 1814 4984 οὐκ

241 5013 482 5080 ἐδέξατο,
518 5016 634 5068 ἀλλ’
685 5016 904 5081 ἐδίωξεν
929 5035 944 5049 ⁸
981 5017 1127 5084 ἔδοξε
1163 5021 1294 5086 γοῦν
1345 5025 1412 5075 τὰ
1447 5020 1542 5074 τοῦ
1584 5022 1808 5082 κανόνος

218 5108 450 5180 ’μᾶλλον
498 5111 736 5179 ὀφείλειν
779 5117 1020 5178 κρατεῖν.
1073 5111 1217 5180 Ἐγὼ
1249 5113 1306 5166 δὲ
1365 5114 1460 5166 καὶ
1507 5114 1588 5166 ἔτι
1642 5116 1813 5184 ἀμφι-

1916 4672 2180 4711 cauoncnt
2219 4659 2400 4724 potius
2447 4655 2652 4709 servari
2697 4664 2970 4724 oportere.
3000 4653 3111 4722 Ego
3144 4668 3273 4706 vero
3307 4653 3484 4706 adhuc
3520 4703 3522 4706 ,

1916 4748 2082 4802 etiam
2111 4748 2324 4801 dubito.
2355 4747 2639 4811 Quatenus
2679 4747 2820 4802 enim
2853 4757 2936 4800 est
2964 4746 3192 4816 quzestio
3223 4744 3482 4798 eetzlesia—

1920 4840 2082 4906 stica,
2120 4846 2206 4892 sto
2246 4838 2314 4892 ab
2355 4837 2464 4891 illis
2495 4838 2585 4905 qui
2614 4837 2807 4891 dicunt
2841 4851 3104 4904 cauouem
3147 4837 3324 4904 magis
3363 4848 3480 4888 ser-

1919 4932 2033 4984 vari
2071 4939 2321 5000 oportere
2353 4946 2368 4982 :
2409 4937 2685 4999 quatenus
2712 4940 2890 4983 autem
2921 4929 3144 4982 Basilica
3189 4936 3481 4996 repurgata

1917 5032 2046 5076 sunt
2092 5031 2211 5091 post
2254 5021 2616 5074 nomocauoui
2669 5021 3120 5090 compositionem
3153 5059 3172 5086 ,
3218 5028 3274 5071 et
3323 5017 3482 5085 hujus

1921 5114 2147 5167 canonis
2177 5112 2504 5176 editionem,
2539 5111 2692 5165 alteri
2725 5114 3014 5169 sententiae
3055 5113 3350 5165 assentior.

243 5201 444 5258 ϐάλλω.
471 5206 664 5270 Καθὼς
702 5207 943 5278 μὲνπγάρ
1001 5209 1118 5260 ἐστι
1155 5209 1215 5261 τδ
1249 5210 1475 5278 ζήτημα
1552 5211 2034 5279 ἐκκλησιαστικδν,
2100 5209 2437 5280 πρόσκειμαι
2501 5209 2614 5271 τοῖς
2669 5208 2920 5274 λέγουσιν
2970 5207 3206 5277 ὀφείλειν
3283 5207 3482 5275 μᾶλλον

242 5297 317 5352 τὰ
347 5296 440 5350 τοῦ
466 5300 690 5363 κανόνος
729 5303 953 5370 κρατεῖν
988 5317 1001 5331 ·
1032 5301 1166 5354 καθὸ
1197 5301 1254 5353 δὲ
1282 5303 1350 5355 τὰ
1377 5302 1651 5358 Βασιλικά
1681 5301 2136 5370 ἀνεκαθόιρθησαν
2168 5299 2304 5370 μετὰ
2338 5300 2437 5368 τὴν
2507 5298 2604 5352 τοῦ
2667 5300 3024 5370 νομοκανόνου
3100 5299 3320 5369 ποίησιν
3386 5299 3482 5351 καὶ

242 5393 344 5464 τὴν
381 5392 477 5446 τοῦ
519 5394 744 5457 κανόνος
794 5399 983 5450 τούτου
1021 5397 1307 5459 ἀπόλυσιν,
1355 5397 1690 5468 πρόσκειμαι
1738 5400 1806 5467 τῇ
1847 5399 2010 5468 ἑτέρᾳ
2041 5395 2255 5467 γνώμῃ.

689 5486 888 5556 Ἑτέρα
919 5489 1202 5558 ἑρμηνεία
1239 5491 1371 5561 (58).

327 5576 415 5628 ’Ev
434 5578 548 5639 τοῖς
585 5576 685 5644 μὲν
705 5577 1050 5663 ,ἐγράψαμεν
1081 5581 1322 5649 ὀφείλειν
1355 5581 1423 5634 τὰ
1451 5582 1529 5650 τῷ
1577 5595 1806 5654 παρόντι

2389 5473 2569 5546 Altera
2610 5492 2996 5561 interpretatio.

1987 5583 2043 5637 In
2077 5583 2160 5639 bis
2197 5581 2412 5654 quidem
2447 5583 2768 5654 scripsimus
2795 5583 2997 5638 servari
3028 5593 3282 5651 oportere
3308 5621 3323 5646 ,
3355 5598 3481 5653 qua:

1431 5695 1624 5756 Guill.
1657 5698 2216 5776 Beveregii’notte.

321 5787 434 5866 (.58)
483 5788 682 5869 Ἑτέρα
707 5791 1007 5869 ἑρμηνείᾳ.
1051 5795 1173 5848 llaec
1200 5797 1364 5869 altera
1426 5801 1804 5869 interpretatio

251 5862 414 5926 hujus
447 5864 670 5915 rationis
713 5878 820 5916 non
855 5866 1012 5917 modo
1060 5869 1110 5918 in
1145 5868 1334 5924 codice
1369 5862 1798 5937 Bodleiano,‘sed

1909 5815 1960 5854 nt
1996 5803 2049 5855 in
2101 5801 2540 5857 Amerbachiano
2565 5843 2578 5865 ,
2614 5815 2824 5856 necnon
2873 5801 2925 5854 in
2987 5806 3364 5869 supplemento
3403 5805 3469 5859 ad

1911 5873 2272 5930 Parisiensem
2308 5873 2642 5930 Balsamonis
2674 5871 2967 5927 editionem
3013 5883 3210 5929 exstat.
3420 5897 3434 5911 κ
