4056 6390
608 341 749 408 10ῗὸ

1811 395 1816 398 .
1869 351 2153 411 THEOD.
2197 353 2432 412 BALSA
2444 353 2601 412 MON

3735 358 3888 421 1076

607 460 710 513 hoc
744 473 955 525 canone
1005 461 1591 542 comprehenduntur,
1641 463 1708 517 de
1759 467 2034 536 episcopis
2088 471 2167 538 qu3

2288 468 2474 521 κανόνι
2504 469 2874 540 περιεχόμενα
2906 469 3069 540 χάριν
3103 470 3211 523 τῶν
3244 462 3706 541 παραιτουμένων
3750 478 3889 528 ἐπε-

538 555 546 572 ⁵
605 553 937 618 renuntiant,
971 544 1166 622 praeter
1195 570 1258 609 ea
1285 571 1407 623 quae
1435 571 1464 609 a
1500 567 1692 610 sancto
1731 558 1933 628 Cyrillo
1958 563 2010 614 in
2069 563 2185 630 epi-

602 649 739 701 stola
776 649 839 699 ad
870 647 1140 702 Domuum
1196 649 1495 704 coxistituta
1537 662 1666 704 sunt
1708 662 1807 706 :ut
1836 669 1956 721 qua:
1996 671 2025 708 a
2058 671 2186 709 san-

601 751 684 791 eta
723 748 776 790 et
805 739 1102 794 universali
1133 739 1298 794 tertia
1331 742 1540 810 synodo
1587 743 1840 798 discussa
1872 755 1926 798 et
1973 747 2184 799 exami-

599 839 722 882 nata
754 829 925 889 fui-re,
967 846 1062 898 per
1092 830 1376 899 epistolam
1409 847 1530 899 quas
1564 841 1694 886 tunc
1752 835 1916 888 missa
1954 844 2068 888 erat
2115 836 2183 888 ad

597 922 866 990 synodum
903 923 954 974 in
992 905 1312 991 l5amphilia.
1349 922 1428 976 Tu
1459 919 1638 977 autém
1691 926 1838 981 scias
1883 929 2027 995 quod
2071 928 2184 982 haec

599 1015 808 1070 omnia.
840 1030 960 1081 qua:
987 1029 1015 1066 a
1048 1025 1240 1069 sancto
1271 1014 1474 1086 Cyrillo
1527 1019 1826 1072 constituta
1876 1029 2026 1080 sunt,
2085 1037 2181 1072 ne-

600 1108 716 1161 scio
750 1107 1027 1174 quomodo
1068 1118 1518 1165 contemnuntur.
1569 1110 1722 1164 Multi
1781 1114 1923 1166 enim
1952 1151 1968 1175 ,
2017 1113 2179 1166 etiam

597 1214 715 1262 eas,
743 1215 864 1268 qme
894 1201 1388 1269 qnomodocnnque
1421 1202 1556 1256 ﬁunt
1606 1204 1674 1256 ab
1716 1204 1988 1273 episcopis
2027 1244 2042 1264 .
2097 1223 2182 1260 re-

602 1293 994 1354 nnntiationes,
1030 1293 1399 1347 admittendas
1425 1309 1547 1349 esse
1578 1297 1768 1347 volunt
1796 1335 1810 1357 ,
1851 1305 1907 1348 ιιι
1939 1300 2056 1350 vult
2091 1298 2182 1352 hic

601 1400 845 1452 prmsens
879 1401 1077 1439 canon.
1112 1385 1214 1451 Qui
1251 1399 1380 1441 sunt
1417 1397 1599 1441 autem
1634 1390 1953 1444 subtiliores
1985 1430 2002 1454 ,
2060 1392 2180 1446 illas

598 1493 721 1530 esse
747 1478 939 1532 dicunt
974 1479 1346 1536 admittendas
1378 1483 1814 1536 renuntiatioaes
1837 1525 1851 1548 ,
1903 1487 2025 1554 quae
2052 1502 2180 1540 con-

599 1569 776 1622 tinent
821 1585 915 1626 eas
947 1571 1065 1640 ﬁeri
1093 1581 1316 1642 propter
1344 1574 1721 1648 indignitatem
1747 1592 1934 1631 eorum
1963 1580 2054 1646 qui
2093 1595 2180 1633 re-

599 1663 873 1719 nuntiant.
910 1666 1020 1731 Ego
1058 1681 1184 1720 vero
1213 1683 1276 1719 ea
1306 1683 1542 1735 sequor,
1579 1685 1699 1744 quae
1730 1680 1858 1724 sunt
1906 1687 1933 1724 a
1988 1683 2179 1727 Sancto

595 1754 800 1823 Cyrillo
830 1755 1072 1812 deﬁnita.
1109 1758 1164 1812 Si
1193 1761 1336 1812 enim
1363 1775 1693 1816 concessum
1726 1762 1891 1816 fuerit
1917 1803 1931 1828 ,
1965 1777 2024 1816 ut
2065 1767 2176 1834 epi-

598 1862 890 1914 scoporum
933 1849 1374 1918 renuntiationes
1405 1853 1543 1906 citra
1579 1855 1938 1910 curiosiorem
1965 1859 2174 1912 exami-

594 1936 875 1988 natione-iu
913 1938 1329 2006 admittantur;
1369 1943 1526 2008 multi
1573 1945 1820 2014 episcopi
1877 1948 2174 2017 episcopos

591 2044 715 2081 esse
744 2029 1018 2096 desinent,
1060 2043 1283 2100 propter
1319 2051 1502 2088 rerum
1544 2037 1996 2106 inaequalitatem;
2029 2042 2174 2109 quod

593 2119 812 2194 quidem
881 2121 947 2175 ad
1001 2138 1252 2192 magnam
1319 2135 1494 2182 status
1533 2129 1894 2183 ecclesiastici
1957 2141 2176 2199 spectat

593 2210 896 2267 iniuriam:
941 2221 1002 2266 ut
1050 2213 1119 2268 de
1160 2215 1251 2270 Dei
1313 2220 1641 2273 contumelia
1692 2221 1826 2274 nihil
1877 2222 2078 2277 dicam.
2115 2224 2172 2277 Si

591 2305 676 2357 vis
707 2315 886 2359 autem
920 2321 1016 2374 per
1051 2317 1338 2383 tonsuram
1371 2314 1694 2367 renuntiare
1755 2315 2042 2383 episcopos
2069 2359 2083 2379 ,
2118 2331 2168 2371 et

583 2411 658 2448 eo
685 2396 831 2466 quod
870 2397 1034 2452 vitam
1069 2371 1441 2456 'mdnasticam
1483 2405 1787 2473 elegerint,
1823 2411 2175 2476 quemadmo-

592 2493 722 2547 dum
752 2511 980 2564 magnus
1016 2511 1236 2565 quoque
1264 2497 1393 2552 fecit
1424 2500 1724 2568 Gregorius
1756 2501 2088 2573 Theologus,
2117 2516 2173 2560 et.

591 2585 729 2638 dicis
758 2587 902 2641 hunc
923 2602 1189 2641 canonem
1228 2588 1296 2642 de
1329 2589 1395 2642 iis
1431 2593 1934 2652 renuntiationilms
1967 2596 2170 2664 dicere;

592 2679 861 2732 assentior
886 2687 938 2732 et
974 2681 1111 2748 ipse.
1169 2679 1525 2739 Renuntiatio
1567 2701 1696 2738 vero
1758 2688 1967 2742 Macres
2025 2690 2171 2743 illius

591 2768 734 2820 servi
765 2768 880 2834 Dei,
911 2771 1248 2840 synodaliter
1277 2783 1497 2842 accepta
1563 2777 1632 2828 ah
1695 2777 1790 2829 illo
1853 2779 2164 2847 patriarcha

593 2859 816 2911 domino
855 2859 1020 2924 Luca,
1075 2863 1361 2930 aliquanto
1418 2875 1542 2932 post
1600 2874 1844 2934 tempore
1899 2866 2169 2931 exolevit,

588 2951 826 3018 episcopi
859 2953 1140 3016 suasione,
1175 2971 1274 3024 per
1306 2957 1625 3026 synodalem
1659 2959 2014 3022 sententiam,
2036 2975 2163 3013 cum

589 3044 1020 3108 patriarchatum
1054 3044 1268 3113 gereret
1309 3036 1696 3102 sanctissimus
1733 3049 1820 3102 ille
1851 3049 2164 3117 patriarcha

2290 557 2509 614 σκόπων
2557 561 2918 625 ἐξακούεσθαι
2965 560 3104 631 πρὸς
3151 563 3219 615 τὰ
3273 563 3662 616 κανονισθέντα
3719 568 3892 635 παρᾶ
3971 635 3976 640 ,

2285 655 2381 706 τοῦ
2432 655 2588 720 ἁγίου
2622 652 2897 721 Κυρίλλου
2936 655 2994 705 ὲν
3050 656 3116 723 τῇ
3155 654 3291 722 πρὸς
3339 655 3545 724 Δόμνον
3581 660 3890 730 ἐπιστολῇ,

2285 744 2361 812 ὡς
2388 747 2839 812 συγκροτούμενα
2869 747 2961 797 καὶ
2994 748 3144 815 παρὰ
3173 746 3270 815 τῆς
3289 746 3449 814 ἁγίας
3480 749 3575 800 καὶ
3609 752 3890 820 οίκουμε-

2287 837 2446 903 νικῆς
2475 837 2667 906 τρίτης
2709 837 2929 888 συνόδου
2976 837 3062 888 διὰ
3099 838 3197 906 τῆς
3226 839 3523 908 γινομένης
3559 844 3890 909 τηνικαῦτα

2286 925 2577 995 ἐπιστολῆς
2624 926 2760 995 πρὸς
2800 928 2900 996 τὴν
2934 929 3019 986 ἐν,
3050 928 3350 1000 Παμφυλίᾳ
3392 930 3609 984 σύνοδον
3633 949 3646 959 ·
3701 935 3766 986 σὺ
3825 936 3890 986 δὲ

2284 1019 2525 1084 γίνωσκε
2562 1020 2643 1070 ’ὅτι
2692 1018 2866 1071 ταῦτα
2919 1022 2986 1073 τὰ
3037 1023 3190 1090 παρὰ
3225 1023 3319 1074 τοῦ
3377 1023 3535 1088 ἁγίου
3591 1027 3892 1095 Rupili!»

2283 1111 2624 1179 διορισθέντα
2669 1113 2768 1164 οὐκ
2819 1108 2915 1165 οἷδ’
2966 1115 3115 1176 ὅπως
3162 1114 3633 1186 παραϐλέπονται.
3676 1119 3895 1170 Πολλοὶ

2287 1205 2385 1273 μὲν
2421 1203 2535 1272 γὰρ
2562 1205 2655 1257 καὶ
2684 1206 2783 1268 τὰς
2815 1207 3170 1274 ὁπωσδήποτε
3209 1212 3499 1276 γινομένας
3545 1211 3702 1278 παρὰ
3745 1213 3878 1264 τῶν

2285 1299 2600 1350 ἐπισκόπων
2636 1302 2993 1369 παραιτήσεις
3017 1299 3245 1360 δεκτέας
3281 1297 3428 1352 εἶναι
3461 1301 3682 1353 θέλουσι
3723 1309 3888 1358 κατά

2283 1391 2374 1440 τὸν
2399 1391 2646 1460 παρόντα
2673 1393 2874 1444 κανόνα
2895 1409 2908 1423 ο
2940 1393 2996 1444 οἱ
3022 1392 3405 1462 ἀκριϐέστεροι
3427 1395 3483 1446 δὲ
3522 1397 3745 1458 ὲκείνας
3775 1398 3890 1461 τὰς

2284 1484 2648 1551 παραιτήσεις
2691 1483 2910 1551 λέγουσι
2965 1480 3104 1536 εἶναι
3147 1477 3364 1548 δεκτὰς,
3412 1486 3513 1548 τὰς
3556 1487 3885 1555 διαλαμὸαο

2284 1575 2484 1635 νούσας
2531 1574 2780 1641 γίνεσθαι
2831 1575 3037 1639 ταύτας
3079 1577 3165 1630 διὰ
3223 1579 3323 1645 τὴν
3371 1579 3709 1648 ἀναξιότητα
3758 1584 3878 1633 τῶν

2283 1666 2757 1735 παραιτουμένων.
2820 1665 2961 1735 Ἐγὼ
3032 1667 3087 1719 δὲ
3170 1671 3285 1731 τοῖς
3343 1671 3494 1740 παρὰ
3553 1672 3654 1724 τοῦ
3709 1674 3868 1741 ἁγίου

2285 1757 2558 1828 Κυρίλλου
2591 1758 2943 1828 διορισθεῖσιν
2983 1759 3207 1828 ἕπομαι.
3247 1761 3307 1812 Εἰ
3343 1759 3452 1830 γὰρ
3500 1759 3630 1831 δοθῇ
3665 1778 3876 1832 παραι-

2281 1853 2470 1921 τήσεις
2500 1852 2816 1903 ἐπισκόπων
2841 1851 3114 1920 δέχεσθαι,
3148 1852 3366 1915 πλείους
3393 1852 3504 1904 τῶν
3539 1855 3876 1908 ἐπισκόπων

2280 1944 2330 1995 οἱ
2365 1942 2768 1994 ἀποεπίσκοποι
2828 1941 3045 1994 ἔσονται
3099 1942 3188 1994 διὰ
3219 1943 3318 2005 τὴν
3360 1943 3468 1993 τῶν
3510 1946 3875 2012 πραγμάτων

2280 2035 2624 2104 ἀνωμαλίαν,
2667 2035 2805 2104 ὅπερ
2848 2036 2986 2104 πρὶς
3037 2035 3279 2106 μεγάλην
3335 2036 3494 2104 ὕϐριν
3539 2032 3874 2108 ἁφορᾷ’τῆς

2277 2127 2733 2196 ἐκκλησιαστικῆς
2793 2126 3081 2188 εὐταξίας·
3110 2125 3200 2176 ’ἐῶ
3234 2127 3344 2195 γὰρ
3391 2125 3567 2193 λέγειν
3630 2129 3741 2180 καὶ
3785 2129 3870 2184 τοῦ

2277 2217 2434 2271 Θεοῦ.
2495 2218 2558 2269 Εἰ
2617 2217 2673 2270 δὲ
2725 2216 3111 2289 παραιτεῖσθαι
3167 2216 3348 2280 θέλεις
3399 2219 3763 2283 ἐπισκόπους
3811 2218 3874 2272 δι’

2278 2312 2661 2380 ἁποκάρσεως,
2722 2311 2816 2362 καὶ
2869 2309 2955 2367 διὰ
3010 2307 3104 2361 τοῦ
3162 2309 3516 2374 ἐπιλέξασθαι
3573 2310 3866 2382 διαγωγήν

2281 2404 2597 2474 μοναδικὴν,
2649 2403 2834 2463 καθὼς
2865 2403 2959 2454 καὶ
2992 2404 3019 2454 ό
3055 2401 3230 2471 μέγας
3263 2402 3566 2472 Γρηγόριος
3605 2406 3636 2455 ό
3674 2403 3876 2470 Θεολό.

2277 2513 2370 2563 γος
2404 2494 2647 2563 εποίησε,
2684 2494 2778 2546 καὶ
2807 2493 2939 2561 περὶ
2965 2493 3221 2545 τοιούτων
3255 2495 3650 2561 παραιτήσεων
3683 2493 3876 2561 λέγεις

2275 2587 2368 2640 τὸν
2421 2586 2627 2638 κανόνα
2670 2584 2845 2637 ταῦτα
2898 2583 3312 2652 διαλαμϐάνειν,
3379 2583 3707 2652 συντίθεμαι
3778 2588 3875 2639 καὶ

2277 2677 2464 2739 αὑτός.
2519 2677 2585 2727 Ἦ
2623 2675 2806 2744 μέντοι
2858 2673 3190 2744 παραίτησις
3221 2672 3316 2725 τοῦ
3372 2675 3608 2741 Μὰκρης
3644 2677 3875 2728 ἐκείνου

2276 2768 2577 2835 θεοδούλου,
2611 2767 2862 2836 δεχθεῖσα
2895 2766 3195 2828 συνοδικῶς
3226 2767 3377 2834 παρὰ
3422 2765 3518 2817 τοῦ
3545 2767 3894 2832 ἁγιωτάτου-

2274 2863 2485 2914 ἐκείνου
2546 2860 2890 2929 πατριάρχου
2949 2857 3120 2927 κυροῦ
3178 2858 3384 2920 Λουκᾶ,
3455 2861 3594 2928 μετὰ
3639 2860 3871 2931 ἡμέρας

2273 2955 2632 3023 ἡπράκτησεν
2677 2953 2744 3004 ἐκ
2797 2951 3201 3022 παρακλήσεως
3253 2949 3348 3002 τοῦ
3405 2952 3719 3004 ἐπισκόπου
3779 2955 3873 3008 διὰ

2272 3048 2455 3116 ψήφου
2507 3044 2816 3114 συνοδικῆς,
2866 3042 3367 3112 πατριαρχεύοντος
3412 3042 3507 3094 τοῦ
3536 3043 3868 3109 ἁγιωτάτου

587 3136 843 3191 dominus
885 3137 1113 3192 Michael
1147 3139 1464 3195 Anchialos.
1497 3121 1630 3195 Cdm
1657 3143 1866 3196 videret
1905 3142 2051 3196 enim
2079 3143 2167 3198 ille

2274 3141 2486 3192 ἐκείνου
2527 3139 2874 3207 πατριάρχου
2924 3135 3091 3205 κυροῦ
3127 3136 3346 3205 Μιχαὴλ
3393 3134 3488 3195 τοῦ
3535 3137 3887 3205 Ἀγχιάλου.-ι

505 3258 514 3262 -
585 3230 920 3295 patriarcha,
949 3232 1187 3298 episcopi
1223 3233 1682 3287 renuntiationem
1719 3250 1826 3289 non
1861 3234 2166 3301 continere,

583 3318 902 3385 episcopum
957 3322 1276 3376 renuntiare
1324 3332 1384 3376 ut
1424 3324 1708 3390 indignum
1749 3366 1765 3388 ,
1821 3327 1916 3381 sed
1957 3337 2016 3381 ut.
2059 3344 2167 3381 non

584 3410 842 3476 dignum,
882 3409 1019 3463 dixit
1053 3426 1159 3465 non
1201 3416 1744 3472 es.~'e.atltnittetnlain
1789 3418 2170 3488 ejusmodi're-

584 3502 1009 3556 nuntiationem.
1042 3501 1161 3557 Non
1197 3507 1342 3558 enim
1409 3509 1499 3576 qui
1552 3510 1755 3579 .utique
1811 3527 1920 3566 non
1970 3513 2167 3583 dignus

583 3604 669 3647 est
731 3611 950 3650 sat-rum
1021 3597 1235 3670 facere,
1295 3601 1404 3670 jam
1477 3605 1639 3655 etiam
1741 3604 1998 3675 indignus
2046 3616 2166 3673 est,

583 3687 729 3740 sicut
787 3701 840 3742 et
904 3701 1132 3758 magnus
1180 3693 1356 3761 inquit
1407 3693 1638 3748 Basilius
1686 3696 1736 3749 in
1770 3713 1873 3749 una
1912 3699 2165 3751 oratione

583 3783 922 3835 sacrosancti
958 3783 1226 3852 mysterii,
1263 3801 1387 3852 quae
1424 3787 1501 3839 sie
1536 3804 1592 3840 se
1620 3788 1824 3842 habet:
1864 3788 2032 3842 Nemo
2081 3806 2171 3843 eu-

582 3886 728 3926 rum,
763 3872 854 3938 qui
883 3876 1203 3932 cauualihus
1242 3877 1532 3931 desideriis
1567 3889 1621 3932 et
1669 3881 2048 3948 voluptatibus
2082 3884 2165 3934 al-

583 3963 731 4031 ligati
766 3976 914 4023 sunt,
948 3967 1145 4032 dignus
1180 3980 1265 4023 est
1295 3971 1565 4024 accedere
1614 3983 1664 4024 et
1698 3972 2165 4042 appropinquare,

582 4055 670 4108 vel
705 4055 800 4110 tibi
833 4059 1167 4122 ministrare,
1203 4059 1315 4116 Rex
1359 4063 1546 4131 gloriae
1583 4080 1600 4118 :
1635 4074 1688 4117 et
1745 4073 1994 4118 statuens
2039 4079 2165 4118 eum

552 4147 827 4218 quidem,
865 4151 955 4218 qui
992 4165 1050 4205 se
1082 4151 1218 4205 dixit
1245 4153 1555 4222 indignum,
1589 4171 1712 4228 esse
1746 4170 1839 4222 per
1875 4173 1933 4210 se
1961 4156 2166 4210 conde-

584 4253 860 4305 mnatum,
891 4241 982 4311 qui
1011 4252 1195 4298 autem
1253 4260 1362 4300 non
1403 4246 1627 4314 dignum
1660 4285 1676 4306 ,
1733 4246 2064 4300 laudandum
2109 4258 2167 4300 ut

585 4329 844 4386 humilem
878 4372 892 4397 ,
927 4321 1141 4401 aequum
1176 4339 1412 4398 censuit,
1451 4347 1508 4389 ut
1532 4337 1830 4405 episcopus
1859 4339 2160 4392 sacerdotis

581 4421 761 4472 cilicio
788 4421 1125 4490 fungeretur,
1164 4436 1218 4478 ut
1249 4425 1340 4495 qui
1373 4423 1486 4479 non.
1531 4427 1798 4504 canonice
1849 4429 2162 4481 renuntias-

2287 3231 2433 3285 Ἰδὼν
2465 3230 2575 3300 γὰρ
2616 3232 2857 3292 τοιοῦτος
2886 3231 3230 3297 πατριάρχης
3255 3229 3354 3296 τὴν
3389 3228 3734 3298 παραίτησιν
3767 3230 3867 3283 τοῦ

2273 3307 2577 3374 ἐπισκόπου
2645 3321 2718 3389 μὴ
2776 3317 3254 3387 διαλαμϐάνουσαν
3311 3319 3714 3387 παραιτεῖσθαι.
3774 3321 3871 3374 τὸν

2271 3415 2573 3469 ἐπίσκοπον
2601 3412 2676 3474 ὡς
2713 3411 2952 3476 ἀνάξιον,
3007 3409 3122 3463 ἀλλ’
3151 3410 3226 3472 ὡς
3265 3412 3340 3480 μὴ
3371 3410 3544 3475 ἄξιον,
3579 3406 3748 3463 εἶπεν
3786 3414 3863 3464 ὅτι

2271 3487 2651 3576 ἀπαδράδεκτος
2685 3506 2716 3573 ή
2749 3503 2974 3572 τοιαύτη
3023 3502 3324 3568 ἁπαίτησίς
3365 3503 3536 3554 ἐστιν.
3579 3503 3724 3554 Οὐδὲ
3755 3504 3859 3573 γὰρ

2271 3599 2298 3649 ό
2331 3600 2404 3667 μὴ
2435 3599 2583 3663 ἄξιος
2613 3597 2693 3658 εἰς
2720 3596 2778 3647 τὸ
2810 3595 3118 3663 ἱερουργεῖν
3165 3592 3265 3663 ἤδη
3310 3593 3404 3645 καὶ
3437 3593 3666 3658 ἀνάξιός
3698 3597 3823 3646 ἐστι
3847 3610 3861 3622 ·

2271 3687 2455 3748 καθὼς
2512 3689 2671 3738 τοῦτο
2717 3688 2809 3737 καὶ
2846 3687 2874 3737 ό
2906 3685 3079 3753 μέγας
3121 3683 3402 3745 Βασίλειος
3459 3685 3516 3734 ἐν
3575 3687 3686 3755 μιᾷ
3744 3685 3862 3737 τῶν

2270 3778 2442 3843 ἁγίων
2470 3777 2643 3844 εὐχῶν
2670 3775 2769 3843 τῆς
2809 3775 2961 3842 ἱερᾶς
2981 3774 3303 3842 ἁγιασεείας
3333 3774 3522 3843 φησὶν,
3559 3773 3709 3826 οὕτω
3738 3791 3863 3838 πως

2268 3868 2783 3937 διαλαμϐανούσης
2841 3866 3032 3928 Οὐδεὶς
3076 3867 3224 3931 ἄξιος
3277 3865 3386 3917 τῶν
3445 3865 3868 3936 συνδεδεμένων

2266 3969 2388 4028 ταῖς
2411 3967 2700 4034 σαρκικαῖς
2717 3962 3052 4031 ,ἐπιθυμίαις
3078 3962 3174 4014 καὶ
3197 3961 3414 4030 ἡδοναῖς
3439 3961 3869 4030 προσέρχεσθαι

2269 4060 2363 4112 καὶ
2411 4056 2824 4129 προσεγγίζειν,
2857 4055 2889 4125 ἢ
2918 4055 3261 4123 λειτουργεῖν
3309 4071 3412 4116 σοι,
3467 4053 3707 4105 Βασιλεῦ
3751 4056 3871 4123 τῆς

2266 4155 2426 4220 δόξης
2445 4169 2459 4181 ⁸
2494 4153 2588 4203 καὶ
2614 4151 2867 4217 διαγνοὺς
2895 4148 2987 4200 τὸν
3018 4147 3115 4216 μὲν
3149 4147 3372 4199 εἰπόντα
3398 4149 3597 4200 ἑαυτὸν
3629 4147 3872 4212 ἀνάξιον

2267 4243 2738 4312 αύτοκατάκριτον
2769 4239 2932 4306 εἷναι,
2963 4241 3054 4293 τὸν
3108 4239 3165 4292 δὲ
3197 4233 3282 4310 μὴ
3313 4241 3468 4303 ἄξιον
3513 4241 3876 4312 εὐχαριστη-

2265 4338 2387 4390 τέον
2441 4335 2518 4396 ὡς
2562 4335 2988 4404 ταπεινόφρονα,
3045 4330 3334 4388 ἐδικαίωσε
3391 4330 3485 4382 τὸν
3542 4331 3875 4384 ἐπίσκοπον

2268 4428 2593 4496 ἱερατεύειν,
2642 4427 2715 4487 ὠς
2749 4427 2824 4494 μὴ
2868 4425 3012 4476 κατὰ
3061 4424 3292 4485 κανόνας
3325 4422 3870 4492 παραιτησάμενον.

581 4519 686 4566 aut.
719 4512 820 4577 Qui
851 4524 1035 4569 autem
1068 4519 1259 4569 dicunt
1289 4518 1504 4585 longam
1535 4519 2000 4572 renuntiatiomnn
2034 4535 2163 4572 eun-

2274 4521 2331 4573 Οί
2371 4503 2427 4572 δὲ
2475 4519 2724 4586 λέγοντες
2754 4517 2991 4584 όφείλειν
3031 4516 3106 4578 ὡς
3147 4514 3352 4569 κανόνα
3402 4515 3501 4583 τὴν
3554 4515 3689 4580 περὶ
3746 4517 3873 4569 τῶν

581 4605 948 4668 suetudinem,
988 4609 1210 4673 perinde
1259 4623 1321 4660 ac
1359 4624 1658 4672 eauonem,
1703 4610 1883 4664 valere
1937 4611 2156 4675 debere,

583 4697 725 4750 male
758 4699 967 4754 dicunt.
1004 4699 1188 4768 Longa
1221 4700 1363 4751 enim
1399 4714 1504 4751 non
1555 4703 1756 4770 scripta
1820 4708 2159 4757 consuetudo

579 4805 688 4843 non
722 4790 882 4851 Valet,
911 4790 1131 4859 quando
1163 4791 1267 4859 legi
1299 4792 1519 4858 scripta:
1579 4794 1662 4846 vel
1705 4796 1904 4848 canoni
1931 4866 1936 4870 '
1959 4799 2155 4850 adver-

580 4893 752 4934 satur.
803 4881 863 4932 l‘jt
896 4897 1077 4949 quer
1107 4894 1227 4950 quae
1266 4898 1294 4935 a
1328 4882 1486 4937 nobis
1506 4883 1573 4938 de
1599 4899 1662 4938 ea
1699 4900 1754 4940 re
1780 4886 1983 4956 scripta
2006 4898 2153 4952 sunt,

580 4976 634 5028 iu
669 4991 792 5042 cap.
827 4976 860 5030 ’5
921 4976 1080 5044 primi
1119 4969 1204 5031 tit.
1237 4981 1523 5047 przesentis
1555 4983 1760 5050 operis.

651 5062 904 5120 ZONAR.
942 5065 1174 5132 Quidam
1198 5070 1354 5137 olim,
1388 5080 1447 5124 ut
1477 5074 1740 5129 credibile
1766 5084 1870 5138 est,
1896 5077 1980 5129 vel
2005 5092 2071 5130 ex
2089 5093 2155 5131 eo

581 5165 792 5208 tantum
823 5199 837 5219 ,
891 5160 1036 5226 quod
1099 5161 1279 5230 aliqua
1322 5169 1521 5217 'contra
1572 5166 1862 5235 episcopos
1921 5170 2151 5222 crimina

579 5247 851 5314 quispiam
886 5250 1195 5317 detulisset,
1230 5253 1314 5308 vel
1357 5255 1504 5324 quod
1557 5255 1773 5324 ipsimet
1803 5257 2017 5312 libellos
2066 5277 2154 5313 re-

578 5341 940 5398 nuntiationis
969 5342 1288 5412 dedissent,
1350 5358 1639 5414 antequam
1685 5349 1772 5403 vel
1827 5351 1896 5403 de
1921 5351 2152 5418 objectis

580 5433 909 5489 criminibus
933 5438 1221 5503 quaesitum
1261 5438 1340 5492 vel
1365 5454 1546 5493 causa:
1569 5441 1990 5498 renuntiationis
2031 5459 2153 5514 exa:

584 5523 801 5576 minata:
832 5525 1083 5590 fuissent,
1119 5528 1256 5582 alios
1300 5529 1352 5582 in
1397 5543 1584 5583 eorum
1639 5531 1804 5601 358
1853 5533 2147 5599 ecclesiis,

581 5617 674 5684 qui
705 5619 947 5673 accusati
975 5621 1190 5674 fuerant
1217 5658 1233 5684 ,
1261 5621 1422 5691 quive
1475 5625 1899 5680 renuntiationis
1935 5609 2150 5682 libellos

578 5710 918 5774 obtulerunt,
950 5713 1237 5779 episcopos
1272 5713 1641 5783 subrogabant
1670 5735 1684 5769 :
1718 5732 1824 5786 qua
1855 5733 1920 5770 ex
1970 5732 2030 5773 re
2060 5734 2146 5772 se—

553 5801 816 5876 ditiones
872 5805 922 5857 in
977 5803 1228 5859 ccclesiis
1290 5821 1350 5859 ac
1415 5809 1680 5864 tuinultus
1743 5809 2139 5864 excitabantur.

2269 4612 2657 4680 παραιτήσεων
2691 4609 2908 4678 μακρὰν
2943 4608 3232 4676 συνήθειαν
3268 4611 3493 4676 κρατεῖν
3537 4609 3734 4671 κακῶς
3767 4609 3876 4662 λέ-

2267 4709 2448 4770 γουσι.
2497 4701 2703 4771 Μακρὰ
2746 4701 2856 4769 γὰρ
2901 4700 3159 4768 συνήθεια
3199 4699 3449 4769 ἄγραφος
3509 4701 3569 4752 οὐ
3624 4712 3872 4768 κρατεῖ.

2268 4793 2397 4845 ἔνθα
2451 4793 2715 4862 ἐγγράφῳ
2780 4791 2932 4859 νόμῳ
2981 4790 3012 4856 ἦ
3069 4791 3254 4842 κανόνι
3309 4787 3678 4841 ἐναντιοῦται.
3747 4793 3875 4845 Καὶ

2267 4886 2416 4954 ζήτει
2445 4885 2516 4936 τὰ
2568 4883 2849 4952 γραφέντα
2901 4882 3035 4952 παρ’
3094 4883 3254 4951 ήμῶν
3302 4883 3466 4950 χάριν
3519 4883 3723 4934 τούτου
3779 4891 3875 4943 εις

2273 4976 2466 5044 κεφὰλ.
2499 4974 2546 5043 γ’
2595 4975 2691 5027 τοῦ
2717 4980 2764 5028 α’
2805 4975 2988 5026 τίτλου
3018 4974 3110 5026 τοῦ
3139 4974 3408 5044 παρόντος
3437 4974 3869 5040 συντάγματος.

2333 5066 2578 5124 ΖΩΝΑΡ.
2611 5067 2792 5132 Τινὲς,
2824 5067 2900 5129 ὡς
2941 5066 3107 5128 ἔοικε,
3170 5066 3436 5136 πάλαι,·ἢ
3496 5067 3872 5132 αἰτιαμάτιιιν

2262 5162 2447 5224 ἁπλῶς
2476 5159 2821 5227 λαληθέντων
2855 5159 2975 5212 κατ’
3011 5159 3348 5222 ἐπισκόπων,
3390 5158 3423 5226 ἢ
3453 5161 3866 5227 παραιτήσεωι-

2263 5251 2394 5322 παρ’
2420 5253 2603 5306 αὐτῶν
2632 5252 2913 5317 δοθεισῶν,
2940 5252 3047 5321 πρὸ
3080 5252 3173 5303 τοῦ
3206 5255 3276 5302 τὰ
3307 5251 3615 5322 αἰτιάματα
3652 5251 3860 5315 ἐξετα-

2264 5345 2459 5413 σθῆναι
2489 5345 2520 5413 ἣ
2551 5344 2650 5406 τὰς
2675 5343 2854 5404 αἰτίας
2879 5341 3224 5411 σκοπηθῆναι
3259 5343 3368 5394 τῶν
3417 5342 3858 5412 παραιτήσεων,

2261 5439 2483 5508 ἐτέρους
2508 5440 2588 5500 εἰς
2617 5438 2712 5498 τὰς
2743 5437 3038 5503 ἐκκλησίας
3070 5436 3177 5487 τῶν
3223 5431 3578 5488 αἰτιαθέντων
3623 5435 3656 5504 ἢ
3687 5454 3851 5505 παρα

2259 5531 2643 5599 αιτήσαμένων
2705 5529 3094 5599 ἐχειροτόνουν,
3126 5529 3264 5598 ὅπερ
3312 5527 3531 5588 στάσεις
3551 5530 3648 5578 καὶ
3677 5526 3860 5596 009-3-

2259 5623 2386 5684 ϐους
2420 5621 2654 5674 ἐνεποίει
2685 5624 2804 5682 ταῖς
2851 5620 3195 5688 ἐκκλησίαις.
3248 5620 3348 5670 Διὰ
3377 5617 3553 5686 ταῦτα
3585 5617 3785 5670 τοίνυν
3817 5621 3853 5689 ἠ

2259 5715 2475 5775 σύνοδος
2509 5715 2678 5784 ὥρισε
2712 5713 2787 5784 μή
2822 5713 3251 5783 χειροτονεῖσθαι
3300 5712 3604 5763 ἐπίσκοπον
3637 5711 3698 5764 ἐν
3746 5714 3854 5766 ὲκ-

2257 5808 2474 5875 κλησία,
2518 5803 2585 5875 ἦς
2616 5809 2646 5860 ὁ
2678 5807 2978 5870 ἐπίσκοπος
3012 5806 3101 5877 ζῇ,
3133 5808 3222 5875 καὶ
3255 5807 3358 5861 οὐκ
3393 5803 3709 5876 ἁπεκινζθη
3739 5807 3844 5876 τῆς
