4056 6450
355 370 490 433 10⁸ἕῖ

1429 383 1530 442 'IN
1563 342 1727 446 cn}.
1757 365 1942 445 ‘xvu
1978 347 2188 448 certe.
2237 389 2444 452 (τίνοι.

3445 389 3575 455 1078

341 473 486 549 ἱδίας
513 485 700 556 τιμῆς,
733 488 900 559 ἤγουν
927 489 1023 560 τῆς
1046 491 1407 562 ἐπισκοπικῆς
1440 495 1618 561 ἀξίας.
1657 500 1748 550 Δεῖ
1779 499 1908 567 γὰρ,

2028 504 2254 561 Proinde
2282 508 2466 577 igitur,
2502 493 2684 577 quain
2723 509 2954 564 ecclesia
3005 509 3302 579 episcopus
3357 521 3442 566 est
3493 527 3589 564 su-

344 580 504 649 φησὶ,
564 583 833 653 πρότερον
883 586 1186 650 κανονικῶς
1215 587 1566 653 ἐξετάζεσθαι
1599 592 1698 658 τὴν
1729 592 1908 644 αἰτίαν

343 672 442 744 τὴν
471 677 590 728 κατ’
613 677 778 730 αὐτοῦ
803 679 1181 750 ἐπαγομένην,
1210 684 1306 734 καὶ
1339 683 1418 746 είς
1455 685 1632 755 πέρας
1655 685 1908 753 ἄγεσθαι,

342 767 624 822 τουτέστιν
647 771 726 832 εἰς
773 771 1066 838 ἀπόφασιν,
1091 775 1185 827 καὶ
1236 777 1328 828 ὅτε
1379 779 1683 841 κανονικῶς
1705 782 1911 842 ἐκεῖνος

342 859 671 932 καθαιρεθῇ,
714 861 902 932 ἓτερον
949 867 1380 934 χειροτονεῖσθαι
1431 871 1510 932 εἰς
1543 868 1641 938 τὴν
1686 872 1910 923 ἐπισκο-

343 954 475 1022 πὴν.
545 953 780 1023 Ὁμοίως
816 960 946 1025 φησὶ
997 959 1091 1010 καὶ
1138 959 1166 1010 ὁ
1203 960 1464 1032 τέταρτος
1509 962 1691 1015 κανὼν
1729 964 1828 1032 τῆς
1857 965 1914 1015 ἐν

341 1043 582 1115 Σαρδικῇ
640 1047 882 1101 συνόδου.
935 1049 996 1101 Εἰ
1024 1049 1079 1101 δέ
1107 1067 1190 1113 τις
1225 1053 1546 1116 ἐπίσκοπος,
1578 1055 1674 1106 τοῦ
1703 1055 1912 1108 δικαίου

341 1137 440 1204 τῆς
489 1138 799 1206 ἐπισκοπῆς
842 1139 1223 1211 ἀντεχόμενος,
1276 1142 1403 1196 οὒτε
1439 1145 1531 1197 τὸν
1559 1133 1759 1199 οἰκεῖον
1790 1165 1912 1200 ποι-

343 1227 526 1293 μαίνει
569 1228 722 1293 λαὸν,
763 1229 890 1282 οὔτε
920 1237 1290 1302 παραιτεῖται,
1353 1237 1401 1288 εί
1451 1235 1674 1306 εὔλογον
1731 1240 1934 1292 αἰτίαν“

344 1321 474 1382 ἴσως
519 1320 630 1391 ἔχει
679 1327 1089 1394 παραιτήσεως,
1141 1329 1276 1380 ἀλλὰ
1298 1329 1460 1384 πλέον
1515 1331 1573 1397 ἒξ
1625 1334 1810 1401 μηνῶν
1856 1336 1914 1387 ἐν

341 1410 517 1481 ἑτέρῳ
560 1413 828 1482 διατρίϐει
855 1417 1028 1486 τόπῳ,
1077 1419 1394 1474 ἐκπεσεῖται
1420 1424 1514 1475 καὶ
1545 1424 1645 1491 τῆς
1687 1425 1914 1478 ἐπισκο-

341 1502 454 1570 πῆς
489 1505 584 1557 καὶ
612 1505 713 1574 τῆς
739 1505 896 1571 ἀξίας
931 1509 1123 1578 αὐτῆς,
1157 1513 1206 1563 εί
1238 1514 1312 1580 μή
1343 1515 1504 1585 πουῆ
1537 1517 1601 1567 ἐκ
1635 1516 1915 1586 βασιλικοῦ

341 1597 772 1665 προστάγματος
817 1601 1106 1671 κατέχεται
1166 1604 1256 1659 διά
1300 1623 1422 1659 τινα
1476 1604 1686 1677 χρείαν,
1746 1611 1778 1680 ἦ
1831 1610 1909 1680 τῷ

341 1689 532 1758 οἰκείῳ
562 1692 882 1771 πατριάρχῃ
907 1695 1224 1762 ἀναγκαίως
1265 1697 1605 1770 ὐπηρετεῖ,ῆ
1634 1701 1774 1771 νόσῳ
1807 1704 1912 1755 τινὶ

343 1780 553 1848 χαλεπῇ
585 1781 682 1832 καὶ
704 1769 899 1854 βαρείᾷ
926 1786 1235 1856 συνέχεται,
1279 1791 1373 1842 καὶ
1402 1769 1653 1863 τοιαύτη,
1679 1769 1759 1855 ὡς
1787 1795 1910 1846 ἀκι-

345 1871 538 1939 νησίας
567 1873 718 1942 αὐτῷ
746 1877 928 1944 αἰτίαν
952 1877 1223 1945 γίνεσθαι.
1259 1881 1394 1934 Τότε
1439 1883 1545 1953 γὰρ
1581 1885 1916 1955 συγγνώμην

345 2054 604 2110 τοιούτων
642 2057 835 2110 αἰτιῶν
875 2061 1171 2132 ἀποδημῶν
1207 2065 1347 2136 ὑπὲρ
1395 2065 1454 2117 τὸ
1481 2067 1777 2137 ἑξάμηνον,
1824 2073 1919 2124 καὶ

344 2148 582 2219 ἀλλαχοῦ
615 2141 942 2220 διατρίϐων,
976 2154 1475 2226 ἁλλοτριωθήσεται
1506 2161 1605 2229 τῆς
1645 2163 1920 2233 ἀρχιερω-

346 2240 536 2309 σύνης.
566 2243 660 2294 καί
688 2246 873 2316 ἓτελοος
901 2248 980 2310 εἷς
995 2247 1095 2314 τὴν
1125 2249 1432 2319 ἐπισκοπὴν
1463 2255 1679 2307 ἐκείνην
1704 2249 1917 2309 ἀντεισ-

343 2333 674 2404 αχθήσεται.

1944 1837 1992 1896 Β

347 1963 460 2026 ἔξει
497 1965 798 2034 ἀποδημῶν
832 1970 934 2038 τῆς
968 1970 1266 2041 ἐκκλησίας
1299 1973 1488 2028 αὐτοῦ.
1529 1976 1690 2029 Ἀνευ
1721 1977 1776 2029 δὲ
1808 1980 1917 2031 τῶν
1969 1997 1975 2003 '

2019 604 2251 668 perstes,
2288 615 2464 669 neque
2492 601 2712 670 proprio
2740 601 2968 667 honore,
3009 603 3115 658 hoc
3141 611 3243 668 est,
3285 603 3588 672 episcOpali

2018 696 2303 765 dignitate,
2339 706 2514 750 motus
2545 706 2650 756 est,
2691 697 2897 751 nullum
2924 700 2977 751 in
2999 713 3059 751 ea
3081 699 3398 768 episcopum
3423 699 3587 752 alium

2019 788 2280 842 constitui
2333 788 2497 842 licere
2559 788 2802 858 synodus
2851 789 3116 842 deﬁnivit.
3174 788 3402 854 Oportet
3444 791 3588 842 enim

2020 882 2193 950 prius,
2225 879 2424 951 inquit,
2460 896 2522 936 ex
2551 881 2870 950 praescripto
2893 897 3164 936 canonum
3191 884 3418 948 crimen,
3445 881 3589 951 quod

2017 973 2276 1042 episeopo
2305 972 2623 1035 intenditur,
2654 974 2952 1028 examinari
2991 973 3055 1026 ad
3100 973 3416 1042 exitumque
3467 991 3590 1041 per-

2019 1066 2168 1130 duci,
2205 1066 2305 1119 hoc
2332 1074 2438 1123 est.
2469 1067 2791 1120 sententiam
2837 1065 2903 1120 de
2936 1066 3028 1118 illo
3060 1063 3226 1130 ferri;
3273 1082 3452 1134 eoque
3497 1066 3589 1119 de-

2021 1173 2166 1210 mum
2209 1172 2274 1210 ex
2308 1157 2543 1211 decretis
2577 1172 2850 1212 canonum
2898 1157 3152 1226 deposito
3182 1198 3194 1219 ,
3246 1160 3478 1210 alterum
3539 1158 3592 1210 in

2019 1249 2140 1316 ejus
2164 1247 2484 1318 episcopatu
2520 1249 2754 1318 denique
2784 1249 3093 1317 subrogari.
3123 1248 3265 1302 ldetn
3302 1248 3594 1301 Sardicen-

2019 1333 2104 1395 sis'
2134 1355 2352 1409 quoque
2382 1341 2572 1410 synodi
2608 1355 2818 1394 canone
2849 1342 2883 1394 4
2909 1341 3268 1394 constitutum
3303 1339 3616 1414 estJQuoth

2019 1435 2061 1488 si
2096 1435 2365 1503 quispiam
2401 1435 2714 1504 cpiscopus,
2765 1435 2890 1516 jure
2944 1434 3290 1502 episcopatus
3343 1441 3552 1485 retento
3578 1471 3593 1494 ,

2020 1541 2200 1596 neque
2229 1529 2284 1582 in
2325 1543 2512 1582 curam
2556 1529 2812 1597 pascendi
2866 1529 3047 1599 gregis
3085 1529 3390 1590 incumbit,
3423 1543 3596 1593 neque

2021 1620 2322 1682 renuntiat,
2359 1620 2402 1675 si
2436 1619 2580 1688 justa
2615 1620 2688 1673 illi
2717 1619 2856 1673 forte
2881 1621 3062 1688 aliqua
3100 1636 3261 1674 causa
3295 1621 3366 1674 sit
3392 1637 3596 1673 t'enun-

2022 1711 2292 1791 tiationis;
2327 1713 2420 1764 sed
2455 1711 2596 1763 ultra
2633 1723 2903 1765 semestre
2935 1715 3198 1781 temporis
3219 1713 3458 1780 spatium
3490 1712 3599 1764 alio

2022 1804 2074 1857 in
2113 1804 2234 1858 loco
2263 1803 2433 1872 degit,
2472 1801 2518 1858 is
2547 1804 2865 1872 episcopatu
2901 1803 3063 1857 simul
3100 1805 3327 1874 ipsaque
3376 1806 3599 1873 episco-

2023 1895 2128 1965 pali
2165 1897 2428 1964 dignitate
2463 1897 2718 1960 excidet;
2758 1897 2864 1950 nisi
2896 1889 2991 1950 vel
3018 1897 3370 1962 imperatoris
3415 1897 3598 1961 jusso,

2026 1987 2147 2055 ejus
2183 2003 2345 2056 opera
2377 1989 2605 2052 utentis,
2634 1988 2831 2042 alicubi
2866 1989 3197 2056 detineatur,
3233 1991 3312 2041 vel
3349 2003 3599 2042 necessa-

2026 2077 2123 2131 riis
2155 2080 2476 2148 patriarcbte
2500 2081 2582 2134 sui
2620 2079 2944 2136 ministeriis
2977 2093 3273 2149 occupetur
3304 2121 3317 2140 ,
3369 2083 3453 2134 vel
3511 2097 3600 2133 eo.

2028 2186 2204 2238 USQIte
2231 2170 2435 2224 dillicili
2469 2172 2729 2240 gravique
2754 2172 2946 2224 morbo
2965 2187 3264 2240 oppressus
3286 2165 3596 2234 decumhat,

2028 2272 2086 2316 ut
2120 2279 2468 2318 commovere
2503 2279 2628 2318 sese
2659 2264 2972 2317 nullatenus
3004 2272 3185 2332 queat.
3222 2260 3378 2315 Tunc.
3425 2263 3596 2322 enim,

2029 2355 2283 2424 quamvis
2315 2356 2504 2426 procul
2545 2358 2610 2410 ah
2644 2357 2872 2410 ecclesia
2907 2370 3002 2409 sua
3036 2355 3275 2423 degenti,
3312 2333 3616 2406 nihilomiJ

344 2446 452 2482 nus
482 2431 816 2500 ignoscetur.
845 2436 900 2491 Si
936 2453 1091 2504 vero,
1162 2440 1309 2494 nulla
1382 2440 1649 2508 ejusmodi
1705 2461 1868 2499 causa
1938 2447 2351 2516 intercedente,
2418 2453 2560 2506 ultra
2615 2461 2879 2504 semestre
2933 2449 3169 2519 spatium
3218 2448 3344 2502 alibi
3401 2449 3601 2502 absens

343 2529 586 2618 exegerit
619 2547 634 2584 :
660 2533 837 2588 altero
864 2535 918 2587 in
937 2535 1056 2604 ejus
1080 2537 1396 2606 episcopatu
1433 2540 1681 2605 suﬂecto,
1708 2547 1909 2598 summi
1953 2548 2241 2602 sacerdotii
2271 2548 2539 2619 dignitate
2573 2550 2690 2618 ipse
2723 2543 3050 2616 privabitur.

341 2600 570 2675 ΔΡΙΣΫ.
600 2662 604 2668 -
639 2644 658 2677 ι
704 2627 862 2679 Κατά
928 2600 1134 2698 μηδένα
1203 2600 1404 2699 τρόπον
1466 2600 1793 2687 ἐπιϐαινέτω
1842 2637 1924 2699 τις

427 2733 446 2767 ι
491 2719 819 2790 ἐπισκοπῆς,
855 2715 924 2792 ἦς
951 2723 979 2774 ὁ
1005 2722 1288 2792 προεστὼς
1317 2723 1399 2776 ἔτι
1429 2723 1517 2793 ζῇ.
1549 2727 1644 2777 Δεῖ
1683 2730 1790 2797 γὰρ
1819 2730 1920 2798 τὴν

422 2825 444 2858 ι
489 2809 672 2863 αἰτίαν
697 2811 963 2881 πρότερον
988 2812 1270 2884 ζητεῖσθαι
1291 2817 1386 2867 τοῦ
1417 2816 1702 2884 μέλλοντος
1733 2817 1924 2871 ἐκδιώ-

421 2918 443 2951 ‹
488 2902 706 2968 κεσθαι,
753 2905 853 2957 καὶ
886 2905 1027 2973 μετὰ
1057 2906 1381 2976 καθαίρεσιν
1421 2907 1610 2971 ἕτερον
1645 2910 1917 2978 προ6ι6ά-
1970 2904 1977 2915 ’

427 3009 446 3043 ι
493 2995 710 3057 ζεσθαι.
749 2995 812 3048 Εί
849 2996 905 3047 δέ
957 3013 1044 3058 τις
1093 2999 1323 3069 ἀμελοίη
1357 3000 1456 3069 τῆς
1493 3000 1630 3062 ἰδίας
1661 3003 1924 3072 ποίμνης,

429 3101 450 3133 ι
489 3085 582 3137 καὶ
639 3085 777 3154 μήτε
819 3079 980 3156 νόσῴ,
1036 3087 1069 3157 ἦ
1123 3087 1391 3158 βασιλικῷ
1446 3089 1478 3158 ἢ
1538 3091 1925 3162 πατριαρχικῷ

427 3195 446 3227 ι
492 3178 831 3248 κελεύσματι
903 3181 1295 3250 κατεχόμενος,
1354 3181 1495 3251 ὑπὲρ
1571 3156 1994 3251 ἑξαμηνιαῖονΕ

425 3291 446 3322 ι
494 3273 838 3348 ἀποδημήσει
874 3274 1087 3343 χρόνον,
1121 3276 1220 3344 τῆς
1253 3274 1348 3328 τοῦ
1401 3278 1702 3332 ἐπισκόπου
1742 3277 1867 3343 ἀξία
1894 3296 1923 3342 ς

428 3383 446 3416 ι
493 3366 588 3417 καὶ
619 3366 784 3434 τιμῆς
806 3367 919 3434 ἤτω
937 3366 1231 3436 ἀλλότριοξ.
1261 3387 1280 3418 ι

949 3462 1189 3515 ΚΑΝΩΝ
1240 3460 1336 3516 lZ'.

355 3568 378 3600 τ
437 3549 526 3602 Ἐν
579 3544 714 3604 πᾶέι
793 3553 892 3621 τῆς
960 3553 1426 3624 ὲκκλησιαστικῆς
1491 3556 1750 3620 εὐταξίας
1813 3557 1926 3627 (59)

429 3662 450 3695 ι
501 3645 910 3714 φροντίζοντες,
991 3647 1084 3698 καὶ
1148 3647 1307 3719 τοῦτο
1380 3648 1562 3716 ὁρίσαι
1630 3650 1929 3717 ἀναγκαῖον

432 3755 452 3787 ι
498 3736 760 3806 ἐθέμεθα,
799 3736 938 3788 ὥστε
974 3737 1069 3790 τοῦ
1107 3738 1296 3790 λοιποῦ
1337 3740 1544 3808 μηδένα
1575 3741 1684 3799 τῶν
1719 3743 1926 3794 λαῖκῶν

431 3847 450 3877 ι
497 3827 530 3896 ἢ
573 3826 823 3901 μοναχῶν
851 3827 1048 3896 ἁθρόον
1095 3829 1174 3890 είς
1207 3830 1264 3880 τὸ
1313 3829 1410 3897 τῆς
1456 3831 1763 3900 ἐπισκοπῆς
1795 3831 1927 3901 ὕψος

432 3939 451 3970 ι
499 3919 821 4001 ᾁνάγεσθαι,
870 3917 1009 3970 ἀλλὰ
1039 3921 1098 3971 ὲν
1131 3923 1241 3981 τοῖς
1271 3921 1748 3990 ἐκκλησιαστικοῖς
1801 3924 1931 3994 βαθ-

434 4034 452 4063 ‹
501 4015 623 4083 μοῖς
678 4011 1068 4081 ἐξεταζόμενον
1089 4014 1378 4083 πρότερον,
1408 4013 1552 4067 οὕτω
1575 4017 1672 4084 τῆς
1707 4019 1929 4069 ἐπισκο-

433 4125 452 4156 ι
496 4106 605 4177 πῆς
635 4105 734 4176 τὴν
777 4105 1115 4176 χειροτονίαν
1151 4106 1533 4176 ὑποδέχεσθαι.
1590 4110 1651 4162 Εἰ
1697 4110 1804 4180 γὰρ
1836 4111 1933 4162 καὶ

2031 2639 2260 2695 AltlST.
2302 2659 2320 2691 ι
2357 2640 2932 2709 Nemoepiscopatum
2969 2638 3076 2691 ullo
3134 2635 3293 2690 modo
3342 2636 3600 2697 invadat,

2110 2752 2130 2785 ι
2165 2735 2324 2800 cujus
2355 2732 2761 2801 praesul-adhuc
2791 2731 2946 2790 vivit.
2985 2731 3219 2785 Causam
3260 2729 3402 2782 enitn
3437 2728 3601 2788 illius,

2111 2844 2128 2874 ‹
2165 2825 2256 2892 qui
2289 2823 2642 2891 expellendus
2674 2833 2790 2886 est,
2821 2822 3126 2876 examinari
3159 2822 3310 2890 prius
3342 2831 3557 2889 Oportet
3589 2861 3602 2880 ,

2110 2936 2128 2968 ι
2159 2927 2211 2971 ct
2243 2926 2366 2986 post
2400 2917 2798 2982 depositionem
2832 2916 2995 2968 alium
3024 2915 3351 2983 promoveri.
3381 2912 3435 2966 Si
3480 2913 3604 2982 quis

2101 3023 2120 3055 ι
2157 3015 2336 3057 autem
2358 3017 2570 3074 gregem
2597 3020 2755 3057 suum
2784 3005 3100 3071 neglexerit,
3121 3013 3174 3056 et
3196 3018 3372 3072 neque
3396 3005 3603 3064 morio,

2110 3117 2128 3148 ‹
2167 3113 2268 3151 nec
2305 3097 2570 3165 imperiali
2607 3113 2704 3150 nec
2736 3096 3090 3166 patriarchali
3134 3096 3292 3165 jussu
3326 3097 3600 3155 detentus.

2081 3167 2126 3242 ἰ
2166 3191 2307 3243 ultra
2337 3198 2604 3245 semestre
2635 3189 2868 3258 Spatium
2917 3187 3149 3243 abfuerit
3185 3227 3199 3251 ,
3252 3188 3322 3241 ab
3361 3187 3601 3257 episcopi

2110 3303 2127 3334 ι
2162 3282 2424 3352 dignitate
2451 3283 2613 3338 simul
2641 3297 2703 3335 ac
2739 3283 2945 3334 honore
2978 3281 3194 3336 alienus
3228 3281 3320 3334 sit.

2605 3451 2837 3515 CANON
2871 3459 3012 3514 xvu

2038 3573 2056 3604 ι
2099 3554 2158 3608 ln
2217 3553 2477 3607 omnibus
2542 3554 2669 3606 bolti
2729 3554 3088 3608 ecclesiastici
3152 3555 3362 3610 ordinis
3417 3573 3606 3613 curam

2110 3667 2127 3697 ι
2163 3656 2456 3716 gerentes,
2509 3645 2614 3699 hoc
2672 3662 2892 3714 quoque
2945 3646 3174 3702 delinire
3231 3651 3604 3728 necessarium

2109 3759 2127 3790 ι
2166 3741 2456 3794 duximus:
2487 3748 2544 3792 ut
2577 3740 2758 3795 nullus
2789 3740 3044 3807 deinceps
3079 3742 3250 3796 laicus
3302 3744 3384 3797 vel
3415 3761 3574 3797 utona
3597 3775 3608 3783 -

2115 3851 2134 3882 ι
2173 3833 2313 3886 chus
2341 3817 2567 3902 repente
2599 3833 2663 3885 ad
2701 3835 3064 3900 episcopalem
3096 3838 3439 3891 altitudinem
3484 3855 3608 3892 eve-

2110 3943 2126 3974 ‹
2168 3926 2360 3986 batur;
2393 3924 2485 3977 sed
2520 3924 2572 3976 in
2619 3925 3010 3980 ecclesiasticis
3063 3928 3321 3994 gradibus
3368 3927 3604 3996 primum

2114 4034 2130 4064 ι
2173 4014 2538 4077 examinatus,
2578 4015 2650 4066 ita
2683 4014 3010 4084 episcopalis
3056 4015 3336 4084 dignitatis
3387 4018 3608 4071 ordina-

2112 4124 2130 4157 ι
2171 4105 2372 4165 tionem
2409 4088 2692 4174 suscipiat.
2727 4102 2840 4160 Etsi
2871 4108 3014 4160 enim
3071 4107 3354 4177 hucusque
3379 4111 3602 4180 quidam

1585 4241 1775 4302 Guill.
1813 4240 2135 4321 Beveregii
2169 4246 2360 4301 notua.

433 4368 541 4439 (59)
596 4368 700 4420 Ἐν
743 4365 894 4420 πᾶσι
917 4369 1028 4432 τῆς
1055 4365 1569 4434 ἐκκλησιαστικῆς
1612 4368 1914 4432 εὐταξίας.

355 4443 594 4493 Cautum
629 4448 712 4491 est
738 4440 843 4491 hoc
877 4453 1109 4496 canone,
1144 4454 1208 4490 ne
1241 4439 1363 4504 quis
1405 4439 1574 4489 laicus
1602 4447 1696 4490 aut
1732 4454 1918 4491 innua-

357 4512 499 4576 cbus
529 4510 593 4562 ad
634 4509 1003 4576 episcopalem
1039 4507 1360 4576 dignitatem
1399 4507 1450 4558 in
1475 4518 1752 4575 posterum
1786 4523 1918 4560 eve-

359 4575 545 4642 hat'ur,
593 4575 695 4631 nisi
739 4579 832 4646 qui
883 4575 1196 4646 temp-usit:
1250 4577 1481 4647 singulis
1537 4578 1924 4631 ecclesiasticis

357 4651 729 4720 pratstitutum
807 4647 1064 4720 gralibus
1132 4649 1283 4715 prius
1357 4648 1930 4720 adimpleverit.lloc

359 4717 541 4773 autem
561 4735 590 4772 a
617 4718 808 4771 Photio
834 4717 916 4771 sui
939 4719 1111 4781 ipsius
1132 4733 1296 4772 causa
1319 4719 1676 4771 constitutum
1699 4719 1931 4780 videtur,

358 4792 445 4844 vel
499 4791 614 4858 ipse
664 4791 852 4841 saltem
883 4787 930 4858 ei
963 4789 1354 4842 constituendo
1410 4788 1756 4858 occasionem
1802 4803 1934 4856 pra--

362 4860 481 4914 bttit
506 4857 531 4925 ;’
575 4859 776 4926 quippe
811 4857 929 4925 qui,
969 4871 1162 4910 contra
1201 4875 1264 4910 ac
1327 4859 1413 4910 hic
1460 4857 1802 4921 decernitur,
1841 4873 1933 4926 pa-

359 4931 728 4996 triarchatum
789 4927 1466 4996 Constantiuopolitauum
1531 4927 1766 4994 adeptus
1828 4943 1932 4980 est.

319 5057 322 5066 ι
361 4999 413 5053 Is
446 4994 588 5054 eniiu
622 5015 746 5050 eum
805 4994 1288 5066 protcspatha’rius
1320 5008 1374 5052 et
1411 4994 1621 5065 primus
1653 5000 1935 5051 esccretis

363 5069 682 5136 imperatori
731 5080 899 5128 esset,
965 5084 994 5117 e
1043 5067 1184 5119 laico
1217 5083 1314 5120 sex
1377 5067 1570 5121 diebus
1621 5068 1936 5135 patriarcha

361 5149 583 5194 creatus
605 5147 711 5192 cst.
757 5138 890 5190 Nam
931 5137 1102 5203 primo
1137 5138 1226 5188 die
1263 5141 1436 5190 tactus
1481 5149 1563 5191 est
1612 5139 1935 5200 monachus,

307 5217 311 5233 '
363 5212 539 5262 altero
603 5208 812 5274 lector,
863 5209 1060 5261 deinde
1115 5208 1569 5274 bypodiaconus,
1645 5209 1934 5269 diaconus,

365 5281 676 5348 presbyter,
705 5291 759 5332 et
803 5289 960 5332 sexto
991 5277 1341 5348 patriarcha;
1374 5288 1434 5348 ιιι
1482 5276 1700 5348 Nicetes
1727 5278 1778 5330 in
1816 5277 1936 5330 Vita

365 5346 556 5418 ignatii
584 5347 1178 5418 Constantinopolitani
1207 5346 1462 5418 tradidit:
1489 5349 1596 5418 Καὶ
1621 5347 1679 5396 ἐν
1704 5347 1765 5410 ἓξ
1787 5347 1937 5408 ὅλαις

365 5415 549 5489 ήμέοα
562 5437 607 5480 ις
649 5420 837 5488 χερσὶν
869 5416 1176 5487 ἀνθρώπων
1210 5415 1700 5489 τελειούμενοςτῇς
1732 5418 1941 5489 ἀποθυ-

369 5483 620 5558 μουμέιη
706 5483 1118 5556 ἐπελαμϐάνετο
1162 5483 1450 5558 καθέδρας.
1487 5483 1596 5538 Καί
1626 5485 1694 5558 ἦν
1725 5488 1948 5555 ἀληθῶς

367 5563 581 5612 ἐκεῖνον
630 5560 762 5628 όρᾷν
817 5559 1134 5627 αὐθημερὸν
1173 5558 1331 5623 ἆγιον
1390 5557 1760 5627 πλαττόμενον
1802 5561 1940 5609 κατά

364 5629 468 5699 τὴν
530 5627 867 5698 παροιμίαν-
917 5628 1111 5699 πρῲτῃ
1156 5627 1268 5699 γὰρ
1321 5628 1507 5696 ήμέρᾳ
1550 5629 1782 5696 μοναχὸς
1819 5629 1940 5679 ἀντὶ

368 5696 564 5751 λαῖκοῦ
585 5718 598 5730 ·
616 5696 954 5768 τῇδευτέρᾳ
979 5697 1036 5748 δὲ
1067 5696 1437 5768 ἀναγνώστης,
1470 5699 1564 5750 καί
1592 5699 1940 5759 ὑποδιακονος

373 5716 564 5751 Λαικου
585 5718 598 5730 ·
626 5715 674 5767 ἰτ⁶
727 5715 954 5768 οευτερᾳ
979 5715 1036 5748 οε
1067 5715 1437 5766 αναγνωστης,
1470 5715 1564 5750 και
1592 5715 1938 5759 υπυοιακονος

373 5773 442 5838 τῇ
479 5771 625 5836 ἑξῆς,
655 5715 772 5822 ἓῐτα
798 5769 1063 5838 διάκονος,
1095 5763 1214 5818 εἶτα
1242 5767 1632 5836 πρεσϐύτερος,
1657 5771 1849 5821 ἔπειτα.
1872 5774 1938 5838 τῇ

378 5834 534 5907 sit?!“
558 5834 790 5894 Χριστοῦ
805 5840 864 5892 δὲ
889 5834 956 5895 ἦν
985 5839 1257 5898 ιἐνέθλια.
1286 5839 1378 5891 καὶ
1399 5834 1558 5902 αὐτὸς
1583 5840 1657 5902 τῷ
1681 5834 1941 5903 ἱερατικῶ

1487 5966 1513 5982 4

2033 4364 2276 4434 προστὰς
2316 4363 2507 4433 ’θρόνῳ
2558 4364 2656 4434 τὴν
2683 4365 2908 4436 εξοήνην
2930 4365 3008 4433 τῷ
3045 4366 3159 4435 λαῷ
3219 4368 3593 4436 προσεφώνει.
3638 4371 3644 4381 “

2033 4437 2214 4490 Nicet.
2254 4438 2306 4488 in
2345 4436 2461 4488 Vita
2497 4436 2673 4504 lgnat.
2709 4434 2775 4488 Et
2801 4437 2916 4508 ipsa
2953 4434 3172 4503 quidem
3205 4434 3603 4508 oetava'geue-

2032 4509 2162 4561 ralis
2201 4507 2363 4572 vulgo
2421 4508 2690 4577 appellata
2749 4507 2994 4577 synodus
3021 4548 3034 4567 ,
3065 4508 3257 4575 lgnatii
3293 4510 3463 4576 gratia
3511 4511 3605 4562 ha-

1958 4555 2002 4608 ί)
2040 4579 2147 4632 bita
2235 4555 2625 4644 pt-ttiaposidram
2678 4555 2820 4631 hach
2877 4589 2930 4630 et
2994 4555 3347 4648 ily-regularem
3420 4578 3600 4634 Photii

2039 4618 2440 4700 ordiiiationem
2493 4647 2857 4700 perstringere
2912 4647 3148 4700 videtur.
3191 4649 3278 4699 ubi
3331 4651 3600 4700 neminem

2039 4663 2230 4701 oruma

2239 4650 2440 4699 tionem
2493 4647 2857 4715 perstringere
2912 4647 3148 4710 videtur,
3191 4649 3278 4699 ubi
3331 4651 3602 4702 nemiuem

2038 4720 2104 4770 ad
2135 4719 2485 4787 episcopatus
2519 4720 2779 4771 bonOrem
2809 4720 3118 4785 promoveri
3157 4719 3372 4780 statuit,
3410 4721 3510 4772 nisi
3549 4720 3601 4771 in

2039 4789 2261 4842 lectoris
2315 4795 2540 4840 munere
2581 4803 2809 4848 annum,
2853 4789 2905 4840 iu
2960 4787 3285 4842 sulidtacoui
3343 4791 3505 4849 duos.
3543 4791 3600 4842 in

2039 4859 2258 4912 diaconi
2318 4865 2454 4913 tres.
2507 4858 2800 4911 sacerdotii
2883 4869 3063 4912 autem
3130 4867 3362 4926 quatuor
3433 4875 3606 4915 annos

2040 4929 2370 4997 expleverit.
2422 4927 2854 4997 Προὸιϐασθήτω
2903 4930 2983 4997 εἰς
3027 4930 3125 4995 τὴν
3156 4927 3605 4996 ἀρχιερωσύνην,

2039 4995 2181 5050 ὥστε
2205 4999 2264 5048 ἐν
2302 4995 2375 5061 τῷ
2410 4995 2604 5065 βαθμῷ
2635 4996 2728 5067 τοῦ
2761 4995 3110 5067 ἀναγνώστου
3151 4995 3398 5050 ἐνιαυτὸν
3437 5003 3608 5067 τρεῖς,

2040 5069 2132 5119 καὶ
2178 5067 2447 5134 τέσσαρας
2617 5066 2710 5140 ’τῷ
2762 5066 2870 5140 ’τοῦ
2942 5067 3340 5137 πρεσϐυτέρου.
3400 5065 3607 5140 syrma.

2040 5149 2248 5191 octava:
2306 5152 2430 5188 cau.
2491 5137 2541 5189 5.
2615 5135 2844 5209 Photius
2893 5135 3075 5209 autem
3135 5140 3197 5191 ἰιι.
3226 5135 3482 5207 praesenti
3513 5157 3608 5192 ca-

2041 5224 2182 5262 none
2211 5221 2321 5260 rem
2352 5206 2920 5259 extenttare'nititur.
2976 5206 3160 5261 Primo
3217 5206 3360 5262 cnim
3418 5211 3608 5262 subin-

2041 5280 2210 5341 dicat,
2245 5278 2537 5346 nonnullos
2568 5293 2598 5329 e
2662 5277 2812 5329 laicis
2866 5278 2944 5329 vel
2996 5279 3280 5332 monachis
3319 5280 3611 5346 episcopos

2042 5356 2226 5402 statim
2262 5347 2435 5399 factos
2481 5345 2652 5400 fuisse
2680 5386 2694 5408 ,
2730 5357 2788 5400 et
2823 5347 3087 5401 ecclesias
3152 5365 3280 5402 suas
3346 5345 3401 5402 in
3437 5345 3605 5402 altum

2042 5419 2301 5471 extulisse
2358 5418 2613 5486 (quales;
2653 5418 2908 5469 nimirum
2985 5418 3205 5472 fuerunt
3281 5419 3606 5473 Ambrosius

2018 5487 2392 5541 ‘Mediolensis
2428 5485 2502 5542 et
2576 5485 2864 5542 Nectarius
2907 5487 3602 5556 Constantinopolitanae),

2043 5557 2139 5611 sed
2172 5557 2344 5619 addit,
2377 5559 2479 5610 hoc
2523 5557 2575 5609 in
2612 5559 2923 5625 exculplum
2963 5573 3069 5610 non
3101 5560 3428 5612 trahendum
3458 5575 3607 5618 csse.

2043 5630 2345 5695 praisertim
2401 5625 2726 5692 τοῦ,).οιποῦ
2762 5633 2816 5679 ιιι
2862 5635 3126 5695 posterum
3165 5645 3181 5683 :
3217 5628 3355 5682 adeo
3391 5640 3449 5681 ut
3483 5647 3608 5697 quae

2044 5708 2204 5752 antea
2275 5701 2376 5752 hoc
2460 5698 2621 5750 modo
2679 5698 2834 5750 facta:
2899 5706 3028 5750 sunt
3077 5700 3456 5762 ordinationes
3519 5707 3607 5766 (ac
3664 5718 3670 5728 ·

2047 5770 2275 5836 proinde
2302 5771 2481 5836 suam)
2517 5777 2665 5840 ratas
2699 5782 2820 5820 esse
2863 5768 3022 5832 velit;
3062 5770 3157 5824 sed
3192 5781 3376 5826 tamen
3417 5771 3472 5826 in
3507 5786 3603 5840 νυ-

2045 5835 2248 5894 Stcruui
2278 5856 2382 5894 non
2427 5835 2702 5894 faciendas
2727 5853 2849 5893 esse
2889 5845 3110 5894 statuat.
