4056 6402
388 305 521 371 1091

1636 288 1920 361 THEOD.
1951 299 2356 359 BALSAMON

3492 302 3635 367 109?.

388 427 614 479 verbum
651 420 938 490 apposuit;
977 419 1021 472 si
1071 416 1289 487 quidem
1342 432 1373 472 e
1420 416 1619 471 summi
1670 415 1956 471 sacerdotii

2065 415 2450 477 ταπεινώσεως
2481 414 2889 487 χθαμαλότητα,
2952 418 3047 469 καὶ
3105 416 3169 469 ἐκ
3231 416 3324 470 τοῦ
3358 420 3633 489 πατρικοῦ

390 514 612 584 fastigio
646 498 712 568 ad
752 514 988 566 intimam
1022 511 1351 578 abjectionis
1399 509 1784 572 humilitatem,
1809 516 1864 560 et
1891 524 1957 560 ex

394 608 722 674 patriarchae
776 613 938 672 atque
990 603 1228 656 doctoris
1259 600 1573 671 dignatione
1619 600 1673 654 in
1709 599 1956 654 ordinem

401 702 632 753 filiorum
672 714 736 750 ac
791 697 1182 764 discipulorum
1239 710 1379 758 sese,
1430 695 1523 763 qui
1560 694 1831 755 tondetur,
1866 695 1960 744 de—

398 791 577 862 mittit)
612 794 877 843 sednuuc
904 789 1145 842 decrevit
1194 788 1454 858 synodus,
1501 795 1559 839 ut
1612 787 1702 854 qui
1758 786 1960 839 summi

394 880 679 934 sacerdotii
726 882 986 950 dignitate
1038 881 1245 948 przediti
1295 879 1359 931 ad
1411 872 1724 931 monastica:
1777 888 1961 945 postea

394 974 518 1027 vita:
555 976 857 1029 institutum
888 971 1175 1025 deflectere
1207 971 1519 1031 voluerunt,
1551 984 1616 1021 ne
1642 983 1801 1035 quam
1834 967 1963 1033 ipsis

394 1067 511 1135 ejus
578 1067 856 1135 dignitatis
912 1074 1119 1134 partem
1170 1063 1400 1132 amplius
1460 1076 1727 1129 usurpare
1779 1062 1960 1113 iiceat.

392 1159 559 1225 Cujus
592 1159 807 1227 quidem
840 1160 915 1211 rei
952 1158 1090 1210 hanc
1110 1159 1370 1209 rationem
1400 1154 1617 1223 subiicit
1650 1156 1960 1223 :quoniam,

382 1253 590 1319 «inquit,
625 1253 769 1305 illius
800 1253 889 1319 qui
929 1253 1185 1303 tondetur
1219 1248 1434 1317 propria
1483 1247 1807 1317 ahjectionis
1842 1262 1966 1316 pro-

398 1344 563 1395 fessio
594 1338 699 1407 est‘,
732 1358 902 1409 seque
939 1342 984 1395 is
1021 1342 1373 1410 discipulum,
1404 1348 1458 1393 et
1483 1340 1550 1392 ab
1581 1340 1704 1421 aliis
1735 1354 1965 1408 pascen-

392 1431 543 1497 dum,
563 1451 670 1487 non
703 1434 877 1503 ipsum
914 1444 1213 1502 pastorem.
1236 1434 1478 1486 futurum
1502 1447 1622 1485 esse
1641 1431 1961 1499 despondet.

396 1523 517 1589 Quo
551 1535 709 1592 pacto
746 1526 932 1593 igitur,
971 1538 1022 1578 et
1054 1541 1152 1593 pro
1185 1525 1384 1577 summi
1418 1523 1703 1576 sacerdotii
1740 1538 1966 1575 munere

394 1616 518 1669 aliis
552 1615 856 1684 praefectus,
904 1627 959 1668 et
984 1616 1051 1669 ob
1082 1616 1362 1667 monastici
1416 1613 1633 1667 habitus
1674 1613 1965 1667 demissio-

348 1700 355 1707 ’
395 1723 516 1759 nem
552 1690 995 1761 fuet‘it’idemmet
1023 1706 1309 1775 abjectus?
1346 1722 1450 1773 qua
1483 1707 1692 1758 ratione
1721 1705 1965 1758 doctoris

392 1809 446 1850 et
473 1799 718 1867 discipuli
747 1800 907 1853 simul
933 1799 1249 1851 muneribus
1284 1797 1628 1851 satisfaciet?
1649 1798 1958 1867 Propterea,

392 1906 460 1943 ne
488 1907 566 1954 se,
604 1893 777 1961 inquit
799 1893 1032 1961 amplius
1059 1892 1111 1945 in
1150 1892 1323 1945 locum
1356 1891 1729 1960 pmnitentiunt
1759 1889 1959 1943 summi

392 1986 706 2043 sacerdotes
742 1985 1029 2039 demittant
1076 1984 1493 2055 (monachorum
1546 1982 1817 2051 siquidem
1852 1982 1960 2034 vita

392 2076 725 2143 paenitentia:
779 2076 1024 2145 qmedam
1073 2070 1348 2146 professio
1402 2076 1505 2145 est)
1556 2074 1958 2130 constituimus.

390 2167 545 2231 Quod
577 2170 619 2223 si
657 2168 780 2237 quis
813 2169 1022 2232 fecerit,
1056 2170 1253 2224 summi
1287 2168 1580 2223 sacerdotii
1636 2160 1957 2235 dignitatem

392 2260 493 2313 sibi
525 2261 751 2327 ipsemet
787 2262 1153 2331 abrogaverit,
1192 2275 1290 2315 nec
1341 2262 1487 2315 illius
1543 2262 1738 2312 iterum
1779 2257 1957 2310 vindi-

391 2348 578 2401 canda:
602 2348 833 2403 facultas
867 2351 1101 2417 amplius
1148 2349 1506 2417 relinquetur.
1557 2346 1734 2399 Verba
1790 2357 1958 2413 μοι·Γο

393 2438 504 2497 illa.
540 2438 617 2493 Ne
656 2455 715 2494 se
768 2440 824 2494 in
860 2442 1035 2492 locum
1090 2438 1470 2507 ptenitentium
1529 2435 1853 2497 demittant;
1909 2440 1963 2486 et

389 2533 523 2596 alia,
558 2533 711 2598 Quod
744 2534 788 2587 si
816 2533 940 2599 quis
975 2534 1028 2585 id
1064 2532 1243 2586 facere
1273 2532 1504 2592 audeat;
1563 2518 1669 2580 non
1715 2526 1788 2578 ita
1820 2525 1965 2578 acci-

2061 510 2158 560 καὶ
2216 505 2598 559 διδασκαλικοῦ
2653 507 2961 576 ἀξιώματος
3015 509 3099 579 είς
3156 508 3275 561 υἱοῦ
3333 509 3485 573 τάξιν
3541 514 3637 563 καὶ

2064 598 2334 668 μαθητοῦ)
2368 599 2484 651 ἀλλ’
2511 599 2676 668 ῶρισε
2710 599 2804 652 νῦν
2843 602 2876 669 ἡ
2910 600 3124 663 σύνοδος
3153 603 3279 664 τοὺς
3315 604 3638 672 ἀρχιερατι-

2060 692 2159 743 κοῦ
2212 690 2523 759 ἀξιώματος
2561 693 2954 761 τυγχάνοντας,
2987 690 3105 745 εἶτα
3148 696 3226 754 εἰς
3274 694 3366 747 τὸν
3422 699 3635 765 μονήρη

2064 782 2177 850 βίον
2222 781 2555 851 θελήσαντας
2598 783 2909 845 ἀποκλῖναι,
2948 784 3145 851 μηκέτι
3191 786 3291 853 τῆς
3324 787 3643 856 ἀρχιερατι-

2062 874 2165 937 κῆς
2213 873 2371 937 ἀξίας
2427 875 2825 929 ἀντιποιεῖσθαι
2856 889 2872 904 °
2924 874 3021 928 xui.
3054 876 3154 945 τὴν
3207 877 3389 929 αἰτίαν
3441 878 3643 945 ἐπάγει

2061 964 2239 1027 λέγων
2270 965 2351 1016 ὅτι
2402 966 2430 1016 6
2468 966 2789 1034 κειρόμενος
2832 966 3166 1019 ταπείνωσιν
3219 968 3641 1035 ἐπαγγέλλεται,

2062 1056 2159 1129 καὶ
2210 1054 2456 1141 μαθητὴς
2509 1052 2648 1110 εἶναι
2698 1058 3028 1119 συντίθεται,
3083 1059 3174 1112 καὶ
3230 1059 3641 1137 ποιμαίνεσθαι,

2046 1128 2180 1196 ’ἀλλ’
2231 1132 2363 1213 οὐχι
2406 1148 2737 1213 ποιμαίνειν.
2783 1148 2907 1210 Πῶς
2939 1144 3033 1201 οὖν
3076 1151 3103 1201 6
3156 1150 3317 1213 αὐτὸς
3365 1151 3461 1202 καὶ
3509 1132 3649 1220 προ·

2062 1236 2301 1301 εδρεύων
2350 1238 2502 1291 ἔσται
2560 1240 2647 1292 διὰ
2702 1239 2800 1309 τὴν
2845 1241 3278 1310 ἀρχιερωσύνην,
3315 1243 3408 1294 καὶ
3448 1243 3537 1296 διά
3582 1242 3649 1296 τὸ

2066 1328 2256 1397 σχῆμα
2287 1328 2348 1380 τὸ
2383 1332 2677 1399 μοναχικὸν
2716 1332 3188 1401 ταπεινούμενοςς
3230 1333 3352 1395 Πῶς
3403 1333 3460 1385 δὲ
3499 1334 3651 1388 διδά-

2066 1438 2211 1473 σκων
2239 1420 2390 1473 ἔσται
2423 1423 2514 1474 καὶ
2538 1422 2959 1491 διδασκόμενος;
2989 1426 3100 1488 Διὸ,
3127 1426 3283 1493 φησὶ,
3314 1425 3651 1494 θεσπίζομεν

2064 1514 2191 1575 τοὺς
2246 1515 2523 1583 ἀρχιερεῖς
2590 1514 2788 1584 μηκέτι
2847 1516 3241 1578 καταϐιϐάζειν
3284 1517 3509 1581 ἑαυτοὺς
3564 1520 3652 1580 είς

2064 1607 2229 1658 τόπον
2291 1605 2699 1672 μετανοούντων
2753 1610 3065 1676 (μετανοίας
3095 1608 3203 1678 γὰρ
3260 1610 3288 1661 6
3348 1610 3652 1678 μοναχικδς

2069 1700 2182 1768 βίος
2228 1699 2595 1766 ἐπάγγελμα).
2622 1700 2684 1751 Εἰ
2711 1700 2769 1752 δὲ
2804 1701 2959 1753 τοῦτό
2983 1719 3065 1764 τις
3092 1702 3298 1773 πράξῃ,
3330 1702 3492 1764 αὐτὸς
3519 1704 3651 1754 ἑαυ-

2068 1791 2155 1843 τὸν
2196 1792 2495 1859 ἀποστερεῖ
2518 1793 2620 1860 τῆς
2654 1793 3050 1863 ἀρχιερατικῆς
3084 1793 3263 1857 ἀξίας,
3311 1796 3405 1846 καὶ
3456 1795 3651 1849 οὐκέτι

2066 1884 2217 1953 πρὸς
2238 1886 2311 1935 ’τὸ
2367 1884 2635 1955 πρότερον
2668 1885 2769 1953 τῆς
2796 1885 3210 1956 ἀρχιερωσύνης
3242 1884 3651 1956 ἐπαναστρέψει

2065 1976 2302 2045 ἀξίωμα.
2336 1977 2521 2029 Ταῦτα
2551 1977 2631 2041 δὲ,
2660 1978 2831 2045 ἤγουν
2858 1978 2920 2029 τὸ
2966 1978 3042 2048 μὴ
3092 1979 3487 2043 καταϐιϐάζειν
3521 1983 3653 2035 ἐαυ-

2064 2066 2192 2127 τοὺς
2242 2067 2321 2124 είς
2377 2066 2562 2135 χώραν
2621 2066 3046 2136 μετανοούντων,
3079 2069 3280 2133 καὶτὸ,
3332 2071 3394 2123 Εἰ
3445 2070 3500 2123 δέ
3559 2088 3653 2134 τις

2066 2159 2356 2227 τολμήσειε
2410 2159 2567 2211 τοῦτο
2625 2160 2857 2228 πρᾶξαι,
2917 2161 3017 2213 οὐκ
3067 2162 3484 2231 ἀπαγορεύοντα
3542 2165 3652 2233 τὴν

2070 2252 2356 2321 μετάνοιαν
2382 2255 2495 2314 τοῖς
2526 2250 2873 2321 ἀρχιερεῦσιν
2918 2253 3154 2322 εἴρηται,
3187 2254 3302 2305 ἀλλ’
3342 2254 3652 2308 ἐκδείκνυσι

2067 2339 2511 2421 τοιούτουςγεῖναι
2544 2344 2657 2396 δεῖν
2684 2347 2807 2406 τοὺς
2837 2346 3138 2415 ἀρχιερεῖς,
3173 2347 3268 2399 καὶ
3306 2347 3448 2401 οὕτω
3470 2348 3652 2418 βιοῦν.

2069 2437 2144 2499 ὡς
2180 2436 2312 2506 μηδὲ
2342 2437 2556 2489 δεῖσθαι
2606 2438 2896 2506 μετανοίας
2949 2440 3154 2507 σχεδὸν,
3212 2440 3349 2491 ἀλλά
3394 2441 3489 2493 καὶ
3532 2446 3655 2504 τοῖς

2072 2524 2255 2586 ἄλλοις
2286 2524 2375 2577 διὰ
2406 2526 2513 2576 τῶν
2537 2525 2755 2577 οἰκείων
2785 2527 3080 2591 ἐντεύξεων
3112 2530 3171 2581 τὸ
3202 2530 3355 2581 Θεῖον
3383 2531 3647 2594 ἐξιλεοῦν.

392 2622 585 2689 pictlda
643 2633 789 2685 sunt,
845 2622 1002 2692 quasi
1064 2620 1388 2689 przesulihus
1432 2617 1578 2671 omni
1628 2614 1961 2683 paenitentiae
1992 2628 2190 2684 genere
2221 2614 2293 2667 sit
2352 2612 2751 2668 interdictum:
2791 2615 2884 2668 sed
2918 2626 2975 2669 ut
3038 2619 3301 2688 ejusmodi
3370 2622 3651 2682 antisrites

391 2726 533 2771 esse.
559 2713 743 2780 itaque
776 2712 938 2764 vitam
971 2712 1257 2765 instituere
1316 2700 1526 2763 debere
1594 2708 1909 2763 ostendant.
1934 2705 2028 2773 qui
2068 2720 2136 2758 ne
2166 2705 2274 2757 ulla
2303 2704 2519 2773 quidem
2550 2706 2867 2773 pmniteutia
2900 2708 3071 2763 ferme
3103 2711 3417 2783 indigeant;
3452 2732 3642 2769 verum

389 2803 514 2855 aliis
548 2819 763 2872 quoque
798 2802 1063 2857 oll‘ensunt
1108 2802 1315 2856 Numen
1368 2814 1465 2853 sua
1518 2798 1620 2866 ipsi
1670 2795 2049 2869 deprecatione
2080 2796 2393 2849 concilient.

391 2894 618 2949 ARIST.
657 2914 674 2945 ι
711 2893 765 2948 Si
800 2897 923 2963 quiis
946 2894 1013 2949 ab
1035 2894 1295 2948 antistitis
1327 2890 1660 2947 sublimitate
1683 2888 1748 2942 ad
1770 2902 1962 2941 mona-

470 3002 489 3033 ‹
526 2983 740 3048 sticam,
813 2994 863 3037 et
917 3000 947 3036 e
990 2983 1288 3043 contrario,
1361 2982 1529 3034 vitam
1582 2978 1957 3043 descenderit;

471 3097 490 3129 ι
521 3078 780 3132 antistitis
814 3076 1128 3145 dignitatem
1160 3074 1393 3143 amplius
1416 3087 1483 3126 ne
1514 3079 1762 3140 usurpet.
1793 3088 1811 3119 ι

980 3169 1064 3223 CA
1077 3167 1208 3224 NON
1277 3166 1371 3222 ill.

394 3279 421 3318 ε
448 3264 504 3319 Si
541 3266 665 3334 quis
701 3265 876 3319 laicus
922 3264 1246 3318 auctoritate
1282 3278 1435 3325 usus,
1494 3259 1695 3314 divinis
1742 3256 1961 3327 quidem

470 3376 489 3408 ι
518 3366 571 3411 et
602 3357 763 3425 regiis
803 3356 970 3425 jussis
1015 3356 1364 3421 contemptis,
1415 3351 1835 3420 reverendisque
1865 3350 1965 3403 Ec-

468 3469 487 3501 t
521 3450 701 3504 clesize
727 3450 925 3504 ritibus
970 3459 1018 3504 et
1053 3449 1262 3518 legibus
1314 3448 1515 3509 irrisis,
1567 3445 1804 3513 aliquem
1855 3445 1966 3510 epi-

468 3564 488 3596 σ
522 3560 747 3613 scopum
787 3546 1079 3599 verberare
1108 3558 1279 3598 ausus
1316 3542 1481 3596 fuerit
1531 3540 1615 3593 vel
1673 3540 1726 3591 in
1778 3550 1965 3593 custo-

465 3655 485 3689 ι
519 3637 663 3689 diam
704 3638 937 3699 tradere,
990 3636 1070 3690 vel
1118 3636 1235 3689 sine
1266 3649 1449 3696 causa,
1487 3632 1569 3685 vel
1623 3631 1804 3699 aliqua
1834 3645 1967 3685 cou-

468 3748 486 3780 (
523 3729 647 3785 licta
676 3745 863 3793 causa,
896 3731 939 3784 is
973 3730 1045 3784 sit
1076 3730 1388 3782 anathema.
1425 3744 1442 3778 ι

470 3906 661 3961 BALS.
702 3907 1045 3979 Episcopalis
1094 3906 1331 3974 dignitas
1381 3919 1595 3958 omnem
1635 3904 1746 3958 fere
1794 3904 1965 3958 hono-

395 4017 510 4056 rem
528 4008 768 4069 supcrat.
790 3998 1115 4069 Apostolica:
1140 3998 1282 4051 enim
1300 3996 1548 4067 dignitati
1578 3997 1962 4066 aequiparatur,

397 4104 637 4164 propter
694 4092 959 4147 doctrina:
1018 4089 1432 4159 professionem.
1517 4088 1782 4155 Quoniam
1838 4106 1967 4160 ergo

393 4178 1019 4255 quidam‘arrogantes,
1076 4190 1130 4237 et
1179 4181 1489 4236 divinorum
1568 4192 1961 4251 praeceptorum

391 4260 819 4343 contemptores,
856 4273 1351 4329 ecclesiasticorum
1383 4273 1591 4327 scilicet
1623 4283 1676 4326 et
1704 4272 1965 4341 imperia-

396 4368 525 4419 lium
562 4366 796 4419 absurda
830 4364 1075 4433 quaedam
1107 4374 1164 4419 et
1190 4365 1587 4419 contumeliosa
1619 4364 1675 4417 in
1700 4363 1963 4432 quosdam
2014 4384 2017 4387 ι

2066 2889 2291 2941 ΑΡΙΣΤ.
2337 2907 2357 2938 ε
2404 2890 2471 2941 EE
2516 2906 2601 2952 τις
2667 2891 2774 2943 ἀπὸ
2827 2893 3139 2963 ἱεραρχικοῦ
3199 2892 3366 2965 ὕψους
3412 2902 3493 2956 είς
3555 2903 3647 2955 τὸν

2144 2998 2163 3029 ι
2216 2980 2525 3048 μοναδικὸν,
2556 2984 2653 3035 καὶ
2680 2982 2943 3051 ἔμπαλιν,
2971 2987 3222 3040 κατέλθοι
3268 2990 3404 3056 βίον,
3446 2997 3652 3064 μηκέτι

2144 3092 2162 3123 ι
2212 3074 2531 3145 ἱεραρχικῆς
2558 3077 2946 3151 ἀντιποιείσθω
2974 3079 3149 3144 ἀξίας.

2664 3170 2903 3223 ΚΑΝΩΝ
2956 3171 3031 3224 Γ’.

2080 3276 2097 3307 ι
2146 3258 2211 3311 Et
2237 3276 2321 3321 τις
2343 3257 2451 3313 τῶν
2488 3260 2693 3313 λαῖκῶν
2724 3262 3066 3332 αύθεντήσας
3095 3268 3189 3318 καὶ
3220 3274 3655 3341 καταφρονήσας

2145 3370 2161 3397 ε
2212 3350 2314 3419 μὲν
2346 3351 2453 3403 τῶν
2495 3351 2653 3417 θείνων
2684 3354 2777 3406 καὶ
2829 3353 3125 3421 βασιλικῶν
3174 3364 3650 3429 προσταγμάτων,

2147 3462 2163 3491 ι
2213 3443 2598 3510 καταγελάσας
2627 3445 2685 3497 δὲ
2716 3446 2810 3499 καὶ
2842 3447 2953 3499 τῶν
2985 3449 3236 3518 φρικτῶν
3278 3452 3374 3520 τῆς
3418 3453 3659 3525 Ἐκκλη-

2148 3554 2165 3584 ‹
2214 3536 2334 3599 σίας
2384 3536 2601 3607 θεσμῶν
2640 3556 2697 3591 τε
2753 3541 2848 3592 καὶ
2897 3541 3109 3610 νόμων,
3160 3545 3481 3615 τολμήσειεν
3526 3548 3659 3600 ἑπε-

2150 3647 2167 3677 ‹
2217 3631 2556 3682 σκοπὸντινα
2586 3633 2750 3700 τύψαι
2779 3634 2809 3702 ἥ
2839 3636 3157 3702 φυλακίσαι,
3195 3639 3226 3708 ἢ
3272 3641 3441 3707 χωρὶς
3464 3642 3655 3704 αἰτίας

2144 3739 2161 3770 ε
2207 3721 2237 3787 ἦ
2273 3728 2367 3772 καὶ
2426 3724 2885 3795 συμπλασάμενος
2930 3728 3129 3793 αἰτίαν,
3170 3730 3469 3793 ὀπτοιοῦτος
3507 3733 3657 3784 ἀνά-

2148 3831 2165 3861 t
2211 3814 2353 3882 θεμα
2381 3815 2542 3870 ἔστω.
2579 3835 2597 3867 ›

2140 3904 2337 3957 ΒΑΛΣ.
2364 3904 2437 3957 Τὸ
2462 3909 2560 3976 τῆς
2580 3909 2990 3981 ἀρχιερωσύνης
3013 3911 3229 3982 ἀξίωμα
3256 3916 3444 3983 σχεδὸν
3469 3918 3649 3987 ὑπέρ-

2065 4011 2242 4048 κειται
2288 3996 2471 4065 πάσης
2509 4000 2698 4068 τιμῆς.
2745 4002 2856 4070 Τῆς
2904 4005 3015 4073 γάρ
3072 4006 3439 4076 ἀποστολικῆς
3483 4012 3654 4075 ἀξίας

2071 4090 2380 4143 ἰσοστάσιον
2407 4092 2525 4143 ἐστι
2555 4092 2645 4145 διὰ
2684 4093 2744 4145 τὸ
2774 4094 2872 4164 τῆς
2908 4095 3254 4160 διδασκαλίας
3293 4101 3651 4171 ἐπάγγελμα,

2080 4180 2234 4232 Ἐπεὶ
2282 4180 2378 4236 οῦν
2434 4200 2580 4245 τινες
2624 4184 2877 4249 αὐθάδεις
2922 4190 3017 4239 καὶ
3071 4194 3481 4262 καταφρονηταὶ
3534 4196 3653 4247 τῶν

2069 4272 2226 4324 θείων
2286 4274 2806 4344 παραγγελμάτων,
2863 4276 3339 4347 ἐκκλησιαστικῶν
3400 4283 3652 4353 δηλονότι

2072 4363 2162 4414 καὶ
2191 4362 2509 4431 βασιλικῶν,
2545 4366 2723 4419 ἄτοπά
2762 4385 2884 4420 τινα
2908 4373 3002 4420 καὶ
3031 4370 3337 4441 ἐφύϐριστα
3368 4376 3445 4436 είς
3488 4393 3652 4441 τινας

326 4482 334 4493 ν
393 4460 669 4511 antistites
706 4456 944 4510 fecerant
972 4474 985 4521 ;
1019 4457 1345 4511 delinierunt
1372 4458 1548 4512 sancti
1582 4456 1788 4518 Patres,
1815 4456 1961 4524 quod

2068 4457 2394 4524 εἰργάσαντο
2428 4458 2729 4527 ἀρχιερεῖς,
2766 4461 2973 4529 ῶρισαν
2996 4464 3044 4512 οἱ
3084 4462 3232 4529 ἅγιοι
3272 4466 3510 4533 Πατέρες
3544 4469 3646 4530 ῶς,

395 4550 440 4602 si
476 4550 599 4617 quis
658 4550 829 4601 laicus
883 4553 1207 4603 auctoritate
1254 4564 1411 4613 usus,
1449 4547 1656 4603 scilicet
1688 4547 1964 4599 authenti-

393 4654 514 4689 cam
540 4638 621 4689 vel
654 4640 1002 4705 magistratus
1036 4647 1357 4706 potestatem
1393 4646 1608 4699 nactus,
1635 4635 1804 4702 judex
1828 4635 1965 4687 forte

394 4729 480 4782 vel
511 4733 1121 4791 exactorconstitutus,
1176 4728 1511 4782 confidenter
1565 4726 1798 4793 aliquem
1849 4729 1966 4796 cpia

395 4835 619 4889 scopum
656 4823 1050 4883 verberaverit,
1108 4821 1195 4875 vel
1250 4821 1303 4873 in
1360 4804 1608 4871 custodia
1656 4818 1960 4882 incluserit,

394 4915 514 4967 sine
543 4928 705 4966 causa
741 4914 823 4988 vel
852 4928 972 4975 cum
1003 4918 1235 4965 conlicta
1268 4920 1319 4965 et
1365 4910 1498 4964 falsa
1545 4926 1732 4973 causa,
1780 4912 1828 4963 id
1858 4921 1961 4974 est,

397 5006 516 5057 sine
549 5003 796 5067 ratione;
851 5004 897 5055 is
934 5004 1001 5057 sit
1038 5001 1353 5065 anathema,
1395 5001 1496 5055 hoc
1542 5012 1647 5065 est,
1678 5016 1708 5051 a
1747 5002 1852 5054 Deo
1889 5003 1963 5055 sit

395 5106 715 5163 separatus,
762 5094 922 5164 363
974 5104 1028 5146 et
1060 5093 1308 5146 tradatur
1350 5094 1600 5158 daamoni,
1651 5102 1711 5148 ut
1765 5110 1962 5149 munus

396 5188 543 5255 quod
574 5188 621 5240 ei
673 5200 972 5255 appensum
1031 5185 1338 5239 dedicatur.
1396 5185 1533 5240 Cum
1586 5193 1765 5239 autem
1802 5190 1963 5240 audis

396 5295 661 5332 cauonem
696 5278 990 5337 dicentem,
1021 5278 1167 5345 quod
1202 5276 1291 5332 ille
1324 5278 1503 5332 laicus
1534 5280 1963 5333 anathematiza-

399 5383 505 5433 tur,
540 5371 631 5439 qui
666 5371 785 5423 sine
834 5383 1019 5431 causa,
1059 5369 1139 5422 vel
1169 5384 1293 5423 cum
1329 5370 1451 5425 ficta
1484 5386 1672 5435 causa,
1723 5372 1826 5427 hoc
1855 5382 1960 5435 est,

400 5471 595 5531 prazter
628 5460 923 5524 rationem,
963 5461 1077 5516 sola
1112 5463 1433 5517 auctoritate
1461 5479 1615 5528 usus,
1645 5462 1959 5534 episcopum

399 5555 481 5606 vel
512 5552 900 5616 verberaverit,
931 5554 1015 5607 vel
1040 5554 1305 5609 custodia!
1334 5554 1654 5625 tradiderit;
1686 5573 1755 5611 ne
1789 5560 1961 5619 cliens,

400 5656 726 5714 argumento
758 5626 1102 5715 a‘contrario
1148 5639 1388 5716 sumpto,
1440 5646 1600 5702 licere
1648 5649 1801 5704 laicis
1853 5667 1965 5702 ma-

406 5737 730 5806 gtstratibus
778 5737 1067 5809 cpisc0pos
1097 5754 1165 5794 cx
1211 5738 1360 5808 justa
1392 5749 1447 5794 et
1482 5740 1744 5808 probabili
1798 5757 1960 5796 causa

2064 4549 2223 4609 εἴτις
2258 4547 2447 4610 λαῖκὸς
2480 4549 2843 4621 αύθεντήσας,
2877 4554 3044 4621 ἧγουν
3077 4554 3410 4623 ἀρχοντικῆς
3446 4558 3653 4609 αὐθεν-

2064 4636 2183 4696 τίας
2244 4638 2339 4688 καὶ⁸
2388 4637 2634 4701 ἐξουσίας
2685 4640 3040 4707 δραξάμενος,
3090 4642 3353 4713 δικαστὴς
3401 4646 3560 4713 τυχὸν
3611 4650 3645 4717 ἢ

2068 4728 2335 4797 πράκτωρ
2363 4727 2667 4792 καταστάς,
2691 4730 2979 4805 τολμηρῶς
3008 4733 3311 4802 οίονδήτινα
3344 4738 3647 4790 ἐπίσκοπον

2064 4820 2246 4886 τύψει,
2280 4821 2311 4890 ἢ
2350 4824 2407 4873 ἐν
2439 4823 2655 4890 φυλακῇ
2705 4823 3040 4888 ἀποκλείσει,
3096 4825 3128 4895 ἢ
3166 4828 3335 4895 χωρὶς
3367 4830 3568 4889 αἰτία;,
3608 4832 3663 4899 il‘

2067 4912 2206 4978 μετά
2240 4912 2338 4979 τῆς
2365 4913 2701 4965 ἐπιπλάστου
2736 4914 2831 4964 καὶ
2870 4913 3099 4982 ψευδοῦς
3124 4917 3325 4979 αἰτίας,
3358 4923 3647 4972 τουτέστιν

2063 5003 2397 5070 ἀνευ).όγως,
2443 5007 2469 5056 ὁ
2512 5002 2755 5065 τοιοῦτος
2784 5005 3040 5074 ἀνάθεμα
3072 5007 3234 5071 ἔστω,
3270 5009 3438 5079 ἤγουν
3470 5028 3648 5078 κεχω-

2066 5094 2323 5161 ρισμένος
2377 5094 2485 5145 ἀπὸ
2523 5093 2616 5145 τοῦ
2661 5095 2793 5147 Θεοῦ
2822 5096 2985 5161 ἔστω,
3014 5099 3107 5148 καὶ
3142 5100 3518 5167 παραδεδόσθω
3565 5086 3661 5172 τῷν

2060 5186 2322 5255 δαίμονι,
2371 5188 2446 5251 ὠς
2514 5188 2787 5257 ἀνάθεμα.
2864 5192 3103 5244 Ἀκούων
3161 5193 3217 5245 δὲ
3273 5193 3367 5246 τοῦ
3418 5198 3647 5261 κανόνος

2061 5281 2310 5347 λέγοντος
2367 5281 2444 5344 ὡς
2504 5285 2714 5345 ἐκεῖνος
2757 5288 2784 5336 6
2836 5283 3025 5347 λαῖκὸς
3084 5287 3568 5356 ἀναθεματίζεται,
3618 5296 3647 5345 ὁ

2064 5373 2233 5442 χωρὶς
2286 5376 2489 5437 αἰτίας,
2538 5376 2571 5446 ἢ
2616 5378 2757 5444 μετά
2796 5378 2977 5439 αἰτίας
3029 5379 3442 5451 πεπλασμένης,
3490 5386 3641 5435 τόυτ-

2062 5464 2210 5515 ἐστιν
2239 5466 2567 5535 ἀνευλόγως,
2604 5469 2744 5520 κατὰ
2798 5469 2963 5538 μόνην
2994 5470 3281 5525 αύθεντίαν
3312 5475 3647 5546 ὰρχοντικὴν

2061 5556 2239 5625 τύψας
2284 5557 2317 5627 ἢ
2366 5558 2673 5623 φυλακίσας
2706 5561 3025 5623 ἐπίσκοπον,
3067 5564 3140 5631 μὴ
3172 5566 3334 5636 εἴπῃς
3388 5569 3445 5634 ἐξ
3492 5570 3645 5621 ἀντι-

2063 5647 2349 5716 διαστολῆς
2379 5648 2525 5718 ἔχειν
2547 5649 2632 5700 ἐπ’
2657 5651 2845 5729 ’ἀδείας
2894 5653 3019 5713 τοὺς
3046 5653 3266 5718 λαῖκοὺς
3290 5658 3559 5726 ἄρχοντας
3587 5660 3639 5724 ἐξ

2065 5741 2289 5807 εὐλόγου
2325 5741 2503 5803 αἰτίας
2536 5741 2759 5796 τύπτειν
2790 5742 2885 5796 καὶ
2912 5745 3231 5817 φυλακίζξιν
3267 5751 3394 5811 τοὺς
3421 5752 3639 5802 ἐπισκο-
