4056 6394
371 327 504 382 ιυδει

1104 321 1187 382 IN
1215 293 1748 384 CANaIIICONC.
1785 321 1858 380 tv
1902 319 2068 379 eos
2113 321 2171 382 s.
2219 322 2523 383 serum;
2580 325 2873 387 ΗΛΒῙΤῘ.

3468 306 3608 403 me;

366 451 521 494 ἔτους.
567 431 700 485 Ἀπὸ
730 431 838 504 γὰρ
871 431 1147 502 διαφόρων
1192 433 1434 485 κανόνων
1485 433 1576 484 καὶ
1612 421 1816 500 νεαρῶν
1862 429 1939 480 θε-

2054 430 2340 486 vcrherare
2398 440 2450 485 et
2504 435 2763 488 custodia:
2822 435 3057 490 tradere.
3094 434 3134 488 Δ
3192 435 3424 490 diversis
3458 439 3604 490 enim

370 525 696 596 σπισμάτων
727 524 928 594 ἔμαθες
983 515 1057 587 ὥς
1120 526 1262 578 κατὰ
1315 525 1628 578 ἐπισκόπων
1676 526 1722 576 οἰ
1757 521 1936 574 λα’ίκοὶ

361 619 624 689 ἄρχοντες
675 617 932 685 οὐδεμίαν
980 617 1342 670 δικαιοδοσίαν
1393 618 1630 688 ἔχουσιν.
1696 616 1872 683 Ὅθεν,
1906 616 1937 666 ὁ

365 709 596 761 τύπτωνι
615 709 800 770 λαῖκὸς
827 703 1212 777 ἧφυλακίζων
1263 708 1358 761 τὸν
1390 709 1622 778 τυχόντα
1651 689 1933 778 ἀρχιερέα,

366 801 466 854 κᾶν
501 802 560 865 ἐξ
590 801 770 863 αἰτίας
798 801 975 868 πάντη
1008 801 1411 870 εὐλογωτάτης,
1446 801 1549 854 κᾶν
1577 802 1676 870 τὴν
1711 802 1935 870 μείζονα

365 891 539 961 ἀρχὴν
594 891 713 962 ἔχῃ,
776 889 1173 960 κολασθήσεται
1204 907 1218 921 ⁸
1287 892 1382 944 καὶ
1444 891 1504 942 τὸ
1559 890 1779 958 εὔλογον
1838 891 1936 958 τῆς

367 983 546 1043 αἰτίας
573 982 673 1033 οὐκ
715 980 992 1049 ὠφελήσει
1039 981 1222 1034 αὐτόν.
1291 981 1539 1034 Ἀκούσει
1575 982 1683 1050 γὰρ
1710 982 1785 1042 ὡς
1817 985 1936 1044 ταῖς

371 1071 618 1132 συνόδοις
652 1072 745 1122 καὶ
791 1071 985 1139 μόναις
1033 1070 1278 1138 ἐνεδόθη⁴
1313 1073 1437 1132 τοὺς
1470 1073 1748 1142 ἀρχιερεῖς
1777 1071 1936 1123 κολά-

366 1156 525 1228 ζειν·
589 1164 683 1215 καὶ
740 1162 938 1232 ὤφειλε
1001 1161 1100 1234 τὴν
1146 1163 1241 1215 τοῦ
1289 1164 1592 1234 ἀρχιερέως
1650 1161 1936 1230 ἀνάκρισιν

366 1259 504 1328 πρὸς
536 1258 634 1324 τὴν
670 1259 978 1327 πρόσφορον
1013 1255 1228 1310 σύνοδον
1253 1257 1590 1318 ἀποστεῖλαι,
1615 1255 1712 1308 καὶ
1746 1255 1938 1307 ἑαυτὸν

347 1349 700 1417 ,διατηρῆσαι
724 1349 998 1418 ἀμέτοχον
1024 1349 1119 1418 τῆς
1151 1348 1549 1418 ἀρχιερατικῆς
1573 1348 1934 1418 ἀνακρίσεως.

370 1442 681 1518 Προσετέθη
713 1443 768 1493 δὲ
823 1442 898 1510 τῷ
944 1443 1130 1493 κανόνι
1174 1441 1234 1493 τὸ
1272 1443 1443 1511 χωρὶς
1473 1439 1693 1507 εὐλόγου
1735 1439 1932 1502 αἰτίας,

370 1535 464 1586 καὶ
485 1527 558 1586 τὰ
589 1533 772 1597 λοιπὰ,
805 1534 894 1585 διὰ
927 1535 1018 1586 τὸν
1049 1535 1522 1603 ἀναθεματισμόν.
1561 1534 1695 1586 Οὐδὲ
1725 1533 1836 1602 γὰρ
1868 1527 1936 1600 ἦν

370 1625 573 1678 δίκαιον
601 1625 1106 1694 ἀναθεματισθῆναι
1138 1626 1229 1678 τὸν
1260 1627 1517 1696 ἄρχοντα,
1542 1626 1630 1676 τὸν
1667 1626 1936 1695 προφάσει

369 1717 582 1779 δικαίας
617 1717 798 1779 αἰτίλς
829 1716 1083 1785 ,τοιοῦτόν
1130 1735 1182 1770 τι
1226 1717 1556 1786 ὲφύϐριστον
1597 1705 1938 1784 πεποιηκότα

370 1809 505 1879 πρὸς
569 1810 909 1861 ἐπίσκοπονο
975 1807 1112 1861 ἀλλά
1169 1809 1520 1878 ἀλλοτρόπως
1579 1807 1937 1874 κολασθῆναι.

376 1901 441 1952 Γὸ
469 1901 716 1968 ἀνάθεμα
761 1900 821 1952 δὲ
863 1902 1142 1969 χωρισμός
1193 1903 1307 1953 ἐστι
1355 1901 1449 1953 τοῦ
1508 1900 1666 1954 Θεοῦ.
1712 1900 1796 1962 Ὠς
1829 1900 1938 1970 γὰρ

370 1997 436 2047 τά
490 1985 904 2064 προσαγόμενα
939 1995 1265 2065 ἀναθήματα
1317 1995 1394 2064 τῷ
1444 1994 1564 2064 Θεῷ
1617 1996 1939 2065 χωρίζονται

370 2085 478 2139 ἀπὸ
521 2085 625 2137 τῶν
657 2086 850 2138 κοινῶν
886 2103 944 2138 τε
989 2088 1086 2138 καὶ
1138 2086 1498 2156 ἀνθρωπίνων
1553 2089 1894 2158 πραγμάτων
1921 2103 1935 2118 ο

369 2178 511 2228 οὕτω
545 2177 638 2230 καί
663 2179 687 2228 ὁ
714 2176 963 2245 ἀνάθεμα
995 2171 1289 2246 γενόμενος
1320 2179 1649 2246 ἐκκόπτεται
1678 2181 1772 2234 καὶ
1805 2181 1942 2232 διαι-

371 2271 550 2339 ρεῖται
582 2268 694 2320 ἀπὸ
729 2271 827 2340 τῆς
862 2268 973 2320 τῶν
1013 2270 1221 2322 πιστῶν
1254 2269 1578 2340 ὁμηγύρεως
1613 2272 1721 2324 ’τῶν
1752 2274 1942 2325 ἀνατε-

370 2361 640 2430 θειμὲνων
672 2363 766 2413 καὶ
799 2363 1200 2432 ἀφωρισμένων
1229 2363 1308 2432 τῷ
1338 2364 1478 2435 Θεῷ,
1522 2365 1618 2416 καὶ
1657 2365 1751 2418 ἀπ’
1775 2367 1940 2420 αὐτοῦ

380 2454 462 2512 τοῦ
490 2452 646 2515 Θεοῦ,
677 2453 774 2506 καὶ
825 2452 1238 2523 προσκυροῦται
1293 2453 1370 2524 τῷ
1403 2456 1640 2525 Σατανᾷ,
1671 2457 1815 2508 κατά
1850 2459 1940 2508 τὸν

374 2549 548 2612 μέγαν
585 2545 797 2597 Παῦλον
845 2545 1137 2616 γράψαντα
1190 2547 1501 2614 Κορινθίοις
1550 2549 1693 2619 περὶ.
1719 2549 1814 2601 τοῦ
1848 2567 1944 2601 πε-

371 2640 733 2709 πορνευκότος
757 2641 836 2698 εἰς
859 2637 956 2710 τὴν
983 2638 1178 2690 ἑαυτοῦ
1214 2641 1488 2711 μητρυιὰν
1509 2642 1614 2707 ὅτι,
1642 2642 1942 2709 Παράδοτε

370 2729 558 2784 αὑτὸν
593 2730 672 2795 τῷ
703 2729 942 2796 Σατανᾷ
967 2747 980 2760 ’
1005 2732 1099 2784 καὶ
1124 2732 1506 2786 ἐπιστείλαντα
1530 2734 1781 2805 Τιμοθέῳ
1815 2737 1943 2806 περὶ¹

380 2823 690 2894 ’Υμηναίου
754 2825 848 2876 καὶ
919 2823 1292 2895 Ἀλεξάνδρου,
1323 2824 1440 2892 Οὓς
1496 2825 1812 2893 παρέδωκα
1865 2825 1944 2891 τῷ

373 2914 631 2979 Σατανᾷ,
659 2917 759 2969 ἵνα
777 2916 863 2985 μὴ
892 2918 1291 2986 ,ϐλασφημεῖν
1319 2915 1749 2972 παιδευθῶσιν.
1785 2919 1848 2971 El
1888 2918 1944 2970 δὲ

378 2995 546 3062 ταῦτα
576 3008 754 3072 οὕτως
787 3010 921 3080 ἔχει,
960 3009 1141 3079 πολλῷ
1173 3027 1236 3080 γε
1273 3012 1476 3082 μᾶλλον
1505 3014 1532 3066 ὁ
1565 3011 1670 3064 ὐπὸ
1698 3012 1944 3082 ἀνάθεμα

379 3101 632 3170 γεγονὼς,
662 3103 1046 3158 ἀποδιίσταται
1079 3104 1174 3175 μὲν
1193 3104 1289 3158 τοῦ
1319 3105 1475 3170 Θεοῦ,
1504 3105 1862 3176 προσενοῦται
1885 3107 1942 3157 δὲ
1966 3127 2009 3188 C

370 3195 470 3246 καὶ
501 3195 913 3265 προσκυροῦται
944 3195 1020 3267 τῷ
1055 3197 1293 3268 Σατανᾷ,
1324 3199 1418 3250 καὶ
1452 3198 1700 3268 ἀνάθεμα
1723 3198 1933 3253 ἐκείνου

371 3286 534 3349 αὐτὸς
576 3288 770 3339 ἑαυτὸν
819 3292 986 3343 ποιεῖ.
1034 3289 1230 3353 Καλῶς
1262 3291 1319 3342 δὲ
1361 3291 1612 3362 ἐμνήσθη
1677 3293 1704 3345 ὁ
1761 3292 1941 3345 κανὼν

301 3424 318 3434 ,
370 3378 661 3442 αὐθεντίας
683 3381 1028 3451 ἀρχοντικῆς.
1069 3383 1127 3436 '0
1153 3382 1261 3452 γὰρ
1286 3383 1360 3453 μὴ
1394 3384 1662 3454 προφάσει
1694 3385 1940 3456 τοιαύτῃ,

369 3471 509 3522 ἀλλά
539 3469 890 3541 ἰδιορρύθμου
918 3475 1120 3536 κακίας
1163 3475 1404 3527 τοιοῦτόν
1425 3493 1478 3528 τι
1508 3469 1809 3546 τολμήσας,
1838 3477 1941 3531 κᾶν

370 3561 434 3626 ἐξ
460 3555 680 3630 εὐλόγου
716 3565 896 3627 αἰτίας
936 3566 1095 3617 τοῦτο
1118 3567 1346 3638 ποιήσῃ,
1388 3567 1652 3637 μειζόνως
1676 3568 1943 3640 κολασθή-

370 3671 525 3706 σεται
559 3654 645 3707 διὰ
678 3654 777 3725 τὴν
805 3655 980 3724 ἄκραν
1013 3657 1309 3712 ἀναίδειαν.

447 3839 694 3892 ΖΩΝΑΡ.
749 3837 1016 3890 Οὐδέποτε
1071 3836 1148 3907 τῷ
1201 3837 1300 3908 βίῳ
1349 3839 1595 3892 ἐνέλιπον
1637 3841 1704 3893 τὰ
1767 3841 1934 3895 κακά.

381 3930 616 4000 ’Ᾱληθὴς
646 3929 690 3981 δ’
721 3930 829 3998 ἄρα
858 3929 952 3988 καὶ
986 3931 1234 3999 ἀσφαλὴς
1255 3932 1292 4000 ἡ
1320 3930 1413 3982 τοῦ
1446 3931 1610 4000 σοφοῦ
1647 3931 1862 4002 γνώμη,
1903 3935 1936 4004 ἡ

371 4024 496 4081 τοὺς
533 4022 782 4084 πλείονας
809 4021 1207 4090 ἀποφηναμένη
1249 4020 1476 4085 κακούς.
1530 4019 1664 4076 Ἰδοὺ
1697 4026 1808 4094 γὰρ
1842 4026 1938 4076 καὶ

370 4111 544 4164 παλαι
610 4114 756 4181 παρὰ
834 4111 1038 4163 λα’ίκῶν
1105 4113 1400 4164 ἐτύπτοντο
1479 4114 1778 4184 ἀρχιερεῖς,
1845 4114 1938 4166 καὶ

373 4207 624 4275 εἱρκταῖς
671 4204 1065 4258 συνεκλείοντο.
1100 4203 1262 4256 Ὅθεν
1305 4205 1337 4273 ἡ
1385 4203 1598 4267 σύνοδος
1634 4204 1770 4274 αὐτη
1823 4207 1940 4258 δια-ι

298 4343 304 4347 .
372 4297 630 4346 τάττεται
660 4283 768 4355 ὡς,
797 4293 852 4345 εἴ
884 4311 970 4358 τις
1011 4294 1120 4345 τῶν
1146 4293 1348 4346 λαῖκῶν
1401 4294 1752 4360 αὐθεντήσας,
1779 4315 1938 4350 τουτ-

372 4388 525 4438 έστιν
555 4385 786 4455 ἀρχικῆς
848 4385 1095 4449 ἐξουσίας
1127 4385 1221 4439 καὶ
1267 4387 1547 4449 αὐθεντίας
1581 4387 1934 4458 δραξάμενος,

2036 522 2338 577 canonibus
2393 534 2447 579 et
2504 527 2730 581 novellis
2781 527 3268 582 constitutionibus
3336 529 3601 593 didicisti,

2035 615 2179 682 quod
2212 615 2334 669 laici
2363 617 2688 685 magitratus
2739 621 2940 672 nullam
2975 620 3176 674 habent
3231 621 3282 674 in
3317 623 3606 690 episcopos

2031 705 2496 775 jurisdictionem.
2553 707 2703 763 Unde
2760 710 2924 765 etiam
2983 713 3179 776 laicus,
3229 713 3318 781 qui
3355 714 3606 782 quemvis

2037 797 2334 852 antistitem
2376 800 2478 852 rel'
2511 802 2780 864 verberat,
2814 803 2894 856 vel
2925 803 3145 872 conjicit
3195 805 3245 858 in
3304 821 3602 866 carcerem,

2035 888 2248 944 etiamsi
2297 906 2361 944 ex
2419 907 2585 946 causa
2633 893 2792 960 longe
2856 894 3189 963 justissima,
3238 879 3308 952 et.
3341 899 3648 961 maiorem-

2037 981 2411 1049 magistratum
2441 998 2610 1056 gerat.
2643 988 2936 1054 punietur:
2989 1000 3043 1042 et
3090 1005 3268 1042 causae
3297 990 3508 1042 bonitas
3539 1006 3603 1048 ac

2037 1074 2391 1139 probabilitas
2443 1078 2491 1130 ei
2545 1095 2650 1131 non
2691 1080 2952 1148 proderit.
2994 1080 3190 1134 Audiet
3235 1083 3400 1142 enim,
3455 1082 3598 1148 quod

2037 1165 2257 1234 synodis
2303 1167 2477 1236 iisque
2526 1171 2660 1224 solis
2691 1171 2960 1226 antistites
3034 1173 3225 1240 punire
3277 1174 3598 1241 permissum

2039 1268 2164 1312 est:
2201 1268 2254 1313 et
2279 1258 2512 1314 debebat
2557 1261 2625 1316 de
2659 1264 2908 1317 antistite
2943 1265 3310 1333 cognitionem
3366 1269 3431 1317 ad
3464 1281 3601 1317 eon-

2037 1351 2340 1405 venientem
2374 1354 2638 1423 synodum
2670 1357 2970 1418 remittere,
3027 1365 3080 1409 et
3109 1371 3165 1409 se
3201 1357 3267 1407 ah
3317 1357 3606 1424 episcopa-

2037 1440 2106 1494 lis
2161 1457 2339 1496 causzc
2392 1443 2787 1510 disceptatione
2871 1447 3143 1515 integrum
3233 1446 3604 1515 intactumque

2037 1546 2381 1615 conat‘r'varc.
2420 1535 2700 1604 Adjectum
2734 1547 2815 1591 est
2869 1549 3045 1607 autem
3089 1540 3282 1591 eanoui
3323 1538 3453 1591 illud
3486 1539 3606 1593 sine

2035 1624 2182 1694 justa
2223 1644 2405 1692 uulsa,
2465 1643 2518 1700 et
2549 1629 2775 1698 reliqua,
2832 1641 3052 1699 propter
3095 1631 3606 1684 anathematiialio—

2039 1735 2183 1771 nem.
2218 1718 2399 1788 Neque
2428 1721 2570 1772 enim
2603 1738 2812 1789 a-quum
2845 1731 2982 1784 erat,
3014 1732 3072 1775 ιιι
3107 1725 3477 1791 magistratus,
3509 1724 3601 1791 qui

2036 1809 2196 1877 justa:
2226 1826 2405 1864 causa:
2436 1823 2692 1880 pra-textu
2749 1813 2854 1866 tale
2887 1813 3012 1881 quid
3069 1812 3269 1866 fecerat
3319 1824 3603 1868 coutumc-

2038 1899 2227 1952 liosius
2267 1901 2318 1954 in
2351 1901 2688 1972 episcopum,
2721 1903 3282 1958 anathematizaretur
3311 1921 3323 1957 :
3361 1906 3454 1958 sed
3489 1907 3594 1956 ali-

2038 2006 2145 2058 quo
2173 1993 2278 2046 alio
2326 1993 2490 2047 modo
2525 1995 2850 2064 puniretur:
2903 2005 2985 2048 est
3024 2004 3202 2048 autem
3254 1997 3537 2048 anathema
3569 2011 3600 2048 a

2040 2081 2150 2135 Deo
2181 2085 2475 2151 separatio.
2527 2083 2986 2148 Quemadmodem
3022 2085 3163 2135 enim
3200 2083 3449 2146 donaria,
3481 2097 3602 2150 quae

2041 2173 2152 2226 Deo
2189 2173 2518 2238 oﬂeruntur,
2551 2190 2580 2227 a
2615 2175 2995 2228 communibus
3025 2184 3076 2226 et
3131 2175 3384 2228 humanis
3435 2175 3601 2227 rebus

2039 2275 2400 2334 separantur:
2433 2267 2513 2321 sic
2538 2276 2591 2320 et
2620 2268 2711 2336 qui
2739 2268 3023 2321 anathema
3060 2267 3237 2321 factus
3260 2279 3344 2321 est
3370 2266 3599 2320 exscin-

2042 2360 2189 2410 ditur
2240 2367 2303 2410 et“
2323 2367 2612 2426 separatur
2641 2373 2670 2410 a
2707 2369 2849 2410 cmtu
2887 2358 3148 2420 lidelimn,
3183 2356 3274 2425 qui
3322 2367 3450 2408 sunt
3495 2356 3603 2407 lim

2041 2450 2343 2502 consecrati
2391 2457 2445 2504 et
2467 2449 2721 2512 dedicati,
2775 2462 2827 2504 et
2871 2453 3033 2502 etiam
3069 2450 3136 2503 ab
3190 2449 3307 2518 ipso
3363 2449 3492 2512 Deo,
3546 2459 3603 2503 et

2042 2541 2255 2596 Satanae
2290 2543 2542 2604 traditur,
2578 2543 2874 2596 secundum
2923 2558 3178 2610 magnum
3229 2543 3476 2608 Paulum,
3507 2545 3601 2612 qni

2047 2635 2118 2688 ita
2153 2635 2376 2704 scripsit
2411 2635 2736 2697 Corinthiis,
2773 2635 2840 2689 de
2872 2652 2962 2699 eo,
2995 2637 3086 2705 qui
3121 2639 3172 2689 in
3209 2652 3363 2690 suam
3411 2653 3606 2692 nover-

2043 2742 2160 2781 cam
2196 2717 2617 2782 fornicationem
2651 2730 3021 2790 commiserat,
3057 2729 3270 2782 Tradite
3295 2747 3412 2784 eum
3449 2730 3606 2783 Sala-

2044 2837 2162 2874 mr:
2215 2830 2270 2876 et
2318 2822 2412 2892 qui
2489 2815 2652 2876 étiam
2718 2823 2937 2891 scripsit
3003 2824 3067 2876 ad
3118 2822 3484 2888 Timotheum,
3538 2825 3608 2877 de

2046 2911 2336 2982 Hymenaeo
2359 2927 2366 2942 ν
2389 2922 2442 2966 et
2499 2912 2831 2977 Alexandro,
2868 2912 3010 2977 Quos
3048 2913 3247 2966 tradidi
3284 2912 3517 2977 Satanw,
3547 2923 3606 2965 ut

2044 3004 2251 3058 discant
2277 3021 2381 3064 non
2427 3003 2785 3072 blasphemare
2832 3006 2899 3058 ⁷⁷.
2943 3004 2996 3058 Si
3026 3015 3205 3059 autem
3261 3005 3374 3059 haec
3424 3008 3495 3059 ita
3545 3021 3606 3060 se

2045 3096 2316 3161 habeant;
2351 3099 2520 3150 multo
2551 3096 2718 3164 magis
2745 3097 2957 3168 quiest
3002 3096 3103 3149 sub
3153 3098 3516 3160 anathemate,
3572 3113 3602 3149 a

2046 3189 2155 3244 Deo
2186 3189 2404 3258 quidem
2461 3200 2764 3258 separatur,
2819 3196 2872 3240 et
2923 3186 3137 3241 Satanae
3194 3192 3382 3240 unitur
3447 3190 3607 3257 eique

2043 3281 2382 3344 attribuitur,
2430 3282 2656 3349 ipseque
2691 3282 2929 3349 seipsum
2967 3280 3085 3347 ejus
3138 3295 3336 3332 munus
3387 3281 3606 3334 dedica-

2041 3382 2156 3426 tum
2182 3373 2486 3428 constituit.
2524 3371 2688 3426 Recte
2705 3383 2880 3428 autem
2920 3374 3167 3426 mentinit
3197 3387 3372 3426 canon
3411 3387 3609 3427 aucto-

2041 3471 2220 3524 ritatis
2247 3471 2614 3539 magistratus.
2649 3467 2752 3533 Qui
2784 3469 2930 3522 enim
2966 3483 3070 3520 non
3095 3485 3158 3520 eo
3189 3481 3473 3536 praetextu,
3507 3470 3601 3523 sed

2041 3578 2140 3617 sua
2196 3563 2562 3631 improbitate,
2618 3563 2722 3614 tale
2772 3560 2899 3629 quid
2957 3575 3124 3612 ausus
3156 3560 3340 3624 luerit,
3387 3562 3600 3615 etiamsi

2041 3657 2145 3711 hoc
2173 3656 2442 3726 probabili
2475 3656 2541 3708 de
2566 3671 2726 3708 causa
2758 3654 2966 3720 fecerit,
2996 3656 3168 3724 magis
3197 3643 3452 3724 piiuictur
3481 3672 3606 3724 pro-

2040 3757 2160 3816 pter
2191 3761 2460 3800 summam
2501 3746 2917 3814 impudentiam.

2109 3839 2357 3894 ZONAR.
2382 3840 2540 3894 Nullo
2564 3855 2796 3909 unquam
2817 3849 3056 3908 tempore
3081 3840 3218 3893 mala
3245 3841 3296 3893 in
3323 3841 3601 3894 hominum

2038 3931 2506 4002 vitadefecerttnt.
2540 3930 2672 3985 Vera
2711 3935 2907 4001 quippe
2939 3933 3026 3985 illa
3062 3947 3125 3986 ac
3168 3944 3314 3987 certa
3341 3935 3606 4001 sapientis

2041 4026 2308 4080 sententia
2345 4025 2526 4093 plures
2580 4024 2856 4091 improbos
2882 4023 3304 4092 pronuntiantis.
3339 4023 3601 4091 Eccejam

2021 4119 2168 4172 olim
2226 4133 2255 4171 a
2314 4117 2464 4171 Iaicis
2525 4118 2716 4169 summi
2764 4118 3072 4170 sacerdotes
3103 4119 3447 4185 vapulahant,
3485 4131 3604 4170 car-

2041 4211 2262 4276 cerique
2293 4208 2765 4276 mancipabantur.
2802 4207 2856 4259 Si
2891 4209 3014 4276 quis
3046 4208 3210 4276 igitur
3238 4208 3406 4262 laicus
3437 4210 3603 4277 impe-

2041 4304 2181 4356 rium
2212 4317 2274 4356 ac
2309 4309 2626 4370 potestatem
2656 4299 3004 4368 magistratus
3032 4314 3326 4368 usurpans,
3358 4301 3438 4355 vel
3484 4302 3599 4368 Spi-

2042 4394 2291 4448 ritualem
2319 4393 2535 4448 sibimet
2557 4406 2741 4444 necem
2771 4388 3002 4444 oﬂ'erens
3067 4390 3233 4456 (nam
3287 4390 3332 4445 is
3388 4406 3605 4460 quoque

374 4481 406 4548 ἢ
442 4479 616 4547 ἑαυτῴ
643 4478 874 4546 ψυχικοῦ
907 4478 1136 4530 θανάτου
1167 4480 1456 4547 γενόμενος
1489 4481 1661 4541 αἴτιος
1699 4483 1936 4550 (λέγεται

2047 4488 2310 4557 αὐθέντης
2336 4485 2666 4566 dicitttr,'qui
2697 4497 2754 4536 se
2783 4485 2896 4551 ipse
2943 4483 3242 4552 interﬁcit),
3266 4491 3318 4536 et
3358 4493 3604 4537 eontem-
3690 4501 3699 4508 ·

377 4574 490 4639 γάρ
519 4569 783 4638 αὐθέντης
810 4570 902 4621 καί
935 4569 963 4618 ὁ
996 4571 1439 4638 αὐτοφονευτὴς),
1470 4573 1564 4623 καὶ
1594 4575 1938 4644 καταφρονή-

378 4680 479 4724 σας
509 4662 616 4714 τῶν
652 4661 945 4728 βασιλικῶν
979 4661 1440 4731 προσταγμάτων,
1476 4663 1854 4730 καταγελάσας
1883 4666 1939 4718 δὲ

375 4756 476 4809 καὶ
507 4746 613 4806 τῶν
638 4754 879 4822 φρικτῶν
908 4753 1002 4819 τῆς
1043 4753 1368 4821 Ἑκκλησίας
1393 4754 1608 4822 θεσμῶν
1633 4755 1726 4806 καὶ
1757 4755 1937 4824 νόμων

373 4846 638 4917 (θεσμοὺς
672 4844 729 4896 δὲ
761 4843 885 4903 sub;
931 4843 1214 4911 ἀγράφους
1256 4842 1460 4906 τύπους
1487 4843 1658 4910 λέγει,
1701 4847 1792 4898 καὶ
1837 4849 1935 4910 τὰς

371 4940 612 5010 ἀρχαίας
637 4934 961 5004 παραδόσεις
991 4933 1245 4999 ἐνταῦθα,
1271 4935 1470 5004 νόμους
1493 4935 1549 4988 δὲ
1575 4939 1702 5000 τούς
1731 4940 1938 5010 ἐγγρά-

368 5027 563 5102 ’φου;).,
596 5029 915 5097 τολμήσειεν
943 5024 1238 5078 ἐπίσκοπόν
1260 5042 1379 5079 τινα
1394 5026 1557 5095 τύψαι
1586 5029 1810 5096 (τόλμης
1831 5031 1940 5099 γὰρ

374 5127 550 5184 ὅντως
581 5125 675 5173 καὶ
710 5119 950 5188 ἀμέτρου
996 5117 1334 5188 θρασύτητος
1364 5119 1425 5172 τὸ
1451 5119 1616 5189 τύψαι
1645 5122 1941 5174 ἐπίσκοπόν

372 5230 545 5283 τινα),
573 5215 659 5267 διὰ
692 5213 750 5264 δὲ
797 5211 891 5264 τοῦ
941 5213 1114 5262 εἰπεῖν
1142 5227 1282 5275 τινα,
1312 5211 1568 5280 ἐνέφηνεν
1593 5215 1672 5264 ὅτι
1701 5213 1760 5264 οὐ
1783 5214 1942 5283 μόνον

376 5309 654 5374 ἐπίσημον
705 5304 999 5355 ἐπίσκοπον
1053 5303 1114 5353 οὐ
1170 5301 1251 5352 δεῖ
1305 5301 1604 5354 τύπτεσθαι
1649 5301 1681 5372 ἢ
1723 5303 1943 5390 καθείρ·

2048 4579 2157 4648 ptis
2193 4579 2582 4644 imperatorum
2617 4573 2831 4635 edictis,
2861 4572 3325 4641 formidandisque
3354 4574 3605 4627 Ecclesia:

2044 4670 2310 4724 institutis
2362 4666 2677 4736 legibusque
2746 4666 3008 4734 neglectis
3059 4664 3346 4734 (instituta
3399 4679 3604 4733 porro,

2043 4761 2232 4815 Graece
2264 4760 2521 4827 θεσμοὺς.
2549 4758 2650 4827 hoc
2687 4759 2806 4810 loco
2845 4755 3275 4810 consuetudines
3315 4771 3418 4807 non
3469 4755 3607 4808 seri-

2044 4824 2714 4920 ptas.ecclesiasticasque
2755 4847 3006 4914 antiquas
3027 4844 3370 4908 traditiones,
3409 4843 3608 4910 νῦμους
3649 4891 3653 4894 .

2049 4942 2346 5007 ieroleges
2395 4939 2627 5007 scriptas
2678 4937 2894 5005 vocat),
2932 4937 3245 5004 episcopum
3295 4949 3604 5004 quempiam

2049 5038 2337 5090 verberare
2368 5046 2537 5085 ausus
2572 5028 2736 5083 fuerit
2773 5031 3041 5096 (audaciae
3083 5029 3225 5082 enim
3276 5015 3519 5096 proiecto
3545 5040 3608 5078 ea
3659 5100 3663 5104 _

2049 5143 2176 5190 res,
2237 5133 2400 5194 atque
2467 5121 2828 5176 intolerabilis
2887 5119 3226 5174 conﬁdentia:
3294 5120 3606 5187 episcopum

2048 5221 2352 5291 quempiam
2380 5214 2724 5281 verberare);
2757 5229 2838 5266 exe
2873 5227 2938 5266 eo
2993 5227 3118 5266 vero
3147 5212 3292 5280 quod
3343 5211 3604 5270 verbum,

2049 5311 2377 5382 quempiam,
2409 5305 2640 5366 addidit,
2678 5321 2782 5359 non
2809 5304 2972 5358 modo
2997 5305 3267 5374 insignem
3297 5317 3405 5371 pra:
3452 5311 3608 5355 cane-

380 5403 643 5471 γνυσθαι,
675 5398 788 5450 ἀλλ’
813 5397 932 5449 οὐδὲ
956 5395 1048 5448 τὸν
1076 5395 1312 5465 τυχόντα
1352 5395 1448 5448 καὶ
1475 5396 1688 5466 ἄσημον
1714 5383 1811 5451 καῖ
1829 5402 1939 5463 τοῖς

2051 5405 2129 5457 ris
2151 5401 2486 5470 episcopum,
2515 5397 2608 5452 sed
2661 5411 3042 5466 quemcunque
3074 5396 3234 5448 etiam
3255 5383 3560 5448 ‘obscurum
3585 5431 3602 5454 ,

381 5497 630 5553 πλείοσιν
685 5493 980 5559 ἄγνωστον,
1027 5489 1194 5559 ἤγουν
1238 5489 1428 5560 εὐτελῆ
1457 5495 1551 5543 καὶ
1584 5493 1938 5558 πενέστατοι),

375 5591 418 5662 ἢ
480 5589 608 5643 ἄνευ
655 5587 854 5649 αἰτίας,
902 5584 936 5655 ἢ
987 5587 1080 5639 καὶ
1131 5583 1594 5656 συμπλασάμενος
1655 5588 1857 5656 αἰτίαν,
1911 5592 1940 5644 ὁ

497 5771 588 5826 ⁷⁷1
627 5770 864 5827 Τὶηιοιῑι.
902 5787 940 5832 t,
980 5771 1070 5825 20.

2051 5494 2404 5566 pluribusque
2429 5490 2696 5560 ignotum,
2727 5488 2999 5560 al-jectum
3047 5487 3335 5550 videlicet,
3387 5495 3440 5538 et
3487 5495 3603 5557 ma-

2049 5590 2193 5644 xime
2223 5586 2464 5653 inopem,
2497 5581 2644 5636 nullo
2677 5581 2836 5640 modo
2882 5579 3156 5634 verberari
3191 5617 3208 5636 ς
3261 5586 3356 5632 aut
3395 5576 3604 5632 carceri

3325 5829 3351 5846 δ
