4056 6446
388 371 529 435 3097
1512 366 1595 425 ΙΝ
1636 365 1805 427 CAN.
1848 366 1875 423 I
1915 364 2131 425 CONC.
2161 361 2544 423 CARTHAG.
3516 357 3651 422 1098

385 489 481 542 καὶ
549 486 665 556 μετ’
719 483 887 555 αὐτὴν
942 484 1002 537 ὲν
1075 478 1377 550 ’Δντιοχείᾳ
1424 479 1527 550 τῆς
1577 478 1777 551 Συρίας
1825 478 1969 532 κατά

2074 478 2176 533 fuit
2207 476 2263 532 in
2290 475 2581 531 Antiochia
2615 472 2787 546 Syriae
2818 474 3087 532 adversus
3138 474 3367 530 Paulum
3404 469 3654 529 Samosa-

386 576 600 633 Παῦλον
628 576 719 630 τοῦ
755 577 1114 647 Σαμοσατέως
1140 572 1234 626 ἐπὶ
1283 570 1627 640 Αὑρηλιανοῦ
1678 570 1968 640 βασιλέως.

2075 582 2260 627 tenum
2283 572 2387 624 sub
2427 569 2725 624 Aureliano
2750 568 3100 639 imperatore.
3149 569 3478 639 Congregati
3525 578 3655 622 sunt

387 670 870 744 Συνηθροίσθησαν
890 669 946 721 δὲ
974 669 1054 730 εἰς
1078 666 1408 736 Καρχηδόνα
1456 665 1791 735 ὀγδοήκοντα
1833 662 1971 733 πρὸς

2075 673 2256 718 autem
2283 661 2614 732 Carthagine
2639 660 2709 716 84
2755 661 2932 716 sancti
2982 660 3176 715 Patres
3202 701 3217 725 ,
3258 668 3312 714 et
3362 659 3656 731 quaesitum

389 768 504 829 τοῖς
539 765 837 832 τέσσαρσιν
881 759 1031 828 ἅγιοι
1063 758 1331 829 Πατέρες,
1362 757 1456 810 καὶ
1492 756 1891 826 συνεζήτησαν,
1921 754 1971 807 εί

2074 770 2180 824 est,
2207 774 2275 811 an
2314 757 2593 825 baptizare
2628 762 3012 824 Oporteateos,
3051 753 3144 823 qui
3202 761 3560 808 revertuntur
3587 768 3657 807 ex

386 858 495 929 χρὴ
521 852 884 927 βαπτίζεσθαι
921 854 1048 914 τοὺς
1097 851 1159 915 ἐξ
1216 850 1478 921 αἱρέσεως
1542 848 1973 917 ἐπιστρέφοντας

2078 851 2271 906 haeresi
2307 865 2498 905 eorum
2529 848 2623 918 qui
2644 846 2808 902 idolis
2848 847 3288 913 immolaverant,
3321 845 3658 902 convenien-

387 946 765 1009 εἰδωλοθύτας,
824 942 966 997 κατὰ
998 942 1098 1013 τὴν
1140 943 1268 1013 περὶ
1308 941 1502 994 τούτου
1550 936 1821 1011 ἐρώτησιν
1876 938 1972 991 τοῦ

2076 951 2162 997 ter
2183 939 2599 1011 interrogationi
2644 938 2805 993 factm
2837 938 2905 991 de
2937 952 3000 992 ea
3042 951 3100 992 re
3147 936 3216 991 ab
3263 936 3524 1006 episcopo
3559 932 3656 989 Jo-

388 1038 690 1093 ὲπισκόπου
759 1033 1043 1089 Ἰοὸιανοῦ.
1094 1032 1220 1086 Ὀτι
1271 1031 1329 1084 δὲ
1378 1031 1499 1084 τότε
1526 1029 1623 1084 καὶ
1662 1031 1691 1083 ὁ
1721 1028 1974 1092 Ναυάτος

2077 1034 2263 1089 viano.
2317 1031 2458 1099 Quia
2501 1041 2685 1087 autem
2765 1037 2900 1085 tunc
2979 1029 3223 1085 Novatus
3281 1028 3658 1084 Romanorum

390 1126 770 1198 πρεσϐύτερος
805 1123 881 1178 ὢν
932 1125 1033 1193 τῆς
1095 1120 1391 1191 Ῥωμαίων
1437 1116 1767 1189 Ἐκκλησίσς
1799 1117 1974 1190 καθῃ-

2078 1127 2338 1184 Ecclesiae
2377 1127 2669 1197 presbyter
2693 1122 2983 1194 depositus
3013 1132 3118 1189 est,
3157 1131 3217 1177 ut
3255 1121 3347 1193 qui
3391 1122 3457 1176 ad
3485 1122 3659 1189 poeni—

392 1220 546 1293 ρέθη,
567 1218 643 1281 ὡς
678 1218 754 1288 μὴ
780 1216 1073 1288 δεχόμενος
1096 1215 1177 1278 εἰς
1211 1213 1503 1284 μετάνοιαν
1550 1212 1677 1274 τοὺς
1705 1211 1976 1273 θύσαντας

2070 1221 2304 1293 tentiam
2345 1234 2458 1275 non
2519 1218 2835 1273 admitteret
2865 1220 2974 1283 ﬁeos
3010 1215 3105 1286 qui
3160 1214 3318 1269 idolis
3372 1213 3660 1269 sacriﬁca-

391 1290 504 1374 τοῖς
531 1308 795 1373 εἰδώλοις,
824 1306 1125 1362 κάντεῦθεν
1152 1304 1327 1357 ἐποίει
1370 1303 1578 1374 σχίσμα
1616 1305 1757 1373 μετά
1811 1319 1976 1355 τινων

2070 1290 2306 1379 ’νει-ουκ
2346 1321 2401 1367 ct
2428 1311 2550 1365 ideo
2583 1325 2708 1365 cum
2737 1307 3071 1379 quibusdam
3126 1305 3515 1375 insipientibus
3572 1304 3656 1359 fa-

391 1401 690 1467 ἁσυνέτων,
706 1397 1333 1469 ὲπολυπραγμονήθη;·εἰ
1350 1396 1459 1467 χρὴ
1477 1396 1572 1449 καὶ
1594 1395 1722 1458 τοὺς
1740 1410 1977 1466 σχισμα-

2080 1406 2263 1461 ciebat
2288 1405 2562 1459 schisma:
2600 1402 2868 1473 agitatum
2898 1410 3008 1466 est,
3037 1415 3109 1454 an
3161 1400 3330 1454 etiam
3380 1397 3655 1459 schisma-

392 1494 580 1556 τικοίδς
610 1491 995 1563 βαπτίζεσθαι,
1024 1489 1100 1553 ὡς
1136 1488 1415 1543 καὶτοῦτο
1444 1487 1825 1559 ἐρωτήσαντος
1849 1485 1978 1548 τοὺς

2083 1499 2224 1553 ticos
2277 1495 2559 1567 baptizare
2617 1501 2909 1563 oporteat,
2967 1501 3230 1563 tanquam
3286 1491 3388 1546 hoc
3437 1504 3659 1560 quoque

405 1583 694 1640 Ἰοϐιανοῦ.

2091 1587 2359 1643 Jovianus
2386 1584 2751 1656 quaesivisset.

464 1679 714 1737 ΖΩΝΑΡ.
754 1677 905 1748 Αὕτη
963 1678 1000 1748 ὴ
1052 1677 1268 1741 σύνοδος
1330 1676 1521 1729 πασῶν
1578 1673 1686 1728 τῶν
1742 1672 1978 1726 συνόδων

2151 1677 2407 1735 ZONAR.
2429 1677 2526 1733 Est
2554 1678 2673 1733 haec
2696 1676 2941 1748 synodus
2969 1674 3218 1729 omnium
3250 1672 3660 1743 antiquissima.

392 1773 799 1844 προγενεστέρα
830 1774 968 1828 ἐστί.
1020 1770 1350 1843 Προτερεύει
1384 1769 1484 1840 μὲν
1515 1769 1621 1838 γὰρ
1667 1767 1776 1820 τῶν
1802 1764 1978 1821 ἄλλων

2082 1769 2221 1825 Nam
2273 1772 2395 1827 aliis
2435 1771 2657 1841 quidem
2707 1769 2988 1840 antiquior
3041 1778 3126 1822 est
3181 1764 3422 1836 ea,'quae
3471 1764 3665 1821 Antio-

390 1833 524 1935 η’ὲν
568 1833 872 1934 Ἀντιοχείᾳ
891 1863 991 1933 τῆς
1027 1833 1230 1932 Συρίας
1257 1833 1536 1928 γεγονυῖα-
1560 1833 1779 1919 σύνοδος
1835 1854 1980 1908 κατὰ

2082 1866 2223 1921 Chiae
2252 1866 2307 1920 in
2342 1833 2503 1936 Syria
2538 1872 2733 1919 contra
2761 1833 2996 1917 Paulum
3027 1833 3449 1916 Samosatenum
3484 1860 3664 1913 Aure-

392 1955 609 2009 Παύλου
662 1954 778 2021 τοῦ,
805 1954 1190 2025 Σαμοσατέως,
1223 1953 1347 2024 ἥτις
1380 1952 1475 2006 ἐπὶ
1498 1949 1841 2023 Αὑρηλιανοῦ
1881 1950 1979 2019 βα-

2084 1959 2231 2013 liauo
2254 1955 2631 2012 Romanorum
2682 1958 3024 2023 imperatore
3077 1951 3355 2007 celebrata
3394 1947 3521 2015 fuit,
3550 1950 3668 2004 hac

395 2042 590 2110 σιλέως
628 2045 938 2117 ἠθροίσθη’
1003 2046 1145 2116 αὕτη
1215 2044 1273 2097 δὲ
1329 2045 1597 2115 κάκείνης
1645 2042 1981 2115 ἀρχαιοτέρα

2084 2065 2220 2106 vero
2286 2057 2566 2105 vetustate
2615 2047 2765 2102 illam
2818 2057 3039 2117 quoque
3079 2043 3377 2100 antecedit.
3434 2040 3666 2113 Magnus

393 2137 568 2192 ἐστίν.
605 2137 666 2189 '0
693 2138 804 2209 γὰρ
840 2137 1015 2207 μέγας
1035 2137 1352 2208 Κυπριανὸς
1378 2136 1471 2189 ἐπὶ
1495 2136 1687 2188 Δεκίου
1714 2134 1983 2205 βασιλέως

2085 2143 2356 2214 siquidem
2404 2140 2740 2214 Cyprianus,
2784 2139 2948 2194 Decio
2999 2137 3352 2207 imperatore,
3418 2133 3668 2205 martyrii

393 2229 489 2281 τὸν
539 2228 640 2299 τῆς
709 2230 1024 2300 μαρτυρίας
1077 2231 1243 2301 ἧνυσε
1304 2228 1508 2301 δρόμον
1535 2245 1551 2258 '
1598 2228 1892 2292 πολλοστὸς
1937 2227 1982 2281 δ’

2084 2251 2313 2293 cursum
2365 2234 2645 2291 coniecit:
2700 2240 2756 2287 at
2815 2245 2947 2286 vero
3002 2230 3164 2299 longo
3205 2227 3495 2282 intervallo
3542 2236 3668 2296 post

402 2319 555 2374 εστιν
604 2322 632 2374 ὁ
690 2321 1034 2393 Αὐρηλιανὸς
1094 2322 1232 2391 πρὸς
1279 2321 1372 2374 τὸν
1396 2322 1614 2376 Δέκιον.
1645 2322 1841 2375 Πολλοὶ
1874 2321 1984 2392 γὰρ

2086 2329 2316 2387 Decium
2380 2328 2715 2383 Aurelianus
2794 2324 2919 2380 fuit.
2971 2322 3129 2377 Multi
3188 2320 3462 2392 siquidem
3503 2319 3669 2376 Decio

401 2410 543 2481 μετὰ
572 2413 667 2465 τὸν
697 2414 890 2467 Δέκιον
937 2413 1252 2484 ἐκράτησαν
1277 2414 1705 2484 αὐτοκράτορες,
1739 2415 1859 2485 μεθ’
1890 2414 1986 2479 οὒς

2092 2423 2377 2479 exstincto
2423 2433 2728 2491 regnavere
2777 2418 3163 2488 imperatores,
3194 2415 3399 2486 quibus
3448 2414 3670 2469 demum

393 2502 735 2573 Αὐρηλιανδς
796 2504 897 2567 τῆς
933 2504 1215 2574 βασιλείας
1276 2503 1502 2575 ἠξίωτο.
1551 2510 1708 2563 Οὕτω
1759 2508 1860 2579 μὲν
1890 2505 1985 2563 οὖν

2090 2514 2425 2570 Aurelianus
2456 2514 2509 2566 in
2555 2511 2789 2582 imperio
2816 2508 3079 2565 suﬂ'ectus
3125 2516 3230 2563 est.
3275 2506 3462 2576 Itaque
3511 2508 3671 2577 longe

399 2595 809 2665 προγενεστέρα
844 2594 1037 2648 πασῶν
1064 2598 1235 2651 ἐστιν.
1276 2595 1679 2669 Ἠθροίσθησαν
1706 2598 1750 2651 δ’
1783 2600 1842 2651 ὲν
1890 2599 1989 2653 αύ-

2073 2588 2213 2660 Ἰιπο
2236 2601 2483 2674 synodus
2511 2600 2759 2656 omnium
2785 2597 3179 2668 antiquissima
3209 2605 3312 2652 est.
3333 2596 3392 2650 ln
3417 2610 3480 2649 ea
3504 2609 3670 2666 porro

397 2690 467 2759 τῇ
501 2688 792 2741 ἐπίσκοποι
834 2688 969 2757 πρὸς
1009 2689 1303 2759 τέσσαρσιν
1336 2690 1988 2764 ὀγδοήκοντα,ζητήσεως

2089 2704 2330 2768 quatuor
2369 2708 2538 2764 supra
2566 2694 2847 2761 octoginta
2879 2688 3127 2761 episcopi
3160 2688 3483 2758 c0ngregati
3516 2697 3670 2752 sunt,

402 2781 727 2853 γενομένης,
763 2782 812 2834 εἰ
841 2783 966 2844 τοὺς
1002 2782 1061 2847 ἐξ
1102 2780 1368 2850 αἱρέσεως
1403 2783 1837 2855 ἐπιστρέφοντας
1894 2783 1989 2838 καὶ

2092 2802 2157 2843 ac
2192 2786 2260 2843 de
2290 2787 2381 2850 iis,
2408 2786 2502 2856 qui
2542 2784 2796 2839 abdicata
2827 2782 3019 2837 haeresi
3051 2781 3411 2849 resipiscunt,
3434 2794 3498 2835 ac
3520 2778 3673 2834 schi-

402 2875 530 2937 τοὺς
573 2876 968 2945 σχισματικοὺς
1010 2874 1372 2944 βαπτίζεσθαι
1407 2880 1489 2932 δεῖ
1510 2880 1990 2950 προσερχομένους

2092 2881 2363 2946 smaticis,
2417 2879 2509 2950 qui
2549 2876 2618 2933 ad
2652 2875 2958 2931 Ecclesiam
3001 2880 3384 2934 revertuntur,
3447 2885 3517 2923 an
3578 2869 3676 2923 ba—

403 2970 472 3038 τῇ
507 2966 771 3040 καθολικῇ
817 2967 1137 3040 Ἐκκλησία.
1203 2971 1460 3036 Ἰοῦιανδς
1498 2972 1609 3043 γάρ
1640 2990 1725 3036 τις
1761 2958 1988 3027 ἐπίσκο-

2092 2973 2336 3045 ptizandi
2370 2972 2573 3037 forent,
2612 2969 2930 3040 quaesitum.
2960 2964 3228 3020 Jovianus
3266 2962 3536 3033 siquidem
3560 2960 3678 3031 epi-

407 3077 507 3122 πος
541 3061 822 3113 ἐπέστειλε
852 3062 982 3133 περὶ⁸
1008 3062 1199 3115 τούτου
1232 3065 1309 3133 τῷ
1341 3065 1470 3135 θείῳ
1501 3066 1827 3137 Κυπριανῷ,
1848 3062 1990 3135 ἐριο-

2096 3081 2299 3136 scopus
2343 3064 2593 3134 quidam,
2642 3077 2706 3116 ea
2747 3061 2814 3115 de
2866 3074 2949 3123 re,
3001 3073 3070 3112 an
3124 3057 3342 3113 scilicet
3402 3054 3676 3124 ejusmodi

404 3151 534 3217 τῶν,
568 3155 618 3205 εἰ
639 3144 721 3206 δεῖ
750 3154 876 3217 τοὺς
893 3156 1169 3221 τοιούτους
1192 3156 1574 3227 βαπτίζεσθαι.
1594 3159 1728 3211 Τότε
1757 3158 1869 3229 γὰρ
1900 3159 1993 3211 καὶ

2100 3158 2351 3213 homines
2382 3154 2652 3224 baptizari
2689 3157 2996 3221 oporteret,
3044 3148 3383 3221 Cyprianum
3412 3163 3508 3219 per
3554 3147 3674 3215 cpi-

405 3245 434 3294 ὀ
464 3242 716 3308 Ναυάτος
764 3245 865 3315 τῆς
919 3246 1027 3300 τῶν
1051 3246 1364 3316 λεγομένων
1402 3250 1679 3319 Καθαρῶν
1722 3250 1994 3320 αἱρέσεως

2099 3252 2298 3308 stolam
2344 3250 2725 3307 consuluerat.
2758 3245 2917 3300 Tunc
2956 3245 3104 3301 enim
3153 3241 3399 3298 Navatus
3457 3255 3680 3311 quoque

403 3328 562 3406 ἦρξε,
609 3336 983 3408 πρεσϐύτερος
1032 3339 1274 3407 γεγονὼς
1322 3341 1418 3411 τῆς
1466 3341 1793 3412 Ἐκκηλσίας
1862 3340 1996 3396 Ῥω-

2096 3360 2287 3402 eorum
2328 3351 2511 3407 sectae,
2547 3340 2641 3412 qui
2669 3338 2896 3394 Cathari
2929 3335 3057 3407 (hoc
3087 3345 3174 3390 εει
3212 3333 3356 3405 puri)
3414 3333 3681 3389 diceban-

411 3427 611 3495 μαίων,
646 3430 1007 3498 σχισματικὸς
1039 3428 1116 3485 ὢν
1152 3433 1381 3503 κυρίως,
1419 3433 1537 3487 ἀλλ’
1563 3435 1662 3504 οὐχ
1686 3435 1991 3506 αίρετικός.

2097 3447 2208 3505 tur,
2237 3452 2297 3492 se
2324 3436 2629 3506 principem
2669 3430 3055 3503 proﬁtebatur.
3110 3427 3377 3482 Romanae
3423 3423 3681 3483 Ecclesiae

406 3517 482 3569 Οὐ
531 3519 642 3586 γὰρ
691 3520 829 3585 πρὸς
870 3521 1047 3591 δόγμα
1077 3540 1130 3576 τι
1184 3527 1295 3587 τοῖς
1342 3525 1643 3599 ὀρθόφροσι
1674 3526 1991 3597 διεφέρετοτ

2099 3529 2410 3603 presbyter,
2443 3525 2838 3582 schismaticns
2886 3522 3136 3594 proprie,
3194 3535 3303 3575 non
3365 3519 3682 3576 haereticus.

408 3608 547 3663 ἀλλὰ
592 3612 705 3672 τοῖς
742 3611 801 3663 ἐν
846 3611 1112 3681 διωγμοῖς
1152 3614 1472 3685 ὑποκύψασί
1525 3634 1585 3669 τε
1636 3619 1735 3672 καὶ
1763 3618 1995 3673 θύσασιν

2098 3623 2211 3680 Nec
2238 3623 2383 3679 enim
2413 3623 2469 3677 in
2500 3622 2589 3683 iis.
2628 3633 2752 3690 quae
2791 3617 2860 3671 ad
2906 3617 3165 3687 dogmata
3214 3615 3518 3684 pertinent,
3567 3613 3682 3669 ullo

406 3700 719 3772 ἀπηγόρευε
747 3704 847 3772 τὴν
876 3708 1189 3773 μετάνοιαν.
1235 3702 1457 3779 Ἐπειδὴ
1490 3709 1517 3761 ὁ
1538 3709 1662 3761 τότε
1702 3710 1802 3779 τῆς
1845 3710 1987 3763 Ῥω-

2082 3724 2267 3789 pacto
2309 3730 2340 3768 a
2363 3713 2670 3770 Catholici:
2696 3710 3093 3767 dissentiebat:
3150 3709 3247 3764 sed
3305 3709 3401 3779 qui
3435 3706 3681 3763 adversis

411 3791 589 3860 μαίων
673 3790 1003 3864 Ἐκκλησίας
1073 3798 1432 3869 προεστηκὼς
1493 3800 1796 3871 Κορνήλιος
1855 3802 1998 3871 μετὰ

2099 3808 2414 3876 reipublicm
2428 3805 2756 3861 Christiame
2778 3801 3126 3871 temporibus
3154 3801 3297 3855 malo
3319 3800 3449 3855 victi
3478 3814 3682 3855 succu-

407 3885 517 3937 τῶν
575 3884 668 3938 ὑπ’
719 3885 885 3940 αὐτὸν
935 3888 1275 3957 ἐπισκόπων,
1325 3890 1665 3962 ζητήσαντες
1721 3894 1852 3963 περὶ
1898 3894 1994 3948 τοῦ

2102 3897 2373 3961 bnissent,
2394 3895 2614 3964 diisque
2640 3891 3044 3955 immolassent,
3066 3889 3133 3945 ad
3169 3888 3546 3960 pceuitentiam
3573 3903 3684 3943 non

407 3978 796 4046 εἰσαγομένου,
867 3980 1211 4050 ἐψηφίσαντο
1275 3982 1529 4053 δέχεσθαι
1570 3984 1652 4047 είς
1703 3984 1996 4054 μετάνοιαν

2099 3984 2441 4039 admittebat.
2465 3983 2600 4039 Cum
2619 3997 2750 4039 vero
2764 3979 3020 4037 Eaclesia:
3049 3979 3421 4035 Romanorum
3456 3977 3688 4050 praefec-

410 4070 667 4134 καὶτοὺς
699 4071 1092 4138 ὲπιθύσαντας,
1152 4076 1180 4127 ὁ
1228 4074 1286 4127 δὲ
1331 4074 1586 4138 Ναυάτος
1635 4076 1736 4145 τῆς
1790 4077 1999 4140 οἰκείας

2101 4084 2268 4131 tuseo
2282 4083 2528 4146 tempore
2553 4073 2867 4137 Cornelius,
2885 4087 3007 4126 cum
3034 4070 3138 4127 sibi
3161 4068 3431 4140 subjectis
3464 4068 3685 4136 episco-

408 4165 718 4228 ἐνστάσεως
761 4165 825 4218 ού
889 4166 1147 4237 μεθίετο’
1210 4166 1478 4238 ἐξέκοψαν
1529 4168 1631 4239 τῆς
1667 4167 1999 4239 Ἐκκλησίας

2103 4170 2212 4239 pis,
2247 4168 2450 4239 agitata
2489 4168 2815 4237 quaestione,
2841 4180 2937 4221 eos
2969 4178 3190 4234 quoque
3225 4162 3327 4232 qui.
3367 4160 3686 4215 immolave-

411 4258 624 4311 ἐκεῖνον
675 4260 772 4311 καὶ
829 4259 1190 4331 ὰπεκήρυξαν
1263 4260 1337 4325 ὡς
1395 4261 1749 4331 μισάδελφον.
1818 4262 1879 4316 '0
1940 4263 1999 4317 δὲ

2103 4271 2230 4316 rant
2262 4261 2329 4317 ad
2365 4259 2748 4332 pmnitentiam
2803 4255 3179 4313 admittendos
3237 4269 3360 4309 esse
3411 4251 3688 4308 decrevis-

413 4350 512 4402 καὶ
567 4350 764 4413 ἄλλους
784 4351 1095 4421 ὁμόφρονας
1118 4353 1370 4423 ἐσχηκὼς
1403 4355 1523 4408 καθ’
1546 4356 1740 4409 ἑαυτὸν
1763 4356 1999 4409 ἐποιεῖτο

2103 4365 2248 4421 sent,
2296 4369 2477 4425 neque
2505 4360 2687 4407 tamen
2756 4349 3000 4404 Navatus
3038 4346 3245 4417 aliquid
3275 4345 3345 4401 de
3382 4342 3688 4413 pertinacia

417 4446 844 4514 παρασυνάξεις,
897 4448 992 4499 καὶ
1015 4445 1224 4517 σχίσμα
1254 4449 1407 4518 παρὰ
1454 4450 1521 4521 τῇ
1566 4448 1871 4520 Ἐκκλησία
1900 4449 1998 4502 ὑπ’

2103 4448 2436 4511 remitteret,
2492 4444 2647 4499 illum
2683 4443 2753 4499 ab
2802 4440 3068 4496 Ecclesiae
3120 4451 3355 4508 corpore
3411 4434 3688 4498 excisum,

412 4536 627 4590 ἐκείνου
663 4539 762 4592 καὶ
801 4540 913 4596 τῶν
967 4544 1119 4612 αὐτῳ
1181 4542 1700 4610 συγκοινωνούντων
1751 4542 1993 4610 ἐγένετο,

2104 4538 2307 4610 quippe
2370 4535 2605 4591 fratrum
2675 4546 2893 4588 osorem
2966 4527 3187 4583 decreto
3248 4521 3688 4596 promulgavere.

413 4629 553 4699 Περί
592 4633 971 4701 σχισματικῶν
1002 4634 1187 4688 τοίνυν
1214 4633 1309 4687 κα)⁸
1345 4633 1647 4703 αἰρετικῶν
1673 4635 1995 4705 ἐρωτήσαν-

2105 4633 2258 4690 Alios
2292 4644 2425 4685 vero
2452 4628 2544 4684 ille
2576 4635 2881 4684 sectatores
2914 4631 3139 4685 nactus,
3172 4616 3408 4675 seorsim
3452 4628 3691 4669 conven-

413 4739 507 4786 τος
563 4724 848 4789 Ἰοὸιανοῦ,
897 4727 1319 4781 ἀντεπέστειλεν
1368 4727 1518 4798 αύτῷ
1587 4744 1647 4782 τε
1733 4728 1831 4783 καὶ
1887 4729 2000 4792 τοῖς

2108 4737 2199 4783 tus
2232 4738 2521 4796 peragere,
2579 4719 2994 4787 schismateque
3042 4714 3173 4769 hinc
3216 4711 3343 4767 inde
3389 4724 3515 4764 cum
3574 4707 3691 4763 suis

417 4818 846 4880 συνεπισκόποις
872 4818 1040 4871 αὐτοῦ
1068 4822 1095 4872 ὁ
1125 4820 1303 4889 μέγας
1331 4820 1653 4890 Κυπριανὸς
1685 4820 1781 4874 καὶ
1808 4822 1841 4891 ἠ
1898 4820 1998 4875 σὺν

2110 4819 2427 4893 gregalibus
2478 4814 2784 4872 Ecclesiam
2837 4812 3085 4865 lacerare
3143 4808 3371 4863 adortus
3398 4810 3516 4870 ,est.
3551 4800 3688 4857 Cum

418 4910 568 4981 αὑτῷ
605 4912 826 4975 σύνοδος
864 4914 962 4983 τὴν
994 4913 1281 4985 ἐπιστολὴν
1316 4914 1542 4984 ταύτην.

2114 4929 2247 4984 ergo
2282 4912 2351 4967 de
2382 4907 2758 4967 schismaticis
2783 4913 2836 4962 et
2862 4902 3135 4960 haereticis
3186 4908 3334 4957 esset
3363 4912 3393 4951 a
3459 4894 3689 4950 Joviano

421 5002 733 5068 quaesitum,
767 5001 837 5057 ad
866 5017 991 5059 eum
1021 5004 1250 5075 ejusque
1280 5006 1642 5076 coepiscopos
1675 5017 1908 5074 magnus
1931 5003 2238 5075 Cyprianus
2265 5016 2390 5059 cum
2413 5015 2515 5057 sua
2547 4998 2762 5071 synodo
2801 4995 3114 5053 rescribens
3153 4990 3456 5061 subjectam
3484 4986 3691 5059 epis-to.

418 5089 528 5145 lam
555 5091 823 5146 exaravit.

2021 3180 2064 3238 ε

1031 5178 1275 5233 ΚΑΝΩΝ
1308 5177 1390 5234 A'.

2748 5173 2977 5231 CANON
3006 5172 3044 5230 l.

427 5287 448 5323 ι
504 5268 601 5324 Ἐκ
646 5269 997 5341 κοινοὸουλίῳ
1046 5271 1221 5335 ὄντες,
1246 5260 1522 5340 ἀγαπητοί
1563 5269 1805 5339 ἀδελφοὶ,
1876 5270 2001 5324 ἀνέ-

2116 5292 2136 5327 ι
2180 5272 2319 5329 Cum
2354 5272 2411 5327 in
2448 5271 2729 5327 communi
2749 5270 2986 5326 consilio
3018 5280 3297 5332 essemus,
3331 5263 3520 5321 dilecti
3572 5261 3683 5317 fra-

501 5381 521 5416 ι
560 5380 779 5434 γνωμεν
822 5366 1132 5437 γράμματα
1182 5363 1277 5432 ἀφ’
1324 5362 1481 5433 ὑμῶν
1541 5363 1811 5416 σταλέντα
1869 5363 2003 5434 περί

2187 5383 2206 5416 ι
2240 5372 2375 5430 tres,
2400 5363 2630 5436 legimus
2654 5362 2867 5419 litteras
2897 5375 2928 5416 a
2952 5360 3111 5417 vobis
3130 5361 3333 5416 missas
3355 5357 3425 5414 de
3453 5356 3546 5421 iis,
3588 5356 3685 5426 qui

1683 5478 1887 5542 Guill.
1917 5479 2254 5561 Beveregii
2294 5486 2484 5543 notas.

424 5602 769 5659 Balsamonis
798 5601 1137 5675 coitionibus
1171 5617 1413 5660 canones
1469 5603 1663 5675 synodi
1706 5604 1997 5675 Carthagi—
2108 5603 2164 5659 in
2200 5601 2501 5659 Bodleiano
2524 5601 2712 5675 codice
2742 5617 2907 5672 quem
2937 5604 3141 5673 ubique
3172 5600 3480 5672 sequimur,
3515 5597 3607 5653 sed
3639 5603 3695 5649 ει

426 5676 637 5737 nensis,
666 5683 726 5726 ut
756 5672 1016 5747 aGraecis
1071 5681 1377 5747 vocantur,‘
1420 5672 1529 5747 hoc
1590 5688 1696 5739 est,
1748 5672 1994 5747 codicem
2110 5675 2577 5747 Amerbachiano,
2612 5674 2755 5727 idem
2782 5677 2917 5747 ordo
2950 5672 3288 5747 synodorum
3336 5674 3691 5747 observatur,

425 5759 700 5816 canonum
751 5744 1009 5798 Ecclesia:
1070 5744 1367 5809 Africanae,
1417 5746 1562 5799 inter
1627 5746 1999 5816 supradictam
2112 5759 2224 5814 quo
2253 5745 2367 5816 ghic
2400 5745 2811 5816 imprimuntur,
2847 5740 3002 5814 juxta
3036 5759 3198 5815 quem
3254 5755 3496 5800 veterem
3544 5740 3692 5800 illam

428 5815 700 5887 synodum
734 5817 1079 5885 Aucyrauam
1112 5817 1407 5885 interponi.
1468 5816 1669 5871 Verum
1696 5814 1806 5872 non
1837 5819 2000 5872 modo
2116 5814 2602 5889 Carthaginensetu
2634 5817 2873 5887 synodus
2907 5814 3198 5889 Ancyrana
3234 5818 3459 5888 excipit.

673 5911 947 5972 Panos.
990 5911 1109 5971 Gn.
1154 5910 1525 5975 CXXXVII.
3238 5924 3315 5987 35
