4056 6458
398 377 464 441 10
487 378 538 441 i9
1676 369 1958 431 TIIEOD.

2111 366 2413 428 LSAMON
3553 360 3576 424 1
3590 360 3607 423 i
3623 357 3704 420 σο

474 517 492 550 1
534 501 601 555 ab
626 498 903 555 haereticis
927 497 1011 552 vel
1045 493 1423 552 schismaticis
1476 486 1743 561 baptizati
1777 489 1879 543 visi
1910 485 1977 540 ad
2011 486 2062 547 Λ

2166 503 2183 536 1
2225 486 2335 539 τῶν
2370 485 2523 557 παρὰ
2574 486 2688 550 τοῖς
2722 487 3020 556 αἱρετικοῖς
3084 484 3117 557 ἦ
3174 486 3562 556 σχισματικοῖς
3602 484 3706 539 δο-

475 613 493 644 ‹
534 594 860 649 catholicam
896 590 1228 652 Ecclesiam,
1290 602 1413 657 quae
1480 600 1586 640 una
1618 591 1726 649 est,
1786 583 1841 636 in
1880 595 1987 650 qua

2148 570 2195 634 '1
2237 581 2480 635 κούντων
2549 579 2936 657 βεϐαπτίσθαι,
3020 580 3336 651 ἐρχομένων
3394 579 3533 648 προς
3592 581 3707 649 τὴν

481 705 501 738 1
535 684 880 753 baptizamur
920 691 972 736 et
1002 693 1396 750 regeneramur
1428 676 1657 732 veniunt
1696 693 1709 728 :
1754 674 1821 728 de
1867 674 1992 742 qui-

2171 692 2189 726 1
2234 674 2534 745 καθολικὴν
2594 656 2953 745 Ἐκκλησίαν,
3016 673 3140 743 ἤτις
3206 672 3323 725 ἐστὶ
3351 671 3492 743 μία,
3543 673 3603 725 ἐν

476 800 494 833 ‹
534 780 637 835 bus
699 777 1030 833 conﬁdimus
1071 789 1172 829 vos
1234 787 1476 843 quoque,
1520 770 1614 841 qui
1669 769 1759 824 illa
1802 766 1986 839 agitis,

2177 786 2197 820 1
2236 766 2615 840 βαπτιζόμεθα
2688 769 2780 821 καὶ
2839 765 3263 837 ἀναγεννώμεθα
3327 782 3343 798 ⁸
3417 766 3547 836 περὶ
3618 759 3708 818 ὧν

483 890 501 922 1
545 868 834 924 catholicae
869 866 1129 921 Ecclesiae
1153 879 1395 920 canones
1426 862 1736 915 ﬁrmitatem
1779 867 1990 913 tenere.

2174 879 2193 912 1
2240 862 2335 913 καὶ
2358 858 2699 929 πεποίθαμεν
2725 858 2820 913 καὶ
2848 858 2995 927 ὑμᾶς
3043 857 3244 921 αὐτοὺς
3268 859 3455 910 ἐκεῖνα
3516 858 3707 923 πράτ-

478 980 496 1014 1
532 962 743 1017 Tamen
773 960 1036 1032 quoniam
1065 958 1357 1012 nobiscum
1392 956 1527 1012 estis
1575 949 1989 1008 communionis

2174 972 2201 1013 1,
2237 970 2426 1017 τοντας
2479 952 2579 1023 τὴν
2634 952 2977 1024 στερρότητα
3057 952 3158 1021 τῆς
3215 951 3516 1019 καθολικῆς
3562 948 3705 1003 Ἐκ-

480 1073 498 1106 1
540 1054 857 1125 participes,
891 1060 945 1107 et
977 1058 1204 1122 propter
1227 1062 1577 1103 communem
1633 1044 1989 1100 dilectionem

2171 1064 2189 1097 1
2234 1045 2465 1116 κλησίας
2550 1046 2823 1115 κρατεῖν,
2890 1046 3043 1113 ὅμως
3137 1046 3263 1098 ἐπεὶ
3330 1050 3703 1113 συγκοινωνοὶ

473 1169 490 1201 1
524 1149 591 1203 de
630 1142 964 1217 co'qurerere
1017 1142 1315 1211 voluistis;
1367 1157 1479 1197 non
1529 1154 1728 1196 novam
1763 1144 1994 1193 senten-

2174 1161 2191 1193 1
2231 1140 2390 1211 ἡμῶν
2431 1141 2576 1208 ἐστε,
2618 1141 2715 1193 καὶ
2750 1140 2990 1211 ζητῆσαι
3024 1141 3153 1210 περὶ
3206 1141 3400 1193 τούτου
3456 1141 3546 1195 διὰ
3598 1141 3709 1208 τὴν

479 1260 497 1291 1
537 1243 667 1295 tiam
700 1253 880 1308 neque
914 1251 1065 1292 nunc
1098 1237 1377 1291 fundatam
1397 1233 1710 1289 eﬂ'erimus:
1746 1229 1838 1287 sed
1872 1243 1994 1299 quae

2179 1253 2197 1286 1
2236 1235 2428 1305 κοινὴν
2456 1235 2677 1307 ἀγάπην
2710 1236 3040 1304 ἠθελήσατε,
3090 1237 3151 1288 οὐ
3203 1236 3519 1307 πρόσφατον
3551 1235 3709 1303 γνῶ⁴

483 1351 501 1383 1
543 1332 675 1386 olim
714 1332 782 1384 ab
825 1328 1237 1398 antiquioribus
1282 1323 1709 1381 accuratissime
1762 1331 1817 1375 et
1868 1319 1996 1373 dili-

2178 1346 2195 1379 1
2252 1345 2380 1397 μην,
2414 1326 2533 1380 οὐδὲ
2564 1327 2659 1380 νῦν
2709 1328 3065 1398 ἡδρασμένην
3118 1329 3526 1399 προσφέρομεν,
3562 1327 3709 1383 ἀλλὰ

485 1444 503 1475 1
544 1424 865 1495 gentissime
893 1424 995 1476 fuit
1021 1421 1188 1492 366
1210 1421 1553 1481 examinata,
1599 1431 1719 1472 eam
1744 1430 1774 1470 a
1836 1412 1997 1467 nobis

2183 1438 2201 1471 1
2248 1422 2344 1490 τὴν
2379 1419 2547 1473 πάλαι
2582 1420 2687 1473 ὑπὸ
2708 1420 2817 1471 τῶν
2874 1420 3323 1491 προγενεστέρων
3363 1420 3523 1491 ήμῶν
3558 1422 3709 1490 μετᾶ

485 1535 505 1569 1
540 1518 889 1572 observatam
926 1516 1080 1571 vobis
1111 1511 1616 1575 communicamus,
1654 1518 1709 1564 ct
1758 1507 1999 1576 conjun-

2177 1530 2196 1562 1
2241 1513 2423 1584 πάσης
2440 1510 2731 1582 ἀκριδείας
2755 1512 2847 1565 καὶ
2863 1512 3185 1583 ἐπιμελείας
3203 1512 3707 1584 δεδοκιμασμένην,

489 1626 506 1658 1
546 1609 754 1680 gimus,
817 1606 868 1660 id
898 1620 1117 1675 quoque
1137 1619 1283 1659 nunc
1308 1609 1641 1667 statuentes,
1672 1599 1815 1671 quod
1847 1612 1999 1652 sem-

2181 1620 2200 1655 1
2244 1604 2337 1655 καὶ
2381 1602 2473 1670 ὑφ’
2530 1603 2689 1673 ήμῶν
2726 1603 3235 1680 παρατηρηθεῖσαν,
3292 1606 3713 1674 κοιννωούμεθα

488 1720 508 1752 1
538 1676 640 1771 per
682 1700 903 1755 l'ortiter
958 1699 1339 1761 stabiliterque
1393 1696 1709 1760 tenuimus;
1743 1702 1800 1746 ut
1840 1703 2000 1744 nemo

2184 1714 2203 1746 1
2247 1696 2377 1765 ὑμῖν
2410 1697 2506 1749 καὶ
2558 1694 2957 1765 συζεύγνυμεν,
2989 1695 3151 1748 τοῦτο
3182 1697 3275 1748 καὶ
3311 1695 3407 1749 νῦν
3453 1714 3713 1766 χειριτο-

487 1809 506 1843 1
542 1793 721 1861 possit
760 1788 1031 1860 baptizari
1063 1796 1221 1843 extra
1292 1785 1627 1842 catholicam
1659 1779 1998 1845 Ecclesiam;
2028 1824 2078 1861 ᾖ

2184 1805 2202 1839 1
2242 1787 2481 1853 νοῦντες,
2515 1787 2653 1859 ὅπερ
2683 1787 2775 1840 διὰ
2840 1787 3045 1852 παντὸς
3088 1787 3330 1858 ἰσχυρῶς
3363 1788 3459 1841 καὶ
3516 1792 3712 1858 ἀσφα-

491 1836 505 1843 “
542 1836 720 1861 ιμ’-ιν·-
760 1836 1031 1860 ”“ι”·-’“-·
1068 1836 1221 1843 ν--ν--
1298 1836 1450 1842 --ηνν
1491 1836 1529 1838 η
1984 1836 1997 1845 ι

491 1900 512 1936 1
549 1898 675 1938 cum
720 1898 865 1937 unus
898 1880 1232 1951 baptismus,
1279 1886 1336 1934 et
1384 1878 1441 1932 in
1494 1876 1772 1930 catholica
1814 1836 2079 1927 Eccle-B

2192 1902 2211 1936 1
2252 1884 2362 1949 λῶς
2398 1836 2761 1956 κρατοῦντες,
2798 1884 3006 1955 μηδένα
3046 1836 3412 1954 βατζιίξεσθαι
3440 1836 3716 1939 δύναστθαι

492 1995 511 2029 1
555 1978 637 2032 sia
667 1975 786 2030 sola
816 1974 1150 2030 celebretur.
1178 1970 1457 2041 Scriptum
1501 1978 1586 2024 est
1639 1968 1829 2023 enim:
1876 1985 1893 2018 1
1923 1966 2005 2021 ille

2189 1996 2207 2025 1
2248 1976 2355 2042 ἔξω
2385 1977 2487 2046 τῆς
2525 1976 2828 2048 καθολικῆς
2869 1977 3232 2048 Ἐκκλησίαςο
3270 1978 3389 2038 ἐνὸς
3422 1978 3578 2040 ὄντος
3614 1979 3721 2048 βα-

494 2089 513 2124 1
552 2070 895 2139 reliquerunt
951 2062 1157 2120 fontem
1216 2076 1375 2133 aquae
1413 2061 1572 2127 vivae,
1636 2067 1690 2115 et
1747 2056 2006 2112 foderunt

2192 2090 2212 2123 1
2265 2071 2592 2141 πτίσματος,
2627 2072 2724 2124 καὶ
2775 2072 2833 2123 ἐν
2867 2069 3004 2142 μόνῃ
3054 2073 3121 2142 τῇ
3166 2069 3435 2142 καθολικῇ
3476 2069 3722 2141 Ἐκκλη-

494 2183 514 2218 1
551 2162 657 2219 sibi
684 2162 957 2217 cisternas
985 2157 1319 2230 perforatas,
1345 2169 1470 2227 quae
1496 2167 1694 2225 aquam
1719 2151 2007 2208 continere

2192 2184 2210 2217 1
2254 2165 2347 2236 σία
2378 2165 2737 2236 ὑπάρχοντος.
2773 2144 3091 2236 Γέγραπται
3120 2164 3258 2236 γὰρ,
3294 2182 3314 2216 1
3362 2158 3499 2234 Ἕμέ
3541 2165 3728 2233 ἐγκα-

492 2275 513 2310 1
551 2265 830 2327 nequeunt
881 2254 949 2311 ⁷⁸.
984 2272 1002 2305 ι
1040 2252 1102 2308 Ει
1137 2266 1333 2307 rursus
1360 2264 1522 2306 sacra
1567 2247 1857 2318 Scriptura
1903 2246 2009 2300 hoc

2193 2273 2211 2307 1
2254 2256 2477 2309 τέλιπον
2505 2256 2691 2327 πηγὴν
2721 2254 2917 2320 ὕδατος
2942 2256 3166 2321 ζῶντος,
3201 2256 3297 2308 καὶ
3323 2255 3546 2327 ὤρυξαν
3575 2257 3725 2310 ἑαυ-

498 2368 517 2403 1
557 2347 990 2421 prmsiguiﬂcans
1038 2345 1206 2402 dicit:
1248 2362 1266 2395 1
1298 2345 1381 2399 Ab
1425 2357 1566 2414 aqua
1614 2341 1794 2396 aliena
1843 2339 2012 2394 absti-

2193 2367 2211 2400 1
2256 2332 2371 2412 τοῖς
2438 2348 2679 2412 λάκκους
2750 2348 3278 2419 συντετριμμένους,
3330 2349 3457 2411 τοὺς
3500 2348 3580 2419 μὴ
3624 2348 3733 2401 δυ-

501 2463 519 2496 1
565 2453 710 2512 nete,
748 2451 804 2499 et
836 2457 903 2497 ex
949 2439 1100 2495 fonte
1151 2439 1330 2494 alieno
1376 2453 1445 2493 ne
1499 2436 1690 2492 bibite.
1735 2454 1753 2486 ι
1785 2433 2011 2503 Oportet

2193 2462 2211 2495 1
2255 2443 2523 2513 ναμένους
2580 2438 2743 2514 ὕδωρ’
2772 2444 3018 2513 συσχεῖν.
3065 2461 3083 2493 ι
3153 2441 3266 2496 Καὶ
3304 2442 3525 2512 πάλινὴ
3582 2442 3731 2510 ἁγία

501 2558 517 2590 1
546 2546 727 2592 autem
766 2548 963 2604 aquam
1009 2532 1252 2604 primum
1308 2529 1533 2601 purgari
1570 2539 1624 2584 et
1668 2525 2010 2581 sanctilicari

2195 2555 2213 2588 1
2255 2536 2448 2606 Γραφή
2504 2535 2899 2606 προμηνύουσα
2930 2535 3079 2604 λέγει
3104 2551 3118 2565 ο
3152 2552 3171 2586 1
3213 2533 3350 2587 Ἀπὸ
3395 2533 3592 2598 ὓδατος
3623 2536 3732 2587 ἀλ-

495 2649 513 2681 1
554 2647 581 2685 a
643 2630 975 2693 sacerdote,
1033 2634 1093 2681 ut
1157 2626 1333 2697 possit
1385 2624 1610 2695 proprio
1676 2621 2012 2691 baptismate

2195 2649 2214 2683 1
2254 2629 2469 2700 λοτρίου
2503 2627 2799 2697 ἀπέχεσθε,
2829 2627 2924 2681 καὶ
2950 2627 3061 2681 ἀπὸ
3101 2627 3283 2697 πηγῆς
3311 2625 3610 2701 ἀλλοτρίας
3639 2627 3726 2699 μὴ

498 2741 517 2773 1
564 2720 827 2786 hominis,
861 2719 957 2788 qui
1000 2716 1341 2788 baptizatur,
1379 2721 1606 2784 peccata
1662 2711 1909 2766 abluere.
1948 2708 2013 2763 Et
2196 2741 2214 2776 ι
2250 2720 2438 2794 πίητε,
2481 2740 2499 2774 ,
2550 2723 2643 2774 Δεῖ
2699 2720 2757 2773 δὲ
2790 2718 3195 2790 καθαρίζεσθαι
3228 2719 3323 2774 καὶ
3383 2720 3721 2789 ἀγιάςεσθαι

496 2833 513 2866 1
556 2828 650 2884 per
698 2809 1059 2866 lezecbielem
1107 2809 1435 2878 prophetam
1484 2805 1618 2862 dicit
1688 2803 2009 2858 Dominus:

2196 2836 2214 2869 1
2259 2815 2320 2869 τὸ
2359 2815 2504 2885 ὕδωρ
2533 2815 2751 2883 πρῶτον
2776 2815 2882 2868 ὑπὸ
2911 2814 3004 2868 τοῦ
3035 2813 3247 2880 ἱερέως,
3278 2813 3366 2868 ἵνα
3396 2814 3607 2887 δυνηθῇ
3639 2814 3724 2885 τῷ

498 2928 517 2961 1
552 2908 617 2962 Et
645 2922 931 2977 aspergam
967 2920 1063 2959 vos
1088 2919 1230 2974 aqua
1267 2918 1425 2974 pura,
1469 2911 1521 2957 et
1581 2901 1863 2955 mundabo
1891 2914 2010 2963 vos,

2198 2924 2218 2959 1
2271 2904 2383 2977 ίδίῳ
2414 2904 2760 2975 βαπτίσματι
2789 2905 2891 2968 τὰς
2914 2905 3192 2975 ἁμαρτίας
3220 2903 3317 2957 τοῦ
3378 2904 3726 2975 βαπτιζομέ-

492 3019 510 3052 1
552 3009 605 3055 et
641 3000 785 3054 dabo
824 2998 980 3052 vobis
1007 3012 1103 3051 cor
1155 3011 1381 3060 novum,
1413 3004 1468 3051 et
1511 2995 1770 3064 spiritum
1807 3007 2012 3047 novum

2198 3017 2216 3050 1
2256 3014 2347 3052 νου
2401 2996 2691 3064 ἀνθρώπου
2757 2996 3098 3069 ἁποσμῆξαι.
3139 3016 3157 3051 ι
3187 2998 3288 3052 Διά
3335 3015 3397 3051 τε
3451 2998 3727 3069 Ἰεζεκιὴλ

495 3111 515 3144 1
554 3093 699 3147 dabo
736 3090 893 3144 vobis
922 3088 1100 3142 ⁷⁹⁶⁸⁰.›
1129 3087 1415 3153 Quomodo
1444 3096 1625 3143 autem
1649 3100 1851 3156 aquam
1885 3098 2016 3155 pur-

2197 3112 2216 3145 1
2267 3091 2362 3145 τοῦ
2429 3092 2716 3163 προφήτου
2775 3090 2925 3160 λέγει
2978 3090 3216 3160 Κύριος·
3253 3110 3271 3142 1
3312 3091 3422 3145 Καὶ
3476 3092 3733 3162 ῥαντίσω

500 3204 519 3236 1
560 3200 688 3257 gare
717 3191 770 3238 et
802 3180 1157 3237 sanctiﬁcare
1190 3187 1392 3250 potest,
1457 3180 1553 3250 qui
1616 3180 1730 3247 ipse
1784 3185 1868 3232 est
1908 3177 2078 3256 im-C

2191 3204 2210 3238 1
2251 3186 2397 3255 ὑμᾶς
2462 3183 2692 3255 καθαρῷ
2730 3183 2910 3248 ὕδατι,
2950 3185 3047 3239 καὶ
3104 3184 3355 3255 καθαριῶ
3389 3185 3555 3255 ὑμᾶς,
3629 3184 3732 3237 καὶ

501 3296 517 3330 1
553 3275 813 3339 mundus,
851 3282 904 3327 et
925 3272 1136 3343 Spiritu
1170 3282 1367 3326 sancto
1402 3269 1745 3327 destitutus?
1794 3278 1850 3324 et
1882 3285 2008 3323 cum

2191 3298 2209 3333 1
2248 3278 2405 3333 δώσω
2458 3280 2588 3349 ὑμῖν
2644 3276 2873 3347 καρδίαν
2913 3276 3125 3348 καινὴν,
3152 3277 3248 3331 καὶ
3276 3277 3496 3347 πνεῦμα
3531 3280 3734 3330 καινὸν

500 3391 519 3424 1
555 3372 702 3425 dicat
737 3368 1003 3422 Dominus
1060 3367 1115 3421 in
1165 3365 1457 3420 Numeris:
1498 3383 1516 3415 1
1548 3366 1611 3419 Et
1667 3363 1853 3419 omnia
1887 3378 2011 3433 qua:

2193 3392 2211 3425 1
2251 3372 2409 3425 δώσω
2436 3372 2618 3442 ὑμῖν.)
2645 3370 2768 3432 Πῶς
2792 3370 2850 3423 δὲ
2869 3370 3095 3424 δύναται
3120 3370 3414 3441 καθαρίσαι
3434 3372 3530 3423 καὶ
3554 3371 3734 3439 ἁγιά-

502 3482 522 3517 1
560 3472 745 3531 tanget
796 3461 1136 3523 immundus,
1174 3458 1459 3513 immunda
1508 3456 1774 3521 erunt“;
1814 3474 1833 3508 ›
1874 3471 2011 3525 quo-

2194 3481 2213 3515 1
2260 3480 2350 3516 σαι
2379 3461 2525 3531 ὕδωρ
2562 3465 2589 3515 ὁ
2647 3462 2967 3533 ἀκάθαρτος
3018 3461 3094 3515 ὣν
3119 3462 3300 3528 αὐτὸς,
3362 3462 3459 3515 καὶ
3515 3462 3654 3531 παρ’
3682 3456 3734 3532 ᾧ

504 3575 523 3610 1
565 3555 728 3610 modo
762 3560 945 3626 potest
982 3552 1274 3623 baptizans
1302 3551 1437 3606 dare
1492 3550 1584 3604 alii
1624 3548 2008 3604 remissionem

2195 3576 2213 3608 1
2257 3554 2482 3624 Πνεῦμα
2537 3554 2695 3623 ἅγιον
2740 3556 2842 3609 οὐκ
2867 3554 3019 3622 Ean;
3063 3555 3317 3625 λέγοντος
3346 3556 3460 3610 ’τοῦ
3507 3557 3730 3626 Κυρίου

506 3669 524 3701 1
558 3659 932 3720 peccatorum,
979 3644 1073 3714 qui
1128 3660 1235 3698 non
1285 3650 1470 3713 potest
1517 3642 1741 3714 propria
1787 3650 2012 3712 peccata

2194 3666 2213 3699 1
2256 3649 2316 3700 ἐν
2353 3649 2468 3711 τοῖς
2502 3647 2819 3718 ’Λριθμοῖς’
2858 3668 2877 3701 1
2914 3650 3026 3704 Καὶ
3071 3649 3292 3703 πάντων
3326 3643 3402 3703 ὧν
3437 3649 3643 3719 ἅψεται
3700 3652 3733 3704 ὁ

505 3765 523 3799 1
554 3756 707 3800 extra
750 3743 1055 3798 Ecclesiam
1090 3738 1414 3794 dimittere?
1461 3736 1567 3792 Sed
1602 3747 1654 3793 et
1682 3737 1801 3807 ipsa
1844 3735 2014 3789 inter-

2197 3759 2214 3791 1
2255 3740 2586 3811 ἀκάθαρτος,
2629 3740 2915 3813 ἀκάθαρτα
2972 3742 3148 3797 ἔσται.
3185 3761 3204 3794 ι
3253 3743 3377 3805 Πῶς
3440 3742 3730 3812 βαπτίζων

504 3860 523 3893 1
557 3840 791 3909 rogatio,
824 3850 946 3906 quae
979 3833 1036 3888 lit
1068 3834 1532 3902 baptismate,est
1555 3830 1712 3885 testis
1740 3828 2014 3883 veritatis.

2198 3853 2215 3885 1
2255 3833 2480 3887 δύναται
2508 3833 2654 3905 ἄλλῳ
2675 3833 2857 3887 δοῦναι
2877 3834 3072 3904 ἄφεσιν
3096 3835 3385 3906 ἁμαρτιῶν
3405 3837 3433 3888 ὁ
3457 3836 3533 3904 μὴ
3561 3835 3730 3906 δυνη-

506 3953 526 3986 1
560 3931 818 3986 Dieentes
850 3927 996 3982 enim
1024 3926 1074 3981 ei
1107 3925 1203 3995 qui
1258 3923 1611 3978 examinatur
1651 3938 1665 3976 :
1708 3922 1905 3977 Credis
1937 3920 2017 3974 vi-

2201 3944 2218 3976 1
2258 3923 2373 3986 θεὶς
2395 3925 2464 3978 τὰ
2513 3925 2622 3977 ἴδια
2678 3925 3056 3997 ἁμαρτήματα
3098 3926 3203 3990 ἔξω
3234 3927 3333 3995 τῆς
3388 3927 3726 3996 Ἐκκλησίας

507 4046 525 4078 1
565 4038 674 4080 tam
736 4032 1004 4076 aeternam
1064 4026 1121 4073 et
1186 4016 1574 4071 remissionem
1660 4024 2017 4085 peccatorum

2202 4033 2221 4066 1
2263 4014 2564 4068 ἀποθέσθαι
2589 4033 2602 4081 ;
2631 4013 2794 4068 Ἀλλὰ
2830 4016 2923 4068 καὶ
2956 4015 3095 4087 αὑτὴ
3132 4018 3164 4087 ἡ
3220 4016 3516 4087 ἐρώτησις,
3574 4020 3607 4088 ή
3668 4022 3727 4070 ἐν

506 4139 523 4172 1
562 4113 856 4187 accipere?
890 4113 1028 4167 nihil
1062 4110 1209 4165 aliud
1251 4110 1508 4176 dicimus,
1541 4124 1708 4179 quam
1758 4106 1908 4176 quod
1964 4106 2019 4161 in

2202 4123 2221 4157 1
2259 4104 2337 4176 τῷ
2406 4103 2745 4174 βαπτίσματι
2806 4104 3114 4176 γινομένη,
3165 4106 3380 4177 μάρτυς
3441 4107 3563 4160 ἐστὶ
3612 4112 3719 4178 τῆς

509 4232 527 4263 1
568 4209 847 4266 catholica
875 4205 1127 4261 Ecclesia
1152 4204 1267 4258 haec
1295 4204 1413 4258 dari
1447 4209 1701 4274 possunt.
1726 4199 1885 4272 Apud
1906 4200 2015 4254 lia:-

2206 4217 2224 4250 1
2261 4196 2542 4267 ἀληθείας.
2573 4198 2845 4266 Λέγοντες
2898 4197 3008 4267 γὰρ
3040 4197 3118 4268 τῷ
3158 4197 3556 4270 ἐξεταζομένῳ,
3618 4201 3729 4254 Πι-

506 4325 527 4357 ‹
564 4306 768 4359 rcticos
823 4312 1029 4362 autem,
1071 4297 1161 4351 ubi
1216 4296 1463 4350 Ecclesia
1526 4311 1634 4348 non
1681 4303 1788 4359 est,
1827 4290 2021 4347 haberi

2206 4310 2224 4343 1
2268 4290 2483 4353 στεύεις
2569 4290 2768 4344 ἀώνιον
2826 4288 2973 4363 ζωὴν
3032 4293 3129 4346 καὶ
3178 4292 3377 4363 ἄφεσιν
3429 4296 3728 4366 ἁμαρτιῶν

511 4419 530 4451 1
564 4414 670 4452 non
702 4401 882 4465 potest
924 4399 1276 4461 peccatorum
1315 4386 1597 4441 remissio.
1633 4383 1700 4437 Et
1754 4384 1879 4439 ideo
1928 4385 2022 4454 qui

2207 4406 2225 4440 1
2266 4388 2609 4459 λαμϐάνειν;
2655 4387 2758 4441 οὐκ
2794 4388 2925 4443 ἄλλο
2955 4406 3007 4441 τι
3031 4388 3264 4460 λέγομεν
3327 4392 3375 4445 εί
3409 4391 3486 4463 μὴ
3530 4394 3612 4446 ὅτι
3666 4395 3729 4446 ἐν

508 4507 528 4539 1
569 4487 951 4538 haereticorum
969 4479 1338 4545 patrocinium
1356 4474 1687 4544 suscipiunt,
1708 4473 1794 4528 vel
1825 4472 2035 4558 debent.
2059 4544 2102 4558 ﬁ

2212 4500 2231 4534 1
2267 4486 2331 4552 τῇ
2364 4480 2626 4552 καθολικῇ
2670 4480 2972 4552 Ἐκκλησία
3005 4481 3228 4548 δοθῆναι
3253 4482 3499 4539 δύναται.
3561 4485 3730 4555 Παρὰ

512 4597 531 4621 ι
571 4572 1062 4643 interrogationem
1100 4577 1337 4631 mutare,
1381 4565 1465 4619 vel
1502 4565 1792 4619 veritatem
1859 4548 2035 4635 tueri;
2059 4544 2106 4601 Ῐ)

2216 4595 2233 4628 1
2274 4575 2331 4628 δὲ
2359 4578 2472 4638 τοῖς
2511 4576 2836 4645 αίρετικοῖς,
2867 4575 3005 4630 ὅπου
3072 4576 3372 4646 Ἐκκλησία
3402 4576 3505 4629 οὐκ
3549 4576 3728 4643 ἔστιν,

517 4693 536 4725 1
576 4672 813 4727 Necesse
839 4665 1116 4722 cstetiam
1172 4675 1325 4725 eum,
1380 4657 1475 4729 qui
1534 4658 1854 4729 baptizatus
1920 4669 2025 4721 est,

2211 4688 2229 4721 1
2274 4668 2538 4722 ἀδύνατον
2570 4670 2991 4741 ἁμαρτημάτων
3023 4670 3221 4739 ἄφεσιν
3267 4670 3475 4725 λαϐεῖν.
3505 4670 3609 4725 Καὶ
3636 4672 3732 4726 διὰ

512 4790 532 4821 1
571 4768 790 4835 inungi,
821 4774 884 4822 ut
914 4750 1146 4829 accepta
1182 4750 1471 4819 unctiOne,
1515 4754 1608 4808 ﬁat
1661 4753 1867 4810 Christi
1904 4770 2027 4820 gra-

2211 4780 2230 4814 1
2272 4762 2434 4816 τοῦτο
2455 4763 2506 4815 οί
2536 4763 2643 4815 τῶν
2668 4760 2960 4831 αἰρετικῶν
2988 4763 3284 4833 συνήγοροι
3315 4762 3346 4833 ἢ
3377 4763 3477 4835 τὴν
3508 4764 3731 4831 ἐπερώ-

512 4880 535 4914 ς
576 4862 662 4915 ua:
696 4844 1002 4929 particeps.
1066 4845 1437 4904 Sanctiﬁcare
1472 4856 1656 4901 autem
1702 4847 1884 4900 oleum
1920 4864 2027 4902 non

2213 4872 2231 4906 1
2272 4871 2431 4923 τησιν
2474 4852 2767 4919 ἐναλλάξαι
2824 4852 3155 4921 ὀφείλουσιν,
3220 4855 3253 4925 ἢ
3304 4856 3406 4924 τὴν
3462 4853 3732 4926 ἀλήθειαν

514 4974 539 5006 1
577 4959 757 5025 potest
816 4934 1132 5021 haereticus,
1169 4943 1261 5012 qui
1298 4954 1400 4994 nec
1457 4940 1631 4994 altare
1677 4940 1863 5006 habet,
1928 4957 2029 4995 nec

2214 4965 2233 4998 1
2272 4946 2578 5017 ἐκδικῆσαι.
2623 4946 2865 5016 ’Δνὰγκη
2892 4946 2947 4999 δέ
2981 4948 3102 5000 ἐστι
3158 4947 3413 5017 χρίεσθαι
3474 4950 3565 5002 τὸν
3634 4947 3737 5019 βε-

520 5068 538 5099 1
574 5041 900 5102 Ecclesiam.
929 5036 1051 5093 Non
1083 5044 1261 5108 potest
1291 5044 1478 5091 autem
1506 5036 1736 5090 omnino
1782 5035 2026 5091 chrisma

2212 5057 2230 5090 1
2272 5038 2665 5108 ϐαπτισμένον,
2716 5036 2805 5091 ἵνα
2849 5037 3031 5093 λαϐὼν
3057 5041 3263 5110 χρίσμα
3295 5042 3524 5112 μέτοχος
3558 5041 3731 5110 γένη-

508 5161 537 5193 -1
581 5152 709 5195 esse
741 5135 884 5206 apud
913 5133 1225 5187 liaareticos.
1262 5130 1436 5185 Nobis
1471 5128 1618 5184 enim
1649 5129 1863 5184 clarum
1917 5134 2025 5195 est,

2212 5150 2231 5184 1
2268 5132 2633 5203 ταιΧριστοῦ.
2671 5132 2921 5201 Ἀγιάσαι
2943 5133 2999 5186 δὲ
3024 5133 3202 5187 ἔλαιον
3233 5134 3293 5187 οὐ
3327 5134 3554 5188 δύναται
3584 5136 3612 5187 ὁ
3641 5137 3734 5186 αἱ-

508 5253 537 5286 1
569 5230 724 5287 nullo
749 5225 912 5283 modo
942 5227 1082 5294 apud
1107 5226 1231 5278 illos
1263 5222 1605 5278 sanctiﬁcari
1640 5236 1806 5293 posse
1839 5221 2024 5276 oleum

2214 5243 2233 5277 1
2280 5226 2515 5296 ρετικδς,
2538 5226 2567 5278 ὁ
2601 5224 2736 5293 μήτε
2759 5224 3145 5294 θυσιαστήριον
3170 5223 3329 5294 ἔχων,
3363 5223 3503 5294 μήτε
3528 5223 3738 5293 ἐκκλη-

526 5344 544 5374 1
592 5320 660 5376 ad
722 5319 1022 5390 gratiarum
1086 5315 1384 5369 actionem.
1418 5312 1574 5368 Scire
1634 5314 1781 5368 enim
1820 5322 1875 5369 et
1921 5328 2030 5367 non

2216 5335 2235 5369 1
2276 5317 2429 5371 σίαν’
2463 5318 2525 5373 οὐ
2588 5317 2811 5373 δύναται
2842 5318 2897 5371 δὲ
2929 5319 3138 5388 χρίσμα
3172 5318 3231 5371 τὸ
3263 5318 3532 5388 παράπαν
3577 5318 3740 5389 παρὰ

496 5420 546 5468 “‹
582 5415 837 5485 ignorare
857 5412 1120 5466 debemus
1159 5410 1304 5480 quod
1336 5409 1606 5477 scriptum
1637 5415 1760 5462 est:
1794 5426 1810 5457 1
1837 5404 2029 5461 Oleum

2217 5431 2234 5464 1
2272 5414 2383 5474 τοῖς
2411 5412 2709 5480 αἱρετικοῖς
2744 5394 2913 5465 ¹εῖναι.
2955 5410 3227 5481 Πρόδηλον
3244 5394 3364 5479 γάρ
3394 5410 3551 5461 ἐστιν
3592 5409 3735 5476 ἡμῖν

522 5525 546 5560 1
584 5505 892 5577 peccatoris
938 5516 1049 5555 non
1110 5501 1414 5570 impinguet
1459 5507 1625 5569 caput
1692 5513 1874 5553 meum
1904 5498 1972 5551 ⁸³.
2008 5516 2025 5549 ι

2218 5521 2237 5554 1
2282 5503 2550 5573 μηδαμῶς
2600 5502 2863 5556 δύνασθαι
2932 5502 3065 5573 παρ’
3118 5502 3352 5564 ἐκείνοις
3405 5501 3738 5569 ἁγιάζεσθαι

525 5618 545 5652 1
583 5597 743 5664 Quod
786 5594 1009 5665 quidem
1050 5594 1213 5647 etiam
1244 5592 1374 5647 olim
1437 5590 1768 5662 signiﬁcavit
1802 5600 2033 5647 sanctus

2217 5615 2237 5647 1
2281 5597 2461 5648 ἔλαιον
2515 5596 2596 5660 είς
2650 5595 3029 5666 εὐχαριστέαν.
3085 5595 3297 5648 Είδέναι
3340 5594 3450 5667 γὰρ
3500 5595 3592 5648 καὶ
3657 5594 3739 5665 μὴ

524 5710 545 5744 1
584 5690 826 5761 Spiritus
865 5692 919 5741 in
971 5686 1227 5752 Psalmis,
1290 5701 1359 5740 ne
1429 5685 1573 5739 forte
1625 5683 1899 5740 abductus
1956 5686 2031 5740 sit

2221 5707 2238 5739 1
2278 5690 2495 5758 ἀγνοεῖν
2552 5688 2845 5759 ὀφείλομεν
2900 5689 2984 5741 ὅτι
3039 5688 3376 5760 γέγραπται,
3449 5706 3469 5742 1
3512 5688 3739 5745 Ἐλαιον

510 5873 562 5910 u
583 5874 789 5932 ,ιρι-ραι.
830 5891 890 5943 ιι,
929 5874 1014 5930 15.
1127 5871 1465 5928 "-“Ezecli.
1499 5888 1683 5942 xxxvr,
1738 5871 1832 5941 25,
1858 5872 1952 5930 26.
2060 5871 2107 5954 ξί

1542 5888 1683 5942 xxvr,
1738 5871 1832 5941 25,
1858 5872 1952 5930 26.
2060 5871 2107 5954 ξι
2136 5872 2302 5932 Num.
2342 5890 2455 5943 xrx,
2484 5874 2576 5929 9.2.
2688 5872 2733 5904 θ’
2757 5871 2903 5931 Psal.
2936 5888 3060 5942 CXL,
3088 5875 3144 5930 5.
