4056 6458
405 361 542 431 1101

477 497 495 527 1
538 472 867 545 άμαρτωλοῦ
922 470 998 542 μὴ
1020 467 1303 524 λιπανάτω
1333 466 1433 540 τὴν
1493 466 1736 536 κεφαλήν
1794 480 1922 535 μου.
1965 480 1982 511 ι
2020 466 2064 535 Α

479 588 497 622 1
546 570 613 621 Ὃ
646 567 710 637 δὴ
742 568 837 621 καὶ
872 565 1041 620 πάλαι
1072 563 1315 633 ἐμήνυσε
1349 562 1409 615 τὸ
1463 559 1691 628 Πνεῦμα
1720 556 1782 610 τὸ
1834 555 1989 623 ἅγιον

485 683 501 714 1
549 663 608 715 ἐν
623 659 904 729 Ψαλμοῖς,
937 658 1135 727 μήπως
1165 653 1479 724 ἐξιχνιασθῇ
1511 669 1617 715 τις,
1649 653 1744 702 καὶ
1769 648 1990 715 ὑπὸτῆς

486 774 503 803 1
544 752 763 813 εὐθείας
826 748 950 803 ὁδοῦ
981 747 1277 816 πλανηθεὶς
1340 746 1494 816 παρά
1551 744 1664 805 τοῖς
1695 740 1991 813 αἱρετικοίς

480 864 499 895 1
545 845 657 906 τοῖς
695 840 790 894 τοῦ
856 838 1096 910 Χριστοῦ
1127 837 1448 898 ἀντιπάλοις
1482 832 1709 902 χρισθῇ.
1767 830 1896 892 Πῶς
1935 828 1991 881 δέ

484 955 501 986 1
539 932 757 996 εὔξεται
814 930 956 1001 ὑπὲρ
1019 928 1113 982 τοῦ
1163 926 1556 999 βαπτισθέντος
1596 926 1718 993 οὐχὶ
1788 921 1988 990 ἱερεὺς,

482 1047 499 1079 ι
540 1027 653 1079 ἁλλ’
726 1023 1007 1095 ἱερόσυλος
1047 1023 1143 1075 καὶ
1188 1018 1536 1091 ἁμαρτωλὸς,
1593 1013 1862 1083 λεγούσης
1894 1009 1991 1079 τῆς

485 1137 503 1170 1
544 1118 769 1186 Γραφῆς
802 1115 884 1170 ὅτι
941 1132 958 1165 ι
1011 1112 1071 1165 Ὁ
1122 1110 1254 1173 Θεὸς
1281 1106 1623 1180 ἁμαρτωλῶν
1653 1105 1753 1158 οὐκ
1781 1101 1990 1166 ἀκούει,

466 1228 505 1259 ιι
541 1207 657 1261 ἀλλ’
679 1206 775 1259 ἐάν
813 1220 896 1267 τις
947 1200 1211 1271 θεοσεϐὴς
1235 1196 1291 1270 ἦ,
1354 1198 1453 1253 καὶ
1474 1197 1535 1250 τὸ
1560 1195 1775 1267 θέλημα
1824 1190 1991 1247 αὑτοῦ

489 1321 507 1353 1
548 1302 703 1370 ποιῇ,
736 1297 934 1352 τούτου
957 1294 1180 1361 ἀκούεις
1221 1313 1239 1346 ι
1272 1294 1371 1346 Διά
1398 1291 1495 1362 τῆς
1558 1289 1719 1358 ἁγίας
1768 1287 1996 1356 Ἐκκλη-

486 1411 505 1444 1
552 1392 676 1454 σίας
715 1388 944 1458 νοοῦμεν
972 1387 1169 1455 ἄφεσιν
1225 1381 1516 1455 ἁμαρτιῶν
1552 1396 1564 1409 °
1617 1380 1700 1444 τίς
1741 1379 1797 1432 δὲ
1835 1378 1995 1430 δύνα-

484 1504 499 1532 1
542 1503 633 1538 ται
664 1482 852 1535 δοῦναι
879 1482 1015 1551 ὅπερ
1055 1479 1223 1541 αὐτὸς
1252 1479 1354 1531 οὐκ
1385 1476 1532 1547 Extat;
1563 1475 1597 1547 ἢ
1631 1475 1747 1537 πῶς
1770 1472 1993 1537 δύναται

486 1597 501 1628 1
548 1574 897 1645 πνευματικὰ
945 1571 1281 1643 ἐργάζεσθαι
1320 1569 1349 1620 ὁ
1409 1564 1707 1623 ἀποϐαλὼν
1767 1560 1996 1631 Πνεῦμα

487 1690 504 1721 1
541 1669 737 1737 ἀγιον;
796 1666 898 1719 Διὰ
954 1664 1114 1718 τοῦτο
1179 1662 1271 1717 καὶ
1332 1658 1691 1715 ἀνανεοῦσθαι
1741 1654 1997 1725 ὀφείλειό

487 1784 504 1815 1
558 1762 694 1830 πρὸς
748 1762 849 1830 τὴν
932 1756 1264 1828 Ἐκκλησίαν
1321 1754 1656 1825 ἐρχόμενος,
1708 1749 1799 1811 ἵνα
1885 1748 1996 1800 ἔσω

489 1872 505 1904 1
550 1854 639 1907 διὰ.
697 1852 806 1904 τῶν
878 1850 1051 1917 ἁγίων
1134 1846 1399 1916 ἀγιασθῇ.

486 1965 502 1996 1
550 1946 633 1998 ὅτι
670 1964 688 1997 1
733 1944 916 2012 ’Ἅγιοι
963 1941 1174 2005 ἔσεσθε,
1228 1939 1413 2003 καθὼς
1453 1936 1567 2004 ἐγὼ
1615 1935 1769 2003 ἅγιός
1794 1935 1933 2004 εἰμι,
1971 1952 1989 1985 ι

488 2057 506 2089 ι
552 2038 703 2106 λέγει
744 2035 977 2107 Κύριος.
1005 2034 1129 2087 Ἵνα
1154 2035 1251 2087 καὶ
1286 2035 1314 2086 ὁ
1337 2032 1517 2102 πλάνῃ
1545 2027 1906 2099 βουκοληθεὶς
1939 2030 1997 2098 ἐν

488 2151 506 2183 1
548 2132 627 2199 τῷ
656 2131 850 2202 άληθεί
881 2130 979 2183 καὶ
999 2127 1449 2197 ἐκκλησιαστικῷ
1507 2122 1851 2195 βαπτίσματι
1904 2122 1999 2174 καὶ

492 2246 509 2278 ι
555 2225 719 2288 αὐτὸς
761 2223 924 2277 τοῦτο
963 2221 1335 2291 ἁποδύσηται,
1377 2220 1525 2281 ὅστις
1558 2218 1693 2288 πρὸς
1727 2216 1861 2269 Θεὸν
1908 2217 2000 2284 ἐρ-

490 2340 508 2371 1
550 2319 778 2388 χόμενος
827 2317 1139 2388 ἄνθρωπος,
1198 2315 1293 2367 καὶ
1351 2312 1503 2382 ἱερέα
1561 2309 1861 2379 ἐπιζητῶν,
1943 2309 2000 2360 ἐν

489 2432 506 2463 1
545 2412 721 2483 πλάνῃ
745 2411 990 2480 εὑρεθεὶς
1013 2407 1276 2480 ἱεροσύλῳ
1311 2406 1640 2478 προσέπεσε.
1672 2402 2001 2471 Δοκιμάζειν

494 2527 511 2555 1
552 2504 659 2574 γάρ
702 2505 819 2555 ἐστι
842 2502 905 2554 τὸ
936 2501 1045 2554 τῶν
1069 2500 1364 2570 αἱρετικῶν
1401 2498 1704 2568 βάπτισμα,
1726 2494 1786 2548 τὸ
1813 2510 2004 2548 συνευ-

493 2613 512 2644 1
552 2594 730 2646 δοκεῖν
756 2594 869 2655 τοῖς
900 2591 994 2645 ὑπ’
1021 2591 1247 2643 ἐκείνων
1272 2587 1759 2659 βεϐαπτισμένοις.
1788 2585 1865 2637 Οὐ
1890 2583 2001 2653 γὰρ

491 2707 508 2737 1
555 2686 780 2738 δύναται
808 2685 867 2739 ἐν
894 2683 1051 2754 μέρει
1083 2680 1461 2752 ὑπερισχύειν.
1496 2680 1559 2732 Εί
1619 2677 1859 2748 ἠδυνήθη
1912 2676 2008 2747 βα-

500 2794 516 2824 1
568 2774 784 2837 πτίσαι,
821 2774 1010 2844 ἴσχυσε
1050 2774 1145 2826 καὶ⁵
1206 2773 1362 2840 ἅγιον
1416 2769 1640 2841 Πνεῦμα
1676 2767 1894 2823 δοῦναι*
1956 2767 2005 2820 εί

501 2886 519 2919 1
565 2868 669 2920 οὐκ
686 2866 953 2936 ἠδυνήθη,
986 2866 1067 2918 ὅτι
1090 2865 1194 2929 ἔξω
1215 2862 1289 2916 ὢν
1320 2863 1545 2932 Πνεῦμα
1562 2860 1714 2929 ἅγιον
1748 2861 1847 2913 οὐκ
1869 2859 2006 2929 ἔχει,

491 2979 509 3011 1
549 2961 609 3013 οὐ
637 2959 861 3014 δύναται
892 2961 983 3012 τὸν
1034 2959 1335 3029 ἐρχόμενον
1372 2956 1655 3028 βαπτίσαι,
1699 2955 1816 3015 ἐνὸς
1855 2954 2008 3016 ὄντος

497 3073 513 3103 1
561 3051 656 3106 ⁴τοῦ
707 3050 1108 3122 βαπτίσματος,
1171 3051 1267 3103 καὶ
1316 3050 1432 3113 ἐνὸς
1481 3048 1634 3109 ὄντος
1697 3044 1793 3099 τοῦ
1849 3045 2007 3113 ἁγίου

495 3166 511 3197 1
558 3144 898 3214 Πνεύματος,
928 3144 1025 3196 καὶ
1052 3144 1183 3213 μιᾶς
1231 3140 1564 3211 Ἐκκλησίας
1604 3137 1712 3194 ὑπὸ
1766 3136 2023 3211 Χριστοῦ,

494 3262 512 3294 1
557 3240 651 3295 τοῦ
680 3240 890 3311 Κυρίου
910 3240 1069 3310 ἡμῶν
1089 3239 1275 3293 ἐπάνω
1309 3238 1519 3307 Πέτρου
1550 3237 1644 3289 τοῦ
1674 3233 2000 3299 ἀποστόλου,

494 3354 511 3387 1
568 3333 810 3404 ἀρχῆθεν
877 3330 1154 3400 λέγοντος,
1190 3331 1441 3401 ἐνάτητος
1503 3329 1999 3400 τεθεμελιωμένης.

495 3444 511 3475 1
553 3425 662 3478 Kal.
713 3423 803 3476 διά
843 3422 1003 3475 τοῦτο
1031 3422 1100 3474 τὰ
1146 3422 1239 3473 ὑπ’
1289 3420 1471 3473 αὐτῶν
1516 3421 1784 3487 γινόμενα
1826 3417 1999 3488 ψευδῆ

495 3538 510 3566 1
551 3516 645 3569 καὶ
677 3519 810 3569 κενὰ
836 3516 1153 3585 ὑπάρχοντα
1182 3514 1360 3567 πάντα
1393 3513 1541 3566 ἐστὶν
1568 3513 1826 3583 ἀδόκιμα.
1868 3510 2004 3564 Οὐδὲ

493 3626 510 3659 ι
553 3607 660 3677 γὰρ
690 3606 913 3661 δύναται
937 3607 1126 3659 δεκτόν
1166 3607 1260 3659 καὶ
1282 3604 1499 3676 αἱρετὸν
1542 3599 1679 3657 εἶναι
1709 3603 1863 3673 παρά
1886 3601 2004 3672 Θεῷ

496 3720 511 3751 1
549 3698 656 3750 τῶν
690 3698 781 3751 ὑπ’
831 3696 1058 3751 ἐκείνων
1090 3696 1423 3766 γινομένων,
1464 3695 1624 3763 οὒςιὸ
1654 3694 1859 3763 Κύριος
1917 3709 2006 3747 πο·

498 3810 515 3841 1
556 3792 780 3861 λεμίους
838 3791 932 3843 καὶ
980 3789 1316 3851 ἀντιπάλους
1355 3787 1520 3841 αὐτοῦ
1580 3788 1728 3855 λέγει
1785 3789 1843 3838 ἐν
1893 3789 2005 3848 τοῖς

466 3940 469 3945 ,
498 3903 515 3934 1
546 3881 951 3951 ,Εὐαγγελίοιςο
993 3899 1010 3932 ι
1037 3880 1097 3933 '0
1130 3880 1206 3951 μὴ
1253 3878 1328 3932 ὢν
1378 3879 1495 3951 μετ’
1521 3878 1656 3948 ἐμοῦ
1690 3878 1809 3931 κατ’
1866 3875 2004 3944 ἐμοῦ

499 3997 515 4026 1
567 3976 708 4041 ἐστι,
730 3978 828 4029 καὶ
851 3974 984 4044 ὁμὴ
1022 3974 1274 4039 συνάγων
1305 3971 1422 4041 μετ’
1455 3970 1613 4039 ἐμοῦ,
1643 3969 1957 4040 σκορπίζει.
1980 3987 1999 4020 ι

502 4089 519 4119 1
567 4069 720 4120 Καὶὸ
774 4066 1048 4136 μακάριος
1086 4061 1386 4124 ἀπόστολος
1445 4062 1725 4129 Ἰωάννης,
1788 4060 2010 4123 ἐντολάς

504 4180 523 4211 1
569 4159 778 4230 Κυρίου
840 4158 1048 4228 τηρῶν,
1087 4157 1144 4209 ἐν
1174 4159 1241 4226 τῇ
1298 4155 1588 4224 Ἐπιστολῇ
1640 4151 2005 4222 προέγραψεν·

497 4274 515 4304 1
568 4251 880 4306 -Ἢκούσατε
910 4252 993 4303 ὅτι
1020 4249 1404 4320 ὁάντίχριστος
1424 4247 1663 4317 ἔρχεται,
1696 4244 1791 4298 καὶ
1816 4245 1911 4296 νῦν
1955 4243 2011 4296 δὲ

502 4366 520 4397 ‹
566 4345 900 4415 ἀντίχριστοι
961 4342 1144 4396 πολλοὶ
1174 4341 1467 4410 γεγόνασιν
1511 4338 1635 4391 ὅθεν
1670 4337 2011 4406 γινώσκομεν

506 4460 521 4487 1
570 4439 650 4489 ὅτι
686 4437 891 4506 ἐσχάτη
912 4434 1030 4506 ὥρα
1057 4435 1229 4487 ἐστίν.
1269 4454 1286 4484 ι
1333 4433 1424 4496 Ἐξ
1445 4430 1604 4503 ἡμῶν
1631 4430 1870 4501 ἐξῆλθον,
1897 4429 2011 4483 ἀλλ’

504 4553 521 4581 1
571 4530 672 4582 οὐκ
729 4525 873 4601 ἦσαν
937 4527 1057 4598 μεθ’
1107 4532 1290 4598 ἡμιλιν,
1363 4527 1487 4580 ὅθεν
1548 4526 1642 4577 καὶ
1684 4526 1844 4594 ἡμεῖς
1883 4540 2011 4575 συν-
2047 4557 2093 4614 D

503 4642 519 4672 1
564 4622 697 4674 ιέναι
727 4621 1021 4688 ὀφείλομεν
1048 4620 1141 4673 καὶ
1182 4622 1344 4686 νοεῖν,
1373 4621 1423 4672 εἰ
1463 4620 1512 4671 oi
1548 4617 1733 4689 ἐχθροὶ
1778 4617 2009 4686 Κυρίου,

505 4735 521 4764 1
574 4715 670 4766 καὶ
704 4714 755 4765 oi
794 4713 1136 4783 ἀντίχριστοι
1193 4710 1603 4781 ὠνομασμένοι,
1660 4710 1879 4764 δυνατοὶ
1911 4710 2013 4763 οὐκ

504 4828 523 4860 1
566 4807 678 4861 εἷεν
709 4809 873 4877 χάριν
911 4806 1100 4860 δοῦναι
1155 4808 1249 4859 τοῦ
1302 4807 1534 4877 Κυρίου,
1564 4806 1661 4859 καὶ
1711 4806 1802 4858 διὰ
1855 4804 2014 4858 τοῦτο

505 4920 520 4951 1
565 4901 728 4969 ἡμεῖς
773 4897 823 4950 oi
861 4899 957 4950 σὺν
981 4896 1172 4967 Κυρίῳ
1204 4898 1397 4961 ἰόντες,
1428 4897 1524 4950 καὶ
1547 4898 1777 4964 ἑνότητα
1805 4896 2012 4968 Κυρίου

506 5012 524 5044 1
572 4992 924 5064 κρατοῦντες,
947 4991 1046 5046 καὶ
1071 4992 1215 5044 κατὰ
1238 4990 1337 5063 τὴν
1357 4992 1515 5057 ἀξίαν
1544 4990 1712 5044 αὑτοῦ
1742 4990 2010 5061 χορηγού-

505 5106 523 5137 1
574 5103 748 5156 μενοι,
774 5087 875 5156 τὴν
907 5084 1180 5156 ἱερατείαν
1206 5085 1375 5138 αὑτοῦ
1402 5085 1460 5137 ἐν
1489 5082 1876 5154 τῇἘκκλησίᾳ
1901 5082 2013 5134 λει-

507 5201 523 5231 1
564 5178 945 5250 τουργοῦντες,
970 5179 1071 5231 ὅσα.
1094 5179 1143 5231 οἱ
1171 5178 1541 5249 ἀντικείμενοι
1563 5175 1736 5247 αὐτῷ,
1759 5178 2011 5229 τουτέοτι
2086 5210 2101 5225 .

508 5294 526 5326 1
569 5275 823 5345 πολέμιοι
872 5275 967 5329 καὶ
1016 5271 1355 5341 ἀντίχριστοι
1408 5272 1686 5334 ποιοῦσιν,
1753 5269 2013 5324 ἀποδοκι-

508 5383 527 5417 1
569 5367 739 5436 μᾶσαι
773 5367 869 5420 καλ⁸
904 5365 1243 5435 άποποιῆσλι
1285 5366 1380 5417 καὶ
1440 5362 1775 5435 ἀπορρίψαι,
1811 5363 1907 5417 καὶ
1933 5363 2008 5425 ὡς

509 5478 527 5511 1
571 5457 777 5529 βέϐηλα
810 5458 979 5529 ἔχειν,
1031 5458 1347 5529 ὀφείλομεν*
1385 5458 1620 5520 καὶτοῖς
1644 5460 1753 5513 ἀπο
1799 5459 2011 5527 πλάνης

1491 1844 1808 1912 Γέγραπται
1862 1841 1993 1911 γὰρ,
2027 1830 2069 1886 Β

1536 355 1619 417 ΙΝ
1660 351 1831 414 CAN.
1868 350 1897 410 Ι
1937 346 2148 411 CONC.
2187 347 2563 409 CARTHAG.
3532 347 3674 413 1192

2171 477 2189 510 1
2230 458 2453 529 aliquis,
2481 468 2534 513 et
2561 473 2590 512 a
2627 464 2776 515 rc'cta
2816 458 3208 525 viaraberrans
3263 456 3408 529 apud
3463 457 3680 514 haereti‘

2169 563 2323 604 1cos
2392 547 2600 604 Christi
2683 548 3035 621 adversarios
3129 549 3454 620 inungatur.
3532 550 3677 615 Quo-

2168 660 2186 691 1
2223 642 2386 697 modo
2410 652 2597 697 autem
2629 657 2728 711 pro
2780 656 2845 697 eo
2896 642 2991 712 qui
3031 642 3341 708 baptizatus
3378 649 3462 696 est
3488 655 3680 709 preca-

2169 754 2186 785 1
2228 734 2398 802 bitur,
2432 750 2541 788 non
2572 735 2854 798 sacerdos,
2889 735 2983 789 sed
3016 735 3344 803 sacrilegus,
3382 742 3440 789 et
3486 747 3682 802 pecca-

2169 848 2187 881 1
2233 828 2353 883 tor?
2419 830 2634 885 dicente
2683 828 2966 899 Scriptura
2994 871 3008 895 ,
3063 831 3209 900 quod
3252 849 3272 881 1
3302 828 3448 885 Deus
3478 842 3681 898 pecca-

2170 940 2187 971 1
2226 930 2370 978 tores
2404 938 2515 977 non
2545 924 2731 978 audit:
2761 922 2859 979 sed
2888 923 2934 977 si
2993 924 3117 992 quis
3172 933 3255 977 est
3286 922 3409 992 pius
3456 937 3521 975 ac
3551 920 3681 973 reli-

2171 1034 2190 1066 1
2227 1016 2440 1085 giosus,
2460 1024 2515 1077 et
2530 1016 2648 1084 ejus
2672 1018 3015 1072 voluntatem
3036 1015 3188 1082 facit,
3210 1032 3332 1072 cum
3353 1015 3508 1070 audit
3532 1014 3583 1045 ⁸³
3606 1013 3629 1067 ‘i
3655 1030 3673 1065 ι

2170 1125 2189 1158 1
2230 1108 2330 1162 Per
2364 1116 2612 1162 sanctam
2642 1108 2949 1169 Ecclesium
2988 1119 3340 1178 peccatorum
3389 1104 3679 1164 remissio-

2168 1219 2190 1251 1
2225 1215 2357 1257 nem,
2388 1201 2785 1270 intellegimus.
2848 1201 2987 1267 Quis
3021 1210 3208 1256 autem
3244 1201 3377 1255 dare
3403 1208 3586 1269 potest
3620 1196 3678 1254 id

2172 1310 2192 1342 1
2231 1292 2378 1361 quod
2435 1292 2553 1361 ipse
2606 1308 2715 1347 non
2777 1292 3098 1349 habet?vel
3163 1291 3447 1362 quomodo
3500 1298 3684 1360 potest.

2171 1404 2190 1435 1
2231 1384 2451 1453 operari
2476 1384 2809 1453 spiritualia,
2852 1386 2946 1455 qui
2979 1382 3247 1454 Spiritum
3282 1388 3532 1437 sanctum
3582 1380 3683 1434 ab-

2176 1474 2397 1546 1jecit?
2437 1474 2504 1530 Et
2535 1476 2662 1531 ideo
2721 1476 2885 1530 etiam
2940 1477 3195 1530 renovari
3242 1473 3422 1540 debet,
3464 1473 3557 1543 qui
3614 1473 3684 1528 ad

2176 1585 2194 1617 1
2232 1566 2534 1622 Ecclesium
2567 1567 2804 1633 accedit,
2836 1575 2897 1622 ut
2946 1568 3099 1621 intus
3130 1582 3232 1636 per
3281 1573 3505 1620 sanctos
3553 1579 3682 1618 san-

2172 1681 2191 1712 1
2231 1660 2527 1723 ctilieetur.
2562 1659 2843 1728 Scriptum
2870 1669 2954 1713 est
2986 1660 3134 1713 enim
3164 1677 3177 1713 :
3212 1678 3229 1711 1
3274 1657 3465 1713 Sancti
3498 1657 3681 1717 eritis,

2174 1773 2195 1805 1
2236 1753 2379 1811 sicut
2409 1761 2462 1808 et
2482 1767 2586 1823 ego
2618 1760 2846 1808 sanctus
2879 1767 3003 1806 sum
3045 1752 3115 1819 ⁸⁸,
3140 1772 3159 1803 1
3200 1753 3337 1807 dicit
3377 1751 3682 1805 Dominus:

2175 1866 2190 1896 1
2232 1852 2292 1907 ut
2326 1843 2416 1913 qui
2452 1844 2511 1898 in
2540 1858 2731 1898 errore
2779 1852 2972 1913 pastus
3011 1852 3117 1908 est,
3166 1844 3221 1897 in
3252 1857 3382 1899 vero
3418 1851 3473 1897 et
3508 1843 3688 1899 eccle-

2179 1961 2197 1989 1
2235 1937 2458 1993 siastico
2509 1939 2840 2009 baptismate
2912 1940 3031 2008 ipse
3082 1953 3305 2010 quoque
3347 1938 3452 1993 hoc
3492 1944 3680 2001 exuat.

2178 2050 2197 2082 1
2237 2031 2331 2101 qui
2363 2032 2529 2086 homo
2562 2031 2629 2087 ad
2662 2031 2830 2087 Deum
2889 2032 3185 2098 accedens,
3224 2038 3279 2087 et
3338 2029 3685 2085 sacerdotem

2171 2142 2197 2178 .1
2241 2139 2529 2193 quaerens,
2592 2125 2647 2178 in
2704 2140 2893 2181 errore
2939 2125 3200 2182 inventus
3257 2123 3312 2179 in
3357 2122 3688 2191 sacrilegum

2171 2236 2199 2269 .1
2249 2217 2460 2274 incidit.
2505 2216 2605 2273 Est
2636 2218 2782 2272 enim
2811 2218 3191 2274 haereticorum
3227 2225 3283 2273 et
3298 2215 3685 2273 schismatico-

2183 2330 2203 2363 1
2247 2327 2367 2366 rum
2398 2311 2636 2367 haaresin
2679 2311 3005 2381 approbare,
3049 2310 3150 2376 eis,
3198 2310 3299 2380 qui
3341 2309 3410 2365 ab
3452 2308 3560 2363 illis
3592 2306 3692 2363 ba-

2182 2426 2198 2457 1
2235 2406 2423 2475 ptizati
2459 2413 2611 2470 sunt,
2658 2406 2992 2460 consentire.
3049 2402 3172 2458 Non
3220 2403 3368 2459 enim
3414 2409 3594 2471 potest
3634 2401 3690 2456 in

2185 2517 2200 2548 1
2245 2509 2396 2567 parte
2418 2499 2621 2553 valere.
2648 2497 2707 2551 Si
2730 2499 2909 2568 potuit
2939 2497 3243 2567 baptizare,
3276 2495 3458 2567 potuit
3477 2505 3533 2551 et
3557 2510 3693 2551 san-

2186 2613 2203 2641 1
2242 2603 2393 2645 ctum
2424 2591 2694 2660 Spiritum
2727 2589 2890 2646 dare:
2931 2591 2976 2645 si
3013 2591 3115 2646 hoc
3154 2604 3266 2644 non
3293 2588 3491 2659 petuit,
3538 2589 3692 2657 quia,

2188 2704 2205 2735 1
2244 2700 2367 2738 cum
2420 2699 2577 2739 eXtra
2607 2684 2700 2749 sit,
2743 2683 3008 2754 Spiritum
3051 2693 3302 2740 sanctum
3354 2698 3465 2737 non
3505 2680 3696 2748 habet,

2188 2797 2203 2828 1
2250 2793 2350 2832 nec
2384 2783 2563 2847 potest
2590 2776 2904 2832 venientem
2941 2775 3260 2843 baptizare;
3295 2789 3422 2830 cum
3447 2774 3519 2827 sit
3548 2787 3695 2829 unus

2192 2889 2208 2919 1
2246 2870 2579 2939 haptismus,
2610 2876 2664 2922 et
2717 2884 2865 2923 unus
2905 2877 3138 2922 sanctus
3185 2867 3449 2937 Spiritus,
3493 2875 3549 2920 et
3584 2882 3691 2921 una

2189 2982 2204 3011 1
2244 2960 2494 3025 Ecclesia
2531 2977 2561 3015 a
2592 2959 2813 3015 Christo
2848 2960 3083 3016 Domino
3119 2968 3335 3026 nostro,
3366 2961 3419 3014 id
3444 2960 3513 3015 ab
3536 2960 3696 3014 initio

2192 3071 2208 3101 1
2251 3052 2501 3117 dicente,
2575 3066 2745 3121 supra
2801 3050 3019 3106 Petrum
3067 3052 3399 3119 apostolum
3468 3051 3697 3107 fundata

2189 3162 2205 3192 1
2248 3144 2478 3197 unitate.
2506 3142 2574 3195 Et
2614 3141 2737 3197 ideo
2762 3157 2885 3213 quae
2931 3142 3001 3197 ab
3067 3142 3149 3197 eis
3182 3142 3326 3197 facta
3371 3150 3522 3207 sunt,
3566 3156 3691 3198 cum

2189 3255 2203 3284 1
2246 3234 2356 3289 sint
2391 3232 2527 3288 falsa
2555 3242 2608 3287 ct
2635 3248 2799 3298 vana,
2830 3235 3014 3288 omnia
3047 3242 3178 3289 sunt
3235 3234 3548 3302 reprobata.
3587 3232 3686 3289 Ne‘

2185 3347 2201 3377 1
2235 3343 2344 3397 que
2373 3328 2518 3381 enim
2555 3326 2666 3381 Deo
2698 3333 2913 3396 gratum
2940 3336 2994 3381 et
3023 3338 3311 3396 acceptum
3368 3342 3491 3382 esse
3515 3337 3699 3397 potest

2182 3439 2199 3470 1
2243 3418 2544 3489 quidquam
2571 3434 2785 3483 eorum,
2817 3417 2981 3489 367
3010 3422 3131 3488 quae
3155 3418 3354 3475 abillis
3374 3418 3532 3483 ﬁunt,
3559 3434 3699 3488 quos

2184 3531 2202 3563 1
2248 3511 2510 3569 Dominus
2547 3513 2732 3568 hostes
2772 3519 2831 3567 et
2868 3512 3218 3567 adversarios
3262 3512 3401 3568 dicit
3428 3515 3481 3567 in
3517 3512 3699 3568 Evan-

2186 3625 2202 3655 1
2240 3606 2424 3676 geliis:
2469 3624 2488 3657 1
2516 3605 2621 3671 Qui
2659 3620 2771 3659 non
2792 3614 2877 3660 est
2915 3620 3156 3670 mecum,
3215 3616 3408 3661 contra
3444 3622 3532 3662 me
3571 3617 3696 3661 est:

2185 3715 2202 3747 1
2240 3706 2295 3765 et
2333 3695 2428 3766 qui
2478 3712 2590 3752 non
2645 3696 2859 3765 colligit
2922 3711 3183 3760 mecum,
3238 3697 3509 3767 dispergit
3566 3696 3636 3752 ⁸⁵.
3676 3716 3693 3748 ι

2186 3808 2204 3840 1
2239 3789 2381 3855 Quin
2408 3790 2572 3845 etiam
2600 3790 2794 3845 beatus
2822 3790 3108 3858 apostolus
3131 3787 3395 3855 Joannes,
3428 3799 3697 3861 praecepta

2189 3901 2205 3932 1
2247 3880 2464 3936 Domini
2501 3896 2753 3946 servans,
2777 3879 2831 3934 in
2865 3880 3107 3950 Epistola
3147 3881 3518 3951 pratscripsit:
3557 3883 3702 3936 (Λιι-

2190 3994 2207 4025 1
2245 3973 2459 4029 divistis
2495 3975 2639 4044 quod
2669 3974 3044 4029 Antichristus
3066 3973 3245 4037 venit,
3280 3980 3335 4027 et
3358 3988 3507 4028 nunc
3533 3973 3699 4028 etiam

2192 4088 2209 4119 1
2247 4067 2405 4122 multi
2461 4068 2779 4123 antichristi
2842 4067 2974 4123 facti
3002 4074 3173 4130 sunt;
3209 4066 3362 4122 unde
3417 4069 3705 4138 cognosci-

2191 4183 2209 4215 1
2250 4178 2371 4217 mus
2395 4162 2543 4232 quod
2567 4171 2815 4219 extrema
2867 4165 2999 4218 hora
3063 4162 3309 4217 adest".
3348 4181 3368 4214 ι
3416 4160 3495 4216 Ex
3544 4163 3704 4217 nobis

2189 4274 2209 4306 1
2248 4256 2521 4319 exierunt,
2558 4255 2656 4310 sed
2684 4270 2792 4309 non
2828 4263 2989 4310 erant
3027 4270 3155 4309 cum
3205 4256 3391 4319 nobis,
3454 4255 3598 4309 unde
3648 4262 3706 4310 et

2193 4368 2210 4399 1
2245 4363 2345 4403 nos
2381 4348 2687 4418 intelligere
2713 4358 2767 4401 et
2804 4347 3051 4418 cogitare
3074 4348 3365 4414 debemus,
3401 4346 3445 4401 si
3481 4344 3705 4401 Domini

2195 4461 2212 4491 1
2255 4440 2486 4505 inimici,
2511 4449 2566 4496 et
2596 4440 2689 4511 qui
2722 4440 3032 4496 antichristi
3068 4450 3197 4494 sunt
3231 4441 3521 4503 nominati,
3600 4440 3706 4494 Do-

2199 4554 2215 4582 1
2263 4533 2394 4586 mini
2458 4534 2688 4602 gratiam
2750 4533 2882 4589 dare
2915 4548 3024 4588 non
3068 4541 3340 4599 possunt;
3405 4535 3525 4588 ideo
3578 4550 3703 4599 nos,

2199 4645 2215 4675 1
2255 4626 2500 4693 quicum
2542 4626 2779 4681 Domino
2819 4627 3019 4689 simus,
3076 4635 3130 4679 et
3175 4626 3393 4680 Domini
3439 4626 3705 4680 unitatem

2198 4739 2215 4769 1
2257 4729 2530 4782 tenemus,
2564 4728 2621 4772 ut
2648 4736 2746 4789 pro
2805 4720 2925 4788 eius
2958 4719 3227 4789 dignitate
3283 4719 3711 4774 subministrari-

2206 4831 2222 4861 1
2265 4821 2368 4876 tes,
2405 4814 2780 4867 sacerdotium
2850 4813 2970 4881 c-jus
3007 4814 3061 4864 in
3120 4810 3369 4867 Ecclesia
3424 4812 3708 4881 gerimus,

2204 4923 2222 4954 1
2261 4921 2608 4975 qumcunque
2641 4906 2945 4959 adversarii
2987 4905 3129 4975 ejus,
3158 4906 3262 4959 hoc
3285 4912 3388 4968 est,
3420 4905 3608 4961 hostes
3655 4914 3712 4959 et

2205 5014 2224 5047 1
2266 4997 2577 5051 antichristi
2634 4996 2864 5059 faciunt.
2918 4997 3240 5067 reprobare,
3304 5011 3614 5062 removere,
3654 5008 3711 5051 et

2204 5106 2222 5139 1
2254 5087 2591 5157 abjicere,et
2623 5103 2721 5158 pro
2757 5087 3001 5157 profanis
3038 5087 3238 5143 habere
3266 5086 3563 5142 debemus:
3609 5086 3678 5141 iis

2202 5198 2220 5232 1
2262 5196 2392 5252 que,
2434 5182 2523 5252 qui
2559 5182 2629 5236 ab
2650 5196 2841 5236 errore
2873 5189 2927 5234 et
2964 5182 3322 5249 perversitate
3357 5180 3424 5235 ad
3462 5194 3602 5235 vera:
3650 5190 3710 5234 et

2202 5275 2645 5331 1ecclesiasticze
2707 5274 2831 5329 tidei
2882 5274 3251 5343 cognitionem
3311 5273 3563 5335 veniunt,
3626 5271 3711 5325 di-

2212 5388 2229 5421 1
2268 5372 2409 5426 vina:
2442 5369 2703 5441 potentia
2732 5374 3087 5440 mysterium,
3125 5368 3353 5425 unitatis
3386 5375 3440 5423 et
3482 5364 3621 5436 ,[idei
3658 5374 3712 5420 ct

2200 5489 2221 5521 1
2264 5468 2533 5528 veritatis,
2567 5465 2796 5520 omnino
2836 5465 2993 5522 dare.

507 5576 529 5610 ε
575 5559 673 5610 καὶ
743 5556 1134 5627 στρεϐλότητος
1195 5558 1520 5628 ἐρχομένοις
1576 5560 1669 5612 ἐπὶ
1758 5562 1961 5629 γνώσει
1985 5568 2086 5636 τῆς
2162 5565 2431 5638 ἀληθινῆς
2483 5566 2578 5618 καὶ
2652 5563 3123 5633 ἐκκλησιαστικῆς
3204 5560 3442 5623 πίστεως
3525 5559 3713 5614 δοῦναι

506 5670 530 5706 1
567 5653 800 5708 καθόλου
832 5652 983 5715 θείας
1022 5653 1308 5723 δυνάμεως
1334 5653 1666 5725 μυστήριον,
1699 5657 1952 5730 ἑνότητός
1992 5660 2053 5713 τε
2090 5662 2185 5715 καὶ
2219 5661 2460 5720 πίστεως
2499 5657 2911 5728 καλγάληθείας.
2951 5675 2970 5709 ι

539 5832 585 5866 ⁸³
615 5832 775 5889 Joan.
810 5832 999 5900 111,31.
1056 5874 1061 5877 -
1116 5834 1163 5865 ⁸⁸
1186 5833 1361 5891 Levit.
1395 5850 1474 5903 ιιι,
1514 5824 1607 5890 45ζ

1718 5835 1763 5867 ⁸⁸
1800 5837 1987 5892 Matth.
2022 5852 2118 5905 xit,
2148 5837 2234 5892 '50.

2348 5838 2393 5869 ⁸⁸
2418 5834 2577 5892 Joan.
2616 5851 2678 5901 ιι,
2708 5834 2796 5889 18.
