4056 6464
416 358 560 433 nos
1656 342 1961 415 annon.
1988 345 2394 411 BALSAMON
3536 343 3695 411 nos

486 470 683 525 BALS.
741 467 1011 536 Scriptum
1046 473 1131 522 est
1154 464 1208 520 in
1242 460 1508 535 prommio
1540 477 1707 534 quam
1758 462 1831 517 ob
1860 475 1991 516 cau—
2018 462 2066 522 Α

2154 457 2353 511 ΒΛΛΣ.
2407 456 2499 510 Ἐν
2536 454 2616 527 τῷ
2639 454 2917 529 προοιμίῳ
2951 453 3265 527 γέγραπται
3311 452 3459 517 τίνος
3511 456 3694 525 χάριν

416 578 535 619 sam
566 576 809 632 praesens
843 558 1077 629 epistola
1128 556 1232 610 fuit
1292 554 1440 611 edita
1472 574 1485 609 :
1515 565 1570 609 et
1594 553 1712 623 ipsa
1761 552 1988 622 quidem

2097 550 2131 616 ἠ
2172 547 2423 618 παροῦσα
2456 547 2677 619 ἐξετέθη
2709 547 2971 617 ἐπιστολή
2996 562 3010 578 ·
3052 547 3147 600 καὶ
3178 545 3321 618 αῦτη
3355 547 3454 616 μὲν
3505 546 3654 616 διορί
3682 575 3699 588 -

415 653 629 714 statuit,
667 650 838 719 utqui
858 648 926 702 ad
970 646 1302 702 catholicam
1337 644 1645 700 Ecclesiam
1669 644 1738 698 ab
1773 643 1995 697 haereti-

2099 641 2255 706 ζεται
2288 642 2417 705 τοὺς
2461 640 2942 711 προσερχομένους
2994 643 3062 711 τῇ
3110 639 3372 709 καθολικῇ
3450 638 3698 708 Ἐκκλη-

415 744 498 797 cis
522 742 604 797 vel
628 740 996 797 schismaticis
1021 739 1323 801 accedunt,
1357 737 1726 807 baptizentur,
1775 732 1992 790 etiamsi

2101 734 2194 805 σία
2224 735 2331 787 άπὸ
2359 735 2655 806 αίρετικῶν
2683 735 2718 806 ἢ
2750 734 3130 805 σχισματικῶν
3171 731 3554 804 βαπτίζεσθαι,
3576 733 3702 786 κᾶν

414 836 484 889 ab
534 835 644 889 illis
698 833 855 903 prius
892 830 1157 901 baptizati
1205 829 1433 884 fuerint.
1476 827 1758 899 Septimus
1807 836 1992 881 autem

2102 828 2193 880 ὑπ’
2233 827 2460 881 ἐκείνων
2484 825 3012 898 προεσαπτίσθησαν
3049 838 3066 853 ⁶
3096 828 3125 879 ὁ
3148 825 3207 878 δέ
3269 823 3315 887 ζ’
3355 823 3537 878 κανὼν
3582 824 3704 893 τῆς

415 940 587 980 canon
628 926 885 981 secundae
914 923 1110 995 synodi
1142 921 1466 977 universalis
1515 936 1730 986 eorum,
1762 919 1856 989 qui
1895 918 1995 972 ba-

2102 918 2488 990 οίκουμενικῆς
2519 919 2563 989 β’
2603 918 2847 985 συνόδου,
2884 917 3204 987 ποιούμενος
3231 915 3502 986 διαίρεσιν
3573 914 3704 967 τῶν

413 1016 607 1087 ptizari
658 1024 712 1071 et
767 1016 859 1086 qui
897 1029 1007 1069 non
1057 1013 1321 1084 baptizari
1357 1011 1576 1076 debent,
1630 1009 1993 1065 diﬂerentiam

2104 1011 2429 1079 ὀφειλόντων
2454 1009 2816 1080 βαπτίζεσθαι
2846 1011 2940 1063 καὶ
2967 1010 3063 1081 μὴ,
3092 1009 3261 1078 ἐτερὰ
3317 1025 3443 1062 τινα
3504 1022 3706 1078 παρα.-

417 1111 808 1173 constituens,
867 1109 971 1162 alia
1030 1107 1279 1173 quaedam
1339 1104 1604 1175 praecipit.
1668 1102 1814 1173 Lege
1865 1114 1996 1172 ergo

2104 1101 2407 1156 κελεύεται.
2449 1097 2865 1170 ’Δνάγνωθιοῦν
2896 1102 3108 1167 τοῦτον,
3144 1101 3241 1154 καὶ
3270 1099 3544 1170 πρόσσχες
3573 1100 3706 1159 τοῖς

414 1215 563 1265 eum,
592 1210 657 1255 'et
707 1211 945 1255 mentem
979 1199 1177 1253 adhibe
1214 1197 1293 1252 iis
1323 1211 1445 1267 quae
1479 1198 1536 1251 in
1569 1197 1688 1265 ipso
1719 1200 1850 1251 sunt
1894 1207 1996 1263 po-

2104 1197 2162 1248 ἐν
2193 1193 2346 1266 αὐτῷ
2369 1194 2856 1265 μεταγενεστέροις
2884 1193 3055 1248 οὖσιν.
3136 1191 3437 1260 Ἀνάγνωθι
3473 1192 3567 1244 καὶ
3597 1190 3706 1243 τὸν

417 1294 672 1349 steriora.
707 1290 871 1361 iege
914 1294 1047 1360 ergo
1076 1291 1242 1344 etiam
1269 1288 1307 1342 2
1338 1303 1602 1343 canonem
1634 1286 1828 1359 synodi
1875 1300 1998 1356 qua:

2107 1287 2149 1357 β’
2182 1287 2388 1341 κανόνα
2420 1287 2519 1358 τῆς
2554 1288 2611 1341 ἐν
2664 1287 2746 1357 τῷ
2772 1287 3032 1358 Τρούλλῳ
3091 1286 3333 1348 συνόδου,
3370 1284 3465 1337 καὶ
3509 1284 3708 1356 μάθῃς

417 1396 502 1442 εει
530 1388 581 1440 in
596 1384 810 1447 ΤιυΙΙο,
845 1384 1090 1447 etscies,
1120 1382 1267 1452 quod
1291 1397 1411 1451 qua:
1436 1383 1537 1436 hac
1563 1380 1790 1451 epistola
1814 1378 1996 1434 conti-

2107 1379 2187 1432 ὅτι
2214 1379 2283 1432 τὰ
2301 1382 2401 1449 τῆς
2432 1379 2716 1450 παρούσης
2747 1372 3038 1448 ἐπιστολῆς
3062 1379 3166 1431 οὐκ
3198 1375 3504 1446 ἐδέχθησαν
3534 1376 3709 1444 παρὰ

404 1490 640 1544 'nentur,
699 1477 767 1531 ab
810 1476 1068 1531 erunibus
1110 1474 1366 1529 Patribus
1410 1473 1649 1528 admissa
1696 1487 1803 1526 non
1838 1481 1994 1528 sunt.

2107 1471 2326 1525 πάντων
2354 1470 2463 1523 τῶν
2496 1471 2778 1541 Πατέρων.
2803 1472 2942 1541 Φησὶ
2981 1470 3088 1539 γὰρ
3133 1468 3278 1523 οὕτω
3330 1469 3572 1539 ῥήμασιν
3594 1462 3709 1518 air-

422 1572 515 1628 Slc
569 1572 715 1627 enim
746 1570 881 1625 dicit
914 1570 1046 1639 ipsis
1088 1564 1270 1622 verbis
1304 1583 1319 1620 :
1354 1559 1629 1620 Praiterea
1662 1574 1842 1620 autem
1874 1574 1929 1619 ct
1966 1579 1999 1618 a

2108 1563 2220 1624 τοῖς
2253 1578 2267 1593 ·
2311 1562 2433 1615 Ἔτι
2495 1562 2605 1632 μὴν
2643 1563 2737 1615 καὶ
2765 1564 2856 1616 τὸν
2895 1563 3001 1615 ὑπὸ
3061 1561 3403 1631 Κυπριανοῦ,
3456 1557 3710 1627 γενομέ-

418 1658 716 1735 Cypriane,
757 1662 850 1731 qui
884 1660 1138 1715 Afrorum
1176 1656 1422 1727 regionis
1458 1656 1753 1726 episcopus
1795 1654 1901 1710 l‘ult
1945 1663 2001 1711 et

2110 1668 2198 1706 νου
2231 1654 2534 1706 ἐπισκόπου
2565 1656 2666 1724 τῆς
2689 1654 2914 1722 Ἀφρων
2941 1653 3126 1724 χώρας
3151 1655 3246 1705 καὶ
3276 1653 3580 1722 μάρτυρος,
3598 1646 3712 1700 καὶ

419 1763 649 1825 martyr,
710 1761 764 1807 et
819 1768 847 1805 a
906 1754 1155 1822 synodo,
1210 1764 1333 1818 quae
1383 1749 1452 1802 ab
1507 1747 1601 1801 illo
1658 1746 1842 1802 habita
1890 1753 1995 1809 est,

2113 1746 2208 1816 τῆς
2244 1744 2365 1797 κατ’
2395 1745 2560 1798 αὑτὸν
2591 1744 2815 1798 συνόδου
2877 1745 3181 1798 ἐκτεθέντα
3220 1744 3425 1798 κανόνα
3482 1741 3543 1805 ὃς
3600 1741 3715 1794 καὶ

418 1843 627 1898 editum
669 1856 976 1907 canonem,
1010 1841 1104 1910 qui
1158 1840 1212 1893 in
1258 1837 1645 1909 praedictorum
1697 1840 1994 1907 prmsulum

2115 1840 2159 1889 ‘av
2193 1837 2312 1898 τοῖς
2370 1836 2477 1889 τῶν
2524 1835 2947 1907 προειρημένων
3000 1835 3285 1907 προέδρων
3334 1834 3525 1894 τόποις
3599 1833 3717 1884 καὶ

402 1934 577 1999 locis,
608 1933 784 2003 iisque
811 1931 968 1997 solis,
993 1931 1148 2001 juxta
1192 1930 1302 1983 illis
1349 1928 1611 1982 traditam
1638 1928 1996 1983 consuetudi-

2108 1926 2288 1997 μόνοις
2326 1927 2471 1980 κατὰ
2501 1928 2562 1980 τὸ
2589 1928 2895 1999 παραδοθὲν
2951 1929 3137 1990 αὐτοῖς
3182 1926 3308 1989 ἐθος
3343 1930 3348 1937 ”
3390 1925 3710 1994 ἐκράτησε.

418 2037 566 2090 nem,
600 2023 858 2076 obtinuit.
893 2019 1031 2075 Hinc
1052 2034 1187 2088 ergo
1215 2027 1461 2085 notatur,
1495 2017 1641 2088 quod
1663 2033 1693 2072 a
1724 2016 1997 2087 principio

2112 2016 2391 2070 Δείκνυται
2425 2016 2518 2072 οὖν
2568 2018 2823 2072 ἐντεῦθεν
2852 2020 2934 2071 ὅτι
2958 2018 3207 2091 ἀρχῆθεν
3236 2018 3299 2071 οὐ
3340 2017 3497 2088 παρὰ
3524 2016 3714 2068 πᾶσιν

418 2129 529 2170 non
562 2122 682 2169 erat
728 2114 784 2169 in
814 2128 916 2168 usu
949 2112 1094 2181 apud
1136 2125 1331 2165 omnes
1374 2108 1462 2164 hic
1497 2123 1698 2164 canon.
1726 2107 1867 2163 Nota
1900 2124 2000 2163 au-

2110 2106 2168 2182 ljv
2194 2111 2433 2179 ἐνεργῶν
2455 2113 2483 2164 ό
2507 2109 2708 2166 κανών.
2733 2112 3053 2183 Σημείωσαι
3104 2113 3163 2165 δέ
3226 2114 3313 2167 ὅτι
3345 2113 3547 2182 Ἀφροι
3601 2108 3712 2160 λέ-

418 2214 553 2274 tem,
587 2205 732 2277 quod
756 2204 872 2259 Δίιὶ
897 2204 1161 2259 dicuntur
1197 2200 1681 2272 Carthaginenses.
1714 2202 1854 2267 Quia
1901 2217 1999 2255 auo

2110 2217 2290 2270 γονται
2314 2204 2362 2255 οἱ
2388 2203 2778 2272 Καρχηδόνιοι.
2842 2203 2969 2256 Ἐπὶ
3001 2203 3060 2256 δὲ
3108 2202 3167 2256 ἐν
3192 2219 3337 2256 τισιν
3412 2204 3712 2274 άντιγρὰ-

420 2309 532 2355 tem
590 2298 647 2352 in
696 2297 980 2352 nonnullis
1021 2293 1427 2364 exemplaribus
1478 2304 1665 2365 aperte
1706 2292 2000 2363 descriptae

2114 2311 2223 2363 pet;
2261 2294 2443 2366 ῥητῶς
2474 2295 2830 2365 εὑρίσκονται
2908 2296 3520 2367 καταγεγραμμέναιαί
3583 2298 3716 2351 τῶν

397 2391 775 2447 inveniuntur
855 2389 927 2443 84
992 2387 1377 2458 episcoporum
1433 2386 1753 2451 sententiae,
1795 2386 1891 2456 qui
1942 2387 1999 2441 in

2112 2387 2437 2458 5γδοήκοντα
2467 2389 2605 2458 πρὸς
2631 2390 2745 2452 τοῖς
2780 2389 3076 2459 τέσσαρσιν
3113 2389 3442 2451 ἐπισκόποις
3473 2390 3714 2460 γνῶμαι

414 2482 613 2539 eadem
680 2482 907 2535 fuerunt
941 2480 1202 2549 Opinione
1257 2492 1384 2560 cum
1432 2487 1626 2533 sancto
1675 2478 1998 2547 Cypriano:

2114 2480 2212 2533 τῶν
2243 2482 2925 2553 συνομογνωμονησὰντων
2982 2482 3123 2551 μετὰ
3185 2483 3284 2534 τοῦ
3369 2482 3530 2551 ἁγίου
3589 2485 3716 2537 Κυ-

410 2590 639 2631 eramus
682 2588 775 2628 eas
821 2585 1043 2642 quoque
1107 2569 1370 2641 scripturi
1433 2578 1491 2624 et
1542 2570 1997 2639 interpretaturi:

2112 2569 2360 2641 πριανοῦ,
2389 2572 2695 2643 ἐμέλλομεν
2723 2573 2819 2626 καὶ
2877 2573 3085 2637 ταύτας
3122 2574 3336 2645 γράψαι
3392 2575 3491 2629 καὶ
3526 2577 3714 2648 ἑρμη-

394 2667 517 2723 εεό
548 2667 699 2735 quia,
738 2673 800 2721 ut
829 2665 1037 2719 dictum
1065 2672 1174 2728 est,
1210 2662 1482 2733 septimus
1515 2663 1773 2716 secunda:
1803 2661 1996 2733 synodi

2103 2662 2293 2719 νεῦσαι
2326 2677 2342 2691 '
2374 2664 2458 2717 ὅτι
2486 2664 2564 2729 δὲ,
2594 2664 2670 2727 ὡς
2695 2664 2937 2735 εἴρηται,
2961 2667 2989 2718 ό
3023 2664 3068 2729 ζ’
3100 2666 3281 2720 κανὼν
3315 2668 3414 2737 τῆς
3453 2665 3498 2736 β’
3527 2669 3698 2721 συνό-

400 2775 598 2817 ιοειιοη
645 2761 750 2815 alia
809 2760 1059 2829 quaedam
1114 2757 1410 2812 constituit
1471 2756 1669 2821 abiis,
1723 2772 1845 2826 quae
1897 2760 2001 2813 hac

2103 2755 2195 2809 δου
2226 2756 2395 2828 ἕτερά
2416 2774 2540 2812 τινα
2567 2756 2827 2810 ἐθέσπισε
2887 2758 3125 2829 παρὰτὰ
3186 2760 3563 2830 περιεχόμενα
3635 2762 3703 2830 τῇ

419 2853 679 2927 praesenti
731 2851 961 2922 epistola
1026 2851 1418 2914 continentur,
1486 2848 1554 2903 de
1613 2849 1889 2905 haereticis
1946 2860 2003 2906 et

2104 2846 2356 2919 παρούσῃ
2406 2848 2666 2919 ἐπιστολῇ
2703 2847 2864 2919 χάριν
2918 2850 3029 2903 τῶν
3091 2852 3551 2921 προσερχομένων
3634 2854 3702 2922 τῇ

419 2944 794 3003 schismaticis
844 2945 939 3013 qui
991 2941 1059 2996 ad
1096 2942 1257 2997 tidem
1292 2940 1586 3007 accedunt,
1630 2941 2000 3011 prietermissa

2105 2941 2289 2993 πίστει
2355 2941 2650 3012 αἱρετικῶν
2693 2943 2790 2996 καὶ
2865 2942 3267 3012 σχισματικῶν,
3340 2943 3590 3013 παρείθη
3670 2945 3707 3013 ἡ

418 3050 504 3097 εει
529 3054 719 3094 eorum
741 3036 1032 3106 expositio.

1018 3076 1032 3091 .
2102 3032 2309 3087 τούτων
2334 3034 2620 3105 ἐξήγησις.

492 3131 748 3187 ZONAR.
787 3130 1023 3200 Epistoln
1067 3128 1181 3185 haec
1212 3143 1574 3200 quoscunque
1609 3130 1678 3184 ab
1724 3130 1998 3186 haereticis
2025 3180 2068 3239 ϐ

2179 3124 2424 3180 ΖΩΝΔΡ.
2454 3124 2604 3195 Αὕτη
2635 3126 2667 3198 ή
2711 3126 2971 3197 ἐπιστολὴ
2986 3126 3243 3192 καθάπαξ
3269 3129 3397 3193 τοῦς
3423 3130 3715 3206 ύπὺαίρε-

420 3226 930 3281 aut-schismaticis
969 3223 1297 3293 baptizatos,
1351 3225 1399 3278 si
1459 3224 1526 3277 ad
1558 3222 1861 3279 Ecclesiam
1905 3241 1998 3280 ca-

2111 3216 2272 3270 ιικῶν
2304 3215 2336 3287 ἦ
2365 3217 2747 3288 σχισματικῶν
2781 3217 3192 3298 βαῠπτισθέντας
3216 3227 3713 3295 προσερχομένους

422 3319 682 3373 tholicam
748 3333 808 3372 se
850 3317 1174 3387 recipiant,
1234 3317 1431 3369 iterum
1497 3316 1766 3386 baptizari
1816 3318 1997 3387 jubet,

2115 3313 2166 3391 ιῇ
2203 3307 2781 3381 καθολικῇἘκκλησίᾳ
2828 3310 3579 3385 βαπτίζεσθαιδιατάττεται,
3608 3325 3717 3375 καὶ

422 3423 658 3478 eamque
703 3406 1034 3461 sententiam
1060 3406 1227 3461 variis
1249 3407 1764 3475 epichirematibus,
1794 3412 1998 3479 enthy-

2116 3406 2166 3455 ἐκ
2184 3403 2458 3473 διαφόρων
2479 3403 2879 3473 ἐνθυμημάτων
2898 3405 2991 3457 καὶ
3012 3406 3459 3477 ἐπιχειρημάτων
3483 3412 3577 3466 καὶ
3608 3417 3718 3485 ρη-

423 3497 675 3552 tnenaatis
724 3495 1131 3566 Scripturaaque
1198 3495 1527 3551 testimoniis
1568 3497 1882 3553 conﬁrmat.
1933 3504 2002 3553 At

2111 3497 2211 3550 τῶν
2240 3495 2531 3569 γραφικῶν
2552 3496 2643 3549 τὸν
2676 3498 2876 3551 οἰκεῖον
2921 3496 3080 3567 λόγον
3138 3503 3573 3567 κατασκευάζει.
3638 3506 3713 3561 Ἦ

423 3601 556 3642 vero
583 3586 824 3642 secunda
860 3586 1198 3641 oecumenica
1216 3587 1471 3657 synodus
1503 3602 1715 3644 canone
1745 3590 2001 3659 septimo,

2114 3589 2158 3641 5ἐ
2190 3588 2422 3659 δευτέρα
2459 3589 2816 3660 οίκουμενικὴ
2877 3589 3117 3658 σύνοδος,
3149 3593 3209 3646 ἐν
3259 3596 3449 3650 κανόνι
3522 3602 3716 3671 αὐτῆς

424 3693 535 3733 non
571 3693 786 3744 omnes,
817 3678 914 3748 qui
953 3693 1017 3732 ex
1074 3678 1269 3734 haeresi
1326 3678 1663 3748 demigrant,
1726 3680 2003 3750 baptismo

2112 3680 2316 3751 ἑϐδόμῳ
2382 3681 2446 3734 οὐ
2511 3681 2721 3746 πάντας
2796 3682 2858 3747 ἐξ
2924 3684 3193 3754 αἱρέσεων
3263 3687 3714 3759 ἐπιστρέφοντας

423 3773 622 3826 iterum
670 3770 998 3841 expiandos,
1049 3772 1142 3827 sed
1191 3771 1333 3827 alios
1378 3770 1625 3841 quidem,
1665 3773 1711 3827 si
1753 3773 1899 3828 datis
1941 3776 2005 3828 li-

2114 3770 2314 3825 ἄνωθεν
2375 3772 2596 3842 κελεύει
2647 3773 3037 3844 βαπτίζεσθαι,
3071 3775 3191 3829 ἀλλ’
3245 3778 3558 3852 ἀπαριθμεῖ
3615 3803 3716 3838 τι-

424 3862 583 3917 bellis
609 3876 766 3916 suam
807 3873 1071 3931 praeterea
1109 3863 1347 3930 quisque
1375 3860 1637 3926 haeresin,
1671 3875 2005 3933 omnemque

2114 3881 2205 3928 νας
2264 3864 2365 3935 μὲν
2447 3865 2532 3920 δεῖ
2608 3866 2863 3938 δέχεσθαι
2925 3867 3173 3934 διδόντας
3228 3869 3543 3943 λιϐέλλους,
3607 3882 3716 3933 καὶ

424 3970 455 4008 a
485 3954 755 4008 catholica
791 3963 845 4008 et
879 3954 1181 4022 apostolica
1236 3953 1331 4008 Dei
1362 3951 1609 4009 Ecclesia
1648 3954 1889 4010 alienum
1918 3970 2007 4010 er-

2108 3958 2617 4030 ἁναθεματίζοντας
2648 3962 2747 4031 τήν
2797 3977 2857 4013 τε
2885 3960 3095 4016 οἰκείαν
3175 3964 3389 4037 αἵρεσιν
3439 3967 3710 4038 ἕκαστον,

425 4057 606 4098 rorem
665 4051 1047 4107 exsecrentur,
1096 4044 1415 4099 charactere
1464 4053 1708 4111 notatos,
1758 4044 1864 4101 hoc
1919 4052 2007 4102 est

2110 4051 2205 4105 καὶ
2247 4051 2431 4105 πᾶσαν
2479 4051 2556 4121 μὴ
2618 4052 2926 4123 φρονοῦσαν
2987 4054 3064 4119 ὡς
3115 4057 3149 4125 ἡ
3218 4056 3352 4126 ἁγία
3410 4059 3505 4113 τοῦ
3563 4062 3712 4117 Θεοῦ

424 4143 619 4190 sancto
668 4134 969 4189 chrismate
1017 4135 1279 4191 iuunctos
1329 4136 1546 4195 admitti
1592 4147 1852 4208 oportere
1906 4137 2008 4193 de-

2110 4141 2379 4213 καθολικὴ
2407 4145 2504 4197 καὶ
2541 4144 2882 4217 ἁποστολικὴ
2926 4146 3226 4218 Ἐκκλησία
3278 4154 3492 4221 φρονεῖ,
3520 4170 3707 4225 σφρα-

423 4228 643 4295 certtit;
701 4228 839 4282 alios
882 4241 1011 4283 vero
1063 4243 1278 4293 omnes,
1329 4245 1393 4285 ex
1442 4231 1646 4301 quibus
1708 4231 2007 4286 nonnullos

2109 4232 2434 4305 γιζομένους
2458 4235 2579 4305 ἦτοι
2626 4239 2950 4307 χριομένους
2979 4238 3059 4309 τῷ
3117 4240 3261 4311 ἁγίῳ
3315 4242 3476 4313 μύρῳ
3506 4259 3521 4274 ’
3573 4246 3711 4311 τοὺς

420 4321 755 4374 nominatim
789 4320 1080 4391 designat,
1121 4320 1432 4391 baptizari,
1477 4332 1646 4392 atque
1693 4333 1753 4376 ut
1786 4320 2006 4379 Graecos

2112 4326 2169 4378 δέ
2198 4326 2419 4391 λοιποὺς
2449 4329 2680 4395 πάντας,
2711 4322 2790 4383 ὧν
2814 4346 2972 4395 τινας
3000 4337 3098 4384 καί⁵
3149 4332 3419 4403 ὀνομαστὶ
3468 4339 3710 4392 καταλέ-

425 4409 663 4474 admitti,
708 4410 885 4479 jubet.
915 4411 1273 4482 Qui‘quidem
1320 4414 1488 4468 etiam
1531 4427 1709 4465 canon
1752 4428 1857 4467 suo
1890 4416 2009 4469 loco

2118 4433 2230 4485 γει,
2255 4417 2622 4488 βαπτίζεσθαι
2658 4420 2931 4491 ὁρίζεται,
2967 4423 3296 4495 δεχομένους
3337 4427 3415 4491 ὡς
3483 4429 3700 4501 Ἐλλη-

418 4504 728 4573 explicatus
771 4514 875 4561 est.
904 4503 1072 4561 Unde
1098 4507 1219 4576 ejus
1258 4506 1492 4561 canonis
1539 4506 2001 4561 constitutionem

2112 4526 2209 4570 vat;
2231 4525 2245 4539 °
2279 4510 2339 4574 ὃς
2372 4511 2508 4580 δῆτα
2536 4512 2717 4566 κανὼν
2754 4517 2848 4568 καὶ
2881 4518 2940 4569 ἐν
2964 4516 3042 4586 τῷ
3072 4517 3188 4589 ίδίῳ
3214 4520 3365 4589 τόπῳ
3404 4521 3700 4592 ἐξηγηταί.

418 4613 455 4649 a
499 4596 708 4652 sanctis
753 4608 938 4666 postea
986 4597 1243 4653 Patribus
1293 4604 1570 4663 receptam
1629 4597 1777 4650 haud
1827 4596 2002 4654 fuisse

2112 4600 2278 4655 Ὅθεν
2301 4602 2556 4672 φαίνεται
2582 4606 2784 4660 ὅτιούκ
2813 4607 3006 4677 ἐδέχθη
3040 4610 3194 4682 παρά
3244 4613 3354 4665 τῶν
3390 4616 3700 4684 μετέπειτα

424 4687 585 4741 facile
614 4700 861 4757 apparet.
889 4689 1027 4743 Cum
1056 4689 1221 4755 igitur
1257 4688 1323 4741 de
1343 4687 1533 4741 eadem
1567 4703 1625 4742 re
1663 4690 1783 4743 dun:
1809 4691 2005 4760 synodi

2110 4694 2282 4762 ἁγίων
2311 4696 2576 4766 Πατέρων
2600 4699 2633 4768 ἡ
2661 4698 2894 4770 διαταγὴ
2927 4699 3094 4772 αὕτη.
3139 4703 3391 4758 Ἐναντία
3422 4708 3605 4761 τοίνυν
3640 4711 3703 4765 ἐν

422 4785 698 4835 contraria
733 4781 877 4837 inter
908 4798 967 4837 se
995 4783 1217 4833 decreta
1267 4779 1623 4845 protulerint,
1668 4783 1852 4851 potior
1910 4784 2009 4837 ha-

2107 4786 2285 4856 τούτῳ
2307 4785 2387 4855 τῷ
2420 4788 2705 4860 κεφαλαίῳ
2747 4792 2855 4844 τῶν
2885 4791 2979 4845 δύο
3032 4794 3274 4849 συνόδων
3329 4799 3696 4869 είσαγουσῶν,

414 4875 605 4929 .benda
660 4885 741 4930 est
796 4871 1051 4929 secundae
1120 4868 1313 4940 synodi
1368 4872 1689 4927 constitutio
1724 4914 1740 4940 ,
1804 4875 2008 4945 quippe

2108 4879 2178 4932 τὰ
2212 4879 2311 4949 τῆς
2346 4879 2610 4952 δευτέρας
2636 4884 2836 4949 κρατεί
2874 4886 3124 4951 συνόδου,
3188 4889 3273 4941 ὅτι
3297 4907 3356 4942 τε
3397 4909 3703 4962 μεταγενε-

426 4982 550 5035 qua:
623 4974 678 5021 et
725 4965 999 5035 posterior
1042 4960 1171 5025 fuit,
1233 4971 1289 5017 et
1352 4966 1717 5031 tecumcnica,
1776 4966 1833 5021 in
1898 4983 2007 5036 qua

2108 4971 2277 5043 στέρα
2299 4973 2438 5037 ἐστὶ,
2460 4975 2553 5027 καὶ
2584 4974 2663 5027 ὅτι
2682 4978 3058 5050 οἰκουμενικὴ,
3084 4981 3144 5033 ἐν
3166 4974 3200 5054 ᾖ
3228 4960 3444 5048 πάντως
3462 4987 3527 5039 ἐκ
3553 4960 3702 5040 πάν-

425 5073 621 5113 omnes
695 5057 911 5112 scilicet
959 5054 1277 5124 quicunque
1336 5058 1760 5127 patriarchicam
1820 5062 2005 5116 sedem

2108 5081 2221 5117 των
2253 5064 2366 5119 τῶν
2393 5068 2821 5138 πατριαρχικῶν
2854 5069 3064 5140 θρόνων
3108 5075 3348 5145 συνῆσαν
3381 5078 3413 5146 ἦ
3476 5080 3524 5131 oi
3588 5096 3701 5132 πα-

414 5150 701 5216 obtinent,
758 5157 855 5202 aut
884 5148 1111 5217 ipsimet
1144 5150 1491 5219 patriarcha),
1527 5163 1621 5205 aut
1648 5154 1892 5221 ipsorum
1931 5156 2007 5208 leu-

2107 5157 2369 5227 τριάρχαι
2403 5158 2580 5223 αὐτοὶ,
2610 5159 2643 5216 ἦ
2676 5165 3074 5234 τοποτηρηταί.
3100 5166 3222 5219 Ὅτι
3278 5168 3336 5222 δὲ
3369 5170 3471 5224 οὐκ
3499 5171 3698 5247 ἐδέχθη

422 5242 540 5313 gati
572 5240 891 5297 adfuerunt.
934 5240 1104 5296 Porro
1153 5244 1298 5296 hunc
1347 5259 1610 5299 canonem
1655 5261 2003 5316 nequaquam

2107 5249 2136 5301 ὁ
2167 5248 2359 5321 παρὼν
2410 5250 2595 5305 κανὼν
2637 5255 2793 5325 παρὰ
2812 5258 3033 5310 πάντων
3054 5259 3165 5312 τῶν
3191 5260 3365 5329 ἁγίων
3407 5240 3670 5335 Πατέρων

429 5353 459 5389 a
507 5335 717 5389 sanctis
740 5332 1005 5388 Patribus
1042 5336 1317 5390 universis
1354 5350 1633 5406 receptum
1670 5336 1864 5403 fuisse,
1920 5348 2005 5402 vel

2104 5307 2364 5411 δηλοῦται
2392 5344 2490 5397 καὶ
2515 5345 2581 5398 ἐκ
2614 5307 3004 5418 τοῦδδευτέρου
3042 5307 3271 5415 κανόνος
3326 5353 3425 5423 τῆς
3458 5307 3698 5428 “et-r15

428 5445 495 5481 ex
528 5424 772 5482 secundo
799 5440 1009 5479 canone
1057 5427 1250 5497 synodi
1296 5428 1351 5481 in
1382 5425 1569 5482 Trullo
1604 5431 1836 5495 habitae,
1882 5446 2006 5501 qua:

2110 5434 2368 5506 Τρούὶ.λῳ
2392 5437 2698 5508 γενομένης
2721 5440 2941 5493 συνόδου
2973 5440 3271 5515 λεγομένης
3299 5445 3486 5514 ἕκτης.
3528 5424 3700 5501 Ἀπαλ

422 5534 584 5576 sexta
614 5521 853 5585 dicitur,
914 5521 1140 5593 intelliéi
1179 5523 1327 5577 licet.
1390 5523 1471 5578 lbi
1526 5541 1767 5594 namque
1826 5527 2002 5581 sancti

2110 5525 2371 5595 ρίομησιν
2399 5525 2508 5597 γὰρ
2556 5529 2615 5582 ἐν
2653 5529 2801 5599 αὐτῷ
2870 5531 2920 5582 οἱ
2973 5533 3200 5586 συνόδου
3277 5536 3426 5603 ἅγιοι
3454 5537 3699 5607 [Ιατέρες

428 5614 619 5668 Patres
659 5615 725 5669 iis
756 5613 1087 5682 canonibus,
1116 5630 1352 5685 quorum
1379 5627 1501 5670 rata
1540 5616 1838 5672 auctoritas
1881 5632 2005 5674 esse

2109 5620 2327 5689 ἐκείνης
2365 5620 2687 5693 ποιούμενοι
2717 5623 2826 5676 τῶν
2845 5624 3175 5693 ὀφειλόντων
3206 5631 3444 5698 κρατεῖν
3530 5631 3696 5683 κανό-

427 5705 606 5769 debet,
641 5703 916 5774 sigillatim
975 5704 1332 5767 enumeratis,
1366 5704 1433 5758 de
1464 5703 1566 5759 hoc
1600 5719 1809 5759 canone
1840 5706 2007 5777 368

2109 5726 2241 5777 νων,
2274 5709 2453 5764 ταῦτα
2488 5713 2619 5783 περὶ
2652 5712 2746 5766 τοῦ
2767 5715 2996 5778 κανόνος
3061 5718 3255 5771 τούτου
3322 5721 3563 5790 ῥήμασιν
3595 5721 3695 5774 αὑ-

422 5794 647 5848 totidem
696 5793 918 5851 omnino
956 5794 1138 5852 verbis
1198 5795 1271 5849 ita
1308 5792 1692 5864 pronuntiant.
1731 5794 2001 5852 Przeterea

2108 5806 2222 5867 τοῖς
2255 5803 2518 5871 διεξίασιν
2550 5822 2564 5837 θ
2600 5806 2681 5860 ἐτι
2726 5808 2836 5880 μὴν
2863 5814 2955 5865 καὶ
2974 5809 3066 5864 τὸν
3088 5812 3192 5865 ὑπὸ
3226 5812 3551 5885 Κνπριανοῦ
3595 5810 3695 5868 τοῦ
