4056 6402
321 358 458 420 11θῦ
1447 356 1529 417 ΙΝ
1569 355 1738 418 CAN.
1784 355 1811 415 Ι
1855 355 2470 420 CONC.CARTHAG.
3436 354 3586 420 1106‘

319 471 613 541 γενομένου
642 469 1077 543 ἀρχιεπισκόπου
1110 470 1209 541 τῆς
1267 472 1496 540 Ἀφρων
1541 469 1727 540 χώρας
1788 469 1886 522 καὶ

2018 484 2150 533 sero,
2180 470 2455 539 inquiunt,
2476 477 2530 525 et
2557 482 2587 523 a
2606 467 2901 539 Cyprium,
2933 469 3027 539 qui
3056 467 3315 525 Afrorum
3340 469 3577 538 regionis

324 566 628 635 μάρτυρος,
692 563 789 616 καὶ
818 563 922 631 τῆς
948 562 1070 616 κατ’
1092 564 1255 617 αὐτὸν
1281 563 1543 626 ⁸συνόδου,
1605 560 1897 615 ἐκτεθέντα

2018 562 2107 616 iuit
2141 562 2593 633 archiepiscopus
2629 570 2685 616 et
2723 569 2952 630 martyr,
3003 570 3060 617 et
3091 577 3121 616 a
3158 562 3406 632 synodo,
3456 578 3579 631 quae

321 655 549 718 κανόνα,
583 653 649 716 ὃς
670 654 727 705 ἐν
761 654 880 715 τοῖς
915 653 1027 707 τῶν
1050 654 1334 724 προέδρων
1360 656 1552 716 τόποις
1582 656 1680 707 καὶ
1714 653 1897 724 μόνοις

2018 654 2107 710 sub
2163 669 2229 708 eo
2295 654 2421 718 fuit,
2464 655 2674 710 editum
2740 670 3036 721 canonem,
3085 657 3177 726 qui
3243 655 3300 709 in
3355 656 3577 710 illorum

325 744 470 799 κατὰ
504 745 568 797 τὸ
591 744 900 815 παραδοθὲν
929 746 1112 809 αὐτοῖς
1141 746 1261 811 έθος
1309 746 1634 817 ἐκράτησεν.
1683 744 1900 798 Ἐντεῦ-

2018 746 2300 803 υταιευιυηι
2333 746 2471 801 locis
2506 747 2884 802 tantummodo
2910 746 3066 817 juxta
3100 746 3357 801 traditam
3402 746 3472 800 ab
3497 747 3581 800 eis

326 839 418 890 θεν
446 836 539 890 οὖν
563 837 844 891 δείκνυται
873 837 953 890 ὅτι
981 837 1076 891 καὶ
1115 837 1356 907 ἀρχῆθεν
1404 838 1466 891 ού
1532 838 1687 906 παρά
1730 840 1899 892 πᾶσιν

2018 837 2461 897 consuetudinem
2511 848 2764 894 servatus
2805 848 2910 894 est.
2953 837 3028 892 Ex
3076 838 3179 892 hoe
3228 836 3349 891 loco
3390 835 3578 906 igitur,

320 923 390 998 ἦν
413 928 655 998 ἐνεργῶν
680 930 709 983 ό
738 927 941 983 κανών.
964 929 1153 984 Ταῦτα
1186 930 1285 1000 μὲν
1313 929 1407 983 οῦν
1433 931 1501 984 τὰ
1546 931 1647 1001 τῆς
1681 932 1900 985 ἐπιστο-

2018 932 2199 1001 primis
2237 946 2457 1000 quoque
2496 930 2836 1001 temporibus
2870 943 3135 986 canonem
3180 928 3327 982 hunc
3368 928 3605 997 nequa-'

324 1020 425 1090 λῆς
448 1036 463 1051 ’
500 1021 557 1073 at
610 1020 668 1074 δὲ
697 1022 756 1075 ἐν
792 1024 859 1093 τῇ
888 1024 1040 1093 κοινῇ
1066 1022 1351 1091 διασκέψει
1381 1022 1624 1078 δοθεῖσαι
1677 1024 1898 1094 γνῶμαι

2018 1037 2170 1092 quam
2198 1022 2342 1093 apud
2368 1038 2559 1079 omnes
2585 1023 2848 1085 valuisse,-
2875 1021 3035 1077 facile
3060 1028 3312 1090 apparet.
3352 1018 3451 1073 llic
3475 1018 3579 1088 igi-

330 1111 463 1182 παρ’
503 1112 737 1166 ἑκάστου
766 1112 877 1167 τῶν
931 1115 990 1167 ἐν
1053 1116 1123 1185 τῇ
1200 1115 1407 1185 συνόδῳ
1467 1115 1903 1186 συνειλεγμένων

2018 1121 2098 1168 tur
2150 1122 2237 1169 est
2270 1122 2451 1169 textus
2489 1113 2739 1184 epistolae
2779 1130 2795 1168 :
2832 1128 2954 1183 quae
2997 1127 3128 1167 vero
3184 1112 3245 1166 in
3301 1109 3582 1166 communi

325 1200 544 1270 Ξχουσιν
570 1200 725 1255 οὕτω
780 1203 903 1257 κατ’
951 1203 1247 1275 ἐπιτομήνι

2018 1201 2407 1270 disceptatione
2446 1204 2748 1271 dicta-sunt
2782 1219 2812 1258 a
2849 1202 3103 1273 singulis,
3133 1201 3227 1272 qui
3282 1202 3336 1256 in
3372 1201 3585 1272 synodo

2008 1296 2505 1361 convenerant,.ita
2546 1312 2607 1351 se
2640 1296 2866 1351 habent.

774 1383 1116 1450 Κυπριανὸς
1142 1378 1334 1439 εἶπεν.

2543 1385 2845 1458 Cyprianus
2876 1388 3038 1441 dixit.

412 1471 737 1538 Ἠκούσατε,
771 1473 1050 1543 ἀγαπητοὶ
1081 1476 1497 1543 συνεπίσκοποι,
1528 1478 1589 1532 τί
1613 1494 1703 1549 μοι
1729 1479 1902 1551 ἐγρα-

2079 1474 2347 1539 Audistls,
2380 1473 2720 1529 dilectissimi
2761 1473 3072 1544 coepiscopi
3096 1514 3112 1539 ,
3154 1473 3288 1543 quid
3329 1473 3460 1528 mihi
3491 1470 3586 1525 Je-

324 1563 429 1628 ψεν
476 1562 736 1627 ἰοόιανὸς
818 1565 848 1617 ό
900 1566 1302 1630 συνεπίσκοπος
1384 1568 1543 1638 ἡμῶν
1592 1571 1905 1642 συμδουλὴν

2018 1565 2208 1621 vianus
2271 1565 2631 1634 coepiscopus
2668 1573 2878 1630 noster,
2909 1566 2975 1619 de
3002 1564 3195 1620 illicito
3236 1574 3289 1620 et
3351 1564 3581 1634 profano

335 1656 489 1725 παρά
519 1655 619 1725 τῆς
653 1657 1010 1726 μετριότητός
1066 1675 1168 1727 μου
1198 1658 1521 1729 βουλόμενος
1555 1659 1741 1715 λαϐεῖν
1774 1662 1905 1732 περὶ

2018 1659 2393 1715 haereticorum
2426 1658 2695 1728 baptismo
2717 1658 3150 1713 mediocritatem
3181 1665 3428 1712 nostram
3453 1671 3586 1709 con-

323 1747 420 1802 τοῦ
454 1744 669 1802 ἀνοσίου
695 1750 792 1804 καὶ
811 1749 1017 1821 ἀνόμου
1048 1750 1428 1821 βαπτίσματος
1455 1752 1567 1805 τῶν
1587 1753 1901 1825 αἱρετικῶν,

2018 1749 2236 1816 sulcus,
2292 1749 2598 1819 scripserit,
2656 1749 2882 1820 etquid
2927 1764 3027 1820 ego
3076 1749 3128 1804 ei
3181 1749 3584 1817 rescripserit-1,

326 1838 424 1893 καὶ
448 1839 502 1892 τί
534 1838 648 1909 ἐγὼ
677 1840 828 1911 αὐτῷ
857 1842 1201 1913 ἀντέγραψα,
1232 1842 1604 1912 δογματίζων,
1674 1844 1703 1898 ὅ
1755 1845 1906 1910 ἅπαξ

2018 1855 2239 1896 censetis
2270 1841 2521 1904 scilicet,
2548 1841 2693 1911 quod
2716 1841 2884 1896 semel
2921 1848 3090 1909 atque
3119 1841 3316 1895 iterum
3351 1847 3407 1894 et
3445 1854 3590 1907 smne

326 1932 423 1984 καὶ
447 1930 704 2003 δεύτερον
733 1933 830 1987 καὶ
862 1933 1124 1998 πολλάκις
1153 1933 1475 2004 ἐκρίναμεν.
1540 1934 1669 1999 τοὺς
1698 1937 1907 2007 αἱρετι-

2018 1933 2352 1996 censuimus,
2381 1935 2672 1991 haereticos
2720 1934 2788 1990 ad
2832 1934 3139 1989 Ecclesiam
3181 1933 3467 1988 venientes
3493 1931 3591 1985 ba-

324 2024 458 2087 κοὺς
486 2025 615 2087 τοὺς
648 2025 1126 2095 προσερχομένους
1154 2029 1221 2096 τῇ
1239 2026 1541 2099 Ἐκκλησία
1564 2027 1906 2098 βαπτίσματι

2018 2022 2208 2092 ptismo
2235 2024 2535 2095 (Ecclesiae)
2570 2024 2833 2094 baptizari
2857 2036 2911 2079 et
2945 2024 3280 2081 sanctiﬁcari
3310 2031 3587 2093 oportere.

325 2113 697 2179 βαπτίζεσθαι
730 2115 840 2169 δεῖν
871 2115 965 2170 καὶ
986 2116 1340 2184 ἀγιάζεσθαι.
1374 2117 1612 2171 Ἔπειτα
1662 2117 1721 2171 δὲ
1780 2119 1907 2172 ἀνε-

2018 2115 2140 2171 [tem
2170 2116 2323 2170 lectae
2351 2125 2480 2170 sunt
2503 2114 2660 2171 vobis
2676 2126 2732 2171 et
2754 2117 2874 2171 alia:
2894 2116 3093 2172 littera:
3112 2114 3353 2181 Ioviani,
3389 2114 3594 2184 quibus

327 2205 549 2276 γνὼσθη
577 2207 709 2277 ύμῖν
729 2207 827 2261 καὶ
859 2207 998 2262 ἀλλα
1026 2208 1336 2278 γράμματα
1407 2208 1691 2271 ’ἰοδιανοῦ,
1725 2208 1797 2263 δι’
1831 2205 1908 2265 ὢν

2018 2225 2110 2278 pro
2160 2225 2257 2266 sua
2296 2196 2509 2266 sincera
2544 2219 2600 2264 et
2648 2210 2903 2281 religiosa
2947 2209 3235 2266 devotione
3278 2209 3345 2262 ad
3388 2208 3594 2276 episto-

325 2298 473 2353 κατά
502 2298 563 2353 τδ
612 2298 780 2353 αὐτοῦ
803 2298 1032 2361 εὐσεϐὲς
1083 2299 1445 2369 ἀντίγραμμα
1473 2300 1535 2353 οὐ
1582 2300 1744 2370 μόνον
1774 2301 1909 2370 ἡμῖν

2018 2301 2121 2354 lam
2164 2309 2405 2354 nostram
2460 2299 2806 2362 rescribcns,
2851 2315 2960 2353 non
3009 2308 3218 2353 tantum
3259 2297 3419 2352 nobis
3460 2310 3596 2351 con-

328 2389 749 2459 συνευδόκησεν,
780 2388 917 2443 ἀλλὰ
949 2390 1045 2444 καὶ
1071 2394 1138 2461 τῇ
1172 2390 1474 2459 ἐπιγνώσει
1502 2392 1603 2461 τῆς
1644 2390 1911 2457 ἀληθείας

2018 2392 2207 2457 sensit,
2256 2391 2353 2446 sed
2391 2392 2554 2445 etiam
2590 2391 2819 2446 veritate
2858 2392 3190 2445 instructum
3223 2406 3284 2444 se
3315 2404 3442 2443 esse
3469 2402 3599 2457 grao

325 2486 489 2558 χάριν
513 2485 886 2556 ὡμολόγησεν.
921 2486 1251 2540 ’Υπόλοιπον
1283 2487 1377 2542 οὖν
1431 2488 1566 2558 περὶ
1616 2487 1782 2541 αὐτοῦ
1858 2487 1911 2541 τί

2018 2482 2119 2537 tias
2171 2482 2304 2552 egit.
2352 2481 2615 2551 Superest
2669 2482 2738 2536 de
2768 2482 2871 2536 hac
2913 2482 3028 2550 ipsa
3075 2496 3157 2546 re,
3201 2482 3333 2550 quid
3392 2479 3593 2549 singuli

327 2575 566 2639 ἕκαστος
597 2577 758 2647 ἡμῶν
794 2579 988 2646 φρονεί
1030 2578 1227 2644 εἰπεῖν,
1265 2577 1499 2648 μηδενὸς
1526 2577 1620 2645 ἀφ’
1663 2578 1698 2646 ἡ
1711 2576 1828 2646 μῶν
1853 2576 1911 2629 ἐν

2018 2576 2339 2639 sentiamus,
2394 2574 2663 2645 proferre,
2712 2573 2989 2629 neminem
3034 2572 3365 2641 iudicantes,
3417 2580 3513 2626 aut
3562 2586 3599 2626 a

327 2650 884 2736 τούτῳκρινομένου,
911 2667 1073 2739 μηδὲ,
1124 2669 1173 2720 εί
1217 2668 1442 2721 ἐναντία
1517 2669 1769 2739 φρονοίη,
1816 2668 1911 2722 καὶ

2018 2666 2134 2736 iure
2159 2665 2583 2730 communionis,
2606 2666 2652 2722 si
2668 2666 2948 2721 diversum
2967 2664 3223 2728 senserit,
3249 2671 3586 2720 amoventes.

328 2760 698 2828 ἀκοινωνήτου
754 2760 1071 2830 γινομένου.
1123 2758 1264 2813 Οῦτε
1317 2760 1428 2828 γάρ
1477 2778 1563 2825 τις
1615 2762 1911 2817 ἐπίσκοπον

2018 2755 2204 2827 Neque
2261 2756 2411 2812 enim
2469 2757 2760 2827 quisquam
2804 2755 3122 2825 episcopum
3174 2770 3234 2811 se
3284 2754 3598 2818 constituit,

322 2851 523 2903 ἑαυτὸν
573 2852 924 2919 καθίστησιν,
984 2853 1107 2906 οὐδὲ
1164 2856 1467 2924 τυραννικῇ
1518 2854 1780 2924 αὐθαδείᾳ
1834 2855 1911 2916 είς

2018 2856 2112 2901 aut
2142 2850 2431 2919 tyrannica
2479 2858 2688 2905 terrore
2724 2850 2791 2904 ad
2832 2848 3170 2919 obsequendi
3213 2848 3595 2902 necessitatem

326 2942 577 3013 ἀνάγκην
625 2942 721 2995 τοῦ
777 2942 1010 2995 ἕπεσθαι
1078 2943 1230 3013 αὐτῷ
1288 2945 1417 3007 τοὺς
1474 2944 1911 3006 συνεπισκόπους

2018 2929 2373 3012 coepiscopos
2424 2959 2559 3001 suos
2628 2944 2844 3013 adigit,
2905 2941 3345 3013 quandoquidem
3419 2940 3603 2996 omnis

329 3033 600 3106 βιάζεται,
632 3034 793 3087 ὁπότε
818 3031 900 3098 εἷς
916 3036 1150 3097 ἕκαστος
1190 3033 1489 3097 ἐπίσκοπος
1522 3034 1773 3099 ἐξουσίαν
1797 3033 1911 3102 ἔχει

2018 3032 2304 3102 episcopus
2353 3041 2677 3104 potestatem
2733 3035 2897 3089 habet
2958 3035 3128 3090 libere
3193 3032 3427 3089 faciendi
3481 3048 3603 3102 qua:

327 3124 594 3193 πράττειν
619 3124 945 3196 ἐλευθερίως
977 3125 1014 3180 ἃ
1044 3127 1253 3196 φρονεῖ.
1298 3125 1388 3187 Ὠς
1414 3124 1526 3195 γὰρ
1555 3125 1717 3187 αὐτὸς
1752 3126 1911 3179 ἄλλον

2020 3124 2211 3179 sentit.
2282 3124 2353 3181 Ut
2389 3127 2507 3197 ipse
2542 3127 2687 3181 enim
2734 3126 2900 3185 alium
2930 3125 3185 3193 judicare
3234 3141 3343 3180 non
3400 3135 3600 3194 potest,

329 3176 519 3286 at...
554 3176 633 3271 ac;
649 3176 909 3284 δύ-ιατὲιιζ
927 3176 1138 3280 ὀιτιίιέ
1154 3176 1275 3271 διὲξ
1318 3176 1677 3270 etiam.
1698 3176 1911 3287 ’κ’ῥιθῆζ

2293 3176 2351 3181 --
2390 3176 2504 3197 -τη
2930 3176 3182 3193 ,ην-επ
3234 3176 3343 3180 ---π

2026 3218 2106 3275 sic
2146 3234 2251 3274 nec
2301 3220 2368 3273 ab
2412 3219 2519 3273 alio
2569 3220 2829 3288 iudicari.
2880 3219 3016 3274 Nam
3079 3233 3271 3273 omnes
3322 3229 3605 3286 exspecta-

323 3328 438 3365 ναι.
472 3310 852 3381 Περιμὲνομεν
880 3310 989 3381 γὰρ
1018 3311 1221 3375 πάντες
1249 3310 1348 3382 τὴν
1374 3311 1471 3364 τοῦ
1514 3310 1727 3381 Κυρίου,
1758 3310 1911 3380 ἡμῶν

2021 3328 2144 3366 mus
2185 3312 2455 3382 judicium
2519 3310 2735 3365 Domini
2785 3312 2959 3366 nostri
3008 3311 3138 3367 Jcsu
3197 3310 3450 3376 Christi,
3507 3313 3601 3379 qtti

339 3402 518 3471 Ἰησοῦ
572 3399 812 3473 Χριστοῦ
896 3401 1102 3473 κρίσιν,
1153 3401 1214 3465 ὃς
1275 3402 1436 3473 μόνος
1490 3397 1749 3465 ἐξουσίαν
1801 3399 1911 3470 ἔχει

2019 3405 2172 3461 solus
2231 3412 2557 3472 potestatem
2599 3403 2764 3458 habet
2792 3403 2844 3456 in
2875 3402 3116 3458 Ecclesia
3147 3418 3249 3457 sua
3280 3404 3599 3473 episcOpum

326 3491 631 3545 ἐπίσκοπον
670 3492 936 3562 καθιστᾷν
985 3494 1042 3545 ἐν
1106 3494 1174 3562 τῇ
1235 3491 1407 3546 αὑτοῦ
1477 3489 1782 3561 Ἐκκλησία
1821 3490 1911 3541 καὶ

2020 3484 2421 3565 constituendi,
2450 3506 2504 3554 et
2531 3504 2653 3554 acta
2681 3496 3124 3567 uniuscujusque
3168 3496 3520 3554 examinandi
3548 3505 3604 3551 et

324 3582 449 3647 ἑνὸς
510 3582 746 3638 ἑκάστου
795 3584 897 3655 τὴν
943 3583 1147 3655 πρᾶξιν
1208 3582 1486 3650 ἐξετάζειν
1546 3583 1641 3636 καὶ
1683 3580 1915 3650 δοκιμά-

324 3676 463 3741 ζειν.

636 3770 990 3835 Καικίλλιος
1015 3769 1361 3837 Λιϐεράριος
1384 3764 1555 3822 εἶπεν

406 3865 505 3917 Ἕν
547 3864 835 3935 βάπτισμα
866 3865 927 3916 ἐν
977 3864 1115 3933 μόνῃ
1141 3865 1208 3933 τῇ
1254 3862 1555 3933 Ἐκκλησία
1608 3858 1750 3925 οἴδα,
1819 3863 1913 3916 καὶ⁵

322 3960 486 4023 ἐκτὸς
512 3960 614 4029 τῆς
650 3958 987 4028 Ἐκκλησίας
1052 3957 1314 4027 οὐδαμοῦ.
1349 3957 1519 4010 Ἔνθα
1552 3958 1662 4028 γάρ
1688 3959 1804 4010 ἐστι
1854 3957 1913 4008 τὸ

323 4052 389 4105 ἓν
419 4052 727 4122 βάπτισμα,
768 4050 939 4116 ὅντως
967 4053 1063 4104 καλ⁸
1089 4051 1248 4115 ἐλπὶς
1291 4049 1554 4120 ἀληθείας
1615 4051 1756 4113 ἐστὶ,
1816 4051 1911 4103 καὶ

324 4139 533 4201 πίστις.
602 4138 761 4192 Οὕτω
814 4139 925 4213 γὰρ
979 4137 1316 4209 γέγραπται,
1377 4139 1501 4194 Μία
1565 4142 1793 4206 πίστις,
1840 4139 1910 4194 ἓν

315 4231 665 4303 βάπτισμα.
695 4233 769 4287 Ού
809 4232 921 4302 γὰρ
960 4234 1075 4296 τοῖς
1106 4233 1433 4302 αἱρετικοίς,
1496 4232 1631 4303 παρ’
1671 4228 1753 4297 οἷς
1806 4235 1914 4287 οὺ-

320 4323 491 4394 δεμία
521 4324 705 4387 πίστις
737 4324 834 4377 καὶ
864 4324 1047 4389 ἐλπὶς,
1083 4325 1219 4377 ὅπου
1276 4323 1455 4378 πάντα
1522 4325 1722 4396 ψευδῆ,
1775 4327 1910 4381 ὅπου

321 4418 601 4487 ἐξορκίζει
638 4416 1115 4487 δαιμονιζόμενος,
1189 4420 1492 4488 μυστήριον
1537 4419 1740 4491 ἐρωτᾷ,
1766 4413 1829 4474 οὗ
1851 4419 1914 4473 τὸ

2013 3589 2317 3659 iudicandi.

2420 3770 2661 3826 Caecilius
2682 3768 2987 3824 Liberarius
3017 3769 3174 3823 dicit.

2091 3862 2204 3935 Ego
2253 3879 2421 3917 unum
2484 3864 2758 3934 baptisma
2807 3865 2860 3917 in
2907 3862 3155 3925 Ecclesia
3191 3862 3306 3918 sola
3349 3862 3508 3926 scio,
3546 3870 3603 3916 et

2013 3965 2165 4007 extra
2218 3952 2521 4007 Ecclesiam
2572 3951 2784 4005 nullibi.
2823 3950 2898 4005 lbi
2942 3954 3088 4006 enim
3146 3960 3229 4005 est
3274 3964 3443 4004 unum
3491 3948 3603 4003 ba—

2017 4045 2240 4114 ptisma,
2304 4044 2399 4097 ubi
2448 4059 2573 4113 spes
2626 4059 2752 4097 vera
2810 4051 2865 4097 et
2908 4043 3043 4097 ﬁdes
3083 4050 3255 4096 certa.
3315 4041 3407 4096 Sic
3454 4039 3601 4093 enim

2015 4138 2278 4207 scriptum
2298 4146 2415 4191 cst:
2441 4133 2733 4205 Unalﬁdes,
2754 4152 2918 4189 unum
2944 4134 3206 4203 baptisma
3223 4134 3292 4187 ⁸⁷.
3312 4132 3430 4188 Νοη
3454 4133 3601 4186 enim

2016 4232 2162 4301 apud
2195 4229 2505 4294 luereticos,
2556 4228 2647 4281 ubi
2680 4243 2808 4297 spes
2841 4227 2995 4281 nulla
3024 4234 3129 4291 est,
3165 4233 3220 4281 et
3257 4226 3390 4282 ﬁdes
3433 4226 3600 4284 falsa:

2014 4323 2109 4379 ubi
2157 4322 2343 4378 omnia
2391 4337 2486 4391 per
2527 4319 2873 4374 mendacium
2926 4326 3167 4388 aguntur
3197 4358 3212 4383 ,
3257 4319 3347 4374 ubi
3388 4320 3607 4375 exorci-

2017 4426 2104 4473 zat
2130 4418 2522 4480 daemoniacus,
2554 4421 2961 4470 sacramentum
2996 4412 3315 4482 interrogat,
3355 4413 3512 4480 cujus
3538 4429 3603 4469 os

325 4510 507 4579 στόμα
538 4508 781 4579 λοιμώδη
815 4511 910 4561 καὶ
934 4507 1064 4579 ίὼδη
1097 4508 1395 4577 φθέγγεται
1433 4525 1447 4538 ο
1480 4509 1667 4564 πίστιν
1722 4510 1781 4563 δὲ
1833 4509 1911 4563 δί-

2018 4508 2333 4580 pestilentia
2362 4515 2416 4561 et
2453 4519 2731 4560 venenosa
2779 4510 2992 4557 eructat
3025 4520 3038 4556 :
3102 4503 3262 4559 ﬁdem
3294 4512 3476 4557 autem
3513 4503 3608 4557 dat

322 4604 488 4655 δωσιν
514 4602 765 4665 ἄπιστος,
791 4601 985 4670 ἄφεσιν
1033 4600 1321 4672 ἁμαρτιῶν
1359 4604 1592 4673 παρέχει
1643 4603 1912 4675 ἁμαρτω-

322 4692 437 4758 λδς,
461 4692 556 4745 καὶ
590 4694 670 4753 είς
708 4692 883 4762 ὄνομα
908 4693 1149 4762 Χριστοῦ
1184 4692 1475 4763 βασπτίζει
1538 4694 1908 4766 ἀντίχριστος,

325 4786 675 4855 ὑπισχνεῖται
696 4784 844 4857 ζωὴν
867 4786 1085 4857 νεκρὸς,
1124 4788 1353 4859 εἰρήνην
1404 4788 1626 4843 δίδωσιν
1675 4790 1907 4860 εἰρήνης

324 4875 634 4945 ἀλλότριος,
665 4877 800 4931 Θεὸν
847 4878 1188 4932 ἐπικαλεῖται
1243 4878 1597 4952 βλάσφημος,
1659 4879 1908 4952 ίερατείᾳ

325 4967 599 5039 κέχρηται
624 4967 852 5039 ἀσεϐής.
880 4968 946 5023 Oi
976 4969 1162 5029 αὐτοῖς
1214 4972 1641 5044 συνηγοροῦντες
1668 4971 1911 5025 εἰπάτω-

327 5080 428 5114 σαν
449 5064 625 5116 ταῦτα
665 5063 847 5118 πάντα
883 5062 1058 5132 ψευδῆ
1074 5058 1218 5118 εἶναι
1249 5067 1383 5135 περὶ
1450 5065 1913 5139 τῶν-αίρετικῶν..

338 5153 476 5207 Ἰδοὺ
505 5153 650 5208 τίσιν
682 5155 1055 5225 ἀναγκάζεται
1082 5160 1116 5230 ἡ
1183 5158 1485 5226 Ἐκκλησία
1539 5158 1906 5223 συνευδοκεῖν,

327 5245 418 5298 ἵνα
469 5246 638 5316 χωρἰς
696 5246 1078 5318 βαπτίσματος
1136 5251 1231 5306 καὶ
1302 5251 1555 5318 ἀφέσεως
1624 5249 1914 5321 ἁμαρτιῶν

326 5337 592 5403 τοιούτοις
624 5342 1063 5415 συγκοινωνήσῃ.
1120 5344 1306 5406 Ὅθεν,
1371 5343 1615 5413 ἀδελφοὶ,
1688 5342 1915 5413 φεύγειν

331 5432 429 5484 καὶ
481 5432 758 5486 ἐκκλίνειν
785 5433 1100 5507 ὀφείλομεν,
1130 5438 1225 5492 καὶ
1245 5438 1507 5507 χωρίζειν
1530 5437 1762 5500 ἑαυτοὺς
1804 5436 1915 5490 ἀπὸ

325 5524 592 5578 τοιούτων
652 5523 1172 5597 πλημμελημάτων,
1201 5530 1294 5582 καὶ
1323 5527 1381 5582 ἓν
1442 5527 1728 5597 βάπτισμα
1755 5527 1917 5582 κατέ-

327 5632 449 5686 χειν
479 5615 542 5669 τὺ
598 5617 765 5688 μόνον
791 5619 849 5671 ἐν
882 5620 950 5690 τῇ
994 5618 1293 5693 Ἐκκλησία
1343 5620 1626 5693 τοῦ-ιθεοῦ
1671 5620 1914 5691 δεδωρη-

332 5710 521 5781 μένον.
1326 5746 1332 5752 .

449 5878 496 5910 ⁸⁷
528 5881 734 5951 Ephes.
758 5897 836 5952 iv,
859 5883 892 5937 5

2022 4601 2291 4668 inﬁdelis,
2322 4599 2537 4656 veniam
2565 4597 2891 4653 delictorum
2934 4596 3129 4651 tribuit
3160 4589 3484 4663 sceleratus,
3549 4608 3607 4651 et

2021 4694 2076 4749 in
2102 4694 2328 4749 nomine
2350 4691 2557 4748 Christi
2583 4690 2829 4761 baptizat
2859 4690 3256 4753 Antichristus,
3294 4691 3462 4744 vitam
3490 4691 3609 4759 pol-

2020 4787 2219 4843 licetur
2242 4793 2514 4853 mortuus,
2538 4798 2729 4854 pacem
2751 4783 2845 4836 dat
2871 4781 3236 4853 impaciticus,
3256 4783 3426 4837 Deum
3455 4785 3610 4837 invo-

2019 4891 2107 4935 cat
2136 4876 2903 4950 blasphemus,_sacerdotium
2939 4875 3289 4931 administrat
3320 4876 3607 4947 profanus.

2019 4975 2236 5039 Dicant,
2252 4974 2343 5043 qui
2364 4973 2472 5026 illis
2487 4970 2878 5040 astipulantur,
2912 4969 3030 5023 haec
3047 4971 3230 5025 omnia
3247 4971 3380 5026 falsa
3400 4986 3521 5027 esse
3542 4971 3611 5027 de

2020 5068 2312 5123 haereticis.
2328 5066 2468 5120 Ecce
2486 5063 2687 5134 quibus
2705 5061 2942 5117 Ecclesia
2963 5062 3275 5118 consentire
3290 5063 3525 5133 cogitur,
3550 5072 3611 5117 ut

2017 5163 2138 5216 sine
2158 5161 2429 5230 baptismo
2460 5172 2523 5212 ac
2537 5157 2694 5212 venia
2724 5156 3049 5211 delictorum
3075 5172 3200 5212 cutn
3237 5156 3440 5212 talibus
3462 5171 3610 5210 com-

2022 5256 2285 5311 municet.
2306 5254 2484 5319 Quam
2508 5265 2646 5315 rem,
2677 5246 2899 5315 fratres,
2934 5250 3121 5319 fugere
3139 5266 3205 5306 ac
3230 5251 3404 5305 vitare
3438 5250 3606 5304 debe-

2022 5362 2167 5409 mus,
2194 5353 2245 5398 ct
2272 5359 2302 5398 a
2335 5351 2485 5398 tanto
2520 5341 2730 5397 scelere
2763 5355 2862 5394 nos
2886 5355 3165 5411 separare,
3220 5347 3275 5396 et
3312 5354 3479 5392 unum
3514 5340 3608 5392 ba-

2020 5418 2220 5510 ptisma
2267 5446 2471 5506 tenere,
2505 5435 2653 5506 quod
2687 5432 2870 5507 solum
2921 5432 3180 5490 Ecdesia
3229 5430 3329 5487 Dei
3378 5444 3610 5486 conces-

2027 5547 2146 5589 sum
2180 5537 2285 5588 est.
