4056 6400
462 360 599 423 1107

533 566 742 620 Censeo
771 561 994 619 omnem
1037 561 1317 617 hominem
1365 564 1433 618 ab
1476 564 1676 618 haeresi
1730 561 2047 617 venientem

457 657 867 725 baptizandum.
917 655 1145 712 Frustra
1177 656 1324 712 enim
1371 656 1482 711 illic
1524 666 1678 727 putat
1702 672 1826 713 esse
1872 656 2050 725 bapti-

461 762 664 816 zatum,
718 763 846 804 eum
896 763 1007 804 non
1056 749 1137 804 sit
1170 749 1277 805 nisi
1326 765 1496 805 unum
1533 750 1805 820 baptisma
1853 749 1909 803 in
1940 749 2048 810 Ec-

463 844 629 897 clesia
672 843 789 898 sola
824 861 837 897 :
875 842 1005 913 quia
1037 852 1091 897 et
1119 840 1266 898 Deus
1294 858 1436 898 unus
1471 851 1526 898 et
1548 842 1816 914 baptisma
1838 850 2051 904 unum,

460 945 514 989 et
542 934 786 990 Ecclesia
815 940 947 997 una,
994 934 1053 988 in
1093 949 1203 1003 qua
1235 934 1508 1001 baptisma
1553 943 1606 989 et
1658 930 2046 994 sanctiﬁcatio,

462 1039 515 1081 et
546 1042 893 1098 quaecunque
943 1027 1053 1081 alia
1097 1027 1166 1082 ad
1213 1029 1449 1083 salutem
1482 1036 1536 1084 et
1564 1028 1736 1081 vitam
1782 1034 2050 1081 aeternam

464 1130 733 1191 spectant,
789 1120 1173 1191 perﬁciuntur.
1219 1120 1354 1176 Nam
1402 1136 1525 1190 quae
1559 1130 1712 1176 extra
1745 1118 2051 1175 Ecclesiam

463 1222 812 1279 exercentur,
854 1214 1068 1268 nullum
1100 1213 1299 1268 habent
1329 1214 1525 1268 salutis
1552 1212 1832 1267 en‘ectum.

789 1304 1127 1374 Polycarpus
1154 1303 1219 1357 ab
1254 1304 1545 1359 Adrumeto
1568 1305 1731 1360 dixit.

529 1397 632 1463 Qui
674 1398 1065 1452 haereticorum
1092 1397 1366 1468 baptisma
1393 1399 1651 1467 probant,
1683 1406 1931 1454 nostrum
1963 1411 2051 1452 re—

464 1490 700 1562 probum
726 1487 991 1545 cilicium.

776 1581 1019 1637 Novatus
1051 1601 1081 1637 a
1108 1581 1524 1639 Thannubasilio
1551 1584 1708 1637 dixit.

541 1669 694 1726 Licet
735 1672 981 1728 sciamus
1024 1687 1242 1728 omnem
1291 1674 1633 1744 Scripturam
1672 1673 2054 1731 testimonium

473 1763 703 1819 reddere
742 1764 812 1819 de
849 1766 1074 1820 salutari
1106 1767 1379 1837 baptismo
1414 1785 1428 1820 :
1464 1768 1731 1824 debemus
1766 1777 1948 1823 tamen
1988 1766 2055 1821 ﬁ-

1738 356 2020 418 THEUD.
2058 353 2148 412 BA
2158 350 2464 413 ιςΑΜΟΝ

833 469 1081 523 Priamus
1122 486 1155 520 a
1198 468 1456 537 Mestripa
1499 470 1657 523 dixit.
2071 467 2118 520 Α

3610 339 3767 408 1108

2431 458 2692 527 Πρίαμος
2723 456 2841 511 ἀπὸ
2870 454 3221 522 Μαστρὶτης
3259 446 3417 508 εἶπε.

2226 550 2554 623 Δογματίζω
2587 552 2765 605 πάντα
2797 550 3087 619 ἄνθρωπον
3116 547 3227 601 ἀπὸ
3278 546 3551 617 αἱρέσεως
3582 543 3759 613 ἐρχὸο

2155 662 2319 715 μενον
2359 645 2473 697 δεῖν
2534 640 2917 714 βαπτίζεσθαι.
2974 640 3171 709 Μάτην
3222 635 3333 706 γὰρ
3403 636 3566 690 αὐτὸν
3632 637 3763 688 ἐκεῖ

2155 735 2550 807 βεϐαπτίσθαι,
2575 735 2649 804 μὴ
2685 734 2841 797 ὄντος
2886 733 2934 785 εί
2967 730 3042 802 μὴ
3090 729 3213 791 ἐνὸς
3268 727 3651 799 βαπτίσματος
3692 729 3764 779 ἐν

2159 834 2229 903 τῇ
2258 829 2557 901 Ἐκκλησία
2594 830 2730 900 μόνῃ
2751 846 2766 861 ·
2793 828 2918 881 ἐπεὶ
2956 827 3101 880 καὶὸ
3124 824 3260 888 Θεὸς
3324 820 3427 887 εἵς,
3488 825 3585 877 καὶ
3650 823 3764 892 βά-

2156 940 2373 994 πτισμα
2403 922 2481 987 ἐν,
2511 922 2608 975 xa't
2652 920 2952 991 Ἐκκλησία
2986 919 3108 988 μία,
3141 914 3201 971 ἐν
3352 916 3415 969 τὸ
3460 915 3763 986 βάπτισμα

2156 1016 2255 1070 καὶ
2286 1016 2315 1067 ὁ
2350 1014 2627 1085 ἁγιασμὸς
2678 1015 2775 1067 καὶ
2813 1014 2918 1067 ὅσα
2950 1011 3089 1068 ἄλλα
3152 1012 3236 1073 είς
3309 1008 3588 1077 σωτηρίαν
3656 1009 3763 1061 καὶ

2156 1111 2239 1173 είς
2266 1109 2412 1179 ζωὴν
2444 1106 2667 1162 αἰώνιον
2692 1105 3049 1159 ἐπιτελεῖται.
3081 1102 3165 1157 Τὰ
3191 1103 3298 1171 γὰρ
3352 1100 3458 1164 ἔξω
3488 1096 3587 1169 τῆς
3623 1099 3763 1152 Ἕκα

2156 1204 2389 1277 κλησίας
2417 1203 2683 1273 γινόμενα
2719 1203 2800 1264 είς
2819 1200 2973 1253 οὐδὲν
3000 1198 3210 1252 τούτων
3232 1197 3572 1262 ἀφικνεῖται.

2375 1297 2778 1362 Πολύκαρπος
2823 1295 2880 1346 Ἀ
2891 1291 3227 1360 δραμέντου
3251 1287 3445 1343 εἶπεν.

2229 1389 2291 1441 Ol
2317 1387 2379 1441 τὸ
2404 1388 2513 1441 τῶν
2545 1386 2841 1456 αἱρετικῶν
2886 1385 3175 1455 βάπτισμα
3232 1379 3626 1451 δοκιμάζοντες
3694 1380 3767 1433 τὸ

2155 1478 2429 1552 ἡμέτερον
2460 1471 2723 1549 άδόκιμον
2751 1477 2991 1531 ποιοῦσι.
3288 1488 3297 1495 ‘

2298 1571 2605 1637 Νουϐάτος
2623 1570 2743 1625 ἀπὸ
2786 1564 3323 1632 Θαννουὸασιλέως
3351 1560 3552 1619 εἶπεν.

2232 1665 2415 1718 Πᾶσαι
2449 1664 2507 1716 αί
2543 1663 2760 1733 Γραφαὶ
2800 1658 3144 1731 μαρτυροῦσι
3181 1659 3314 1729 περὶ
3369 1657 3490 1718 ἐνὸς
3529 1653 3627 1709 καὶ
3668 1655 3765 1725 μό-

2162 1773 2256 1810 νου
2290 1755 2386 1809 τοῦ
2422 1750 2481 1808 ἐν
2503 1757 2569 1825 τῇ
2632 1753 2934 1824 Ἐκκλησία
2994 1750 3377 1821 βαπτίσματος
3437 1747 3716 1817 σωτηρίου
3750 1763 3767 1778 ·

470 1855 592 1909 dem
625 1861 871 1910 nostram
903 1855 1068 1927 369
1093 1859 1423 1926 exprimere,
1454 1856 1815 1911 uthacreticos
1832 1866 1884 1911 et
1914 1856 2064 1912 scitis

2183 1849 2458 1919 ιφείλομεν
2626 1820 2921 1917 ἡμετέραν⁷
2980 1820 3169 1897 πίστιν
3211 1843 3579 1911 ὁμολογῆσαι,
3674 1839 3772 1893 ἵνα

470 1946 731 2002 smaticos
756 1950 823 2000 ad
856 1947 1158 2004 Ecclesiam
1190 1950 1493 2015 venientes,
1511 1959 1635 2018 post
1652 1948 1849 2004 falsum
1870 1963 2060 2003 eorum

472 2036 748 2104 baptisma
800 2052 936 2094 vero
998 2041 1363 2112 baptizemus.
1409 2043 1646 2113 Ideoque
1686 2056 1902 2106 omnes,
1970 2039 2061 2110 qui

468 2127 598 2183 inde
634 2129 702 2183 ad
730 2128 1030 2187 Ecclesiam
1082 2136 1335 2190 conversi
1377 2142 1541 2199 sunt,
1578 2134 1696 2203 ipse
1749 2131 2059 2203 baptizavi,

466 2227 522 2271 et
573 2220 891 2291 quicunque
953 2240 1019 2279 ex
1064 2225 1214 2282 clero
1251 2225 1491 2281 ordinati
1536 2224 1868 2281 videbantur
1918 2225 2063 2279 inter

467 2310 640 2369 inice-3
674 2315 873 2386 recepi.

812 2406 1168 2461 Nemuiamts
1198 2425 1231 2461 a
1258 2407 1532 2462 Thubunis
1556 2408 1714 2463 dixit.

541 2492 844 2564 Baptisma,
891 2498 1038 2567 quod
1089 2498 1185 2553 dat
1232 2500 1524 2555 haereticus
1556 2509 1608 2557 et
1638 2502 2058 2566 schismatieus,

474 2599 583 2639 non
613 2600 740 2641 esse
771 2601 988 2656 verum,
1036 2588 1242 2659 ubique
1276 2593 1331 2645 in
1372 2594 1675 2663 Scripturis
1725 2596 1935 2652 sanctis
1962 2595 2059 2650 de-

474 2678 742 2731 claratum
780 2685 866 2733 est
898 2696 914 2735 :
948 2682 1212 2750 quoniam
1264 2682 1367 2754 ipsi
1399 2686 1683 2755 praepositi
1711 2701 1902 2742 eorum
1936 2686 2091 2757 falsi,

472 2765 673 2821 cbristi
702 2776 832 2821 sunt
868 2776 923 2823 et
960 2767 1083 2825 falsi
1115 2771 1418 2842 prephet‘m.

913 2858 1211 2916 Ianuarius
1245 2880 1279 2916 α
1307 2863 1455 2917 Laba
1480 2865 1638 2922 dixit.

544 2950 860 3005 Secundum
937 2952 1353 3023 Scripturarum
1417 2968 1743 3015 sanctarum
1819 2964 2063 3017 auctori-

472 3052 640 3097 tatem
672 3044 913 3099 decerno
944 3046 1236 3105 haereticos
1267 3064 1461 3106 omnes
1487 3052 1872 3124 baptizandos,
1897 3063 1951 3110 et
1981 3059 2061 3112 sic

474 3138 529 3193 in
562 3138 867 3194 Ecclesium
904 3152 1153 3196 sanctam
1186 3144 1587 3202 admittendos.

810 3232 1007 3289 Lucius
1039 3252 1071 3289 a
1097 3236 1452 3307 Castragatba
1485 3242 1647 3297 dixit.

547 3326 817 3383 Dominus
842 3327 897 3382 in
926 3328 1225 3400 Evangelio
1251 3332 1425 3386 dixit:
1478 3332 1580 3388 Vos
1607 3336 1735 3389 estis
1760 3339 1844 3391 sat
1868 3348 2063 3394 terrm:

477 3417 734 3471 siautem
765 3417 852 3471 sal
901 3410 1229 3489 infdtuatum
1271 3423 1454 3492 fuerit,
1502 3427 1559 3479 in
1600 3444 1702 3496 quo
1732 3429 1959 3485 salietur
1976 3430 2067 3485 ⁸⁸ἳ

475 3507 613 3560 Cum
667 3509 836 3578 igitur
898 3511 1258 3567 manifestum
1318 3518 1392 3570 sit
1470 3518 1803 3589 haereticos,
1865 3523 1916 3576 id
1982 3534 2066 3579 est

477 3601 671 3655 hostes
727 3600 845 3667 Dei,
879 3618 989 3657 non
1027 3619 1192 3674 posse
1240 3624 1576 3678 quemquam
1627 3613 1902 3682 spirituali
1936 3630 2069 3672 con-

477 3691 717 3745 lessione
780 3693 1083 3760 viviﬁcare,
1142 3698 1290 3766 quod
1348 3698 1607 3755 infatuati
1650 3704 1761 3757 sint
1797 3716 1854 3759 et
1905 3716 2062 3762 extra

480 3782 786 3839 Ecclesiam
815 3801 829 3851 ;
878 3786 1206 3844 accedentes
1241 3805 1338 3845 eos
1367 3800 1564 3846 sancto
1597 3793 1929 3863 baptismate
1968 3800 2066 3854 ba-

482 3873 689 3941 ptizare
721 3874 1008 3933 debemus.

930 4060 1181 4117 Crescens
1212 4078 1245 4115 a
1275 4060 1433 4116 Creta
1462 4063 1619 4120 dixit.

554 4156 771 4213 Censeo
794 4165 849 4211 et
873 4157 991 4226 ipse
1022 4156 1316 4211 haereticos
1343 4168 1396 4211 et
1425 4159 1835 4225 scltismaticos,
1871 4161 1965 4230 qui
2002 4162 2068 4215 ad

481 4250 813 4305 catholicam
880 4248 1185 4304 Ecclesiam
1218 4250 1495 4306 voluerint
1527 4254 1736 4317 venire,
1794 4269 1902 4308 non
1946 4264 2072 4309 ante

482 4343 850 4412 recipiendos,
895 4357 1061 4411 quam
1098 4346 1395 4400 exorcizati
1441 4354 1495 4401 et
1527 4348 1792 4416 baptizati
1822 4346 2069 4413 fuerint;

482 4435 730 4505 exceptis
760 4436 851 4502 iis,
880 4436 972 4505 qui
1004 4436 1058 4489 in
1090 4435 1332 4493 Ecclesia
1384 4437 1589 4493 fuerint
1631 4449 1755 4494 ante
1782 4438 2070 4509 baptizati.

2163 1944 2291 2005 τοὺς
2334 1940 2652 2011 αίρετικοὺς
2682 1940 2778 1992 καὶ
2816 1934 3219 2008 σχισματικοὺς
3270 1931 3770 2003 προσερχομένους

2163 2039 2231 2106 τῇ
2284 2032 2587 2104 Ἐκκλησία
2628 2031 2768 2102 μετὰ
2795 2030 2858 2083 τὸ
2914 2018 3105 2099 ψευδὲς
3182 2027 3414 2079 ἐκείνων
3470 2025 3775 2094 βάπτισμα

2163 2126 2245 2199 τῷ
2281 2125 2479 2194 ἀληθεῖ
2505 2124 2885 2194 βαπτίσωμεν.
2920 2121 3033 2174 Καὶ
3092 2119 3180 2172 διὰ
3258 2117 3421 2171 τοῦτο
3465 2116 3580 2185 ἐγὼ
3640 2117 3779 2178 τοὺς

2165 2220 2377 2273 ἐκεῖθεν
2409 2212 2663 2278 ἐλθόντας
2698 2215 2912 2277 πάντας
2951 2212 3249 2277 ἐϐάπτισα,
3334 2210 3430 2263 καὶ
3483 2210 3615 2272 τοὺς
3661 2209 3781 2262 ἀπὸ

2167 2310 2371 2381 κλήρου
2421 2308 2604 2361 αὐτῶν
2632 2307 2856 2367 λαῖκοὺς
2888 2304 3113 2372 ἔστησα.

2400 2398 2782 2470 Νεμεσιανὸς
2817 2397 2934 2451 ἀπὸ
2968 2395 3328 2449 Θουὸούνων
3354 2389 3508 2447 εἷπε.

2232 2486 2533 2562 Βάπτισμα
2564 2491 2593 2543 ὃ
2623 2490 2842 2543 δίδωσιν
2882 2487 3156 2559 αίρετικδς
3235 2486 3335 2539 καὶ
3396 2484 3782 2554 σχισματικὸς

2171 2586 2249 2658 μὴ
2281 2579 2426 2638 εἶναι
2452 2583 2653 2653 ἀληθὲς
2684 2584 2860 2635 πᾶσαι
2929 2581 2985 2633 αἱ
3054 2579 3276 2650 Γραςραὶ
3331 2576 3723 2648 μαρτυροῦσιν

2167 2681 2292 2733 ἐπεὶ
2324 2677 2482 2732 αὐτοὶ
2520 2678 2570 2730 oi
2604 2674 2953 2747 προεστῶτες
2983 2673 3168 2727 αὐτῶν
3226 2670 3620 2743 ψευδόχριστοι
3660 2670 3780 2723 εἰσι

2168 2775 2264 2828 καὶ
2288 2770 2771 2843 ψευδοπροφῆται.

2411 2861 2818 2931 ἰαννουάριος
2848 2860 2969 2915 ἀπὸ
3008 2856 3211 2927 Λαϐἦς
3236 2854 3396 2915 εἶπε.

2241 2954 2399 3009 Κατὰ
2438 2954 2505 3005 τὰ
2542 2952 2950 3025 προστάγματα
2979 2951 3091 3003 τῶν
3120 2948 3294 3017 ἁγίων
3324 2947 3565 3019 Γραφῶν
3594 2946 3783 3018 κρίνω

2166 3046 2279 3099 δεῖν
2342 3045 2552 3108 πάντας
2604 3044 2734 3105 τοὺς
2818 3042 3134 3112 αἱρετικοὺς
3217 3039 3613 3112 βαπτίζεσθαι,
3676 3040 3784 3092 καὶ

2088 3161 2138 3225 c
2167 3138 2338 3201 οὕτως
2376 3138 2457 3200 είς
2482 3136 2583 3208 τὴν
2639 3136 2801 3204 ἁγίαν
2846 3133 3181 3203 Ἐκκλησίαν
3214 3132 3656 3225 προσδέχεσθαι.

2401 3230 2655 3293 Λούκιος
2675 3228 2793 3282 ἀπὸ
2833 3224 3311 3297 Γαστρογαλόἦς
3338 3222 3530 3280 εἶπεν.

2249 3324 2307 3378 Ὀ
2342 3324 2549 3393 Κύριος
2576 3323 2634 3375 ἐν
2661 3320 2739 3387 τῷ
2773 3319 3094 3391 Εὐαγγελίῳ
3144 3321 3314 3391 φησίν
3347 3335 3363 3351 ·
3402 3319 3596 3389 Ὑμεῖς
3626 3320 3787 3374 ἐστε

2168 3421 2234 3474 τὸ
2270 3418 2425 3484 ἅλας
2445 3416 2557 3485 τῆς
2607 3414 2719 3485 γῆς
2745 3430 2760 3447 ⁶
2793 3414 2903 3468 ἐὰν
2934 3413 3004 3467 δὲ
3039 3416 3106 3468 τὸ
3180 3413 3335 3481 ἅλας
3358 3412 3675 3483 μωρανθῇ,
3709 3414 3788 3468 ἐν

2169 3514 2290 3567 τίνι
2317 3511 2762 3577 ἁλισθήσεταω
2831 3508 2995 3563 ὁπότε
3063 3504 3157 3563 οὖν
3226 3508 3401 3575 σαφές
3473 3510 3596 3561 ἐστι
3644 3510 3787 3573 τοὺς

2169 3604 2509 3675 αίρετικοὺς,
2550 3602 2837 3657 τουτέστιν
2862 3600 3099 3672 ἐχθροὺς
3171 3599 3266 3655 τοῦ
3306 3600 3466 3666 Θεοῦ,
3534 3601 3614 3671 μὴ
3662 3600 3786 3656 δεῖν

2171 3696 2434 3751 δύνασθαι
2471 3695 2815 3767 ζωοποιῆσαι
2846 3711 2971 3748 τινα
3042 3697 3397 3765 πνευματικῇ
3436 3716 3446 3750 ῖ
3471 3694 3781 3765 ὁμολογίᾳ,

2177 3789 2569 3862 μωρανθέντας
2615 3788 2819 3851 αὐτοὺς
2860 3788 2957 3841 καὶ
3004 3786 3110 3854 ἔξω
3134 3788 3295 3851 ὄντας
3332 3787 3472 3857 ίτῆς
3535 3785 3786 3857 Ἐκκλη-

2173 3878 2317 3941 σέας,
2349 3878 2490 3948 ἁγίῳ
2514 3876 2857 3948 βαπτίσματι
2889 3874 3177 3948 βαπτίζειν
3202 3877 3404 3942 αὐτοὺς
3430 3878 3785 3948 ἐρχομένους

2174 3969 2486 4041 ὀφείλομεν.

2530 4065 2804 4135 Κρίσκης
2841 4065 2961 4121 ἀπὸ
2985 4062 3225 4132 Κρήτης
3252 4060 3409 4118 εἷπε.

2244 4156 2357 4209 Καὶ
2387 4154 2549 4221 αὐτὸς
2594 4161 2720 4221 τοὺς
2785 4158 3100 4229 αἱρετικοὺς
3193 4156 3291 4210 καὶ
3343 4157 3785 4227 σχισματικοὺς,

2174 4249 2379 4303 ὁπόταν
2416 4252 2497 4313 είς
2520 4251 2620 4322 τὴν
2661 4252 2998 4322 Ἐκκλησίαν
3033 4252 3134 4321 τὴν
3162 4250 3471 4321 καθολικὴν
3542 4250 3781 4317 ἔλθωσι,

2178 4341 2255 4414 μὴ
2296 4343 2564 4413 πρότερον
2594 4343 2878 4415 δεχθῆναι,
2920 4344 3052 4415 πρὶν
3080 4342 3447 4413 ἐξορκισθῶσι
3524 4346 3624 4395 καὶ
3669 4343 3785 4414 βα-

2179 4434 2471 4500 πτισθῶσι,
2514 4435 2688 4505 χωρὶς
2713 4436 2941 4489 ἐκείνων
2991 4434 3101 4487 τῶν
3124 4436 3191 4505 τῇ
3238 4433 3543 4505 Ἐκκλησία
3571 4433 3790 4504 βαπτι-

482 4535 539 4580 et
568 4527 639 4582 ab
677 4541 740 4581 ea
777 4526 1103 4614 defecerint.
1133 4527 1194 4583 Hi
1232 4528 1379 4584 enim
1411 4529 1794 4598 paenitentiam
1842 4536 2064 4599 agentes

2183 4526 2420 4582 σθέντων
2452 4530 2546 4582 καὶ
2586 4530 2949 4585 ἀποστάντων
2980 4543 2997 4562 ο
3029 4522 3176 4583 οὗτοι
3211 4528 3323 4599 γὰρ
3350 4528 3634 4599 ὀφείλουσι
3678 4546 3794 4601 με-

482 4636 584 4690 per
614 4634 878 4675 manuum
908 4623 1318 4691 impositionem
1369 4623 1542 4678 solam
1574 4620 1837 4677 Ecclesia:
1880 4638 2074 4680 recou-

483 4713 661 4768 eiliari
701 4712 926 4771 debent.

833 4808 1154 4867 Nicomedes
1185 4829 1218 4866 a
1248 4810 1552 4883 Sergomeis
1581 4812 1744 4867 dixit.

481 4944 485 4949 .
553 4897 672 4955 Mea
724 4903 999 4957 sententia
1051 4905 1169 4958 haec
1197 4913 1325 4959 est:
1385 4902 1455 4959 Ut
1494 4904 1737 4963 haeretici
1778 4909 1844 4964 ad
1880 4906 2072 4964 Eccle-

483 4992 623 5046 siam
674 4994 959 5052 venientes
986 4996 1341 5065 baptizeutur
1384 5011 1450 5050 eo
1493 4999 1641 5067 quod
1687 5003 1891 5055 nullam
1933 5001 2069 5055 foris

484 5097 837 5155 peccatorum
894 5089 1278 5145 remissionem
1312 5092 1593 5146 consecuti
1645 5093 1755 5149 sint
1792 5095 1863 5149 ab
1896 5095 2072 5149 hmre-

482 5178 610 5234 ticis
638 5179 924 5251 baptizati.

833 5272 1201 5327 Secundianus
1228 5289 1258 5326 a
1292 5272 1552 5331 Carindia
1580 5279 1740 5332 dixit.

553 5365 692 5420 Cum
746 5367 1013 5420 Dominus
1040 5374 1229 5421 noster
1256 5367 1415 5424 Jcsus
1443 5372 1700 5427 Christus
1734 5372 1883 5425 dicat
1917 5389 1929 5425 :
1970 5371 2074 5435 Qui

484 5471 587 5509 non
613 5468 693 5513 est
735 5474 961 5519 mecum,
993 5468 1182 5512 contra
1213 5477 1293 5515 me
1322 5471 1438 5528 est;
1471 5471 1525 5515 et
1565 5462 1810 5517 Joannes
1854 5472 2075 5531 aposto-

486 5547 574 5603 lus
616 5565 738 5614 eos,
784 5550 877 5618 qui
907 5550 977 5604 ab
1014 5549 1261 5608 Ecclesia
1310 5563 1534 5621 exeunt,
1594 5554 1956 5611 antichristus
1994 5553 2078 5608 tli-

487 5651 611 5707 cat;
660 5644 1003 5712 impossibile
1057 5647 1201 5701 enim
1253 5659 1357 5712 c5t,
1405 5658 1463 5702 ut
1502 5648 1604 5718 ipsi
1651 5650 1842 5719 gratiae
1882 5648 2075 5728 Dei_et

598 5824 853 5880 l"‘Matth.
894 5843 946 5894 v,
992 5829 1076 5883 15.

2173 4622 2542 4693 τανοήσαντες
2582 4623 2933 4695 χειροθεσίας
2970 4622 3145 4693 μόνης
3173 4624 3383 4692 τυχεῖν.

2404 4805 2750 4877 Νικομήδης
2788 4804 2908 4859 ἀπὸ
2932 4805 3280 4875 Σερτομέων
3305 4816 3499 4859 alter.

2258 4902 2326 4955 'H
2356 4902 2466 4971 ἐμὴ
2489 4899 2768 4968 ἀπόφασις
2794 4896 2935 4967 αὕτη
2960 4897 3109 4952 ἐστίν
3140 4914 3158 4932 ο
3225 4897 3347 4951 Ἵνα
3407 4900 3454 4951 oi
3500 4898 3794 4967 αἱρετικοὶ

2178 4992 2247 5068 τῇ
2293 4991 2596 5064 Ἐκκλησία
2656 4991 3095 5061 προσερχόμενοι
3188 4988 3567 5060 βαπτισθᾶωιν
3596 5007 3611 5023 ο
3653 4993 3795 5046 ἐπεὶ

2184 5082 2456 5158 μηδεμίαν
2483 5084 2588 5149 ἔξω
2619 5083 2819 5153 ἄφεσιν
2852 5083 3138 5153 ἁμαρτιῶν
3164 5083 3457 5154 είλήφασιν
3524 5082 3632 5136 ὑπὸ
3670 5086 3794 5140 τῶν

2184 5178 2479 5251 αἱρετικῶν
2537 5176 2954 5248 βαπτισθέντες.

2353 5268 2795 5336 Σεκουνδιανὸς
2816 5268 2935 5323 ἀπὸ
2974 5267 3303 5335 Καρινδίας
3339 5263 3535 5321 εἶπεν.

2256 5368 2433 5421 Ὅτιὸ
2464 5365 2673 5440 Κύριος
2701 5363 2860 5433 ἡμῶν
2916 5362 3127 5433 Ἰησοῦς
3179 5360 3419 5435 Χριστὸς
3461 5363 3613 5431 λέγει
3648 5380 3665 5396 ⁸
3729 5364 3793 5417 Ὀ

2176 5462 2261 5533 μὴ
2284 5460 2507 5529 ὢνμετ⁹
2549 5456 2701 5527 ἐμοῦ
2734 5455 2867 5509 κατ’
2898 5454 3046 5524 ἐμοῦ
3078 5454 3212 5509 ἐστι
3246 5470 3260 5485 ’
3296 5454 3390 5507 καὶ
3462 5454 3727 5525 Ἰωάννης
3760 5458 3794 5510 ὁ

2181 5552 2482 5616 ἀπόστολος
2521 5552 2648 5613 τοὺς
2676 5548 3070 5621 ἐξερχομένους
3101 5550 3203 5619 τῆς
3261 5547 3595 5618 Ἐκκλησίας
3624 5548 3791 5601 ἀντι-

2184 5646 2440 5721 χρίστους
2471 5644 2752 5717 ὀνομάζει.
2835 5639 3128 5696 Ἀδύνατον
3184 5639 3292 5713 γάρ
3352 5639 3507 5696 ἐστιν
3576 5641 3794 5707 αὐτους
