4056 6398
318 330 458 397 1109

1445 329 1520 390 ΙΝ
1554 328 1721 390 CAN.
1770 323 2034 386 ICONC.
2081 326 2469 392 CARTHAG.

3435 324 3576 390 1110

311 451 659 521 ὑπηρετῆσαι
688 450 877 520 χάριτι
910 447 1050 502 Θεοῦ
1079 446 1177 502 καὶ
1208 444 1463 516 σωτηρίῳ
1498 444 1845 515 βαπτίσματι
1870 455 1883 471 ’

2002 445 2217 501 salutari
2255 446 2532 515 baptismo
2574 443 2922 502 inserviant:
2959 444 3023 501 ἐι
3065 444 3418 505 ideo-censeo
3457 464 3577 509 eos.

308 546 406 596 καὶ
440 543 529 596 διὰ
554 543 714 597 τοῦτο
747 544 919 614 κρίνω
973 541 1100 603 τοὺς
1155 541 1224 609 τῇ
1291 537 1594 607 Ἐκκλησία
1663 534 1895 607 προσελ-

311 635 507 701 θόντας
534 634 906 707 βαπτισθῆναι
942 634 1074 704 παρ’
1100 631 1281 703 ἡμῶν.

647 726 839 796 Φῆλιξ
865 728 986 782 ἀπὸ
1013 725 1300 795 Γαμετῶν
1324 720 1518 779 εἶπεν.

388 823 479 888 Ὠς
514 820 710 885 τυφλδς
744 820 947 889 τυφλὸν
970 817 1182 888 ὁδηγῶν
1214 818 1331 887 ἅμα
1359 818 1439 879 είς
1472 814 1663 886 βόθρον
1690 814 1899 885 ἐμπίπ-

304 931 514 981 τουσιν,
536 913 711 976 οὕτως
727 914 999 982 αἱρετικὸς
1016 909 1294 983 αἱρετικὸν
1322 907 1683 979 βαπτίζωντῷ
1703 908 1896 979 βαπτι-

306 1006 523 1076 ζομένῳ
556 1006 1019 1075 συναποθνήσκει,
1038 1005 1147 1057 Καὶ
1182 1002 1270 1056 διὰ
1299 1001 1460 1055 τοῦτο
1486 1002 1616 1070 παρ’
1645 1002 1776 1070 ἡμῖν
1806 1001 1897 1055 τὸν

308 1096 1001 1168 αἱρετικὸν-βαπτισθῆναι
1037 1097 1136 1161 δεῖ,
1184 1096 1269 1150 ἵνα
1305 1095 1381 1166 μὴ
1426 1097 1590 1165 ἡμεῖς
1621 1097 1670 1149 οἱ
1694 1095 1898 1160 ζῶντες

312 1193 532 1261 νεκροῖς
564 1192 1007 1259 κοινωνήσωμεν.

416 1282 774 1349 Σουκέντιος
795 1282 917 1337 ἀπὸ
964 1283 1555 1352 Ἀϐιργεμανικιαγῆς
1572 1279 1763 1337 εἶπεν.

379 1376 747 1446 Αίρετικοῖςῆ
782 1375 933 1431 οὐδὲν
965 1374 1202 1441 ἔξεστιν,
1244 1379 1277 1447 ἢ
1322 1378 1524 1431 πάντα.
1548 1378 1611 1430 Ei
1640 1376 1896 1431 δύνανται

311 1464 597 1538 βαπτίσαη
662 1468 922 1523 δύνανται
980 1472 1075 1523 καὶ
1151 1470 1380 1541 Πνεῦμα
1439 1470 1597 1539 ἅγιον
1689 1469 1896 1523 δοῦναι.

323 1560 479 1614 ἐπει
499 1560 556 1615 δε
590 1561 665 1631 μὴ
688 1560 927 1631 ἔχουσιν,
965 1562 1086 1615 οὐδὲ
1111 1562 1501 1630 πνευματικῶς
1532 1562 1858 1632 βαπτίζουσι
1882 1575 1895 1589 θ

309 1651 407 1704 καὶ
436 1652 527 1705 διὰ
564 1651 729 1706 τοῦτο
752 1653 924 1721 κρίνω
955 1654 1071 1707 δεῖν
1144 1654 1271 1716 τοὺς
1328 1653 1645 1724 αίρετικοὺς
1702 1652 1897 1725 βαπτίο

307 1741 339 1805 ζ
344 1741 518 1796 εσθαι.

485 1835 906 1903 Φορτουνάτος
937 1837 1056 1892 ἀπὸ
1080 1838 1439 1908 Θουκταϐῶρ
1467 1835 1639 1893 εἶπεν
1660 1856 1673 1869 ·

375 1927 440 1982 ΟΞ
465 1926 571 1994 ἔξω
601 1928 705 1997 τῆς
743 1930 1070 2001 Ἐκκλησίας
1092 1931 1247 1995 ὄντες
1276 1932 1511 1987 ἐναντίοι
1539 1933 1616 2002 τῷ
1646 1933 1888 2005 Χριστῷ,

302 2019 380 2082 ὡς
412 2019 482 2073 τὰ
516 2021 772 2091 πρόϐατα
811 2024 904 2076 καὶ
934 2024 1036 2095 τὴν
1075 2025 1279 2095 ἀγέλην
1335 2025 1505 2079 αὐτοῦ
1563 2026 1890 2097 σκορπίζον·

304 2127 417 2179 τις,
450 2112 737 2184 βαπτίζειν
770 2115 877 2181 ἔξω
914 2118 976 2171 οὐ
1015 2117 1299 2172 δύνανται.

656 2209 925 2277 Θήὸατος
959 2210 1079 2266 ἀπὸ
1110 2210 1389 2281 Θουρϐὤν
1416 2203 1569 2268 sine.

376 2294 536 2368 Πάσῃ
575 2298 807 2367 δυνάμει
844 2301 1181 2367 ἀγωνιστέον
1213 2302 1299 2357 ἵνα
1332 2305 1406 2372 μὴ
1437 2306 1464 2357 ὁ
1495 2304 1594 2375 τὴν
1648 2305 1758 2360 τῶν
1810 2308 1894 2366 αἱ·

313 2392 548 2457 ρετικῶν
580 2392 792 2464 πλάνην
848 2395 1008 2458 ἀφεὶς
1066 2396 1125 2450 τὸ
1200 2398 1364 2466 μόνον
1388 2400 1489 2470 τῆς
1560 2400 1895 2471 Ἐκκλησίας

313 2480 601 2552 βάπτισμα
641 2485 870 2557 διστάσῃ
920 2488 1129 2553 λαϐεῖν,
1220 2484 1265 2558 ᾧ
1304 2509 1389 2554 τις
1448 2494 1520 2564 μὴ
1572 2493 1895 2564 βαπτισθεὶς

306 2573 691 2644 ἀλλοτριοῦται
729 2581 830 2649 τῆς
860 2580 971 2634 τῶν
1000 2582 1248 2651 οὐρανῶν
1279 2584 1583 2655 βασιλείας.

344 2672 349 2675 ’
514 2671 921 2739 Προϐατιανὸς
961 2675 1085 2728 ἀπὸ
1121 2678 1412 2747 Σοφετίης
1428 2674 1621 2736 εἶπεν.

382 2759 446 2811 ΕΞ
479 2761 587 2814 ἀπὸ
617 2762 754 2817 Θεοῦ
790 2767 823 2836 ἡ
855 2766 1072 2836 αἵρεσίς
1104 2769 1277 2832 ἐστιν,
1326 2768 1440 2835 ἕξει
1476 2773 1759 2844 αἱρετικδς
1800 2777 1897 2829 καὶ

309 2850 725 2921 δωρεὰνΔΘεοῦο
762 2859 893 2910 εἰδὲ
923 2860 997 2928 μή
1041 2848 1329 2916 ἐστινάπὸ
1376 2863 1536 2931 Θεοῦ,
1584 2866 1702 2930 πῶς
1732 2865 1894 2921 δύνα-

309 2960 398 3027 ται
426 2946 589 3011 αὐτὸς
630 2949 894 3022 ἔχειντὴν
926 2953 1089 3023 χάριν
1134 2956 1229 3009 τοῦ
1280 2956 1417 3010 Θεοῦ
1476 2958 1571 3012 καὶ
1614 2959 1759 3029 ἄλλῳ
1818 2961 1898 3013 δι-

307 3034 457 3093 δόναι
485 3055 500 3106 ;
1286 3052 1289 3055 '

625 3135 984 3202 Mor-mixtae
1009 3138 1128 3193 ἀπὸ
1151 3139 1381 3209 Γέρϐης
1411 3138 1565 3199 εἷπε.

377 3221 486 3278 Τοῦ
510 3226 722 3297 Κυρίου
754 3229 1007 3297 λέγοντος
1026 3248 1042 3263 ο
1062 3235 1410 3289 Βαπτίσατε
1444 3237 1643 3292 πάντα
1658 3238 1731 3293 τὰ
1750 3238 1896 3308 ἔθνη

306 3320 395 3384 εἶς
424 3318 488 3371 τὸ
514 3318 703 3388 ὄνομα
727 3323 835 3376 τοῦ
860 3326 1114 3392 Πατρός,
1148 3327 1246 3381 καί
1286 3329 1395 3383 τοῦ
1440 3332 1597 3397 Tim”),
1636 3334 1737 3387 καὶ
1793 3335 1899 3389 τοῦ

305 3409 481 3477 ἁγίου
528 3414 893 3481 Πνεύματος,
926 3417 1151 3486 οἴδαμεν
1181 3421 1370 3490 σαφῶς
1398 3424 1527 3486 τοὺς
1588 3426 1899 3496 αίρετικοὺς

314 3502 392 3572 μὴ
420 3504 642 3576 Πατέρα
670 3507 818 3577 ἔχειν
854 3510 993 3582 μήτε
1024 3512 1154 3566 Υίὸν
1230 3515 1367 3585 μήτε
1428 3515 1655 3587 Πνεῦμα
1716 3520 1895 3589 ἅγιον.

310 3595 403 3647 Δεῖ
432 3594 526 3649 οῦν
560 3596 897 3667 ἐρχομένους
933 3604 1015 3667 εἰς
1048 3602 1150 3675 τὴν
1195 3607 1524 3677 Ἐκκλησίαν
1587 3611 1893 3682 βαπτίζειν,

308 3686 399 3740 ἴνα
417 3688 853 3761 ἀναγεννηθῶσι.

588 3786 949 3855 Πολιτιανὸς
996 3789 1118 3844 ἀπὸ
1143 3792 1376 3860 Μίλεως
1414 3790 1604 3851 εἶπεν.

390 3870 581 3945 Ὀρθόν
625 3878 742 3931 ἐστι
779 3879 873 3932 τὸν
927 3881 1036 3935 ἀπὸ
1070 3882 1339 3953 αἱρέσεως
1392 3886 1691 3958 ἐρχόμενον
1723 3890 1779 3942 ὲν
1826 3893 1891 3961 τῇ

321 3962 626 4038 Ἐκκλησία
670 3970 1059 4041 βαπτίζεσθαι.

314 4084 317 4085 ν
455 4057 700 4128 Θέογνις
732 4062 852 4117 ἀπὸ
896 4064 1191 4133 Ἰππῶνος
1257 4067 1499 4137 Ῥηγίου
1527 4066 1719 4125 εἶπεν.

397 4148 739 4218 ’Δκολούθως
758 4156 836 4226 τῷ
866 4158 1155 4231 μυστηρίῳ
1182 4159 1277 4212 τοῦ
1302 4161 1438 4216 Θεοῦ
1472 4164 1569 4217 καὶ
1593 4166 1694 4235 τῆς
1724 4167 1893 4237 οὐρα-

1922 3137 1968 3211 C

1999 541 2093 609 qui
2127 542 2193 595 ad
2233 541 2536 596 Ecclesiam
2563 538 2914 609 confugiunt,
2957 554 2988 593 a
3026 540 3188 596 nobis
3231 556 3354 598 esse
3399 541 3580 611 bapti-

1999 634 2224 695 zandos.

2436 727 2588 782 Felix
2619 745 2651 780 a
2694 727 2929 783 Gametis
2983 728 3142 783 dixit.

2078 822 2234 876 Sicut
2277 836 2459 876 caecus
2498 836 2704 875 caecum
2732 821 2938 874 (lucens
2966 819 3127 876 simul
3154 820 3209 874 in
3238 819 3447 873 foveam
3482 836 3578 874 ca-

1999 916 2179 981 dunt;
2236 916 2310 969 ita
2369 914 2660 970 haareticus
2713 912 3030 969 haereticum
3082 912 3371 983 baptizans
3415 912 3579 966 simul

2000 1018 2124 1065 cum
2155 1023 2222 1064 eo
2248 1009 2301 1062 in
2330 1017 2562 1063 mortem
2599 1008 2767 1061 cauit.
2822 1007 2883 1061 Et
2935 1005 3058 1062 ideo
3090 1004 3457 1075 baptizandus
3490 1013 3577 1060 est

2001 1103 2146 1172 apud
2196 1117 2295 1155 nos
2334 1101 2646 1164 haereticus.
2682 1116 2751 1155 ne
2782 1115 2882 1155 nos
2919 1099 3025 1153 vivi
3070 1097 3300 1152 mortuis
3329 1110 3581 1151 commu-

2002 1197 2268 1250 nicemus.

2218 1287 2527 1343 Succentius
2558 1288 2623 1342 ab
2664 1287 3170 1359 Abirgemaniciana
3203 1287 3365 1338 dixit.

2073 1382 2361 1440 Hmreticz's
2390 1384 2486 1436 aut
2521 1384 2655 1438 nihil
2688 1384 2837 1446 licet,
2876 1389 2972 1435 aut
3006 1382 3214 1437 omnia.
3252 1380 3310 1435 Si
3351 1386 3583 1448 possunt

2000 1464 2303 1543 baptizare,
2361 1482 2595 1543 possunt
2654 1483 2709 1528 et
2764 1473 2899 1527 dare
2971 1471 3236 1540 Spiritum
3302 1479 3581 1527 sanctum.

2001 1568 2275 1634 Quoniam
2327 1578 2508 1622 autem
2543 1583 2649 1622 non
2695 1566 2923 1629 habent,
2957 1580 3056 1621 nec
3083 1565 3367 1636 baptizare
3418 1564 3579 1635 spiri‘

2002 1660 2225 1715 tualiter
2267 1668 2501 1730 possunt
2530 1677 2545 1714 :
2598 1668 2892 1730 propterea
2926 1674 3125 1715 censeo
3163 1656 3449 1714 haereticos
3482 1658 3583 1713 ba-

1930 1782 1972 1838 B
2004 1752 2293 1823 ptizandos
2325 1767 2467 1806 esse.

2327 1845 2656 1901 Fortunatus
2688 1866 2721 1902 a
2752 1846 3091 1903 Thuchabori
3119 1847 3278 1900 dixit.

2075 1939 2178 2006 Qui
2232 1949 2387 1994 extra
2446 1939 2748 1995 Ecclesiam
2815 1947 2988 2003 sunt,
3042 1947 3237 1994 contra
3301 1936 3585 1991 Christum

2004 2037 2236 2095 stantes,
2263 2041 2323 2086 ut
2344 2031 2437 2102 qui
2470 2046 2602 2086 oves
2639 2031 2758 2099 ejus
2788 2039 2842 2085 et
2886 2045 3104 2101 gregem
3139 2028 3463 2099 dispergunt
3486 2026 3585 2081 ba-

2005 2121 2217 2191 ptizare
2253 2122 2387 2177 foris
2417 2137 2521 2175 non
2554 2128 2808 2191 possunt.

2399 2214 2665 2269 Tltedatus
2694 2233 2723 2269 α
2750 2213 2977 2269 Thurbis
3015 2214 3166 2271 dixit.

2074 2308 2343 2366 Omnibus
2382 2310 2593 2365 viribus
2634 2309 2920 2364 nitendum
2959 2318 3066 2375 est,
3096 2323 3166 2385 ne
3209 2308 3336 2377 quis
3368 2308 3591 2365 haereti-

2003 2420 2191 2461 corum
2256 2419 2498 2460 errorem
2534 2404 2925 2473 derelinquens
2970 2403 3252 2472 singulare
3295 2410 3349 2458 et
3398 2416 3588 2457 verum

2005 2497 2263 2552 Ecclesiae
2291 2495 2858 2567 baptismafdetrectet
2889 2494 3164 2565 accipere,
3192 2509 3302 2564 quo
3335 2495 3589 2564 quisquis

2005 2607 2109 2646 non
2141 2591 2304 2645 fuerit
2344 2572 2654 2658 baptizatus
2684 2604 2712 2642 a
2738 2604 2908 2658 regno
2940 2588 3228 2651 cmlorumf
3260 2588 3318 2642 tit
3352 2588 3586 2643 alienus.

2356 2683 2718 2738 Probatianus
2757 2700 2789 2736 a
2822 2680 3074 2749 Sophetia
3096 2681 3257 2735 dixit.

2078 2780 2134 2834 Si
2174 2779 2402 2835 haeresis
2435 2776 2463 2832 a
2503 2780 2610 2833 Deo
2646 2785 2751 2841 est,
2796 2776 3020 2831 habebit
3064 2775 3356 2831 haereticus
3397 2781 3453 2830 et
3504 2774 3591 2828 in-

2006 2871 2340 2940 dulgentiam
2384 2869 2647 2925 divinam.
2703 2869 2758 2923 Si
2789 2882 2921 2923 vero
2959 2882 2989 2919 a
3025 2867 3134 2922 Deo
3179 2880 3284 2920 non
3318 2873 3422 2927 est,
3458 2880 3588 2935 quo-

2006 2962 2169 3018 modo
2200 2962 2433 3029 gratiam
2482 2959 2575 3015 Dei
2627 2962 2745 3031 ipse
2793 2959 3001 3015 habere
3036 2965 3090 3013 et
3122 2956 3378 3013 conferre
3424 2956 3588 3012 alicui

2005 3053 2226 3125 potest?

2431 3145 2718 3201 Monunius
2745 3162 2775 3197 a
2800 3142 2971 3198 Gerba
3000 3142 3161 3217 dixit.

2076 3241 2305 3296 Domino
2344 3241 2606 3295 dicente:
2637 3238 2914 3305 Baptiznte
2953 3251 3131 3291 omnes
3167 3245 3341 3305 gentes
3385 3234 3439 3289 in
3489 3250 3587 3288 uo-

2002 3337 2139 3390 miue
2172 3334 2354 3387 Patris
2389 3340 2437 3386 et
2468 3329 2600 3384 Filii
2642 3337 2689 3384 et
2726 3326 2957 3396 Spiritus
2980 3325 3257 3405 sancti”;
3292 3325 3584 3379 manifeste

2001 3432 2207 3487 scimus
2237 3428 2526 3484 hrcreticos
2557 3439 2656 3481 nec
2686 3423 2907 3479 Patrem
2936 3420 3167 3480 habere,
3224 3432 3326 3473 nec
3358 3415 3581 3480 Filium,

2000 3538 2102 3579 nec
2139 3522 2404 3592 Spiritum
2453 3518 2620 3590 37o
2678 3525 2955 3573 sanctum.
3014 3510 3224 3567 Debent
3279 3509 3445 3578 igitur
3502 3523 3585 3562 ve-

2000 3619 2214 3673 nientes
2276 3615 2343 3669 ad
2405 3612 2708 3669 Ecclesiam
2765 3606 3076 3678 baptizari,
3162 3612 3221 3658 ut
3289 3618 3588 3659 renascan—

2001 3721 2110 3766 llll‘.

2438 3800 2741 3855 Politianus
2774 3816 2805 3853 α
2835 3796 2998 3853 Μίίεο
3030 3798 3189 3851 dixit.

2072 3896 2285 3951 Justum
2330 3904 2414 3950 est
2462 3897 2516 3950 in
2576 3893 2823 3950 Ecclesia
2870 3892 3135 3961 baptizari
3182 3906 3329 3954 eum,
3382 3888 3474 3957 qui
3518 3885 3587 3940 ab

2001 3989 2198 4045 haeresi
2234 3991 2401 4043 venit.

2289 4060 2550 4129 Theognis
2587 4060 2652 4113 ab
2684 4057 2929 4129 Hippone
2952 4055 3110 4126 Regio
3133 4054 3294 4109 dixit.

2084 4155 2401 4213 Secundum
2427 4162 2837 4208 sacramentum
2872 4150 2967 4206 Dei
3005 4160 3061 4205 et
3099 4148 3289 4218 gratiae
3320 4140 3582 4209 coelestia,

308 4239 425 4293 νίνου
451 4241 699 4313 χάριτος,
723 4246 794 4316 ἥν
832 4230 1162 4320 εἰλήφαμεν,
1183 4249 1494 4323 βάπτισμα,
1551 4255 1579 4307 ὅ
1638 4230 1805 4313 ἐστιν.
1832 4261 1891 4313 ὲν

2002 4265 2160 4320 quam
2204 4244 2543 4314 accepimus,
2576 4239 2873 4310 baptisma,
2926 4238 3073 4309 quod
3121 4244 3206 4293 est
3258 4236 3310 4291 in
3341 4230 3585 4291 Ecclesia

307 4335 377 4405 τῇ
400 4333 536 4407 ἁγίᾳ
569 4336 893 4413 Ἐκκλησίᾳ,
918 4341 1164 4410 οἴδαμεν.

663 4430 939 4496 Διατίους
968 4436 1002 4487 ό
1030 4434 1262 4503 Σεὰδης
1290 4431 1484 4493 εἶπεν.

396 4514 935 4593 Ἠμεῖς,ὃέφ’ήμῖν
967 4527 1139 4591 ἐστιν,
1194 4528 1499 4598 αἰρετικοῖς
1566 4533 1629 4585 οὐ
1697 4551 1891 4592 κοινω·

311 4606 537 4677 νοῦμεν,
575 4611 671 4665 ἐὰν
701 4614 776 4684 μὴ
827 4616 885 4685 ἐν
929 4619 998 4688 τῇ
1083 4617 1385 4690 Ἐκκλησία
1428 4620 1726 4696 βαπτισθῇ,
1800 4628 1896 4682 καὶ

309 4699 510 4771 ἄφεσιν
541 4703 832 4773 ἁμαρτιῶν
856 4706 1020 4780 λάϐῃ.

592 4796 896 4865 Προΰάτος
916 4799 1037 4854 ἀπὸ
1077 4803 1380 4871 Σοφιστοῦ
1410 4818 1602 4861 επεν.

398 4883 458 4937 Ὃ
493 4885 807 4971 δοκιμάζων
870 4889 1023 4960 παρὰ
1082 4894 1197 4955 τοῖς
1246 4893 1550 4965 αἱρετικοῖς
1610 4898 1896 4971 βάπτισμα

312 4968 456 5029 εἶναι
488 4976 543 5030 τί
582 4970 712 5030 ἄλλο
747 4976 779 5048 ἢ
814 4980 928 5042 τοῖς
952 4979 1252 5049 αἱρετικοῖς
1285 4987 1541 5038 κοινωνεῖ
1570 5003 1585 5052 ;

544 5068 929 5141 Ὀρτησιανὸς
955 5072 1074 5129 ἀπὸ
1093 5076 1443 5147 Λαόούρνης
1471 5076 1623 5138 εἷπε.

386 5161 499 5217 Καὶ
533 5164 695 5234 ἡμεῖς
724 5165 784 5221 ἓν
845 5165 1155 5238 βάπτισμα,
1185 5170 1320 5241 ὅπερ
1378 5173 1436 5224 ὲν
1461 5176 1527 5244 τῇ
1596 5172 1898 5249 Ἐκκλησία

312 5254 563 5325 οἴδαμεν,
589 5256 746 5313 τοῦτο
774 5262 842 5333 τῇ
884 5259 1186 5333 Ἐκκλησία
1227 5261 1574 5334 ἐκδικοῦμεν,

638 5352 866 5419 Κάσιος
885 5354 1003 5408 ἀπὸ
1028 5353 1304 5424 Κομαζὶὖν
1323 5352 1514 5414 εἶπεν.

387 5441 543 5507 Ἐπεὶ
564 5443 657 5509 δύο
679 5444 1036 5517 βαπτίσματα
1059 5443 1200 5501 εῖναι
1216 5449 1274 5501 οὐ
1290 5434 1569 5514 δύναταιρ
1598 5453 1897 5524 συγχωρῶν

315 5534 434 5597 τοῖς
506 5534 808 5605 αίρετικοῖς
851 5537 1138 5609 βάπτισμα
1165 5538 1492 5609 ἐαυτὸνζτοῦ
1521 5539 1901 5611 βαπτίσματος

319 5628 638 5697 ἀποστερεῖ.
706 5628 798 5681 Διὸ
828 5631 1075 5702 ὲπικυρῶ
1102 5635 1411 5705 αἰρετικοὺς
1442 5636 1723 5705 βαπτίζειν
1766 5637 1900 5703 δεῖν,

432 5811 478 5846 ⁸³
496 5811 688 5869 Matth.
713 5826 903 5877 χιι-ιιι,
928 5810 1013 5867 19.

1996 4348 2187 4399 sancta
2220 4334 2493 4393 novimus.
3041 4376 3069 4397 ,,

2469 4425 2682 4482 Diutius
2714 4424 2888 4480 Seada
2918 4424 3080 4489 dixit.

2086 4528 2221 4592 Nos,
2250 4531 2516 4598 quantum
2553 4521 2608 4575 in
2642 4521 2931 4597 nobis’est,
2962 4515 3239 4574 haereticis
3277 4529 3385 4570 non
3427 4527 3577 4568 com-

2006 4624 2398 4683 municamus;
2453 4614 2561 4671 nisi
2602 4611 2864 4683 baptizati
2900 4613 2953 4666 in
2982 4610 3231 4665 Ecclesia
3281 4604 3502 4679 iuerint,
3533 4612 3587 4658 et

2005 4690 2390 4768 remissionem
2426 4712 2776 4775 peccatorum
2807 4699 3147 4770 acceperint.

2400 4797 2669 4852 Probatus
2691 4812 2721 4849 a
2746 4794 2993 4861 Sophisto
3026 4792 3185 4846 dixit.

2078 4897 2184 4963 Qui
2222 4892 2605 4947 haereticorum
2648 4886 2979 4957 baptismum
3013 4882 3231 4954 probat,
3262 4878 3393 4951 quid
3437 4875 3586 4933 aliud

2012 5004 2177 5063 quam
2209 4982 2489 5043 haereticis
2513 4977 2928 5036 communicat?

2330 5071 2724 5128 Hortensianus
2761 5086 2794 5123 a
2821 5067 3076 5123 Laburna
3102 5065 3263 5121 dixit.

2084 5173 2193 5227 Nos
2221 5184 2390 5225 unum
2428 5165 2700 5237 baptisma
2724 5203 2739 5225 ,
2769 5161 2913 5234 quod
2947 5176 3055 5235 non
3098 5158 3204 5216 nisi
3254 5158 3306 5212 in
3346 5153 3585 5233 Ecclesia

2010 5266 2284 5328 novimus,
2315 5258 2571 5316 Ecclesiae
2598 5255 2966 5311 vindicamus.

2404 5350 2623 5407 Cassius
2649 5365 2681 5403 a
2711 5345 2959 5403 Comazis
2996 5345 3160 5399 dixit.

2078 5448 2215 5504 Cum
2254 5443 2589 5516 baptismata
2619 5442 2732 5499 duo
2774 5453 2897 5495 esse
2932 5453 3041 5493 non
3079 5435 3311 5507 possint,
3343 5432 3437 5499 qui
3467 5432 3581 5486 hae-

2006 5541 2197 5597 reticis
2249 5538 2526 5609 baptisma
2572 5533 2863 5599 concedit,
2915 5530 3187 5600 baptisma
3241 5527 3349 5584 sibi
3419 5525 3582 5581 tollit.

2008 5635 2218 5690 Censeo
2249 5632 2434 5703 itaque
2469 5625 2828 5699 baptizandos
2850 5637 2972 5681 esse
2993 5621 3304 5687 luereticos,
3348 5634 3472 5675 cum
3510 5617 3580 5674 ad
