4076 6462
638 456 864 526 Ἀλλος
892 453 1087 525 Φῆλιξ
1114 453 1232 511 dab
1266 455 1579 525 Μεκκόρας
1601 454 1753 515 εἷπε.

478 548 591 605 Καὶ
616 549 781 613 αὐτὸς
827 548 1094 617 ἑπόμενος
1117 546 1193 618 τῷ
1216 548 1402 602 κανόνι
1440 548 1548 604 τῶν
1572 550 1733 604 θείων
1751 552 1989 623 Γραφῶν

402 645 531 705 τοὺς
564 641 879 713 αίρετικοὺς
909 640 1005 696 καὶ
1029 643 1425 713 σχισματικοὺς
1462 642 1822 715 βαπτίζεσθαι
1849 645 1987 699 ἀπο-

404 737 565 806 φαινό
572 753 693 807 μαι.

644 828 1014 896 Ἰανουάριος
1043 828 1164 884 dab
1194 829 1543 897 Μουκούζης
1563 825 1734 884 εἶπεν
1765 844 1783 862 ·

474 922 536 974 El
558 920 829 991 αίρετικο)⁵
856 920 1044 990 ἔχουσι
1093 920 1402 990 βάπτισμα,
1440 922 1602 990 ἡμεῖς
1626 920 1729 974 οὐκ
1759 920 1979 991 ἔχομεν’

403 1012 454 1065 εί
484 1013 645 1081 ἡμεῖς
673 1009 895 1081 ἔχομεν,
916 1011 1187 1081 αἱρετικοὶ
1215 1010 1360 1081 ἔχειν
1380 1010 1439 1063 οὐ
1465 1010 1744 1065 δύνανται.
1784 1012 1988 1081 Ἀμφι-

404 1102 744 1174 σσητήσιμον
770 1101 828 1155 δὲ
852 1102 953 1155 οὐκ
985 1101 1102 1155 ἐστι
1131 1102 1228 1173 τὴν
1272 1102 1604 1174 Ἐκκλησίαν
1630 1103 1729 1172 τὴν
1753 1102 1986 1157 καθολι-

400 1195 506 1266 κὴν
562 1193 642 1265 τῷ
697 1193 794 1247 τοῦ
829 1193 1072 1263 Χριστοῦ
1115 1193 1458 1264 βαπτίσματι
1512 1195 1838 1266 κεχρῆσθαι,
1884 1194 1985 1267 τὴν

404 1289 576 1359 μόνην
608 1288 961 1358 κεκτημένην
988 1288 1164 1358 ςχάριν
1189 1287 1284 1341 καὶ
1337 1288 1559 1357 ἀγάπην
1589 1288 1684 1341 καὶ
1722 1287 1986 1359 ἀλήθειαν

334 1419 345 1433 .
401 1381 495 1435 τοῦ
527 1380 791 1452 Χριστοῦ.

650 1473 1004 1543 Ἀδέλφιδος
1028 1470 1149 1528 dab
1199 1470 1550 1539 Θωεέλθης
1578 1470 1731 1524 εἷπε.

468 1567 667 1638 Μάτην
740 1566 889 1630 τινδς
938 1568 1006 1637 τῇ
1072 1564 1304 1637 ἀληθείᾳ
1355 1562 1679 1633 πολεμοῦσι,
1731 1562 1987 1631 λέγοντες

400 1660 550 1729 ἡμᾶς
578 1659 995 1723 ἀναὸαπτίζειν.
1047 1658 1113 1710 Ἠ
1134 1657 1244 1728 γάρ
1285 1655 1584 1726 Ἐκκλησία
1626 1655 1753 1718 τοὺς
1778 1655 1987 1727 αἱρετι-

399 1753 532 1813 κοὺς
555 1750 658 1804 οὐκ
684 1748 1070 1813 ἀνασαπτιζει,
1096 1746 1234 1803 ἀλλά
1257 1745 1533 1817 βαπτίζει.

654 1841 986 1911 Δημήτριος
1012 1840 1129 1896 dab
1161 1840 1512 1910 Πολεμόνου
1540 1832 1735 1891 εἶπεν.

472 1933 539 1989 Ol
568 1933 824 2001 λέγοντες
856 1935 941 1987 ὅτι
979 1933 1031 1986 οἱ
1064 1931 1338 1999 αἱρετικοὶ
1364 1929 1580 1999 ἀληθῶς
1612 1930 1709 1983 καὶ
1737 1925 1987 1998 νομίμως

399 2027 784 2098 βαπτίζουσιν,
834 2020 982 2080 οὗτοι
1036 2026 1098 2078 οὐ
1143 2025 1306 2094 μόνον
1347 2022 1463 2086 δύο,
1505 2021 1643 2075 ἀλλὰ
1682 2021 1777 2073 καὶ
1814 2019 1986 2073 πολλὰ

402 2118 759 2190 βαπτίσματα
815 2118 1150 2186 εἰσάγουσιν.
1205 2115 1400 2171 Ὁπότε
1436 2114 1546 2184 γὰρ
1588 2114 1837 2182 διάφοροι
1892 2111 1986 2165 καὶ

402 2211 598 2265 πολλαὶ
617 2210 857 2282 αἱρέσεις
885 2210 1016 2271 είσὶ,
1065 2208 1209 2263 κατά
1258 2206 1350 2260 τὸν
1390 2204 1626 2276 ἀριθμὸν
1667 2203 1849 2258 αὐτῶν
1894 2203 1986 2258 καὶ

399 2303 471 2357 τὰ
506 2302 864 2373 βαπτίσματα
895 2301 1237 2371 ἀριθμεῖται.

718 2395 1041 2460 Οὐκέντιος
1069 2393 1187 2448 ἀπὸ
1215 2390 1476 2461 Θιϐἀρης
1500 2385 1654 2444 εἶπε.

470 2488 611 2552 Τοὺς
637 2487 956 2558 αἱρετικοὺς
989 2486 1214 2555 οἴδαμεν
1239 2483 1492 2555 χείρονας
1534 2482 1643 2537 τῶν
1696 2496 1986 2552 σχισματι-

400 2580 537 2635 κῶν.
573 2578 699 2635 Ἐὰν
740 2580 797 2634 δὲ
841 2578 1254 2651 μετανοήσωσιν
1298 2575 1473 2630 ἐλθεῖν
1512 2575 1593 2637 είς
1649 2573 1853 2627 κανόνα
1886 2571 1986 2640 τῆς

400 2672 686 2742 ἀληθείας,
743 2673 1007 2743 πρότερον
1068 2668 1398 2739 ὲξορκίζειν,
1447 2666 1643 2721 ἔπειτα
1699 2664 1986 2736 βαπτίζειν

400 2765 600 2828 αὐτοὺς
628 2765 727 2818 δεῖ.
781 2764 917 2817 Τότε
952 2762 1061 2833 γὰρ
1097 2760 1356 2816 δύνανται
1400 2762 1502 2831 τῆς
1527 2754 1766 2829 Χριστοῦ
1815 2756 1988 2825 ἑπαγ-

400 2857 590 2933 γελίας
616 2858 823 2927 τυχεῖν.

737 2946 983 3016 Μάρκος
1011 2948 1131 3003 ἀπὸ
1158 2945 1451 3014 Matide
1482 2940 1638 3001 εἷπε.

466 3043 679 3115 Κρίνω,
704 3041 780 3106 ὡς
811 3041 980 3113 μηδὲν
1007 3040 1252 3110 ἔχοντας,
1278 3040 1406 3102 τοὺς
1438 3036 1753 3107 αἱρετικοὺς
1785 3034 1986 3107 βαπτί-

400 3135 610 3202 ζεσθαι.

670 3225 883 3290 Σάτιος
932 3224 1053 3279 ἀπὸ
1094 3222 1466 3289 Σακιλιϐύης
1509 3216 1718 3275 εἶπεν·

465 3320 531 3375 Εἰ
552 3320 667 3382 τοῖς
720 3318 1019 3389 αἱρετικοῖς
1053 3316 1113 3369 ἐν
1151 3314 1229 3385 τῷ
1261 3312 1608 3384 βαπτίσματι
1638 3310 1820 3366 αὑτῶν
1845 3310 1984 3381 ἄφε-

400 3432 488 3482 σις
514 3414 802 3487 ἁμαρτιῶν
833 3414 1064 3482 γίνεται,
1102 3411 1280 3483 μάτην
1308 3413 1375 3481 τῇ
1410 3408 1714 3480 Ἐκκλησία
1742 3406 1984 3477 προσέρ-

397 3524 610 3578 χονται.
651 3505 816 3561 Οὐδὲν
847 3505 956 3575 γάρ
984 3504 1102 3557 ὲστι
1131 3501 1193 3554 τὸ
1249 3501 1548 3573 δυνάμενον
1601 3499 1837 3569 φοϐῆσαι
1884 3496 1984 3549 αὐ-

396 3600 528 3662 τοὺς
563 3598 623 3650 ὲν
671 3598 740 3666 τῇ
782 3596 965 3667 κρίσει
1008 3592 1105 3649 τοῦ
1152 3591 1415 3664 Χριστοῦ,
1451 3592 1650 3660 ἄφεσιν
1699 3588 1985 3660 ἁμαρτιῶν

397 3688 717 3758 εἰληφότας.
1636 3673 1645 3682 ’

715 3774 1017 3845 Αὐρήλιος
1036 3772 1157 3828 dab
1194 3770 1458 3840 Ἀττικῆς
1485 3768 1639 3826 εἷπε.

462 3868 736 3936 Λέγοντος
779 3867 876 3920 τοῦ
936 3863 1265 3919 Ἀποστόλου
1313 3863 1628 3933 ἀλλοτρίαις
1683 3862 1986 3934 ἁμαρτίαις

405 3961 481 4033 μὴ
502 3962 808 4025 κοινωνεῖν,
856 3958 1031 4029 κρίνω
1062 3955 1424 4028 βαπτίζεσθαι
1474 3955 1602 4018 τοὺς
1647 3954 1983 4023 αἱρετικοὺς,

402 4054 492 4108 ἵνα
518 4051 726 4107 λάϐωσι
769 4049 1036 4120 πρότερον
1083 4048 1278 4118 ἄφεσιν
1304 4046 1616 4117 ἁμαρτιῶν,
1668 4046 1764 4099 καὶ
1810 4043 1985 4110 οὕτως

402 4149 589 4213 αὐτοῖς
612 4145 1061 4217 κοινωνήσωμεν.
1156 4177 1165 4185 -
1896 4126 1921 4137 “

660 4238 895 4308 Ἰαμϐὸς
927 4236 1047 4291 dab
1089 4232 1521 4303 Γερμανικείας
1548 4233 1742 4287 εἶπεν.

472 4332 540 4389 Ol
579 4332 642 4387 τὸ
692 4331 802 4385 τῶν
832 4328 1127 4400 αἱρετικῶν
1164 4326 1552 4398 δοκιμάζοντες
1576 4326 1890 4397 βάπτισμα,
1927 4325 1986 4378 τδ

400 4427 676 4499 ἡμέτερον
715 4419 1238 4492 ἀποδοκιμάζουσιν.

609 4516 947 4583 Λουκιανὸς
985 4517 1104 4571 ἀπὸ
1139 4512 1515 4582 Ῥουκούμης
1542 4507 1737 4567 εἶπεν.

474 4613 536 4671 El
566 4611 790 4665 δυνατὸν
817 4610 933 4679 φῶς
954 4610 1053 4663 καὶ
1075 4606 1269 4670 σκότος
1296 4606 1601 4670 κοινωνεῖν,
1628 4603 1853 4658 δύναται
1883 4602 1982 4656 καὶ

403 4706 537 4777 ἡμῖν
575 4705 671 4758 καὶ
702 4705 817 4767 τοῖς
856 4701 1154 4773 αῖρετικοῖς
1200 4693 1344 4753 εἷναί
1370 4715 1419 4752 τι
1448 4697 1651 4752 κοινόν.
1676 4695 1864 4767 Κρίνω
1888 4694 1985 4750 οὖν

402 4797 528 4861 τοὺς
549 4795 863 4868 αἱρετικοὺς
898 4791 1283 4865 βαπτίζεσθαι.

613 4886 908 4954 Πελάγιος
933 4887 1053 4942 ἀπὸ
1075 4883 1530 4955 Λουπερκιανῆς
1558 4879 1743 4938 εἶπεν.
1802 4886 1809 4889 ’

474 4983 537 5037 El
562 4983 775 5053 αἵρεσις
802 4980 903 5034 οὐκ
933 4978 1079 5033 ἔστιν
1118 4979 1177 5031 ὲν
1226 4978 1552 5047 Ἐκκλησία,
1603 4975 1724 5039 πῶς
1759 4973 1984 5030 δύναται

402 5075 553 5148 παρὰ
577 5077 687 5139 τοῖς
719 5073 1019 5146 αίρετικοῖς
1065 5066 1208 5125 εἶναι
1250 5071 1313 5125 τὸ
1361 5072 1462 5142 τῆς
1496 5067 1826 5140 Ἐκκλησίας
1886 5067 1985 5138 βά-

400 5184 650 5238 πτισμα;

804 5258 992 5326 Ἰάδερ
1016 5255 1136 5313 ἀπὸ
1159 5255 1423 5323 Μηδείας
1439 5253 1593 5309 εἷπε.

432 5408 441 5415 ,
476 5352 596 5406 Μία
627 5353 855 5419 πίστις,
897 5349 968 5405 ἓν
1016 5349 1337 5417 βάπτισμα
1368 5363 1383 5378 ·
1418 5347 1556 5402 ἀλλὰ
1606 5348 1674 5419 τῇ
1718 5346 1983 5420 καθολικῇ

444 5442 727 5513 Εκκλησίᾳ
751 5442 931 5508 ἔξεστι
968 5438 1277 5511 βαπτίζειν.

618 5533 845 5602 Ἀλλος
872 5532 1065 5603 Φῆλιξ
1091 5532 1210 5587 ἀπὸ
1237 5530 1584 5601 Μαρδιανῆς
1602 5526 1758 5590 εἷπε.

478 5623 557 5679 Τὰ
589 5625 747 5678 αὐτά.
764 5664 775 5675 .

769 5717 1012 5784 Παῦλος
1033 5718 1152 5773 ἀπὸ
1192 5715 1385 5785 Σαϐᾶς
1417 5710 1588 5771 εἶπεν
1610 5754 1625 5771 .

491 5812 549 5865 Et
581 5813 609 5867 ὁ
639 5810 771 5876 Θεὸς
806 5809 1011 5882 ἀληθής
1044 5813 1180 5879 ἐστι,
1215 5810 1329 5875 πῶς
1382 5810 1540 5866 ἔσται
1573 5809 1724 5881 παρὰ
1751 5811 1861 5875 τοῖς
1897 5810 1983 5864 al-

1536 340 1619 403 IN
1651 342 1821 408 CAN.
1856 345 1883 405 I
1924 346 2133 414 couc.
2167 326 2555 419 eamme.

2013 473 2064 529 Δ

2009 4531 2065 4593 D

3541 364 3677 432 nit
3752 338 3755 341 ’

2446 472 2604 528 Alias
2643 472 2796 528 Felix
2815 490 2848 529 α
2878 473 3126 531 Memora
3146 476 3314 534 dixit.

2164 558 2232 612 Et
2258 560 2374 631 ipse
2404 573 2630 620 secutus
2655 545 2968 622 divinar'um
3018 567 3433 640 Scripturarum
3480 585 3673 632 aucto-

2090 653 2309 711 ritatem
2337 657 2632 715 hazreticos
2657 668 2713 715 et
2739 660 3129 720 schismaticos
3149 664 3511 735 baptizandos
3549 686 3675 727 esse

2089 751 2419 818 pronuntio.

2438 842 2741 904 Ianuarius
2798 864 2833 902 α
2863 847 3116 905 Ἠιιειικα
3153 852 3318 910 dixit.

2162 930 2218 987 Si
2248 932 2493 991 haeretici
2520 937 3037 1011 habentbaptisma.
3064 943 3166 1000 nes
3200 961 3311 1000 non
3360 943 3667 1005 habemus:

2088 1025 2133 1082 si
2165 1042 2264 1083 nos
2290 1029 2578 1096 habemus,
2613 1031 2855 1088 haeretici
2879 1034 3086 1092 habere
3117 1053 3227 1092 non
3270 1050 3530 1109 possunt.
3559 1040 3669 1096 Du-

2090 1120 2240 1176 bium
2273 1132 2456 1179 autem
2505 1139 2616 1180 non
2685 1136 2790 1192 est,
2842 1127 3148 1183 Ecclesiam
3195 1130 3517 1187 catholicam
3577 1133 3674 1189 ba-

2087 1216 2289 1284 ptismo
2310 1215 2517 1271 Christi
2577 1218 2701 1284 uti;
2749 1234 2872 1286 quae
2916 1221 3032 1275 sola
3086 1222 3296 1278 Christi
3339 1226 3567 1296 gratiam
3614 1235 3673 1282 et

2087 1306 2414 1363 charitatem
2454 1316 2509 1365 et
2539 1309 2827 1365 veritatem
2856 1312 3172 1381 possideat.

2408 1482 2735 1553 Adelphidus
2778 1502 2813 1539 a
2842 1483 3137 1542 Thasueltd
3181 1486 3344 1543 dixit.

2160 1573 2291 1630 Sine
2320 1590 2489 1631 causa
2512 1578 2735 1647 quidem
2763 1580 3095 1649 impugnant
3138 1582 3458 1649 veritatem,
3501 1592 3562 1639 ut
3586 1600 3673 1640 rea

2085 1666 2368 1738 baptizare
2394 1685 2497 1726 nos
2529 1670 2732 1725 dicant.
2770 1671 3056 1741 Siquidem
3086 1674 3338 1730 Ecclesia
3376 1676 3670 1733 haereticos

2089 1775 2199 1815 non
2231 1760 2558 1832 rebaptizat,
2592 1765 2688 1817 sed
2731 1764 2987 1834 baptizat.

2438 1854 2739 1911 Demetrius
2769 1874 2802 1910 a
2843 1856 3127 1915 Polemone
3152 1862 3313 1917 dixit.

2159 1944 2263 2013 Qui
2299 1946 2490 2001 dicunt
2519 1949 2807 2005 haereticos
2840 1966 2969 2006 vere
3001 1963 3056 2007 et
3096 1954 3339 2024 legitime
3361 1954 3666 2027 baptizare.

2089 2037 2191 2107 ipsi
2224 2053 2331 2093 non
2365 2040 2545 2094 solum
2587 2040 2720 2107 duo,
2753 2042 2851 2096 sed
2873 2050 2927 2097 et
2963 2044 3139 2099 mttlta
3201 2046 3533 2117 baptismata
3580 2048 3668 2103 in-

2089 2128 2407 2184 troducunt.
2441 2129 2580 2184 Nam
2610 2146 2734 2186 cum
2769 2132 3008 2189 haereses
3028 2135 3197 2190 variat
3213 2151 3277 2190 ac
3306 2137 3491 2191 multm
3534 2138 3666 2205 sint,

2089 2233 2189 2286 pro
2214 2232 2409 2274 earum
2441 2235 2675 2277 numero
2703 2233 2757 2277 et
2784 2221 3117 2292 baptismata
3177 2225 3666 2295 couuputabuntur.

2478 2398 2778 2457 Vincentius
2818 2416 2849 2455 a
2886 2401 3123 2456 Tltibara
3145 2401 3310 2455 dixit.

2160 2485 2457 2545 Haerettcos
2488 2491 2695 2546 scimus
2720 2506 2842 2546 esse
2872 2491 3087 2561 pejores
3142 2506 3306 2560 quam
3362 2489 3672 2546 schismati—

2088 2592 2206 2636 cos.
2238 2579 2294 2633 Si
2326 2594 2457 2635 vero
2481 2581 2863 2651 pmuitentiam
2906 2592 3133 2650 agentes
3160 2582 3227 2636 ad
3288 2580 3533 2651 regulam
3577 2595 3673 2636 ve-

2088 2674 2277 2729 ritatis
2311 2675 2498 2730 venire
2547 2675 2860 2734 voluerint:
2899 2675 3057 2744 prius
3096 2675 3428 2740 exorcizari,
3470 2675 3671 2731 deinde

2090 2764 2354 2835 baptizari
2378 2780 2475 2821 eos
2506 2774 2746 2835 oportet.
2772 2764 2927 2821 Tunc
2942 2766 3085 2821 enim
3109 2765 3312 2821 Christi
3346 2767 3671 2835 promissio-

2090 2872 2214 2913 nem
2252 2856 2438 2912 sortiri
2473 2866 2730 2927 possunt.

2479 2951 2691 3005 Marcus
2731 2969 2763 3004 a
2795 2950 3065 3005 Mat/toris
3119 2950 3280 3006 dixit.

2158 3042 2355 3098 Iudico
2377 3042 2690 3110 haereticos,
2732 3052 2791 3097 ut
2818 3044 2911 3113 qui
2945 3043 3084 3098 nihil
3124 3044 3387 3108 habeant,
3419 3055 3543 3097 esse
3577 3041 3672 3097 ba-

2089 3134 2407 3203 pﬁzandos.

2514 3223 2702 3279 Satius
2728 3242 2760 3278 α
2781 3223 3059 3295 Sacilibya
3089 3223 3248 3280 dixit.

2160 3318 2219 3375 Si
2246 3306 2525 3375 haereticis
2554 3320 2609 3374 in
2651 3319 2930 3390 baptismo
2966 3321 3214 3390 ipsorum
3273 3327 3501 3390 peccata
3558 3316 3668 3373 do-

2086 3419 2315 3479 nantur,
2352 3411 2472 3467 sine
2501 3426 2672 3467 causa
2726 3409 2795 3465 ad
2848 3410 3155 3466 Ecclesiam
3219 3411 3468 3466 veniunt.
3519 3407 3671 3464 Nihil

2085 3503 2234 3559 enim
2274 3512 2379 3569 est,
2413 3502 2559 3572 quod
2606 3502 2801 3557 timere
2829 3503 3048 3572 possint
3096 3503 3152 3556 in
3190 3501 3404 3571 judicio
3439 3499 3668 3567 Christi,

2088 3596 2134 3653 si
2167 3604 2298 3653 sunt
2327 3596 2713 3654 remissionem
2743 3605 3102 3666 peccatorum
3140 3594 3453 3652 consecuti.

2478 3773 2727 3827 Aurelius
2777 3771 2842 3825 ab
2878 3772 3057 3826 Attica
3114 3771 3276 3825 dixit.

2161 3866 2299 3922 Cum
2321 3865 2471 3921 dicat
2505 3864 2829 3935 Apostolus,
2855 3880 2962 3920 non
2982 3862 3504 3919 communicandum
3542 3876 3673 3932 pec:

2088 3960 2229 4015 catis
2260 3959 2481 4021 alienis.
2512 3973 2712 4015 censeo
2734 3957 3098 4027 baptizandos
3122 3971 3247 4011 esse
3270 3954 3587 4020 haereticos,
3610 3961 3670 4008 ut

2087 4051 2246 4122 prius
2276 4050 2554 4120 accipiant
2607 4049 2994 4105 remissionem
3061 4054 3439 4118 peccatorum,
3483 4055 3534 4102 et
3587 4044 3668 4099 sic

2088 4144 2197 4201 illis
2231 4145 2733 4228 coptmttnicemus.

2442 4234 2658 4289 Iambus
2691 4250 2723 4287 a
2762 4232 3109 4288 Germanicia
3149 4230 3315 4287 dixit.

2160 4330 2264 4399 Qui
2313 4327 2700 4385 haereticorum
2754 4324 3031 4395 baptisma
3084 4322 3351 4392 probant,
3415 4327 3667 4387 nostrum

2088 4423 2428 4496 improbant.

2472 4512 2740 4568 Lucianus
2793 4526 2827 4565 a
2853 4508 3090 4564 Rucuma
3116 4510 3210 4563 dix
3236 4518 3277 4563 t.

2163 4605 2222 4663 Si
2255 4607 2372 4662 ﬁeri
2416 4614 2598 4678 potest
2632 4613 2692 4659 ut
2742 4605 2838 4660 lux
2893 4617 3016 4658 cum
3056 4602 3298 4659 tenebris
3345 4601 3666 4670 conveniat,

2091 4705 2272 4769 potest
2301 4707 2357 4753 et
2387 4696 2549 4753 nobis
2576 4706 2631 4752 et
2660 4692 2936 4750 haereticis
2963 4691 3169 4761 aliquid
3203 4705 3325 4748 esse
3348 4703 3666 4746 commune.

2086 4792 2385 4861 Propterea
2416 4804 2620 4848 censeo
2654 4789 2947 4845 haereticos
2976 4783 3349 4857 baptizandos
3376 4799 3523 4840 esse.

2441 4887 2695 4957 Pelagius
2719 4905 2753 4941 a
2782 4885 3117 4955 Luperciana
3149 4883 3311 4939 dixit.
3651 4945 3656 4953 ν

2159 4982 2221 5040 Si
2253 4982 2487 5039 haeresis
2520 4980 2580 5035 in
2638 4979 2886 5035 Ecclesia
2921 4993 3032 5033 non
3090 4983 3196 5043 est,
3230 4971 3508 5046 quomodo
3558 4969 3668 5027 Ec-

2086 5076 2268 5135 clesia:
2299 5075 2574 5145 baptisma
2606 5071 2748 5144 apud
2776 5069 3068 5127 haereticos
3093 5082 3220 5125 esse
3258 5065 3486 5147 potest?

2550 5250 2716 5307 Iader
2746 5268 2779 5306 α
2803 5248 3008 5305 Medeia
3038 5247 3198 5302 dixit.

2161 5347 2280 5403 Una
2307 5348 2462 5418 ﬁdes,
2498 5362 2662 5400 unum
2698 5343 2965 5415 baptisma
2994 5357 3015 5396 :
3038 5340 3136 5396 sed
3161 5336 3424 5395 Ecclesiae
3468 5334 3663 5391 catho-

2088 5441 2208 5497 licae
2241 5440 2371 5496 licet
2397 5439 2705 5509 baptizare.

2427 5530 2577 5585 Alius
2612 5528 2770 5584 Felix
2802 5545 2835 5582 a
2862 5526 3156 5583 Mardiana
3179 5524 3339 5579 dixit.

2116 5594 2119 5595 ν
2161 5623 2394 5681 Eadem.

2548 5711 2759 5767 Paulus
2790 5727 2824 5765 a
2857 5709 3005 5765 Saba
3028 5708 3189 5763 dixit.

2163 5807 2222 5866 Si
2239 5807 2384 5865 Deus
2415 5820 2583 5864 verax
2605 5811 2709 5873 est,
2745 5803 3023 5875 quomodo
3073 5800 3218 5873 apud
3252 5800 3540 5860 haereticos
3564 5817 3658 5859 ve-
