4076 6468
412 321 552 387 1115

1638 378 1643 381 .
1699 323 1983 385 THEOD.
2006 322 2406 384 BALSAMON

3552 318 3701 386 1116

411 456 531 495 rum
563 440 832 512 baptisma
863 454 990 496 esse
1032 446 1241 530 potest,
1277 439 1423 510 apud
1482 454 1633 513 quos
1659 440 1807 496 Deus
1868 453 1980 494 non

2129 440 2323 501 ετικοῖς
2390 435 2586 508 ἀληθὲς
2653 436 2961 508 βάπτισμα,
3036 436 3169 507 παρ’
3231 429 3311 498 οἷς
3380 433 3484 487 οὐκ
3565 436 3687 487 ἐστι

410 535 529 591 est?

721 628 1035 691 Pomponius
1065 644 1098 681 a
1135 628 1468 697 Dionysiana
1497 628 1657 683 dixit.

486 722 733 775 llatretici
764 721 1044 789 baptizare
1085 736 1195 774 non
1232 731 1490 790 possunt,
1546 734 1725 790 neque
1783 718 1992 774 remis-

2096 530 2231 596 Θεός
2254 547 2272 596 ;

2316 629 2669 695 Hopawrtoc
2695 624 2816 680 ἀπὸ
2847 620 3250 689 Διονυσιανῆς
3270 617 3464 677 εἶπεν.

2160 722 2223 775 Ol
2282 722 2550 790 αἱρετικοὶ
2576 720 2636 773 οὐ
2692 719 2949 772 δύνανται
2994 715 3304 786 βαπτίζειν,
3334 714 3458 768 οὐδὲ
3487 714 3701 784 ἄφεσιν

412 816 625 870 sionem
654 825 1007 884 peccatorum
1067 816 1201 868 dare
1262 821 1589 883 potestatem
1617 811 1993 868 autsolvendi

2129 811 2389 879 ,papttd’w
2450 809 2656 876 δοῦναι,
2699 810 2749 862 οἱ
2801 808 2876 881 μὴ
2904 808 3120 879 ἔχοντες
3154 806 3407 872 ἐξουσίαν
3442 805 3604 859 λῦσαί
3639 822 3701 859 τι

421 914 519 967 aut
548 905 753 976 ligandi
776 904 983 975 aliquid
1011 905 1063 959 in
1093 907 1257 960 terris
1282 921 1393 959 non
1446 905 1736 961 habentes.

820 996 1051 1051 Vinatus
1077 1014 1111 1050 α
1140 997 1396 1052 Thunt’sia
1434 999 1597 1052 dixit.

491 1091 597 1158 Qui
655 1091 926 1161 baptisma
974 1089 1236 1146 Ecclesia:
1285 1092 1564 1147 haereticis
1613 1091 1996 1157 administrat,

420 1181 692 1255 Sponsam
739 1183 946 1238 Christi
981 1182 1244 1238 adulteris
1271 1183 1474 1252 prodit.

807 1361 1060 1432 Lymmus
1088 1364 1153 1415 ab
1188 1362 1405 1435 Asuaga
1440 1367 1608 1421 dixit.

498 1455 616 1510 Nos
666 1469 839 1510 unum
902 1454 1175 1524 baptisma
1209 1456 1547 1525 accepimus,
1582 1466 1638 1513 et
1688 1459 1868 1528 ipsum
1910 1471 1994 1515 te-

424 1560 621 1601 nemus
656 1554 715 1601 et
756 1560 1102 1602 exercemus.
1138 1546 1244 1613 Qui
1288 1555 1475 1603 autem
1532 1549 1689 1613 dicit,
1742 1550 1889 1620 quod
1942 1563 1996 1607 et

425 1638 701 1694 haereticis
752 1639 883 1695 licet
928 1638 1250 1709 baptizare,
1320 1641 1445 1713 ipse
1512 1643 1624 1699 duo
1668 1644 2000 1716 baptismata

428 1728 587 1785 facit.

745 1824 1129 1883 Saturninusa
1172 1828 1481 1883 Victoriana
1520 1829 1678 1884 dixit.

502 1914 558 1970 Si
592 1916 721 1973 licet
786 1919 1072 1975 haereticis
1133 1921 1439 1992 baptizare,
1483 1922 1733 1977 excusati
1784 1932 1912 1977 sunt
1949 1932 2004 1979 et

428 2006 638 2064 defensi
671 2009 859 2065 illicita
883 2010 1147 2069 facientes
1175 2026 1190 2078 ;
1217 2029 1316 2068 nec
1336 2015 1501 2084 372
1525 2014 1797 2081 invenies,
1832 2031 2005 2083 quare

428 2112 529 2157 eos
559 2097 812 2155 Christus
844 2101 1195 2158 adversarios
1225 2119 1357 2159 suos
1388 2114 1485 2158 aut
1525 2107 1826 2174 Apostolus
1853 2107 2005 2160 anti-

316 2237 324 2246 .
429 2189 668 2246 christos
702 2192 1085 2260 appellaverit.

742 2284 900 2338 Alius
934 2284 1263 2340 Saturninus
1295 2304 1325 2341 a
1360 2288 1499 2359 Syca
1526 2289 1691 2344 dixit.

499 2372 768 2439 Gentiles,
806 2375 910 2431 etsi
965 2378 1138 2452 idola.
1183 2380 1390 2444 colant,
1444 2389 1628 2436 tamen
1678 2381 1845 2437 Deum
1901 2382 2005 2437 Pa-

432 2476 574 2521 trem
610 2478 664 2522 et
686 2467 1009 2525 Creatorem
1070 2482 1415 2542 cognoscunt
1440 2482 1497 2529 et
1541 2476 1873 2530 conﬁtentur
1901 2476 2005 2531 Do-

432 2559 668 2617 minum.
694 2560 756 2615 In
791 2562 939 2617 hunc
964 2562 1212 2619 Marcion
1239 2567 1612 2637 blasphemat,
1646 2578 1701 2624 et
1725 2571 2006 2640 quomodo

434 2664 550 2704 non
577 2652 938 2721 erubescunt,
1002 2658 1097 2724 qui
1144 2655 1445 2715 Marcionis
1498 2661 1831 2731 baptismum
1886 2678 2010 2734 pro-

430 2740 609 2797 bant?

844 2835 1137 2893 Marcellus
1172 2857 1204 2894 a
1229 2840 1400 2897 Zama
1435 2844 1593 2898 dixit.

514 2920 648 2978 Cum
682 2935 1040 2995 peccatorum
1069 2933 1323 2988 remissio
1362 2950 1474 2991 non
1502 2937 1610 2992 nisi
1665 2937 1720 2991 in
1756 2936 2006 2992 Ecclesia

428 3016 788 3083 concedatur,
832 3020 927 3091 qui
954 3021 1272 3079 haereticum
1295 3042 1405 3083 non
1438 3029 1701 3100 baptizat,
1728 3030 2004 3100 peccatori

431 3112 824 3168 communicat.

884 3205 1124 3266 Irentzus
1149 3213 1215 3266 ab
1262 3211 1376 3267 Ulis
1401 3213 1561 3271 dixit.

505 3290 562 3347 Si
591 3294 714 3350 ideo
745 3296 999 3354 Ecclesia
1025 3303 1338 3359 haereticum
1390 3321 1502 3359 non
1563 3307 1827 3378 baptizat,
1862 3310 2010 3379 quod

429 3383 654 3440 dicatur
702 3389 810 3455 iam
841 3392 1152 3463 baptizatus
1180 3411 1328 3461 esse,
1360 3399 1666 3455 antefertur
1693 3403 1919 3461 haeresis
1953 3406 2010 3460 et

432 3474 606 3544 major
638 3477 717 3534 tit.

816 3570 1059 3631 Donatus
1096 3595 1129 3632 a
1163 3578 1413 3638 Cibatina
1448 3584 1611 3641 dixit.

503 3654 560 3711 Si
748 3660 894 3717 dicat
923 3670 1066 3736 apud
1097 3670 1387 3730 haereticos
1421 3693 1545 3733 esse
1571 3680 1827 3751 baptismi
1868 3699 2009 3754 gra—

431 3745 585 3812 tiam,
620 3749 734 3821 illic
766 3754 1071 3813 Ecclesiam
1105 3776 1227 3817 esse
1261 3765 1415 3834 prius
1450 3745 1727 3825 ostendat.

820 3845 1065 3906 Zosimus
1096 3872 1127 3907 a
1173 3854 1417 3912 Tharasa
1459 3861 1620 3918 dixit.

500 3927 855 3994 Revelatione
889 3940 1033 3997 laeta
1058 3944 1312 4003 veritatis
1346 3951 1425 4004 illi
1462 3955 1620 4008 cedat
1649 3963 1829 4014 error.

815 4134 1072 4194 Julianus
1100 4159 1132 4193 a
1178 4143 1426 4217 Philippo
1456 4149 1617 4207 dixit.
1769 4174 1799 4201 ο

506 4217 782 4293 Scriptum
854 4238 970 4284 est:
1023 4232 1195 4286 Nemo
1257 4248 1428 4303 potest
1480 4244 1685 4311 aliquid
1749 4248 2007 4318 accipere,

430 4314 536 4368 nisi
556 4315 741 4371 datum
771 4320 931 4389 fuerit
962 4323 1041 4376 illi
1069 4326 1132 4380 de
1164 4328 1291 4382 cwlo
1318 4333 1389 4387 ".
1424 4332 1482 4388 Si
1521 4336 1745 4393 haeresis
1772 4340 1838 4394 de
1867 4314 2010 4405 cutio

430 4415 533 4467 est,
568 4421 748 4477 potest
771 4419 826 4465 et
859 4415 1088 4469 caeleste
1119 4417 1390 4490 baptisma
1423 4424 1577 4480 dare.

820 4606 1058 4669 Faustus
1092 4633 1123 4671 a
1156 4617 1413 4677 Themida
1446 4626 1615 4680 dixit.

505 4695 615 4792 Qui
652 4714 750 4769 pro
811 4704 1084 4765 haereticis
1122 4714 1506 4772 ecclesiastico
1555 4722 1870 4792 haptismati
1915 4729 2005 4785 in-

432 4787 742 4861 tercedunt,
793 4794 918 4854 illos
943 4797 1312 4873 Christianos,
1345 4820 1400 4863 et
1451 4825 1553 4867 nos
1598 4787 1890 4876 haereticos
1926 4821 2009 4878 l‘a-

431 4882 605 4936 ciunt.

849 5006 1098 5066 Geminus
1121 5028 1157 5065 a
1187 5009 1392 5071 Forma
1434 5018 1594 5077 dixit.

504 5087 660 5156 Quod
689 5099 861 5154 semel
900 5100 1272 5173 decrevimus,
1327 5107 1433 5165 hoc
1490 5119 1544 5168 et
1602 5124 1902 5187 tenemus;
1949 5129 2007 5175 ut

432 5182 501 5237 ab
537 5184 813 5247 haereticis
850 5194 1133 5253 venientes
1164 5197 1534 5271 baptizemus.

823 5305 1155 5377 Rogatianus
1199 5316 1266 5370 ab
1304 5316 1610 5377 Usatdixit.

507 5390 811 5453 Ecclesiam
847 5399 1105 5461 Christus
1133 5409 1393 5478 instituit,
1427 5416 1677 5470 haeresim
1715 5417 1969 5475 diabolus
1993 5459 2009 5475 .

432 5488 720 5583 Quomodo
747 5512 877 5568 ergo
924 5499 1255 5570 baptismum
1286 5506 1491 5566 Christi
1551 5524 1827 5583 synagoga
1884 5513 2006 5569 dia-

433 5582 544 5639 boli
572 5586 772 5645 habere
804 5597 1027 5663 potest?

542 5776 588 5809 ”
629 5775 789 5833 Joan.
822 5797 900 5847 l‘l,
933 5783 1017 5837 £7.

2033 1788 2081 1857 ﬁ

2100 904 2195 957 ἐπὶ
2215 904 2317 974 τῆς
2342 904 2445 972 γῆς
2481 903 2513 975 ἣ
2540 904 2726 974 δῆσαι.

2157 1006 2160 1011 ‘
2386 994 2673 1059 οὐϊνάτος
2706 993 2823 1049 ἀπὸ
2858 993 3127 1059 Θυνίσης
3163 988 3356 1047 εἶπεν.

2170 1087 2235 1141 Ὅ
2265 1088 2327 1139 τὸ
2367 1087 2654 1157 βάπτισμα
2701 1088 2806 1158 τῆς
2853 1086 3187 1153 Ἐκκλησίας
3216 1088 3330 1149 τοῖς
3384 1087 3705 1156 αἱρετικοῐς

2102 1182 2299 1235 κοινῶν
2323 1179 2419 1252 τὴν
2447 1180 2689 1250 Νύμφην
2710 1179 2808 1234 τοῦ
2843 1174 3086 1251 Χριστοῦ
3140 1181 3350 1250 μοιχοῖς
3383 1179 3709 1250 παραδίδως-

2104 1288 2209 1327 σιν.

2383 1365 2629 1434 Λυμμὸς
2663 1363 2782 1419 ἀπὸ
2802 1426 2807 1431 θ
2830 1363 3132 1434 Ἀσυάγης
3152 1360 3346 1419 εἶπεν.

2174 1461 2369 1529 Ἡμεῖς
2392 1459 2450 1513 ἓν
2486 1457 2772 1527 βάπτισμα
2796 1457 3124 1527 εἰλήφαμεν,
3153 1456 3251 1510 καὶ
3284 1455 3458 1527 τούτῳ
3496 1455 3713 1520 ἐξακοο

2102 1552 2430 1622 λουθοῦμεν.
2452 1560 2453 1563 “
2476 1552 2536 1605 '0
2566 1551 2623 1604 δὲ
2658 1551 2857 1618 λέγων,
2890 1551 3002 1606 Καὶ
3034 1553 3149 1613 τοῖς
3181 1550 3487 1621 αίρετικοῖς
3508 1549 3706 1613 ἔξεστι

2106 1644 2413 1717 βαπτίζειν,
2443 1644 2537 1699 δύο
2568 1641 3170 1715 βαπτίσματαείσάγει.

2269 1826 2630 1895 Σατορνῖνος
2663 1827 2785 1883 ἀπὸ
2837 1824 3272 1896 Οὑικτοριανῆς
3312 1820 3508 1879 εἶπεν.

2170 1920 2235 1973 Εἰ
2271 1919 2450 1984 ἔξεστι
2491 1922 2601 1982 τοῖς
2658 1920 2958 1991 αίρετικοῖς
3006 1917 3316 1987 βαπτίζειν,
3364 1914 3712 1984 ἀνέγκλητοι

2108 2014 2251 2066 εἰσιν
2281 2013 2459 2083 ἄνομα
2485 2010 2787 2075 ποιοῦντες·
2815 2011 2937 2064 οὐδὲ
2962 2011 3215 2081 εὑρήσεις
3239 2009 3331 2063 διὰ
3356 2008 3410 2061 τί
3427 2008 3635 2071 αὐτοὺς
3671 2006 3712 2060 ὁ

2108 2102 2346 2173 Χριστὸς
2376 2100 2653 2164 ἐναντίους
2682 2100 2715 2171 ἦ
2744 2101 2773 2153 ὁ
2810 2100 3139 2162 Ἀπόστολος
3163 2097 3545 2167 ἀντιχρίστους
3571 2096 3708 2149 ὀνο-

2112 2197 2294 2267 μάζει.

2284 2286 2643 2355 Σατορνῖνος
2677 2287 2872 2352 ἄλλος
2915 2285 3034 2351 ἀπὸ
3058 2283 3264 2352 Συκῆς
3301 2280 3496 2337 εἶπεν.

2165 2386 2228 2439 Οἱ
2255 2387 2480 2451 ἐθνικοὶ,
2517 2384 2564 2438 εί
2597 2386 2691 2437 καὶ
2714 2382 2909 2437 εἴδωλα
2941 2380 3214 2443 σέϐονται,
3243 2379 3393 2447 ὅμως
3424 2377 3519 2429 τὸν
3564 2375 3716 2429 Θεὸν

2114 2480 2340 2549 Πατέρα
2370 2478 2469 2532 καὶ
2527 2479 2770 2546 Κτίστην
2802 2473 3229 2543 ὲπιγινώσκουσι
3255 2472 3354 2524 καὶ
3376 2467 3720 2538 ὁμολογοῦσι

2110 2572 2414 2641 Δεσπότην.
2451 2570 2546 2633 Et;
2570 2568 2761 2623 τοῦτον
2787 2568 3059 2639 Μαρκίων
3088 2566 3425 2635 βλασφημεῖ,
3451 2564 3547 2617 καὶ
3581 2562 3719 2625 πῶς

2109 2665 2211 2718 οὐκ
2241 2664 2592 2729 αἰσχύνονται
2626 2663 2675 2716 οἱ
2699 2661 3030 2730 Μαρκίωνος
3056 2658 3342 2729 βάπτισμα
3366 2655 3715 2727 δοκιμάζον-

2108 2772 2234 2821 tu;

2416 2848 2769 2916 Μάρκελλος
2802 2846 2921 2900 ἀπὸ
2944 2846 3151 2915 Ζάμης
3172 2840 3363 2904 εἶπεν.

2194 2941 2391 2993 Ὁπότε
2445 2941 2641 3009 ἄφεσις
2690 2938 2976 3011 ἁμαρτιῶν
3030 2936 3272 3007 οὐδαμοῦ
3311 2937 3360 2988 εί
3417 2933 3492 3004 μὴ
3546 2932 3707 3002 ὲντῇ

2121 3032 2425 3105 Ἐκκλησία
2452 3032 2674 3097 δίδοται,
2708 3035 2737 3087 ὁ
2788 3030 3066 3102 αἱρετικὸν
3091 3030 3166 3100 μὴ
3193 3025 3475 3099 βαπτίζων
3510 3026 3709 3097 ἀμαρ-

2029 3122 2076 3186 C
2107 3127 2264 3198 τωλῷ
2286 3130 2554 3181 κοινωνεῖ.

2418 3217 2739 3285 Εἰρηναῖος
2772 3216 2892 3272 ἀπὸ
2930 3212 3144 3270 οὐλῶν
3165 3210 3354 3268 εἶπεν.

2173 3308 2239 3363 Εί
2271 3310 2362 3365 διὰ
2380 3309 2539 3363 τοῦτο
2574 3310 2606 3380 ή
2655 3307 2950 3377 Ἐκκλησία
2977 3306 3069 3360 τὸν
3101 3302 3381 3373 αἱρετικὸν
3406 3301 3469 3355 οὐ
3495 3300 3713 3371 βαπτί-

2113 3401 2215 3465 ζει,
2249 3402 2331 3454 ὅτι
2357 3400 2459 3471 ἤδη
2493 3398 2711 3467 λέγεται
2740 3395 3131 3465 βεϐαπτίσθαι,
3152 3394 3442 3465 προκρίνει
3481 3395 3515 3464 ἡ
3545 3393 3717 3463 αἴρε-

2115 3508 2199 3554 σις
2234 3490 2327 3543 καὶ
2360 3489 2565 3554 μείζων
2594 3488 2831 3555 γίνεται.

2396 3576 2651 3655 Δονάτος
2680 3577 2799 3630 ἀπὸ
2843 3573 3172 3643 Κιϐαλινῆς
3206 3574 3399 3627 εἶπεν.

2180 3675 2238 3727 '0
2264 3673 2437 3741 λέγων
2475 3670 2627 3739 παρὰ
2650 3674 2764 3732 τοῖς
2788 3669 3088 3739 αἱρετικοῖς
3130 3667 3291 3737 χάριν
3321 3665 3714 3735 βαπτίσματος

2114 3761 2278 3826 εἶναι,
2311 3763 2580 3833 πρότερον
2610 3759 2949 3822 ἁποδειξάτω
2977 3758 3095 3810 ἐκεῖ
3125 3754 3478 3825 Ἐκκλησίαν.

2422 3853 2693 3921 Ζὼσιμος
2722 3851 2843 3905 ἀπὸ
2873 3849 3134 3919 Θαραζοῦ
3167 3845 3359 3903 εἶπεν.

2114 3976 2121 3981 -
2195 3945 2701 4014 Ἀποκαλυφθείσης
2751 3946 2852 4013 τῆς
2898 3943 3160 4013 ἀληθείας
3209 3939 3620 4010 παρμχωρείτω
3667 3941 3703 4010 ἡ

2114 4039 2294 4107 πλάνη
2327 4040 2392 4107 τῇ
2425 4036 2676 4106 ἀληθείᾳ.

2408 4148 2745 4215 Ἰουλιανὸς
2767 4148 2886 4203 ἀπὸ
2924 4147 3229 4202 Φιλίππου
3248 4144 3403 4202 εἷπε.

2175 4248 2531 4319 Γέγραπται·
2570 4247 2651 4299 Οὐ
2679 4245 2931 4298 δύναται
2988 4242 3306 4323 ἄνθρωπος
3369 4241 3706 4311 λαμϐάνειν

2114 4339 2313 4407 οὐδὲν,
2338 4339 2447 4392 ἐὰν
2465 4338 2550 4408 μὴ
2582 4334 2625 4410 ᾖ
2657 4336 2977 4405 δεδομένον
2993 4335 3153 4400 αὐτῷ
3175 4336 3243 4389 ἐκ
3273 4334 3383 4387 τοῦ
3406 4335 3701 4403 οὐρανοῦ.

2036 4454 2091 4517 D
2118 4435 2183 4489 Εί
2228 4435 2261 4505 ἡ
2295 4433 2507 4503 αἵρεσις
2555 4432 2614 4499 ἐξ
2647 4428 2879 4499 οὐρανοῦ
2914 4431 3087 4497 ἐστιν,
3122 4428 3350 4483 δύναται
3406 4429 3500 4482 καὶ
3529 4429 3705 4499 οὖρά-

2118 4541 2232 4580 νιον
2265 4525 2550 4596 βάπτισμα
2583 4520 2790 4576 δοῦναι.

2402 4637 2676 4701 Φαῦστος
2727 4633 2846 4691 ἀπὸ
2878 4633 3139 4707 Θημίδης
3179 4629 3366 4689 εἶπεν.

2184 4734 2247 4788 Οἱ
2276 4732 2336 4786 τὸ
2364 4731 2472 4785 τῶν
2499 4729 2798 4802 αἱρετικῶν
2830 4728 2970 4799 πρὸς
3005 4727 3065 4781 τὸ
3094 4728 3195 4799 τῆς
3235 4728 3567 4799 Ἐκκλησξας
3597 4727 3701 4799 βά-

2116 4843 2328 4895 πτισμα
2358 4822 2724 4893 ἐνιστάμενοι,
2752 4820 2996 4887 ἐκείνους
3016 4822 3115 4891 μὲν
3131 4820 3514 4890 Χριστιανοὺς,
3548 4822 3706 4891 ἡμᾶς

2114 4920 2170 4973 δὲ
2198 4896 2512 4989 αίρετλικοὺς
2539 4914 2777 4969 ποιοῦσι.

2456 5028 2711 5099 Γεμῖνος
2739 5027 2857 5082 ἀπὸ
2888 5030 3122 5099 Φόρμης
3151 5025 3338 5084 εἶπεν.

2192 5124 2258 5175 "O
2323 5119 2472 5185 ἅπαξ
2506 5119 2827 5191 ἐκρίναμεν,
2876 5119 3033 5173 τοῦτο
3085 5122 3177 5173 καὶ
3214 5121 3555 5191 κατέχομενο
3608 5120 3701 5177 ἵνα

2116 5216 2243 5279 τοὺς
2266 5215 2375 5269 ἀπὸ
2400 5212 2670 5284 αἱρέσεων
2721 5212 3051 5284 ἐρχομένους
3083 5210 3459 5282 βαπτίζωμεν.

2416 5325 2799 5395 Ῥογατιανὸς
2835 5323 2954 5378 ἀπὸ
2981 5323 3183 5391 Οὔσης
3208 5321 3404 5383 εἶπεν.
3650 5389 3657 5395 .

2182 5420 2296 5491 Τὴν
2329 5419 2661 5488 Ἐκκλησίαν
2688 5418 2716 5470 ὁ
2755 5416 2994 5486 Χριστὸς
3031 5416 3373 5487 ᾠκοδόμησε,
3410 5418 3512 5489 τὴν
3540 5418 3697 5490 αἵρε-

2118 5533 2203 5569 σιν
2226 5516 2253 5567 ὁ
2271 5513 2517 5575 διάϐολος
2539 5528 2554 5543 ·
2578 5510 2697 5574 πῶς
2718 5508 2810 5563 οὖν
2838 5507 3062 5563 δύναται
3082 5510 3227 5581 ἔχειν
3249 5510 3535 5582 βάπτισμα
3552 5513 3597 5566 Χ
3606 5529 3696 5583 ρι-

2120 5608 2247 5663 στοῦ
2277 5609 2309 5678 ή
2342 5605 2633 5675 συναγωγὴ
2662 5603 2757 5657 τοῦ
2784 5601 3037 5656 διαϐόλου
3078 5620 3090 5634 ο
