4076 6462
406 343 540 405 ΗΠ

662 456 947 524 Θεράπιος
965 458 1083 513 ἀπὸ
1108 463 1479 533 Βουλισμιου
1501 463 1693 521 εἶπεν.

484 548 541 600 '0
577 549 693 611 τοῖς
718 549 1017 618 αἱρετικοῖς
1046 551 1108 602 τὸ
1142 552 1426 625 βάπτισμα
1483 559 1581 628 τῆς
1645 558 1977 630 Ἐκκλησίας

402 639 709 711 προδιδοὺς,
737 640 791 692 τί
821 641 1005 712 ἄλλοῆ
1040 643 1142 713 τῆς
1163 645 1403 717 Νύμφης
1443 648 1540 702 τοῦ
1570 650 1808 722 Χριστοῦ
1841 670 1976 723 προ-

403 736 557 805 δότης
589 736 803 805 γίνεται
822 753 837 801 ;

694 829 951 895 Λούκιος
981 829 1099 893 ἀπὸ
1131 833 1480 901 Μεμερέσης
1520 835 1674 889 εἷπε.

470 919 785 989 Γέγραπται
808 920 888 973 δτι
927 919 991 974 '0
1020 922 1166 989 Θεὸς
1198 924 1563 993 ἁμαρτωλῶν
1610 929 1723 980 οὐκ
1750 925 1985 982 ἀκούει.

412 1011 471 1063 '0
501 1011 558 1063 δὲ
608 1012 888 1082 αίρετικδς
953 1012 1028 1066 ὢν
1073 1014 1421 1086 ἁμαρτωλὸς,
1477 1016 1595 1081 πῶς
1625 1017 1886 1072 ἀκούεται
1921 1018 1979 1071 ὲν

402 1102 479 1173 τῷ
527 1103 814 1174 βαπτίζειν
834 1122 850 1171 ;

550 1197 777 1261 Ἄλλος
807 1197 1001 1266 Φῆλιξ
1024 1198 1145 1252 ἀπὸ
1176 1201 1619 1271 Οὐαγλακηνῆς
1644 1199 1836 1257 εἷπεν.

488 1289 579 1342 Ἐν
628 1289 708 1358 τῷ
758 1291 1154 1365 προσδέχεσθαι
1195 1294 1320 1356 τοὺς
1370 1295 1681 1365 αἱρετικοὺς
1717 1294 1848 1348 ἄνευ
1887 1293 1989 1347 τοῦ

407 1380 506 1451 τῆς
556 1362 886 1449 Ἑκκλησίᾳς
922 1380 1302 1451 βαπτίσματος
1340 1362 1531 1454 μηδεὶς
1558 1385 1659 1456 τὴν
1691 1384 1985 1455 συνήθειαν

407 1472 567 1538 Λόγου
600 1468 698 1525 καὶ
728 1472 828 1541 τῆς
875 1474 1135 1543 ἀληθείας
1168 1478 1532 1546 προκρινέτω.

482 1562 707 1628 Ἄλλος
734 1564 1094 1633 Σατορνῖνος
1135 1567 1254 1620 ἀπὸ
1284 1571 1667 1639 Πλουτίμνης
1719 1565 1909 1622 εἶπεν.

475 1654 539 1705 Εἰ
598 1653 823 1706 δύναται
888 1654 1260 1725 Ἀντίχριστος
1306 1658 1492 1713 δοῦναι
1542 1662 1640 1730 τὴν
1692 1660 1853 1731 χάριν
1888 1659 1983 1712 τοῦ

404 1748 666 1817 Χριστοῦ,
720 1750 977 1803 δύνανται
1035 1751 1131 1804 καὶ
1180 1755 1228 1805 οἱ
1272 1756 1543 1826 αίρετικοὶ
1590 1756 1899 1827 βαπτίζειν,
1933 1757 1987 1810 oi-

404 1840 801 1909 ὀνομασθέντες
841 1843 1203 1913 ἀντίχριστοι.

330 1936 337 1941 ‘
760 1933 1014 2001 Κόιντος
1033 1937 1151 1990 ἀπὸ
1178 1941 1409 2009 Οὐγϐᾶς
1434 1937 1626 1998 εἶπεν.

490 2024 549 2077 'O
580 2025 713 2089 Θεὸς
757 2021 838 2090 εἷς
888 2031 1026 2091 ἐστι,
1061 2032 1158 2085 καὶ
1201 2033 1499 2104 Ἐκκλησία
1526 2036 1625 2104 μία
1665 2039 1760 2091 καὶ
1805 2040 1864 2093 ἓν
1894 2041 1991 2110 βάς-

408 2131 642 2185 πτισμα·
676 2118 770 2170 καὶ
792 2120 907 2181 πῶς
929 2120 1154 2175 δύναταί
1182 2139 1264 2186 τις
1284 2125 1651 2197 βαπτισθῆναι
1682 2132 1821 2198 ἐκεῖ,
1854 2134 1991 2187 ὅπου

407 2209 529 2263 οὕτε
560 2212 691 2276 Θεὸς
734 2213 856 2267 οὔτε
885 2215 1122 2285 Χριστὸς
1156 2218 1280 2277 οὔτε
1317 2220 1615 2289 Ἐκκλησία
1648 2225 1767 2277 ἐστί
1798 2242 1814 2293 ;

620 2302 952 2374 Ἰουλιανὸς
967 2310 1088 2364 ἀπὸ
1102 2312 1562 2382 Μαρκελλιανῆς
1580 2316 1771 2373 εἶπεν.

480 2395 544 2448 Εἰ
568 2395 791 2452 δύναται
824 2398 1114 2470 1ἄνθρωπος
1141 2403 1264 2455 δυσὶ
1301 2407 1514 2474 κυρίοις
1536 2407 1832 2475 δουλεύειν,
1865 2411 1988 2481 θεῷ

409 2487 502 2538 καὶ
526 2490 838 2560 μαμμωνᾷ,
871 2489 1095 2544 δύναται
1127 2494 1223 2545 καὶ
1249 2493 1308 2545 τὸ
1342 2494 1634 2564 βάπτισμα
1657 2496 1811 2550 δυσὶν
1842 2499 1990 2570 ὑπηο

408 2579 605 2647 ρετ-εῖν.

651 2668 843 2737 Τέναξ
868 2673 989 2727 ἀπὸ
1026 2674 1236 2741 Ὀρίων
1264 2678 1534 2732 Κελλίων
1582 2675 1740 2734 εἷπε.

474 2762 765 2832 Βάπτισμα
800 2764 860 2818 ἓν
888 2769 1055 2832 ἐστιν,
1085 2766 1223 2821 ἀλλὰ
1262 2768 1363 2839 τῆς
1411 2770 1765 2842 Ἐκκλησίας,
1807 2767 1875 2844 ἧς
1926 2773 1989 2826 τὸ

406 2849 690 2921 βάπτισμα
712 2855 934 2925 ἀληθές.
1681 2912 1686 2918 .

584 2947 796 3013 Ἄλλος
838 2950 1103 3018 Οὺῑκτωρ
1130 2951 1250 3005 ἀπὸ
1280 2951 1580 3023 Ἀσούρας
1606 2953 1779 3012 εἶπεν

488 3037 743 3107 Ὁμοίως.

607 3134 1030 3199 Δουνατοῦλος
1084 3135 1204 3189 ἀπὸ
1258 3137 1513 3207 Κάμψης
1573 3138 1767 3195 εἶπεν·

492 3223 603 3275 Ἀεὶ
630 3223 792 3277 τοῦτο
823 3224 933 3292 ἐγὼ
961 3225 1259 3295 ἐφρόνησα,
1280 3228 1367 3281 ἵνα
1402 3230 1453 3282 οἱ
1480 3232 1776 3301 αἱρετικοὶ,
1812 3233 1983 3303 μηδὲν

407 3315 511 3380 ἔξω
563 3315 747 3370 λαϐεῖν
785 3316 1093 3385 δυνάμενοι,
1140 3319 1269 3378 ὅταν
1318 3321 1456 3392 πρὸς
1500 3323 1601 3394 τὴν
1659 3324 1985 3396 Ἐκκλησίαν

406 3405 624 3471 ἔλθωσι,
694 3406 1094 3483 βαπτισθῶσιν.

586 3499 934 3566 Οὐήρουλος
981 3502 1101 3556 ἀπὸ
1150 3505 1579 3575 Ῥουσικκάὸος
1596 3510 1792 3566 εἶπεν.

481 3594 807 3663 Ἀνθρωπος
836 3595 1112 3665 αἰρετικδς
1171 3598 1397 3652 δύναται
1463 3603 1646 3657 δοῦναι
1676 3605 1704 3656 ὃ
1738 3605 1810 3674 μὴ
1842 3604 1980 3676 ἔχει,

407 3685 542 3739 πολὺ
579 3686 782 3757 μᾶλλον
810 3688 1193 3759 σχισματικὸς,
1222 3692 1360 3763 ὅπερ
1393 3688 1538 3764 εἶχεν
1571 3696 1866 3760 ἀπολέσας.

580 3872 1021 3937 Πουδεντιιινὸς
1052 3874 1171 3927 ἀπὸ
1193 3877 1567 3945 Κουινκόλης
1613 3873 1805 3933 εἶπεν.

490 3965 614 4018 Ἐάν
651 3981 736 4027 τις
762 3966 871 4017 ἀπὸ
901 3964 1170 4033 αἱρέσεως
1195 3964 1349 4038 ἔλθῃ,
1399 3967 1767 4040 βαπτισθῆναι
1825 3972 1987 4026 αὐτὸν

406 4055 581 4128 ὀρθῶς
616 4058 710 4108 καὶ
735 4056 965 4117 δικαίως
993 4055 1265 4126 κέκριται.

534 4146 757 4213 Πέτρος
789 4147 908 4201 ἀπὸ
959 4146 1247 4213 Ἰππῶνος
1287 4149 1614 4218 Διαρῤύτου
1642 4147 1842 4206 εἶπεν*

486 4239 642 4292 Ἐπεὶ
671 4239 730 4291 ἒν
762 4238 1051 4308 βάπτισμά
1079 4241 1226 4294 ἐστιν
1260 4242 1318 4294 ὲν
1364 4244 1500 4312 μόνῃ
1532 4246 1599 4313 τῇ
1662 4244 1979 4315 Ἐκκλησίᾳ,

406 4330 495 4384 διὰ
519 4331 676 4383 τοῦτο
700 4333 829 4394 τοὺς
860 4331 967 4384 ἀπὸ
997 4331 1108 4384 τῶν
1158 4332 1449 4403 αἱρετικῶν
1482 4335 1577 4387 καὶ
1608 4337 1986 4405 σχισματικῶν

406 4420 683 4490 ἐλθόντας,
714 4425 789 4485 ὡς
822 4423 990 4494 μηδὲν
1026 4424 1235 4477 ἐκεῖθεν
1272 4425 1583 4496 εἰληφότας,
1644 4428 1702 4481 ὲν
1749 4431 1816 4500 τῇ
1862 4431 1985 4484 Ἑκέ

408 4515 605 4586 κλησίᾳ
631 4515 993 4585 βαπτίζεσθαι
1023 4518 1212 4589 κρίνω.

584 4607 812 4672 Ἄλλος
845 4609 1100 4671 Λούκιος
1137 4608 1256 4661 ἀπὸ
1281 4609 1570 4679 Αὑσάςρης
1597 4604 1789 4667 εἶπεν.

486 4700 638 4764 Ἐνδς
670 4700 824 4763 ὄντος
848 4699 983 4753 Θεοῦ
1023 4700 1121 4754 καὶ
1154 4701 1370 4772 Πατρὸς
1401 4702 1495 4755 καὶ
1541 4703 1671 4756 Υίοῦ
1705 4705 1801 4757 καὶ
1824 4703 1983 4772 ἁγίου

410 4792 749 4861 Πνεύματος,
778 4792 872 4845 καὶ
899 4792 1027 4861 μιᾶς
1053 4791 1292 4857 ἐλπίδος,
1329 4794 1429 4857 καὶ,
1463 4795 1594 4862 μιᾶς
1630 4793 1983 4866 Ἐκκλησίας,

404 4882 474 4937 τὰ
502 4883 654 4954 παρὰ
685 4884 799 4944 τοῖς
859 4883 1160 4952 αἰρετικοῖς
1200 4884 1552 4954 πραττόμενα
1614 4885 1837 4939 λύεσθαι
1872 4887 1983 4940 δεῖν

407 4994 571 5047 φημι,
605 4974 843 5038 καὶτοὺς
883 4974 979 5033 ἀπ’
1018 4974 1201 5032 αὐτῶν
1262 4977 1590 5048 ἐρχομένους
1631 4978 1689 5031 ὲν
1739 4980 1803 5048 τῇ
1866 4977 1987 5033 Ἐκ-

408 5067 607 5139 κλησίᾳ
636 5066 943 5135 βαπτίζειν.
1138 5054 1151 5057 ί

621 5161 838 5225 Ἄλλος
868 5158 1061 5227 Φῆλιξ
1090 5157 1210 5212 ἀπὸ
1248 5160 1538 5229 Τουριτῶν
1563 5156 1757 5215 εἶπεν.

432 5327 435 5329 η
489 5252 630 5322 Ἐγὼ
658 5253 854 5324 κρίνω,
889 5251 975 5307 ἵνα
1013 5251 1324 5315 ἀκολούθως
1361 5255 1481 5315 ταῖς
1529 5252 1706 5314 θείαις
1737 5252 1986 5322 Γραφαῖς

406 5347 596 5416 ἄνομοι
620 5345 771 5418 παρὰ
795 5347 909 5408 τοῖς
958 5346 1253 5414 αἱρετικοίς
1307 5343 1713 5413 βαπτισθέντες,
1746 5343 1812 5396 ἂν
1849 5344 1986 5412 πρὸς

404 5438 504 5507 τὴν
545 5436 874 5507 Ἐκκλησίαν
915 5436 1295 5505 καταφύγωσι,
1357 5436 1433 5506 τῷ
1492 5437 1591 5504 τῆς
1660 5436 1984 5506 Ἐκκλησίας

410 5530 770 5601 βαπτίσματι,
801 5530 929 5585 ἔνθα
959 5527 1358 5603 πᾶσαθὲξουσία
1398 5530 1546 5599 παρὰ
1571 5528 1664 5581 τοῦ
1718 5527 1853 5582 Θεοῦ
1890 5528 1984 5581 δέ·

406 5624 580 5690 δοται,
610 5622 1008 5694 βαπτισθῶσιν.

650 5718 1022 5780 Πλουτιανὸς
1057 5716 1177 5770 ἀπὸ
1225 5714 1505 5781 Λαϐάνης
1540 5713 1730 5770 εἶπεν.
1898 5730 1929 5756 ο

489 5807 631 5879 Ἐγὼ
674 5806 912 5861 πιστεύω
945 5807 1291 5877 βαπτίσματι
1326 5806 1604 5876 σωτηρίαν
1637 5805 1711 5875 μὴ
1744 5802 1902 5868 εἶναι,
1931 5804 1977 5857 εἰ

1533 356 1613 417 1N
1644 356 1808 417 CAN.
1846 320 2114 423 tcouc.
2160 362 2531 426 CARTHAG.

2011 479 2059 536 Α

2008 3149 2055 3206 C

3522 362 3653 427 1118

2442 476 2736 547 Therapius
2779 497 2810 533 a
2850 479 3111 534 Bulismio
3142 479 3300 534 dixit.

2151 571 2253 638 Qui
2290 572 2562 627 hatreticis
2592 573 2848 628 Ecclesiae
2875 574 3149 641 baptisma
3188 573 3466 639 concedit,
3521 575 3653 644 quid

2086 665 2235 717 aliud
2262 681 2425 736 quam
2457 666 2684 735 Sponsae
2703 665 2903 722 Christi
2942 668 3187 736 proditor
3216 667 3477 721 exsistit?

2106 774 2107 779 ‘
2469 756 2665 811 Lucius
2711 775 2741 811 a
2774 756 3069 811 Memeresa
3106 758 3265 812 dixit.

2104 854 2112 879 ³
2154 848 2430 918 Scriptum
2458 857 2580 904 est:
2611 848 2747 903 Deus
2795 860 3094 917 peccatores
3129 868 3230 904 non
3259 852 3433 906 audit.
3469 851 3653 905 lla‘re-

2080 938 2227 993 ticus
2250 948 2456 1001 autem,
2516 955 2641 994 cum
2702 942 2773 994 sit
2826 952 3105 1011 peccator,
3151 943 3428 1012 quomodo
3464 944 3523 997 in
3562 943 3657 997 ba-

2081 1032 2284 1101 ptismo
2316 1032 2493 1087 audiri
2528 1034 2757 1102 potest?

2399 1215 2549 1270 Alius
2592 1212 2747 1268 Felix
2770 1226 2806 1267 ο
2835 1212 3137 1286 Vaglacena
3171 1216 3330 1269 dixit.

2151 1308 2211 1363 In
2243 1307 2666 1363 hzereticissine
2694 1307 2954 1363 Ecclesia:
2988 1307 3263 1376 baptismo
3310 1306 3648 1376 recipiendis

2084 1416 2244 1457 nemo
2266 1402 2722 1456 consuetudinem
2759 1402 2961 1456 rationi
2988 1411 3042 1457 et
3076 1402 3296 1457 veritati
3347 1412 3652 1471 pragponat.

2328 1576 2482 1632 Alius
2510 1577 2831 1633 Saturninus
2874 1596 2907 1632 α
2934 1578 3213 1633 Ptutimna
3249 1581 3407 1634 dixit.

2104 1684 2107 1687 λ
2156 1663 2217 1719 Si
2265 1662 2447 1735 potest
2485 1668 2864 1724 Antichristus
2916 1676 3049 1726 dare
3109 1672 3342 1739 gratiam
3400 1670 3650 1738 Christi,

2086 1768 2389 1831 posrsuntet
2460 1762 2705 1818 haeretici
2737 1764 3040 1833 baptizare,
3090 1767 3183 1835 qui
3234 1765 3495 1836 appellati
3529 1773 3661 1820 sunt

2088 1852 2423 1907 antichristi.

2516 1945 2745 2013 Quintus
2779 1947 2857 2005 ab,
2886 1948 3032 2018 Ugba
3073 1948 3229 2005 dixit.

2161 2038 2307 2093 Deus
2363 2050 2509 2094 unus
2559 2047 2662 2102 est,
2705 2047 2761 2093 et
2831 2040 3075 2095 Ecclesia
3110 2057 3239 2105 una,
3285 2049 3340 2095 et
3387 2042 3662 2111 baptisma

2091 2146 2295 2195 unum;
2326 2132 2603 2200 quomodo
2634 2146 2766 2202 ergo
2792 2133 2906 2187 illic
2940 2134 3201 2201 baptizari
3248 2134 3448 2203 aliquis
3484 2143 3664 2203 potest

2089 2221 2181 2278 ubi
2221 2222 2365 2278 Deus
2398 2232 2453 2278 et
2468 2223 2718 2279 Christus
2747 2234 2800 2277 et
2837 2223 3081 2279 Ecclesia
3117 2230 3223 2279 nan
3257 2226 3382 2279 est?

2428 2314 2682 2368 Julianus
2716 2334 2747 2369 a
2780 2316 3131 2370 Marcelliano
3158 2315 3317 2370 dixit.

2162 2405 2229 2460 Si
2252 2413 2434 2475 potest
2463 2407 2627 2460 homo
2656 2406 2871 2462 duobus
2895 2407 3136 2464 dominis
3184 2410 3416 2473 servire,
3455 2408 3566 2460 Deo
3606 2417 3664 2461 et

2090 2512 2439 2561 mammonae,
2486 2504 2666 2567 potest
2701 2507 2754 2553 et
2780 2499 3052 2568 baptisma
3094 2498 3311 2553 duobus
3340 2497 3627 2553 inservire.

2464 2678 2645 2732 Tennx
2680 2679 2743 2731 ab
2777 2677 3106 2733 Orii~Ccttiis
3133 2678 3294 2733 dixit.

2158 2767 2436 2836 Baptisma
2466 2776 2637 2821 unum
2667 2777 2776 2829 est,
2810 2768 2907 2821 sed
2937 2764 3217 2830 Ecclesiae,
3254 2764 3416 2831 cujus
3447 2770 3534 2818 est
3574 2777 3670 2817 ve-

2088 2866 2210 2914 rum
2230 2859 2524 2928 baptisma.
2832 2892 2836 2897 ο
2948 2870 2951 2871 ⁷

2443 2948 2594 3004 Atius
2631 2947 2812 3005 Victor
2838 2951 2907 3003 ab
2935 2950 3110 3004 Astera
3145 2948 3285 3002 dixit

2160 3039 2448 3097 Similiter.
2640 3050 2643 3053 '

2511 3132 2813 3188 Donatulus
2835 3148 2867 3185 a
2890 3132 3063 3201 Easpe
3092 3131 3255 3186 dixit.

2158 3225 2223 3281 Et
2249 3238 2598 3294 ego‘scmper
2619 3224 2724 3276 hoc
2764 3221 2936 3287 sensi,
2990 3230 3052 3275 ut
3092 3221 3353 3285 haeretici,
3381 3221 3474 3290 qui
3525 3220 3665 3274 nihil

2085 3318 2500 3386 foris‘consequi
2525 3324 2777 3385 possunt,
2802 3314 3025 3385 querulo
3084 3314 3151 3369 ad
3187 3304 3489 3370 Ecclesiam
3556 3329 3657 3369 ve-

2084 3413 2267 3476 niunt,
2299 3410 2678 3479 baptizentur.

2358 3502 2520 3574 373
2564 3500 2789 3555 Verulus
2817 3517 2849 3553 a
2878 3499 3171 3553 Rusiccade
3200 3498 3363 3552 dixit.

2154 3594 2329 3651 llomo
2396 3594 2685 3648 haereticus
2732 3592 2863 3647 dare
2917 3598 3133 3659 potest,
3206 3589 3352 3658 quod
3401 3603 3507 3641 non
3564 3586 3661 3641 ha-

2084 3690 2207 3754 bet;
2259 3688 2432 3741 multo
2490 3687 2661 3757 magis
2707 3684 3118 3749 schismaticus,
3164 3683 3258 3753 qui
3307 3681 3454 3752 quod
3502 3681 3668 3735 habet

2086 3780 2291 3836 amisit.

2419 3869 2793 3925 Pudentiauus
2821 3887 2854 3924 a
2886 3868 3152 3936 Quincola
3185 3868 3343 3922 dixit.

2160 3963 2217 4018 Si
2247 3962 2371 4033 quis
2400 3978 2465 4018 ex
2499 3963 2689 4018 haeresi
2722 3961 2954 4025 venerit,
2983 3959 3250 4030 baptizari
3278 3972 3403 4013 eum
3428 3965 3578 4013 recte
3606 3971 3672 4010 ae

2087 4058 2235 4122 iuste
2265 4064 2527 4113 statutum
2551 4063 2656 4111 est.

2335 4148 2527 4203 Petrus
2563 4151 2628 4204 ab
2662 4149 2903 4217 Hippone
2932 4146 3223 4216 Diarrhyto
3252 4144 3413 4198 dixit.

2156 4242 2293 4298 Cum
2323 4241 2591 4310 baptisma
2623 4258 2792 4297 unum
2818 4241 2890 4297 sit
2914 4242 2966 4294 in
2998 4239 3113 4294 sola
3140 4236 3384 4293 Ecclesia
3408 4275 3423 4298 ,
3460 4236 3667 4288 Idcirco

2088 4349 2205 4398 eos,
2252 4334 2345 4402 qui
2393 4334 2460 4387 ab
2493 4334 2764 4389 haereticis
2805 4341 2860 4388 et
2888 4331 3255 4388 schismatieis
3304 4329 3554 4391 veniunt,
3607 4333 3670 4379 ut

2089 4428 2182 4493 qui
2214 4427 2352 4481 nihil
2378 4426 2505 4483 inde
2528 4427 2863 4497 acceperint,
2898 4426 2952 4481 in
2989 4425 3237 4481 Ecclesia
3268 4438 3467 4479 censeo
3494 4421 3674 4491 bapti-

2020 4498 2064 4553 ί)
2095 4521 2204 4575 zari
2235 4528 2510 4591 oportere.

2430 4613 2583 4668 Alius
2615 4613 2811 4668 Lucius
2838 4609 2901 4665 ab
2933 4608 3141 4676 Ausafa
3168 4607 3327 4661 dixit.

2165 4711 2304 4766 Cum
2362 4709 2436 4764 sit
2491 4720 2634 4759 unus
2690 4703 2869 4766 Deus,
2941 4708 2995 4755 et
3055 4697 3217 4752 Pater
3277 4702 3332 4750 et
3387 4692 3558 4749 Filius
3616 4701 3673 4747 et.

2093 4802 2330 4872 Spiritus
2360 4808 2602 4860 sanctus,
2660 4806 2714 4849 et
2772 4810 2878 4848 una
2922 4806 3080 4860 spes,
3133 4797 3187 4845 et
3236 4801 3344 4843 una
3392 4784 3677 4850 Ecclesia;

2093 4907 2214 4962 quae
2239 4890 2381 4960 apud
2403 4887 2692 4943 hmreticos
2715 4884 2856 4939 facta
2878 4892 3004 4939 sunt
3030 4878 3269 4935 rescindi
3301 4878 3503 4933 debere
3525 4877 3675 4937 dico,

2093 4991 2149 5038 et
2199 4997 2316 5046 eos,
2365 4978 2457 5049 qui
2489 4976 2617 5031 inde
2648 4975 2895 5038 veniunt,
2952 4974 3004 5026 in
3041 4971 3284 5027 Ecclesia
3313 4968 3679 5040 baptizandus

2094 5088 2236 5128 CSSC.

2469 5159 2618 5213 Alius
2648 5156 2809 5212 Felix
2835 5172 2868 5211 α
2904 5153 3101 5209 Turitis
3130 5153 3287 5209 dixit.

2170 5254 2286 5325 Ego
2337 5264 2574 5312 censeo,
2676 5255 2734 5301 ut
2782 5245 3084 5301 secundum
3141 5250 3455 5298 sanctarum
3520 5241 3674 5295 Scri-

2092 5352 2374 5415 pturarum
2438 5347 2705 5408 praecepta
2730 5336 2900 5407 iniqui
2953 5335 3095 5403 apud
3158 5334 3442 5388 haereticos
3498 5332 3680 5400 bapti-

2093 5436 2221 5501 zati,
2270 5435 2315 5491 si
2367 5433 2433 5487 ad
2483 5431 2786 5487 Ecclesiam
2831 5427 3215 5498 confugerint,
3272 5424 3532 5479 Ecclesia:
3578 5422 3676 5477 ba-

2091 5528 2394 5600 ptismate,
2436 5523 2527 5579 ubi
2583 5530 2827 5593 potestas
2896 5520 3078 5575 omnis
3133 5533 3163 5572 a
3212 5516 3324 5572 Deo
3385 5515 3506 5570 data
3564 5524 3674 5578 est,

2091 5620 2401 5691 baptizentu
2411 5633 2455 5672 r.

2480 5707 2766 5762 Plutianus
2797 5722 2830 5759 a
2861 5702 3082 5757 Labana
3112 5701 3267 5756 dixit.

2167 5804 2276 5874 Ego
2305 5801 2466 5859 credo
2491 5800 2759 5871 baptisma
2786 5796 3025 5853 salutare
3048 5808 3156 5850 non
3186 5806 3330 5859 esse,
3358 5788 3464 5847 nisi
3489 5787 3675 5846 solum
