4076 6466
385 328 523 396 1119

1640 332 1918 395 ΤΗΕΟΙ).
1957 333 2364 398 BALSAMON

3515 330 3669 399 1120

383 459 438 497 Ill
473 442 719 498 Ecclesia
757 441 1020 499 catholica
1050 457 1066 504 ;
1114 448 1167 498 et
1202 441 1426 512 quando
1467 450 1620 498 extra
1666 442 1964 501 Ecclesiam
1991 480 2004 507 Α

2115 446 2235 517 ὴέν
2276 447 2413 518 μόνῃ
2440 447 2508 518 τῇ
2548 445 2811 520 καθολικῇ
2860 445 3184 519 Ἐκκλησία,
3213 445 3308 502 καὶ
3366 444 3498 500 ὅταν
3550 443 3665 511 ἔξω

384 536 475 601 lit,
510 535 913 591 simulationem
945 549 1088 590 esse.

790 627 1069 682 Salvianus
1100 645 1131 681 a
1163 626 1362 699 Zufala
1390 629 1549 685 dixit.

458 717 757 774 Haereticos
814 721 950 774 nihil
1014 721 1216 776 habere
1273 729 1532 789 constat,
1609 728 1665 778 et
1728 723 1850 779 ideo
1900 722 1968 778 ad

2072 536 2174 608 τῆς
2217 536 2548 608 Ἐκκλησίας
2574 537 2823 608 γένηται,
2857 538 3198 610 πιθηκισμὸν
3242 533 3405 593 εἶναι.

2312 631 2689 698 Σαλουιανὸς
2727 631 2849 686 ἀπὸ
2888 630 3181 701 Ζυφάλης
3210 626 3405 686 clm;

2147 724 2290 788 Τοὺς
2313 725 2627 794 αίρετικοὺς
2657 724 2825 795 μηδὲν
2861 723 3007 795 ἔχειν
3041 724 3366 794 συνέστηκε,
3420 722 3519 775 καὶ
3573 719 3675 775 διὰ

386 829 491 868 nus
551 813 819 877 veniunt,
886 821 947 867 ut
1012 814 1226 883 possint
1307 815 1559 886 accipere
1640 817 1787 888 quod
1857 831 1969 874 non

2111 817 2236 873 οὖτο
2304 820 2441 890 πρὸς
2504 820 2651 891 ἡμᾶς
2708 818 2963 891 ἔρχονται
2996 859 3013 886 ,
3068 818 3154 891 ἵνα
3213 814 3538 897 λάϐωσιιηῤ
3586 814 3673 887 μὴ

385 906 610 962 habent.

812 996 1126 1053 Honoratus
1163 1016 1195 1053 ο
1223 998 1368 1054 Luca
1392 1001 1550 1056 dixit.

460 1086 598 1144 Cum
626 1087 882 1145 Christus
912 1105 1074 1146 verus
1124 1094 1218 1157 sit,
1275 1094 1445 1162 magis
1482 1102 1766 1151 veritatem
1805 1111 1971 1168 quam

2077 910 2319 983 ἔχουσιν.

2351 1005 2681 1077 Ὁνωράτος
2708 1006 2830 1062 ἀπὸ
2859 1006 3140 1076 Λούγκης
3181 999 3378 1060 εἶπεν.

2160 1099 2357 1153 Ὀπότε
2383 1100 2411 1152 ό
2444 1099 2678 1170 Χριστὸς
2723 1098 2933 1169 ἀληθής
2978 1100 3118 1162 ἐστι,
3164 1094 3368 1166 μᾶλλον
3413 1094 3481 1165 τῇ
3523 1092 3675 1164 ἀλη-

390 1179 844 1235 consuetudinem
875 1183 1029 1252 sequi
1082 1183 1366 1249 debemus,
1418 1195 1479 1239 ut
1516 1186 1825 1251 haereticos,
1879 1187 1971 1256 qui

2117 1190 2207 1262 εία
2254 1192 2287 1260 ἢ
2345 1194 2412 1263 τῇ
2448 1190 2713 1263 συνηθείᾳ
2765 1188 2998 1243 ἕπεσθαι
3038 1187 3359 1257 ὀφείλομεν,
3412 1185 3500 1239 ἵνα
3535 1186 3678 1249 τοὺς

392 1269 516 1325 ideo
546 1270 611 1325 ad
643 1287 743 1328 nos
774 1274 1028 1340 veniunt,
1060 1274 1188 1345 quia
1213 1276 1349 1333 foris
1374 1277 1507 1331 nihil
1539 1278 1789 1348 accipere
1815 1287 1977 1351 potu—

2111 1284 2419 1355 ιίρετικοὺς,
2469 1283 2559 1338 διὰ
2606 1284 2769 1338 τοῦτο
2794 1281 2930 1353 πρὸς
2976 1282 3126 1352 ἡμᾶς
3176 1278 3530 1350 ἐρχομένους,
3583 1277 3678 1331 ὅτι.

390 1368 575 1430 erunt,
614 1361 876 1420 Ecclesiae
914 1365 1188 1435 baptismo
1212 1369 1667 1426 sanctiﬁcemus-

855 1544 1037 1603 Victor
1064 1549 1132 1602 ab
1163 1548 1366 1621 Octyuo
1391 1551 1552 1609 dixit.

468 1633 561 1691 Sic
597 1644 652 1692 et
681 1637 797 1707 ipse
825 1640 1027 1707 sentio,
1075 1649 1135 1697 ut
1162 1643 1253 1713 qui
1282 1644 1350 1697 ab
1388 1644 1583 1701 hmresi
1614 1645 1837 1703 veniunt
1858 1645 1980 1703 sine

395 1729 565 1785 dubio
590 1731 958 1803 baptizentur.

819 1825 1036 1881 Clarius
1066 1845 1098 1881 a
1126 1828 1370 1885 Mascula
1396 1830 1557 1886 dixit.
2009 1806 2060 1868 Β

472 1913 760 1972 Manifesta
831 1927 915 1974 est
983 1922 1256 1977 sententia
1334 1922 1549 1979 Domini
1620 1926 1790 1981 nostri
1850 1925 1980 1984 Jesu

2004 1419 2013 1425 .
2081 1377 2189 1441 ἔξω
2229 1376 2395 1445 μηδὲν
2439 1375 2623 1430 λαϐεῖν
2663 1374 3036 1447 ἠδυνήθησαν,
3065 1370 3144 1443 τῷ
3178 1372 3279 1443 τῆς
3337 1369 3679 1447 Ἐκκλησίας

2085 1470 2429 1542 βαπτίσματι
2457 1470 2800 1539 ἁγιὰσωμεν.

2411 1564 2672 1630 Θὺΐκτωρ
2700 1562 2820 1617 ἀπὸ
2872 1563 3160 1617 Ὀκτύὄου
3198 1556 3351 1615 εἷπε.

2158 1655 2335 1710 Τοῦτο
2368 1656 2463 1708 καὶ
2510 1654 2677 1717 αὐτὸς
2714 1653 2901 1725 φρονῶ
2936 1654 3023 1706 ἵνα
3049 1654 3098 1706 cl
3148 1651 3259 1705 ἀπὸ
3285 1650 3553 1723 αἱρέσεως
3584 1647 3683 1717 ἐρ-

2086 1748 2309 1819 χόμενοι
2328 1745 2672 1808 ἁδιστάκτως
2704 1744 3069 1815 βαπτισθῶσι.

2254 1878 2277 1899 .
2368 1836 2629 1905 Κλάριος
2656 1837 2775 1892 ἀπὸ
2825 1836 3198 1901 Μασκούλης
3231 1835 3387 1889 εἷπε.

2153 1928 2429 1999 Πρόδηλός
2460 1928 2661 1997 ἐστινὴ
2711 1927 2804 1980 τοῦ
2862 1925 3071 1996 Κυρίου
3118 1924 3277 1995 ἡμῶν
3324 1921 3503 1992 Ἰησοῦ
3538 1923 3688 1991 Χρι-

394 2007 601 2065 Christi
656 2012 937 2080 apostolos
999 2030 1128 2070 suos
1182 2016 1492 2083 mittentis,
1554 2028 1609 2075 et
1660 2021 1792 2089 ipsis
1851 2022 1986 2079 solis

2111 2021 2216 2076 πτοῦ
2251 2020 2528 2088 ἀπόφασις
2557 2018 2982 2082 ἀποστέλλοντος
3004 2018 3132 2080 τοὺς
3169 2014 3368 2070 ἑαυτοῦ
3434 2015 3687 2068 ἀποστό-

399 2110 726 2170 potestatem
758 2107 1148 2172 permittentis,
1200 2110 1403 2179 quibus
1439 2126 1540 2169 nos
1582 2116 1981 2185 successimus,

2086 2117 2234 2181 λους,
2257 2117 2351 2170 καὶ
2378 2115 2563 2175 αὐτοῖς
2593 2112 2777 2181 μόνοις
2837 2111 2938 2182 τὴν
2978 2110 3228 2177 ἐξουσίαν
3262 2107 3691 2179 ἐπιτρέποντος,

397 2192 588 2248 eadem
643 2204 914 2265 potestate
965 2198 1267 2257 Ecclesiam
1319 2201 1412 2259 Dei
1465 2205 1874 2274 gubernantes,
1931 2219 1988 2266 et

2111 2204 2173 2272 ιῐς
2194 2209 2359 2278 ἡμεῖς
2408 2202 2900 2274 ὲξακολουθοῦμεν,
2955 2204 3022 2273 τῇ
3082 2201 3269 2256 αὐτῶν
3317 2201 3543 2271 ἐξουσίᾳ
3581 2201 3697 2269 τὴν

396 2298 494 2340 eos
546 2287 639 2356 qui
686 2290 920 2345 credunt
968 2292 1337 2364 baptizantes.
1413 2296 1482 2352 Et
1538 2298 1661 2355 ideo
1714 2300 1985 2372 haeretici,

2089 2298 2426 2369 Ἐκκλησίαν
2471 2297 2568 2353 τοῦ
2625 2295 2767 2351 Θεοῦ
2818 2294 3216 2365 κυϐερνῶντες,
3270 2292 3533 2355 καὶτοὺς
3589 2309 3703 2345 πι-

399 2379 494 2446 qui
526 2395 625 2435 nec
653 2391 1001 2451 potestatem,
1052 2401 1153 2441 nec
1193 2386 1496 2443 Ecclesiam
1537 2391 1762 2459 habent,
1812 2409 1990 2465 neque

2111 2394 2385 2457 πεύοντας
2426 2391 2796 2463 βαπτίζοντες.
2836 2389 2947 2441 Καὶ⁹
2980 2388 3069 2441 διὰ
3104 2385 3267 2441 τοῦτο
3308 2385 3358 2438 οἱ
3390 2385 3699 2455 αίρετικοὶ,

402 2469 681 2540 baptizare
706 2472 966 2532 Ecclesia
997 2477 1272 2549 baptismo
1301 2491 1556 2550 possunt.

770 2742 1137 2803 Secundianus
1167 2766 1200 2803 a
1229 2748 1432 2805 Tamba
1460 2751 1620 2808 dixit.

473 2832 591 2889 Non
621 2835 888 2893 debemus
925 2838 1212 2896 haereticos
1249 2850 1439 2898 nostra
1468 2844 1821 2902 contentione
1842 2846 1996 2903 deci-

403 2941 555 2996 pere,
585 2935 647 2981 ut
677 2926 731 2982 in
758 2928 1011 2985 Ecclesia
1040 2930 1252 2986 Domini
1288 2933 1463 2989 nostri
1481 2931 1613 2991 Jesu
1642 2933 1850 2991 Christi
1880 2950 1989 2990 non

404 3019 692 3090 baptizati,
725 3037 851 3077 cum
876 3024 1069 3092 judicii
1105 3024 1225 3082 dies
1248 3027 1480 3093 venerit,
1512 3027 1677 3084 nobis
1699 3027 1991 3097 imputent,

2090 2489 2140 2541 cl
2172 2486 2312 2556 μήτε
2354 2484 2454 2556 τὴν
2501 2481 2756 2547 ἐξουσίαν
2812 2481 3052 2551 ἔχοντες,
3116 2479 3257 2549 μήτε
3285 2477 3386 2548 τὴν
3444 2474 3699 2546 Ἐκκλη-

2095 2580 2241 2644 σίαν,
2268 2579 2392 2632 οὒδέ
2424 2576 2711 2648 βαπτίζειν
2764 2573 2842 2644 τῷ
2901 2573 3006 2644 τῆς
3054 2570 3405 2655 ,Ἐκκλησίας
3476 2566 3692 2638 βαπτί‹⁸

2097 2690 2265 2745 σματι
2295 2671 2577 2727 δύνανται.

2327 2762 2769 2827 Σεκουνδιανὸς
2797 2760 2916 2815 ἀπὸ
2949 2758 3189 2829 Θάμϐης
3223 2754 3416 2813 εἶπεν.

2169 2857 2440 2929 Οὐδαμῶς
2490 2855 2782 2925 ὀφείλομεν
2814 2855 2943 2917 τοὺς
2984 2851 3296 2921 αἱρετικοὺς
3322 2852 3388 2922 τῇ
3435 2850 3699 2933 ἡμετέρᾳ

2097 2952 2404 3022 φιλονεικίᾳ
2441 2946 2767 3021 ἐνεδρεύειν,
2826 2946 2913 3001 ἵνα
2947 2946 2997 2999 oi
3033 2946 3093 2999 ἐν
3131 2946 3196 3014 τῇ
3247 2941 3551 3012 Ἐκκλησία
3592 2937 3700 2995 τοῦ

2097 3046 2305 3117 Κυρίου
2356 3044 2518 3114 ἡμῶν
2595 3040 2775 3113 Ἰησοῦ
2834 3038 3076 3113 Χριστοῦ
3113 3037 3189 3107 μὴ
3252 3037 3698 3107 βαπτισθέντες,

407 3113 550 3181 quod
582 3128 680 3183 per
707 3129 809 3170 nos
843 3130 952 3171 non
980 3116 1093 3171 sint
1124 3116 1405 3185 baptizati,
1458 3130 1565 3174 nec
1614 3118 1992 3175 remissionem

2111 3113 2302 3194 5πόταν
2330 3135 2582 3209 ήήμέρα
2622 3135 2722 3204 τῆς
2755 3133 2994 3204 κρίσεως
3025 3131 3176 3202 ἔλθῃ,
3214 3129 3365 3201 ἡμᾶς
3398 3128 3705 3182 αίτιάσων-

409 3217 757 3274 peccatorum
789 3210 1071 3265 consecuti
1101 3209 1234 3266 sint.
1315 3210 1682 3277 Quamobrem
1722 3226 1846 3266 cum
1883 3228 1993 3268 una

2111 3246 2214 3292 ται,
2244 3229 2327 3282 ὅτι
2353 3227 2420 3282 δι’
2444 3228 2590 3297 ἡμᾶς
2620 3226 2720 3279 οὐκ
2735 3221 3169 3291 ἐϐαπτίσθησαν,
3199 3219 3319 3274 οὐδὲ
3350 3219 3450 3289 τὴν
3488 3218 3698 3286 ἄφεσιν

407 3296 481 3349 sit
509 3295 753 3373 Ecclesia
788 3309 844 3355 et
875 3315 1045 3355 unum
1079 3301 1372 3373 baptisma,
1426 3303 1644 3373 quando
1674 3304 1742 3359 ad
1775 3318 1876 3359 nos
1904 3319 2001 3359 ve-

406 3392 587 3457 niunt,
620 3389 786 3446 simul
817 3408 939 3449 cum
965 3393 1207 3456 Ecclesia
1239 3396 1569 3466 baptismum
1601 3396 1767 3451 etiam
1796 3412 1997 3454 conse-

410 3483 505 3550 qui
531 3483 748 3540 debent.

806 3674 1053 3731 Aurelius
1096 3695 1129 3731 a
1162 3678 1415 3734 Chollaba
1444 3681 1607 3735 dixit.

484 3752 722 3821 Joannes
758 3770 1041 3839 apostolus
1074 3773 1129 3825 in
1159 3770 1401 3842 Epistola
1431 3789 1530 3828 sua
1563 3775 1700 3828 dixit
1730 3788 1745 3826 :
1778 3775 1841 3829 Si
1884 3777 2003 3844 quis

412 3862 483 3913 ad
544 3876 632 3914 vos
690 3864 865 3926 venit,
938 3873 989 3917 et
1040 3864 1342 3919 doctrinam
1397 3864 1598 3921 Christi
1650 3884 1753 3922 non
1824 3867 2001 3936 habet,

415 3958 576 4012 nolite
619 3975 736 4013 eum
797 3961 1080 4015 admittere
1131 3963 1189 4014 in
1237 3961 1491 4028 domum,
1552 3972 1602 4019 et
1647 3981 1743 4019 ave
1801 3965 1886 4018 illi
1941 3981 2006 4019 ne

414 4050 663 4105 dixeritis
686 4052 753 4107 ⁹¹.
789 4055 894 4120 Qui
926 4053 1072 4109 enim
1104 4054 1426 4137 dixerit‘iili,
1460 4071 1582 4123 ave,
1633 4056 2005 4117 communicat

417 4145 601 4200 verbis
644 4156 699 4201 et
741 4145 903 4202 factis
927 4148 1051 4217 ejus
1076 4148 1260 4205 malis.
1295 4148 1584 4216 Quomodo
1603 4150 1771 4219 igitur
1787 4148 2002 4204 admitti

420 4236 474 4290 in
528 4237 753 4294 domum
806 4238 897 4293 Dei
945 4249 1213 4309 possunt,
1267 4251 1364 4297 aut
1411 4242 1693 4312 quomodo
1749 4257 1874 4298 cum
1926 4242 2009 4296 eis

420 4331 541 4386 sine
586 4332 847 4390 Ecclesiae
896 4333 1170 4404 baptismo
1224 4336 1636 4396 communicare
1686 4348 2006 4405 possumus,

424 4423 556 4492 quin
629 4423 792 4479 simul
859 4432 916 4481 et
987 4424 1145 4481 malis
1203 4441 1394 4482 eorum
1463 4425 1625 4482 factis
1697 4424 2010 4481 communi-

424 4531 612 4574 cemus
633 4517 657 4571 ?

860 4612 1042 4670 Victor
1081 4630 1115 4669 a
1149 4613 1398 4668 Gemellis
1429 4612 1587 4669 dixit.

500 4703 563 4758 Si
594 4719 761 4759 aecus
793 4721 992 4759 caream
1021 4705 1203 4770 ducat,
1226 4703 1380 4757 ambo
1409 4703 1462 4756 in
1492 4704 1695 4773 foveam
1733 4701 1930 4758 cadunt
1945 4704 2016 4760 “.

427 4797 564 4851 Cum
610 4811 741 4868 ergo
774 4796 1062 4858 haereticos
1102 4804 1319 4852 constet
1359 4811 1469 4849 non
1516 4810 1679 4865 posse
1703 4794 2018 4852 illuminare

429 4904 784 4961 quemquam,
838 4905 961 4947 cum
1011 4890 1115 4959 ipsi
1168 4887 1297 4950 caeci
1344 4888 1476 4955 sint,
1521 4887 1713 4944 talium
1744 4888 2016 4960 baptisma

430 4997 542 5037 non
570 4983 734 5040 valet.

785 5165 951 5239 374
974 5165 1228 5222 Matolius
1257 5167 1322 5222 ab
1345 5166 1463 5224 (Ea
1487 5170 1649 5225 dixit.

507 5255 641 5310 Tam
669 5271 770 5323 ego
802 5274 1064 5329 prmsens,
1107 5276 1268 5331 quam
1312 5262 1603 5333 Pompeius
1643 5260 2014 5330 Sabratensis,

437 5359 491 5405 et
542 5351 705 5421 Dioga
754 5349 1228 5425 Leptimagensis,
1279 5356 1373 5428 qui
1426 5356 1559 5411 mihi
1608 5356 2014 5411 mandaverunt

440 5458 673 5514 corpore
720 5447 941 5516 quidem
995 5446 1270 5511 absentes,
1324 5448 1419 5505 sed
1463 5448 1656 5518 spiritu
1703 5453 2020 5515 praesentes,

442 5550 755 5606 censemus,
802 5539 948 5609 quod
998 5547 1052 5595 et
1091 5540 1245 5595 multi
1287 5539 1591 5607 eoepiscopi
1624 5537 1837 5601 nostri;
1874 5536 2022 5609 quod

446 5627 685 5684 haeretici
730 5631 1279 5686 communicationem
1329 5629 1529 5684 habere
1581 5629 1865 5685 uobiscum
1914 5644 2021 5685 non

448 5733 697 5790 possunt,
736 5722 842 5777 nisi
876 5737 904 5776 a
934 5723 1093 5779 nobis
1125 5722 1328 5779 fuerint
1359 5721 1636 5790 baptizati.

551 5842 593 5872 ἐ
631 5837 853 5897 llloan.
891 5860 928 5911 ι,
970 5838 1054 5896 l0.
1170 5841 1214 5874 ⁰²
1252 5838 1444 5896 Matth.
1478 5857 1567 5902 xv,
1602 5837 1687 5893 M.

2101 3323 2213 3377 τῶν
2250 3320 2543 3393 ἁμαρτιῶν
2608 3318 2823 3373 ἔλαϐον.
2900 3316 3113 3384 Διόπερ
3176 3313 3308 3382 μιᾶς
3359 3311 3529 3382 οὔσης
3594 3312 3706 3381 τῆς

2114 3398 2447 3483 Ἐκκλησίας
2484 3414 2579 3467 καὶ
2613 3412 2735 3474 ἐνὸς
2769 3409 3173 3479 βαπτίσματος,
3204 3408 3335 3461 ὅταν
3363 3405 3503 3475 πρὸς
3542 3405 3705 3474 ἡμᾶς

2103 3507 2323 3569 ἔλθωσι,
2350 3505 2491 3576 μετὰ
2519 3504 2617 3569 τῆς
2679 3500 3012 3571 Ἐκκλησίας
3050 3497 3146 3552 καὶ
3180 3498 3274 3552 τοῦ
3313 3496 3707 3569 βαπτίσματος

2102 3595 2289 3665 τυχεῖν
2321 3592 2535 3661 όφείλου
2544 3608 2649 3644 σιν.

2344 3684 2645 3753 Αὐρήλιος
2693 3683 2816 3737 ἀπὸ
2862 3680 3185 3750 Χολλαϐῆς
3222 3677 3415 3735 εἶπεν.

2195 3778 2453 3846 Ἰωάννης
2478 3779 2505 3830 ὁ
2540 3773 2840 3838 ἀπόστολος
2892 3775 2950 3827 ἐν
2992 3773 3287 3843 Ἐπιστολῇ
3344 3770 3514 3826 αὑτοῦ
3551 3771 3664 3843 ἔφη
3686 3789 3703 3807 ’

2107 3870 2182 3926 El
2207 3888 2300 3937 τις
2325 3870 2563 3938 ἔρχεται
2597 3869 2750 3937 πρὸς
2770 3865 2960 3936 ὑμᾶς,
3008 3864 3109 3920 καί
3158 3865 3274 3933 τὴν
3304 3864 3570 3934 διδαχὴν
3590 3864 3706 3919 τοῦ

2109 3965 2259 4021 Θεοῦ
2295 3965 2367 4017 οὐ
2406 3962 2595 4033 φέρει,
2620 3961 2707 4032 μὴ
2735 3959 3072 4028 λαμϐάνετε
3118 3958 3311 4013 αὑτὸν
3356 3960 3444 4024 εις
3475 3958 3704 4023 οὶκίαν,

2108 4058 2209 4113 καὶ
2234 4059 2468 4128 χαίρειν
2500 4054 2662 4119 αὐτῷ
2699 4053 2785 4123 μὴ
2814 4052 3041 4122 λέγετε.
3083 4053 3143 4105 Ὀ
3173 4052 3348 4120 λέγων
3383 4051 3535 4120 αὐτῷ
3585 4051 3711 4121 χαί-

2113 4170 2251 4225 ρειν,
2285 4151 2538 4204 κοινωνεῖ
2600 4149 2715 4209 τοῖς
2742 4144 2923 4214 λόγοις
2968 4143 3136 4198 αὐτοῦ
3191 4143 3288 4196 καὶ
3349 4146 3461 4205 τοῖς
3515 4142 3707 4213 ἔργοις

2110 4247 2227 4308 τοῖς
2257 4242 2537 4313 πονηροῖς.
2575 4239 2700 4302 Πῶς
2729 4233 2823 4292 οὖν
2850 4230 2996 4291 οὗτοι
3018 4234 3373 4305 εἰσδεχθῆναι
3406 4235 3487 4296 εἰς
3519 4233 3710 4285 οἰκίαν

2111 4334 2207 4388 τοῦ
2242 4332 2378 4386 Θεοῦ
2412 4331 2690 4391 δύνανται,
2724 4327 2757 4399 ἦ
2797 4326 2916 4389 πῶς
2970 4326 3160 4388 αὐτοῖς
3222 4325 3397 4395 χωρἰς
3450 4322 3546 4377 τοῦ
3600 4321 3712 4393 τῆς

2123 4419 2461 4491 Ἐκκλησίας
2486 4417 2866 4488 βαπτίσματος
2895 4416 3228 4484 κοινωνῆσαι
3288 4413 3596 4483 δυνάμεθα,
3656 4418 3712 4470 εί

2040 4513 2086 4571 D
2121 4516 2195 4589 μὴ
2222 4518 2335 4578 τοῖς
2366 4512 2626 4583 πονηροῖς
2654 4510 2834 4563 αὐτῶν
2862 4507 3046 4578 ἔργοις
3081 4506 3490 4575 κοινωνοῦμεν;

2421 4607 2650 4673 Βίκτωρ
2688 4604 2808 4658 ἀπὸ
2863 4601 3183 4670 rauca.ch
3215 4595 3372 4654 εἷπε.

2189 4697 2428 4769 Τυφλὸς
2455 4697 2695 4766 τυφλὸν
2716 4696 2828 4749 ἐὰν
2868 4691 3083 4761 ὁδηγῇ.
3119 4692 3444 4759 ἀμφότεροι
3474 4691 3560 4757 είς
3596 4690 3718 4755 ,βό-

2115 4799 2307 4850 θυνον
2334 4791 2690 4846 πεσοῦνται.
2743 4785 2898 4841 Ἐπεὶ
2931 4781 3027 4839 οὖν
3056 4785 3227 4854 σαφές
3271 4785 3392 4837 ἐστι
3480 4782 3555 4854 μὴ
3609 4783 3715 4837 δῦ-

2117 4884 2312 4940 νασθαι
2367 4880 2649 4952 αἰρετικόν
2699 4894 2826 4931 τινα
2888 4879 3148 4945 φωτίσαι,
3216 4875 3313 4928 ac:
3376 4873 3443 4944 δὴ
3487 4873 3718 4942 τυφλῶν

2120 4975 2306 5032 αὐτῶν
2378 4975 2571 5040 ὄντων,
2634 4969 2745 5025 τῶν
2799 4969 3063 5024 τοιούτων
3117 4966 3179 5021 τὸ
3209 4966 3500 5038 βάπτισμα
3554 4966 3719 5021 οὐδέν

2121 5069 2262 5124 ἐστι.

2521 5157 2823 5222 Ματόλιος
2849 5156 2969 5212 ἀπὸ
3004 5156 3146 5223 Οἴας
3170 5149 3324 5209 εἷπε.

2197 5253 2372 5324 Κάγὼ
2398 5251 2609 5323 παρὼν,
2661 5250 2761 5305 καὶ
2789 5250 3078 5320 Πομπήϊος
3131 5249 3239 5301 ἀπὸ
3264 5245 3584 5317 Σαϐράτων,
3615 5248 3719 5301 καὶ

2126 5346 2325 5415 Διογὰς
2360 5344 2472 5398 ἀπὸ
2504 5334 2926 5412 Λεπτιμάγνης,
2977 5338 3138 5409 οἷπερ
3194 5336 3538 5390 ἐνετείλαντό
3594 5355 3717 5406 μοι,

2123 5440 2340 5510 σώματι
2374 5439 2475 5507 μὲν
2517 5434 2778 5496 ἀπόντες,
2830 5432 2910 5502 τῷ
2962 5430 3021 5485 δὲ
3077 5429 3353 5499 πνεύματι
3413 5430 3716 5499 παρόντες,

2122 5535 2407 5606 κρίνομεν,
2463 5531 2601 5598 ὅπερ
2664 5526 2760 5580 καὶ
2839 5524 3041 5577 πολλοὶ⁵
3080 5520 3474 5575 συνεπίσκοποι
3522 5522 3717 5592 ἡμῶν,

2121 5628 2251 5689 τοὺς
2275 5624 2591 5695 αἱρετικοὺς
2654 5620 2937 5674 κοινωνεῖν
2970 5616 3107 5687 ἡμῖν
3165 5612 3554 5687 μὴδύνασθαι,
3610 5612 3719 5670 ἐὰν

2128 5716 2218 5792 μῆ
2241 5716 2374 5789 παρ’
2401 5714 2560 5788 ἡμῶν
2595 5708 2991 5784 βαπτισθῶσιν.
