4076 6404
518 373 656 439 1133

1771 361 2047 424 THEOD.
2093 348 2493 421 BALSAMON

3658 352 3811 417 1124

518 487 792 561 synodum
826 490 1016 540 coacta
1044 489 1148 537 est.
1180 476 1321 536 Huic
1353 492 1485 533 vero
1513 477 1874 548 priefuernnt,
1902 479 2096 533 Vitalis

2242 477 2338 548 αίᾳ
2386 475 2613 547 πρώτης
2670 472 3060 544 οἰκουμενικῆς
3126 470 3371 524 συνόδου.
3432 467 3700 539 Ἔξῆρχον
3747 470 3812 522 δὲ

518 582 818 651 episcopus
892 572 1148 627 Antioch.
1208 570 1403 641 Syriae,
1463 566 1784 638 Agricolaus
1840 564 2107 620 Caesarea:

520 670 895 742 Cappadociae,
921 675 976 723 et
1010 672 1215 735 martyr
1241 662 1476 718 Basilius
1508 660 1801 729 episcopus
1827 658 2105 721 Atnasem;

520 774 575 819 et
608 762 1001 831 qnmiverunt,
1061 771 1128 809 an
1187 769 1281 809 eos
1340 760 1595 818 oporteat
1645 750 1959 813 admittere,
2013 748 2108 817 qui

520 858 683 913 idolis
775 852 1248 914 sacrificaverunt,
1306 856 1361 903 et
1440 847 1509 901 ad
1574 844 1874 900 Ecclesiam
1950 858 2109 898 acce-

519 954 679 1005 dunt.

591 1037 848 1093 ZONAR.
891 1034 1238 1106 Synodorum
1289 1030 1535 1085 omnium
1567 1028 1747 1098 prima
1783 1026 2109 1083 fuit‘Antio-

520 1136 718 1197 chcna,
776 1140 972 1184 contra
1024 1127 1250 1180 Paulum
1304 1123 1749 1185 Samosatenum,
1808 1123 2111 1191 imperante

523 1225 708 1277 Roma:
731 1220 1048 1283 Aureliano,
1075 1214 1524 1271 celebrata.AHasc
1550 1227 1703 1278 vero,
1733 1215 1788 1267 in
1818 1214 2109 1284 Ancyrana

522 1320 656 1369 urbe
686 1311 914 1367 Galatiae
945 1308 1232 1377 metropoli
1262 1306 1473 1371 habita,
1502 1304 1718 1359 Nicmna
1750 1305 1922 1374 prima
1953 1318 2109 1358 oecu-

522 1407 735 1461 mcnica
793 1405 1007 1474 synodo
1037 1400 1321 1467 antiquior
1350 1406 1461 1454 est.
1501 1398 1557 1452 ιη
1596 1412 1658 1451 ea
1711 1411 1878 1467 porro
1928 1396 2110 1452 sancti

524 1501 713 1555 Patres
746 1495 991 1560 adfuere,
1025 1508 1260 1564 quorum
1297 1493 1349 1545 in
1386 1500 1656 1545 conventu
1690 1489 1891 1544 ‘Vitalis
1921 1489 2114 1543 Antio-

524 1591 661 1643 chiae
688 1604 809 1657 qua:
841 1586 1008 1641 estin
1065 1584 1245 1654 Syria,
1299 1583 1627 1652 Agricolaus
1682 1581 1940 1634 Cursarem
1993 1595 2115 1649 quae

528 1684 581 1735 in
609 1680 976 1749 Cappadocia,
1013 1689 1067 1732 et
1103 1686 1315 1744 martyr
1350 1674 1589 1728 Basilius
1624 1671 1871 1726 Amasem
1902 1671 2115 1741 episco-

528 1791 651 1844 pus,
684 1785 973 1842 pra-crant.
1026 1768 1161 1823 Nam
1219 1785 1341 1824 cum
1398 1765 1730 1820 turbulentis
1788 1764 2114 1819 Christiana:

2211 569 2417 638 ταύτης
2440 567 2719 630 Οὐϊτέλιος
2752 566 3089 636 ’Δντιοχείας
3144 565 3246 634 τῆς
3272 562 3495 632 Συρίας,
3548 561 3822 633 ’Λγρικό-

2200 661 2339 725 ·λαος
2366 660 2710 729 Καισαρείας
2738 657 3160 723 Καππαδοκίας,
3192 657 3290 709 καὶ
3324 656 3353 708 ό
3385 655 3603 724 μάρτυς
3631 654 3815 707 Bact-

2210 754 2355 817 λειος
2404 754 2703 817 ἐπίσκοπος
2746 753 3086 823 Ἀμασείας·
3150 751 3247 803 καὶ
3306 748 3689 817 συνεζήτησαν
3764 749 3819 800 εί

2212 846 2320 916 χρὴ
2372 843 2623 915 δέχεσθαι
2676 845 2805 906 τοὺς
2866 843 3139 905 θύσαντας
3196 844 3309 905 τοῖς
3361 840 3653 905 εἰδώλοις,
3710 842 3819 893 καὶ

2214 937 2694 1008 προσερχομένους
2716 939 2781 1007 τῇ
2846 935 3165 1005 Ἐκκλησία.

2282 1029 2519 1084 ΖΩΝΑΡ.
2539 1028 2738 1101 Πρώτη
2789 1029 2983 1082 πασῶν
3013 1029 3123 1081 τῶν
3154 1026 3391 1081 συνόδων
3428 1028 3461 1099 ἡ
3494 1030 3553 1083 ἐν
3599 1029 3823 1082 Ἀντιο-

2214 1125 2343 1196 χείοι
2364 1128 2624 1193 γεγονυῖα
2654 1124 2873 1187 σύνοδος
2894 1124 3037 1176 κατὰ
3055 1123 3272 1177 Παύλου
3302 1122 3397 1176 τοῦ
3412 1122 3822 1192 Σαμοσατέως,

2217 1218 2592 1287 βασιλεύοντος
2616 1219 2674 1271 ἐν
2716 1218 2902 1289 Ῥώμῃ
2927 1218 3291 1289 Αύρηλιανοῦ,
3328 1218 3498 1271 ἐστίν.
3518 1217 3630 1270 Καὶ⁵
3662 1215 3820 1287 αὕτη

2200 1312 2343 1382 »δὲμὴ
2377 1313 2434 1363 ἐν
2450 1311 2697 1384 Ἀγκύρᾳ
2724 1314 2789 1382 τῇ
2821 1312 3154 1383 μητροπόλει
3175 1311 3274 1381 τῆς
3299 1311 3568 1371 Γαλατίας
3600 1310 3824 1365 συστᾶ-

2217 1421 2283 1457 σα
2312 1404 2549 1469 σύνοδος,
2582 1405 2986 1476 προγενεστέρα
3006 1404 3125 1457 ἐστὶ
3155 1405 3253 1475 τῆς
3274 1404 3331 1457 ἐν
3360 1404 3568 1475 Νικαίᾳ
3586 1403 3826 1474 πρώτης

2218 1500 2613 1568 οἱκουμενικῆς
2672 1499 2913 1553 συνόδου.
2995 1498 3401 1569 Ἦθροίσθησαν
3458 1499 3514 1551 δὲ
3561 1499 3620 1549 ἐν
3672 1497 3822 1565 αὐτῇ

2218 1592 2462 1659 Πατέρες
2493 1592 2649 1659 ἱεροὶ,
2674 1586 2748 1644 ὧν
2770 1592 3003 1661 ἐξῆρχεν
3032 1591 3308 1652 Οὑῖτέλιος
3345 1590 3681 1659 Ἀντιοχείας
3714 1590 3822 1658 τῆς

2204 1678 2437 1747 Συρίας,
2479 1680 2829 1749 ’Λγρικόλαος
2858 1681 3192 1750 Καισαρείας
3212 1678 3633 1741 Καππαδοκίας,
3668 1681 3770 1732 καὶ
3796 1682 3827 1733 ὁ

2222 1771 2432 1842 μάρτυς
2496 1772 2775 1836 Βασίλειος
2823 1772 3127 1836 ἐπίσκοπος
3180 1773 3501 1843 Ἀμασείας.
3558 1773 3651 1825 Ἐν
3705 1774 3826 1843 γὰρ

528 1868 845 1936 reipublicae
878 1864 1219 1933 temporibus
1259 1860 1415 1913 multi
1450 1859 1797 1912 cruciatunm
1830 1856 2113 1911 acerbitati

2237 1867 2333 1928 rei;
2355 1866 2619 1935 διωγμοῖς
2635 1865 2743 1919 τῶν
2764 1866 3114 1937 Χριστιανῶν
3138 1866 3350 1919 πολλῶν
3372 1866 3447 1935 μὴ
3466 1865 3823 1936 δυνηθέντων

527 1960 866 2029 perferendae
918 1969 1260 2026 nequaquam
1317 1967 1475 2020 pares
1510 1950 1765 2005 fuissent.
1802 1952 1895 2005 sed
1928 1958 2117 2021 tyran-

531 2063 727 2101 norum
755 2049 1002 2117 imperiis
1024 2045 1297 2111 obsecuti,
1330 2042 1438 2097 diis
1471 2042 1932 2105 immolavissent,
1959 2051 2121 2110 atque

533 2154 600 2194 ex
639 2142 704 2195 iis
738 2151 954 2212 aliquos
990 2146 1179 2210 postea
1227 2137 1352 2193 facti
1388 2136 1761 2204 paenituisset,
1801 2149 1970 2205 seque
2006 2134 2120 2188 cri-

535 2246 663 2290 men
698 2230 973 2300 expiamri
1024 2228 1285 2285 Ecclesiae
1340 2228 1641 2284 sisterent:
1683 2227 1752 2281 de
1783 2226 1851 2280 iis
1888 2226 2122 2279 hornini-

537 2327 641 2377 bus
688 2323 784 2391 qui
814 2312 1092 2378 Christum
1128 2327 1484 2392 negaverant,
1519 2331 1626 2389 qua
1673 2318 1889 2372 ratione
1915 2316 2121 2370 admit-

536 2415 688 2470 tendi
720 2413 897 2467 forent
926 2412 1216 2483 quaesitum
1269 2419 1390 2477 est;
1445 2412 1625 2481 deque
1676 2409 1788 2464 illis
1837 2407 2121 2477 subjectos

536 2523 779 2561 canones
817 2508 932 2562 haec
965 2507 1212 2578 synodus
1246 2504 1439 2558 edidit.

1162 2596 1395 2654 CANON
1457 2594 1495 2651 l.

547 2693 949 2763 tPresbyteros
1016 2692 1111 2761 qui
1200 2690 1606 2758 sacrificarunt,
1669 2690 1871 2745 deinde
1930 2698 2123 2743 contra

607 2805 634 2837 ιι
668 2786 921 2839 reluctati
971 2792 1121 2847 sunt,
1155 2797 1267 2837 non
1316 2781 1665 2837 simulatione
1722 2783 1977 2850 quadam,
2029 2778 2125 2833 sed

612 2897 640 2928 -ι
673 2893 830 2942 vere;
884 2892 984 2931 nec
1013 2877 1119 2929 hoc
1153 2878 1307 2944 prius
1334 2873 1633 2928 machinati
1671 2882 1825 2937 sunt,
1857 2887 1957 2925 nec
1988 2886 2123 2926 con-

611 2992 639 3023 ι(
682 2972 826 3027 sulto
858 2987 920 3024 ac
956 2970 1025 3025 de
1058 2970 1328 3024 industria
1378 2969 1432 3023 id
1465 2969 1736 3033 fecerunt,
1786 2976 1840 3021 et
1892 2980 2124 3035 persua—

609 3084 638 3117 -ι
671 3072 889 3130 serunt,
928 3071 984 3116 ut
1017 3061 1311 3116 tormentis
1363 3060 1561 3128 subiici
1607 3060 1947 3124 viderentur,
1997 3074 2123 3112 cum

621 3171 640 3204 ι
670 3169 731 3207 ea
763 3154 943 3223 specie
960 3152 1286 3221 ctOpinione
1318 3157 1531 3203 tantum
1553 3148 1917 3202 inferrentur:
1943 3142 2122 3202 visum

618 3263 637 3297 ι
666 3254 751 3299 est
796 3261 890 3299 eos
917 3245 1192 3298 cathedra:
1221 3242 1445 3313 quidem
1484 3239 1716 3293 honoris
1747 3254 1873 3294 esse
1901 3236 2127 3308 partici-

619 3356 639 3389 c
674 3353 798 3406 pes;
838 3352 945 3390 non
994 3336 1159 3391 licere
1194 3342 1376 3389 autem
1413 3333 1548 3401 ipsis
1583 3331 1783 3387 offerre
1814 3338 1868 3385 et
1897 3330 2126 3385 concio-

622 3446 639 3479 ι
675 3428 817 3491 nari,
868 3428 953 3481 vel
988 3427 1213 3481 omnino
1244 3422 1602 3486 sacerdotale
1658 3422 1879 3490 aliquod
1926 3434 2127 3475 munus

617 3539 635 3571 ι
667 3520 836 3574 obire.
872 3538 891 3570 ι

616 3609 813 3664 BALS.
869 3608 1142 3679 Tempore
1204 3603 1607 3675 persecutionis
1683 3584 2181 3660 Christianorumw

547 3704 768 3774 quidam
798 3702 1113 3758 sacerdotes
1143 3699 1304 3754 idolis
1354 3698 1669 3755 sacriﬁcare
1720 3699 1899 3755 coacti
1949 3707 2125 3753 sunt:

547 3807 599 3849 ct
636 3796 687 3848 lii
718 3796 965 3866 quidem,
1020 3793 1084 3845 ad
1118 3800 1349 3845 mortem
1387 3805 1565 3860 usque
1617 3789 1818 3859 puniti,
1874 3788 2126 3859 martyrii

546 3890 1197 3955 coronam§acceperuntz
1230 3883 1305 3935 illi
1327 3897 1475 3948 vero,
1512 3896 1636 3934 cum
1669 3879 1737 3934 ad
1758 3882 1920 3933 linem
1953 3892 2128 3946 usque

548 3987 820 4035 tormenta
858 3975 1105 4047 perferre
1157 3989 1265 4029 non
1301 3974 1635 4045 potuissent,
1693 3972 1823 4027 victi
1883 3966 2045 4027 sunt'
2074 3980 2129 4026 et

550 4071 708 4125 tidem
742 4068 1111 4136 ahnegarunt,
1147 4074 1200 4120 et
1231 4064 1393 4120 idolis
1423 4063 1844 4130 sacrificarunt;
1898 4061 1990 4116 alii
2025 4076 2131 4116 au-

550 4171 684 4227 tem,
717 4161 883 4214 etiam
915 4167 1210 4228 antequam
1251 4164 1660 4228 torquerentur,
1690 4156 1915 4210 omnino
1946 4169 2131 4209 cessa-

551 4266 698 4309 runt.
753 4254 828 4307 Ne
860 4263 1041 4306 autem
1075 4267 1170 4306 sua
1203 4261 1401 4322 sponte
1435 4250 1753 4305 sacriﬁcare
1786 4248 2128 4314 viderentur,

545 4346 802 4417 pecuniis
840 4344 922 4400 vel
954 4346 1215 4400 suasione
1248 4345 1332 4399 vel
1363 4343 1549 4412 aliqua
1583 4342 1689 4394 alia
1744 4341 1960 4396 ratione
1994 4355 2130 4410 ope-

546 4452 669 4494 ram
712 4436 1004 4504 dederunt,
1055 4447 1112 4490 ut
1147 4449 1468 4506 magnorum
1521 4442 1916 4487 tormentorum
1969 4432 2133 4487 minae

2151 3197 2201 3262 0

2224 1958 2387 2026 μέχρι
2414 1957 2602 2021 τέλους
2632 1959 3041 2028 ἐγκαρτερῆσαι
3069 1961 3189 2021 ταῖς
3216 1958 3493 2028 βασάνοις,
3526 1957 3646 2009 ἀλλ’
3676 1958 3823 2010 ὑπο-ι

2221 2048 2554 2118 κυψάντωνο
2620 2046 2741 2103 εἶτά
2792 2067 2955 2104 τινων
3028 2049 3437 2120 μετανοούντων
3488 2048 3584 2102 καὶ
3635 2066 3828 2118 προτ-

2222 2142 2541 2214 ερχομένων
2590 2144 2657 2214 τῇ
2718 2142 3019 2213 Ἐκκλησία
3079 2144 3173 2205 είς*
3233 2142 3549 2210 μετάνοιαν,
3583 2139 3829 2210 ζήτησις

2222 2237 2467 2304 ἐγένετο,
2540 2237 2659 2301 πῶς
2686 2238 2793 2310 χρὴ
2826 2238 2953 2300 τοὺς
2989 2236 3406 2309 ἀρνησαμένους
3453 2235 3547 2288 τὸν
3576 2235 3831 2305 Χριστὶν

2212 2329 2642 2400 προσδέχεσθαι,
2702 2330 2794 2383 καὶ
2855 2330 2988 2400 περὶ
3038 2329 3243 2382 τούτων
3297 2329 3332 2398 ἡ
3397 2328 3618 2392 σύνοδος
3677 2327 3829 2398 αὕτη

2223 2422 2455 2487 κανόνας
2478 2421 2713 2489 ἐξέθετο,
2753 2421 2951 2487 οἵτινές
2975 2423 3115 2474 εἰσιν
3142 2416 3311 2476 οὗτοι.

2829 2605 3072 2657 ΚΑΝΩΝ
3126 2601 3204 2657 A'.

2234 2719 2254 2754 ι
2301 2700 2721 2773 Πρεσόυτέρους
2751 2700 2877 2762 τοὺς
2918 2698 3316 2761 ἐπιθύσαντας,
3351 2690 3479 2749 εἶτα
3511 2694 3835 2749 ἀναπαλαίο-

2306 2814 2323 2847 ι
2368 2812 2588 2859 σαντας,
2612 2794 2749 2862 μήτε
2780 2793 2842 2844 ἐκ
2870 2790 3095 2861 μεθόδου
3125 2790 3291 2855 τινὸς,
3322 2787 3437 2841 ἀλλ’
3456 2787 3515 2854 ἐξ
3534 2786 3826 2855 ἀληθείας,

2305 2909 2323 2940 ι
2373 2892 2511 2959 μήτε
2533 2887 3167 2957 προκατασκευάσαντας
3204 2883 3301 2937 καὶ
3327 2881 3828 2951 ἐπιτηδεύσαντας,

2306 2998 2325 3032 ι
2371 2980 2465 3033 καὶ
2490 2979 2809 3041 πείσαντας,
2858 2978 2945 3031 ἴνα
2975 2977 3165 3043 δόξωσι
3231 2974 3331 3045 μὲν
3393 2972 3655 3044 βασάνοις
3694 2972 3835 3024 ὑπο-

2310 3090 2327 3123 (
2371 3070 2683 3135 ϐάλλεσθαι,
2708 3068 2913 3132 ταύτας
2942 3069 2999 3121 δὲ
3029 3068 3088 3120 τὸ
3117 3067 3297 3119 δοκεῖν
3335 3065 3431 3117 καὶ
3460 3062 3540 3133 τῷ
3572 3064 3833 3132 σχήματι

2309 3180 2327 3213 ι
2372 3161 2786 3233 προσαχθῆναι·
2816 3161 3038 3224 τούτους
3084 3159 3229 3224 ἔδοξε
3259 3158 3360 3227 τῆς
3393 3157 3494 3226 μὲν
3520 3154 3700 3226 τιμῆς
3731 3155 3838 3225 τῆς

2305 3271 2324 3305 ι
2372 3253 2514 3305 κατὰ
2570 3255 2669 3323 τὴν
2729 3254 3001 3323 καθέδραν
3055 3254 3344 3323 μετέχειν⁹
3396 3268 3754 3323 προσφέρειν
3779 3250 3838 3303 δὲ

2306 3366 2324 3400 ι
2371 3347 2570 3409 αὐτοὺς
2601 3344 2699 3399 καὶ
2730 3347 2938 3416 ὁμιλεῖν
2966 3347 3102 3418 (69),
3134 3347 3166 3418 ἣ
3225 3346 3363 3411 δλως
3392 3345 3752 3416 λειτουργεῖν
3783 3364 3839 3398 τι

2305 3457 2323 3491 t
2367 3438 2476 3493 τῶν
2509 3437 2803 3511 ἱερατικῶν
2828 3438 3212 3509 λειτουργιῶν,
3245 3438 3321 3511 μὴ
3348 3438 3581 3503 ἐξεῖναι.
3614 3456 3633 3488 ι

2303 3616 2499 3669 ΒΛΛΣ.
2557 3616 2711 3669 Κατὰ
2771 3616 2865 3668 τὸν
2895 3615 3088 3686 καιρδν
3125 3612 3220 3667 τοῦ
3252 3614 3500 3684 διωγμοῦ
3532 3614 3648 3667 τῶν
3692 3615 3840 3685 Χρι-

2232 3708 2467 3763 στιανῶν
2526 3709 2693 3777 ἱερεῖς
2763 3725 2908 3770 τινες
2974 3705 3406 3777 ἡναγκάσθησαν
3470 3708 3648 3769 ,θῦσαι
3725 3710 3845 3769 τοῖς

2230 3800 2495 3863 εἰδώλοις·
2532 3801 2629 3853 καὶ¹
2659 3801 2707 3851 οἱ
2740 3800 2860 3869 μὲν,
2921 3799 3086 3869 μέχρι
3143 3796 3375 3851 θανάτου
3438 3796 3843 3863 κολασθέντες,

2230 3896 2323 3949 τὸν
2359 3893 2453 3947 τοῦ
2484 3891 2789 3963 μαρτυρίου
2825 3890 3163 3960 ἀνεδήσαντο
3194 3889 3462 3957 στέφανον
3486 3881 3580 3941 ’ὀί
3615 3887 3703 3951 δὲ,
3745 3887 3845 3941 καὶ

2230 3985 2336 4050 ἓως
2366 3984 2552 4045 τέλους
2577 3983 2675 4045 τὰς
2728 3981 2996 4052 βασάνους
3032 3981 3106 4052 μὴ
3164 3982 3631 4050 καρτερήσαντες,
3666 3980 3845 4049 ἡττή-

2231 4074 2405 4145 θησαν
2441 4076 2536 4128 καὶ
2557 4072 2657 4143 τὴν
2710 4074 2896 4123 πίστιν
2928 4072 3261 4141 ἠρνήσαντο,
3307 4070 3401 4122 καὶ
3431 4071 3542 4131 τοῖς
3580 4069 3845 4132 εἰδώλοις

2232 4168 2430 4220 ἔθυσαν
2454 4182 2468 4197 ο
2501 4167 2651 4220 ἄλλοι
2681 4167 2775 4220 καὶ
2807 4165 2919 4233 πρὸ
2946 4164 3041 4216 τοῦ
3081 4163 3502 4234 βασανισθῆναι,
3533 4162 3681 4224 δλως
3716 4165 3839 4214 ἐνέ-

2230 4262 2432 4315 δωκαν.
2470 4261 2588 4313 ’Ἰνα
2612 4260 2669 4313 δὲ
2702 4260 2777 4329 μὴ
2806 4257 3033 4322 δόξωσιν
3055 4257 3395 4327 αὐθαιρέτως
3422 4255 3593 4319 θύειν,
3623 4254 3843 4307 ἐσπού-

2237 4356 2409 4411 δασαν
2451 4356 2538 4410 διὰ
2570 4354 2869 4425 χρημάτων
2920 4353 2952 4424 ἢ
2989 4352 3393 4423 παρακλήσεων
3440 4348 3470 4419 ἦ
3503 4349 3683 4413 ἄλλως
3724 4367 3845 4413 πως

2233 4449 2470 4511 ἀπειλὰς
2534 4447 2789 4517 βασάνων
2840 4445 3095 4516 μεγάλων
3148 4445 3229 4508 είς
3288 4443 3488 4505 αὐτοὺς
3542 4442 3845 4509 γενέσθαι.

550 4533 661 4586 illis
690 4530 1120 4585 intentarentur.
1176 4528 1442 4582 Statuunt
1491 4540 1624 4593 ergo
1671 4522 1883 4589 Patres,
1938 4532 1998 4578 ut
2030 4525 2125 4591 illi,

2244 4537 2580 4607 Διορίξονται
2637 4531 2732 4589 οὖν
2760 4534 3084 4610 οῐΠατέρες
3138 4533 3334 4602 μόνους
3393 4531 3644 4591 ἐκείνους
3710 4536 3847 4593 τοὺς

548 4626 801 4696 quivere
862 4627 992 4680 torti
1050 4624 1297 4685 fuerunt,
1356 4625 1581 4687 propter
1633 4616 1888 4686 supplicii
1948 4626 2131 4673 autem

540 4718 915 4773 acerbitatem
941 4716 1007 4769 ad
1045 4712 1407 4783 perfectionis
1436 4724 1658 4778 quoque
1692 4724 1952 4764 coronam
1986 4711 2135 4765 acci-

544 4808 806 4879 piendam
863 4822 969 4860 non
1032 4806 1439 4865 sustinuerunt,
1505 4800 1602 4855 sed
1655 4803 2132 4869 sacriﬁcaveruut,

541 4902 752 4955 deinde
786 4898 1036 4953 reluctati
1088 4902 1240 4963 sunt,
1280 4893 1331 4948 id
1382 4903 1489 4960 est,
1547 4895 1804 4949 Satanam
1864 4895 2133 4957 vicerunt,

540 4994 648 5064 qui
683 5008 777 5045 eos
811 4993 864 5045 in
900 4991 1047 5045 lucta
1085 4999 1476 5058 prostraverat,
1506 4996 1560 5043 et
1593 5004 1718 5042 cum
1754 5004 1890 5058 pura
1923 4987 2139 5043 confes-

552 5086 710 5138 sione
767 5083 1148 5153 pocnitentiam
1185 5089 1439 5152 egerunt,
1476 5080 1540 5135 ad
1575 5081 1751 5136 solum
1791 5079 2048 5135 honorem
2084 5090 2139 5136 et

548 5176 874 5233 cathedram
938 5174 1317 5244 recipiantur,
1373 5188 1551 5243 neque
1606 5172 1881 5239 offerant,
1960 5189 2139 5243 neque

547 5272 978 5335 concionentur,
1035 5270 1089 5323 id
1121 5276 1228 5333 est,
1266 5284 1335 5322 ne
1377 5268 1636 5331 doceant,
1691 5280 1869 5335 neque
1926 5267 2135 5337 aliquid

2246 4628 2385 4698 μετὰ
2430 4627 2688 4697 ἀληθείας
2749 4628 2850 4697 μὲν
2900 4622 3350 4695 βασανισθέντας,
3380 4620 3468 4674 διὰ
3503 4619 3561 4673 δὲ
3592 4622 3700 4689 τὴν
3726 4620 3849 4690 δρι-

2247 4720 2463 4789 μύτητα
2494 4720 2603 4773 τῶν
2652 4718 2950 4783 κολάσεων,
3013 4714 3089 4785 μὴ
3125 4713 3529 4783 ὑπομείναντας
3593 4712 3700 4764 καὶ
3753 4714 3851 4766 τὸν

2244 4810 2342 4880 τῆς
2373 4808 2708 4872 τελειώσεως
2746 4810 3010 4877 στέφανον
3037 4803 3429 4874 ἀναδήσασθαι,
3466 4801 3607 4856 ἀλλὰ
3634 4803 3854 4855 θύσαν-

2244 4917 2366 4965 τας,
2398 4896 2518 4954 εἷτα
2549 4899 2710 4954 πάλιν
2735 4896 3243 4959 ἀναπαλαίσαντας,
3288 4894 3535 4947 τουτέστι
3566 4894 3855 4961 νικήσανο

2244 5011 2342 5056 τας
2373 4994 2465 5046 τὸν
2489 4993 2756 5056 Σατανᾶν,
2793 4992 2852 5044 ἐν
2880 4994 2949 5063 τῇ
2982 4988 3131 5062 πάλῃ
3186 4986 3424 5057 ῥίψαντα
3479 4985 3715 5051 αὐτοὺς,
3754 4988 3854 5040 καὶ

2226 5087 2389 5159 ⁴μετὰ
2421 5086 2674 5157 καθαρᾶς
2729 5083 3179 5156 ἐξομολογήσεως
3241 5079 3726 5153 μετανοήσαντας,
3766 5080 3857 5133 δέο

2246 5181 2434 5253 χεσθαι
2494 5182 2574 5243 είς
2628 5178 2799 5250 μόνην
2851 5176 3019 5248 τιμὴν
3072 5175 3166 5229 καὶ
3228 5171 3522 5242 καθέδραν,
3593 5172 3750 5241 μήτε
3795 5170 3855 5223 δὲ

2245 5274 2603 5345 προσφέρειν,
2631 5273 2767 5343 μήτε
2800 5269 3035 5341 ὁμιλεῖν,
3071 5267 3324 5321 τουτέστι
3353 5266 3661 5330 διδάσκειν,
3701 5269 3856 5337 μήτε

1795 5408 1993 5471 Guill.
2036 5413 2375 5493 Bevcregii
2423 5420 2615 5476 notae.

627 5542 740 5615 (69)
768 5538 1228 5615 i'0ptlst'rrlluic
1260 5538 1428 5615 verbo
1467 5538 1877 5615 accommodari
1912 5539 2133 5594 videtur

552 5609 878 5673 breve'illud
909 5611 1205 5672 scholium,
1237 5610 1384 5678 quod
1417 5610 1557 5661 inter
1597 5609 1745 5661 hunc
1776 5623 2046 5664 canonem
2071 5619 2128 5665 et

548 5682 1071 5753 interpretationem
1110 5681 1315 5753 ejusin
1362 5678 1551 5753 codice
1585 5679 2025 5753 Aliterhachiano
2056 5683 2137 5735 le-

550 5748 913 5825 gitur,_sigse
939 5751 1167 5825 habens,
1191 5750 1380 5816 λόγους
1412 5748 1834 5825 διδασκαλικοὺς
1865 5753 2141 5805 ποιεῖσθαι

558 5820 637 5896 ῖτῴ
659 5822 793 5891 λαῷ.
820 5820 939 5882 Πῶς
973 5820 1082 5889 γάρ
1120 5822 1297 5889 ἕτεροι
1328 5820 1611 5872 ὑποθοῖντο
1685 5821 1961 5886 βέλτιστα,
1990 5823 2146 5874 αὐτοὶ

2236 5541 2695 5613 παρασφαλέντες
2722 5539 2817 5613 τοῦ
2852 5541 3186 5613 κρείττονοςς
3214 5539 3529 5613 Sermones
3551 5542 3856 5598 doctrina-

2244 5610 2419 5665 les'ad
2442 5610 2697 5682 populum
2727 5611 2939 5665 habere.
2976 5610 3253 5675 Quomodo
3294 5612 3434 5665 enim
3474 5612 3571 5665 alii
3630 5616 3859 5681 optima

2243 5683 2584 5747 edoceantur,
2610 5698 2728 5735 cum
2759 5683 2862 5748 ipsi
2889 5700 2919 5734 a
2949 5682 3168 5736 meliore
3199 5683 3374 5736 aversi
3423 5682 3680 5750 fuerint?
3726 5685 3857 5743 Huc

2249 5763 2429 5808 autem
2459 5755 2727 5809 sclmlium
2764 5754 2819 5807 in
2852 5752 3004 5809 nullo
3034 5754 3144 5807 alio
3176 5753 3364 5808 codice
3397 5753 3660 5808 habetur.
