4076 6390
300 347 443 421 119.5

1452 356 1534 417 IN
1572 357 1743 416 CAN.
1784 355 1846 415 II
1887 352 2096 415 CONC.
2138 351 2407 412 ANGYR.

3405 344 3541 412 “26

295 488 351 527 τι
382 471 509 535 ἀλλο
550 473 796 542 ἐνεργεῖν
836 472 1150 543 ίερατικόν’
1181 474 1323 527 ὣστε
1363 473 1422 539 ἐξ
1468 470 1874 532 ἀντιδιαστολῆς

1979 474 2111 529 tliud
2150 475 2494 533 sacerdotale
2535 482 2933 547 exsequantur.
2965 472 3333 540 Quamobrem
3375 486 3549 542 argu-p

297 565 348 615 οί
386 564 586 633 ἕτεροι,
615 566 666 617 oi
698 567 848 633 παρά
890 565 1112 628 τούτους
1156 566 1231 634 μὴ
1268 567 1694 635 πραγματικῶς,
1736 568 1875 623 ἀλλά

302 653 439 721 μετὰ
461 654 671 723 σκῆψιν
700 654 801 717 τὰς
830 653 1099 724 βασάνους
1142 658 1635 726 προφασισάμενοι,
1665 658 1876 713 καὶτὸν

298 743 432 795 Θεὸν
463 744 853 814 ἀρνησάμενοι,
889 745 1012 799 οὐδὲ
1054 746 1222 816 τιμῆς
1266 746 1298 818 ἢ
1337 747 1607 819 καθέδρας
1636 749 1876 820 ἀξιωθήο

301 851 505 889 σονται.
537 836 603 888 Τί
643 835 725 898 δὲ,
757 836 833 899 ὡς
862 838 1183 907 Χριστιανοὶ
1228 838 1415 903 ἀπλῶς
1456 842 1594 911 μετά
1624 842 1876 913 δακρύων

301 925 689 993 μετανοοῦντες
747 929 843 987 καὶ
906 928 1395 1001 ἐξομολογούμενοι
1457 933 1518 985 τὸ
1573 935 1877 1006 ἁμάρτημα

297 1018 649 1087 δεχθήσονται
672 1035 690 1085 ;
741 1021 897 1090 Ἐμοὶ
918 1021 1056 1087 τέως
1077 1022 1247 1079 δοκεῖ.
1274 1024 1351 1079 Οὐ
1376 1029 1484 1094 γάρ
1512 1028 1662 1081 ἐστιν
1691 1029 1877 1101 ἀμαρ-

298 1109 387 1160 τία
415 1111 622 1165 νικῶσα
646 1112 744 1181 τὴν
767 1112 858 1165 τοῦ
886 1114 1021 1168 Θεοῦ
1050 1116 1461 1189 φιλανθρωπίαν
1490 1119 1625 1191 (70).

374 1291 619 1345 ΖΩΝΛΡ.
642 1293 780 1351 »Τῶν
814 1295 1213 1366 ὑποκυψάντων
1254 1302 1312 1354 έν
1339 1303 1452 1364 τοῖς
1486 1302 1747 1373 διωγμοῖς
1769 1310 1882 1369 τοῖς

302 1382 586 1449 τυράννοις
618 1384 712 1434 καὶ
744 1383 1024 1440 θυσάντων
1050 1388 1098 1439 oi
1140 1390 1237 1457 μὲν
1263 1390 1520 1458 βασάνοις
1546 1392 1884 1464 ὑποσλινιθέν⁸

1971 576 2214 624 mentoa
2267 568 2545 624 contrario
2594 576 2838 637 sumpto,
2893 567 2984 621 alii
3035 576 3234 638 praeter
3292 565 3413 627 hos,
3447 566 3547 634 qui

1967 678 2077 717 non
2110 677 2320 726 revera,
2373 661 2468 718 sed
2496 660 2750 717 simulate
2778 669 3052 715 tormenta
3106 664 3540 727 prmtexuerunt,

1966 756 2219 810 et-Deum
2254 764 2613 824 negaverunt,
2646 768 2746 807 nec
2779 753 2988 807 honore
3041 751 3257 819 quidem
3288 750 3397 809 vel
3452 764 3546 802 ca-

1967 843 2165 899 thedra
2189 842 2338 912 digni
2372 842 2740 907 habebuntur.
2773 840 2913 907 Quid
2942 857 3090 905 vero,
3128 856 3260 894 num
3299 849 3357 892 ut
3389 838 3548 892 Chri-

1970 934 2137 988 stiani
2167 934 2491 1003 simpliciter
2521 948 2645 988 eum
2683 933 2935 1002 lacrymis
2963 930 3348 1001 pmnitentiam
3380 943 3546 995 agen-

1969 1035 2077 1091 tes,
2132 1034 2187 1081 et
2237 1038 2517 1093 peccatum
2565 1025 2914 1090 confitentes,
2962 1022 3336 1093 suscipientur
3366 1021 3387 1073 i
3418 1020 3547 1073 Mihi

1968 1128 2119 1177 certe
2146 1119 2383 1173 videtur.
2410 1116 2527 1171 Non
2558 1125 2640 1171 est
2667 1116 2811 1171 enim
2840 1124 3146 1182 peccatum,
3184 1112 3331 1184 quod
3359 1112 3545 1167 vincat

1974 1212 2069 1267 Dei
2108 1208 2569 1265 misericordiam.
2624 1222 2629 1227 θ

2026 1304 2193 1373 3'76
2214 1300 2571 1366 ZONARQui
2595 1300 2885 1369 ingruente
2899 1296 3298 1367 persecutionis
3314 1297 3549 1367 procella

1974 1404 2335 1466 tyrannorum
2372 1394 2620 1463 imperiis
2650 1392 2898 1446 obsecuti
2928 1391 3320 1454 immolavere;
3351 1390 3551 1457 partim

302 1490 414 1536 τες,
440 1476 533 1525 καὶ
558 1478 622 1544 τῇ
657 1476 747 1547 βίᾳ
770 1475 943 1547 τούτῳ
971 1480 1064 1533 καὶ
1084 1482 1147 1549 τῇ
1178 1480 1470 1553 δριμύτητι
1503 1485 1666 1557 μέχρι
1692 1487 1881 1550 τέλους

1979 1485 2267 1541 tormentis
2294 1486 2578 1554 exagitati,
2612 1500 2737 1539 cum
2768 1498 2957 1539 eorum
2988 1486 3095 1536 vim
3130 1492 3186 1537 et
3202 1484 3552 1551 asperitatem

304 1567 577 1635 ἀντίσχειν
611 1569 683 1637 μὴ
711 1568 1052 1636 δυναμένοις,
1084 1572 1400 1643 ἡττήθησαν
1433 1576 1530 1628 καὶ
1577 1577 1673 1645 τὴν
1702 1579 1881 1633 πίστιν

1979 1578 2223 1645 perferre
2263 1590 2370 1630 non
2404 1582 2653 1644 possent.
2707 1574 2837 1630 victi
2874 1582 3003 1631 sunt
3035 1581 3091 1629 et
3127 1573 3287 1627 fidem
3318 1571 3556 1641 denega-

302 1659 637 1727 ῆρνήσαντο·
669 1662 718 1712 oi
750 1660 806 1713 δὲ
849 1664 942 1715 καὶ
977 1662 1081 1734 πρὸ
1111 1667 1208 1735 τῆς
1256 1666 1456 1736 πείρας
1494 1668 1602 1721 τῶν
1637 1670 1881 1739 βασάνων

1979 1676 2143 1722 runt:
2203 1666 2430 1736 partim,
2480 1667 2807 1737 priusquam
2863 1666 3029 1721 etiam
3087 1671 3361 1718 tormenta
3418 1662 3554 1732 ipsis

309 1750 740 1816 μαλακισθέντες
792 1753 1086 1819 ἐνέδωκαν,
1122 1756 1239 1820 καὶ,
1292 1758 1377 1810 ἵνα
1427 1760 1502 1829 μὴ
1536 1759 1741 1815 δοκοῖεν
1790 1764 1881 1815 αὑ-

1979 1760 2425 1822 admoverentur,
2480 1758 2711 1817 emolliti
2746 1756 2964 1812 vdedere
2998 1762 3232 1819 manus‘;
3262 1764 3316 1809 et
3353 1770 3419 1809 ne
3454 1768 3553 1809 sna

307 1841 569 1911 θαιρέτως
611 1843 779 1911 θύειν,
815 1847 1041 1901 ἔπεισαν
1078 1852 1205 1914 τοὺς
1245 1853 1515 1918 κολαστάς
1538 1856 1572 1926 ἢ
1606 1859 1884 1929 χρήμασιν

304 1933 338 2003 ἣ
403 1935 785 2006 παρακλήσεσι
849 1941 1177 2012 πικρότερον
1242 1948 1672 2018 προσενεχθῆναι
1746 1953 1889 2021 τάχα

306 2026 509 2089 αὐτοῖς,
546 2027 641 2080 καὶ
694 2030 950 2093 κολάσεις
998 2035 1185 2098 αὐτοῖς
1226 2036 1303 2106 τῷ
1332 2038 1511 2092 δοκεῖν
1558 2042 1884 2111 ἐπαγαγεῖν,

308 2114 375 2167 ἵν’
414 2114 557 2169 οὕτω
601 2116 867 2182 θύσαντες
897 2120 1091 2188 δόξωσι
1133 2127 1195 2194 τῇ
1241 2125 1334 2197 βίᾳ
1370 2127 1685 2197 νικηθέντες
1714 2129 1887 2199 ἀρνή-

310 2208 507 2262 σασθαι
556 2209 647 2263 τὸν
698 2211 955 2279 Χριστὸν,
1004 2215 1098 2268 καὶ
1135 2215 1209 2285 μὴ
1262 2217 1715 2286 μαλακισθέντες.
1751 2221 1889 2282 Τοὺς

310 2300 437 2366 γοῦν
471 2302 609 2371 μετά
645 2302 907 2374 ἀληθείας
935 2304 1323 2373 κολασθέντας,
1351 2310 1445 2362 καὶ
1478 2312 1542 2381 τῇ
1574 2311 1686 2363 τῶν
1719 2312 1890 2381 βασά-

310 2406 415 2441 νων
448 2393 645 2463 πικρίᾳ
670 2395 1187 2465 ὲγκαρτερήσαντας
1219 2398 1381 2470 μέχρι
1407 2402 1574 2468 τ.νὸς,
1598 2404 1692 2455 καὶ
1714 2403 1889 2468 οὕτως

310 2480 647 2549 ἡττηθέντας
672 2484 782 2537 τῶν
818 2486 1111 2556 ἀφορήτων
1141 2489 1415 2544 κολάσεων
1449 2494 1544 2545 καὶ
1594 2493 1890 2547 ἐπιθύσαν-

1977 1849 2259 1906 voluntate
2287 1849 2603 1906 sacrificare
2650 1850 2993 1915 viderentur,
3031 1848 3323 1912 satellites,
3376 1853 3435 1900 ut
3464 1861 3558 1898 vc-

1975 1940 2315 1995 hementiore
2328 1938 2467 1994 forte
2491 1942 2692 2007 impetu
2714 1940 2861 2008 ipsos
2884 1939 3225 2000 invaderent,
3246 1937 3558 2004 acriterque

1978 2031 2356 2102 torquentium
2388 2032 2626 2099 speciem
2669 2032 3000 2100 praeberent,
3052 2031 3231 2099 pretio
3260 2038 3355 2083 aut
3382 2028 3559 2098 preci-

1981 2127 2086 2178 bus
2114 2122 2432 2187 adduxere;
2467 2130 2527 2176 ut
2550 2121 2645 2191 qui
2670 2121 2751 2177 sic
2784 2121 3189 2185 immolassent,
3223 2135 3333 2174 non
3360 2120 3559 2190 ignavo

1979 2219 2241 2287 languore
2291 2214 2479 2280 animi,
2541 2214 2640 2269 sed
2688 2214 3033 2271 cruciatuum
3091 2212 3331 2269 duritate
3404 2213 3556 2273 victi,

1980 2310 2266 2366 Christum
2316 2323 2550 2377 negasse
2614 2308 3086 2362 existimarentur.
3141 2305 3356 2371 Quibus
3393 2304 3561 2373 igitur

1984 2417 2111 2458 vere
2140 2402 2422 2456 cruciatus
2457 2399 2714 2464 adhibiti,
2752 2399 2959 2469 quique
3011 2399 3067 2453 in
3099 2397 3402 2453 acerbitate
3449 2406 3561 2451 tor-

1983 2494 2299 2549 mentorum
2343 2491 2665 2561 aliquandiu
2725 2500 3061 2556 constantes,
3094 2491 3169 2544 ita
3200 2489 3417 2544 demum
3441 2487 3565 2544 illo-

307 2590 401 2635 τας
432 2573 507 2643 τῷ
560 2575 752 2645 βωμῷ,
805 2572 926 2631 εἶτα
954 2580 1469 2647 ἀναπαλαίσαντας,
1519 2585 1639 2639 ἀντὶ
1674 2586 1768 2639 τοῦ
1801 2587 1881 2641 τὺε.

1984 2600 2106 2639 rum
2141 2585 2472 2639 intolerabili
2501 2584 2800 2653 asperitate
2827 2583 2953 2636 victi
2986 2582 3097 2636 aris
3119 2582 3562 2641 immolaverunt,

308 2665 502 2734 ἐχθρὸν
528 2668 585 2719 ὲν
618 2670 682 2736 τῇ
728 2668 908 2741 πλάνῃ
937 2670 1173 2741 ῥίψαντα
1219 2674 1436 2739 αὐτοὺς,
1469 2675 1559 2729 διά
1601 2678 1699 2742 τῆς
1730 2694 1881 2748 μετα-

1980 2676 2181 2733 deinde
2204 2691 2333 2731 vero
2355 2675 2550 2749 iterum
2584 2675 2836 2732 reluctati
2857 2682 3007 2736 sunt,
3042 2673 3145 2726 hoc
3180 2682 3286 2737 est,
3322 2673 3559 2735 hostem,

307 2757 454 2818 νοίας
496 2756 858 2827 ήττήσαντας,
890 2761 985 2811 καὶ
1030 2760 1461 2827 καταϐαλόντας,
1506 2764 1603 2818 καὶ
1642 2764 1734 2817 ἐπὶ
1785 2765 1881 2817 τῶι

1987 2787 2016 2825 a
2048 2786 2160 2841 quo
2196 2769 2350 2840 prius
2372 2768 2426 2823 in
2458 2766 2760 2824 certamine
2789 2764 2989 2832 deiecti
3019 2763 3260 2827 fuerant,
3292 2764 3565 2833 poeniten-

311 2848 588 2916 τυράννων
614 2845 771 2912 αὖθις
791 2850 889 2921 τὴν
925 2853 1109 2906 πίστιν
1135 2853 1578 2924 ὁμολογήσαντας
1600 2871 1618 2886 ⁸
1664 2856 1714 2908 εί
1767 2874 1881 2926 πρε

1985 2865 2055 2918 tia
2078 2864 2216 2918 duce
2235 2867 2555 2931 superatum
2593 2858 2835 2914 vicissim
2884 2864 3259 2923 prostravere.
3293 2855 3564 2924 fidemque

309 2939 558 3009 σδύτεροι
579 2935 741 3011 ἦσαν,
772 2942 918 3009 ἔδοξε
947 2946 1012 3014 τῇ
1038 2944 1241 3014 συνόδῳ
1264 2946 1361 3015 τῆς
1386 2948 1550 3015 τιμῆς
1577 2948 1676 3017 μὲν
1707 2947 1807 3017 τῆς
1835 2950 1881 3000 ἐι

1987 2972 2141 3011 suam
2172 2954 2316 3023 apud
2361 2960 2634 3020 tyrannos
2682 2950 2881 3003 iterum
2914 2947 3145 3016 professi
3200 2947 3391 3002 fuere:
3445 2962 3560 3010 eos,

303 3034 425 3094 ταῖς
456 3033 752 3104 καθέδραις
780 3037 1028 3105 μετέχειν
1054 3037 1279 3103 αὐτοὺς,
1310 3037 1450 3108 μήτε
1478 3038 1535 3091 δὲ
1562 3041 1881 3108 προσφέρειε⁶

1987 3047 2265 3118 siquidem
2328 3039 2900 3100 sacerdotio‘initiati
2983 3040 3227 3102 fuerant,
3289 3037 3567 3092 cathedrae

308 3126 447 3192 μήτε
478 3126 709 3194 ὁμιλεῖν,
746 3127 870 3181 ἀντὶ
918 3126 1012 3181 τοῦ
1063 3127 1358 3192 διδάσκειν,
1406 3130 1547 3198 μήτε
1588 3129 1726 3193 ὅλως
1771 3129 1881 3184 λει-

1987 3142 2207 3212 quidem
2239 3139 2505 3193 honorem
2539 3135 2809 3200 obtinere,
2863 3132 3068 3186 nullam
3131 3138 3312 3184 tamen
3356 3132 3424 3184 iis
3473 3140 3568 3183 aut

305 3219 594 3284 τουργεῖν,
654 3219 776 3274 ἀντὶ
840 3219 935 3273 τοῦ
996 3221 1245 3291 ἐνεργεῖν
1300 3238 1354 3274 τι
1425 3220 1535 3274 τῶν
1594 3224 1881 3293 ίερατικῶν

1985 3229 2252 3286 oﬁ‘erendi
2287 3237 2384 3282 aut
2423 3222 2811 3287 concionandi,
2844 3222 2946 3276 'noc
2980 3230 3064 3276 est
3095 3220 3351 3283 docendi,
3389 3231 3567 3287 neque

305 3308 549 3364 δικαίων.

885 3595 1127 3649 ΚΑΝΩΝ
1180 3595 1257 3650 Β’.

304 3703 326 3738 ι
367 3686 657 3748 Διακόνους
699 3686 901 3755 ὁμοίως
949 3685 1239 3751 θύσαντας,
1290 3685 1428 3755 μετὰ
1468 3686 1527 3739 δὲ
1554 3686 1723 3740 ταῦτα
1751 3687 1882 3741 ἀνα-

379 3794 397 3827 s
444 3776 848 3839 παλαίσαντας,
910 3775 1009 3844 τὴν
1070 3776 1169 3845 μὲν
1230 3775 1394 3845 ἄλλην
1464 3775 1630 3845 τιμὴν
1695 3775 1877 3844 ἔχειν,

380 3884 399 3918 ι
444 3865 754 3919 πεπαῦσθαι
816 3866 873 3919 δὲ
930 3866 1125 3929 αὐτοὺς
1190 3865 1368 3933 πάσης
1427 3866 1528 3934 τῆς
1599 3866 1878 3933 ἱερατικῆς

378 3977 398 4008 ι
440 3957 825 4029 λειτουργίας,
884 3958 985 4026 τῆς
1035 3975 1097 4011 τε
1156 3958 1251 4010 τοῦ
1312 3958 1476 4027 άρτον
1527 3958 1558 4024 ἦ
1617 3958 1877 4027 ποτήριον

378 4068 397 4101 ι
440 4050 739 4119 ἀναφέρειν
790 4049 823 4119 ἢ
881 4049 1196 4120 κηρύσσειν.
1249 4050 1311 4103 El
1362 4050 1542 4120 μέντοι
1578 4051 1719 4111 τινὲς
1768 4051 1877 4105 τῶν

375 4160 394 4192 ι
442 4144 756 4195 ἐπισκόπων
807 4142 1015 4207 τούτοις
1076 4144 1341 4198 συνίδοιεν
1396 4145 1641 4214 κάματόν
1670 4160 1790 4199 τινα
1838 4147 1872 4216 ἢ

380 4250 396 4282 ι
446 4234 774 4288 ταπείνωσιν
823 4236 1151 4306 πραότητος,
1207 4237 1301 4290 καὶ
1349 4236 1581 4288 ἐθέλοιεν
1634 4236 1792 4290 πλέον
1822 4256 1874 4290 τι

377 4343 395 4376 ι
441 4326 640 4379 διδόναι
677 4326 708 4397 ἦ
746 4328 1023 4396 ἀφαιρεῖν,
1073 4327 1159 4381 ἐπ’
1195 4327 1375 4389 αὐτοῖς
1421 4321 1689 4398 εἶναιτὴν
1725 4328 1873 4393 ἐξου-

380 4434 398 4466 ι
444 4417 584 4470 σίαν.
623 4435 641 4468 ι

378 4509 573 4564 ΒΛΛΣ.
604 4510 712 4562 Καὶ
731 4509 759 4561 ὁ
787 4507 978 4579 παρὼν
1002 4506 1182 4562 κανὼν
1206 4508 1273 4564 τά
1300 4509 1438 4564 αὐτὰ
1464 4511 1593 4580 περὶ
1620 4509 1879 4564 διακόνων

290 4601 671 4669 διοριζόμενος
720 4601 1076 4673 προστίθησιν
1131 4601 1243 4665 ὡς,
1304 4604 1461 4673 εἴπερ
1519 4605 1565 4656 οί
1625 4603 1880 4674 ἐγχώριοι

291 4696 589 4748 ἐπίσκοποι
620 4696 1015 4764 κατανοήσουσι
1063 4696 1186 4758 τοὺς
1240 4695 1377 4765 μετά
1412 4694 1669 4764 ἀληθείας
1705 4694 1878 4765 βασα-

294 4784 587 4847 νισθέντας
640 4787 823 4851 ἀξίους
881 4787 1063 4852 ἐλέους
1116 4788 1203 4842 διὰ
1260 4789 1326 4842 τά
1377 4788 1585 4859 δάκρυα
1635 4790 1731 4842 καὶ
1780 4789 1879 4860 τὴν

287 4875 631 4929 ταπείνωσιν
678 4876 855 4929 αὐτῶν
885 4876 917 4945 ἦ
951 4876 1262 4930 τούναντίον
1316 4878 1589 4941 κολάσεως
1637 4872 1881 4941 πλείονος

288 4964 390 5019 διὰ
420 4965 518 5033 τὴν
549 4966 823 5020 ἀναίδειαν
842 4983 857 4998 ·
894 4970 1175 5037 ποιήσουσι
1224 4970 1366 5024 κατὰ
1398 4971 1457 5023 τὸ
1482 4970 1637 5034 δόξαν
1677 4970 1881 5035 αὐτοῖς,

289 5058 579 5114 τουτέστιν
631 5058 662 5128 ἢ
700 5059 1064 5129 ἔπαυξήσουσι
1107 5058 1205 5129 τὴν
1243 5061 1532 5131 τιμωρίαν,
1574 5061 1607 5131 ἢ
1646 5062 1885 5133 προσθή-

294 5167 457 5206 σουσι
494 5150 697 5219 μᾶλλον
722 5151 819 5221 τὴν
852 5151 1213 5224 παρηγορίαν.
1248 5154 1403 5222 Παρὰ
1433 5155 1542 5225 γάρ
1568 5157 1633 5225 τῇ
1666 5153 1883 5225 ἐξουσίᾳ

292 5242 398 5301 καὶ
440 5245 507 5315 τῇ
562 5244 830 5313 διακρίσει
860 5244 1041 5299 αὐτῶν
1071 5244 1138 5297 τά
1188 5246 1316 5315 περὶ
1364 5248 1554 5299 τούτου
1608 5246 1879 5301 ἀνέθεντο.

1986 3322 2216 3378 omnino
2268 3316 2641 3373 ministerium
2692 3313 2937 3384 aliquod,
2967 3314 3073 3367 hoc
3098 3322 3181 3368 est
3228 3310 3569 3366 sacerdotale

1986 3431 2191 3470 munus
2229 3414 2597 3484 quodcunque
2651 3408 2892 3464 obeundi
2963 3405 3277 3463 facultatem
3325 3405 3571 3475 synodus

1986 3523 2110 3565 esse
2136 3505 2403 3563 decernit.

2599 3596 2832 3654 CANON
2876 3600 2950 3655 ll.

1991 3699 2009 3733 ι
2042 3683 2310 3747 Diaconos
2357 3687 2616 3744 similiter
2644 3693 2737 3760 qui
2768 3693 3178 3762 sacrificarunt,
3232 3708 3420 3767 postea
3460 3716 3563 3757 au-

2059 3792 2076 3824 ι
2110 3784 2218 3831 tem
2276 3777 2528 3834 reluctati
2580 3790 2731 3846 sunt,
2786 3786 2954 3862 alium
3021 3788 3245 3855 quidem
3288 3792 3562 3847 honorem

2060 3864 2331 3933 «ﬁliabere,
2364 3868 2514 3937 ipsos
2563 3882 2749 3926 autem
2781 3874 2851 3927 ab
2896 3875 3044 3928 omni
3094 3882 3423 3934 sacerdotali
3456 3884 3567 3936 mi-

2030 4010 2033 4011 ν
2057 3971 2076 4004 ι
2112 3954 2338 4029 nisterio
2362 3971 2604 4027 cessare,
2623 3972 2676 4014 et
2694 3977 2891 4027 panem
2918 3965 3000 4018 vel
3022 3966 3249 4023 calicem
3273 3968 3561 4038 efferendi,

2057 4064 2074 4097 ι
2109 4047 2191 4102 vel
2223 4050 2553 4118 pradicandi
2586 4070 2600 4106 :
2640 4054 2734 4108 sed
2768 4055 2833 4110 .si
2879 4072 2945 4111 ex
2974 4059 3250 4130 episcopis
3286 4064 3451 4133 aliqui
3500 4068 3555 4121 iu

2061 4158 2077 4189 ι
2114 4139 2182 4195 iis
2216 4142 2301 4196 vel
2354 4142 2704 4199 afﬂictiouem
2764 4149 3007 4218 aliquam
3047 4152 3130 4206 vel
3190 4154 3555 4212 humilitatem

2059 4250 2076 4282 ι
2111 4249 2175 4287 ac
2227 4238 2707 4292 mansuetudinem
2757 4238 3018 4307 viderint,
3075 4251 3131 4298 et
3176 4246 3382 4316 aliquid
3436 4265 3541 4302 am-

2061 4342 2078 4374 ι
2114 4324 2258 4392 plius
2321 4326 2452 4382 dare
2510 4329 2593 4382 rei
2625 4330 2844 4386 auferre
2904 4333 3219 4401 voluerint;
3250 4338 3307 4392 in
3361 4353 3553 4395 eorum

2055 4432 2072 4463 ι
2106 4422 2376 4478 potestate
2399 4416 2452 4471 id
2477 4432 2620 4474 esse.
2649 4437 2669 4471 ι

2056 4510 2249 4566 BALS.
2293 4510 2537 4564 Praesens
2572 4522 2791 4578 quoque
2828 4520 3002 4562 canon
3053 4507 3241 4562 eadem
3269 4506 3338 4561 de
3366 4508 3552 4561 diaco-

1973 4604 2072 4657 'nis
2101 4602 2426 4665 decernens,
2480 4600 2691 4669 adjicit,
2738 4599 2883 4667 quod
2929 4599 2972 4652 si
3024 4598 3263 4667 regionis
3309 4598 3552 4668 episcopi

1979 4695 2471 4750 animadverterint
2533 4707 2650 4755 eos,
2704 4692 2796 4761 qui
2847 4706 2974 4745 vere
3032 4691 3159 4745 torti
3226 4699 3374 4754 sunt,
3430 4706 3560 4743 esse

1981 4784 2360 4841 misericordia
2409 4786 2625 4855 dignos,
2671 4794 2894 4853 propter
2949 4784 3219 4853 lacrymas
3264 4791 3318 4837 et
3361 4798 3557 4836 eorum

1987 4876 2393 4941 humilitatem;
2426 4876 2507 4929 vel
2542 4884 2731 4930 contra
2777 4876 2985 4943 majore
3030 4875 3307 4944 supplicio
3332 4886 3555 4944 propter

1985 4966 2414 5035 impudentiam;
2453 4964 2652 5019 facient
2691 4974 2856 5033 prout
2884 4966 2965 5020 eis
3001 4964 3294 5028 videbitur,
3342 4965 3394 5018 id
3444 4973 3554 5028 est,

1984 5058 2071 5111 vel
2129 5072 2346 5126 poenam
2402 5056 2702 5124 augebunt,
2757 5056 2840 5110 vel
2890 5057 3071 5125 potius
3120 5055 3555 5110 consolationem

1985 5150 2233 5205 aii‘erent.
2282 5148 2356 5202 Ea
2400 5148 2547 5203 enim
2602 5148 2656 5202 in
2706 5163 2897 5203 eorum
2946 5157 3214 5217 potestate
3257 5158 3312 5201 et
3348 5147 3559 5218 judicio

1989 5243 2095 5299 sita
2127 5248 2276 5297 sunt.
2319 5240 2379 5295 Si
2405 5242 2531 5310 quis
2556 5250 2740 5296 autem
2769 5240 2936 5305 dicat,
2983 5249 3280 5310 praesentes
3317 5253 3559 5294 sationes

1544 5399 1732 5461 Guill.
1785 5399 2110 5479 Beveregii
2156 5403 2344 5461 notas.

378 5546 489 5609 (70)
524 5543 642 5617 Ἰζὴν
696 5546 805 5600 τοῦ
858 5547 1007 5601 Θεοῦ
1057 5546 1534 5617 φιλανθρωπίαν.
1569 5546 1699 5601 Post
1757 5547 1873 5601 iure

299 5618 497 5672 ultima
553 5614 891 5672 lialsamonis
940 5619 995 5672 in
1059 5614 1212 5672 hunc
1266 5614 1531 5673 canonem
1581 5619 1763 5681 verba,
1818 5619 1872 5671 in

304 5686 601 5739 Purisiensi
654 5687 912 5748 editione,
965 5704 1174 5742 necnon
1231 5689 1418 5742 codice
1464 5696 1571 5741 tam
1614 5688 1875 5741 Amet-ha-

300 5756 719 5827 (-hiuuotquam
767 5754 1095 5823 Aﬂtoniensi,
1145 5759 1379 5823 additur,
1416 5755 1552 5827 πλὴν
1606 5759 1699 5809 καὶ
1730 5751 1875 5809 οὗτοι

304 5826 401 5877 καὶ
430 5826 477 5876 ei
533 5824 808 5894 δεχόμενοι
854 5828 932 5889 εἰς
972 5830 1136 5898 μόνην
1187 5827 1350 5898 τιμὴν
1389 5824 1876 5897 ἐπιτιμηθῄσονται

1960 5547 2123 5600 νκατά
2172 5547 2295 5609 τοὺς
2327 5545 2734 5616 ῥηθησομένους
2778 5544 3025 5604 κανόνας.
3069 5541 3171 5597 Sed
3216 5550 3266 5616 et
3295 5541 3355 5607 ii,
3384 5551 3434 5595 et
3463 5544 3557 5610 qui

1985 5618 2053 5670 ad
2093 5613 2342 5670 honorent
2373 5613 2545 5669 solum
2584 5616 2962 5677 admittuntur,
2996 5626 3158 5681 juxta
3192 5613 3359 5666 dictos
3390 5630 3559 5666 cano-

1985 5704 2074 5742 nes
2107 5689 2411 5755 punientur.
2450 5685 2561 5740 Nos
2612 5694 2790 5755 autem
2831 5685 2945 5738 haec
2994 5684 3196 5738 idcirco
3241 5684 3553 5750 omisimus,

1985 5754 2113 5829 quia
2148 5761 2199 5811 in
2234 5759 2423 5813 codice
2464 5764 2650 5811 nostro
2681 5754 2975 5811 Bodleiano
3006 5754 3355 5809 omittuntur.
