4076 6390
516 367 650 432 1127
1782 359 2057 420 TIlEUD.
2107 355 2506 418 BALSAMON
3637 337 3778 401 1128

514 478 606 534 Dei
644 478 817 550 gratia
854 477 1028 532 locum
1072 474 1234 531 hodie
1269 489 1380 530 non
1406 472 1632 537 habere,
1661 472 1793 542 quia
1821 481 2090 543 tyrannus

2217 469 2342 523 Ξίδέ
2373 486 2458 534 τις
2485 466 2602 538 έρετ
2652 464 2728 536 μὴ
2780 463 2964 535 χώραν
2998 463 3144 534 ἔχειν
3205 459 3273 514 τά
3321 457 3430 513 τῶν
3479 455 3778 526 παρόντων

516 589 624 627 non
648 547 888 641 “praeest;
941 568 1149 631 audiet,
1205 565 1351 636 quod
1387 565 1530 635 apud
1563 565 1842 634 Agareuos
1866 572 1920 617 et
1950 563 2087 616 alios

2217 563 2432 616 ιανόνων
2494 559 2631 613 Θεοῦ
2685 558 2870 627 χάριτι
2925 557 3204 624 σήμερον,
3247 554 3330 604 ὅτι
3381 551 3648 619 τύραννος
3711 547 3781 600 οὐ

515 663 766 720 inlideles
801 661 968 714 multa
1017 659 1286 730 ejusmodi
1325 659 1500 723 ﬁunt;
1554 665 1610 711 et
1651 669 1891 710 canones
1939 668 2088 707 nunc

2217 655 2538 725 προκάθηται
2565 668 2578 684 ⁸
2605 653 2834 706 ἀκούσει
2879 650 2964 703 ὅτι
2992 648 3144 718 παρά
3167 648 3281 707 τοῖς
3320 645 3650 714 ’Δγαρηνοῖς
3676 641 3783 695 καὶ

515 771 734 828 quinque
776 754 1027 810 ell'ectum
1081 762 1229 806 recte
1267 751 1595 806 sortientur.
1655 747 1791 802 Nota
1827 748 1989 804 etiam
2022 761 2090 799 ex

2217 749 2304 808 τοῖς
2337 746 2517 808 ἄλλοις
2545 744 2798 806 ἀπίστοις
2852 741 3024 794 πολλά
3070 739 3302 792 τοιαῦτα
3357 737 3600 805 γίνονται
3629 752 3642 766 ·
3677 735 3782 788 καὶ⁵

516 827 620 902 hoc
652 845 904 916 praesenti
959 859 1191 902 canone.
1225 844 1367 912 quod
1419 844 1601 899 omnis
1653 843 1848 895 animis
1881 837 2091 893 medela

2217 839 2372 899 ωλῶς
2407 838 2476 890 τὰ
2503 837 2613 890 τῶν
2670 838 2913 889 κανόνων
2959 833 3051 885 καὶ
3099 831 3195 884 νῦν
3246 829 3634 899 ὲνεργήσουσι.
3665 827 3784 896 Ση-

515 940 782 1010 dependet
808 939 878 992 ab
917 937 1165 1008 episcopi
1191 935 1404 1006 judicio
1431 952 1496 991 ac
1532 935 1852 1006 prudentia.

2217 931 2431 984 ιείωσαι
2468 931 2565 982 καὶ
2605 929 2716 982 ἀπὸ
2765 927 2859 982 τοῦ
2914 923 3188 995 παρόντος
3248 921 3475 984 κανόνος
3517 921 3600 974 ὅτι
3627 920 3792 972 πᾶσα

2193 1021 2402 1093 ψυχικὴ
2444 1018 2712 1091 θεραπεία
2771 1021 2855 1083 είς
2916 1018 3016 1089 τὴν
3076 1013 3447 1085 έπισκοπικὴν
3482 1011 3788 1082 ἀνηρτήθη

591 1193 842 1249 ΖΟΝΑΒ.
883 1191 1014 1258 Quae
1055 1191 1327 1262 superiori
1360 1190 1426 1245 de
1455 1191 1862 1258 sacerdotibus,
1900 1189 2094 1246 eadem

2217 1121 2224 1134 '
2367 1133 2500 1168 ισιν.

2217 1117 2509 1263 ηέἴξΝΑΡ.
2546 1207 2627 1261 Τὰ
2649 1204 2790 1259 αὐτὰ
2819 1204 2913 1258 καὶ
2937 1202 3065 1271 περὶ
3086 1201 3352 1255 διακόνων
3370 1200 3399 1252 ό
3421 1198 3604 1252 κανὼν
3627 1191 3797 1260 οὗτος

519 1287 586 1341 de
615 1286 860 1340 diaconis
893 1286 999 1338 hoc
1034 1300 1252 1354 quoque
1287 1299 1502 1340 canone
1537 1284 1930 1339 decernuntur.
1958 1281 2096 1336 Nam

2217 1302 2570 1363 ῑιατάττεται,
2630 1299 2731 1352 ὅσα
2792 1295 2924 1367 περὶ
2982 1293 3375 1364 πρεσϐυτέρων
3408 1294 3436 1344 ό
3484 1289 3799 1358 ἀνώτερος.

518 1395 615 1434 eos
645 1393 881 1448 quoque,
926 1378 972 1430 si
1010 1379 1062 1430 in
1095 1377 1383 1432 tormentis
1435 1391 1531 1445 per
1585 1377 1855 1446 ignaviam
1893 1374 2096 1429 devicti

2217 1392 2526 1446 [Ιεπαῦσθαι
2547 1391 2657 1461 γάρ
2687 1391 2782 1443 καὶ
2802 1388 3025 1452 αὐτοὺς,
3051 1384 3492 1456 ἀνεπιτηδεύτως
3519 1382 3805 1453 ἡττηθέν-

521 1477 994 1541 sacrilicaverint,
1069 1474 1269 1528 deinde
1325 1488 1456 1528 vero
1509 1473 1744 1543 repetito
1798 1472 2100 1526 certamine

2217 1502 2296 1547 ra;
2325 1484 2435 1536 τῶν
2460 1483 2711 1554 βασάνων
2740 1481 2837 1535 καῖ⁵
2896 1479 3288 1544 έπιθύσαντας,
3325 1472 3451 1530 εἶτα
3479 1475 3808 1530 ἀναπαλαί-

522 1585 746 1627 ειτειιιιο
780 1570 1240 1641 depugnaverint,
1297 1569 1365 1623 ab
1395 1569 1545 1624 omni
1595 1582 1757 1624 sacro
1795 1567 2101 1622 ministerio

2217 1593 2428 1644 ταντας,
2491 1574 2676 1643 πάσης
2747 1573 2850 1641 τῆς
2906 1573 3057 1640 ἱερᾶς
3116 1568 3462 1640 λειτουργίας
3509 1568 3804 1631 θεσπίζει.

522 1681 742 1719 cessare
791 1665 968 1733 jubet.
1003 1663 1162 1728 Quod
1215 1663 1259 1717 si
1301 1661 1554 1716 homines
1613 1669 1826 1731 postea,
1877 1661 2104 1730 subjicit

2217 1670 2540 1740 Προστίθησι
2579 1669 2624 1722 δ’
2679 1667 2915 1721 ἐνταῦθα
2996 1667 3102 1732 ὃτι,
3161 1666 3255 1719 ἐὰν
3311 1667 3423 1725 τοῖς
3465 1662 3810 1731 μετανοοῦσι

526 1773 726 1822 canon,
785 1757 837 1810 in
872 1764 1126 1826 suscepta
1180 1766 1404 1825 propter
1451 1755 1873 1824 abnegationem
1928 1755 2104 1823 paeni-

2217 1764 2420 1826 ιούτοις
2450 1762 2716 1815 συνίδοιεν
2745 1763 2794 1814 οἰ
2822 1761 3110 1814 ἐπίσκοποι
3143 1756 3390 1826 κάματόν
3418 1772 3565 1820 τινα,
3632 1771 3807 1806 τουτ-

524 1852 696 1904 tentia
733 1851 952 1921 gravius
1009 1849 1277 1913 laborare,
1338 1854 1430 1900 aut
1462 1848 1533 1901 ob
1559 1847 1784 1902 admissi
1844 1846 2106 1902 facinoris

2217 1855 2325 1908 ἐστι
2370 1854 2538 1906 κόπον
2571 1855 2628 1906 ὲν
2657 1857 2723 1923 τῇ
2759 1853 3019 1923 μετανοίᾳ
3049 1852 3137 1903 διὰ
3175 1850 3275 1920 τὴν
3301 1849 3554 1918 ἄρνησιν,
3583 1845 3617 1916 ἢ
3681 1845 3808 1909 ὅτι,

525 1942 746 2008 culpam
799 1937 1148 2001 discruciari,
1193 1935 1718 2005 demissionemque,
1780 1949 1844 1990 ac
1901 1936 1956 1989 in
2015 1937 2103 1999 iis,

2217 1943 2592 2014 συντριϐέντες
2621 1943 2708 1996 διὰ
2731 1942 2794 1996 τὸ
2825 1942 3041 2011 ἀμάρτη
3053 1958 3147 2010 μα,
3196 1936 3667 2006 ἐταπεινώθησαν,
3702 1936 3813 1990 καὶ

528 2033 623 2102 qui
683 2031 1087 2101 prolapsionem
1125 2029 1534 2096 exprobrarim,
1585 2038 1681 2082 aut
1734 2027 1842 2082 alia
1891 2028 2109 2083 ratione

2217 2037 2491 2106 πραότητα
2549 2035 2869 2104 ἐκτήσαντο,
2957 2036 3070 2096 τοῖς
3134 2033 3267 2094 ἴσως
3332 2029 3520 2092 αὐτοῖς
3594 2029 3812 2081 όνειδῖο

531 2125 873 2183 insultarint,
935 2130 1128 2192 pacate
1202 2131 1364 2192 atque
1422 2121 1709 2175 humiliter
1767 2119 2108 2190 perferendis

527 2215 857 2270 modestiam
887 2213 1146 2278 retinere,
1174 2228 1284 2267 non
1313 2223 1506 2268 contra
1543 2213 1805 2268 audacter
1835 2213 2109 2268 obsistere

528 2316 624 2361 aut
656 2308 855 2376 aegrius
889 2319 1244 2371 succensere,
1302 2305 1542 2375 episcopi
1597 2305 2108 2370 animadverterint,

530 2414 599 2454 ac
635 2397 862 2466 proinde
892 2396 1097 2465 aliquid
1149 2397 1408 2466 amplius,
1461 2411 1626 2466 quam
1659 2396 1808 2464 quod
1838 2411 1868 2448 a
1899 2394 2110 2465 synodo

531 2505 857 2546 concessum
889 2499 991 2555 est,
1032 2489 1100 2542 iis
1133 2488 1204 2542 ob
1238 2488 1619 2543 vehementius
1654 2488 1954 2556 pmnitendi
1991 2495 2112 2542 stu-

531 2580 682 2634 dium
712 2580 962 2650 elargiri,
995 2588 1089 2631 aut
1124 2577 1367 2632 vicissim
1403 2577 1528 2630 ﬁcte
1561 2577 1875 2631 dolentibus
1920 2591 2022 2631 nec
2047 2576 2114 2630 de

533 2671 789 2741 superbia
842 2669 1250 2724 remittentibus
1284 2671 1503 2723 demere
1550 2669 1830 2740 quidpiam
1867 2667 2115 2731 velint,id

533 2779 709 2819 canon
742 2771 912 2816 totum
947 2761 1192 2829 ipsorqu
1254 2759 1511 2827 potestati
1543 2758 1862 2828 judicioque
1891 2758 2118 2827 permit.

534 2857 622 2910 tit.
660 2854 796 2910 Vide
848 2854 1038 2923 primae
1085 2866 1304 2921 quoque
1335 2851 1688 2907 oecumenicaa
1723 2849 1918 2922 synodi
1949 2865 2116 2905 cano-

538 2963 664 3003 nem
705 2946 1078 3000 undecimum.

534 3035 761 3093 ARIST.
793 3055 811 3086 ι
839 3035 897 3088 In
919 3048 1128 3088 canone
1156 3035 1334 3102 primo
1359 3043 1417 3090 et
1449 3033 1696 3089 secundo
1724 3031 2032 3104 presbyteri
2061 3037 2117 3086 et

616 3147 634 3180 ι
670 3127 906 3189 diaconi,
931 3129 1026 3196 qui
1054 3142 1176 3180 cum
1205 3128 1355 3195 prius
1381 3127 1758 3182 sacrificarent
1777 3134 1962 3196 postea
1988 3139 2116 3178 vero

616 3238 636 3272 ι
671 3218 929 3272 reluctati
959 3227 1109 3280 sunt,
1143 3217 1305 3287 377
1341 3219 1613 3274 cathedra:
1649 3219 1820 3272 solius
1847 3225 1900 3272 et
1937 3217 2114 3271 hono-

613 3329 632 3360 r
669 3309 748 3362 ris
783 3311 890 3363 sint
945 3313 1270 3381 participes,
1308 3309 1445 3364 nihil
1479 3321 1798 3367 sanctorum
1851 3323 2117 3381 peragen-

618 3419 637 3451 ι
669 3408 774 3454 tes.
805 3418 824 3453 ι

613 3491 943 3562 Quicunque
971 3493 1277 3563 presbyteri
1335 3493 1420 3548 vel
1451 3493 1666 3549 diaconi
1700 3501 1946 3564 tempore
1997 3510 2120 3564 per-

543 3585 843 3638 secutionis
873 3586 1141 3652 compulsi
1194 3585 1605 3650 sacriﬁcarunt,
1643 3595 1834 3656 postea
1865 3601 1997 3642 vero
2033 3601 2124 3640 ae-

543 3675 747 3728 cedunt
799 3682 1166 3728 retractantes
1215 3675 1482 3745 quidquid
1531 3675 1800 3742 fecerunt,
1850 3675 2125 3732 cathedra:

543 3765 716 3820 solius
747 3773 800 3819 et
833 3767 1062 3822 honoris
1114 3767 1412 3837 participes
1464 3783 1589 3824 esse
1623 3768 1862 3824 debent:
1923 3779 1981 3824 at
2035 3784 2126 3824 sa-

541 3856 825 3912 cerdotale
873 3859 1096 3928 aliquod
1151 3875 1350 3915 munus
1400 3860 1577 3929 obire,
1625 3869 1751 3931 puta
1783 3877 1978 3931 panem
2030 3869 2125 3916 aut

545 3947 801 4015 poculum
852 3947 1076 4014 olIerre,
1129 3957 1224 4002 aut
1273 3951 1538 4005 doctrinae
1589 3966 1873 4006 sermones
1924 3951 2125 4021 populo

545 4038 752 4104 facere,
791 4047 886 4093 aut
936 4042 1164 4094 omnino
1216 4056 1442 4098 sacrum
1493 4043 1718 4114 aliquod
1755 4044 2123 4100 ministerium

545 4140 828 4197 peragere,
861 4127 932 4183 iis
970 4145 1078 4183 non
1119 4131 1266 4186 licet.

1154 4220 1385 4276 CANON
1427 4221 1520 4278 Ill.

549 4308 729 4374 «Eos,
794 4310 889 4380 qui
947 4310 1221 4381 fugientes
1283 4317 1708 4384 comprenhensi
1773 4329 1922 4385 sunt,
1975 4318 2128 4374 vela

623 4418 642 4449 ι
673 4399 992 4457 domesticis
1026 4403 1231 4468 traditi,
1264 4405 1348 4457 vel
1381 4405 1496 4459 suis
1533 4406 1739 4475 alioqui
1777 4407 2127 4462 iacultatibus

622 4508 643 4541 ι
679 4493 899 4561 privati,
940 4494 1028 4546 vel
1081 4501 1352 4546 tormenta
1415 4497 1680 4564 perpessi,
1729 4498 1812 4552 vel
1859 4499 1911 4551 in
1947 4512 2117 4552 carce-

2305 4521 2324 4555 ι
2371 4503 2582 4567 θέντας,
2617 4502 2652 4571 ἡ
2679 4500 3083 4570 ὑπομείναντας
3145 4498 3435 4568 βασάνους,

623 4598 643 4633 ι
678 4597 792 4637 retu
827 4584 1062 4651 conjecti
1099 4593 1250 4648 sunt,
1283 4585 1585 4642 clamantes
1612 4603 1671 4642 se
1703 4605 1825 4644 esse
1853 4590 2124 4645 Christia-

619 4689 641 4723 ‹
675 4688 795 4738 nos,
843 4684 894 4726 et
948 4673 1144 4726 divulsi
1175 4688 1239 4727 ac
1286 4673 1532 4732 distracti
1584 4688 1732 4744 sunt,
1782 4681 1866 4735 vel
1899 4681 1985 4743 .iis
2033 4683 2126 4752 qui

617 4781 636 4813 ι
671 4763 775 4816 vim
831 4761 1137 4815 aﬂ‘erebant
1192 4764 1246 4817 in
1299 4779 1498 4822 manus
1544 4770 1748 4839 aliquid
1787 4771 2128 4825 immittenti-

621 4872 642 4906 ι
674 4855 798 4918 bus,
828 4855 912 4908 vel
937 4855 1057 4909 cibo
1082 4857 1263 4925 aliquo
1292 4874 1388 4928 per
1424 4863 1809 4917 necessitatem
1844 4877 2122 4933 suscepto,

621 4967 640 4999 ι
671 4963 729 5002 se
758 4955 936 5002 tamen
987 4964 1108 5006 asse
1158 4952 1504 5009 Christianos
1562 4965 1824 5025 perpetuo
1871 4955 2124 5020 fatentes,

623 5057 640 5088 ι
671 5046 724 5092 et
749 5039 867 5109 ejus
899 5042 1042 5109 quod
1073 5045 1272 5098 accidit
1302 5045 1544 5099 dolorem
1589 5048 1738 5099 omni
1789 5046 2127 5101 cohibitlone

625 5146 644 5181 ι
675 5138 729 5184 οι
762 5132 947 5186 habitu
984 5143 1038 5187 et
1069 5136 1193 5190 vitae
1247 5136 1557 5191 humilitate
1607 5153 1720 5208 prae
1770 5153 1830 5192 se
1864 5136 2124 5204 ferentes,

620 5242 638 5274 ι
675 5235 730 5278 ut
762 5224 1070 5296 inculpatos
1110 5243 1139 5279 a
1171 5230 1559 5286 communione
1616 5246 1724 5285 non
1780 5231 1977 5285 arceri.
2029 5232 2124 5286 Sin

623 5333 642 5367 ι
678 5328 858 5373 autem
895 5323 1059 5374 etiam
1097 5323 1166 5376 ab
1197 5324 1383 5392 aliquo
1415 5333 1545 5379 sunt
1583 5322 1867 5393 prohibiti,
1900 5322 2124 5392 majoris

623 5425 642 5458 ι
678 5412 952 5467 cautionis
985 5415 1183 5482 gratia,
1237 5417 1318 5469 vel
1349 5419 1511 5469 etiam
1556 5426 1776 5484 propter
1811 5415 2122 5484 aliquorum

623 5519 641 5551 ι
673 5501 1060 5569 ignorantiam,
1114 5507 1300 5560 statim
1353 5507 1741 5560 admittantur.
1797 5505 1910 5559 Hoc
1941 5517 2122 5559 autem

616 5609 638 5644 ι
669 5595 921 5647 similiter
957 5595 1011 5648 in
1041 5599 1260 5652 clericis
1287 5607 1342 5652 et
1374 5599 1496 5653 aliis
1531 5597 1708 5651 laicis.
1737 5595 1872 5651 Illud
1902 5611 2122 5666 quoque

623 5702 643 5734 ι
675 5692 757 5738 est
787 5689 1180 5756 examinatum,
1223 5709 1288 5744 an
1329 5693 1540 5760 possint
1567 5693 1729 5744 etiam
1767 5692 1910 5757 laici,
1940 5692 2033 5761 qui
2067 5693 2120 5745 in

621 5789 643 5824 ι
674 5775 915 5831 eamdem
973 5784 1353 5839 necessitatem
1403 5783 1732 5848 inciderunt,
1769 5784 1836 5839 ad
1872 5783 2118 5840 ordinem

2211 2128 2363 2192 ζουσι
2415 2127 2505 2180 τὸν
2563 2126 2776 2178 ὄλισθον
2817 2124 3007 2195 πράως
3053 2122 3149 2175 καὶ
3207 2121 3344 2191 μετά
3400 2119 3812 2184 ταπεινώσεως

2213 2217 2673 2287 προσφερόμενοι,
2729 2213 2843 2268 ἀλλ’
2875 2214 2936 2266 ού
2970 2210 3369 2282 θρασυνόμενοι
3435 2209 3530 2262 καὶ
3578 2207 3814 2271 τούτοις

2214 2308 2730 2379 ἐμπικραινόμενοι,
2785 2307 2881 2360 καὶ
2933 2305 3165 2358 ἐθέλοιεν
3218 2302 3509 2356 ἐπίσκοποι
3567 2300 3661 2368 ὑφ’
3707 2301 3815 2366 οὒς

2211 2402 2425 2454 τελοῦσι
2451 2401 2608 2455 πλέον
2642 2418 2693 2453 τι
2723 2400 2834 2452 τῶν
2881 2398 3032 2467 παρά
3084 2399 3150 2467 τῇ
3206 2395 3410 2465 συνόδῳ
3440 2393 3812 2465 ώρισθέντων

2213 2495 2393 2555 αὐτοῖς
2419 2493 2743 2562 παρασχεῖν,
2765 2491 2850 2544 διὰ
2876 2490 2976 2563 τὴν
3003 2489 3105 2558 τῆς
3133 2487 3423 2556 μετανοίας
3454 2485 3806 2555 θερμότητα,

2214 2584 2247 2655 ἢ
2277 2584 2493 2652 ἀφελεῖν
2517 2600 2569 2635 τι
2593 2584 2701 2636 τῶν
2734 2581 3086 2653 ὀρισθέντων,
3120 2582 3196 2643 ὼς
3237 2584 3312 2650 μὴ
3345 2582 3588 2648 γνησίως
3618 2578 3814 2630 αὐτῶν

2219 2674 2699 2745 μεταμελομένων,
2765 2672 2901 2743 μηδὲ
2955 2672 3438 2742 ταπεινουμένωνο
3505 2668 3684 2722 ταῦτα
3737 2671 3810 2738 τῇ

2217 2766 2437 2834 ἐξουσίᾳ
2460 2764 2570 2817 τῶν
2626 2765 2945 2817 ἐπισκόπων
2987 2763 3307 2831 ἀνατίθησιν
3327 2763 3356 2814 ό
3399 2761 3583 2815 κανὼν
3612 2763 3716 2813 καὶ
3737 2763 3808 2831 τῇ

2216 2855 2493 2925 διακρίσει
2519 2853 2722 2908 αὐτῶν.
2761 2839 3061 2921 ’Ᾱνάγνωθι
3094 2856 3188 2908 καὶ
3232 2856 3324 2909 τὸν
3357 2860 3425 2907 ια’
3471 2853 3675 2907 κανόνα
3706 2856 3812 2925 τῆς

2219 2943 2444 3013 πρώτης
2469 2943 2862 3013 οἰκουμενικῆς
2896 2943 3140 2998 συνόδου.

2218 3035 2441 3091 ΑΡΙΣΤ.
2481 3054 2500 3087 ι
2548 3037 2686 3089 Καν.
2725 3035 2771 3089 α’
2806 3037 2899 3089 καὶ
2930 3035 3001 3106 β’,
3039 3034 3404 3107 πρεσϐύτεροι
3440 3038 3538 3089 καὶ
3563 3037 3813 3091 διάκονοι

2299 3147 2318 3182 ι
2364 3130 2424 3183 τὸ
2443 3131 2572 3201 πρὶν
2593 3129 2971 3196 ἐπιθύσαντες,
2996 3125 3114 3182 εἶτα
3138 3129 3197 3196 ἐξ
3219 3129 3476 3198 ἀληθείας
3505 3130 3818 3182 ἀναπαλαξ-

2297 3240 2315 3274 ι
2365 3239 2577 3288 σαντες,
2643 3221 2813 3292 μόνης
2858 3223 2956 3291 τῆς
3008 3220 3274 3291 καθέδρας
3329 3221 3426 3273 καὶ
3482 3221 3583 3289 τῆς
3637 3222 3815 3289 τιμῆς

2287 3332 2306 3366 ι
2352 3285 2953 3383 μετεχέτωσαδ,’μηδεν
2978 3310 3085 3364 τῶν
3113 3285 3285 3379 ἁγίων
3313 3285 3724 3373 ἐπιτελοῦντεςτ
3772 3285 3809 3364 ⁷ι

2294 3487 2451 3540 Ὀσοι
2511 3486 2618 3539 τῶν
2672 3484 3059 3555 πρεσϐυτέρων
3109 3484 3206 3538 καὶ
3252 3485 3520 3538 διακόνων
3549 3485 3608 3536 ὲν
3629 3483 3820 3554 καιρῷ

2221 3578 2464 3650 διωγμοῦ
2498 3578 2811 3649 βιασθέντες
2855 3576 3076 3644 ἔθυσαν,
3131 3573 3249 3630 εἶτα
3277 3578 3336 3630 έν
3377 3575 3611 3646 ἀληθεία
3641 3593 3821 3646 προσ-

2224 3671 2386 3740 ῆλθον
2414 3669 2838 3730 ἀναπαλαίοντες
2873 3669 3008 3736 ὅπερ
3053 3666 3318 3738 ἔπραξαν,
3355 3667 3528 3736 μόνης
3571 3667 3675 3735 τῆς
3708 3686 3816 3720 κα-

2225 3763 2415 3827 θέδρας
2451 3761 2547 3815 καὶ
2579 3761 2677 3831 τῆς
2706 3761 2873 3830 τιμῆς
2933 3762 3185 3829 μετέχειν
3209 3759 3554 3827 ὀφείλουσιν·
3601 3759 3818 3829 ἱερατι-

2225 3857 2320 3909 κὸν
2350 3857 2406 3908 δέ
2437 3873 2488 3908 τι
2523 3857 2770 3926 ἐνεργεῖν
2819 3854 2920 3907 ούκ
2983 3853 3202 3918 ἐξέσται
3249 3851 3456 3915 αὐτοῖς,
3487 3847 3603 3905 οἷον
3642 3853 3819 3921 ἄρτον

2223 3948 2259 4018 ἢ
2294 3949 2555 4018 ποτήριον
2585 3946 2879 4017 ἀναφέρειν
2909 3946 2942 4017 ἦ
2980 3945 3172 4012 λόγους
3194 3943 3548 4006 διδασκαλίας
3582 3943 3665 4015 τῷ
3695 3945 3820 4016 λαῷ

2227 4039 2533 4107 ποιεῖσθαι,
2561 4039 2753 4112 ῆὸλως
2777 4057 2828 4092 τι
2849 4040 2956 4092 τῶν
3013 4038 3186 4106 ἁγίων
3228 4036 3584 4108 λειτουργιῶν
3627 4040 3823 4090 ἐπιτε-

2223 4134 2362 4189 λεῖν.

2822 4226 3063 4280 ΚΑΝΩΝ
3123 4223 3201 4279 Γ’.

2235 4334 2253 4368 ι
2300 4317 2440 4382 Τοὺς
2460 4317 2759 4388 φεύγοντας
2785 4318 2877 4370 καὶ
2911 4317 3336 4385 συλληφθέντας,
3365 4316 3396 4387 ἢ
3429 4315 3535 4369 ὑπὸ
3586 4315 3821 4370 οίκείων

2305 4428 2324 4461 ι
2372 4409 2796 4480 παραδοθέντας,
2833 4407 3068 4478 ἢᾶλλως
3125 4408 3194 4460 τὰ
3220 4409 3545 4480 ὑπάρχοντα
3577 4409 3824 4477 ἀφαιρε-

3500 4499 3533 4569 ἢ
3584 4499 3666 4563 εις
3728 4501 3825 4552 δε-

2303 4612 2323 4647 ι
2369 4594 2682 4663 σμωτήριον
2732 4590 3126 4662 ἐμϐληθέντας,
3177 4590 3415 4661 βοῶντας
3447 4607 3508 4642 τε
3563 4592 3648 4643 ὅτι
3703 4593 3825 4644 εἰσὶ

2305 4703 2324 4736 ι
2364 4684 2680 4754 Χριστιανοὶ
2739 4683 2834 4735 καὶ
2878 4681 3356 4752 περισχισθέντας,
3417 4683 3535 4752 ἦτοι
3597 4685 3682 4745 είς
3711 4684 3818 4748 τὰς

2305 4792 2326 4826 ι
2371 4774 2556 4846 χεῖράς
2589 4791 2641 4826 τι
2677 4774 2813 4842 πρὸς
2847 4772 2970 4842 βίαν
3001 4773 3352 4842 ἐμϐαλόντων
3409 4774 3518 4825 τῶν
3552 4773 3826 4843 βιαζομέ-

2306 4885 2324 4918 ι
2368 4865 2566 4938 νων,ἢ
2609 4865 2811 4935 βρῶμά
2837 4882 2913 4934 ,τι
2966 4867 3102 4934 πρὸς
3156 4866 3410 4936 ἀνάγκην
3449 4866 3824 4934 δεξαμένους,

2311 4976 2329 5009 ι
2369 4956 2765 5027 ὁμολογοῦντας
2797 4955 2853 5008 δὲ
2881 4956 2946 5009 δι’
2977 4957 3102 5009 ὃλου
3165 4957 3247 5009 ὅτι
3295 4959 3404 5010 εἰσὶ
3463 4958 3824 5027 Χριστιανοὶ,

2302 5069 2320 5100 ι
2365 5051 2459 5102 καὶ
2489 5050 2548 5101 τὸ
2577 5049 2773 5112 πένθος
2797 5049 2892 5102 τοῦ
2923 5067 2985 5101 συ
2996 5050 3232 5119 μϐάντος
3284 5050 3372 5104 ἀεὶ
3423 5050 3792 5120 έπιδεικνυμέ

2309 5160 2326 5192 ι
2370 5158 2495 5204 νους
2529 5143 2595 5211 τῇ
2620 5141 2768 5211 πάσῃ
2826 5141 3135 5212 καταστολῇ
3187 5141 3284 5194 καὶ
3305 5141 3382 5205 τῷ
3438 5143 3684 5211 σχήματι
3715 5145 3824 5196 καὶ

2304 5253 2323 5287 ι
2368 5233 2543 5304 τῇῑτοῦ
2573 5234 2688 5303 βίου
2719 5235 3092 5302 ταπεινότητι,
3125 5232 3348 5296 τούτους
3380 5234 3456 5295 ὡς
3486 5232 3592 5297 ἔξω
3623 5235 3822 5306 ἁμαρ-

2301 5346 2320 5378 ι
2363 5329 2605 5396 τήματος
2635 5327 2790 5389 ὄντας
2825 5330 2924 5397 τῆς
2951 5324 3238 5388 κοινωνίας
3276 5326 3350 5395 μὴ
3383 5325 3719 5384 κωλύεσθαι.
3747 5329 3819 5382 Εἰ

2306 5435 2324 5469 ι
2365 5419 2419 5470 δὲ
2451 5418 2544 5470 καὶ
2575 5418 2636 5470 τὸ
2675 5419 3026 5488 ἐκωλύθησαν
3061 5417 3167 5469 ύπό
3201 5433 3369 5480 τινος,
3403 5420 3818 5488 περισσοτέρας

2301 5525 2322 5558 ι
2370 5508 2659 5578 ἀκριϐείας
2719 5508 2966 5579 ἓνεκενῆ
3010 5507 3105 5561 καί
3164 5525 3329 5561 τινων
3375 5509 3588 5579 ἀγνοίᾳ,
3639 5509 3819 5573 εὐθὺς

2303 5617 2321 5651 ι
2369 5599 2886 5670 προσδεχθήτωσαν.
2950 5599 3126 5652 Τοῦτο
3154 5599 3210 5652 δὲ
3243 5600 3448 5667 ὁμοίως
3488 5600 3580 5652 ἐπί
3611 5617 3670 5652 τε
3703 5602 3822 5656 τῶν

2301 5709 2319 5742 ι
2365 5692 2428 5742 ὲκ
2463 5691 2668 5760 κλήρου
2714 5689 2935 5743 καὶτῶν
2978 5689 3154 5743 ἄλλων
3191 5689 3418 5743 λαῖκῶν.
3457 5689 3823 5760 Προσεξητά-

2309 5801 2327 5835 ι
2376 5782 2478 5852 σθη
2505 5782 2561 5835 δὲ
2581 5784 2825 5848 κάκεῖνο,
2850 5787 2898 5838 εἰ
2923 5782 3184 5836 δύνανται
3226 5783 3320 5836 καὶ
3343 5781 3543 5852 λαῖκοῖ,
3577 5786 3643 5854 τῇ
3668 5785 3818 5856 αὐτῇ
