4076 6404
401 297 541 367 ΜΞΘ

1517 294 1606 354 IN
1632 294 1796 357 CAN.
1841 295 1936 355 III
1964 293 2175 356 CONC.
2203 294 2470 362 ANCYR.

3522 299 3668 364 1130

469 430 491 464 ς
537 407 752 480 ἀνάγκη
815 403 1206 468 ὑποπεσόντες,
1273 394 1618 480 προίγεσθαι
1668 410 1747 470 εἰς
1800 407 1974 474 τάξιν.

2163 426 2178 457 ι
2217 404 2548 477 promoveri.
2600 403 2790 461 Visum
2848 414 2933 460 cst
2979 420 3109 476 ergo
3163 416 3217 464 et
3268 421 3400 471 eos,
3456 417 3515 464 ut
3568 414 3664 482 qui

472 520 490 553 ι
535 499 751 562 Ἔδοξεν
765 493 857 550 οὖν
875 497 967 549 καὶ
987 495 1234 560 τούτους,
1265 496 1342 560 ὡς
1366 497 1531 565 μηδὲν
1548 499 1973 572 ἡμαρτηκότας,

469 611 491 644 (
533 592 584 644 εί
614 590 709 643 καὶ
746 590 778 659 ή
819 586 1167 656 προλαϐοῦσα
1198 588 1508 657 εὑρίσκοιτο
1540 586 1680 657 ὀρθὴ
1707 587 1803 639 τοῦ
1855 585 1972 656 βίου

471 702 490 734 ι
539 683 804 743 πολιτεία,
829 677 1294 749 προχειρίζεσθαι.
1335 699 1353 732 ι

409 776 413 779 ’
464 775 665 827 ΒΛΛΣ.
692 774 846 835 Τινὲς
879 773 1132 844 γληρικοὶ
1162 775 1256 828 καὶ
1317 773 1497 826 λαῖκοὶ
1545 773 1845 842 φεύγοντες
1877 777 1975 838 τὰς

394 862 503 914 τῶν
528 862 808 930 τυράννων
846 864 1058 932 χεῖρας,
1116 865 1211 918 καὶ
1273 863 1696 934 συλληφθέντες,
1747 865 1780 936 ἢ
1825 867 1976 935 παρά

393 971 558 1007 τινων
592 953 963 1024 προδοθέντες,
994 956 1088 1007 καὶ
1107 955 1492 1024 γυμνωθέντες
1519 956 1630 1010 τῶν
1653 958 1976 1028 ,προσόντων

399 1047 602 1110 αὐτοῖς,
638 1045 758 1098 ἐστι
778 1045 822 1098 δ’
857 1047 945 1098 ὅτε
997 1048 1091 1100 καλ⁸
1127 1047 1547 1118 βασανισθέντες
1593 1051 1688 1103 καὶ
1737 1051 1970 1119 φυλακι-

380 1129 646 1199 ’σθέντες,
681 1135 848 1190 ἐϐόων
880 1131 1019 1190 εἶναι
1047 1139 1388 1208 Χριστιανοὶ.
1424 1140 1547 1194 Ὅτι
1583 1140 1640 1193 δὲ
1679 1143 1822 1195 κατὰ
1853 1142 1976 1212 βίαν

401 1230 666 1300 ἐνεϐλήθη
725 1232 880 1302 παρὰ
913 1231 1023 1286 τῶν
1056 1231 1272 1302 δημίων
1301 1234 1419 1296 ταῖς
1454 1234 1614 1304 χερσὶ
1648 1233 1858 1289 τούτων
1889 1235 1974 1288 λι-

397 1320 638 1374 ϐανωτὸν
704 1322 886 1393 τυχὸν,
942 1323 1079 1394 ὅπερ
1131 1324 1246 1386 τοῖς
1299 1322 1539 1388 εἰδώλοις
1589 1325 1799 1390 θύεται,
1849 1327 1975 1398 ἢέν

400 1411 479 1480 τῷ
531 1413 758 1482 στόματι
792 1414 972 1467 αὐτῶν
1003 1414 1202 1485 βρῶμα
1259 1416 1633 1484 εἰδωλόθυτον,
1674 1419 1978 1474 ἐκωλύοντο

401 1501 500 1569 τῆς
535 1505 671 1571 μετὰ
693 1503 802 1557 τῶν
865 1506 1074 1558 πιστῶν
1130 1509 1440 1572 κοινωνίας,
1487 1508 1575 1562 διὰ
1609 1510 1669 1564 τὸ
1699 1510 1859 1582 δῆθεν
1885 1530 1978 1582 γει

395 1594 585 1647 νέσθαι
609 1596 810 1658 αὐτοὺς
839 1598 1194 1662 είδωλοθύτας
1221 1615 1235 1631 ο
1266 1601 1400 1669 φασὶ
1453 1602 1585 1670 γοῦν
1629 1604 1676 1656 οἱ
1707 1605 1976 1675 Πατέρες,

401 1687 461 1738 τὸ
485 1688 626 1740 κατὰ
684 1687 806 1758 βίαν
835 1689 1133 1758 γενόμενον
1168 1692 1243 1762 μὴ
1309 1694 1746 1764 παρεμποδίζειν
1776 1696 1977 1761 αὐτοὺς

399 1777 799 1847 ὁμολογοῦντας
856 1780 1034 1834 διό).ου
1093 1778 1239 1837 εἶναι
1270 1785 1658 1853 Χριστιανοὺς,
1689 1789 1982 1843 ἀποκλαιο-

407 1868 609 1938 μένους
667 1870 808 1951 μετὰ
869 1873 1217 1940 κατανύξεως
1245 1875 1306 1928 τὸ
1351 1876 1503 1948 παρὰ
1548 1879 1656 1932 τῶν
1699 1881 1982 1952 τυράννων

398 1959 542 2012 κατὰ
573 1958 694 2029 βίαν
720 1961 1011 2032 γενόμενον
1033 1963 1343 2029 είςαύτούς.
1370 1967 1538 2020 Οὐδὲν
1569 1969 1678 2040 γὰρ
1699 1971 1981 2042 ἥμαρτον,

399 2049 542 2104 ὥστε
575 2052 672 2105 καὶ
694 2053 822 2122 παρ’
847 2054 1008 2123 ἡμῶν
1041 2055 1393 2120 κολάζεσθαι.
1449 2059 1510 2114 Et
1533 2061 1590 2114 δὲ
1624 2063 1776 2133 παρὰ
1816 2080 1982 2118 τινων

399 2141 487 2196 διὰ
514 2144 907 2214 περισσοτέραν
936 2147 1225 2218 ἀκρίόειαν
1267 2148 1300 2218 ἢ
1332 2149 1401 2202 δι’
1428 2149 1651 2218 ἄγνοιαν
1679 2153 1772 2207 τοῦ
1811 2173 1983 2225 προσ.

400 2232 626 2302 ήκοντος
649 2234 1007 2306 ἐκωλύθησαν
1033 2238 1136 2307 τῆς
1180 2242 1486 2307 κοινωνίας,
1519 2244 1682 2307 εὐθὺς
1721 2247 1982 2317 δεχθῆναι

398 2324 627 2389 τούτους
685 2328 1160 2400 ὲγνωμοδότησαν.
1204 2333 1296 2395 Ὠς
1329 2333 1386 2387 δέ
1412 2352 1559 2399 τινος
1614 2339 1862 2404 εἰπόντος
1890 2343 1984 2397 ἐπὶ

404 2415 589 2484 μόνοις
643 2419 758 2480 τοῖς
816 2419 1024 2484 λαῖκοῖς
1072 2421 1222 2492 ἔχειν
1268 2424 1456 2495 χώραν
1512 2429 1581 2481 τὰ
1609 2429 1701 2482 τοῦ
1760 2432 1983 2497 κανόνος

400 2499 474 2569 (οἱ
498 2503 606 2574 γὰρ
639 2503 891 2575 κληρικοὶ
945 2510 1086 2563 κατὰ
1133 2511 1258 2574 τοὺς
1302 2515 1723 2586 προρῤηθέντας
1751 2521 1983 2586 κανόνας

398 2593 803 2664 δειχθήσονται),
822 2599 1104 2668 ἐπήγαγον
1139 2602 1213 2671 μὴ
1246 2604 1442 2672 μόνους
1463 2608 1739 2673 τοιούτους
1759 2613 1984 2676 λαῖκοὺς

400 2690 786 2751 συγκοινωνετν
817 2691 970 2760 ἡμῖν,
1005 2692 1144 2746 ἀλλὰ
1169 2696 1266 2748 καὶ
1291 2697 1614 2768 κληρικούς.
1650 2702 1879 2772 Εἴρηται
1925 2705 1983 2758 δὲ

399 2775 580 2841 τοῦτο,
608 2779 697 2832 διὰ
748 2781 811 2833 τὸ
852 2784 1099 2853 μεγάλην
1130 2782 1272 2840 εἷναι
1301 2788 1573 2861 διαφορὰν
1601 2793 1710 2848 τῶν
1743 2794 1986 2865 ἀρνησα-

403 2868 583 2938 μένων
621 2872 884 2937 ἑκουσίως
920 2875 1011 2928 τὸν
1057 2876 1214 2944 Θεὸν,
1251 2881 1314 2933 ἐκ
1336 2879 1431 2934 τοῦ
1468 2883 1542 2951 μὴ
1567 2883 1832 2940 δύνασθαι
1882 2888 1983 2952 τὰς

403 2961 656 3027 κολάσεις
703 2964 1054 3034 ὑπενεγκεῖν,
1101 2970 1197 3022 καὶ
1251 2971 1362 3024 τῶν
1404 2975 1647 3028 τοιοῦτόν
1670 2993 1723 3029 τι
1751 2977 1826 3048 μὴ
1883 2997 1984 3032 πε-

2162 515 2180 547 ι
2212 499 2346 557 nihil
2400 507 2740 568 peccassent,
2791 498 2836 553 si
2886 498 3050 553 etiam
3107 501 3418 569 prmcedens
3469 518 3660 558 eorum

2168 607 2184 639 ι
2216 588 2340 646 vitm
2384 587 2734 643 instituenda:
2781 589 2921 646 ratio
2971 597 3117 645 recta
3167 591 3503 656 inveniatur,
3538 609 3664 665 pro-

2171 697 2190 730 ‹
2223 681 2454 733 moveri.
2488 699 2507 731 ι

2161 768 2358 823 BALS.
2400 768 2633 835 Quidam
2668 769 2851 824 clerici
2900 779 2952 825 et
2977 771 3128 836 laici,
3180 787 3374 828 manus
3405 782 3669 843 tyranno~

2085 873 2207 912 rum
2242 857 2538 930 fugientes,
2590 870 2645 915 et
2690 863 3099 930 comprehensi,
3151 864 3237 919 vel
3271 866 3340 919 ab
3388 865 3666 934 aliquibus

2089 952 2317 1021 proditi,
2352 964 2401 1007 el
2437 954 2504 1008 iis
2534 969 2654 1022 quae
2693 953 2969 1008 habebant
3027 956 3245 1026 privati,
3299 965 3354 1012 et
3412 974 3668 1012 nonnun-

2091 1059 2254 1114 quam
2286 1049 2449 1099 etiam
2482 1047 2611 1100 torti
2644 1054 2697 1100 et
2750 1046 2802 1099 in
2832 1061 3107 1100 carcerem
3147 1049 3406 1118 conjecti,
3458 1065 3517 1104 se
3543 1065 3667 1103 esse

2085 1134 2434 1190 Christianos
2465 1135 2800 1191 fatebantur.
2834 1137 2973 1204 Quia
3014 1147 3191 1192 autem
3230 1154 3257 1191 a
3294 1139 3576 1195 lictoribus
3609 1140 3664 1193 in

2087 1244 2283 1284 manus
2321 1246 2510 1284 eorum
2545 1230 2672 1285 thus
2705 1230 2845 1286 forte
2876 1233 3140 1301 injectum
3174 1241 3279 1297 est,
3329 1234 3474 1302 quod
3508 1235 3666 1290 idolis

2086 1322 2450 1388 sacrificatur,
2496 1323 2580 1376 vel
2616 1323 2670 1381 in
2704 1338 2798 1378 ora
2831 1339 3021 1379 eorum
3057 1325 3214 1381 cibus
3272 1325 3469 1394 aliquis
3502 1326 3665 1383 idolis

2088 1413 2428 1480 immolatus,
2482 1417 2526 1469 a‘
2570 1415 2809 1469 fidelium
2869 1415 3260 1472 communione
3313 1419 3664 1484 arcebantur,

2087 1505 2233 1574 quod
2270 1504 2485 1560 scilicet
2561 1506 2720 1560 idolis
2784 1507 3228 1564 saerilicassent:
3291 1509 3482 1571 dicunt
3536 1526 3666 1580 ergo

2085 1596 2296 1662 Patres,
2347 1599 2398 1653 id
2428 1598 2572 1669 quod
2607 1599 2715 1654 illis
2748 1600 2796 1654 vi
2833 1599 3036 1654 factum
3064 1613 3168 1666 est,
3223 1617 3331 1656 non
3385 1618 3508 1657 esse
3559 1603 3668 1658 illis

2083 1689 2497 1760 impedimento,
2561 1689 2860 1748 fatentibus
2917 1702 3182 1763 perpetuo
3226 1709 3283 1752 se
3335 1709 3458 1748 esse
3505 1692 3668 1748 Chri-

2084 1781 2320 1847 stianos,
2353 1792 2407 1837 et
2439 1797 2561 1836 cum
2617 1783 3046 1853 compunctione
3080 1783 3132 1838 id
3167 1785 3491 1840 deﬂentibus
3520 1785 3665 1857 quod

2083 1871 2139 1926 in
2185 1873 2334 1942 ipsos
2365 1888 2394 1925 a
2425 1875 2672 1945 tyrannis
2704 1874 2754 1928 vi
2793 1873 2995 1932 factum
3049 1882 3154 1929 est.
3188 1874 3333 1928 Nihil
3355 1875 3512 1937 enim
3544 1890 3667 1945 pec-

2083 1970 2302 2027 carunt,
2336 1972 2396 2016 ut
2424 1963 2588 2017 etiam
2623 1979 2652 2016 a
2687 1963 2847 2018 nobis
2878 1964 3197 2034 puniantur.
3251 1965 3348 2019 Sin
3380 1977 3560 2019 autem
3593 1967 3666 2021 ab

2083 2055 2377 2126 aliquibus.
2411 2064 2634 2124 propter
2667 2057 2930 2125 majorem
2957 2055 3291 2122 cautionem,
3324 2056 3407 2110 vel
3441 2065 3665 2126 propter

2081 2149 2201 2218 ejus
2257 2148 2403 2218 quod
2443 2146 2557 2210 ﬁeri
2593 2153 2812 2216 oportet
2851 2147 3281 2217 ignorationem,
3335 2163 3365 2204 a
3415 2162 3666 2202 commu-

2081 2240 2247 2292 nione
2290 2247 2420 2293 sunt
2473 2237 2758 2307 prohibiti,
2816 2246 2874 2292 ut
2909 2239 3098 2296 statim
3153 2238 3492 2307 recipiantur
3541 2253 3668 2293 sen-

2083 2330 2307 2384 tentiam
2344 2330 2537 2389 tulere.
2569 2328 2804 2383 Perinde
2851 2337 3034 2384 autem
3087 2343 3151 2383 ac
3205 2329 3252 2384 si
3283 2329 3515 2384 dixisset
3569 2329 3668 2384 ali-

2081 2419 2229 2489 quis,
2264 2433 2531 2474 canonem
2567 2419 2619 2472 in
2648 2418 2782 2473 solis
2810 2417 2964 2472 laicis
2995 2416 3172 2471 locum
3212 2416 3412 2470 habere
3442 2415 3670 2486 (clerici

2083 2513 2230 2567 enim
2263 2525 2326 2565 ex
2361 2510 2745 2580 przedictorum
2779 2523 3051 2563 canonum
3084 2508 3358 2562 sententia
3391 2507 3667 2576 recipien-

2083 2611 2242 2673 tur),
2273 2601 2598 2661 iutulcrunt,
2631 2613 2738 2653 non
2788 2599 2968 2653 solum
3019 2599 3287 2669 ejusmodi
3327 2598 3519 2665 laicos,
3572 2599 3668 2653 sed

2083 2696 2249 2750 etiam
2285 2695 2516 2749 clericos
2545 2693 2830 2748 nobiscum
2862 2693 3292 2753 communicare.
3341 2691 3455 2747 Hoc
3485 2701 3668 2748 autem

2087 2787 2295 2842 dictum
2332 2795 2438 2850 est,
2471 2800 2536 2840 eo
2566 2785 2715 2855 quod
2747 2785 2820 2840 sit
2869 2801 3063 2854 magna
3119 2785 3430 2845 diﬂerentia
3477 2801 3668 2842 eorum

2083 2877 2176 2949 qui
2240 2875 2411 2931 Deum
2475 2885 2672 2944 sponte
2723 2883 3016 2945 negarunt,
3078 2877 3342 2953 quoniam
3401 2877 3669 2952 supplicia

2085 2968 2331 3037 perferre
2362 2982 2471 3021 non
2504 2977 2786 3038 poterant,
2822 2975 2876 3021 et
2905 2982 3096 3021 eorum
3131 2970 3224 3041 qui
3261 2969 3370 3029 tale
3400 2969 3534 3040 quid
3560 2985 3670 3024 non

403 3052 710 3121 ποιηκότων
736 3054 827 3108 διὰ
863 3057 1074 3124 φάκτου
1097 3058 1323 3128 οἰκείου,
1353 3061 1489 3115 ἀλλὰ
1537 3063 1813 3130 ἀκουσίως
1835 3069 1980 3122 κατὰ

2089 3061 2336 3114 fecerunt
2365 3059 2512 3114 facto
2542 3059 2786 3130 pr0prio,
2819 3060 2915 3115 sed
2946 3060 3102 3120 inviti
3137 3071 3192 3116 et
3223 3076 3318 3140 per
3349 3061 3456 3115 vim
3491 3062 3669 3117 idolo-

400 3141 524 3212 βίον
559 3143 980 3216 ὑποδεξαμένων
1036 3149 1361 3206 εἰδωλόθυτα
1407 3153 1440 3224 ἢ
1502 3155 1821 3224 λιϐανωτὸν,
1881 3163 1976 3216 καὶ

399 3235 874 3292 καταπτυσὰντων
917 3239 1097 3294 αὐτῶν
1125 3257 1141 3274 ο
1193 3243 1244 3295 οἱ
1281 3244 1380 3314 μὲν
1443 3248 1554 3317 γὰρ
1601 3247 1872 3318 ἥμαρτον,
1902 3253 1976 3317 ὡς

398 3326 642 3391 ἐνδόντες
672 3343 686 3358 ο
718 3327 956 3399 ὤφειλον
988 3333 1098 3403 γὰρ
1127 3335 1424 3391 ἀποθανεῖν
1470 3337 1559 3390 διὰ
1590 3323 1682 3394 τὸν
1707 3342 1942 3412 Χριστόν
1963 3359 1978 3374 ⁸

401 3419 451 3471 οἱ
498 3419 552 3472 δὲ
577 3421 718 3474 κατὰ
771 3422 895 3492 βίαν
946 3424 1274 3492 ὑπεδέξαντο
1326 3429 1490 3498 μόνον
1533 3430 1595 3483 τὸ
1657 3432 1979 3498 λιϐανωτὸν,

403 3511 567 3580 ἔργον
592 3513 652 3566 δέ
683 3531 737 3565 τι
785 3517 884 3569 οὐκ
913 3517 1227 3588 ἐνήργησαν
1253 3521 1472 3585 ἀσεσές.
1510 3524 1632 3577 ’Ότι
1662 3526 1794 3593 γοῦν
1825 3527 1979 3581 οὐδὲν

402 3602 670 3673 ῆμαρτον,
730 3607 825 3659 καὶ
889 3608 1634 3681 κληρωϐήσονταιοὶλαῖκοὶ,
1691 3617 1788 3671 ἐὰν
1841 3618 1982 3684 ἄξιοι

399 3693 784 3764 εὑρίσκωνται,
817 3698 1037 3762 πάντως
1058 3700 1114 3752 δὲ
1145 3701 1239 3756 καὶ
1262 3704 1312 3756 οξ
1339 3703 1592 3775 κληρικοὶ
1620 3708 1700 3771 εἰς
1725 3710 1982 3777 μείζονας

403 3786 647 3859 βαθμοὺς
702 3787 790 3842 διὰ
816 3790 906 3844 τὸν
930 3790 1092 3844 αὑτὸν
1123 3792 1282 3860 λόγον
1306 3797 1975 3870 προαναϐιϐασθήσονται.

417 3879 570 3933 Ἐπεὶ
597 3879 651 3932 δὲ
682 3881 911 3949 ᾐτιῶντό
971 3900 1117 3947 τινες
1171 3885 1418 3954 τούτους,
1445 3890 1524 3952 ὡς
1577 3892 1638 3944 τὸ
1685 3894 1984 3965 μαρτύριον

403 3968 674 4036 φυγόντας
705 3971 800 4023 καὶ
828 3973 1294 4044 κατασχεθέντας,
1324 3975 1478 4033 εἶπον
1506 3981 1558 4032 οἱ
1590 3982 1829 4052 Πατέρες
1850 3987 1985 4056 μηδὲ

399 4061 465 4112 ὲκ
495 4059 688 4112 τούτου
715 4062 912 4126 αὐτοὺς
973 4065 1331 4132 βλάπτεσθαι.
1387 4070 1498 4124 Καὶ
1533 4072 1753 4136 πάντως
1784 4076 1984 4146 ἄριστα

399 4151 496 4201 κα)⁴
542 4151 700 4207 τοῦτο
735 4152 1153 4224 ἐνομοθέτησαν.
1197 4159 1336 4228 Φησὶ
1369 4161 1478 4231 γὰρ
1511 4163 1539 4214 ὁ
1574 4165 1752 4235 μέγας
1778 4168 1836 4218 ὲν
1868 4168 1987 4222 θεο-

397 4240 555 4312 λογίᾳ.
592 4243 892 4314 Γρηγόριος
915 4247 992 4315 μὴ
1046 4247 1325 4314 ἐθέλοντας
1359 4254 1440 4315 είς
1501 4254 1593 4308 τὸν
1626 4257 1819 4325 ἀγῶνα
1873 4278 1986 4329 χω-

403 4337 521 4402 ρεῖν
568 4335 739 4402 φειδοῖ
769 4336 876 4389 τῶν
905 4337 1207 4394 διωκόντων
1247 4343 1342 4396 καὶ
1387 4344 1496 4397 τῶν
1548 4348 1982 4422 ἀσθενεστέρων.

2082 3154 2649 3224 ιιιγιεευεοερειυιηιι,
2679 3152 2762 3207 vel
2797 3153 2947 3220 thus,
2979 3161 3034 3206 et
3063 3166 3128 3208 ea
3163 3151 3527 3223 despuerunt.
3579 3154 3690 3208 Illi.

2079 3246 2227 3300 enim
2246 3255 2629 3313 pecearunt,ut
2643 3260 2730 3315 qui
2749 3245 3052 3301 cesserint:
3077 3244 3347 3308 debebant
3361 3245 3507 3300 enim
3530 3248 3667 3305 mOri

2082 3347 2304 3409 propter
2332 3337 2638 3393 Christum.
2689 3335 2792 3403 Qui
2823 3349 2954 3403 vero
2986 3336 3035 3389 vi
3070 3335 3200 3391 thus
3247 3336 3422 3391 solum
3474 3351 3666 3399 susce-

2083 3439 2304 3501 perunt,
2357 3429 2572 3483 nullum
2613 3428 2841 3497 impium
2871 3441 3010 3497 opus
3065 3425 3338 3482 fecerunt.
3393 3425 3663 3500 Quoniam

2083 3537 2215 3592 ergo
2247 3521 2386 3576 nihil
2425 3527 2748 3590 peccarunt,
2783 3519 2904 3574 laici
2937 3533 3159 3589 quoque
3199 3518 3384 3573 clerici
3438 3518 3587 3582 ﬂent,
3619 3522 3664 3575 si

2084 3612 2233 3682 digni
2268 3612 2649 3676 inveniantur;
2677 3610 2903 3664 omnino
2937 3617 3118 3664 autem
3155 3611 3323 3667 etiam
3377 3611 3564 3666 clerici
3598 3611 3668 3666 ad

2094 3705 2327 3773 majores
2353 3705 2554 3772 gradus
2589 3710 2814 3773 propter
2855 3702 3104 3757 eamdem
3159 3703 3424 3765 rationem
3478 3719 3670 3772 prove-

2088 3799 2313 3855 hentur.
2369 3801 2642 3865 Quoniam
2685 3807 2870 3852 autem
2906 3799 3156 3854 nonnulli
3191 3814 3285 3853 eos
3315 3801 3667 3865 accusabant,

2087 3900 2148 3946 ut
2175 3893 2266 3960 qui
2301 3891 2623 3962 martyrium
2676 3889 2946 3960 fugissent
2969 3900 3024 3945 et
3061 3893 3301 3951 cunctati
3333 3901 3539 3954 essent,
3586 3893 3663 3946 di-

2089 3996 2287 4038 xerunt
2321 3982 2529 4049 Patres,
2577 3997 2672 4038 eos
2709 3999 2818 4036 non
2872 3983 2997 4044 ideo
3050 3982 3194 4046 laedi.
3247 3981 3313 4037 Et
3355 3971 3577 4039 omnino
3615 3984 3666 4039 id

2090 4077 2291 4144 optime
2327 4081 2646 4130 sanxerunt.
2703 4073 2841 4128 Dicit
2892 4074 3036 4136 enim
3091 4090 3321 4143 magnus
3355 4073 3668 4144 Theologus

2041 4190 2044 4192 ν
2090 4169 2407 4238 Gregorius,
2443 4182 2550 4221 non
2588 4181 2710 4220 esse
2745 4180 2842 4219 sua
2898 4174 3091 4233 sponte
3126 4167 3192 4220 ad
3228 4175 3507 4230 certamen
3542 4183 3668 4238 pro-

2090 4258 2415 4317 cedendum.
2453 4265 2512 4310 ut
2541 4263 2596 4310 et
2629 4257 3093 4325 persequentibus
3126 4265 3178 4309 et
3210 4255 3666 4314 imbecilliOribus

2092 4355 2372 4418 parcatur.
2408 4346 2472 4400 Et
2506 4345 2765 4400 Dominus
2795 4345 2931 4400 dixit
2967 4345 3020 4401 in
3058 4345 3366 4416 Evangeliis
3396 4364 3409 4400 :
3441 4346 3667 4411 Quando

399 4427 510 4478 Kal.
540 4427 597 4478 ὲν
629 4426 986 4496 Εὑαγγελίοις
1008 4431 1036 4484 ὁ
1065 4433 1274 4503 Κύριος
1313 4431 1470 4492 εἶπεν
1498 4456 1512 4472 ο
1541 4440 1723 4495 Ὅταν
1768 4413 1980 4500 animm-

2093 4458 2181 4495 vos
2211 4456 2274 4495 ex
2301 4440 2398 4493 hac
2436 4441 2646 4494 civitate
2687 4449 3081 4508 persequentur,
3121 4439 3286 4509 fugite
3317 4441 3372 4492 in
3413 4440 3574 4494 aliam
3597 4443 3663 4496 ’³.

399 4533 506 4576 σιν
534 4519 686 4604 ὑμᾶς
719 4521 788 4574 ἐκ
821 4522 926 4590 τῆς
950 4526 1185 4592 πόλεως
1212 4530 1454 4599 ταύτης,
1480 4532 1728 4602 φεύγετε
1753 4540 1840 4602 είς
1871 4539 1986 4607 τὴν

399 4611 634 4678 ἑτέραν,
664 4615 758 4673 καὶ
811 4617 881 4673 τὰ
916 4616 1016 4683 μὲν
1042 4618 1136 4670 τοῦ
1171 4620 1398 4684 κανόνος
1429 4626 1488 4676 ὲν
1513 4626 1727 4690 τούτοις
1753 4645 1766 4659 ·
1801 4629 1894 4681 τοῦ
1925 4631 1981 4683 δὲ

399 4705 872 4773 χρηματισθέντος
915 4708 1215 4767 ἐπισκόπου
1259 4710 1585 4780 Ἀμυκλείου
1621 4717 1791 4788 κυροῦ
1819 4720 1980 4773 Νικο-

399 4794 534 4848 λάου
555 4795 652 4848 τοῦ
704 4795 1064 4861 Μουζάλωνος
1091 4802 1232 4858 κατὰ
1274 4803 1396 4872 βίαν
1429 4808 1808 4880 πρακτορικὴν
1842 4813 1975 4864 ἀπο-

400 4887 686 4955 καρέντος,
714 4889 814 4941 καὶ⁸
874 4888 1047 4942 πολλὰ
1093 4894 1671 4964 παρακλητεύσαντος,
1713 4901 1778 4955 τὸ
1835 4903 1976 4955 κατὰ

403 4978 530 5048 βίαν
561 4981 640 5042 εἰς
689 4979 851 5033 αὑτὸν
908 4982 1133 5047 γεγονὸς
1189 4989 1630 5056 περιαιρεθῆναι,
1687 4994 1782 5044 καὶ
1819 4993 1980 5046 πάλιν

401 5072 649 5136 ἐνεργεῖν
724 5071 792 5123 τὰ
864 5073 1248 5140 ὲπισκοπικὰ,
1317 5078 1344 5128 ὀ
1405 5080 1713 5148 ἀγιώτατος
1775 5085 1981 5148 ἐκεῖνος

401 5164 748 5232 πατριάρχης
807 5164 973 5234 κυρὸς
1035 5167 1270 5229 Λουκᾶς,
1307 5169 1519 5239 βλέπων
1559 5175 1747 5228 τοῦτον
1779 5191 1984 5246 παρου-

405 5249 662 5314 σιάζοντα
693 5258 831 5322 μετά
888 5257 1268 5312 ὲπισκοπικῶν
1305 5263 1528 5330 άμφίων
1570 5267 1889 5329 συνοδικῶς,
1917 5269 1978 5321 ού

407 5344 741 5412 παρεδέξατο
767 5347 949 5410 αὐτὸν,
1002 5351 1174 5402 εἰπὼν
1203 5351 1298 5422 ὡς,
1358 5355 1405 5406 εἰ
1430 5355 1536 5422 μὲν
1565 5357 1662 5430 τὴν
1696 5359 1979 5429 συνοδικὴν

399 5435 684 5502 ἐκδίκησιν
713 5437 810 5489 καὶ
847 5438 1138 5508 διόρθωσιν
1185 5444 1451 5514 ἀνέμενεν
1482 5449 1510 5500 ὁ
1531 5449 1849 5514 ἐπίσκοπος,
1885 5446 1977 5505 εὖ·

402 5543 501 5604 ρεν
533 5527 596 5580 ἂν
628 5529 917 5600 κανονικὴν
950 5532 1234 5602 βοήθειαν·
1291 5539 1411 5590 ἐπεὶ
1440 5539 1498 5594 δὲ
1533 5540 1598 5593 τὰ
1650 5541 1790 5598 κατὰ
1857 5542 1977 5612 βίαν

511 5704 558 5748 ιι
587 5704 776 5768 Matth.
808 5721 862 5773 χ,
889 5707 983 5780 2:5.

735 5803 1012 5868 ΡΑτιιοι.
1055 5806 1170 5868 Gn.
1219 5809 1571 5875 CXXXVII.

2095 4533 2162 4587 Et
2192 4533 2244 4586 in
2283 4533 2369 4587 his
2403 4529 2625 4601 quidem
2661 4532 2943 4600 expositus
2971 4539 3055 4584 est
3086 4543 3284 4583 canon.
3317 4528 3451 4584 Cum
3483 4539 3664 4587 autem

2091 4624 2349 4680 dominus
2395 4621 2656 4676 Nicolaus
2689 4620 2965 4682 Muzalon,
3013 4619 3322 4690 Amyclaeus
3372 4622 3666 4691 episcopus

2087 4715 2288 4781 dictus,
2313 4715 2363 4767 vi
2391 4729 2420 4766 a
2441 4713 2763 4782 magistratu
2785 4720 2978 4765 tonsus
2993 4711 3342 4783 esset,376
3358 4722 3410 4767 et
3434 4716 3661 4782 supplex

2084 4806 2462 4873 contenderet,
2490 4814 2551 4858 ut
2585 4802 2729 4874 quod
2779 4805 2830 4860 vi
2863 4803 2916 4857 in
2969 4817 3093 4862 eum
3128 4802 3328 4857 factum
3355 4814 3474 4859 erat
3509 4805 3666 4862 tolle-

2086 4908 2259 4962 retur,
2292 4908 2344 4951 et
2378 4895 2692 4965 episcOp-ale
2723 4907 2922 4954 rursus
2948 4909 3148 4948 munus
3179 4895 3394 4960 obiret;
3425 4897 3664 4951 sanctis-

2083 4991 2258 5045 simus
2291 4988 2380 5042 ille
2410 4986 2725 5055 patriarcha
2753 4983 3010 5039 dominus
3045 4984 3242 5047 Lucas,
3279 4987 3466 5042 videns
3497 4989 3650 5042 illum

2085 5079 2346 5150 synodice
2383 5091 2506 5131 cum
2567 5075 2812 5129 vestibus
2865 5076 3265 5146 episcopalibus
3315 5091 3660 5147 praesentem,

2085 5187 2210 5231 eum
2272 5185 2382 5224 non
2452 5165 2706 5231 admisit,
2758 5164 2986 5231 dicens,
3042 5170 3184 5236 quod
3236 5169 3280 5224 si
3347 5172 3662 5240 synodalem

2091 5263 2312 5332 quidem
2347 5259 2675 5313 sententiam
2731 5266 2786 5311 et
2838 5261 3235 5317 correCtionem
3291 5271 3666 5328 exspectasset

2090 5354 2404 5423 cpiscopus,
2461 5349 2788 5409 canonicum
2841 5348 3104 5404 auxilium
3160 5349 3504 5407 invenisset:
3567 5355 3664 5406 sed

2091 5445 2218 5515 quia
2260 5451 2443 5496 vestes
2480 5437 2838 5503 monasticas,
2893 5438 3093 5506 quibus
3125 5439 3174 5493 vi
3209 5438 3433 5494 indutus
3465 5439 3662 5508 fuerat,

2088 5535 2396 5592 inordinate
2437 5533 2630 5598 exuit,
2681 5539 2735 5586 et
2763 5530 2866 5586 sibi
2917 5529 3017 5601 ipsi
3060 5529 3153 5600 jus
3185 5531 3346 5598 dixit,
3398 5535 3661 5590 auxilium

3149 5812 3217 5874 36
