  <div class='ocr_page' id='page_1' title='image "/cluster/home/n/w/nwhite01/storage/ocr_20150623/137:no.1/coo.31924054870427/572.png"; bbox 0 0 4076 6422; ppageno 0'>
   <div class='ocr_carea' id='block_1_1' title="bbox 391 369 525 459">
    <p class='ocr_par' dir='ltr' id='par_1_1' title="bbox 391 369 525 459">
     <span class='ocr_line' id='line_1_1' title="bbox 391 369 525 459; baseline -0.015 -25"><span class='ocrx_word' id='word_1_1' title='bbox 391 369 525 459; x_wconf 75' lang='lat'><strong>1133</strong></span> 
     </span>
    </p>
   </div>
   <div class='ocr_carea' id='block_1_2' title="bbox 1510 364 2474 431">
    <p class='ocr_par' dir='ltr' id='par_1_2' title="bbox 1510 364 2474 431">
     <span class='ocr_line' id='line_1_2' title="bbox 1510 364 2474 431; baseline -0.004 -2"><span class='ocrx_word' id='word_1_2' title='bbox 1510 368 1595 429; x_wconf 88' lang='lat' dir='ltr'><strong>IN</strong></span> <span class='ocrx_word' id='word_1_3' title='bbox 1633 364 1801 428; x_wconf 82' lang='lat' dir='ltr'><strong>CAN.</strong></span> <span class='ocrx_word' id='word_1_4' title='bbox 1841 366 1922 428; x_wconf 85' lang='lat' dir='ltr'><strong>IV</strong></span> <span class='ocrx_word' id='word_1_5' title='bbox 1951 365 2167 431; x_wconf 83' lang='lat' dir='ltr'><strong>CONC.</strong></span> <span class='ocrx_word' id='word_1_6' title='bbox 2205 364 2474 427; x_wconf 84' lang='lat' dir='ltr'><strong>ANCYR.</strong></span> 
     </span>
    </p>
   </div>
   <div class='ocr_carea' id='block_1_3' title="bbox 3502 359 3641 427">
    <p class='ocr_par' dir='ltr' id='par_1_3' title="bbox 3502 359 3641 427">
     <span class='ocr_line' id='line_1_3' title="bbox 3502 359 3641 427; baseline 0.022 -3"><span class='ocrx_word' id='word_1_7' title='bbox 3502 359 3641 427; x_wconf 69' lang='grc'><strong>1134</strong></span> 
     </span>
    </p>
   </div>
   <div class='ocr_carea' id='block_1_4' title="bbox 384 472 1976 554">
    <p class='ocr_par' dir='ltr' id='par_1_4' title="bbox 384 476 1961 551">
     <span class='ocr_line' id='line_1_4' title="bbox 384 476 1961 551; baseline -0.004 -16"><span class='ocrx_word' id='word_1_8' title='bbox 384 498 484 546; x_wconf 80' lang='grc' dir='ltr'><strong>τας</strong></span> <span class='ocrx_word' id='word_1_9' title='bbox 506 482 577 534; x_wconf 66' lang='grc' dir='ltr'>τὰ</span> <span class='ocrx_word' id='word_1_10' title='bbox 597 479 911 551; x_wconf 74' lang='grc' dir='ltr'>ὑπάρχοντα</span> <span class='ocrx_word' id='word_1_11' title='bbox 941 478 1147 547; x_wconf 83' lang='grc' dir='ltr'>αὐτοῖς,</span> <span class='ocrx_word' id='word_1_12' title='bbox 1174 479 1208 550; x_wconf 83' lang='grc' dir='ltr'><strong>ἦ</strong></span> <span class='ocrx_word' id='word_1_13' title='bbox 1241 476 1641 549; x_wconf 76' lang='grc' dir='ltr'><strong>ὑπομείναντας</strong></span> <span class='ocrx_word' id='word_1_14' title='bbox 1673 476 1961 547; x_wconf 70' lang='grc' dir='ltr'>βασάνους,</span> 
     </span>
    </p>
   </div>
   <div class='ocr_carea' id='block_1_5' title="bbox 2077 472 3643 554">
    <p class='ocr_par' dir='ltr' id='par_1_5' title="bbox 2077 472 3643 554">
     <span class='ocr_line' id='line_1_5' title="bbox 2077 472 3643 554; baseline -0.001 -25"><span class='ocrx_word' id='word_1_15' title='bbox 2077 475 2151 531; x_wconf 79' lang='lat' dir='ltr'><strong>vel</strong></span> <span class='ocrx_word' id='word_1_16' title='bbox 2186 482 2460 531; x_wconf 86' lang='lat' dir='ltr'><strong>tormenta</strong></span> <span class='ocrx_word' id='word_1_17' title='bbox 2494 474 2767 546; x_wconf 78' lang='lat' dir='ltr'><strong>perpessi,</strong></span> <span class='ocrx_word' id='word_1_18' title='bbox 2817 472 2901 530; x_wconf 85' lang='lat' dir='ltr'><strong>vel</strong></span> <span class='ocrx_word' id='word_1_19' title='bbox 2935 474 2993 530; x_wconf 90' lang='lat' dir='ltr'><strong>in</strong></span> <span class='ocrx_word' id='word_1_20' title='bbox 3048 485 3328 531; x_wconf 85' lang='lat' dir='ltr'><strong>carcerem</strong></span> <span class='ocrx_word' id='word_1_21' title='bbox 3384 477 3643 554; x_wconf 57' lang='lat' dir='ltr'><strong>coniecti,</strong></span> 
     </span>
    </p>
   </div>
   <div class='ocr_carea' id='block_1_6' title="bbox 385 569 1961 647">
    <p class='ocr_par' dir='ltr' id='par_1_6' title="bbox 385 569 1961 647">
     <span class='ocr_line' id='line_1_6' title="bbox 385 569 1961 647; baseline -0.004 -19"><span class='ocrx_word' id='word_1_22' title='bbox 385 576 420 647; x_wconf 79' lang='grc' dir='ltr'>ἢ</span> <span class='ocrx_word' id='word_1_23' title='bbox 446 570 863 643; x_wconf 79' lang='grc' dir='ltr'>ὲγκλέισθὲντας</span> <span class='ocrx_word' id='word_1_24' title='bbox 892 572 1312 644; x_wconf 77' lang='grc' dir='ltr'><strong>δεσμωτηρίοις,</strong></span> <span class='ocrx_word' id='word_1_25' title='bbox 1341 570 1515 624; x_wconf 85' lang='grc' dir='ltr'>διόλου</span> <span class='ocrx_word' id='word_1_26' title='bbox 1547 569 1605 623; x_wconf 82' lang='grc' dir='ltr'>δὲ</span> <span class='ocrx_word' id='word_1_27' title='bbox 1631 570 1961 641; x_wconf 82' lang='grc' dir='ltr'>ὁμολογοῦν-</span> 
     </span>
    </p>
   </div>
   <div class='ocr_carea' id='block_1_7' title="bbox 387 660 1965 738">
    <p class='ocr_par' dir='ltr' id='par_1_7' title="bbox 387 660 1965 738">
     <span class='ocr_line' id='line_1_7' title="bbox 387 660 1965 738; baseline -0.006 -18"><span class='ocrx_word' id='word_1_28' title='bbox 387 685 487 729; x_wconf 89' lang='grc' dir='ltr'><strong>τας</strong></span> <span class='ocrx_word' id='word_1_29' title='bbox 532 669 615 721; x_wconf 86' lang='grc' dir='ltr'>ὃτι</span> <span class='ocrx_word' id='word_1_30' title='bbox 644 667 966 738; x_wconf 84' lang='grc' dir='ltr'>Χριστιανοί</span> <span class='ocrx_word' id='word_1_31' title='bbox 1030 666 1158 731; x_wconf 80' lang='grc' dir='ltr'>εἱσι,</span> <span class='ocrx_word' id='word_1_32' title='bbox 1216 666 1313 717; x_wconf 82' lang='grc' dir='ltr'>καὶ</span> <span class='ocrx_word' id='word_1_33' title='bbox 1354 662 1805 735; x_wconf 69' lang='grc' dir='ltr'>περισχισθένπας</span> <span class='ocrx_word' id='word_1_34' title='bbox 1837 660 1965 724; x_wconf 79' lang='grc' dir='ltr'>τοὺς</span> 
     </span>
    </p>
   </div>
   <div class='ocr_carea' id='block_1_8' title="bbox 389 752 1966 831">
    <p class='ocr_par' dir='ltr' id='par_1_8' title="bbox 389 752 1966 831">
     <span class='ocr_line' id='line_1_8' title="bbox 389 752 1966 831; baseline -0.005 -19"><span class='ocrx_word' id='word_1_35' title='bbox 389 759 643 831; x_wconf 83' lang='grc' dir='ltr'><strong>χιτῶνας,</strong></span> <span class='ocrx_word' id='word_1_36' title='bbox 695 759 790 813; x_wconf 76' lang='grc' dir='ltr'>καὶ</span> <span class='ocrx_word' id='word_1_37' title='bbox 848 756 1258 827; x_wconf 82' lang='grc' dir='ltr'>γυμνωθέντας,</span> <span class='ocrx_word' id='word_1_38' title='bbox 1317 758 1413 809; x_wconf 77' lang='grc' dir='ltr'>καὶ</span> <span class='ocrx_word' id='word_1_39' title='bbox 1443 756 1476 826; x_wconf 83' lang='grc' dir='ltr'><strong>ἢ</strong></span> <span class='ocrx_word' id='word_1_40' title='bbox 1510 758 1591 819; x_wconf 80' lang='grc' dir='ltr'><strong>εἰς</strong></span> <span class='ocrx_word' id='word_1_41' title='bbox 1638 752 1737 816; x_wconf 78' lang='grc' dir='ltr'><strong>τὰς</strong></span> <span class='ocrx_word' id='word_1_42' title='bbox 1775 754 1966 823; x_wconf 79' lang='grc' dir='ltr'>χεῖρας</span> 
     </span>
    </p>
   </div>
   <div class='ocr_carea' id='block_1_9' title="bbox 389 844 1965 919">
    <p class='ocr_par' dir='ltr' id='par_1_9' title="bbox 389 844 1965 919">
     <span class='ocr_line' id='line_1_9' title="bbox 389 844 1965 919; baseline -0.006 -15"><span class='ocrx_word' id='word_1_43' title='bbox 389 849 570 913; x_wconf 78' lang='grc' dir='ltr'>αὐτῶν</span> <span class='ocrx_word' id='word_1_44' title='bbox 620 852 757 918; x_wconf 78' lang='grc' dir='ltr'>πρὸς</span> <span class='ocrx_word' id='word_1_45' title='bbox 810 847 930 919; x_wconf 82' lang='grc' dir='ltr'>βίαν</span> <span class='ocrx_word' id='word_1_46' title='bbox 987 848 1228 901; x_wconf 80' lang='grc' dir='ltr'>ἀκόντων</span> <span class='ocrx_word' id='word_1_47' title='bbox 1258 847 1482 901; x_wconf 75' lang='grc' dir='ltr'><strong>ἐκείνων</strong></span> <span class='ocrx_word' id='word_1_48' title='bbox 1534 844 1884 916; x_wconf 78' lang='grc' dir='ltr'>ἐμϐαλόντων</span> <span class='ocrx_word' id='word_1_49' title='bbox 1913 860 1965 895; x_wconf 91' lang='grc' dir='ltr'><strong>τι</strong></span> 
     </span>
    </p>
   </div>
   <div class='ocr_carea' id='block_1_10' title="bbox 387 934 1962 1011">
    <p class='ocr_par' dir='ltr' id='par_1_10' title="bbox 387 934 1962 1011">
     <span class='ocr_line' id='line_1_10' title="bbox 387 934 1962 1011; baseline -0.004 -18"><span class='ocrx_word' id='word_1_50' title='bbox 387 942 497 993; x_wconf 85' lang='grc' dir='ltr'><strong>τῶν</strong></span> <span class='ocrx_word' id='word_1_51' title='bbox 528 941 886 1011; x_wconf 75' lang='grc' dir='ltr'>βιαζομένων,</span> <span class='ocrx_word' id='word_1_52' title='bbox 912 938 1021 995; x_wconf 78' lang='grc' dir='ltr'>οἷον</span> <span class='ocrx_word' id='word_1_53' title='bbox 1066 940 1367 995; x_wconf 74' lang='grc' dir='ltr'>λιϐανωτὸν</span> <span class='ocrx_word' id='word_1_54' title='bbox 1400 939 1433 1009; x_wconf 81' lang='grc' dir='ltr'><strong>ἢ</strong></span> <span class='ocrx_word' id='word_1_55' title='bbox 1460 937 1648 1007; x_wconf 69' lang='grc' dir='ltr'>ἔτερόν</span> <span class='ocrx_word' id='word_1_56' title='bbox 1676 954 1727 990; x_wconf 88' lang='grc' dir='ltr'><strong>τι</strong></span> <span class='ocrx_word' id='word_1_57' title='bbox 1755 936 1835 999; x_wconf 77' lang='grc' dir='ltr'><strong>εἰς</strong></span> <span class='ocrx_word' id='word_1_58' title='bbox 1870 934 1962 987; x_wconf 88' lang='grc' dir='ltr'>θυ-</span> 
     </span>
    </p>
   </div>
   <div class='ocr_carea' id='block_1_11' title="bbox 391 1027 1967 1104">
    <p class='ocr_par' dir='ltr' id='par_1_11' title="bbox 391 1027 1967 1104">
     <span class='ocr_line' id='line_1_11' title="bbox 391 1027 1967 1104; baseline -0.004 -17"><span class='ocrx_word' id='word_1_59' title='bbox 391 1035 512 1087; x_wconf 84' lang='grc' dir='ltr'>σίαν</span> <span class='ocrx_word' id='word_1_60' title='bbox 535 1036 649 1097; x_wconf 88' lang='grc' dir='ltr'>τοῖς</span> <span class='ocrx_word' id='word_1_61' title='bbox 683 1034 1102 1104; x_wconf 70' lang='grc' dir='ltr'>εἰδωλολάτραις</span> <span class='ocrx_word' id='word_1_62' title='bbox 1126 1030 1579 1104; x_wconf 65' lang='grc' dir='ltr'>προσαγομένων,</span> <span class='ocrx_word' id='word_1_63' title='bbox 1611 1030 1645 1100; x_wconf 81' lang='grc' dir='ltr'>ἢ</span> <span class='ocrx_word' id='word_1_64' title='bbox 1690 1027 1887 1100; x_wconf 84' lang='grc' dir='ltr'>βρῶμά</span> <span class='ocrx_word' id='word_1_65' title='bbox 1914 1044 1967 1081; x_wconf 87' lang='grc' dir='ltr'><strong>τι</strong></span> 
     </span>
    </p>
   </div>
   <div class='ocr_carea' id='block_1_12' title="bbox 388 1120 1968 1193">
    <p class='ocr_par' dir='ltr' id='par_1_12' title="bbox 388 1120 1968 1193">
     <span class='ocr_line' id='line_1_12' title="bbox 388 1120 1968 1193; baseline -0.002 -17"><span class='ocrx_word' id='word_1_66' title='bbox 388 1125 496 1184; x_wconf 82' lang='grc' dir='ltr'><strong>τῶν</strong></span> <span class='ocrx_word' id='word_1_67' title='bbox 558 1125 924 1179; x_wconf 75' lang='grc' dir='ltr'>εἰδωλοθύτων</span> <span class='ocrx_word' id='word_1_68' title='bbox 956 1126 1288 1193; x_wconf 78' lang='grc' dir='ltr'>δεξαμένους</span> <span class='ocrx_word' id='word_1_69' title='bbox 1335 1127 1417 1187; x_wconf 86' lang='grc' dir='ltr'><strong>είς</strong></span> <span class='ocrx_word' id='word_1_70' title='bbox 1458 1126 1520 1177; x_wconf 72' lang='grc' dir='ltr'><strong>τὸ</strong></span> <span class='ocrx_word' id='word_1_71' title='bbox 1578 1122 1777 1193; x_wconf 80' lang='grc' dir='ltr'>στόμα,</span> <span class='ocrx_word' id='word_1_72' title='bbox 1829 1120 1968 1192; x_wconf 82' lang='grc' dir='ltr'>πρὸς</span> 
     </span>
    </p>
   </div>
   <div class='ocr_carea' id='block_1_13' title="bbox 388 1212 1970 1288">
    <p class='ocr_par' dir='ltr' id='par_1_13' title="bbox 388 1212 1970 1288">
     <span class='ocr_line' id='line_1_13' title="bbox 388 1212 1970 1288; baseline -0.003 -19"><span class='ocrx_word' id='word_1_73' title='bbox 388 1219 637 1287; x_wconf 67' lang='grc' dir='ltr'>ἀναγκης</span> <span class='ocrx_word' id='word_1_74' title='bbox 672 1218 805 1271; x_wconf 84' lang='grc' dir='ltr'>αὐτὸ</span> <span class='ocrx_word' id='word_1_75' title='bbox 832 1218 939 1271; x_wconf 89' lang='grc' dir='ltr'><strong>τῶν</strong></span> <span class='ocrx_word' id='word_1_76' title='bbox 979 1218 1217 1288; x_wconf 85' lang='grc' dir='ltr'>βιαστῶν</span> <span class='ocrx_word' id='word_1_77' title='bbox 1241 1216 1611 1286; x_wconf 74' lang='grc' dir='ltr'>ἐμϐαλόντων,</span> <span class='ocrx_word' id='word_1_78' title='bbox 1639 1215 1767 1279; x_wconf 79' lang='grc' dir='ltr'>τοὺς</span> <span class='ocrx_word' id='word_1_79' title='bbox 1794 1212 1970 1276; x_wconf 80' lang='grc' dir='ltr'>τοιοῦ-</span> 
     </span>
    </p>
   </div>
   <div class='ocr_carea' id='block_1_14' title="bbox 389 1306 1969 1383">
    <p class='ocr_par' dir='ltr' id='par_1_14' title="bbox 389 1306 1969 1383">
     <span class='ocr_line' id='line_1_14' title="bbox 389 1306 1969 1383; baseline -0.003 -22"><span class='ocrx_word' id='word_1_80' title='bbox 389 1309 484 1361; x_wconf 92' lang='grc' dir='ltr'><strong>τόν</strong></span> <span class='ocrx_word' id='word_1_81' title='bbox 536 1311 596 1361; x_wconf 82' lang='grc' dir='ltr'>’τι</span> <span class='ocrx_word' id='word_1_82' title='bbox 653 1308 1030 1383; x_wconf 76' lang='grc' dir='ltr'>πεπονθότας,</span> <span class='ocrx_word' id='word_1_83' title='bbox 1099 1307 1337 1378; x_wconf 78' lang='grc' dir='ltr'>βοῶντας</span> <span class='ocrx_word' id='word_1_84' title='bbox 1394 1307 1451 1360; x_wconf 85' lang='grc' dir='ltr'>δὲ</span> <span class='ocrx_word' id='word_1_85' title='bbox 1496 1307 1669 1360; x_wconf 83' lang='grc' dir='ltr'>διόλου</span> <span class='ocrx_word' id='word_1_86' title='bbox 1718 1309 1798 1360; x_wconf 80' lang='grc' dir='ltr'>ὅτι</span> <span class='ocrx_word' id='word_1_87' title='bbox 1861 1306 1969 1358; x_wconf 79' lang='grc' dir='ltr'>εἰσὶ</span> 
     </span>
    </p>
   </div>
   <div class='ocr_carea' id='block_1_15' title="bbox 392 1399 1967 1472">
    <p class='ocr_par' dir='ltr' id='par_1_15' title="bbox 392 1399 1967 1472">
     <span class='ocr_line' id='line_1_15' title="bbox 392 1399 1967 1472; baseline -0.003 -15"><span class='ocrx_word' id='word_1_88' title='bbox 392 1403 728 1472; x_wconf 70' lang='grc' dir='ltr'>Χριστιανοὶ,</span> <span class='ocrx_word' id='word_1_89' title='bbox 785 1403 879 1457; x_wconf 76' lang='grc' dir='ltr'>καὶ</span> <span class='ocrx_word' id='word_1_90' title='bbox 910 1402 999 1456; x_wconf 77' lang='grc' dir='ltr'>διὰ</span> <span class='ocrx_word' id='word_1_91' title='bbox 1050 1402 1208 1465; x_wconf 78' lang='grc' dir='ltr'>τοῦτο</span> <span class='ocrx_word' id='word_1_92' title='bbox 1254 1400 1608 1465; x_wconf 75' lang='grc' dir='ltr'>πενθοῦντας,</span> <span class='ocrx_word' id='word_1_93' title='bbox 1669 1399 1764 1460; x_wconf 74' lang='grc' dir='ltr'>καὶ</span> <span class='ocrx_word' id='word_1_94' title='bbox 1793 1402 1859 1471; x_wconf 78' lang='grc' dir='ltr'><strong>τῇ</strong></span> <span class='ocrx_word' id='word_1_95' title='bbox 1908 1416 1967 1452; x_wconf 86' lang='grc' dir='ltr'><strong>τε</strong></span> 
     </span>
    </p>
   </div>
   <div class='ocr_carea' id='block_1_16' title="bbox 392 1491 1971 1565">
    <p class='ocr_par' dir='ltr' id='par_1_16' title="bbox 392 1491 1971 1565">
     <span class='ocr_line' id='line_1_16' title="bbox 392 1491 1971 1565; baseline -0.004 -15"><span class='ocrx_word' id='word_1_96' title='bbox 392 1496 702 1565; x_wconf 77' lang='grc' dir='ltr'>καταστολῇ</span> <span class='ocrx_word' id='word_1_97' title='bbox 730 1495 826 1547; x_wconf 72' lang='grc' dir='ltr'>καὶ</span> <span class='ocrx_word' id='word_1_98' title='bbox 848 1494 925 1565; x_wconf 80' lang='grc' dir='ltr'>τῷ</span> <span class='ocrx_word' id='word_1_99' title='bbox 962 1494 1204 1565; x_wconf 85' lang='grc' dir='ltr'>σχήματι</span> <span class='ocrx_word' id='word_1_100' title='bbox 1264 1494 1325 1547; x_wconf 87' lang='grc' dir='ltr'>τὸ</span> <span class='ocrx_word' id='word_1_101' title='bbox 1371 1494 1571 1557; x_wconf 82' lang='grc' dir='ltr'>πένθος</span> <span class='ocrx_word' id='word_1_102' title='bbox 1622 1491 1971 1561; x_wconf 76' lang='grc' dir='ltr'>ἐνδεικνυμέ-</span> 
     </span>
    </p>
   </div>
   <div class='ocr_carea' id='block_1_17' title="bbox 392 1586 1970 1659">
    <p class='ocr_par' dir='ltr' id='par_1_17' title="bbox 392 1586 1970 1659">
     <span class='ocr_line' id='line_1_17' title="bbox 392 1586 1970 1659; baseline -0.002 -19"><span class='ocrx_word' id='word_1_103' title='bbox 392 1605 515 1649; x_wconf 82' lang='grc' dir='ltr'>νους</span> <span class='ocrx_word' id='word_1_104' title='bbox 545 1587 879 1656; x_wconf 73' lang='grc' dir='ltr'>(καταστολὴ</span> <span class='ocrx_word' id='word_1_105' title='bbox 904 1588 959 1642; x_wconf 79' lang='grc' dir='ltr'><strong>δὲ</strong></span> <span class='ocrx_word' id='word_1_106' title='bbox 992 1589 1071 1640; x_wconf 64' lang='lat' dir='ltr'><strong>rbi</strong></span> <span class='ocrx_word' id='word_1_107' title='bbox 1104 1588 1325 1659; x_wconf 74' lang='grc' dir='ltr'>μέτριον</span> <span class='ocrx_word' id='word_1_108' title='bbox 1380 1589 1481 1641; x_wconf 79' lang='grc' dir='ltr'>καὶ</span> <span class='ocrx_word' id='word_1_109' title='bbox 1534 1586 1970 1655; x_wconf 75' lang='grc' dir='ltr'>κατεσταλμένον</span> 
     </span>
    </p>
   </div>
   <div class='ocr_carea' id='block_1_18' title="bbox 390 1677 1967 1751">
    <p class='ocr_par' dir='ltr' id='par_1_18' title="bbox 390 1677 1967 1751">
     <span class='ocr_line' id='line_1_18' title="bbox 390 1677 1967 1751; baseline -0.002 -20"><span class='ocrx_word' id='word_1_110' title='bbox 390 1677 487 1731; x_wconf 83' lang='grc' dir='ltr'>τοῦ</span> <span class='ocrx_word' id='word_1_111' title='bbox 519 1679 683 1748; x_wconf 77' lang='grc' dir='ltr'>ἤθους</span> <span class='ocrx_word' id='word_1_112' title='bbox 738 1679 991 1750; x_wconf 73' lang='grc' dir='ltr'>ὲστὶν),ῆ</span> <span class='ocrx_word' id='word_1_113' title='bbox 1039 1680 1106 1736; x_wconf 81' lang='grc' dir='ltr'>τὰ</span> <span class='ocrx_word' id='word_1_114' title='bbox 1158 1679 1548 1751; x_wconf 76' lang='grc' dir='ltr'>περιόλήματα</span> <span class='ocrx_word' id='word_1_115' title='bbox 1578 1677 1729 1748; x_wconf 73' lang='grc' dir='ltr'>καὶὴ</span> <span class='ocrx_word' id='word_1_116' title='bbox 1764 1677 1923 1748; x_wconf 84' lang='grc' dir='ltr'>στολὴ</span> <span class='ocrx_word' id='word_1_117' title='bbox 1950 1695 1967 1711; x_wconf 89' lang='grc'><strong>·</strong></span> 
     </span>
    </p>
   </div>
   <div class='ocr_carea' id='block_1_19' title="bbox 395 1769 2046 1873">
    <p class='ocr_par' dir='ltr' id='par_1_19' title="bbox 395 1769 2046 1873">
     <span class='ocr_line' id='line_1_19' title="bbox 395 1769 2046 1873; baseline -0.002 -46"><span class='ocrx_word' id='word_1_118' title='bbox 395 1771 582 1840; x_wconf 77' lang='grc' dir='ltr'>σχῆμα</span> <span class='ocrx_word' id='word_1_119' title='bbox 611 1772 689 1835; x_wconf 88' lang='grc' dir='ltr'>δὲ,</span> <span class='ocrx_word' id='word_1_120' title='bbox 722 1773 754 1842; x_wconf 85' lang='grc' dir='ltr'><strong>ἡ</strong></span> <span class='ocrx_word' id='word_1_121' title='bbox 788 1771 989 1837; x_wconf 78' lang='grc' dir='ltr'>ἔξωθεν</span> <span class='ocrx_word' id='word_1_122' title='bbox 1020 1773 1323 1843; x_wconf 64' lang='grc' dir='ltr'>φαινομένη</span> <span class='ocrx_word' id='word_1_123' title='bbox 1350 1773 1649 1842; x_wconf 81' lang='grc' dir='ltr'>κατήφεια,</span> <span class='ocrx_word' id='word_1_124' title='bbox 1675 1771 1774 1842; x_wconf 80' lang='grc' dir='ltr'><strong>τὴν</strong></span> <span class='ocrx_word' id='word_1_125' title='bbox 1790 1769 1971 1843; x_wconf 78' lang='grc' dir='ltr'>λύπην</span> <span class='ocrx_word' id='word_1_126' title='bbox 2003 1817 2046 1873; x_wconf 76' lang='grc' dir='ltr'><strong><em>Β</em></strong></span> 
     </span>
    </p>
   </div>
   <div class='ocr_carea' id='block_1_20' title="bbox 391 1860 1962 1937">
    <p class='ocr_par' dir='ltr' id='par_1_20' title="bbox 391 1860 1962 1937">
     <span class='ocr_line' id='line_1_20' title="bbox 391 1860 1962 1937; baseline 0.002 -24"><span class='ocrx_word' id='word_1_127' title='bbox 391 1860 649 1930; x_wconf 77' lang='grc' dir='ltr'>δηλοῦσα,</span> <span class='ocrx_word' id='word_1_128' title='bbox 680 1862 708 1917; x_wconf 85' lang='grc' dir='ltr'><strong>ὃ</strong></span> <span class='ocrx_word' id='word_1_129' title='bbox 743 1864 836 1916; x_wconf 74' lang='grc' dir='ltr'>καὶ</span> <span class='ocrx_word' id='word_1_130' title='bbox 870 1862 985 1931; x_wconf 81' lang='grc' dir='ltr'>βίου</span> <span class='ocrx_word' id='word_1_131' title='bbox 1046 1863 1416 1935; x_wconf 78' lang='grc' dir='ltr'>ταπεινότητα</span> <span class='ocrx_word' id='word_1_132' title='bbox 1470 1864 1759 1937; x_wconf 79' lang='grc' dir='ltr'>ὠνόμασεν</span> <span class='ocrx_word' id='word_1_133' title='bbox 1810 1865 1839 1916; x_wconf 87' lang='grc' dir='ltr'><strong>ό</strong></span> <span class='ocrx_word' id='word_1_134' title='bbox 1869 1880 1962 1916; x_wconf 86' lang='grc' dir='ltr'>κα-</span> 
     </span>
    </p>
   </div>
   <div class='ocr_carea' id='block_1_21' title="bbox 394 1951 1969 2026">
    <p class='ocr_par' dir='ltr' id='par_1_21' title="bbox 394 1951 1969 2026">
     <span class='ocr_line' id='line_1_21' title="bbox 394 1951 1969 2026; baseline 0.004 -23"><span class='ocrx_word' id='word_1_135' title='bbox 394 1951 496 2007; x_wconf 84' lang='grc' dir='ltr'>νών</span> <span class='ocrx_word' id='word_1_136' title='bbox 530 1968 545 1984; x_wconf 90' lang='grc'><strong>·</strong></span> <span class='ocrx_word' id='word_1_137' title='bbox 596 1953 819 2018; x_wconf 84' lang='grc' dir='ltr'>τούτους</span> <span class='ocrx_word' id='word_1_138' title='bbox 869 1952 963 2009; x_wconf 71' lang='grc' dir='ltr'><strong>οὖν</strong></span> <span class='ocrx_word' id='word_1_139' title='bbox 1016 1956 1183 2025; x_wconf 80' lang='grc' dir='ltr'>μηδὲν</span> <span class='ocrx_word' id='word_1_140' title='bbox 1243 1956 1563 2026; x_wconf 83' lang='grc' dir='ltr'>ἀμαρτῆσαι</span> <span class='ocrx_word' id='word_1_141' title='bbox 1608 1957 1656 2011; x_wconf 83' lang='grc' dir='ltr'>οἱ</span> <span class='ocrx_word' id='word_1_142' title='bbox 1724 1957 1969 2026; x_wconf 82' lang='grc' dir='ltr'>Πατέρες</span> 
     </span>
    </p>
   </div>
   <div class='ocr_carea' id='block_1_22' title="bbox 394 2045 1974 2123">
    <p class='ocr_par' dir='ltr' id='par_1_22' title="bbox 394 2045 1974 2123">
     <span class='ocr_line' id='line_1_22' title="bbox 394 2045 1974 2123; baseline 0.001 -25"><span class='ocrx_word' id='word_1_143' title='bbox 394 2046 558 2114; x_wconf 74' lang='grc' dir='ltr'>φασίν</span> <span class='ocrx_word' id='word_1_144' title='bbox 584 2063 599 2077; x_wconf 87' lang='grc'><strong>·</strong></span> <span class='ocrx_word' id='word_1_145' title='bbox 660 2045 788 2101; x_wconf 70' lang='grc' dir='ltr'>οὗτε</span> <span class='ocrx_word' id='word_1_146' title='bbox 839 2046 948 2118; x_wconf 76' lang='grc' dir='ltr'><strong>γὰρ</strong></span> <span class='ocrx_word' id='word_1_147' title='bbox 976 2047 1040 2100; x_wconf 81' lang='grc' dir='ltr'>τὸ</span> <span class='ocrx_word' id='word_1_148' title='bbox 1069 2046 1419 2123; x_wconf 76' lang='grc' dir='ltr'>εἰδωλόθυτόν</span> <span class='ocrx_word' id='word_1_149' title='bbox 1476 2065 1529 2099; x_wconf 91' lang='grc' dir='ltr'><strong>τι</strong></span> <span class='ocrx_word' id='word_1_150' title='bbox 1554 2047 1790 2110; x_wconf 80' lang='grc' dir='ltr'>ἄκοντας</span> <span class='ocrx_word' id='word_1_151' title='bbox 1821 2048 1974 2113; x_wconf 82' lang='grc' dir='ltr'><strong>δέξα-</strong></span> 
     </span>
    </p>
   </div>
   <div class='ocr_carea' id='block_1_23' title="bbox 394 2138 1972 2209">
    <p class='ocr_par' dir='ltr' id='par_1_23' title="bbox 394 2138 1972 2209">
     <span class='ocr_line' id='line_1_23' title="bbox 394 2138 1972 2209; baseline 0.001 -18"><span class='ocrx_word' id='word_1_152' title='bbox 394 2141 520 2193; x_wconf 83' lang='grc' dir='ltr'>σθαι</span> <span class='ocrx_word' id='word_1_153' title='bbox 554 2140 633 2202; x_wconf 81' lang='grc' dir='ltr'><strong>είς</strong></span> <span class='ocrx_word' id='word_1_154' title='bbox 667 2139 728 2192; x_wconf 79' lang='grc' dir='ltr'>τὸ</span> <span class='ocrx_word' id='word_1_155' title='bbox 790 2140 987 2209; x_wconf 82' lang='grc' dir='ltr'>στόμα,</span> <span class='ocrx_word' id='word_1_156' title='bbox 1043 2138 1168 2192; x_wconf 77' lang='grc' dir='ltr'>οὔτε</span> <span class='ocrx_word' id='word_1_157' title='bbox 1192 2140 1252 2193; x_wconf 81' lang='grc' dir='ltr'>τὸ</span> <span class='ocrx_word' id='word_1_158' title='bbox 1280 2142 1339 2193; x_wconf 78' lang='grc' dir='ltr'>ἐν</span> <span class='ocrx_word' id='word_1_159' title='bbox 1392 2141 1514 2203; x_wconf 78' lang='grc' dir='ltr'>ταῖς</span> <span class='ocrx_word' id='word_1_160' title='bbox 1557 2138 1747 2209; x_wconf 83' lang='grc' dir='ltr'>χερσὶν</span> <span class='ocrx_word' id='word_1_161' title='bbox 1794 2138 1972 2197; x_wconf 77' lang='grc' dir='ltr'>αὐτῶν</span> 
     </span>
    </p>
   </div>
   <div class='ocr_carea' id='block_1_24' title="bbox 394 2230 1974 2306">
    <p class='ocr_par' dir='ltr' id='par_1_24' title="bbox 394 2230 1974 2306">
     <span class='ocr_line' id='line_1_24' title="bbox 394 2230 1974 2306; baseline 0 -23"><span class='ocrx_word' id='word_1_162' title='bbox 394 2230 727 2301; x_wconf 72' lang='grc' dir='ltr'>ἐκϐληθῆναι</span> <span class='ocrx_word' id='word_1_163' title='bbox 766 2230 1063 2284; x_wconf 79' lang='grc' dir='ltr'>λιϐανωτὸν</span> <span class='ocrx_word' id='word_1_164' title='bbox 1096 2231 1343 2306; x_wconf 73' lang='grc' dir='ltr'>ἁμαρτία</span> <span class='ocrx_word' id='word_1_165' title='bbox 1371 2231 1542 2295; x_wconf 77' lang='grc' dir='ltr'>ἐστὶν,</span> <span class='ocrx_word' id='word_1_166' title='bbox 1574 2231 1623 2283; x_wconf 82' lang='grc' dir='ltr'><strong>εί</strong></span> <span class='ocrx_word' id='word_1_167' title='bbox 1653 2232 1849 2293; x_wconf 77' lang='grc' dir='ltr'>ἐκεῖνοι</span> <span class='ocrx_word' id='word_1_168' title='bbox 1879 2230 1974 2283; x_wconf 75' lang='grc' dir='ltr'>καὶ</span> 
     </span>
    </p>
   </div>
   <div class='ocr_carea' id='block_1_25' title="bbox 392 2322 1974 2394">
    <p class='ocr_par' dir='ltr' id='par_1_25' title="bbox 392 2322 1974 2394">
     <span class='ocr_line' id='line_1_25' title="bbox 392 2322 1974 2394; baseline 0.001 -19"><span class='ocrx_word' id='word_1_169' title='bbox 392 2322 596 2383; x_wconf 74' lang='grc' dir='ltr'>τούτων</span> <span class='ocrx_word' id='word_1_170' title='bbox 617 2325 920 2394; x_wconf 84' lang='grc' dir='ltr'>γινομένων</span> <span class='ocrx_word' id='word_1_171' title='bbox 955 2324 1323 2378; x_wconf 76' lang='grc' dir='ltr'>ἐπεκαλοῦντο</span> <span class='ocrx_word' id='word_1_172' title='bbox 1352 2323 1413 2386; x_wconf 80' lang='grc' dir='ltr'>τὸ</span> <span class='ocrx_word' id='word_1_173' title='bbox 1466 2323 1639 2393; x_wconf 75' lang='grc' dir='ltr'>ὄνομα</span> <span class='ocrx_word' id='word_1_174' title='bbox 1696 2323 1791 2377; x_wconf 80' lang='grc' dir='ltr'>τοῦ</span> <span class='ocrx_word' id='word_1_175' title='bbox 1837 2324 1974 2393; x_wconf 72' lang='grc' dir='ltr'>Χριο</span> 
     </span>
    </p>
   </div>
   <div class='ocr_carea' id='block_1_26' title="bbox 398 2398 1974 2489">
    <p class='ocr_par' dir='ltr' id='par_1_26' title="bbox 398 2398 1974 2489">
     <span class='ocr_line' id='line_1_26' title="bbox 398 2398 1974 2489; baseline -0.003 -16"><span class='ocrx_word' id='word_1_176' title='bbox 398 2414 549 2482; x_wconf 79' lang='grc' dir='ltr'>στοῦ,</span> <span class='ocrx_word' id='word_1_177' title='bbox 594 2406 689 2470; x_wconf 75' lang='grc' dir='ltr'>καὶ</span> <span class='ocrx_word' id='word_1_178' title='bbox 733 2416 865 2469; x_wconf 74' lang='grc' dir='ltr'>Θεὸν</span> <span class='ocrx_word' id='word_1_179' title='bbox 914 2398 1230 2487; x_wconf 75' lang='grc' dir='ltr'>ὡμολόγουν</span> <span class='ocrx_word' id='word_1_180' title='bbox 1280 2415 1477 2489; x_wconf 77' lang='grc' dir='ltr'>αὐτόν’</span> <span class='ocrx_word' id='word_1_181' title='bbox 1533 2415 1628 2477; x_wconf 82' lang='grc' dir='ltr'><strong>καὶ</strong></span> <span class='ocrx_word' id='word_1_182' title='bbox 1681 2415 1755 2478; x_wconf 83' lang='grc' dir='ltr'>ὡς</span> <span class='ocrx_word' id='word_1_183' title='bbox 1807 2416 1974 2485; x_wconf 77' lang='grc' dir='ltr'>μηδὲν</span> 
     </span>
    </p>
   </div>
   <div class='ocr_carea' id='block_1_27' title="bbox 402 2508 1974 2581">
    <p class='ocr_par' dir='ltr' id='par_1_27' title="bbox 402 2508 1974 2581">
     <span class='ocr_line' id='line_1_27' title="bbox 402 2508 1974 2581; baseline -0.001 -20"><span class='ocrx_word' id='word_1_184' title='bbox 402 2509 846 2580; x_wconf 76' lang='grc' dir='ltr'>ἁμαρτάνοντας,</span> <span class='ocrx_word' id='word_1_185' title='bbox 880 2511 957 2579; x_wconf 83' lang='grc' dir='ltr'>μὴ</span> <span class='ocrx_word' id='word_1_186' title='bbox 998 2508 1305 2563; x_wconf 77' lang='grc' dir='ltr'>κωλύεσθαι</span> <span class='ocrx_word' id='word_1_187' title='bbox 1348 2508 1447 2576; x_wconf 73' lang='grc' dir='ltr'>τῆς</span> <span class='ocrx_word' id='word_1_188' title='bbox 1485 2508 1771 2581; x_wconf 82' lang='grc' dir='ltr'>κοινωνίας</span> <span class='ocrx_word' id='word_1_189' title='bbox 1833 2524 1974 2578; x_wconf 83' lang='grc' dir='ltr'>παρ-</span> 
     </span>
    </p>
   </div>
   <div class='ocr_carea' id='block_1_28' title="bbox 395 2582 1977 2677">
    <p class='ocr_par' dir='ltr' id='par_1_28' title="bbox 395 2582 1977 2677">
     <span class='ocr_line' id='line_1_28' title="bbox 395 2582 1977 2677; baseline -0.004 -20"><span class='ocrx_word' id='word_1_190' title='bbox 395 2602 770 2669; x_wconf 70' lang='grc' dir='ltr'>εκελεύσαντο.</span> <span class='ocrx_word' id='word_1_191' title='bbox 807 2582 926 2656; x_wconf 60' lang='grc' dir='ltr'>Κᾶν</span> <span class='ocrx_word' id='word_1_192' title='bbox 975 2619 1121 2677; x_wconf 81' lang='grc' dir='ltr'>τινες</span> <span class='ocrx_word' id='word_1_193' title='bbox 1157 2601 1286 2664; x_wconf 74' lang='grc' dir='ltr'>ἴσως</span> <span class='ocrx_word' id='word_1_194' title='bbox 1320 2600 1693 2671; x_wconf 73' lang='grc' dir='ltr'>ἀγνοήσαντες</span> <span class='ocrx_word' id='word_1_195' title='bbox 1716 2600 1775 2652; x_wconf 80' lang='grc' dir='ltr'>τὸ</span> <span class='ocrx_word' id='word_1_196' title='bbox 1806 2614 1977 2668; x_wconf 81' lang='grc' dir='ltr'>προσ-</span> 
     </span>
    </p>
   </div>
   <div class='ocr_carea' id='block_1_29' title="bbox 397 2680 1972 2773">
    <p class='ocr_par' dir='ltr' id='par_1_29' title="bbox 397 2680 1972 2773">
     <span class='ocr_line' id='line_1_29' title="bbox 397 2680 1972 2773; baseline -0.002 -25"><span class='ocrx_word' id='word_1_197' title='bbox 397 2698 553 2766; x_wconf 79' lang='grc' dir='ltr'>ἧκον,</span> <span class='ocrx_word' id='word_1_198' title='bbox 579 2697 613 2769; x_wconf 79' lang='grc' dir='ltr'><strong>ἢ</strong></span> <span class='ocrx_word' id='word_1_199' title='bbox 657 2680 820 2748; x_wconf 77' lang='grc' dir='ltr'>πλέον</span> <span class='ocrx_word' id='word_1_200' title='bbox 845 2694 941 2749; x_wconf 75' lang='grc' dir='ltr'>τοῦ</span> <span class='ocrx_word' id='word_1_201' title='bbox 972 2695 1185 2773; x_wconf 75' lang='grc' dir='ltr'>δέοντος</span> <span class='ocrx_word' id='word_1_202' title='bbox 1211 2692 1327 2764; x_wconf 59' lang='grc' dir='ltr'>τῆς</span> <span class='ocrx_word' id='word_1_203' title='bbox 1356 2693 1645 2764; x_wconf 80' lang='grc' dir='ltr'>ἀκριϐείας</span> <span class='ocrx_word' id='word_1_204' title='bbox 1697 2694 1972 2765; x_wconf 71' lang='grc' dir='ltr'>ἐχόμενοι,</span> 
     </span>
    </p>
   </div>
   <div class='ocr_carea' id='block_1_30' title="bbox 397 2785 1975 2857">
    <p class='ocr_par' dir='ltr' id='par_1_30' title="bbox 397 2785 1975 2857">
     <span class='ocr_line' id='line_1_30' title="bbox 397 2785 1975 2857; baseline -0.003 -16"><span class='ocrx_word' id='word_1_205' title='bbox 397 2787 679 2843; x_wconf 75' lang='grc' dir='ltr'>ἐκώλυσάν</span> <span class='ocrx_word' id='word_1_206' title='bbox 741 2804 895 2851; x_wconf 81' lang='grc' dir='ltr'>τινας</span> <span class='ocrx_word' id='word_1_207' title='bbox 950 2787 1049 2857; x_wconf 79' lang='grc' dir='ltr'>τῆς</span> <span class='ocrx_word' id='word_1_208' title='bbox 1124 2785 1432 2852; x_wconf 79' lang='grc' dir='ltr'>κοινωνίας,</span> <span class='ocrx_word' id='word_1_209' title='bbox 1503 2786 1666 2848; x_wconf 75' lang='grc' dir='ltr'>εὐθὺς</span> <span class='ocrx_word' id='word_1_210' title='bbox 1718 2785 1975 2855; x_wconf 80' lang='grc' dir='ltr'>δεχθῆναι</span> 
     </span>
    </p>
   </div>
   <div class='ocr_carea' id='block_1_31' title="bbox 395 2862 1975 2953">
    <p class='ocr_par' dir='ltr' id='par_1_31' title="bbox 395 2862 1975 2953">
     <span class='ocr_line' id='line_1_31' title="bbox 395 2862 1975 2953; baseline -0.002 -21"><span class='ocrx_word' id='word_1_211' title='bbox 395 2880 618 2942; x_wconf 80' lang='grc' dir='ltr'>τούτους</span> <span class='ocrx_word' id='word_1_212' title='bbox 678 2862 1150 2949; x_wconf 71' lang='grc' dir='ltr'>ὲγνωμοδότησαν,</span> <span class='ocrx_word' id='word_1_213' title='bbox 1180 2866 1296 2953; x_wconf 65' lang='grc' dir='ltr'><strong>¹κᾶν</strong></span> <span class='ocrx_word' id='word_1_214' title='bbox 1351 2896 1411 2930; x_wconf 86' lang='grc' dir='ltr'><strong>τε</strong></span> <span class='ocrx_word' id='word_1_215' title='bbox 1469 2878 1579 2931; x_wconf 90' lang='grc' dir='ltr'><strong>τῶν</strong></span> <span class='ocrx_word' id='word_1_216' title='bbox 1628 2876 1722 2931; x_wconf 81' lang='grc' dir='ltr'>τοῦ</span> <span class='ocrx_word' id='word_1_217' title='bbox 1767 2877 1975 2947; x_wconf 79' lang='grc' dir='ltr'>κλήρου</span> 
     </span>
    </p>
   </div>
   <div class='ocr_carea' id='block_1_32' title="bbox 396 2956 1972 3041">
    <p class='ocr_par' dir='ltr' id='par_1_32' title="bbox 396 2956 1972 3041">
     <span class='ocr_line' id='line_1_32' title="bbox 396 2956 1972 3041; baseline -0.001 -18"><span class='ocrx_word' id='word_1_218' title='bbox 396 2966 559 3041; x_wconf 74' lang='grc' dir='ltr'>ἦσαν,</span> <span class='ocrx_word' id='word_1_219' title='bbox 601 2956 703 3025; x_wconf 69' lang='grc' dir='ltr'>κάν</span> <span class='ocrx_word' id='word_1_220' title='bbox 726 2988 785 3030; x_wconf 84' lang='grc' dir='ltr'><strong>τε</strong></span> <span class='ocrx_word' id='word_1_221' title='bbox 815 2970 1033 3024; x_wconf 85' lang='grc' dir='ltr'>τῶντοῦ</span> <span class='ocrx_word' id='word_1_222' title='bbox 1068 2970 1221 3024; x_wconf 88' lang='grc' dir='ltr'><strong>λαοῦ.</strong></span> <span class='ocrx_word' id='word_1_223' title='bbox 1259 2971 1527 3023; x_wconf 76' lang='grc' dir='ltr'>Τοσοῦτον</span> <span class='ocrx_word' id='word_1_224' title='bbox 1573 2970 1653 3031; x_wconf 78' lang='grc' dir='ltr'>δὲ,</span> <span class='ocrx_word' id='word_1_225' title='bbox 1685 2971 1875 3037; x_wconf 74' lang='grc' dir='ltr'>φασὶν,</span> <span class='ocrx_word' id='word_1_226' title='bbox 1906 2970 1972 3022; x_wconf 81' lang='grc' dir='ltr'>οὐ</span> 
     </span>
    </p>
   </div>
   <div class='ocr_carea' id='block_1_33' title="bbox 397 3060 1974 3132">
    <p class='ocr_par' dir='ltr' id='par_1_33' title="bbox 397 3060 1974 3132">
     <span class='ocr_line' id='line_1_33' title="bbox 397 3060 1974 3132; baseline 0.001 -18"><span class='ocrx_word' id='word_1_227' title='bbox 397 3062 779 3131; x_wconf 76' lang='grc' dir='ltr'>λογισθήσεται</span> <span class='ocrx_word' id='word_1_228' title='bbox 809 3062 877 3116; x_wconf 73' lang='grc' dir='ltr'><strong>τὰ</strong></span> <span class='ocrx_word' id='word_1_229' title='bbox 906 3061 1019 3123; x_wconf 75' lang='grc' dir='ltr'>ἄνω</span> <span class='ocrx_word' id='word_1_230' title='bbox 1048 3063 1317 3132; x_wconf 79' lang='grc' dir='ltr'>εἰρημένα</span> <span class='ocrx_word' id='word_1_231' title='bbox 1348 3063 1431 3124; x_wconf 78' lang='grc' dir='ltr'><strong>είς</strong></span> <span class='ocrx_word' id='word_1_232' title='bbox 1462 3062 1796 3131; x_wconf 84' lang='grc' dir='ltr'>ἁμάρτημα,</span> <span class='ocrx_word' id='word_1_233' title='bbox 1832 3060 1974 3115; x_wconf 76' lang='grc' dir='ltr'>ὥστε</span> 
     </span>
    </p>
   </div>
   <div class='ocr_carea' id='block_1_34' title="bbox 2065 569 3647 640">
    <p class='ocr_par' dir='ltr' id='par_1_34' title="bbox 2065 569 3647 640">
     <span class='ocr_line' id='line_1_34' title="bbox 2065 569 3647 640; baseline 0.004 -18"><span class='ocrx_word' id='word_1_234' title='bbox 2065 577 2332 638; x_wconf 87' lang='lat' dir='ltr'><strong>perpetuo</strong></span> <span class='ocrx_word' id='word_1_235' title='bbox 2365 576 2572 635; x_wconf 83' lang='lat' dir='ltr'><strong>tamen,</strong></span> <span class='ocrx_word' id='word_1_236' title='bbox 2605 569 2857 626; x_wconf 84' lang='lat' dir='ltr'><strong>vestibus</strong></span> <span class='ocrx_word' id='word_1_237' title='bbox 2910 584 3132 640; x_wconf 90' lang='lat' dir='ltr'><strong>quoque</strong></span> <span class='ocrx_word' id='word_1_238' title='bbox 3180 570 3496 630; x_wconf 89' lang='lat' dir='ltr'><strong>dilaceratis</strong></span> <span class='ocrx_word' id='word_1_239' title='bbox 3523 584 3647 631; x_wconf 79' lang='lat' dir='ltr'><strong>eor-</strong></span> 
     </span>
    </p>
   </div>
   <div class='ocr_carea' id='block_1_35' title="bbox 2066 659 3645 736">
    <p class='ocr_par' dir='ltr' id='par_1_35' title="bbox 2066 659 3645 736">
     <span class='ocr_line' id='line_1_35' title="bbox 2066 659 3645 736; baseline 0.006 -22"><span class='ocrx_word' id='word_1_240' title='bbox 2066 660 2303 730; x_wconf 86' lang='lat' dir='ltr'><strong>porique</strong></span> <span class='ocrx_word' id='word_1_241' title='bbox 2331 659 2623 728; x_wconf 86' lang='lat' dir='ltr'><strong>detractis,</strong></span> <span class='ocrx_word' id='word_1_242' title='bbox 2677 675 2800 717; x_wconf 86' lang='lat' dir='ltr'><strong>sese</strong></span> <span class='ocrx_word' id='word_1_243' title='bbox 2833 659 3186 719; x_wconf 88' lang='lat' dir='ltr'><strong>Christianos</strong></span> <span class='ocrx_word' id='word_1_244' title='bbox 3232 679 3355 719; x_wconf 80' lang='lat' dir='ltr'><strong>esse</strong></span> <span class='ocrx_word' id='word_1_245' title='bbox 3408 665 3645 736; x_wconf 78' lang='lat' dir='ltr'><strong>professi</strong></span> 
     </span>
    </p>
   </div>
   <div class='ocr_carea' id='block_1_36' title="bbox 2066 751 3645 826">
    <p class='ocr_par' dir='ltr' id='par_1_36' title="bbox 2066 751 3645 826">
     <span class='ocr_line' id='line_1_36' title="bbox 2066 751 3645 826; baseline 0.004 -20"><span class='ocrx_word' id='word_1_246' title='bbox 2066 758 2234 816; x_wconf 84' lang='lat' dir='ltr'><strong>sunt;</strong></span> <span class='ocrx_word' id='word_1_247' title='bbox 2286 751 2504 807; x_wconf 85' lang='lat' dir='ltr'><strong>etiamsi</strong></span> <span class='ocrx_word' id='word_1_248' title='bbox 2540 752 2625 808; x_wconf 87' lang='lat' dir='ltr'><strong>vel</strong></span> <span class='ocrx_word' id='word_1_249' title='bbox 2657 752 2863 823; x_wconf 91' lang='lat' dir='ltr'><strong>aliquid</strong></span> <span class='ocrx_word' id='word_1_250' title='bbox 2904 767 3002 822; x_wconf 92' lang='lat' dir='ltr'><strong>per</strong></span> <span class='ocrx_word' id='word_1_251' title='bbox 3057 755 3166 808; x_wconf 86' lang='lat' dir='ltr'><strong>vim</strong></span> <span class='ocrx_word' id='word_1_252' title='bbox 3219 760 3645 826; x_wconf 78' lang='lat' dir='ltr'><strong>repugnantium</strong></span> 
     </span>
    </p>
   </div>
   <div class='ocr_carea' id='block_1_37' title="bbox 2067 846 3645 921">
    <p class='ocr_par' dir='ltr' id='par_1_37' title="bbox 2067 846 3645 921">
     <span class='ocr_line' id='line_1_37' title="bbox 2067 846 3645 921; baseline 0.004 -23"><span class='ocrx_word' id='word_1_253' title='bbox 2067 846 2320 901; x_wconf 88' lang='lat' dir='ltr'><strong>manibus</strong></span> <span class='ocrx_word' id='word_1_254' title='bbox 2344 847 2417 902; x_wconf 90' lang='lat' dir='ltr'><strong>sit</strong></span> <span class='ocrx_word' id='word_1_255' title='bbox 2447 846 2732 918; x_wconf 75' lang='lat' dir='ltr'><strong>injectum,</strong></span> <span class='ocrx_word' id='word_1_256' title='bbox 2758 847 2888 903; x_wconf 85' lang='lat' dir='ltr'><strong>thus</strong></span> <span class='ocrx_word' id='word_1_257' title='bbox 2912 848 3166 904; x_wconf 86' lang='lat' dir='ltr'><strong>videlicet</strong></span> <span class='ocrx_word' id='word_1_258' title='bbox 3195 857 3287 905; x_wconf 89' lang='lat' dir='ltr'><strong>aut</strong></span> <span class='ocrx_word' id='word_1_259' title='bbox 3317 850 3463 908; x_wconf 84' lang='lat' dir='ltr'><strong>aliud</strong></span> <span class='ocrx_word' id='word_1_260' title='bbox 3491 852 3645 921; x_wconf 68' lang='lat' dir='ltr'><strong>quid—</strong></span> 
     </span>
    </p>
   </div>
   <div class='ocr_carea' id='block_1_38' title="bbox 2069 934 3644 1009">
    <p class='ocr_par' dir='ltr' id='par_1_38' title="bbox 2069 934 3644 1009">
     <span class='ocr_line' id='line_1_38' title="bbox 2069 934 3644 1009; baseline 0.004 -18"><span class='ocrx_word' id='word_1_261' title='bbox 2069 938 2215 1008; x_wconf 82' lang='lat' dir='ltr'><strong>piam</strong></span> <span class='ocrx_word' id='word_1_262' title='bbox 2258 954 2474 1005; x_wconf 88' lang='lat' dir='ltr'><strong>eorum,</strong></span> <span class='ocrx_word' id='word_1_263' title='bbox 2527 955 2649 1009; x_wconf 75' lang='lat' dir='ltr'><strong>quae</strong></span> <span class='ocrx_word' id='word_1_264' title='bbox 2674 940 2728 993; x_wconf 91' lang='lat' dir='ltr'><strong>in</strong></span> <span class='ocrx_word' id='word_1_265' title='bbox 2760 934 3029 995; x_wconf 82' lang='lat' dir='ltr'><strong>idolorum</strong></span> <span class='ocrx_word' id='word_1_266' title='bbox 3068 940 3357 1001; x_wconf 83' lang='lat' dir='ltr'><strong>sacriﬁciis</strong></span> <span class='ocrx_word' id='word_1_267' title='bbox 3391 942 3644 998; x_wconf 84' lang='lat' dir='ltr'><strong>adhiberi</strong></span> 
     </span>
    </p>
   </div>
   <div class='ocr_carea' id='block_1_39' title="bbox 2069 1028 3644 1104">
    <p class='ocr_par' dir='ltr' id='par_1_39' title="bbox 2069 1028 3644 1104">
     <span class='ocr_line' id='line_1_39' title="bbox 2069 1028 3644 1104; baseline 0.004 -21"><span class='ocrx_word' id='word_1_268' title='bbox 2069 1028 2231 1089; x_wconf 84' lang='lat' dir='ltr'><strong>solita</strong></span> <span class='ocrx_word' id='word_1_269' title='bbox 2260 1040 2413 1094; x_wconf 90' lang='lat' dir='ltr'><strong>sunt,</strong></span> <span class='ocrx_word' id='word_1_270' title='bbox 2450 1030 2536 1085; x_wconf 87' lang='lat' dir='ltr'><strong>vel</strong></span> <span class='ocrx_word' id='word_1_271' title='bbox 2565 1030 2677 1092; x_wconf 86' lang='lat' dir='ltr'><strong>cibi</strong></span> <span class='ocrx_word' id='word_1_272' title='bbox 2724 1029 2933 1100; x_wconf 88' lang='lat' dir='ltr'><strong>aliquid</strong></span> <span class='ocrx_word' id='word_1_273' title='bbox 2965 1046 3032 1086; x_wconf 85' lang='lat' dir='ltr'><strong>ex</strong></span> <span class='ocrx_word' id='word_1_274' title='bbox 3066 1031 3367 1087; x_wconf 72' lang='lat' dir='ltr'><strong>immolatis</strong></span> <span class='ocrx_word' id='word_1_275' title='bbox 3401 1048 3499 1104; x_wconf 87' lang='lat' dir='ltr'><strong>per</strong></span> <span class='ocrx_word' id='word_1_276' title='bbox 3533 1034 3644 1089; x_wconf 81' lang='lat' dir='ltr'><strong>vim</strong></span> 
     </span>
    </p>
   </div>
   <div class='ocr_carea' id='block_1_40' title="bbox 2068 1123 3647 1198">
    <p class='ocr_par' dir='ltr' id='par_1_40' title="bbox 2068 1123 3647 1198">
     <span class='ocr_line' id='line_1_40' title="bbox 2068 1123 3647 1198; baseline 0.005 -21"><span class='ocrx_word' id='word_1_277' title='bbox 2068 1136 2100 1177; x_wconf 87' lang='lat' dir='ltr'><strong>a</strong></span> <span class='ocrx_word' id='word_1_278' title='bbox 2134 1123 2485 1181; x_wconf 86' lang='lat' dir='ltr'><strong>coactoribus</strong></span> <span class='ocrx_word' id='word_1_279' title='bbox 2522 1124 2831 1181; x_wconf 72' lang='lat' dir='ltr'><strong>immissum</strong></span> <span class='ocrx_word' id='word_1_280' title='bbox 2859 1138 2955 1178; x_wconf 91' lang='lat' dir='ltr'><strong>ore</strong></span> <span class='ocrx_word' id='word_1_281' title='bbox 2984 1138 3270 1194; x_wconf 82' lang='lat' dir='ltr'><strong>excepere,</strong></span> <span class='ocrx_word' id='word_1_282' title='bbox 3304 1126 3396 1197; x_wconf 89' lang='lat' dir='ltr'><strong>qui</strong></span> <span class='ocrx_word' id='word_1_283' title='bbox 3434 1128 3647 1198; x_wconf 87' lang='lat' dir='ltr'><strong>aliquid</strong></span> 
     </span>
    </p>
   </div>
   <div class='ocr_carea' id='block_1_41' title="bbox 2068 1212 3648 1290">
    <p class='ocr_par' dir='ltr' id='par_1_41' title="bbox 2068 1212 3648 1290">
     <span class='ocr_line' id='line_1_41' title="bbox 2068 1212 3648 1290; baseline 0.005 -17"><span class='ocrx_word' id='word_1_284' title='bbox 2068 1218 2339 1289; x_wconf 85' lang='lat' dir='ltr'><strong>ejusmodi</strong></span> <span class='ocrx_word' id='word_1_285' title='bbox 2396 1219 2649 1290; x_wconf 84' lang='lat' dir='ltr'><strong>perpessi</strong></span> <span class='ocrx_word' id='word_1_286' title='bbox 2701 1218 2934 1285; x_wconf 79' lang='lat' dir='ltr'><strong>fuerint,</strong></span> <span class='ocrx_word' id='word_1_287' title='bbox 2991 1212 3347 1277; x_wconf 76' lang='lat' dir='ltr'><strong>Christianos</strong></span> <span class='ocrx_word' id='word_1_288' title='bbox 3408 1237 3466 1278; x_wconf 91' lang='lat' dir='ltr'><strong>se</strong></span> <span class='ocrx_word' id='word_1_289' title='bbox 3524 1230 3648 1281; x_wconf 86' lang='lat' dir='ltr'><strong>esse</strong></span> 
     </span>
    </p>
   </div>
   <div class='ocr_carea' id='block_1_42' title="bbox 2070 1308 3647 1386">
    <p class='ocr_par' dir='ltr' id='par_1_42' title="bbox 2070 1308 3647 1386">
     <span class='ocr_line' id='line_1_42' title="bbox 2070 1308 3647 1386; baseline 0.003 -19"><span class='ocrx_word' id='word_1_290' title='bbox 2070 1308 2433 1367; x_wconf 81' lang='lat' dir='ltr'><strong>nihilominus</strong></span> <span class='ocrx_word' id='word_1_291' title='bbox 2474 1311 2684 1367; x_wconf 77' lang='lat' dir='ltr'><strong>interea</strong></span> <span class='ocrx_word' id='word_1_292' title='bbox 2717 1311 3090 1380; x_wconf 85' lang='lat' dir='ltr'><strong>clamitantes,</strong></span> <span class='ocrx_word' id='word_1_293' title='bbox 3130 1322 3297 1384; x_wconf 89' lang='lat' dir='ltr'><strong>atque</strong></span> <span class='ocrx_word' id='word_1_294' title='bbox 3325 1315 3395 1369; x_wconf 90' lang='lat' dir='ltr'><strong>oh</strong></span> <span class='ocrx_word' id='word_1_295' title='bbox 3425 1316 3477 1371; x_wconf 92' lang='lat' dir='ltr'><strong>id</strong></span> <span class='ocrx_word' id='word_1_296' title='bbox 3500 1318 3647 1386; x_wconf 85' lang='lat' dir='ltr'><strong>quod</strong></span> 
     </span>
    </p>
   </div>
   <div class='ocr_carea' id='block_1_43' title="bbox 2073 1400 3651 1469">
    <p class='ocr_par' dir='ltr' id='par_1_43' title="bbox 2073 1400 3651 1469">
     <span class='ocr_line' id='line_1_43' title="bbox 2073 1400 3651 1469; baseline 0.005 -15"><span class='ocrx_word' id='word_1_297' title='bbox 2073 1400 2277 1455; x_wconf 81' lang='lat' dir='ltr'><strong>factum</strong></span> <span class='ocrx_word' id='word_1_298' title='bbox 2311 1401 2417 1457; x_wconf 82' lang='lat' dir='ltr'><strong>fuit</strong></span> <span class='ocrx_word' id='word_1_299' title='bbox 2454 1401 2726 1469; x_wconf 88' lang='lat' dir='ltr'><strong>dolentes,</strong></span> <span class='ocrx_word' id='word_1_300' title='bbox 2762 1418 2827 1457; x_wconf 91' lang='lat' dir='ltr'><strong>ac</strong></span> <span class='ocrx_word' id='word_1_301' title='bbox 2859 1403 3106 1461; x_wconf 83' lang='lat' dir='ltr'><strong>dolorem</strong></span> <span class='ocrx_word' id='word_1_302' title='bbox 3153 1406 3487 1461; x_wconf 88' lang='lat' dir='ltr'><strong>demissione</strong></span> <span class='ocrx_word' id='word_1_303' title='bbox 3549 1408 3651 1462; x_wconf 84' lang='lat' dir='ltr'><strong>ha-</strong></span> 
     </span>
    </p>
   </div>
   <div class='ocr_carea' id='block_1_44' title="bbox 2072 1493 3651 1567">
    <p class='ocr_par' dir='ltr' id='par_1_44' title="bbox 2072 1493 3651 1567">
     <span class='ocr_line' id='line_1_44' title="bbox 2072 1493 3651 1567; baseline 0.006 -19"><span class='ocrx_word' id='word_1_304' title='bbox 2072 1493 2299 1565; x_wconf 88' lang='lat' dir='ltr'><strong>bituque</strong></span> <span class='ocrx_word' id='word_1_305' title='bbox 2325 1508 2437 1564; x_wconf 74' lang='lat' dir='ltr'><strong>prae</strong></span> <span class='ocrx_word' id='word_1_306' title='bbox 2462 1498 2525 1550; x_wconf 78' lang='lat' dir='ltr'><strong>&#39;se</strong></span> <span class='ocrx_word' id='word_1_307' title='bbox 2554 1494 2795 1551; x_wconf 81' lang='lat' dir='ltr'><strong>ferentes</strong></span> <span class='ocrx_word' id='word_1_308' title='bbox 2819 1497 2926 1567; x_wconf 90' lang='lat' dir='ltr'><strong>(est</strong></span> <span class='ocrx_word' id='word_1_309' title='bbox 2956 1507 3136 1554; x_wconf 87' lang='lat' dir='ltr'><strong>autem</strong></span> <span class='ocrx_word' id='word_1_310' title='bbox 3172 1500 3421 1557; x_wconf 81' lang='lat' dir='ltr'><strong>remis‘sio</strong></span> <span class='ocrx_word' id='word_1_311' title='bbox 3463 1498 3651 1557; x_wconf 81' lang='lat' dir='ltr'><strong>Graece</strong></span> 
     </span>
    </p>
   </div>
   <div class='ocr_carea' id='block_1_45' title="bbox 2072 1584 3653 1656">
    <p class='ocr_par' dir='ltr' id='par_1_45' title="bbox 2072 1584 3653 1656">
     <span class='ocr_line' id='line_1_45' title="bbox 2072 1584 3653 1656; baseline 0.006 -19"><span class='ocrx_word' id='word_1_312' title='bbox 2072 1584 2401 1655; x_wconf 82' lang='grc' dir='ltr'>καταστολὴ,</span> <span class='ocrx_word' id='word_1_313' title='bbox 2464 1586 2748 1656; x_wconf 62' lang='lat' dir='ltr'><strong>aequabilis</strong></span> <span class='ocrx_word' id='word_1_314' title='bbox 2779 1601 2845 1642; x_wconf 85' lang='lat' dir='ltr'><strong>ac</strong></span> <span class='ocrx_word' id='word_1_315' title='bbox 2891 1589 3174 1646; x_wconf 85' lang='lat' dir='ltr'><strong>moderata</strong></span> <span class='ocrx_word' id='word_1_316' title='bbox 3228 1605 3437 1644; x_wconf 84' lang='lat' dir='ltr'><strong>morum</strong></span> <span class='ocrx_word' id='word_1_317' title='bbox 3498 1606 3653 1646; x_wconf 87' lang='lat' dir='ltr'><strong>com-</strong></span> 
     </span>
    </p>
   </div>
   <div class='ocr_carea' id='block_1_46' title="bbox 2073 1664 3653 1752">
    <p class='ocr_par' dir='ltr' id='par_1_46' title="bbox 2073 1664 3653 1752">
     <span class='ocr_line' id='line_1_46' title="bbox 2073 1664 3653 1752; baseline 0.005 -22"><span class='ocrx_word' id='word_1_318' title='bbox 2073 1677 2316 1746; x_wconf 75' lang='lat' dir='ltr'><strong>positio;</strong></span> <span class='ocrx_word' id='word_1_319' title='bbox 2370 1677 2623 1746; x_wconf 79' lang='lat' dir='ltr'><strong>quamvis</strong></span> <span class='ocrx_word' id='word_1_320' title='bbox 2674 1664 2869 1734; x_wconf 84' lang='lat' dir='ltr'><strong>eodem</strong></span> <span class='ocrx_word' id='word_1_321' title='bbox 2925 1680 3091 1735; x_wconf 88' lang='lat' dir='ltr'><strong>verbo</strong></span> <span class='ocrx_word' id='word_1_322' title='bbox 3146 1682 3383 1738; x_wconf 81' lang='lat' dir='ltr'><strong>amictus</strong></span> <span class='ocrx_word' id='word_1_323' title='bbox 3433 1682 3653 1752; x_wconf 75' lang='lat' dir='ltr'><strong>quoque</strong></span> 
     </span>
    </p>
   </div>
   <div class='ocr_carea' id='block_1_47' title="bbox 2073 1766 3652 1842">
    <p class='ocr_par' dir='ltr' id='par_1_47' title="bbox 2073 1766 3652 1842">
     <span class='ocr_line' id='line_1_47' title="bbox 2073 1766 3652 1842; baseline 0.004 -19"><span class='ocrx_word' id='word_1_324' title='bbox 2073 1777 2413 1838; x_wconf 83' lang='lat' dir='ltr'><strong>ornatusque</strong></span> <span class='ocrx_word' id='word_1_325' title='bbox 2467 1771 2720 1840; x_wconf 85' lang='lat' dir='ltr'><strong>corporis</strong></span> <span class='ocrx_word' id='word_1_326' title='bbox 2768 1766 3068 1840; x_wconf 72' lang='lat' dir='ltr'><strong>significari</strong></span> <span class='ocrx_word' id='word_1_327' title='bbox 3146 1781 3311 1842; x_wconf 83' lang='lat' dir='ltr'><strong>queat</strong></span> <span class='ocrx_word' id='word_1_328' title='bbox 3365 1791 3378 1827; x_wconf 88' lang='lat'><strong>:</strong></span> <span class='ocrx_word' id='word_1_329' title='bbox 3430 1772 3652 1830; x_wconf 82' lang='lat' dir='ltr'><strong>habitus</strong></span> 
     </span>
    </p>
   </div>
   <div class='ocr_carea' id='block_1_48' title="bbox 2072 1858 3652 1936">
    <p class='ocr_par' dir='ltr' id='par_1_48' title="bbox 2072 1858 3652 1936">
     <span class='ocr_line' id='line_1_48' title="bbox 2072 1858 3652 1936; baseline 0.003 -20"><span class='ocrx_word' id='word_1_330' title='bbox 2072 1877 2227 1928; x_wconf 89' lang='lat' dir='ltr'><strong>vero,</strong></span> <span class='ocrx_word' id='word_1_331' title='bbox 2257 1862 2445 1917; x_wconf 71' lang='lat' dir='ltr'><strong>Graece</strong></span> <span class='ocrx_word' id='word_1_332' title='bbox 2476 1862 2685 1933; x_wconf 77' lang='grc' dir='ltr'>σχῆμα.</span> <span class='ocrx_word' id='word_1_333' title='bbox 2716 1861 2938 1917; x_wconf 82' lang='lat' dir='ltr'><strong>tristitia</strong></span> <span class='ocrx_word' id='word_1_334' title='bbox 2972 1858 3320 1918; x_wconf 78' lang='lat' dir='ltr'><strong>extrinsecus</strong></span> <span class='ocrx_word' id='word_1_335' title='bbox 3358 1880 3652 1936; x_wconf 81' lang='lat' dir='ltr'><strong>apparens,</strong></span> 
     </span>
    </p>
   </div>
   <div class='ocr_carea' id='block_1_49' title="bbox 2072 1949 3653 2027">
    <p class='ocr_par' dir='ltr' id='par_1_49' title="bbox 2072 1949 3653 2027">
     <span class='ocr_line' id='line_1_49' title="bbox 2072 1949 3653 2027; baseline 0.002 -18"><span class='ocrx_word' id='word_1_336' title='bbox 2072 1956 2297 2009; x_wconf 57' lang='lat' dir='ltr'><strong>condite</strong></span> <span class='ocrx_word' id='word_1_337' title='bbox 2327 1968 2468 2024; x_wconf 72' lang='lat' dir='ltr'><strong>rique</strong></span> <span class='ocrx_word' id='word_1_338' title='bbox 2525 1954 2712 2009; x_wconf 90' lang='lat' dir='ltr'><strong>animo</strong></span> <span class='ocrx_word' id='word_1_339' title='bbox 2768 1949 3064 2017; x_wconf 71' lang='lat' dir='ltr'><strong>maerorem</strong></span> <span class='ocrx_word' id='word_1_340' title='bbox 3129 1955 3426 2021; x_wconf 85' lang='lat' dir='ltr'><strong>indicans,</strong></span> <span class='ocrx_word' id='word_1_341' title='bbox 3485 1950 3653 2027; x_wconf 85' lang='lat' dir='ltr'><strong>quam</strong></span> 
     </span>
    </p>
   </div>
   <div class='ocr_carea' id='block_1_50' title="bbox 2070 2043 3653 2119">
    <p class='ocr_par' dir='ltr' id='par_1_50' title="bbox 2070 2043 3653 2119">
     <span class='ocr_line' id='line_1_50' title="bbox 2070 2043 3653 2119; baseline 0.003 -17"><span class='ocrx_word' id='word_1_342' title='bbox 2070 2049 2238 2103; x_wconf 82' lang='lat' dir='ltr'><strong>etiam</strong></span> <span class='ocrx_word' id='word_1_343' title='bbox 2276 2048 2406 2103; x_wconf 66' lang='lat' dir='ltr'><strong>vitae</strong></span> <span class='ocrx_word' id='word_1_344' title='bbox 2458 2047 2823 2103; x_wconf 85' lang='lat' dir='ltr'><strong>humilitatem</strong></span> <span class='ocrx_word' id='word_1_345' title='bbox 2874 2060 3053 2103; x_wconf 88' lang='lat' dir='ltr'><strong>canon</strong></span> <span class='ocrx_word' id='word_1_346' title='bbox 3093 2049 3447 2119; x_wconf 86' lang='lat' dir='ltr'><strong>appellavit);</strong></span> <span class='ocrx_word' id='word_1_347' title='bbox 3483 2047 3550 2104; x_wconf 84' lang='lat' dir='ltr'><strong>ab</strong></span> <span class='ocrx_word' id='word_1_348' title='bbox 3585 2043 3653 2106; x_wconf 85' lang='lat' dir='ltr'><strong>iis</strong></span> 
     </span>
    </p>
   </div>
   <div class='ocr_carea' id='block_1_51' title="bbox 2072 2136 3656 2212">
    <p class='ocr_par' dir='ltr' id='par_1_51' title="bbox 2072 2136 3656 2212">
     <span class='ocr_line' id='line_1_51' title="bbox 2072 2136 3656 2212; baseline 0.003 -21"><span class='ocrx_word' id='word_1_349' title='bbox 2072 2154 2209 2209; x_wconf 64' lang='lat' dir='ltr'><strong>ergo</strong></span> <span class='ocrx_word' id='word_1_350' title='bbox 2242 2138 2379 2193; x_wconf 84' lang='lat' dir='ltr'><strong>nihil</strong></span> <span class='ocrx_word' id='word_1_351' title='bbox 2413 2146 2701 2207; x_wconf 82' lang='lat' dir='ltr'><strong>peccatum</strong></span> <span class='ocrx_word' id='word_1_352' title='bbox 2738 2152 2862 2193; x_wconf 89' lang='lat' dir='ltr'><strong>esse</strong></span> <span class='ocrx_word' id='word_1_353' title='bbox 2893 2136 3086 2194; x_wconf 81' lang='lat' dir='ltr'><strong>Patres</strong></span> <span class='ocrx_word' id='word_1_354' title='bbox 3142 2150 3422 2195; x_wconf 86' lang='lat' dir='ltr'><strong>asserunt.</strong></span> <span class='ocrx_word' id='word_1_355' title='bbox 3470 2139 3656 2212; x_wconf 77' lang='lat' dir='ltr'><strong>Neque</strong></span> 
     </span>
    </p>
   </div>
   <div class='ocr_carea' id='block_1_52' title="bbox 2070 2230 3656 2303">
    <p class='ocr_par' dir='ltr' id='par_1_52' title="bbox 2070 2230 3656 2303">
     <span class='ocr_line' id='line_1_52' title="bbox 2070 2230 3656 2303; baseline 0.001 -16"><span class='ocrx_word' id='word_1_356' title='bbox 2070 2234 2247 2296; x_wconf 89' lang='lat' dir='ltr'><strong>enim,</strong></span> <span class='ocrx_word' id='word_1_357' title='bbox 2277 2231 2425 2301; x_wconf 91' lang='lat' dir='ltr'><strong>quod</strong></span> <span class='ocrx_word' id='word_1_358' title='bbox 2458 2232 2542 2284; x_wconf 87' lang='lat' dir='ltr'><strong>vel</strong></span> <span class='ocrx_word' id='word_1_359' title='bbox 2576 2230 2941 2303; x_wconf 78' lang='lat' dir='ltr'><strong>idolothytum</strong></span> <span class='ocrx_word' id='word_1_360' title='bbox 2971 2245 3068 2285; x_wconf 90' lang='lat' dir='ltr'><strong>ore</strong></span> <span class='ocrx_word' id='word_1_361' title='bbox 3098 2232 3182 2287; x_wconf 87' lang='lat' dir='ltr'><strong>vel</strong></span> <span class='ocrx_word' id='word_1_362' title='bbox 3224 2232 3370 2302; x_wconf 89' lang='lat' dir='ltr'><strong>quod</strong></span> <span class='ocrx_word' id='word_1_363' title='bbox 3403 2236 3529 2290; x_wconf 89' lang='lat' dir='ltr'><strong>thus</strong></span> <span class='ocrx_word' id='word_1_364' title='bbox 3559 2242 3656 2289; x_wconf 88' lang='lat' dir='ltr'><strong>aut</strong></span> 
     </span>
    </p>
   </div>
   <div class='ocr_carea' id='block_1_53' title="bbox 2070 2321 3654 2394">
    <p class='ocr_par' dir='ltr' id='par_1_53' title="bbox 2070 2321 3654 2394">
     <span class='ocr_line' id='line_1_53' title="bbox 2070 2321 3654 2394; baseline 0.003 -16"><span class='ocrx_word' id='word_1_365' title='bbox 2070 2323 2280 2393; x_wconf 82' lang='lat' dir='ltr'><strong>aliquid</strong></span> <span class='ocrx_word' id='word_1_366' title='bbox 2338 2321 2520 2377; x_wconf 86' lang='lat' dir='ltr'><strong>simile</strong></span> <span class='ocrx_word' id='word_1_367' title='bbox 2574 2322 2855 2386; x_wconf 88' lang='lat' dir='ltr'><strong>manibus,</strong></span> <span class='ocrx_word' id='word_1_368' title='bbox 2906 2324 3162 2379; x_wconf 88' lang='lat' dir='ltr'><strong>uolentes</strong></span> <span class='ocrx_word' id='word_1_369' title='bbox 3214 2325 3550 2394; x_wconf 79' lang='lat' dir='ltr'><strong>exceperint,</strong></span> <span class='ocrx_word' id='word_1_370' title='bbox 3600 2326 3654 2382; x_wconf 87' lang='lat' dir='ltr'><strong>id</strong></span> 
     </span>
    </p>
   </div>
   <div class='ocr_carea' id='block_1_54' title="bbox 2075 2412 3655 2483">
    <p class='ocr_par' dir='ltr' id='par_1_54' title="bbox 2075 2412 3655 2483">
     <span class='ocr_line' id='line_1_54' title="bbox 2075 2412 3655 2483; baseline 0.003 -15"><span class='ocrx_word' id='word_1_371' title='bbox 2075 2413 2326 2471; x_wconf 79' lang='lat' dir='ltr'><strong>criminis</strong></span> <span class='ocrx_word' id='word_1_372' title='bbox 2394 2413 2512 2468; x_wconf 86' lang='lat' dir='ltr'><strong>loco</strong></span> <span class='ocrx_word' id='word_1_373' title='bbox 2560 2412 2693 2483; x_wconf 88' lang='lat' dir='ltr'><strong>poni</strong></span> <span class='ocrx_word' id='word_1_374' title='bbox 2733 2412 2932 2480; x_wconf 84' lang='lat' dir='ltr'><strong>debet;</strong></span> <span class='ocrx_word' id='word_1_375' title='bbox 2982 2414 3028 2471; x_wconf 90' lang='lat' dir='ltr'><strong>si</strong></span> <span class='ocrx_word' id='word_1_376' title='bbox 3084 2422 3262 2469; x_wconf 91' lang='lat' dir='ltr'><strong>tamen</strong></span> <span class='ocrx_word' id='word_1_377' title='bbox 3316 2414 3392 2470; x_wconf 92' lang='lat' dir='ltr'><strong>illi</strong></span> <span class='ocrx_word' id='word_1_378' title='bbox 3444 2416 3655 2477; x_wconf 87' lang='lat' dir='ltr'><strong>interea</strong></span> 
     </span>
    </p>
   </div>
   <div class='ocr_carea' id='block_1_55' title="bbox 2076 2503 3653 2579">
    <p class='ocr_par' dir='ltr' id='par_1_55' title="bbox 2076 2503 3653 2579">
     <span class='ocr_line' id='line_1_55' title="bbox 2076 2503 3653 2579; baseline 0.007 -24"><span class='ocrx_word' id='word_1_379' title='bbox 2076 2520 2316 2578; x_wconf 86' lang='lat' dir='ltr'><strong>quoque,</strong></span> <span class='ocrx_word' id='word_1_380' title='bbox 2354 2505 2482 2558; x_wconf 89' lang='lat' dir='ltr'><strong>dum</strong></span> <span class='ocrx_word' id='word_1_381' title='bbox 2518 2506 2637 2563; x_wconf 66' lang='lat' dir='ltr'><strong>haec</strong></span> <span class='ocrx_word' id='word_1_382' title='bbox 2673 2505 2893 2568; x_wconf 80' lang='lat' dir='ltr'><strong>tierent,</strong></span> <span class='ocrx_word' id='word_1_383' title='bbox 2948 2503 3230 2564; x_wconf 85' lang='lat' dir='ltr'><strong>Christum</strong></span> <span class='ocrx_word' id='word_1_384' title='bbox 3281 2508 3653 2579; x_wconf 84' lang='lat' dir='ltr'><strong>appellabant,</strong></span> 
     </span>
    </p>
   </div>
   <div class='ocr_carea' id='block_1_56' title="bbox 2074 2588 3660 2670">
    <p class='ocr_par' dir='ltr' id='par_1_56' title="bbox 2074 2588 3660 2670">
     <span class='ocr_line' id='line_1_56' title="bbox 2074 2588 3660 2670; baseline 0.003 -17"><span class='ocrx_word' id='word_1_385' title='bbox 2074 2598 2238 2670; x_wconf 67' lang='lat'><strong>3&#39;77</strong></span> <span class='ocrx_word' id='word_1_386' title='bbox 2273 2597 2551 2665; x_wconf 90' lang='lat' dir='ltr'><strong>Deumque</strong></span> <span class='ocrx_word' id='word_1_387' title='bbox 2580 2596 2762 2666; x_wconf 81' lang='lat' dir='ltr'><strong>ipsum</strong></span> <span class='ocrx_word' id='word_1_388' title='bbox 2798 2610 2925 2651; x_wconf 87' lang='lat' dir='ltr'><strong>esse</strong></span> <span class='ocrx_word' id='word_1_389' title='bbox 2948 2588 3391 2665; x_wconf 83' lang='lat' dir='ltr'><strong>proﬁtebantur:</strong></span> <span class='ocrx_word' id='word_1_390' title='bbox 3427 2615 3491 2656; x_wconf 89' lang='lat' dir='ltr'><strong>ac</strong></span> <span class='ocrx_word' id='word_1_391' title='bbox 3532 2610 3660 2658; x_wconf 54' lang='lat' dir='ltr'><strong>tan.</strong></span> 
     </span>
    </p>
   </div>
   <div class='ocr_carea' id='block_1_57' title="bbox 2077 2687 3655 2759">
    <p class='ocr_par' dir='ltr' id='par_1_57' title="bbox 2077 2687 3655 2759">
     <span class='ocr_line' id='line_1_57' title="bbox 2077 2687 3655 2759; baseline 0.002 -14"><span class='ocrx_word' id='word_1_392' title='bbox 2077 2706 2241 2757; x_wconf 88' lang='lat' dir='ltr'><strong>quam</strong></span> <span class='ocrx_word' id='word_1_393' title='bbox 2278 2689 2413 2743; x_wconf 89' lang='lat' dir='ltr'><strong>nulli</strong></span> <span class='ocrx_word' id='word_1_394' title='bbox 2442 2689 2619 2759; x_wconf 73' lang='lat' dir='ltr'><strong>culpa:</strong></span> <span class='ocrx_word' id='word_1_395' title='bbox 2650 2687 2864 2755; x_wconf 76' lang='lat' dir='ltr'><strong>amnes,</strong></span> <span class='ocrx_word' id='word_1_396' title='bbox 2916 2689 3066 2745; x_wconf 90' lang='lat' dir='ltr'><strong>nullo</strong></span> <span class='ocrx_word' id='word_1_397' title='bbox 3113 2692 3279 2747; x_wconf 87' lang='lat' dir='ltr'><strong>modo</strong></span> <span class='ocrx_word' id='word_1_398' title='bbox 3328 2706 3359 2745; x_wconf 87' lang='lat' dir='ltr'><strong>a</strong></span> <span class='ocrx_word' id='word_1_399' title='bbox 3407 2707 3655 2749; x_wconf 82' lang='lat' dir='ltr'><strong>commu-</strong></span> 
     </span>
    </p>
   </div>
   <div class='ocr_carea' id='block_1_58' title="bbox 2078 2781 3658 2850">
    <p class='ocr_par' dir='ltr' id='par_1_58' title="bbox 2078 2781 3658 2850">
     <span class='ocr_line' id='line_1_58' title="bbox 2078 2781 3658 2850; baseline 0.004 -12"><span class='ocrx_word' id='word_1_400' title='bbox 2078 2783 2246 2840; x_wconf 90' lang='lat' dir='ltr'><strong>nione</strong></span> <span class='ocrx_word' id='word_1_401' title='bbox 2269 2782 2543 2838; x_wconf 80' lang='lat' dir='ltr'><strong>arcendos</strong></span> <span class='ocrx_word' id='word_1_402' title='bbox 2576 2796 2700 2838; x_wconf 86' lang='lat' dir='ltr'><strong>esse</strong></span> <span class='ocrx_word' id='word_1_403' title='bbox 2731 2781 3057 2838; x_wconf 83' lang='lat' dir='ltr'><strong>deiinivere.</strong></span> <span class='ocrx_word' id='word_1_404' title='bbox 3092 2782 3252 2850; x_wconf 86' lang='lat' dir='ltr'><strong>Quod</strong></span> <span class='ocrx_word' id='word_1_405' title='bbox 3285 2787 3331 2841; x_wconf 92' lang='lat' dir='ltr'><strong>si</strong></span> <span class='ocrx_word' id='word_1_406' title='bbox 3361 2787 3658 2845; x_wconf 90' lang='lat' dir='ltr'><strong>nonnullos</strong></span> 
     </span>
    </p>
   </div>
   <div class='ocr_carea' id='block_1_59' title="bbox 2078 2872 3659 2950">
    <p class='ocr_par' dir='ltr' id='par_1_59' title="bbox 2078 2872 3659 2950">
     <span class='ocr_line' id='line_1_59' title="bbox 2078 2872 3659 2950; baseline 0.003 -20"><span class='ocrx_word' id='word_1_407' title='bbox 2078 2874 2264 2938; x_wconf 85' lang='lat' dir='ltr'><strong>etiam,</strong></span> <span class='ocrx_word' id='word_1_408' title='bbox 2297 2873 2576 2946; x_wconf 69' lang='lat' dir='ltr'><strong>aequitatis</strong></span> <span class='ocrx_word' id='word_1_409' title='bbox 2604 2872 2747 2929; x_wconf 90' lang='lat' dir='ltr'><strong>I&#39;orte</strong></span> <span class='ocrx_word' id='word_1_410' title='bbox 2791 2875 3165 2944; x_wconf 74' lang='lat' dir='ltr'><strong>ignoratione,</strong></span> <span class='ocrx_word' id='word_1_411' title='bbox 3216 2885 3311 2934; x_wconf 89' lang='lat' dir='ltr'><strong>aut</strong></span> <span class='ocrx_word' id='word_1_412' title='bbox 3340 2879 3463 2949; x_wconf 89' lang='lat' dir='ltr'><strong>plus</strong></span> <span class='ocrx_word' id='word_1_413' title='bbox 3505 2879 3659 2950; x_wconf 88' lang='lat' dir='ltr'><strong>justo</strong></span> 
     </span>
    </p>
   </div>
   <div class='ocr_carea' id='block_1_60' title="bbox 2078 2961 3659 3038">
    <p class='ocr_par' dir='ltr' id='par_1_60' title="bbox 2078 2961 3659 3038">
     <span class='ocr_line' id='line_1_60' title="bbox 2078 2961 3659 3038; baseline 0.006 -20"><span class='ocrx_word' id='word_1_414' title='bbox 2078 2966 2457 3035; x_wconf 73' lang='lat' dir='ltr'><strong>diligentiores</strong></span> <span class='ocrx_word' id='word_1_415' title='bbox 2491 2965 2658 3035; x_wconf 79' lang='lat' dir='ltr'><strong>aliqui</strong></span> <span class='ocrx_word' id='word_1_416' title='bbox 2690 2961 3078 3022; x_wconf 84' lang='lat' dir='ltr'><strong>communione</strong></span> <span class='ocrx_word' id='word_1_417' title='bbox 3111 2968 3514 3038; x_wconf 80' lang='lat' dir='ltr'><strong>prohibuerint,</strong></span> <span class='ocrx_word' id='word_1_418' title='bbox 3541 2973 3659 3028; x_wconf 92' lang='lat' dir='ltr'><strong>sivo</strong></span> 
     </span>
    </p>
   </div>
   <div class='ocr_carea' id='block_1_61' title="bbox 2078 3056 3659 3128">
    <p class='ocr_par' dir='ltr' id='par_1_61' title="bbox 2078 3056 3659 3128">
     <span class='ocr_line' id='line_1_61' title="bbox 2078 3056 3659 3128; baseline 0.004 -16"><span class='ocrx_word' id='word_1_419' title='bbox 2078 3072 2108 3112; x_wconf 92' lang='lat' dir='ltr'><strong>e</strong></span> <span class='ocrx_word' id='word_1_420' title='bbox 2138 3060 2286 3112; x_wconf 87' lang='lat' dir='ltr'><strong>clero</strong></span> <span class='ocrx_word' id='word_1_421' title='bbox 2316 3059 2395 3112; x_wconf 91' lang='lat' dir='ltr'><strong>illi</strong></span> <span class='ocrx_word' id='word_1_422' title='bbox 2431 3058 2547 3113; x_wconf 85' lang='lat' dir='ltr'><strong>sive</strong></span> <span class='ocrx_word' id='word_1_423' title='bbox 2577 3073 2607 3113; x_wconf 90' lang='lat' dir='ltr'><strong>e</strong></span> <span class='ocrx_word' id='word_1_424' title='bbox 2640 3058 2845 3128; x_wconf 89' lang='lat' dir='ltr'><strong>populo</strong></span> <span class='ocrx_word' id='word_1_425' title='bbox 2873 3056 3099 3125; x_wconf 77' lang='lat' dir='ltr'><strong>fuerint,</strong></span> <span class='ocrx_word' id='word_1_426' title='bbox 3144 3059 3509 3118; x_wconf 85' lang='lat' dir='ltr'><strong>admittendos</strong></span> <span class='ocrx_word' id='word_1_427' title='bbox 3535 3070 3659 3121; x_wconf 86' lang='lat' dir='ltr'><strong>esse</strong></span> 
     </span>
    </p>
   </div>
   <div class='ocr_carea' id='block_1_62' title="bbox 398 3132 1976 3227">
    <p class='ocr_par' dir='ltr' id='par_1_62' title="bbox 398 3150 1975 3227">
     <span class='ocr_line' id='line_1_62' title="bbox 398 3150 1975 3227; baseline -0.004 -16"><span class='ocrx_word' id='word_1_428' title='bbox 398 3154 500 3211; x_wconf 85' lang='grc' dir='ltr'>κᾶν</span> <span class='ocrx_word' id='word_1_429' title='bbox 528 3154 716 3216; x_wconf 85' lang='grc' dir='ltr'>λαῖκός</span> <span class='ocrx_word' id='word_1_430' title='bbox 744 3150 888 3227; x_wconf 78' lang='grc' dir='ltr'>τιςῇ</span> <span class='ocrx_word' id='word_1_431' title='bbox 927 3156 954 3208; x_wconf 93' lang='grc' dir='ltr'><strong>ό</strong></span> <span class='ocrx_word' id='word_1_432' title='bbox 1006 3153 1179 3207; x_wconf 81' lang='grc' dir='ltr'>ταῦτα</span> <span class='ocrx_word' id='word_1_433' title='bbox 1224 3154 1548 3222; x_wconf 77' lang='grc' dir='ltr'>ὑπομείνας,</span> <span class='ocrx_word' id='word_1_434' title='bbox 1600 3152 1975 3223; x_wconf 78' lang='grc' dir='ltr'>κωλυθήσεται</span> 
     </span>
    </p>
   </div>
   <div class='ocr_carea' id='block_1_63' title="bbox 2077 3132 3658 3227">
    <p class='ocr_par' dir='ltr' id='par_1_63' title="bbox 2081 3151 3658 3226">
     <span class='ocr_line' id='line_1_63' title="bbox 2081 3151 3658 3226; baseline 0.006 -23"><span class='ocrx_word' id='word_1_435' title='bbox 2081 3151 2227 3211; x_wconf 86' lang='lat' dir='ltr'><strong>illico</strong></span> <span class='ocrx_word' id='word_1_436' title='bbox 2286 3151 2601 3207; x_wconf 87' lang='lat' dir='ltr'><strong>decrevere.</strong></span> <span class='ocrx_word' id='word_1_437' title='bbox 2651 3151 2888 3205; x_wconf 87' lang='lat' dir='ltr'><strong>Tantum</strong></span> <span class='ocrx_word' id='word_1_438' title='bbox 2956 3165 3122 3221; x_wconf 87' lang='lat' dir='ltr'><strong>porro</strong></span> <span class='ocrx_word' id='word_1_439' title='bbox 3178 3153 3353 3221; x_wconf 87' lang='lat' dir='ltr'><strong>abest,</strong></span> <span class='ocrx_word' id='word_1_440' title='bbox 3417 3164 3481 3212; x_wconf 92' lang='lat' dir='ltr'><strong>ut</strong></span> <span class='ocrx_word' id='word_1_441' title='bbox 3538 3170 3658 3226; x_wconf 65' lang='lat' dir='ltr'><strong>quae</strong></span> 
     </span>
    </p>
   </div>
   <div class='ocr_carea' id='block_1_64' title="bbox 397 3243 1977 3321">
    <p class='ocr_par' dir='ltr' id='par_1_64' title="bbox 397 3243 1977 3321">
     <span class='ocr_line' id='line_1_64' title="bbox 397 3243 1977 3321; baseline -0.003 -20"><span class='ocrx_word' id='word_1_442' title='bbox 397 3246 486 3301; x_wconf 79' lang='grc' dir='ltr'><strong>διὰ</strong></span> <span class='ocrx_word' id='word_1_443' title='bbox 508 3245 682 3301; x_wconf 80' lang='grc' dir='ltr'>ταῦτα</span> <span class='ocrx_word' id='word_1_444' title='bbox 732 3249 813 3309; x_wconf 84' lang='grc' dir='ltr'><strong>είς</strong></span> <span class='ocrx_word' id='word_1_445' title='bbox 840 3246 1146 3321; x_wconf 78' lang='grc' dir='ltr'>ἱερωσύνην</span> <span class='ocrx_word' id='word_1_446' title='bbox 1190 3245 1648 3316; x_wconf 73' lang='grc' dir='ltr'>προϐιϐασθῆναι,</span> <span class='ocrx_word' id='word_1_447' title='bbox 1716 3246 1764 3297; x_wconf 85' lang='grc' dir='ltr'><strong>εί</strong></span> <span class='ocrx_word' id='word_1_448' title='bbox 1803 3244 1832 3298; x_wconf 88' lang='grc' dir='ltr'><strong>ό</strong></span> <span class='ocrx_word' id='word_1_449' title='bbox 1863 3243 1977 3314; x_wconf 78' lang='grc' dir='ltr'>βίος</span> 
     </span>
    </p>
   </div>
   <div class='ocr_carea' id='block_1_65' title="bbox 403 3332 1975 3411">
    <p class='ocr_par' dir='ltr' id='par_1_65' title="bbox 403 3332 1975 3411">
     <span class='ocr_line' id='line_1_65' title="bbox 403 3332 1975 3411; baseline -0.001 -20"><span class='ocrx_word' id='word_1_450' title='bbox 403 3336 571 3401; x_wconf 81' lang='grc' dir='ltr'>αὑτοῦ</span> <span class='ocrx_word' id='word_1_451' title='bbox 600 3338 628 3394; x_wconf 87' lang='grc' dir='ltr'><strong>ό</strong></span> <span class='ocrx_word' id='word_1_452' title='bbox 658 3337 764 3409; x_wconf 83' lang='grc' dir='ltr'>πρὸ</span> <span class='ocrx_word' id='word_1_453' title='bbox 794 3336 986 3397; x_wconf 86' lang='grc' dir='ltr'>τούτου</span> <span class='ocrx_word' id='word_1_454' title='bbox 1018 3337 1388 3411; x_wconf 77' lang='grc' dir='ltr'>ἀνεπίληπτος</span> <span class='ocrx_word' id='word_1_455' title='bbox 1414 3332 1482 3411; x_wconf 80' lang='grc' dir='ltr'>ἦν</span> <span class='ocrx_word' id='word_1_456' title='bbox 1512 3338 1611 3397; x_wconf 72' lang='grc' dir='ltr'>καὶ</span> <span class='ocrx_word' id='word_1_457' title='bbox 1650 3336 1828 3407; x_wconf 87' lang='grc' dir='ltr'>όρθῶς</span> <span class='ocrx_word' id='word_1_458' title='bbox 1875 3351 1975 3402; x_wconf 62' lang='grc' dir='ltr'>πε-</span> 
     </span>
    </p>
   </div>
   <div class='ocr_carea' id='block_1_66' title="bbox 401 3428 704 3493">
    <p class='ocr_par' dir='ltr' id='par_1_66' title="bbox 401 3428 704 3493">
     <span class='ocr_line' id='line_1_66' title="bbox 401 3428 704 3493; baseline 0.007 -11"><span class='ocrx_word' id='word_1_459' title='bbox 401 3428 704 3493; x_wconf 74' lang='grc' dir='ltr'>πολιτευτο.</span> 
     </span>
    </p>
   </div>
   <div class='ocr_carea' id='block_1_67' title="bbox 400 3678 1978 3762">
    <p class='ocr_par' dir='ltr' id='par_1_67' title="bbox 400 3678 1978 3762">
     <span class='ocr_line' id='line_1_67' title="bbox 400 3678 1978 3762; baseline -0.008 -9"><span class='ocrx_word' id='word_1_460' title='bbox 400 3697 622 3757; x_wconf 74' lang='grc' dir='ltr'><strong>ΑΡΙΣΤ.</strong></span> <span class='ocrx_word' id='word_1_461' title='bbox 677 3713 695 3747; x_wconf 79' lang='grc' dir='ltr'><strong>ι</strong></span> <span class='ocrx_word' id='word_1_462' title='bbox 732 3693 792 3748; x_wconf 86' lang='grc' dir='ltr'><strong>Οί</strong></span> <span class='ocrx_word' id='word_1_463' title='bbox 826 3690 1251 3762; x_wconf 76' lang='grc' dir='ltr'>βασανισθέντες</span> <span class='ocrx_word' id='word_1_464' title='bbox 1280 3688 1374 3747; x_wconf 78' lang='grc' dir='ltr'>καὶ</span> <span class='ocrx_word' id='word_1_465' title='bbox 1420 3678 1736 3759; x_wconf 74' lang='grc' dir='ltr'>βιασθέντες</span> <span class='ocrx_word' id='word_1_466' title='bbox 1759 3689 1978 3759; x_wconf 78' lang='grc' dir='ltr'>ἀληθῶς</span> 
     </span>
    </p>
   </div>
   <div class='ocr_carea' id='block_1_68' title="bbox 482 3781 1976 3858">
    <p class='ocr_par' dir='ltr' id='par_1_68' title="bbox 482 3781 1976 3858">
     <span class='ocr_line' id='line_1_68' title="bbox 482 3781 1976 3858; baseline -0.006 -14"><span class='ocrx_word' id='word_1_467' title='bbox 482 3810 501 3843; x_wconf 75' lang='grc' dir='ltr'><strong>ι</strong></span> <span class='ocrx_word' id='word_1_468' title='bbox 541 3791 639 3844; x_wconf 75' lang='grc' dir='ltr'>καὶ</span> <span class='ocrx_word' id='word_1_469' title='bbox 691 3786 831 3856; x_wconf 85' lang='grc' dir='ltr'>μετά</span> <span class='ocrx_word' id='word_1_470' title='bbox 860 3783 1174 3858; x_wconf 77' lang='grc' dir='ltr'>τυραννίδος</span> <span class='ocrx_word' id='word_1_471' title='bbox 1215 3783 1484 3854; x_wconf 74' lang='grc' dir='ltr'>βρώματα</span> <span class='ocrx_word' id='word_1_472' title='bbox 1529 3782 1788 3846; x_wconf 75' lang='grc' dir='ltr'>λαϐόντες</span> <span class='ocrx_word' id='word_1_473' title='bbox 1820 3781 1976 3845; x_wconf 76' lang='grc' dir='ltr'>εἰδώ-</span> 
     </span>
    </p>
   </div>
   <div class='ocr_carea' id='block_1_69' title="bbox 490 3872 1980 3949">
    <p class='ocr_par' dir='ltr' id='par_1_69' title="bbox 490 3872 1980 3949">
     <span class='ocr_line' id='line_1_69' title="bbox 490 3872 1980 3949; baseline -0.006 -12"><span class='ocrx_word' id='word_1_474' title='bbox 490 3903 509 3941; x_wconf 76' lang='grc' dir='ltr'><strong>ι</strong></span> <span class='ocrx_word' id='word_1_475' title='bbox 546 3885 663 3945; x_wconf 87' lang='grc' dir='ltr'>λου,</span> <span class='ocrx_word' id='word_1_476' title='bbox 715 3872 815 3949; x_wconf 81' lang='grc' dir='ltr'>τῆς</span> <span class='ocrx_word' id='word_1_477' title='bbox 876 3876 1161 3940; x_wconf 77' lang='grc' dir='ltr'>κοινωνίας</span> <span class='ocrx_word' id='word_1_478' title='bbox 1227 3876 1303 3946; x_wconf 82' lang='grc' dir='ltr'><strong>μὴ</strong></span> <span class='ocrx_word' id='word_1_479' title='bbox 1365 3876 1785 3931; x_wconf 80' lang='grc' dir='ltr'>κωλυέσθωσαν.</span> <span class='ocrx_word' id='word_1_480' title='bbox 1869 3875 1980 3929; x_wconf 71' lang='grc' dir='ltr'><strong>Καὶ</strong></span> 
     </span>
    </p>
   </div>
   <div class='ocr_carea' id='block_1_70' title="bbox 485 3966 1981 4039">
    <p class='ocr_par' dir='ltr' id='par_1_70' title="bbox 485 3966 1981 4039">
     <span class='ocr_line' id='line_1_70' title="bbox 485 3966 1981 4039; baseline -0.015 -6"><span class='ocrx_word' id='word_1_481' title='bbox 485 3997 505 4033; x_wconf 67' lang='grc' dir='ltr'>ς</span> <span class='ocrx_word' id='word_1_482' title='bbox 541 3974 725 4035; x_wconf 75' lang='grc' dir='ltr'>λαῖκοὶ</span> <span class='ocrx_word' id='word_1_483' title='bbox 760 3973 816 4026; x_wconf 82' lang='grc' dir='ltr'>δὲ</span> <span class='ocrx_word' id='word_1_484' title='bbox 844 3971 1004 4035; x_wconf 82' lang='grc' dir='ltr'>τοῦτο</span> <span class='ocrx_word' id='word_1_485' title='bbox 1043 3969 1329 4034; x_wconf 81' lang='grc' dir='ltr'>παθόντες,</span> <span class='ocrx_word' id='word_1_486' title='bbox 1376 3970 1451 4033; x_wconf 84' lang='grc' dir='ltr'>ὼς</span> <span class='ocrx_word' id='word_1_487' title='bbox 1478 3969 1631 4022; x_wconf 85' lang='grc' dir='ltr'>οὐδὲν</span> <span class='ocrx_word' id='word_1_488' title='bbox 1666 3966 1981 4039; x_wconf 59' lang='grc' dir='ltr'>ἡμαρτηκά.</span> 
     </span>
    </p>
   </div>
   <div class='ocr_carea' id='block_1_71' title="bbox 494 4062 1979 4136">
    <p class='ocr_par' dir='ltr' id='par_1_71' title="bbox 494 4062 1979 4136">
     <span class='ocr_line' id='line_1_71' title="bbox 494 4062 1979 4136; baseline -0.008 -11"><span class='ocrx_word' id='word_1_489' title='bbox 494 4089 514 4126; x_wconf 79' lang='grc' dir='ltr'><strong>ι</strong></span> <span class='ocrx_word' id='word_1_490' title='bbox 556 4086 667 4135; x_wconf 85' lang='grc' dir='ltr'>τες,</span> <span class='ocrx_word' id='word_1_491' title='bbox 705 4069 753 4122; x_wconf 84' lang='grc' dir='ltr'><strong>εί</strong></span> <span class='ocrx_word' id='word_1_492' title='bbox 825 4064 1102 4136; x_wconf 81' lang='grc' dir='ltr'>βούλοιντο</span> <span class='ocrx_word' id='word_1_493' title='bbox 1134 4062 1473 4134; x_wconf 84' lang='grc' dir='ltr'>χειροτονίας</span> <span class='ocrx_word' id='word_1_494' title='bbox 1509 4064 1714 4133; x_wconf 78' lang='grc' dir='ltr'>τυχεῖν,</span> <span class='ocrx_word' id='word_1_495' title='bbox 1773 4078 1979 4131; x_wconf 86' lang='grc' dir='ltr'>τυγχα-</span> 
     </span>
    </p>
   </div>
   <div class='ocr_carea' id='block_1_72' title="bbox 493 4152 1692 4222">
    <p class='ocr_par' dir='ltr' id='par_1_72' title="bbox 493 4152 1692 4222">
     <span class='ocr_line' id='line_1_72' title="bbox 493 4152 1692 4222; baseline -0.009 -6"><span class='ocrx_word' id='word_1_496' title='bbox 493 4181 514 4216; x_wconf 76' lang='lat' dir='ltr'><strong>r</strong></span> <span class='ocrx_word' id='word_1_497' title='bbox 551 4162 821 4220; x_wconf 83' lang='grc' dir='ltr'>νέτωσαν,</span> <span class='ocrx_word' id='word_1_498' title='bbox 864 4155 1039 4219; x_wconf 81' lang='grc' dir='ltr'>ἄλλως</span> <span class='ocrx_word' id='word_1_499' title='bbox 1070 4155 1429 4222; x_wconf 79' lang='grc' dir='ltr'>ἀνεπίληπτοι</span> <span class='ocrx_word' id='word_1_500' title='bbox 1458 4152 1629 4216; x_wconf 69' lang='grc' dir='ltr'>ὄντες.</span> <span class='ocrx_word' id='word_1_501' title='bbox 1674 4172 1692 4206; x_wconf 75' lang='lat' dir='ltr'><strong>t</strong></span> 
     </span>
    </p>
   </div>
   <div class='ocr_carea' id='block_1_73' title="bbox 475 4242 1979 4323">
    <p class='ocr_par' dir='ltr' id='par_1_73' title="bbox 475 4242 1979 4323">
     <span class='ocr_line' id='line_1_73' title="bbox 475 4242 1979 4323; baseline -0.007 -16"><span class='ocrx_word' id='word_1_502' title='bbox 475 4256 537 4307; x_wconf 79' lang='lat' dir='ltr'><strong>Oi</strong></span> <span class='ocrx_word' id='word_1_503' title='bbox 574 4252 713 4323; x_wconf 73' lang='grc' dir='ltr'>μετὰ</span> <span class='ocrx_word' id='word_1_504' title='bbox 768 4246 1018 4321; x_wconf 76' lang='grc' dir='ltr'>βασάνων</span> <span class='ocrx_word' id='word_1_505' title='bbox 1069 4246 1422 4312; x_wconf 72' lang='grc' dir='ltr'>εἰδωλόθυτον</span> <span class='ocrx_word' id='word_1_506' title='bbox 1466 4245 1662 4318; x_wconf 80' lang='grc' dir='ltr'>βρῶμα</span> <span class='ocrx_word' id='word_1_507' title='bbox 1723 4242 1979 4310; x_wconf 76' lang='grc' dir='ltr'>δέξασθαι</span> 
     </span>
    </p>
   </div>
   <div class='ocr_carea' id='block_1_74' title="bbox 407 4337 1981 4421">
    <p class='ocr_par' dir='ltr' id='par_1_74' title="bbox 407 4337 1981 4421">
     <span class='ocr_line' id='line_1_74' title="bbox 407 4337 1981 4421; baseline -0.008 -18"><span class='ocrx_word' id='word_1_508' title='bbox 407 4347 718 4421; x_wconf 72' lang='grc' dir='ltr'>βιασθέντες</span> <span class='ocrx_word' id='word_1_509' title='bbox 753 4347 863 4401; x_wconf 88' lang='grc' dir='ltr'><strong>τῶν</strong></span> <span class='ocrx_word' id='word_1_510' title='bbox 915 4342 1211 4413; x_wconf 76' lang='grc' dir='ltr'>βιαζόντων</span> <span class='ocrx_word' id='word_1_511' title='bbox 1241 4340 1316 4411; x_wconf 84' lang='grc' dir='ltr'>τῷ</span> <span class='ocrx_word' id='word_1_512' title='bbox 1349 4340 1578 4409; x_wconf 82' lang='grc' dir='ltr'>στόματι</span> <span class='ocrx_word' id='word_1_513' title='bbox 1610 4339 1789 4393; x_wconf 70' lang='grc' dir='ltr'>αὐτῶν</span> <span class='ocrx_word' id='word_1_514' title='bbox 1823 4337 1981 4403; x_wconf 70' lang='grc' dir='ltr'>τοῦτο</span> 
     </span>
    </p>
   </div>
   <div class='ocr_carea' id='block_1_75' title="bbox 405 4430 1979 4514">
    <p class='ocr_par' dir='ltr' id='par_1_75' title="bbox 405 4430 1979 4514">
     <span class='ocr_line' id='line_1_75' title="bbox 405 4430 1979 4514; baseline -0.01 -19"><span class='ocrx_word' id='word_1_515' title='bbox 405 4440 755 4513; x_wconf 68' lang='grc' dir='ltr'>ὶμὸαλόντων</span> <span class='ocrx_word' id='word_1_516' title='bbox 820 4435 960 4505; x_wconf 78' lang='grc' dir='ltr'>μετὰ</span> <span class='ocrx_word' id='word_1_517' title='bbox 1003 4436 1270 4503; x_wconf 80' lang='grc' dir='ltr'>ἀνάγκης,</span> <span class='ocrx_word' id='word_1_518' title='bbox 1340 4433 1603 4514; x_wconf 79' lang='grc' dir='ltr'>ὡσαύτως</span> <span class='ocrx_word' id='word_1_519' title='bbox 1656 4433 1713 4486; x_wconf 81' lang='grc' dir='ltr'>δὲ</span> <span class='ocrx_word' id='word_1_520' title='bbox 1774 4432 1870 4485; x_wconf 74' lang='grc' dir='ltr'>καὶ</span> <span class='ocrx_word' id='word_1_521' title='bbox 1928 4430 1979 4482; x_wconf 88' lang='grc' dir='ltr'>οἱ</span> 
     </span>
    </p>
   </div>
   <div class='ocr_carea' id='block_1_76' title="bbox 406 4524 1981 4603">
    <p class='ocr_par' dir='ltr' id='par_1_76' title="bbox 406 4524 1981 4603">
     <span class='ocr_line' id='line_1_76' title="bbox 406 4524 1981 4603; baseline -0.006 -16"><span class='ocrx_word' id='word_1_522' title='bbox 406 4528 833 4603; x_wconf 84' lang='grc' dir='ltr'>τοιουτοτρόπως</span> <span class='ocrx_word' id='word_1_523' title='bbox 862 4527 1163 4589; x_wconf 76' lang='grc' dir='ltr'>λιϐανωτὸν</span> <span class='ocrx_word' id='word_1_524' title='bbox 1194 4528 1275 4589; x_wconf 87' lang='grc' dir='ltr'><strong>εἰς</strong></span> <span class='ocrx_word' id='word_1_525' title='bbox 1318 4526 1417 4586; x_wconf 73' lang='grc' dir='ltr'><strong>τὰς</strong></span> <span class='ocrx_word' id='word_1_526' title='bbox 1451 4527 1639 4596; x_wconf 79' lang='grc' dir='ltr'>χεῖρας</span> <span class='ocrx_word' id='word_1_527' title='bbox 1682 4524 1861 4579; x_wconf 76' lang='grc' dir='ltr'>αὐτῶν</span> <span class='ocrx_word' id='word_1_528' title='bbox 1897 4524 1981 4583; x_wconf 77' lang='grc' dir='ltr'>δε-</span> 
     </span>
    </p>
   </div>
   <div class='ocr_carea' id='block_1_77' title="bbox 407 4616 1983 4696">
    <p class='ocr_par' dir='ltr' id='par_1_77' title="bbox 407 4616 1983 4696">
     <span class='ocr_line' id='line_1_77' title="bbox 407 4616 1983 4696; baseline -0.007 -17"><span class='ocrx_word' id='word_1_529' title='bbox 407 4625 653 4696; x_wconf 75' lang='grc' dir='ltr'>ξάμενοι,</span> <span class='ocrx_word' id='word_1_530' title='bbox 687 4624 783 4676; x_wconf 67' lang='grc' dir='ltr'>καὶ</span> <span class='ocrx_word' id='word_1_531' title='bbox 810 4622 946 4691; x_wconf 79' lang='grc' dir='ltr'>πρὸς</span> <span class='ocrx_word' id='word_1_532' title='bbox 990 4620 1113 4689; x_wconf 83' lang='grc' dir='ltr'>βίαν</span> <span class='ocrx_word' id='word_1_533' title='bbox 1144 4622 1223 4683; x_wconf 82' lang='grc' dir='ltr'><strong>εἰς</strong></span> <span class='ocrx_word' id='word_1_534' title='bbox 1264 4619 1356 4670; x_wconf 81' lang='grc' dir='ltr'>τὸν</span> <span class='ocrx_word' id='word_1_535' title='bbox 1404 4617 1635 4688; x_wconf 79' lang='grc' dir='ltr'>τρίποδα</span> <span class='ocrx_word' id='word_1_536' title='bbox 1694 4616 1983 4687; x_wconf 69' lang='grc' dir='ltr'>ὲπιρῤίψαι</span> 
     </span>
    </p>
   </div>
   <div class='ocr_carea' id='block_1_78' title="bbox 407 4708 1982 4781">
    <p class='ocr_par' dir='ltr' id='par_1_78' title="bbox 407 4708 1982 4781">
     <span class='ocr_line' id='line_1_78' title="bbox 407 4708 1982 4781; baseline -0.005 -12"><span class='ocrx_word' id='word_1_537' title='bbox 407 4716 567 4768; x_wconf 78' lang='grc' dir='ltr'>τοῦτο</span> <span class='ocrx_word' id='word_1_538' title='bbox 611 4712 1193 4780; x_wconf 66' lang='grc' dir='ltr'>καταναγκασθέντεςν</span> <span class='ocrx_word' id='word_1_539' title='bbox 1255 4708 1646 4781; x_wconf 83' lang='grc' dir='ltr'>ὁμολογοῦντες</span> <span class='ocrx_word' id='word_1_540' title='bbox 1686 4709 1745 4762; x_wconf 86' lang='grc' dir='ltr'>δὲ</span> <span class='ocrx_word' id='word_1_541' title='bbox 1805 4709 1982 4767; x_wconf 79' lang='grc' dir='ltr'>διόλου</span> 
     </span>
    </p>
   </div>
   <div class='ocr_carea' id='block_1_79' title="bbox 409 4794 1984 4876">
    <p class='ocr_par' dir='ltr' id='par_1_79' title="bbox 409 4794 1984 4876">
     <span class='ocr_line' id='line_1_79' title="bbox 409 4794 1984 4876; baseline -0.006 -16"><span class='ocrx_word' id='word_1_542' title='bbox 409 4794 491 4861; x_wconf 70' lang='grc' dir='ltr'>ὅτι</span> <span class='ocrx_word' id='word_1_543' title='bbox 536 4805 642 4858; x_wconf 70' lang='grc' dir='ltr'>εἰσὶ</span> <span class='ocrx_word' id='word_1_544' title='bbox 673 4800 1011 4876; x_wconf 70' lang='grc' dir='ltr'>Χριστιανοὶ,</span> <span class='ocrx_word' id='word_1_545' title='bbox 1044 4805 1138 4856; x_wconf 72' lang='grc' dir='ltr'>καὶ</span> <span class='ocrx_word' id='word_1_546' title='bbox 1196 4802 1391 4855; x_wconf 89' lang='grc' dir='ltr'>τούτου</span> <span class='ocrx_word' id='word_1_547' title='bbox 1425 4796 1757 4870; x_wconf 45' lang='grc' dir='ltr'>συμϐάντος,</span> <span class='ocrx_word' id='word_1_548' title='bbox 1789 4800 1984 4861; x_wconf 81' lang='grc' dir='ltr'>πένθος</span> 
     </span>
    </p>
   </div>
   <div class='ocr_carea' id='block_1_80' title="bbox 408 4890 1987 4965">
    <p class='ocr_par' dir='ltr' id='par_1_80' title="bbox 408 4890 1987 4965">
     <span class='ocr_line' id='line_1_80' title="bbox 408 4890 1987 4965; baseline -0.007 -12"><span class='ocrx_word' id='word_1_549' title='bbox 408 4902 496 4961; x_wconf 73' lang='grc' dir='ltr'><strong>ἀεὶ</strong></span> <span class='ocrx_word' id='word_1_550' title='bbox 518 4895 956 4965; x_wconf 78' lang='grc' dir='ltr'>ἐπιδεικνύμενοι</span> <span class='ocrx_word' id='word_1_551' title='bbox 994 4897 1060 4963; x_wconf 83' lang='grc' dir='ltr'>τῇ</span> <span class='ocrx_word' id='word_1_552' title='bbox 1109 4894 1254 4963; x_wconf 75' lang='grc' dir='ltr'>πάσῃ</span> <span class='ocrx_word' id='word_1_553' title='bbox 1287 4892 1597 4962; x_wconf 79' lang='grc' dir='ltr'>καταστολῇ</span> <span class='ocrx_word' id='word_1_554' title='bbox 1632 4890 1728 4946; x_wconf 73' lang='grc' dir='ltr'>καὶ</span> <span class='ocrx_word' id='word_1_555' title='bbox 1751 4891 1830 4959; x_wconf 82' lang='grc' dir='ltr'>τῷ</span> <span class='ocrx_word' id='word_1_556' title='bbox 1856 4891 1987 4961; x_wconf 76' lang='grc' dir='ltr'>σχή-</span> 
     </span>
    </p>
   </div>
   <div class='ocr_carea' id='block_1_81' title="bbox 414 4975 1987 5061">
    <p class='ocr_par' dir='ltr' id='par_1_81' title="bbox 414 4975 1987 5061">
     <span class='ocr_line' id='line_1_81' title="bbox 414 4975 1987 5061; baseline -0.006 -17"><span class='ocrx_word' id='word_1_557' title='bbox 414 5007 566 5061; x_wconf 78' lang='grc' dir='ltr'>ματι,</span> <span class='ocrx_word' id='word_1_558' title='bbox 597 4990 689 5042; x_wconf 72' lang='grc' dir='ltr'><strong>καὶ</strong></span> <span class='ocrx_word' id='word_1_559' title='bbox 727 4991 795 5057; x_wconf 77' lang='grc' dir='ltr'><strong>τῇ</strong></span> <span class='ocrx_word' id='word_1_560' title='bbox 825 4986 917 5041; x_wconf 82' lang='grc' dir='ltr'>τοῦ</span> <span class='ocrx_word' id='word_1_561' title='bbox 973 4983 1088 5056; x_wconf 81' lang='grc' dir='ltr'>βίου</span> <span class='ocrx_word' id='word_1_562' title='bbox 1118 4982 1494 5053; x_wconf 76' lang='grc' dir='ltr'>ταπεινότητι,</span> <span class='ocrx_word' id='word_1_563' title='bbox 1556 4975 1704 5043; x_wconf 57' lang='grc' dir='ltr'>οὗτοι</span> <span class='ocrx_word' id='word_1_564' title='bbox 1758 4982 1832 5045; x_wconf 85' lang='grc' dir='ltr'>ὡς</span> <span class='ocrx_word' id='word_1_565' title='bbox 1881 4982 1987 5047; x_wconf 75' lang='grc' dir='ltr'><strong>ἔξω</strong></span> 
     </span>
    </p>
   </div>
   <div class='ocr_carea' id='block_1_82' title="bbox 412 5072 1988 5151">
    <p class='ocr_par' dir='ltr' id='par_1_82' title="bbox 412 5072 1988 5151">
     <span class='ocr_line' id='line_1_82' title="bbox 412 5072 1988 5151; baseline -0.014 -6"><span class='ocrx_word' id='word_1_566' title='bbox 412 5079 809 5151; x_wconf 77' lang='grc' dir='ltr'>ἁμαρτήματος</span> <span class='ocrx_word' id='word_1_567' title='bbox 832 5076 1012 5139; x_wconf 70' lang='grc' dir='ltr'><strong>ὄντες,</strong></span> <span class='ocrx_word' id='word_1_568' title='bbox 1059 5075 1161 5145; x_wconf 85' lang='grc' dir='ltr'>τῆς</span> <span class='ocrx_word' id='word_1_569' title='bbox 1200 5075 1491 5139; x_wconf 82' lang='grc' dir='ltr'>κοινωνίας</span> <span class='ocrx_word' id='word_1_570' title='bbox 1544 5075 1618 5146; x_wconf 83' lang='grc' dir='ltr'>μὴ</span> <span class='ocrx_word' id='word_1_571' title='bbox 1665 5072 1988 5127; x_wconf 68' lang='grc' dir='ltr'>κωλυέσθωρ</span> 
     </span>
    </p>
   </div>
   <div class='ocr_carea' id='block_1_83' title="bbox 414 5162 1985 5237">
    <p class='ocr_par' dir='ltr' id='par_1_83' title="bbox 414 5162 1985 5237">
     <span class='ocr_line' id='line_1_83' title="bbox 414 5162 1985 5237; baseline -0.003 -15"><span class='ocrx_word' id='word_1_572' title='bbox 414 5188 538 5233; x_wconf 78' lang='grc' dir='ltr'>σαν,</span> <span class='ocrx_word' id='word_1_573' title='bbox 569 5167 686 5222; x_wconf 75' lang='grc' dir='ltr'>ἀλλ’</span> <span class='ocrx_word' id='word_1_574' title='bbox 709 5169 767 5221; x_wconf 83' lang='grc' dir='ltr'>ὲν</span> <span class='ocrx_word' id='word_1_575' title='bbox 798 5168 864 5237; x_wconf 79' lang='grc' dir='ltr'>τῇ</span> <span class='ocrx_word' id='word_1_576' title='bbox 896 5166 1073 5236; x_wconf 80' lang='grc' dir='ltr'>οἰκείᾳ</span> <span class='ocrx_word' id='word_1_577' title='bbox 1094 5167 1230 5237; x_wconf 79' lang='grc' dir='ltr'>τιμῇ</span> <span class='ocrx_word' id='word_1_578' title='bbox 1266 5166 1600 5234; x_wconf 83' lang='grc' dir='ltr'>μενέτωσαν.</span> <span class='ocrx_word' id='word_1_579' title='bbox 1631 5166 1691 5219; x_wconf 83' lang='lat' dir='ltr'><strong>El</strong></span> <span class='ocrx_word' id='word_1_580' title='bbox 1718 5165 1775 5218; x_wconf 84' lang='grc' dir='ltr'>δὲ</span> <span class='ocrx_word' id='word_1_581' title='bbox 1807 5162 1985 5219; x_wconf 81' lang='grc' dir='ltr'>λαῖκοί</span> 
     </span>
    </p>
   </div>
   <div class='ocr_carea' id='block_1_84' title="bbox 411 5255 1984 5327">
    <p class='ocr_par' dir='ltr' id='par_1_84' title="bbox 411 5255 1984 5327">
     <span class='ocr_line' id='line_1_84' title="bbox 411 5255 1984 5327; baseline -0.005 -15"><span class='ocrx_word' id='word_1_582' title='bbox 411 5264 549 5313; x_wconf 79' lang='grc' dir='ltr'>εἰσιν</span> <span class='ocrx_word' id='word_1_583' title='bbox 579 5261 628 5313; x_wconf 80' lang='lat' dir='ltr'><strong>oi</strong></span> <span class='ocrx_word' id='word_1_584' title='bbox 658 5258 914 5323; x_wconf 80' lang='grc' dir='ltr'>τοιοῦτοι,</span> <span class='ocrx_word' id='word_1_585' title='bbox 947 5259 1042 5311; x_wconf 70' lang='grc' dir='ltr'>καὶ</span> <span class='ocrx_word' id='word_1_586' title='bbox 1078 5255 1356 5327; x_wconf 84' lang='grc' dir='ltr'>βούλοιντο</span> <span class='ocrx_word' id='word_1_587' title='bbox 1397 5256 1735 5325; x_wconf 77' lang='grc' dir='ltr'>χειροτονίας</span> <span class='ocrx_word' id='word_1_588' title='bbox 1783 5257 1984 5323; x_wconf 87' lang='grc' dir='ltr'>τυχεῖν,</span> 
     </span>
    </p>
   </div>
   <div class='ocr_carea' id='block_1_85' title="bbox 409 5342 1984 5416">
    <p class='ocr_par' dir='ltr' id='par_1_85' title="bbox 409 5342 1984 5416">
     <span class='ocr_line' id='line_1_85' title="bbox 409 5342 1984 5416; baseline -0.001 -19"><span class='ocrx_word' id='word_1_589' title='bbox 409 5345 843 5416; x_wconf 69' lang='grc' dir='ltr'>τυγχανέτωσαν,</span> <span class='ocrx_word' id='word_1_590' title='bbox 880 5346 1028 5399; x_wconf 78' lang='grc' dir='ltr'>ὲὰνό</span> <span class='ocrx_word' id='word_1_591' title='bbox 1074 5342 1369 5414; x_wconf 79' lang='grc' dir='ltr'>προλαϐὼν</span> <span class='ocrx_word' id='word_1_592' title='bbox 1424 5343 1540 5412; x_wconf 83' lang='grc' dir='ltr'>βίος</span> <span class='ocrx_word' id='word_1_593' title='bbox 1592 5342 1778 5405; x_wconf 75' lang='grc' dir='ltr'>αὐτῶν</span> <span class='ocrx_word' id='word_1_594' title='bbox 1835 5345 1984 5397; x_wconf 79' lang='grc' dir='ltr'>ἐστιν</span> 
     </span>
    </p>
   </div>
   <div class='ocr_carea' id='block_1_86' title="bbox 410 5434 1986 5507">
    <p class='ocr_par' dir='ltr' id='par_1_86' title="bbox 410 5434 1986 5507">
     <span class='ocr_line' id='line_1_86' title="bbox 410 5434 1986 5507; baseline 0 -16"><span class='ocrx_word' id='word_1_595' title='bbox 410 5437 817 5507; x_wconf 76' lang='grc' dir='ltr'>ἀνεπίληπτοςο</span> <span class='ocrx_word' id='word_1_596' title='bbox 873 5438 938 5488; x_wconf 82' lang='grc' dir='ltr'>ὲκ</span> <span class='ocrx_word' id='word_1_597' title='bbox 984 5435 1176 5489; x_wconf 82' lang='grc' dir='ltr'>τούτου</span> <span class='ocrx_word' id='word_1_598' title='bbox 1228 5436 1392 5505; x_wconf 86' lang='grc' dir='ltr'>μόνου</span> <span class='ocrx_word' id='word_1_599' title='bbox 1449 5435 1512 5489; x_wconf 86' lang='grc' dir='ltr'>οὐ</span> <span class='ocrx_word' id='word_1_600' title='bbox 1573 5434 1986 5506; x_wconf 78' lang='grc' dir='ltr'>κωλυθήσοντᾳι</span> 
     </span>
    </p>
   </div>
   <div class='ocr_carea' id='block_1_87' title="bbox 408 5512 1364 5601">
    <p class='ocr_par' dir='ltr' id='par_1_87' title="bbox 408 5512 1364 5601">
     <span class='ocr_line' id='line_1_87' title="bbox 408 5512 1364 5601; baseline -0.006 -17"><span class='ocrx_word' id='word_1_601' title='bbox 408 5528 511 5601; x_wconf 78' lang='grc' dir='ltr'>τῆς</span> <span class='ocrx_word' id='word_1_602' title='bbox 559 5526 813 5599; x_wconf 81' lang='grc' dir='ltr'>τοιαύτης</span> <span class='ocrx_word' id='word_1_603' title='bbox 842 5512 1122 5597; x_wconf 70' lang='grc' dir='ltr'>ιπιτυχείν</span> <span class='ocrx_word' id='word_1_604' title='bbox 1174 5527 1364 5595; x_wconf 81' lang='grc' dir='ltr'>τιμῆς,</span> 
     </span>
    </p>
   </div>
   <div class='ocr_carea' id='block_1_88' title="bbox 1023 5619 1363 5674">
    <p class='ocr_par' dir='ltr' id='par_1_88' title="bbox 1023 5619 1363 5674">
     <span class='ocr_line' id='line_1_88' title="bbox 1023 5619 1363 5674; baseline 0.003 -2"><span class='ocrx_word' id='word_1_605' title='bbox 1023 5619 1259 5674; x_wconf 80' lang='grc' dir='ltr'><strong>ΚΑΝΩΝ</strong></span> <span class='ocrx_word' id='word_1_606' title='bbox 1289 5619 1363 5673; x_wconf 87' lang='grc' dir='ltr'><strong>Δ’.</strong></span> 
     </span>
    </p>
   </div>
   <div class='ocr_carea' id='block_1_89' title="bbox 417 5710 1987 5783">
    <p class='ocr_par' dir='ltr' id='par_1_89' title="bbox 417 5710 1987 5783">
     <span class='ocr_line' id='line_1_89' title="bbox 417 5710 1987 5783; baseline -0.001 -18"><span class='ocrx_word' id='word_1_607' title='bbox 417 5731 439 5765; x_wconf 73' lang='grc' dir='ltr'><strong>ί</strong></span> <span class='ocrx_word' id='word_1_608' title='bbox 475 5713 615 5783; x_wconf 76' lang='grc' dir='ltr'><strong>Περὶ</strong></span> <span class='ocrx_word' id='word_1_609' title='bbox 647 5712 756 5766; x_wconf 77' lang='grc' dir='ltr'><strong>τῶν</strong></span> <span class='ocrx_word' id='word_1_610' title='bbox 795 5710 933 5782; x_wconf 84' lang='grc' dir='ltr'>πρὸς</span> <span class='ocrx_word' id='word_1_611' title='bbox 972 5710 1095 5781; x_wconf 77' lang='grc' dir='ltr'>βίαν</span> <span class='ocrx_word' id='word_1_612' title='bbox 1125 5710 1428 5778; x_wconf 76' lang='grc' dir='ltr'>θυσάντων,</span> <span class='ocrx_word' id='word_1_613' title='bbox 1458 5711 1551 5765; x_wconf 73' lang='grc' dir='ltr'><strong>ἐπὶ</strong></span> <span class='ocrx_word' id='word_1_614' title='bbox 1572 5710 1627 5764; x_wconf 81' lang='grc' dir='ltr'>δὲ</span> <span class='ocrx_word' id='word_1_615' title='bbox 1663 5710 1873 5775; x_wconf 81' lang='grc' dir='ltr'>τούτοις</span> <span class='ocrx_word' id='word_1_616' title='bbox 1892 5711 1987 5765; x_wconf 72' lang='grc' dir='ltr'><strong>καὶ</strong></span> 
     </span>
    </p>
   </div>
   <div class='ocr_carea' id='block_1_90' title="bbox 488 5794 1987 5874">
    <p class='ocr_par' dir='ltr' id='par_1_90' title="bbox 488 5794 1987 5874">
     <span class='ocr_line' id='line_1_90' title="bbox 488 5794 1987 5874; baseline -0.002 -17"><span class='ocrx_word' id='word_1_617' title='bbox 488 5821 507 5857; x_wconf 77' lang='grc' dir='ltr'><strong>ι</strong></span> <span class='ocrx_word' id='word_1_618' title='bbox 547 5803 651 5859; x_wconf 86' lang='grc' dir='ltr'><strong>τῶν</strong></span> <span class='ocrx_word' id='word_1_619' title='bbox 667 5803 1072 5872; x_wconf 82' lang='grc' dir='ltr'>δειπνησάντων</span> <span class='ocrx_word' id='word_1_620' title='bbox 1095 5805 1174 5868; x_wconf 69' lang='grc' dir='ltr'>εἷς</span> <span class='ocrx_word' id='word_1_621' title='bbox 1200 5805 1267 5860; x_wconf 80' lang='grc' dir='ltr'>τὰ</span> <span class='ocrx_word' id='word_1_622' title='bbox 1295 5794 1492 5858; x_wconf 76' lang='grc' dir='ltr'>εἴδωλα</span> <span class='ocrx_word' id='word_1_623' title='bbox 1517 5802 1629 5857; x_wconf 80' lang='grc' dir='ltr'>ὅσοι</span> <span class='ocrx_word' id='word_1_624' title='bbox 1656 5803 1754 5874; x_wconf 76' lang='grc' dir='ltr'>μὲν</span> <span class='ocrx_word' id='word_1_625' title='bbox 1775 5805 1987 5873; x_wconf 40' lang='grc' dir='ltr'>ἀπαγόε</span> 
     </span>
    </p>
   </div>
   <div class='ocr_carea' id='block_1_91' title="bbox 2009 4478 2060 4547">
    <p class='ocr_par' dir='ltr' id='par_1_91' title="bbox 2009 4478 2060 4547">
     <span class='ocr_line' id='line_1_91' title="bbox 2009 4478 2060 4547; baseline 0 -8"><span class='ocrx_word' id='word_1_626' title='bbox 2009 4478 2060 4547; x_wconf 89' lang='lat' dir='ltr'><strong>D</strong></span> 
     </span>
    </p>
   </div>
   <div class='ocr_carea' id='block_1_92' title="bbox 2080 3242 3657 3317">
    <p class='ocr_par' dir='ltr' id='par_1_92' title="bbox 2080 3242 3657 3317">
     <span class='ocr_line' id='line_1_92' title="bbox 2080 3242 3657 3317; baseline 0.004 -18"><span class='ocrx_word' id='word_1_627' title='bbox 2080 3256 2243 3314; x_wconf 83' lang='lat' dir='ltr'><strong>supra</strong></span> <span class='ocrx_word' id='word_1_628' title='bbox 2280 3243 2862 3307; x_wconf 83' lang='lat' dir='ltr'><strong>commemoravimus,</strong></span> <span class='ocrx_word' id='word_1_629' title='bbox 2889 3242 3107 3298; x_wconf 90' lang='lat' dir='ltr'><strong>crimini</strong></span> <span class='ocrx_word' id='word_1_630' title='bbox 3160 3244 3273 3300; x_wconf 80' lang='lat' dir='ltr'><strong>sint</strong></span> <span class='ocrx_word' id='word_1_631' title='bbox 3300 3248 3570 3317; x_wconf 86' lang='lat' dir='ltr'><strong>ducenda,</strong></span> <span class='ocrx_word' id='word_1_632' title='bbox 3599 3263 3657 3305; x_wconf 90' lang='lat' dir='ltr'><strong>ut</strong></span> 
     </span>
    </p>
   </div>
   <div class='ocr_carea' id='block_1_93' title="bbox 2078 3328 3656 3411">
    <p class='ocr_par' dir='ltr' id='par_1_93' title="bbox 2078 3328 3656 3411">
     <span class='ocr_line' id='line_1_93' title="bbox 2078 3328 3656 3411; baseline 0.004 -22"><span class='ocrx_word' id='word_1_633' title='bbox 2078 3334 2294 3391; x_wconf 85' lang='lat' dir='ltr'><strong>etiamsi</strong></span> <span class='ocrx_word' id='word_1_634' title='bbox 2351 3333 2493 3394; x_wconf 82' lang='lat' dir='ltr'><strong>laico</strong></span> <span class='ocrx_word' id='word_1_635' title='bbox 2546 3333 2753 3388; x_wconf 87' lang='lat' dir='ltr'><strong>homini</strong></span> <span class='ocrx_word' id='word_1_636' title='bbox 2790 3334 3025 3406; x_wconf 81' lang='lat' dir='ltr'><strong>cuipiam</strong></span> <span class='ocrx_word' id='word_1_637' title='bbox 3058 3328 3379 3405; x_wconf 69' lang='lat' dir='ltr'><strong>perferenda</strong></span> <span class='ocrx_word' id='word_1_638' title='bbox 3430 3339 3656 3411; x_wconf 78' lang='lat' dir='ltr'><strong>iuerint,</strong></span> 
     </span>
    </p>
   </div>
   <div class='ocr_carea' id='block_1_94' title="bbox 2080 3424 3655 3498">
    <p class='ocr_par' dir='ltr' id='par_1_94' title="bbox 2080 3424 3655 3498">
     <span class='ocr_line' id='line_1_94' title="bbox 2080 3424 3655 3498; baseline 0.006 -19"><span class='ocrx_word' id='word_1_639' title='bbox 2080 3425 2215 3480; x_wconf 89' lang='lat' dir='ltr'><strong>nihil</strong></span> <span class='ocrx_word' id='word_1_640' title='bbox 2241 3437 2444 3493; x_wconf 83' lang='lat' dir='ltr'><strong>tamen,</strong></span> <span class='ocrx_word' id='word_1_641' title='bbox 2467 3424 2633 3479; x_wconf 86' lang='lat' dir='ltr'><strong>modo</strong></span> <span class='ocrx_word' id='word_1_642' title='bbox 2657 3426 2826 3491; x_wconf 77' lang='lat' dir='ltr'><strong>vitam</strong></span> <span class='ocrx_word' id='word_1_643' title='bbox 2853 3427 3056 3496; x_wconf 88' lang='lat' dir='ltr'><strong>alioqui</strong></span> <span class='ocrx_word' id='word_1_644' title='bbox 3089 3430 3407 3498; x_wconf 81' lang='lat' dir='ltr'><strong>suspicione</strong></span> <span class='ocrx_word' id='word_1_645' title='bbox 3431 3447 3655 3489; x_wconf 88' lang='lat' dir='ltr'><strong>vacuam</strong></span> 
     </span>
    </p>
   </div>
   <div class='ocr_carea' id='block_1_95' title="bbox 2079 3518 3658 3589">
    <p class='ocr_par' dir='ltr' id='par_1_95' title="bbox 2079 3518 3658 3589">
     <span class='ocr_line' id='line_1_95' title="bbox 2079 3518 3658 3589; baseline 0.005 -17"><span class='ocrx_word' id='word_1_646' title='bbox 2079 3533 2144 3573; x_wconf 86' lang='lat' dir='ltr'><strong>ac</strong></span> <span class='ocrx_word' id='word_1_647' title='bbox 2173 3519 2460 3589; x_wconf 83' lang='lat' dir='ltr'><strong>probatam</strong></span> <span class='ocrx_word' id='word_1_648' title='bbox 2491 3518 2821 3582; x_wconf 79' lang='lat' dir='ltr'><strong>traduxerit,</strong></span> <span class='ocrx_word' id='word_1_649' title='bbox 2861 3519 3163 3588; x_wconf 87' lang='lat' dir='ltr'><strong>quominus</strong></span> <span class='ocrx_word' id='word_1_650' title='bbox 3193 3522 3256 3575; x_wconf 87' lang='lat' dir='ltr'><strong>ad</strong></span> <span class='ocrx_word' id='word_1_651' title='bbox 3290 3537 3481 3580; x_wconf 86' lang='lat' dir='ltr'><strong>sacros</strong></span> <span class='ocrx_word' id='word_1_652' title='bbox 3508 3525 3658 3587; x_wconf 64' lang='lat' dir='ltr'><strong>Ul‘di‘.</strong></span> 
     </span>
    </p>
   </div>
   <div class='ocr_carea' id='block_1_96' title="bbox 2082 3610 3058 3687">
    <p class='ocr_par' dir='ltr' id='par_1_96' title="bbox 2082 3610 3058 3687">
     <span class='ocr_line' id='line_1_96' title="bbox 2082 3610 3058 3687; baseline -0.001 -23"><span class='ocrx_word' id='word_1_653' title='bbox 2082 3627 2180 3666; x_wconf 88' lang='lat' dir='ltr'><strong>nes</strong></span> <span class='ocrx_word' id='word_1_654' title='bbox 2214 3610 2375 3687; x_wconf 76' lang='lat' dir='ltr'><strong>evehi</strong></span> <span class='ocrx_word' id='word_1_655' title='bbox 2408 3610 2592 3673; x_wconf 89' lang='lat' dir='ltr'><strong>liceat,</strong></span> <span class='ocrx_word' id='word_1_656' title='bbox 2623 3610 2844 3666; x_wconf 85' lang='lat' dir='ltr'><strong>obstare</strong></span> <span class='ocrx_word' id='word_1_657' title='bbox 2866 3611 3058 3669; x_wconf 83' lang='lat' dir='ltr'><strong>velint.</strong></span> 
     </span>
    </p>
   </div>
   <div class='ocr_carea' id='block_1_97' title="bbox 2080 3700 3657 3777">
    <p class='ocr_par' dir='ltr' id='par_1_97' title="bbox 2080 3700 3657 3777">
     <span class='ocr_line' id='line_1_97' title="bbox 2080 3700 3657 3777; baseline 0.004 -18"><span class='ocrx_word' id='word_1_658' title='bbox 2080 3700 2309 3759; x_wconf 75' lang='lat' dir='ltr'><strong>ARIST.</strong></span> <span class='ocrx_word' id='word_1_659' title='bbox 2350 3719 2369 3755; x_wconf 80' lang='grc' dir='ltr'><strong>ι</strong></span> <span class='ocrx_word' id='word_1_660' title='bbox 2406 3700 2509 3767; x_wconf 84' lang='lat' dir='ltr'><strong>Qui</strong></span> <span class='ocrx_word' id='word_1_661' title='bbox 2546 3701 2833 3760; x_wconf 86' lang='lat' dir='ltr'><strong>tormentis</strong></span> <span class='ocrx_word' id='word_1_662' title='bbox 2862 3702 3092 3771; x_wconf 83' lang='lat' dir='ltr'><strong>subjecti</strong></span> <span class='ocrx_word' id='word_1_663' title='bbox 3120 3710 3174 3757; x_wconf 91' lang='lat' dir='ltr'><strong>et</strong></span> <span class='ocrx_word' id='word_1_664' title='bbox 3222 3702 3328 3759; x_wconf 88' lang='lat' dir='ltr'><strong>&#39;viut</strong></span> <span class='ocrx_word' id='word_1_665' title='bbox 3356 3722 3481 3762; x_wconf 87' lang='lat' dir='ltr'><strong>vere</strong></span> <span class='ocrx_word' id='word_1_666' title='bbox 3512 3713 3657 3777; x_wconf 81' lang='lat' dir='ltr'><strong>passi</strong></span> 
     </span>
    </p>
   </div>
   <div class='ocr_carea' id='block_1_98' title="bbox 2158 3792 3656 3863">
    <p class='ocr_par' dir='ltr' id='par_1_98' title="bbox 2158 3792 3656 3863">
     <span class='ocr_line' id='line_1_98' title="bbox 2158 3792 3656 3863; baseline 0.008 -21"><span class='ocrx_word' id='word_1_667' title='bbox 2158 3810 2177 3842; x_wconf 76' lang='grc' dir='ltr'><strong>ι</strong></span> <span class='ocrx_word' id='word_1_668' title='bbox 2223 3801 2371 3857; x_wconf 89' lang='lat' dir='ltr'><strong>sunt,</strong></span> <span class='ocrx_word' id='word_1_669' title='bbox 2404 3802 2458 3847; x_wconf 88' lang='lat' dir='ltr'><strong>et</strong></span> <span class='ocrx_word' id='word_1_670' title='bbox 2491 3800 2615 3861; x_wconf 91' lang='lat' dir='ltr'><strong>post</strong></span> <span class='ocrx_word' id='word_1_671' title='bbox 2639 3792 2985 3863; x_wconf 86' lang='lat' dir='ltr'><strong>tyrannidem</strong></span> <span class='ocrx_word' id='word_1_672' title='bbox 3014 3795 3195 3849; x_wconf 88' lang='lat' dir='ltr'><strong>cibum</strong></span> <span class='ocrx_word' id='word_1_673' title='bbox 3230 3796 3389 3852; x_wconf 83' lang='lat' dir='ltr'><strong>idolis</strong></span> <span class='ocrx_word' id='word_1_674' title='bbox 3411 3797 3656 3854; x_wconf 85' lang='lat' dir='ltr'><strong>oblatum</strong></span> 
     </span>
    </p>
   </div>
   <div class='ocr_carea' id='block_1_99' title="bbox 2160 3886 3658 3957">
    <p class='ocr_par' dir='ltr' id='par_1_99' title="bbox 2160 3886 3658 3957">
     <span class='ocr_line' id='line_1_99' title="bbox 2160 3886 3658 3957; baseline 0.007 -20"><span class='ocrx_word' id='word_1_675' title='bbox 2160 3904 2179 3941; x_wconf 83' lang='grc' dir='ltr'><strong>ι</strong></span> <span class='ocrx_word' id='word_1_676' title='bbox 2225 3894 2472 3946; x_wconf 84' lang='lat' dir='ltr'><strong>sumunt.</strong></span> <span class='ocrx_word' id='word_1_677' title='bbox 2524 3898 2554 3937; x_wconf 89' lang='lat' dir='ltr'><strong>a</strong></span> <span class='ocrx_word' id='word_1_678' title='bbox 2595 3886 2981 3944; x_wconf 81' lang='lat' dir='ltr'><strong>communione</strong></span> <span class='ocrx_word' id='word_1_679' title='bbox 3014 3901 3082 3940; x_wconf 89' lang='lat' dir='ltr'><strong>ne</strong></span> <span class='ocrx_word' id='word_1_680' title='bbox 3123 3888 3534 3957; x_wconf 83' lang='lat' dir='ltr'><strong>prohibeantur.</strong></span> <span class='ocrx_word' id='word_1_681' title='bbox 3592 3893 3658 3947; x_wconf 88' lang='lat' dir='ltr'><strong>Et</strong></span> 
     </span>
    </p>
   </div>
   <div class='ocr_carea' id='block_1_100' title="bbox 2161 3961 3661 4047">
    <p class='ocr_par' dir='ltr' id='par_1_100' title="bbox 2161 3961 3661 4047">
     <span class='ocr_line' id='line_1_100' title="bbox 2161 3961 3661 4047; baseline 0.006 -19"><span class='ocrx_word' id='word_1_682' title='bbox 2161 3994 2181 4028; x_wconf 74' lang='grc' dir='ltr'><strong>ι</strong></span> <span class='ocrx_word' id='word_1_683' title='bbox 2225 3975 2345 4029; x_wconf 90' lang='lat' dir='ltr'><strong>laici</strong></span> <span class='ocrx_word' id='word_1_684' title='bbox 2379 3976 2481 4029; x_wconf 89' lang='lat' dir='ltr'><strong>hoc</strong></span> <span class='ocrx_word' id='word_1_685' title='bbox 2511 3975 2680 4044; x_wconf 85' lang='lat' dir='ltr'><strong>passi,</strong></span> <span class='ocrx_word' id='word_1_686' title='bbox 2715 3985 2773 4029; x_wconf 91' lang='lat' dir='ltr'><strong>ut</strong></span> <span class='ocrx_word' id='word_1_687' title='bbox 2807 3975 2938 4030; x_wconf 90' lang='lat' dir='ltr'><strong>nihil</strong></span> <span class='ocrx_word' id='word_1_688' title='bbox 2971 3981 3319 4047; x_wconf 73' lang='lat' dir='ltr'><strong>transgressi,</strong></span> <span class='ocrx_word' id='word_1_689' title='bbox 3366 3961 3661 4045; x_wconf 66' lang='lat' dir='ltr'><strong>siord&#39;na-</strong></span> 
     </span>
    </p>
   </div>
   <div class='ocr_carea' id='block_1_101' title="bbox 2161 4067 3659 4141">
    <p class='ocr_par' dir='ltr' id='par_1_101' title="bbox 2161 4067 3659 4141">
     <span class='ocr_line' id='line_1_101' title="bbox 2161 4067 3659 4141; baseline 0.008 -21"><span class='ocrx_word' id='word_1_690' title='bbox 2161 4087 2179 4120; x_wconf 76' lang='grc' dir='ltr'><strong>ι</strong></span> <span class='ocrx_word' id='word_1_691' title='bbox 2225 4071 2425 4127; x_wconf 84' lang='lat' dir='ltr'><strong>tionem</strong></span> <span class='ocrx_word' id='word_1_692' title='bbox 2475 4067 2642 4123; x_wconf 82' lang='lat' dir='ltr'><strong>velint</strong></span> <span class='ocrx_word' id='word_1_693' title='bbox 2684 4067 2969 4137; x_wconf 80' lang='lat' dir='ltr'><strong>consequi,</strong></span> <span class='ocrx_word' id='word_1_694' title='bbox 3022 4082 3451 4141; x_wconf 82' lang='lat' dir='ltr'><strong>consequantur,</strong></span> <span class='ocrx_word' id='word_1_695' title='bbox 3499 4078 3659 4131; x_wconf 85' lang='lat' dir='ltr'><strong>modo</strong></span> 
     </span>
    </p>
   </div>
   <div class='ocr_carea' id='block_1_102' title="bbox 2159 4160 2874 4229">
    <p class='ocr_par' dir='ltr' id='par_1_102' title="bbox 2159 4160 2874 4229">
     <span class='ocr_line' id='line_1_102' title="bbox 2159 4160 2874 4229; baseline 0.003 -18"><span class='ocrx_word' id='word_1_696' title='bbox 2159 4180 2179 4211; x_wconf 75' lang='grc' dir='ltr'><strong>ι</strong></span> <span class='ocrx_word' id='word_1_697' title='bbox 2225 4161 2275 4217; x_wconf 78' lang='lat' dir='ltr'><strong>al</strong></span> <span class='ocrx_word' id='word_1_698' title='bbox 2303 4170 2382 4216; x_wconf 87' lang='lat' dir='ltr'><strong>ter</strong></span> <span class='ocrx_word' id='word_1_699' title='bbox 2416 4160 2672 4229; x_wconf 88' lang='lat' dir='ltr'><strong>inculpati</strong></span> <span class='ocrx_word' id='word_1_700' title='bbox 2703 4161 2830 4215; x_wconf 68' lang='lat' dir='ltr'><strong>sint.</strong></span> <span class='ocrx_word' id='word_1_701' title='bbox 2854 4179 2874 4213; x_wconf 73' lang='grc' dir='ltr'><strong>ι</strong></span> 
     </span>
    </p>
   </div>
   <div class='ocr_carea' id='block_1_103' title="bbox 2154 4250 3656 4317">
    <p class='ocr_par' dir='ltr' id='par_1_103' title="bbox 2154 4250 3656 4317">
     <span class='ocr_line' id='line_1_103' title="bbox 2154 4250 3656 4317; baseline 0.006 -12"><span class='ocrx_word' id='word_1_702' title='bbox 2154 4250 2257 4317; x_wconf 87' lang='lat' dir='ltr'><strong>Qui</strong></span> <span class='ocrx_word' id='word_1_703' title='bbox 2312 4265 2437 4305; x_wconf 89' lang='lat' dir='ltr'><strong>cum</strong></span> <span class='ocrx_word' id='word_1_704' title='bbox 2496 4253 2788 4307; x_wconf 89' lang='lat' dir='ltr'><strong>tormentis</strong></span> <span class='ocrx_word' id='word_1_705' title='bbox 2859 4253 3041 4307; x_wconf 86' lang='lat' dir='ltr'><strong>cibum</strong></span> <span class='ocrx_word' id='word_1_706' title='bbox 3107 4255 3267 4314; x_wconf 85' lang='lat' dir='ltr'><strong>idolis</strong></span> <span class='ocrx_word' id='word_1_707' title='bbox 3318 4255 3656 4317; x_wconf 84' lang='lat' dir='ltr'><strong>immolatum</strong></span> 
     </span>
    </p>
   </div>
   <div class='ocr_carea' id='block_1_104' title="bbox 2085 4342 3659 4417">
    <p class='ocr_par' dir='ltr' id='par_1_104' title="bbox 2085 4342 3659 4417">
     <span class='ocr_line' id='line_1_104' title="bbox 2085 4342 3659 4417; baseline 0.008 -21"><span class='ocrx_word' id='word_1_708' title='bbox 2085 4344 2329 4412; x_wconf 86' lang='lat' dir='ltr'><strong>recipere</strong></span> <span class='ocrx_word' id='word_1_709' title='bbox 2361 4342 2534 4414; x_wconf 80' lang='lat' dir='ltr'><strong>coacti</strong></span> <span class='ocrx_word' id='word_1_710' title='bbox 2565 4354 2712 4407; x_wconf 90' lang='lat' dir='ltr'><strong>sunt,</strong></span> <span class='ocrx_word' id='word_1_711' title='bbox 2747 4344 2895 4407; x_wconf 87' lang='lat' dir='ltr'><strong>istis,</strong></span> <span class='ocrx_word' id='word_1_712' title='bbox 2941 4345 3034 4414; x_wconf 89' lang='lat' dir='ltr'><strong>qui</strong></span> <span class='ocrx_word' id='word_1_713' title='bbox 3070 4361 3167 4401; x_wconf 91' lang='lat' dir='ltr'><strong>eos</strong></span> <span class='ocrx_word' id='word_1_714' title='bbox 3214 4358 3436 4417; x_wconf 82' lang='lat' dir='ltr'><strong>cogunt,</strong></span> <span class='ocrx_word' id='word_1_715' title='bbox 3488 4350 3543 4404; x_wconf 91' lang='lat' dir='ltr'><strong>in</strong></span> <span class='ocrx_word' id='word_1_716' title='bbox 3595 4367 3659 4411; x_wconf 84' lang='lat' dir='ltr'><strong>os</strong></span> 
     </span>
    </p>
   </div>
   <div class='ocr_carea' id='block_1_105' title="bbox 2085 4433 3660 4509">
    <p class='ocr_par' dir='ltr' id='par_1_105' title="bbox 2085 4433 3660 4509">
     <span class='ocr_line' id='line_1_105' title="bbox 2085 4433 3660 4509; baseline 0.006 -20"><span class='ocrx_word' id='word_1_717' title='bbox 2085 4449 2278 4490; x_wconf 89' lang='lat' dir='ltr'><strong>eorum</strong></span> <span class='ocrx_word' id='word_1_718' title='bbox 2331 4433 2463 4488; x_wconf 90' lang='lat' dir='ltr'><strong>illud</strong></span> <span class='ocrx_word' id='word_1_719' title='bbox 2521 4434 2786 4493; x_wconf 88' lang='lat' dir='ltr'><strong>violenter</strong></span> <span class='ocrx_word' id='word_1_720' title='bbox 2834 4435 3230 4509; x_wconf 86' lang='lat' dir='ltr'><strong>injicien‘tibus;</strong></span> <span class='ocrx_word' id='word_1_721' title='bbox 3293 4440 3546 4496; x_wconf 85' lang='lat' dir='ltr'><strong>similiter</strong></span> <span class='ocrx_word' id='word_1_722' title='bbox 3605 4454 3660 4499; x_wconf 91' lang='lat' dir='ltr'><strong>et</strong></span> 
     </span>
    </p>
   </div>
   <div class='ocr_carea' id='block_1_106' title="bbox 2083 4524 3663 4603">
    <p class='ocr_par' dir='ltr' id='par_1_106' title="bbox 2083 4524 3663 4603">
     <span class='ocr_line' id='line_1_106' title="bbox 2083 4524 3663 4603; baseline 0.006 -22"><span class='ocrx_word' id='word_1_723' title='bbox 2083 4525 2128 4581; x_wconf 86' lang='lat' dir='ltr'><strong>si</strong></span> <span class='ocrx_word' id='word_1_724' title='bbox 2183 4525 2310 4579; x_wconf 88' lang='lat' dir='ltr'><strong>thus</strong></span> <span class='ocrx_word' id='word_1_725' title='bbox 2357 4524 2548 4580; x_wconf 87' lang='lat' dir='ltr'><strong>eodem</strong></span> <span class='ocrx_word' id='word_1_726' title='bbox 2602 4526 2764 4579; x_wconf 79' lang='lat' dir='ltr'><strong>modo</strong></span> <span class='ocrx_word' id='word_1_727' title='bbox 2804 4526 2857 4579; x_wconf 91' lang='lat' dir='ltr'><strong>in</strong></span> <span class='ocrx_word' id='word_1_728' title='bbox 2900 4539 3095 4583; x_wconf 87' lang='lat' dir='ltr'><strong>manus</strong></span> <span class='ocrx_word' id='word_1_729' title='bbox 3126 4532 3255 4584; x_wconf 84' lang='lat' dir='ltr'><strong>suas</strong></span> <span class='ocrx_word' id='word_1_730' title='bbox 3288 4531 3571 4600; x_wconf 89' lang='lat' dir='ltr'><strong>recipiant,</strong></span> <span class='ocrx_word' id='word_1_731' title='bbox 3606 4543 3663 4603; x_wconf 67' lang='lat' dir='ltr'><strong>et</strong></span> 
     </span>
    </p>
   </div>
   <div class='ocr_carea' id='block_1_107' title="bbox 2087 4616 3661 4693">
    <p class='ocr_par' dir='ltr' id='par_1_107' title="bbox 2087 4616 3661 4693">
     <span class='ocr_line' id='line_1_107' title="bbox 2087 4616 3661 4693; baseline 0.006 -24"><span class='ocrx_word' id='word_1_732' title='bbox 2087 4616 2220 4678; x_wconf 75' lang='lat' dir='ltr'><strong>illud</strong></span> <span class='ocrx_word' id='word_1_733' title='bbox 2263 4631 2357 4684; x_wconf 84' lang='lat' dir='ltr'><strong>per</strong></span> <span class='ocrx_word' id='word_1_734' title='bbox 2383 4617 2489 4671; x_wconf 89' lang='lat' dir='ltr'><strong>vim</strong></span> <span class='ocrx_word' id='word_1_735' title='bbox 2521 4616 2573 4670; x_wconf 90' lang='lat' dir='ltr'><strong>in</strong></span> <span class='ocrx_word' id='word_1_736' title='bbox 2606 4617 2874 4690; x_wconf 84' lang='lat' dir='ltr'><strong>tripodem</strong></span> <span class='ocrx_word' id='word_1_737' title='bbox 2922 4619 3146 4688; x_wconf 87' lang='lat' dir='ltr'><strong>injicere</strong></span> <span class='ocrx_word' id='word_1_738' title='bbox 3188 4625 3455 4691; x_wconf 89' lang='lat' dir='ltr'><strong>compulsi</strong></span> <span class='ocrx_word' id='word_1_739' title='bbox 3509 4626 3661 4693; x_wconf 86' lang='lat' dir='ltr'><strong>sint;</strong></span> 
     </span>
    </p>
   </div>
   <div class='ocr_carea' id='block_1_108' title="bbox 2086 4704 3663 4780">
    <p class='ocr_par' dir='ltr' id='par_1_108' title="bbox 2086 4704 3663 4780">
     <span class='ocr_line' id='line_1_108' title="bbox 2086 4704 3663 4780; baseline 0.006 -20"><span class='ocrx_word' id='word_1_740' title='bbox 2086 4706 2180 4761; x_wconf 90' lang='lat' dir='ltr'><strong>scd</strong></span> <span class='ocrx_word' id='word_1_741' title='bbox 2214 4704 2545 4761; x_wconf 82' lang='lat' dir='ltr'><strong>conﬁtentur</strong></span> <span class='ocrx_word' id='word_1_742' title='bbox 2573 4709 2799 4762; x_wconf 89' lang='lat' dir='ltr'><strong>omnino</strong></span> <span class='ocrx_word' id='word_1_743' title='bbox 2823 4724 2884 4765; x_wconf 91' lang='lat' dir='ltr'><strong>se</strong></span> <span class='ocrx_word' id='word_1_744' title='bbox 2915 4725 3037 4765; x_wconf 89' lang='lat' dir='ltr'><strong>esse</strong></span> <span class='ocrx_word' id='word_1_745' title='bbox 3061 4712 3424 4780; x_wconf 85' lang='lat' dir='ltr'><strong>Christianos,</strong></span> <span class='ocrx_word' id='word_1_746' title='bbox 3455 4726 3508 4770; x_wconf 90' lang='lat' dir='ltr'><strong>et</strong></span> <span class='ocrx_word' id='word_1_747' title='bbox 3538 4731 3663 4773; x_wconf 90' lang='lat' dir='ltr'><strong>cum</strong></span> 
     </span>
    </p>
   </div>
   <div class='ocr_carea' id='block_1_109' title="bbox 2087 4797 3662 4875">
    <p class='ocr_par' dir='ltr' id='par_1_109' title="bbox 2087 4797 3662 4875">
     <span class='ocr_line' id='line_1_109' title="bbox 2087 4797 3662 4875; baseline 0.008 -24"><span class='ocrx_word' id='word_1_748' title='bbox 2087 4798 2193 4857; x_wconf 81' lang='lat' dir='ltr'><strong>hoc</strong></span> <span class='ocrx_word' id='word_1_749' title='bbox 2249 4797 2557 4869; x_wconf 77' lang='lat' dir='ltr'><strong>contigerit,</strong></span> <span class='ocrx_word' id='word_1_750' title='bbox 2616 4801 2817 4855; x_wconf 86' lang='lat' dir='ltr'><strong>luctum</strong></span> <span class='ocrx_word' id='word_1_751' title='bbox 2874 4803 3022 4857; x_wconf 88' lang='lat' dir='ltr'><strong>omni</strong></span> <span class='ocrx_word' id='word_1_752' title='bbox 3074 4805 3339 4861; x_wconf 86' lang='lat' dir='ltr'><strong>modestia</strong></span> <span class='ocrx_word' id='word_1_753' title='bbox 3371 4814 3425 4861; x_wconf 88' lang='lat' dir='ltr'><strong>et</strong></span> <span class='ocrx_word' id='word_1_754' title='bbox 3471 4807 3662 4875; x_wconf 73' lang='lat' dir='ltr'><strong>habitu</strong></span> 
     </span>
    </p>
   </div>
   <div class='ocr_carea' id='block_1_110' title="bbox 2086 4890 3660 4965">
    <p class='ocr_par' dir='ltr' id='par_1_110' title="bbox 2086 4890 3660 4965">
     <span class='ocr_line' id='line_1_110' title="bbox 2086 4890 3660 4965; baseline 0.008 -22"><span class='ocrx_word' id='word_1_755' title='bbox 2086 4898 2141 4943; x_wconf 91' lang='lat' dir='ltr'><strong>et</strong></span> <span class='ocrx_word' id='word_1_756' title='bbox 2174 4890 2295 4944; x_wconf 67' lang='lat' dir='ltr'><strong>vita:</strong></span> <span class='ocrx_word' id='word_1_757' title='bbox 2328 4891 2631 4953; x_wconf 84' lang='lat' dir='ltr'><strong>humilitate</strong></span> <span class='ocrx_word' id='word_1_758' title='bbox 2664 4893 2983 4956; x_wconf 86' lang='lat' dir='ltr'><strong>ostendunt,</strong></span> <span class='ocrx_word' id='word_1_759' title='bbox 3036 4894 3112 4959; x_wconf 88' lang='lat' dir='ltr'><strong>hi,</strong></span> <span class='ocrx_word' id='word_1_760' title='bbox 3142 4903 3200 4948; x_wconf 93' lang='lat' dir='ltr'><strong>ut</strong></span> <span class='ocrx_word' id='word_1_761' title='bbox 3229 4897 3321 4965; x_wconf 93' lang='lat' dir='ltr'><strong>qui</strong></span> <span class='ocrx_word' id='word_1_762' title='bbox 3354 4906 3479 4953; x_wconf 89' lang='lat' dir='ltr'><strong>sunt</strong></span> <span class='ocrx_word' id='word_1_763' title='bbox 3508 4913 3660 4957; x_wconf 65' lang='lat' dir='ltr'><strong>cntra</strong></span> 
     </span>
    </p>
   </div>
   <div class='ocr_carea' id='block_1_111' title="bbox 2089 4983 3661 5058">
    <p class='ocr_par' dir='ltr' id='par_1_111' title="bbox 2089 4983 3661 5058">
     <span class='ocr_line' id='line_1_111' title="bbox 2089 4983 3661 5058; baseline 0.008 -25"><span class='ocrx_word' id='word_1_764' title='bbox 2089 4988 2393 5050; x_wconf 83' lang='lat' dir='ltr'><strong>peccatum,</strong></span> <span class='ocrx_word' id='word_1_765' title='bbox 2454 4996 2485 5035; x_wconf 92' lang='lat' dir='ltr'><strong>a</strong></span> <span class='ocrx_word' id='word_1_766' title='bbox 2535 4983 2918 5039; x_wconf 81' lang='lat' dir='ltr'><strong>commt&#39;mione</strong></span> <span class='ocrx_word' id='word_1_767' title='bbox 2966 5000 3036 5040; x_wconf 89' lang='lat' dir='ltr'><strong>ne</strong></span> <span class='ocrx_word' id='word_1_768' title='bbox 3086 4999 3396 5055; x_wconf 88' lang='lat' dir='ltr'><strong>arceantur,</strong></span> <span class='ocrx_word' id='word_1_769' title='bbox 3458 4990 3554 5046; x_wconf 87' lang='lat' dir='ltr'><strong>sed</strong></span> <span class='ocrx_word' id='word_1_770' title='bbox 3604 4991 3661 5058; x_wconf 72' lang='lat' dir='ltr'><strong>in</strong></span> 
     </span>
    </p>
   </div>
   <div class='ocr_carea' id='block_1_112' title="bbox 2089 5070 3666 5146">
    <p class='ocr_par' dir='ltr' id='par_1_112' title="bbox 2089 5070 3666 5146">
     <span class='ocr_line' id='line_1_112' title="bbox 2089 5070 3666 5146; baseline 0.01 -25"><span class='ocrx_word' id='word_1_771' title='bbox 2089 5070 2311 5139; x_wconf 86' lang='lat' dir='ltr'><strong>proprio</strong></span> <span class='ocrx_word' id='word_1_772' title='bbox 2364 5072 2571 5128; x_wconf 86' lang='lat' dir='ltr'><strong>honore</strong></span> <span class='ocrx_word' id='word_1_773' title='bbox 2635 5082 2911 5135; x_wconf 61' lang='lat' dir='ltr'><strong>maneant.</strong></span> <span class='ocrx_word' id='word_1_774' title='bbox 3012 5074 3067 5129; x_wconf 92' lang='lat' dir='ltr'><strong>Si</strong></span> <span class='ocrx_word' id='word_1_775' title='bbox 3127 5085 3308 5134; x_wconf 88' lang='lat' dir='ltr'><strong>autem</strong></span> <span class='ocrx_word' id='word_1_776' title='bbox 3363 5079 3503 5135; x_wconf 84' lang='lat' dir='ltr'><strong>tales</strong></span> <span class='ocrx_word' id='word_1_777' title='bbox 3552 5082 3666 5146; x_wconf 85' lang='lat' dir='ltr'><strong>sint</strong></span> 
     </span>
    </p>
   </div>
   <div class='ocr_carea' id='block_1_113' title="bbox 2089 5163 3665 5240">
    <p class='ocr_par' dir='ltr' id='par_1_113' title="bbox 2089 5163 3665 5240">
     <span class='ocr_line' id='line_1_113' title="bbox 2089 5163 3665 5240; baseline 0.008 -25"><span class='ocrx_word' id='word_1_778' title='bbox 2089 5163 2210 5218; x_wconf 89' lang='lat' dir='ltr'><strong>laici</strong></span> <span class='ocrx_word' id='word_1_779' title='bbox 2240 5172 2294 5217; x_wconf 89' lang='lat' dir='ltr'><strong>et</strong></span> <span class='ocrx_word' id='word_1_780' title='bbox 2323 5164 2683 5225; x_wconf 80' lang='lat' dir='ltr'><strong>ordinationis</strong></span> <span class='ocrx_word' id='word_1_781' title='bbox 2713 5176 2993 5236; x_wconf 87' lang='lat' dir='ltr'><strong>compotes</strong></span> <span class='ocrx_word' id='word_1_782' title='bbox 3024 5184 3146 5223; x_wconf 90' lang='lat' dir='ltr'><strong>esse</strong></span> <span class='ocrx_word' id='word_1_783' title='bbox 3175 5171 3424 5240; x_wconf 89' lang='lat' dir='ltr'><strong>cupiunt,</strong></span> <span class='ocrx_word' id='word_1_784' title='bbox 3470 5185 3665 5228; x_wconf 55' lang='lat' dir='ltr'><strong>cense.</strong></span> 
     </span>
    </p>
   </div>
   <div class='ocr_carea' id='block_1_114' title="bbox 2087 5252 3660 5332">
    <p class='ocr_par' dir='ltr' id='par_1_114' title="bbox 2087 5252 3660 5332">
     <span class='ocr_line' id='line_1_114' title="bbox 2087 5252 3660 5332; baseline 0.01 -26"><span class='ocrx_word' id='word_1_785' title='bbox 2087 5262 2348 5325; x_wconf 82' lang='lat' dir='ltr'><strong>quantur,</strong></span> <span class='ocrx_word' id='word_1_786' title='bbox 2379 5256 2425 5310; x_wconf 88' lang='lat' dir='ltr'><strong>si</strong></span> <span class='ocrx_word' id='word_1_787' title='bbox 2460 5252 2773 5326; x_wconf 78' lang='lat' dir='ltr'><strong>prtccedens</strong></span> <span class='ocrx_word' id='word_1_788' title='bbox 2798 5273 2985 5314; x_wconf 89' lang='lat' dir='ltr'><strong>eorum</strong></span> <span class='ocrx_word' id='word_1_789' title='bbox 3012 5261 3124 5317; x_wconf 85' lang='lat' dir='ltr'><strong>vita</strong></span> <span class='ocrx_word' id='word_1_790' title='bbox 3156 5262 3434 5332; x_wconf 88' lang='lat' dir='ltr'><strong>inculpata</strong></span> <span class='ocrx_word' id='word_1_791' title='bbox 3462 5264 3660 5327; x_wconf 83' lang='lat' dir='ltr'><strong>fuerit:</strong></span> 
     </span>
    </p>
   </div>
   <div class='ocr_carea' id='block_1_115' title="bbox 2088 5347 3662 5424">
    <p class='ocr_par' dir='ltr' id='par_1_115' title="bbox 2088 5347 3662 5424">
     <span class='ocr_line' id='line_1_115' title="bbox 2088 5347 3662 5424; baseline 0.007 -26"><span class='ocrx_word' id='word_1_792' title='bbox 2088 5362 2152 5406; x_wconf 82' lang='lat' dir='ltr'><strong>ex</strong></span> <span class='ocrx_word' id='word_1_793' title='bbox 2194 5360 2259 5409; x_wconf 84' lang='lat' dir='ltr'><strong>eo</strong></span> <span class='ocrx_word' id='word_1_794' title='bbox 2300 5347 2569 5416; x_wconf 86' lang='lat' dir='ltr'><strong>ejusmodi</strong></span> <span class='ocrx_word' id='word_1_795' title='bbox 2606 5348 2831 5406; x_wconf 82' lang='lat' dir='ltr'><strong>honoris</strong></span> <span class='ocrx_word' id='word_1_796' title='bbox 2882 5351 3174 5422; x_wconf 85' lang='lat' dir='ltr'><strong>participes</strong></span> <span class='ocrx_word' id='word_1_797' title='bbox 3207 5367 3331 5410; x_wconf 83' lang='lat' dir='ltr'><strong>esse</strong></span> <span class='ocrx_word' id='word_1_798' title='bbox 3376 5369 3444 5409; x_wconf 90' lang='lat' dir='ltr'><strong>ne</strong></span> <span class='ocrx_word' id='word_1_799' title='bbox 3472 5354 3662 5424; x_wconf 80' lang='lat' dir='ltr'><strong>prohi-</strong></span> 
     </span>
    </p>
   </div>
   <div class='ocr_carea' id='block_1_116' title="bbox 2091 5438 2344 5497">
    <p class='ocr_par' dir='ltr' id='par_1_116' title="bbox 2091 5438 2344 5497">
     <span class='ocr_line' id='line_1_116' title="bbox 2091 5438 2344 5497; baseline -0.008 -5"><span class='ocrx_word' id='word_1_800' title='bbox 2091 5438 2344 5497; x_wconf 84' lang='lat' dir='ltr'><strong>beantur.</strong></span> 
     </span>
    </p>
   </div>
   <div class='ocr_carea' id='block_1_117' title="bbox 2687 5602 3397 5687">
    <p class='ocr_par' dir='ltr' id='par_1_117' title="bbox 2687 5602 3397 5687">
     <span class='ocr_line' id='line_1_117' title="bbox 2687 5602 3397 5687; baseline -0.004 -15"><span class='ocrx_word' id='word_1_801' title='bbox 2687 5615 2919 5672; x_wconf 79' lang='lat' dir='ltr'><strong>CANON</strong></span> <span class='ocrx_word' id='word_1_802' title='bbox 2971 5602 3063 5672; x_wconf 77' lang='lat' dir='ltr'><strong>tv.</strong></span> <span class='ocrx_word' id='word_1_803' title='bbox 3394 5684 3397 5687; x_wconf 23' lang='grc' dir='ltr'>λ</span> 
     </span>
    </p>
   </div>
   <div class='ocr_carea' id='block_1_118' title="bbox 2097 5708 3667 5781">
    <p class='ocr_par' dir='ltr' id='par_1_118' title="bbox 2097 5708 3667 5781">
     <span class='ocr_line' id='line_1_118' title="bbox 2097 5708 3667 5781; baseline 0.004 -20"><span class='ocrx_word' id='word_1_804' title='bbox 2097 5729 2114 5761; x_wconf 80' lang='grc' dir='ltr'><strong>ι</strong></span> <span class='ocrx_word' id='word_1_805' title='bbox 2153 5708 2227 5764; x_wconf 89' lang='lat' dir='ltr'><strong>De</strong></span> <span class='ocrx_word' id='word_1_806' title='bbox 2258 5709 2347 5774; x_wconf 90' lang='lat' dir='ltr'><strong>iis,</strong></span> <span class='ocrx_word' id='word_1_807' title='bbox 2377 5710 2470 5781; x_wconf 89' lang='lat' dir='ltr'><strong>qui</strong></span> <span class='ocrx_word' id='word_1_808' title='bbox 2507 5711 2556 5765; x_wconf 90' lang='lat' dir='ltr'><strong>vi</strong></span> <span class='ocrx_word' id='word_1_809' title='bbox 2592 5711 2996 5777; x_wconf 85' lang='lat' dir='ltr'><strong>sacriﬁcarunt,</strong></span> <span class='ocrx_word' id='word_1_810' title='bbox 3045 5718 3101 5766; x_wconf 93' lang='lat' dir='ltr'><strong>et</strong></span> <span class='ocrx_word' id='word_1_811' title='bbox 3132 5716 3392 5781; x_wconf 64' lang='lat' dir='ltr'><strong>praeterea</strong></span> <span class='ocrx_word' id='word_1_812' title='bbox 3422 5709 3488 5765; x_wconf 88' lang='lat' dir='ltr'><strong>ad</strong></span> <span class='ocrx_word' id='word_1_813' title='bbox 3522 5710 3667 5768; x_wconf 86' lang='lat' dir='ltr'><strong>idola</strong></span> 
     </span>
    </p>
   </div>
   <div class='ocr_carea' id='block_1_119' title="bbox 2169 5803 3668 5875">
    <p class='ocr_par' dir='ltr' id='par_1_119' title="bbox 2169 5803 3668 5875">
     <span class='ocr_line' id='line_1_119' title="bbox 2169 5803 3668 5875; baseline 0.003 -20"><span class='ocrx_word' id='word_1_814' title='bbox 2169 5822 2186 5855; x_wconf 78' lang='grc' dir='ltr'><strong>ι</strong></span> <span class='ocrx_word' id='word_1_815' title='bbox 2234 5804 2422 5873; x_wconf 81' lang='lat' dir='ltr'><strong>pransi</strong></span> <span class='ocrx_word' id='word_1_816' title='bbox 2471 5812 2622 5872; x_wconf 87' lang='lat' dir='ltr'><strong>sunt,</strong></span> <span class='ocrx_word' id='word_1_817' title='bbox 2673 5804 2987 5875; x_wconf 89' lang='lat' dir='ltr'><strong>quicunque</strong></span> <span class='ocrx_word' id='word_1_818' title='bbox 3035 5803 3257 5861; x_wconf 88' lang='lat' dir='ltr'><strong>abducti</strong></span> <span class='ocrx_word' id='word_1_819' title='bbox 3301 5803 3563 5875; x_wconf 89' lang='lat' dir='ltr'><strong>quidem,</strong></span> <span class='ocrx_word' id='word_1_820' title='bbox 3611 5810 3668 5867; x_wconf 81' lang='lat' dir='ltr'><strong>et</strong></span> 
     </span>
    </p>
   </div>
  </div>
