2038 3209
254 135 323 167 1135

886 134 1024 164 THEOD.
1046 132 1252 164 BALSAMON

1813 128 1879 162 1l36

285 199 297 217 ι
322 190 424 217 Izetiore
441 188 532 217 habitu
546 191 734 221 accesserunt,
758 192 784 216 et
802 193 877 216 veste
900 193 1042 223 sumptuo-

1130 197 1140 213 ι
1159 196 1247 222 μενοι,
1273 185 1321 214 καὶ
1348 188 1469 223 σχήματι
1498 185 1670 221 φαιδροτέρῳ
1693 184 1817 221 ανῆλθον,
1835 187 1881 213 καὶ

285 237 388 265 rsiore
403 237 444 263 usi
463 238 539 268 sunt,
565 239 591 263 et
606 235 695 270 parati
712 235 830 270 prandii,
857 242 909 262 non
930 242 1001 269 aegre
1014 234 1044 263 id

285 292 295 309 ι
319 281 448 314 ferentes,
477 280 623 315 participes
646 280 767 311 fuerunt.
793 281 881 309 visum
899 286 951 314 est,
968 290 1041 310 anno

276 336 298 353 -ι
321 326 425 359 audire,
442 325 530 353 tribus
544 330 634 353 autent
650 325 728 353 annis
743 326 893 359 substerni,
923 328 1041 355 orationi

285 383 295 398 ι
319 380 384 400 vero
399 372 508 399 duobus
522 372 604 399 annis
626 371 843 404 communicare,
870 377 897 399 et.
925 377 989 400 tunc
1007 374 1042 401 ad

287 429 296 445 ‹
320 420 346 447 id
363 419 435 455 quod
452 423 495 446 est
512 418 663 453 perlectum
679 418 843 446 accedere.»

286 465 385 492 BALS.
414 465 482 493 Cum
498 465 640 500 expositus
656 464 753 492 tertius
771 472 859 492 canon
883 464 1042 492 indistincte

248 514 397 548 ignovisset
414 512 458 544 iis,
480 513 527 548 qui
543 512 567 538 vi
584 511 733 546 idolothyta
749 512 951 546 suscepissent:
970 520 1042 547 quo—

249 560 321 587 niam
339 559 465 587 dicebant
481 558 604 585 nonnulli
622 557 661 585 eis
676 558 758 585 etiam
775 557 890 592 ignosci,
907 558 952 592 qui
971 565 1002 585 ea
1015 557 1041 584 vi

250 607 443 639 comedissent,
465 605 508 633 vel
523 606 605 633 etiam
620 604 839 636 sacriﬁcassent;
867 612 916 639 per
928 604 1002 631 hunc
1015 610 1043 633 et

248 652 373 687 quint-um
390 657 521 679 canonem
536 653 692 677 statuerunt
707 648 811 682 Patres,
835 650 908 682 quod
924 649 1042 685 quit-un-

248 705 302 733 que
315 697 437 732 quidem,
454 696 566 724 abducti
582 696 615 723 ad
628 695 757 724 idolicum
775 696 933 730 prandium,
950 696 1041 724 laetum

248 744 355 770 vultum
374 743 565 775 ostenderunt,
589 747 616 770 et
631 749 694 769 cum
710 742 944 777 splendidioribus
959 743 1042 771 vesti-

248 790 300 817 bus
325 789 534 821 discubuerunt.
547 793 575 816 et
592 796 697 821 eorum,
711 795 773 824 quin
797 789 879 817 idolis
901 788 1042 816 immolata

248 835 481 871 sunt,partieipes
491 835 577 868 luere,
590 835 749 870 punientur,
763 835 847 870 utqui
861 842 975 862 omntno
991 834 1041 861 im-

248 882 346 917 pietati
371 881 517 910 cesserint.
556 881 741 914 Quamobrem
766 888 837 908 anno
858 888 911 908 uno
933 879 1039 908 divinas

249 928 408 963 Scripturas
424 927 537 955 audient
554 927 582 954 in
597 927 735 960 narthece,
761 930 786 955 et
810 931 905 962 postea
920 926 1038 954 triennio

247 973 470 1006 slibsternentur,
487 973 514 1001 id
539 977 592 1006 est,
620 972 647 1000 in
671 973 786 1001 ecclesia
809 977 889 1001 erunt
903 978 964 1008 post
979 980 1037 1000 am<

247 1018 347 1046 bonem
365 1022 480 1052 stantes,
499 1026 587 1054 usque
599 1018 633 1047 ad
648 1019 909 1047 catccliuinenorum
921 1018 1037 1052 exitum;

247 1068 313 1093 tunc
326 1065 399 1092 enim
417 1065 469 1100 ipsi
483 1073 593 1101 quoque
604 1065 790 1101 egrediantur.
824 1065 974 1101 Completis
991 1072 1041 1092 au-

246 1116 300 1140 tein
326 1111 370 1140 liis
390 1119 499 1147 quoque
521 1112 609 1141 tribus
633 1112 724 1145 annis,
750 1120 804 1140 una
828 1119 891 1139 cum
914 1111 1040 1140 tidelibus

247 1156 358 1184 biennio
383 1158 637 1191 eommunicabunt,
658 1162 684 1186 et
707 1158 742 1185 ab
763 1166 795 1186 eo
818 1161 943 1194 tempore
957 1158 991 1186 ad
1013 1157 1040 1185 id

247 1203 319 1236 quod
331 1201 488 1237 perfectum
505 1208 558 1235 est,
575 1204 730 1237 devenient,
752 1204 805 1231 hoc
822 1208 875 1237 est,
901 1204 983 1232 etiam
998 1204 1042 1232 di-

247 1250 373 1276 vinorum
391 1254 627 1277 sacramentorum
641 1255 719 1277 erunt
730 1250 887 1285 participes.
915 1250 1040 1283 Quicun-

246 1303 299 1329 que
313 1299 402 1322 autem
417 1296 441 1322 vi
454 1296 565 1322 abducti
581 1296 670 1322 moesti
683 1296 803 1328 luerunt,
816 1301 842 1323 et
856 1303 916 1324 cum
931 1296 1040 1331 lugubri

247 1346 321 1368 Veste
339 1341 527 1369 accubuerunt
540 1347 568 1369 et
584 1342 772 1374 comederunt,
798 1346 860 1376 post
874 1342 1040 1370 substratio-

248 1388 290 1414 nis
323 1388 471 1414 triennium
504 1388 531 1414 in
567 1387 782 1414 ecclesiasticam
812 1388 1040 1416 communionem

248 1434 449 1468 suscipientur,
483 1433 530 1460 sed
546 1441 600 1460 non
617 1433 697 1460 etiam
722 1434 823 1461 divinis
845 1433 921 1469 digni
947 1442 1041 1463 sacra-

248 1480 346 1508 nn-ntis
363 1479 547 1507 habebuntur.
583 1479 610 1506 ld
626 1480 697 1506 enim
713 1484 753 1507 est
764 1487 813 1508 eos
825 1481 885 1508 sine
901 1481 1040 1510 oblatione

1134 243 1143 259 ι
1163 234 1257 270 ἐσθῆτι
1275 234 1430 270 ἐχρήσαντο
1440 233 1667 268 πολυτελεστέρα,
1684 233 1732 259 καὶ
1755 233 1881 268 μετέσχον

1133 290 1142 306 ι
1161 281 1208 308 τοῦ
1218 280 1490 316 παρασκευασθέντος
1509 280 1616 306 δείπνου
1641 279 1806 314 ἀδιαφόρως,
1827 279 1882 306 ἔδοι

1133 338 1142 352 ι
1161 327 1204 359 ξεν
1222 326 1342 354 ἐνιαυτὸν
1356 326 1507 362 ἀκροᾶσθαι
1524 326 1590 361 (75;,
1609 325 1759 352 ὑποπεσεῖν
1778 325 1805 351 δὲ
1821 325 1881 360 τρία

1131 383 1140 398 ε
1159 373 1220 406 ἔτη,
1245 373 1326 407 εὐχῆς
1348 372 1377 398 δὲ
1408 374 1572 408 κοινωνῆσαι
1600 372 1647 407 ἔτη
1673 372 1730 405 δύο,
1753 372 1799 398 καὶ
1822 373 1880 399 τότε

1133 428 1142 445 ‹
1163 419 1251 446 ἐλθεῖν
1267 420 1314 446 ἐπὶ
1331 419 1360 445 τὺ
1373 419 1486 446 τέλειον.
1501 428 1510 445 ι

1129 466 1229 493 ΒΑΛΣ.
1248 464 1302 492 Τοῦ
1318 465 1514 501 διαληφθέντος
1526 465 1619 501 τρίτου
1638 465 1750 497 κανόνος
1764 474 1882 499 συγγνω-

1095 512 1263 548 μονήσαντος
1277 512 1461 544 ἀδιαστίκτως
1477 512 1533 543 τοῖς
1557 511 1629 538 κατὰ
1642 512 1705 547 βίαν
1720 511 1884 546 ὑποδεξομέ-

1093 567 1147 589 vos;
1164 557 1328 585 εἰδωλόθυτα
1343 567 1351 575 ο
1387 558 1448 584 ὲπεί
1464 566 1537 590 τινες
1556 557 1653 593 ἤθελον
1677 558 1797 589 καὶτοὺς
1811 557 1882 584 κατὰ

1093 604 1154 639 βίαν
1182 605 1320 639 φαγόντας
1345 605 1427 636 αὐτὰ,
1454 604 1470 639 ἦ
1493 604 1542 631 καὶ
1567 603 1717 637 θύσαντας,
1749 604 1882 638 συγγινώ-

1093 650 1221 682 σκεσοαι,
1240 651 1344 686 ὥρισαν
1360 651 1384 678 οἱ
1403 650 1524 685 Πατέρες
1538 650 1582 677 διὰ
1594 650 1692 677 τούτου
1706 649 1752 676 τοῦ
1773 650 1883 681 κανόνος

1092 696 1141 723 καὶ
1159 695 1204 722 τοῦ
1220 696 1363 731 πέμπτου,
1379 695 1415 727 ὡς
1433 697 1491 722 ὅσοι
1507 695 1557 731 μὲν
1569 695 1740 730 ἀπαγόμενοι
1757 695 1823 729 πρὸς
1838 694 1882 720 τὸν

1092 742 1233 768 είδωλικὸν
1261 742 1370 769 δεῖπνον
1394 742 1488 776 σχῆμα
1522 742 1673 777 χαιρόντων
1703 741 1880 774 ἐνεδείξαντο,

1092 786 1140 813 καὶ
1156 787 1227 822 μετὰ
1242 787 1444 822 λαμπροτέρων
1461 787 1584 822 ἐσθήτων
1598 787 1743 820 ἀνέπεσον,
1758 787 1807 813 καὶ
1821 794 1882 818 μετ-

1092 832 1172 868 έσχον
1183 832 1238 859 τῶν
1259 833 1455 865 εἰδωλοθύτων,
1469 833 1728 869 ἐπιτιμηθήσονται,
1753 832 1792 865 ὡς
1816 832 1883 864 ὅλως

1094 878 1216 910 ἐνδόντες
1229 879 1297 914 πρὸς
1312 879 1362 915 τὴν
1376 879 1517 906 ἀσέϐειαν.
1532 879 1580 906 Διὸ
1603 879 1651 906 ἐπὶ
1665 880 1714 906 ἕνα
1732 880 1781 914 μὲν
1797 881 1885 906 ὲνιαυυ

1093 923 1140 951 τὸν
1155 924 1339 960 ἀκροάσονται
1349 925 1404 952 τῶν
1415 925 1497 952 θείων
1513 925 1632 961 Γραφῶν
1647 925 1676 952 ὲν
1700 924 1738 960 τῷ
1754 925 1882 961 νάρθηκι,

1095 970 1142 998 καὶ
1164 972 1235 1006 μετὰ
1247 971 1327 998 τοῦτο
1341 971 1388 998 ἐπὶ
1405 971 1527 1007 τριετίαν
1543 972 1714 1004 ὑποπέσωτι,
1743 971 1884 998 τουτέστιν

1094 1017 1325 1054 ὲκκλησιάσουσιν
1348 1018 1437 1045 ὀπίσω
1452 1018 1500 1045 τοῦ
1515 1018 1644 1053 ἇμὸωνος
1664 1018 1819 1053 ἱστάμενοι,
1838 1018 1885 1052 μέ-

1094 1073 1141 1100 χρι
1157 1065 1207 1100 τῆς
1226 1065 1281 1092 τῶν
1299 1065 1515 1101 κατηχουμένων
1528 1064 1712 1097 ἐξελεύσεως·
1731 1064 1885 1100 τηνικαῦτα

1095 1111 1150 1147 γὰρ
1174 1111 1221 1138 καὶ
1232 1111 1310 1138 αὐτοὶ
1334 1111 1475 1145 ἐξέλθωσι.
1499 1111 1761 1146 Συμπληρωθέντων
1781 1111 1811 1138 δὲ
1840 1110 1885 1137 καὶ

1094 1158 1199 1186 τούτων
1219 1158 1275 1186 τῶν
1293 1158 1379 1194 τριῶν
1398 1157 1543 1189 ἐνιαυτῶν,
1560 1158 1607 1185 ἐπὶ
1628 1157 1678 1193 ἱτη
1700 1157 1746 1184 δύο
1775 1166 1886 1191 συγκοι-

1095 1205 1247 1240 νωνήσουσι
1265 1205 1323 1238 τοῖς
1336 1205 1453 1237 morat,
1468 1205 1516 1231 καὶ
1534 1204 1628 1231 ἔκτοτε
1655 1205 1695 1236 εἰς
1723 1205 1754 1231 τὸ
1784 1205 1886 1231 τέλειον

1094 1250 1204 1284 ἔλθωσι,
1217 1250 1356 1283 τουτέστι,
1368 1251 1416 1277 καὶ
1428 1252 1485 1277 τῶν
1498 1249 1578 1277 θείων
1595 1250 1777 1285 ἁγιασμάτων
1804 1258 1887 1284 μετα-

1094 1295 1227 1323 λάϐωσιν.
1242 1296 1321 1322 Ὅσοι
1338 1295 1367 1322 δὲ
1379 1296 1548 1331 ἀπαγόμενοι
1558 1295 1607 1331 τὴν
1617 1296 1679 1329 βίαν
1694 1296 1886 1328 ἀπεκλαίοντο,

1094 1342 1142 1369 καὶ
1164 1341 1234 1376 μετὰ
1248 1341 1383 1376 πενθικῆς
1400 1341 1514 1376 ἐσθῆτος
1534 1341 1670 1368 ἀνέπεσον
1700 1341 1748 1368 καὶ
1773 1342 1888 1376 ἔφαγον,

1097 1387 1166 1423 μετὰ
1187 1387 1239 1422 τὴν
1255 1387 1380 1422 τριετίαν
1411 1386 1462 1422 τῆς
1479 1386 1667 1418 ὑποπτὼσεως
1683 1387 1723 1419 εἰς
1739 1388 1888 1414 κοινωνίαν

1095 1434 1329 1469 ἐκκλησιαστικὴν
1343 1434 1537 1470 δεχθήσονται·
1558 1434 1588 1460 οὐ
1606 1434 1700 1469 μέντοι
1721 1442 1753 1466 γε
1784 1433 1814 1460 δὲ
1843 1434 1888 1461 καὶ

1095 1481 1149 1508 τῶν
1163 1480 1244 1507 θείων
1272 1479 1692 1515 ἁγιασμάτων’ἁξιωθήσονταμ
1723 1479 1810 1506 Τοῦτο
1836 1480 1887 1514 γάρ

247 1527 360 1562 suscipi.
392 1526 419 1554 Si
432 1530 522 1554 autent
540 1526 726 1553 accubuerunt
736 1528 858 1562 quidem,
881 1535 934 1556 non
947 1533 1038 1556 autem

1095 1528 1153 1555 ὲστι
1172 1528 1202 1554 τὸ
1212 1527 1339 1562 δεχθῆναι
1353 1526 1465 1558 τούτους
1484 1525 1570 1561 χωρὶς
1595 1526 1767 1561 προσφορᾶς.
1800 1525 1833 1552 Εἰ
1860 1525 1887 1552 δὲ

248 1574 437 1604 cmnedcrunt,
462 1572 572 1599 biennio
590 1572 811 1606 substernentur,
825 1579 853 1601 et
863 1574 944 1601 tertio
968 1581 1043 1603 anno

250 1627 303 1646 una
317 1626 378 1644 cum
399 1617 525 1645 fidelibus
543 1618 569 1643 in
583 1618 698 1645 ecclesia
721 1618 800 1645 erunt
814 1620 873 1646 sine
888 1619 1042 1648 oblatione:

249 1669 309 1697 pust
324 1664 383 1698 ejus
404 1664 476 1690 enim
498 1663 603 1697 lapsum
628 1668 709 1690 erunt
722 1664 822 1692 divinas
836 1666 1043 1694 cotnmunionis

250 1710 405 1743 participes.
438 1708 502 1735 llmc
530 1713 621 1736 autem
645 1710 737 1736 omnia
769 1710 917 1744 episcopali
937 1711 1044 1746 judicio

250 1756 344 1782 Patres
359 1754 505 1789 reliquere,
530 1759 561 1782 ut
580 1755 658 1788 juxta
683 1755 744 1790 ejus
759 1755 805 1790 qui
822 1756 944 1791 peccavit
962 1757 1044 1793 378

249 1800 486 1830 cmwersationem
500 1805 529 1829 et
542 1801 707 1834 socordiam,
723 1802 765 1829 vcl
780 1807 932 1840 augeantur
943 1810 1042 1838 poenae,

248 1847 291 1874 κει
306 1846 507 1874 diminuantur.
550 1847 730 1875 Exaininatur
753 1853 845 1876 autent
863 1849 945 1876 etiam
969 1850 1044 1885 prior

250 1899 345 1919 eorum
371 1892 556 1926 conversatio,
582 1896 612 1920 ut
630 1893 672 1920 vel
689 1894 888 1922 humanitatem
907 1895 948 1922 vel
964 1903 1044 1924 seve-

250 1938 358 1964 ritatem
376 1943 591 1972 consequantur.
621 1937 768 1973 negaverit
786 1945 878 1968 autem
895 1941 1043 1977 quispiam,

250 1983 284 2011 Et
308 1991 357 2011 cur
374 1983 471 2012 'clet‘ic't
488 1984 599 2019 quidem
615 1985 657 2012 vel
674 1985 735 2013 laici
755 1987 837 2014 tertio
851 1994 958 2015 canone
974 1988 1045 2016 indi-

250 2028 314 2061 cati,
332 2028 378 2063 qui
396 2029 437 2056 vel
454 2029 518 2057 thus
535 2029 578 2056 vel
594 2029 774 2066 idolotitytum
798 2032 823 2060 vi
852 2038 1043 2069 susceperunt,

250 2081 303 2101 n0n
321 2075 484 2115 puqiuntur,
514 2080 544 2102 ut
566 2076 612 2110 qui
630 2084 684 2104 non
700 2078 865 2113 erraverint,
891 2080 938 2107 sed
963 2081 1056 2111 etiam.

250 2120 283 2148 ad
301 2120 402 2156 gradus
416 2121 621 2150 ecclasiasticos
638 2128 852 2158 promoventur;
878 2127 925 2160 qui
953 2131 1044 2154 autem

252 2167 278 2193 in
294 2166 510 2200 quintivcanonis
529 2167 581 2194 ﬁne
600 2169 785 2200 continentur,
811 2174 838 2197 et
855 2170 884 2196 'vi
909 2172 1044 2199 accubue-

1094 1574 1229 1602 ἀνέπεσον
1247 1572 1308 1606 μὲν,
1323 1572 1373 1598 οὐκ
1388 1571 1490 1607 ἔφαγον
1505 1571 1545 1603 δὲ,
1565 1570 1613 1597 ἐπὶ
1627 1570 1730 1598 διετίαν
1743 1571 1887 1598 ὑποπὲσω-

1095 1629 1134 1654 σι,
1149 1620 1196 1647 καὶ
1210 1621 1250 1651 είς
1263 1619 1311 1645 τὸν
1326 1617 1419 1652 τρίτον
1438 1617 1536 1653 χρόνον
1553 1617 1820 1652 συνεκκλησιάσουσι
1830 1618 1885 1648 τοῖς

1095 1666 1203 1697 πιστοῖς
1218 1665 1303 1701 χωρὶς
1329 1665 1507 1699 προσφορᾶςθ
1525 1663 1596 1697 μετὰ
1612 1662 1668 1698 γὰρ
1685 1663 1736 1699 τὴν
1749 1663 1886 1698 παραδρο-

1096 1712 1150 1747 μὴν
1165 1712 1212 1739 καὶ
1226 1711 1323 1738 τούτου
1338 1710 1387 1745 τῆς
1399 1709 1476 1741 θείας
1488 1709 1667 1745 μεταλήψεως
1678 1708 1874 1744 ἀξιωθήσονται

1094 1759 1188 1786 Ταῦτα
1203 1758 1231 1784 δὲ
1246 1758 1336 1784 πάντα
1352 1757 1391 1789 εἰς
1412 1756 1463 1791 τὴν
1483 1756 1667 1790 ὲπισκοπικὴν
1683 1755 1822 1791 διάκρισιν
1838 1756 1885 1782 ἀν-

1095 1805 1187 1832 έθεντο
1202 1805 1226 1830 οἱ
1240 1804 1374 1839 Πατὲρες,
1393 1802 1432 1834 ὼς
1447 1802 1481 1829 ἂν
1501 1802 1571 1837 πρὸς
1589 1801 1638 1837 τὴν
1653 1802 1824 1837 ἐπιστροφὴν
1841 1800 1884 1828 τοῦ

1095 1850 1287 1886 ἡμαρτηκότος
1302 1850 1348 1875 καὶ
1362 1848 1412 1883 τὴν
1434 1847 1574 1884 ῥᾳθυμίαν
1597 1848 1613 1883 ἦ
1646 1846 1884 1882 προστεθήσονται

1095 1897 1129 1924 τὰ
1140 1896 1278 1930 ἐπιτίμια,
1308 1895 1325 1930 ἢ
1355 1895 1569 1929 ἐκκοπήσονται.
1603 1893 1777 1927 Ἐξετάζεται
1797 1894 1885 1920 δὲκαὶ

1094 1944 1111 1978 ὴ
1128 1942 1250 1978 προτέρα
1272 1941 1374 1967 τούτων
1394 1940 1554 1975 ἀναστροφὴ
1571 1939 1615 1966 ἵνα
1643 1940 1659 1975 ἢ
1680 1939 1885 1975 φιλανθρωπίας

1095 1988 1112 2023 ἢ
1127 1987 1282 2022 αὐστηρίας
1292 1986 1421 2021 τύχωσιν.
1448 1986 1598 2021 Ἑρωτήσει
1614 1985 1643 2012 δέ
1657 1994 1711 2019 τις,
1722 1986 1780 2012 Καὶ
1799 1986 1842 2012 διὰ
1861 1984 1884 2010 τί

1094 2035 1119 2061 oi
1135 2034 1185 2069 μὲν
1199 2034 1238 2069 τῷ
1260 2036 1285 2067 γ’
1306 2032 1401 2059 κανόνι
1416 2031 1577 2067 δηλόύιιενοι
1597 2031 1726 2067 κληρικοὶ
1749 2032 1766 2067 ἢ
1800 2030 1885 2058 λαῖκοὶ

1096 2080 1168 2108 κατὰ
1187 2080 1249 2116 βίαν
1265 2079 1463 2115 ὑποδεξάμενοι
1489 2077 1628 2114 λίϐανονῆ
1647 2078 1825 2107 είδωλόθυτον
1839 2078 1884 2104 οὐκ

1096 2126 1289 2162 ὲπιτιμῶνται,
1306 2126 1344 2158 ὡς
1361 2125 1398 2161 μὴ
1414 2125 1590 2157 ἐπταικότες,
1614 2124 1684 2151 ἀλλὰ
1697 2125 1745 2151 καὶ
1760 2125 1803 2156 εἰς
1822 2123 1883 2161 βαθ-

1098 2172 1426 2208 μοῦςὲκκλησιαστικοὺς
1450 2171 1674 2206 προκόπτουσιν·
1699 2171 1725 2198 οἱ
1747 2171 1775 2198 δὲ
1804 2172 1831 2196 ὲν
1848 2169 1884 2203 τῷ

254 2216 327 2245 runt,
350 2213 512 2247 puniuntur,
543 2218 571 2240 ut
590 2214 634 2247 qui
653 2215 803 2248 peccarint,
822 2215 903 2250 idque
915 2224 978 2244 cum
1004 2219 1042 2246 la-

1097 2220 1168 2247 τέλει
1185 2219 1232 2246 τοῦ
1256 2218 1276 2244 ε’
1295 2218 1409 2249 κανόνος
1430 2218 1634 2253 περιεχόμενοι,
1662 2217 1710 2244 καὶ
1733 2217 1806 2244 κατά
1828 2217 1883 2254 βίαν

254 2264 363 2292 crymas
381 2258 539 2290 funderent,
559 2263 587 2285 et
602 2265 651 2285 nec
667 2259 816 2295 idolothyta
828 2261 935 2295 quidem
952 2267 1044 2297 gusta-

254 2303 366 2330 verint?
397 2302 515 2330 Salutio.
558 2302 716 2330 Dilierentia
741 2308 782 2331 est
808 2312 913 2340 eorum,
941 2308 987 2342 qui
1014 2308 1042 2335 vi

253 2353 435 2383 susceperunt
452 2348 521 2376 dona
539 2348 666 2383 profana,
679 2352 706 2376 et
719 2356 751 2376 ex
770 2350 841 2378 lat-to
853 2353 964 2387 proprio
975 2353 1043 2381 nillil

1098 2264 1293 2297 ἁναπεσόντες,
1324 2263 1517 2298 ἑπιτιμῶνται,
1543 2262 1580 2294 ὡς
1608 2262 1812 2298 ἡμαρτηκότες,
1839 2260 1882 2287 καὶ

1097 2311 1183 2338 ταῦτα
1194 2309 1441 2346 δακρυρῤοῦντες,
1471 2309 1519 2336 καὶ
1544 2309 1613 2344 μηδὲ
1638 2309 1804 2343 γευσάμενοι
1833 2307 1882 2333 τῶν

1098 2355 1301 2389 εἳδωλοθύτων;
1321 2356 1426 2388 Λύσις.
1448 2355 1570 2390 Διαφορά
1583 2356 1640 2382 ἐστι
1655 2355 1709 2382 τῶν
1726 2354 1799 2381 κατὰ
1825 2353 1882 2389 βίαν

868 2409 962 2440 Guill.
985 2411 1148 2453 Beveregii
1171 2414 1268 2442 notae.

292 2470 348 2506 (73)
390 2470 540 2496 Ενιαυτῦν
556 2470 734 2502 ἀκροᾶσθαι.
757 2470 820 2498 Have
835 2473 958 2507 synodus
980 2481 1045 2501 con-

255 2510 330 2542 creta
343 2504 396 2542 [uit
411 2510 507 2542 eorum
522 2511 618 2542 causa,
633 2505 679 2539 qui
689 2513 832 2542 grassante
853 2509 1045 2542 persecutione

254 2541 323 2574 lapsi
344 2539 464 2574 fuerant.
481 2538 558 2571 Quod
575 2538 656 2566 etiam
669 2538 704 2566 ab
718 2546 829 2569 auctore
846 2538 1045 2572 nomocanonis

254 2573 364 2602 Arabici
392 2574 418 2600 in
436 2573 599 2601 bibliotheca
624 2574 771 2602 Bodleiana
803 2577 977 2605 observatum
1002 2584 1046 2606 est

255 2609 302 2644 qui
319 2610 351 2636 de
367 2609 494 2643 praesenti
508 2610 612 2643 synodo
626 2611 680 2636 ait:
700 2610 814 2643 Quintus
828 2616 866 2638 est
883 2612 948 2639 liber
964 2621 1044 2641 eano-

254 2643 317 2671 nam
332 2644 411 2679 primi
430 2644 546 2676 concilii,
558 2643 627 2678 quod
641 2650 700 2678 post
717 2647 847 2677 apostolos
873 2653 1044 2674 coni-oculum

254 2684 293 2706 est
307 2681 333 2706 in
350 2678 413 2706 urbe
426 2679 532 2713 Ancyra
547 2680 579 2705 de
594 2681 699 2714 regione
719 2679 834 2707 Galatiae
842 2690 853 2714 ;
870 2686 896 2708 et
917 2691 1041 2709 numerus

254 2715 312 2749 ejus
331 2719 386 2741 erat
397 2714 536 2740 duodecim
549 2714 674 2749 episcopi,
693 2715 739 2749 qui
761 2724 851 2742 eorum
870 2724 953 2744 causa
978 2725 1042 2744 con-

255 2750 356 2784 gregali
366 2755 441 2787 sunt,
451 2749 496 2787 qui
510 2753 624 2783 tempore
642 2750 742 2776 timori:
759 2758 805 2784 per
834 2753 909 2779 varia
926 2753 1040 2787 negandi

255 2793 350 2821 genera
362 2785 432 2821 lapsi
446 2785 571 2821 fitemttt,‘
588 2788 612 2810 et
626 2791 801 2821 numerantur
810 2787 835 2812 ei
849 2788 876 2813 in
894 2785 1040 2821 exeniplart‘

256 2818 367 2852 Coptica
380 2818 599 2855 vigintiquinque
611 2826 735 2847 canones.
758 2820 828 2848 llinc
845 2821 930 2855 igitur
949 2818 1040 2849 evenit

256 2859 286 2880 ut
303 2855 379 2889 juxta
403 2854 494 2881 varios
521 2854 628 2886 modos,
647 2855 746 2889 quibus
764 2855 831 2887 lapsi
858 2854 931 2890 sunt,
965 2858 1040 2884 varia

390 2467 540 2496 Ενιαυτύν
556 2468 734 2507 ἀκροᾶσθαι.
757 2470 820 2498 Have
835 2473 958 2507 synodus
980 2481 1045 2501 con-

1100 2474 1183 2502 etiam
1198 2471 1384 2501 ecclesiastica
1400 2471 1534 2506 supplicia
1550 2471 1584 2498 ab
1596 2471 1629 2499 iis
1647 2478 1662 2498 a
1695 2471 1823 2506 praesenti
1840 2477 1881 2505 sy-

1100 2509 1174 2536 nodo
1187 2510 1334 2544 exigantur
1356 2512 1424 2544 :_ut,
1439 2506 1557 2544 extempli
1578 2507 1677 2544 gratia,
1699 2507 1749 2533 hoc
1781 2512 1880 2544 canone

1099 2548 1210 2571 cautum
1229 2541 1281 2575 εει,
1298 2546 1327 2569 ιιι
1338 2542 1384 2577 qui
1415 2542 1518 2569 laetiore
1532 2541 1639 2577 rhabitu
1658 2546 1841 2577 accesserunt.
1856 2543 1879 2565 et

1100 2579 1187 2613 parati
1208 2575 1381 2605 ethnicorum
1400 2577 1507 2613 prandii
1531 2575 1720 2613 indiﬂ‘erenter
1736 2575 1877 2610 participes

1100 2611 1222 2646 luerunt,
1236 2620 1290 2639 uno
1306 2619 1379 2638 anno
1398 2612 1524 2642 audiant,
1545 2611 1634 2646 tribus
1663 2612 1878 2638 substernantur.

1098 2645 1317 2676 duobus'autem
1334 2647 1360 2673 in
1388 2647 1513 2673 oratione
1535 2645 1595 2672 sola
1615 2647 1829 2675 communicent,
1855 2647 1878 2669 et

1096 2684 1136 2710 sic
1150 2688 1243 2717 postea
1258 2683 1328 2709 inter
1341 2681 1476 2717 perfectos
1500 2681 1595 2717 lideles
1609 2685 1824 2717 “recensrea‘ntur.
1853 2678 1877 2704 ln

1095 2712 1156 2745 aliis
1172 2717 1325 2744 eanonibus
1341 2712 1401 2743 lucc
1427 2716 1562 2750 supplicia
1590 2715 1670 2742 aliter
1704 2712 1875 2743 deﬁniuntur.

1094 2753 1190 2785 Qualia
1206 2759 1237 2778 ea
1266 2751 1388 2782 fuerunt,
1413 2758 1466 2777 non
1497 2757 1564 2785 opus
1578 2754 1620 2786 est
1641 2751 1686 2778 hic
1716 2754 1875 2786 repetamus,

1093 2783 1156 2814 c'um
1173 2787 1206 2814 de
1224 2787 1258 2814 iis
1275 2787 1302 2814 in
1316 2783 1545 2813 annotationibus
1562 2784 1595 2811 ad
1610 2783 1786 2813 undecimum
1804 2783 1876 2818 pritlli

1094 2822 1255 2849 oecumeniei
1281 2822 1391 2849 concilii
1408 2819 1506 2849 Nicaeae
1518 2820 1647 2849 celebrati
1675 2817 1809 2850 canonem
1822 2817 1876 2844 fuse

1093 2857 1427 2885 commcntatilueriinus.
1461 2872 1464 2876 ι
