4076 6410
412 478 546 545 1137

1558 483 1639 545 ΙΝ
1668 482 1837 545 CAN.
1877 482 1953 544 IV
1979 478 2189 541 CONC.
2224 480 2492 542 ANCYR.

3512 481 3648 545 H38

402 598 821 667 ὑποδεξαμένων
864 599 929 652 τά
963 599 1165 670 βέϐηλα
1206 598 1376 667 δῶρα,
1418 603 1513 652 καὶ
1564 600 1730 668 μηδὲν
1776 599 1835 664 ἐξ
1891 600 1954 651 oi-

2075 597 2443 667 deliquerunt,
2481 605 2535 652 et
2564 611 2776 658 eorum,
2815 594 2907 666 qui
2939 594 3143 666 aliquid
3168 592 3393 664 impium
3424 596 3473 651 vi
3507 595 3652 653 fece-

400 693 551 744 κείου
582 690 789 759 φάκτου
843 693 1204 759 ἐπταικότων,
1240 693 1334 745 καὶ
1362 692 1468 745 τῶν
1510 692 1614 745 ἀπὸ
1646 692 1767 762 βίας
1801 692 1968 760 ἐργα-

400 783 651 850 σαμένων
684 783 879 846 ἀσεϐές
906 802 977 845 τι,
1009 786 1144 851 ὅπερ
1180 784 1296 836 ἐστὶ
1335 782 1395 835 τὸ
1449 783 1742 836 ἀναπεσεῖν
1772 784 1852 843 εἰς
1877 782 1968 834 τὸν

395 870 632 929 δεῖπνον.
663 875 972 929 Κάντεῦθεν
1000 877 1195 927 ἐκεῖνοι
1241 874 1360 943 μὲν,
1416 873 1490 937 ὡς
1535 872 1608 943 μὴ
1667 871 1969 940 διαπραεά-·

400 972 549 1032 μενοι
576 982 629 1018 τι
659 965 829 1018 κακὸν
861 965 1035 1036 (παρά
1066 967 1240 1019 ἀλλων
1273 966 1382 1034 γὰρ
1406 967 1487 1027 εἰς
1512 964 1570 1015 τὸ
1602 963 1778 1031 στόμα
1815 963 1847 1033 ἢ
1884 963 1965 1022 εἰς

394 1056 491 1117 τὰς
526 1057 714 1126 χεῖρας
740 1056 919 1109 αὐτῶν
975 1057 1239 1125 ἐνεϐλήθη
1306 1057 1367 1108 τὸ
1413 1054 1807 1124 εἰδωλόθυτον),
1864 1054 1965 1107 οὐκ

396 1148 760 1217 ἐπιτιμῶνται
781 1165 795 1181 ο
835 1141 980 1201 οὗτοι
1009 1149 1064 1200 δὲ
1090 1188 1106 1212 ,
1127 1149 1204 1211 ὥς
1233 1148 1493 1201 ἀσέϐειαν
1527 1142 1965 1218 πλημμελήσαν-

391 1254 482 1299 τες
518 1237 658 1305 μετὰ
718 1239 921 1290 οίκείου
987 1238 1218 1306 φάκτου,
1273 1237 1517 1307 δηλονότι
1571 1237 1959 1300 ἀνα-πεσόντες,

392 1328 779 1396 ὲπιτιμῶνται.
812 1329 1000 1381 Ταῦτα
1037 1330 1091 1382 δὲ
1130 1331 1428 1383 ἐθέσπισαν
1484 1328 1791 1390 ἀκολούθως
1851 1331 1964 1391 τοῖς

391 1419 493 1470 ὑπὸ
518 1420 682 1486 νόμον
717 1420 1061 1489 διορισθείσι.
1092 1422 1229 1490 Φησὶ
1274 1422 1382 1491 γὰρ
1416 1422 1473 1473 ἐν
1508 1420 1697 1489 βιϐλίῳ
1751 1420 1963 1490 δεκάτῳ

389 1510 497 1561 τῶν
533 1511 833 1563 Βασιλικῶν
862 1512 1027 1582 τίτλῳ
1062 1512 1132 1577 α’,
1171 1512 1243 1575 ὼς
1265 1514 1325 1564 τὸ
1359 1513 1456 1580 μὲν
1482 1512 1620 1566 κατὰ
1647 1514 1767 1583 βίαν
1800 1515 1963 1580 ἀφαι-

393 1600 549 1669 ρεθὲν
589 1602 697 1652 ἀπό
727 1620 871 1662 τινος
902 1602 1053 1670 μένει
1092 1602 1255 1656 πάλιν
1284 1603 1383 1671 τῆς
1401 1604 1716 1667 δεσποτείας
1744 1604 1957 1666 τούτου,

390 1694 483 1741 καὶ
510 1690 768 1743 οὐδέποτε
810 1694 940 1762 παρ’
974 1694 1303 1761 οίουδήτινος
1335 1693 1663 1758 δεσπόζεται
1696 1695 1834 1748 κατὰ
1870 1694 1963 1747 τὸν

387 1784 552 1847 νόμον
578 1781 669 1832 τὸν
700 1780 925 1849 λέγοντα
949 1796 962 1809 ·
995 1784 1074 1834 Τὰ
1108 1783 1377 1852 φούρτιϐα
1432 1784 1527 1836 καὶ
1575 1782 1646 1835 τὰ
1696 1783 1962 1853 βιπόσεσα

387 1872 642 1947 ούδέποτε
668 1874 1247 1940 οὐσουκαπιτεύονται,
1279 1876 1400 1946 ἦτοι
1461 1875 1524 1927 οὐ
1584 1876 1957 1939 δεσπόζονται.

389 1965 462 2018 Τὸ
490 1966 545 2018 δὲ
582 1966 723 2019 κατά
751 1967 915 2036 φόϐον
954 1967 1107 2020 δοθὲν
1130 1968 1267 2039 πρός
1305 1986 1427 2021 τινα
1488 1970 1641 2039 παρά
1670 1986 1837 2033 τινος,
1872 1968 1964 2022 ού·-

388 2058 845 2111 σουκαπιτεύεται
874 2059 1024 2127 παρά
1047 2058 1140 2111 τοῦ
1199 2059 1335 2130 καλῇ
1371 2059 1551 2113 πίστει
1598 2059 1828 2128 νομέως,
1858 2058 1961 2112 κᾶν

386 2147 587 2202 ὕπεστι
616 2150 693 2220 τῷ
721 2152 869 2222 φόϐῳ
904 2154 994 2205 καὶ
1026 2152 1151 2222 βία*
1196 2151 1462 2222 μετετέθη
1503 2151 1611 2222 γὰρ
1652 2151 1811 2204 τοῦτο
1870 2151 1958 2205 διὰ

383 2242 587 2293 οἰκείου
648 2244 857 2310 φάκτου
912 2244 1006 2297 τοῦ
1068 2243 1300 2313 ἀληθοῦς
1349 2243 1634 2297 δεσπότου.
1702 2243 1957 2308 Εὑλόγως

383 2333 613 2387 τείνννό
646 2335 811 2403 μηδὲν
855 2336 1159 2406 ἐνεργήσας
1200 2334 1396 2397 ἀσεϐὲς
1455 2335 1557 2388 οὐκ
1611 2336 1957 2404 ἐπιτιμᾶται,

382 2423 573 2493 ὥσπερ
613 2426 1050 2494 συγγινώσκεται
1081 2428 1174 2482 καὶ
1213 2430 1239 2481 ὁ
1280 2428 1421 2481 κατά
1461 2428 1584 2498 βίαν
1635 2428 1958 2497 ἀφαιρεθεὶς

381 2518 441 2567 τὸ
484 2519 704 2579 οἰκεῖον,
767 2520 858 2572 καὶ
920 2520 1271 2573 ἀνακαλεῖται
1330 2519 1465 2572 αὐτὸ
1496 2520 1658 2589 μέχρι
1704 2536 1961 2589 τριακον-

380 2610 637 2672 ταετίας·
679 2611 707 2663 ό
742 2611 797 2663 δέ
862 2611 1239 2681 ἐργασάμενός
1277 2629 1332 2663 τι
1379 2611 1600 2675 ἀσεϐὲς,
1637 2612 1712 2671 ὡς
1756 2612 1785 2663 ό
1823 2611 1957 2663 ἀνα-

383 2700 564 2754 πεσὼν
599 2703 741 2755 κατά
774 2703 895 2774 βίαν
924 2704 1017 2758 ἐπα
1035 2704 1128 2756 τὸν
1163 2703 1392 2773 βέϐηλον
1428 2704 1665 2767 δεῖπνον,
1696 2704 1958 2773 ἐπιτιμᾶ-

2072 698 2235 752 runt;
2270 689 2578 757 cujusmodi
2613 688 2863 743 videlicet
2893 696 2975 744 εει
3002 688 3070 741 ad
3104 687 3389 756 prandium
3423 702 3647 744 accum-

2071 777 2218 832 bere.
2303 778 2452 833 Unde
2489 779 2562 833 illi
2597 780 2839 849 quidem,
2876 788 2933 833 ut
2960 780 3050 849 qui
3090 779 3217 833 mali
3253 779 3383 833 nihil
3419 778 3647 837 fecerint

2070 870 2160 938 (ab
2187 869 2308 923 aliis
2337 871 2479 923 enim
2506 871 2558 924 in
2598 885 2658 923 os
2692 871 2775 924 vel
2810 869 2862 923 in
2899 886 3094 925 manus
3117 870 3359 941 ipsorum
3382 871 3644 941 injectum

2068 969 2151 1014 est
2183 960 2719 1032 idolothytum),non
2756 962 3094 1031 puniuntur;
3134 963 3185 1016 hi
3216 972 3419 1029 autem,
3456 973 3514 1018 ut
3548 964 3641 1033 qui

2068 1051 2289 1121 proprio
2318 1051 2461 1107 facto
2493 1066 2771 1122 peccatum
2805 1054 3163 1119 admiserunt,
3219 1054 3473 1108 nimirum
3506 1054 3645 1123 lapsi

2690 1142 2813 1197 llarc
2862 1150 3043 1197 autem
3103 1153 3506 1213 consequenter
3556 1146 3643 1204 iis.

3438 1235 3647 1291 Dicitur

2069 1153 2218 1203 sunt,
2276 1143 2599 1211 puniuntur.

2069 1248 2191 1301 quae
2245 1250 2275 1287 a
2327 1234 2541 1303 legibus
2580 1242 2777 1288 statuta
2831 1244 2960 1289 sunt
3007 1234 3360 1290 deﬁnierunt.

2066 1327 2212 1381 enim
2261 1326 2313 1379 in
2361 1326 2455 1379 lib.
2509 1341 2536 1377 κ
2594 1325 2760 1381 Basil.
2812 1333 2897 1379 tit.
2936 1325 3003 1389 1,
3057 1325 3203 1394 quod
3255 1326 3339 1392 id,
3392 1327 3539 1395 quod
3578 1328 3646 1381 ab

2065 1417 2250 1486 aliquo
2281 1418 2501 1488 quidem
2534 1416 2582 1469 vi
2616 1418 2857 1471 ablatum
2909 1426 3011 1479 est,
3063 1432 3259 1471 rursus
3302 1428 3481 1471 manet
3526 1418 3645 1486 ejus

2066 1508 2315 1575 dominii,
2370 1523 2469 1563 nec
2525 1508 2688 1562 ullius
2728 1522 2966 1575 unquam
3025 1507 3268 1562 dominio
3300 1516 3536 1572 tenetur,
3585 1517 3644 1563 ut

2065 1602 2179 1655 vult
2210 1607 2294 1655 lex
2329 1617 2450 1672 qua:
2476 1601 2640 1656 dicit:
2678 1600 2895 1654 Furtiva
2921 1609 2974 1655 et
3006 1601 3053 1654 vi
3086 1615 3338 1670 possessa
3364 1613 3640 1669 nunquam

2067 1709 2165 1746 usu
2191 1694 2505 1762 capiuntur,
2534 1694 2650 1749 sive
2670 1692 2914 1747 dominio
2944 1699 3234 1747 tenentur:
3270 1691 3416 1761 quod
3456 1700 3637 1746 autem

2066 1784 2227 1840 alicui
2278 1784 2348 1840 ab
2400 1784 2583 1854 aliquo
2632 1794 2779 1839 metu
2831 1784 3016 1839 datum
3068 1793 3173 1849 est,
3230 1798 3261 1837 a
3312 1783 3469 1838 bona;
3517 1783 3640 1837 ﬁdei

2064 1888 2386 1944 possessore
2420 1890 2521 1930 usu
2553 1875 2790 1940 capitur,
2839 1874 3053 1929 etiamsi
3093 1874 3258 1928 metui
3308 1888 3525 1943 quoque
3556 1875 3640 1930 vis

2063 1969 2224 2022 insit:
2260 1967 2372 2021 veri
2399 1966 2544 2023 enim
2576 1967 2781 2020 domini
2811 1965 3034 2036 proprio
3063 1967 3209 2021 facto
3242 1966 3503 2021 translata
3530 1976 3637 2021 est.

2061 2057 2192 2113 Jure
2226 2073 2377 2129 ergo,
2430 2059 2524 2126 qui
2560 2057 2696 2112 nihil
2746 2057 2971 2126 impium
3022 2055 3173 2121 fecit,
3227 2072 3337 2111 non
3374 2058 3638 2126 punitur;

2061 2148 2519 2220 quemadmodum
2544 2150 2663 2203 etei
2688 2147 3013 2218 ignoscitur,
3040 2146 3124 2201 cui
3150 2147 3201 2201 vi
3222 2161 3382 2202 suum
3401 2146 3639 2201 ablatum
3666 2194 3673 2207 ,

2059 2250 2163 2305 est.
2219 2242 2264 2297 si
2311 2240 2365 2295 id
2412 2242 2479 2295 ad
2513 2242 2735 2311 triginta
2768 2256 2947 2295 annos
2984 2254 3157 2309 usque
3206 2248 3446 2294 revocat.
3534 2237 3641 2305 Qui

2060 2343 2242 2388 autem
2261 2332 2464 2402 aliquid
2481 2332 2704 2400 impium
2730 2331 2876 2397 fecit,
2903 2339 2961 2385 ut
2978 2332 3066 2401 qui
3088 2332 3141 2384 in
3166 2330 3397 2400 profano
3413 2329 3642 2399 prandio

2059 2426 2110 2478 vi
2142 2424 2421 2489 accubuit,
2454 2426 2713 2494 punitur;
2767 2421 3230 2493 quemadmodum
3265 2421 3313 2477 ei
3350 2436 3458 2475 non
3488 2420 3638 2489 igno-

2058 2519 2251 2581 scitur,
2309 2517 2402 2586 qul
2442 2516 2656 2586 propria
2691 2531 2876 2576 manu,
2934 2516 3079 2585 quod
3132 2529 3291 2569 suum
3324 2523 3427 2577 est,
3472 2514 3638 2568 alicui

2061 2616 2207 2663 metu
2244 2606 2488 2662 tradidit.
2554 2607 2684 2662 Post
2718 2605 3037 2661 decennium
3071 2606 3215 2660 enim
3254 2604 3491 2675 perdidit
3520 2603 3641 2672 ejus

2058 2700 2388 2755 dominium.

380 2810 490 2855 ται,
534 2794 715 2857 καθὼς
764 2796 824 2846 οὐ
891 2796 1325 2862 συγγινώσκεται
1353 2795 1448 2847 καὶ
1504 2795 1535 2847 ό
1586 2794 1730 2849 κατά
1783 2794 1946 2863 φόϐον
1966 2792 2341 2864 οὶκειοχείρως
2386 2792 2662 2863 παραδοὺς
2733 2790 2873 2862 πρός
2912 2803 3053 2845 τινα
3086 2787 3145 2840 τὸ
3195 2787 3414 2842 οἰκεῖον.
3482 2785 3639 2839 Μετὰ

379 2888 487 2956 γὰρ
519 2888 802 2941 δεκαετίαν
832 2888 1095 2942 ἀπόλλυσι
1142 2888 1242 2959 τὴν
1272 2888 1592 2944 δεσποτείαν
1643 2888 1835 2944 αὑτοῦ.

452 2983 697 3035 ΖΩΝΛΡ.
737 2982 915 3045 Ὅσοι,
950 2985 1117 3051 φησὶν
1148 2985 1174 3033 ό
1207 2981 1413 3046 κανὼν,
1475 2983 1788 3051 βιασθέντες
1828 2984 1950 3036 ἐθυ-

382 3089 502 3132 σαν,
530 3073 561 3141 ἢ
593 3076 683 3124 καὶ
715 3075 925 3135 ἐντοῖς
961 3073 1199 3133 εἰδώλοις
1238 3076 1561 3144 ἐδείπνησαν
1586 3077 1951 3145 μετασχόντες

379 3162 488 3214 τῶν
515 3162 909 3229 εἰδωλοθύτων,
933 3163 1138 3216 τούτων
1162 3164 1261 3233 τὴν
1291 3164 1534 3218 διάθεσιν
1566 3164 1672 3235 χρὴ
1700 3167 1947 3233 σκοπεῖν,

380 3256 475 3306 καὶ
514 3258 648 3323 πρὸς
673 3255 887 3325 ἐκείνην
926 3256 1131 3307 τυποῦν
1180 3257 1365 3316 αὐτοῖς
1410 3256 1503 3307 καὶ
1547 3256 1618 3308 τὰ
1676 3255 1947 3326 ἐπιτίμια.

380 3346 443 3397 Εἰ
484 3345 582 3412 μὲν
603 3345 712 3414 γὰρ
739 3344 1077 3415 ἀπαγόμενοι
1112 3345 1247 3416 πρὸς
1276 3344 1337 3398 τὸ
1384 3343 1543 3400 θῦσαι
1578 3344 1610 3419 ἢ
1637 3345 1948 3416 δειπνῆσαι,

379 3437 475 3488 καὶ
517 3437 701 3505 σχῆμα
728 3438 952 3506 φαιδρὸν
992 3438 1391 3502 ἐπεδείκνυντο,
1453 3439 1550 3492 καὶ
1593 3441 1778 3510 ἐσθῆτι
1811 3440 1950 3511 λαμ-

380 3530 492 3597 πρᾷ
532 3531 848 3600 ἐκόσμησαν
880 3531 1129 3593 ἑαυτοὺς,
1156 3532 1249 3585 καὶ
1288 3530 1397 3584 τῶν
1420 3530 1788 3585 εἰδωλοθύτων
1819 3550 1949 3603 μετ-

382 3620 539 3688 έσχον
582 3621 927 3689 ἀδιαφόρως,
982 3624 1233 3675 τουτέστι
1279 3623 1356 3691 μὴ
1414 3623 1819 3698 διαφερόμενοι.
1854 3627 1950 3678 καὶ

374 3716 696 3783 (δακνόμενοι
722 3715 795 3777 ὡς
829 3715 1219 3784 μιμιασμένων
1267 3715 1579 3783 γευόμενοι,
1604 3716 1721 3768 ἀλλ’
1777 3716 1951 3784 ἐμφοιο

382 3805 636 3874 ρ’)ύμενοι
673 3805 901 3870 τούτων,
957 3807 1032 3867 ὠς
1094 3807 1143 3858 εί
1204 3802 1344 3876 ἦσαν
1399 3806 1668 3876 ἀμίαντα·
1725 3807 1951 3871 τούτους

380 3895 628 3948 ἐνιαυτὸν
678 3895 779 3965 μὲν
826 3897 1134 3967 ἀκροᾶσθαι
1182 3897 1416 3962 κελεύει,
1475 3899 1533 3950 ἐν
1592 3896 1671 3967 τῷ
1718 3897 1953 3969 νάρθηκι

380 3991 728 4058 ἱσταμένους,
774 3991 867 4041 καὶ⁹
910 3988 1205 4053 ἀκούοντας
1249 3989 1359 4043 τῶν
1401 3989 1657 4059 Γραφῶν,
1714 3989 1841 4060 τρία
1898 3991 1955 4045 δὲ

380 4081 472 4150 ἔτη
505 4080 832 4132 ὑποπίπτειν
861 4082 980 4150 ἤτοι
1003 4079 1228 4133 ὄπισθεν
1254 4080 1348 4133 τοῦ
1382 4079 1635 4149 ἄμϐωνος
1673 4079 1951 4147 ἵστασθαι,

380 4173 476 4224 καὶ
508 4173 644 4240 μετὰ
668 4170 775 4224 τῶν
818 4172 1241 4242 κατηχουμένων
1271 4172 1492 4236 ἐξιέναι,
1526 4172 1691 4241 εὐχῆς
1738 4171 1795 4225 δὲ
1853 4174 1951 4241 μό-

377 4280 477 4330 νης
521 4262 849 4331 κοινωνῆσαι
883 4264 976 4331 ἐτη
1006 4264 1122 4327 δύο,
1154 4264 1291 4333 ὅπερ
1325 4265 1440 4316 ἐστὶ
1465 4263 1526 4315 τὸ
1552 4263 1714 4334 μέχρι
1764 4263 1952 4328 τέλους

380 4354 731 4407 συνίστασθαι
793 4358 886 4408 καὶ
948 4355 1308 4425 συνεύχεσθαι
1364 4359 1476 4419 τοῖς
1566 4358 1803 4421 πιστοῖς,
1856 4357 1951 4409 καὶ⁵

380 4449 521 4517 μετά
541 4448 711 4502 ταῦτα
744 4448 919 4501 ἐλθεῖν
949 4450 1040 4503 ἐπὶ
1069 4450 1129 4502 τὸ
1151 4448 1377 4514 τέλειον,
1417 4451 1556 4517 ὅπερ
1593 4450 1740 4501 ἐστὶν
1774 4449 1807 4519 ή
1839 4448 1949 4502 τῶν

376 4541 734 4607 ἁγιασμάτων
774 4541 1093 4610 μετάληψις.

2126 2978 2377 3033 ZONAR.
2467 2977 2796 3045 Quicunque
2848 2974 3025 3030 coacti
3101 2973 3495 3040 immolavere,
3549 2972 3635 3025 vel

2052 3072 2220 3127 etiam
2259 3071 2313 3125 in
2348 3069 2508 3125 idolis
2544 3070 2934 3123 accumbentes
2985 3067 3283 3137 idolothyta
3318 3074 3633 3137 gustarunt.

2053 3178 2264 3228 eorum,
2322 3161 2498 3231 inquit
2536 3176 2733 3227 canon,
2792 3160 2960 3214 animi
3020 3159 3361 3215 aﬁ‘cctionem
3411 3157 3633 3218 intueri,

2056 3270 2263 3326 proque
2332 3254 2476 3309 illius
2538 3254 2755 3308 ratione
2828 3253 3096 3323 supplicia
3172 3252 3366 3306 iisdem
3437 3251 3633 3303 luenda

2057 3348 2329 3407 moderari
2353 3356 2588 3422 oportet.
2635 3346 2870 3413 Etenim,
2897 3347 2940 3404 si
2965 3348 3093 3402 dum
3118 3346 3183 3403 ad
3209 3342 3631 3424 sacriﬁcandum

2051 3444 2454 3515 epulandumve
2482 3445 2908 3504 abducerentur,
2940 3450 2993 3495 et
3026 3440 3209 3495 habitu
3239 3438 3395 3492 hilari
3446 3437 3629 3505 splen-

2051 3539 2371 3609 didioreque
2410 3538 2639 3594 vestium
2675 3545 2869 3591 ornatu
2894 3535 3067 3590 induti
3106 3534 3416 3594 incessere;
3444 3530 3631 3584 etim-

2053 3631 2377 3685 molatorum
2410 3630 2617 3699 absque
2654 3629 2967 3686 discrimine
2994 3626 3283 3696 participes
3321 3621 3491 3685 fuere,
3527 3621 3630 3675 hoe

2051 3731 2135 3777 est
2165 3722 2388 3792 perinde
2422 3723 2579 3792 quasi
2624 3722 2760 3776 nihil
2793 3722 2862 3776 ab
2892 3719 3015 3775 aliis
3058 3718 3305 3772 ciborum
3336 3713 3633 3783 generibus

2054 3813 2354 3877 differrent,
2394 3814 2465 3868 ila
2502 3823 2561 3868 ut
2591 3813 2748 3876 nihil,
2802 3810 2951 3881 quod
3005 3810 3226 3880 pollutis
3255 3812 3630 3866 vescerentur,

2056 3903 2338 3969 dolerent;
2365 3920 2553 3958 verum
2574 3904 2642 3961 iis
2665 3918 2809 3965 sese,
2840 3901 2994 3972 quasi
3023 3914 3133 3955 non
3160 3896 3402 3968 pollutis,
3422 3893 3628 3969 affatim

2056 3997 2495 4067 ingurgitarent:
2562 4011 2657 4052 eos
2707 3994 2871 4050 unius
2917 3993 3046 4048 anni
3101 3990 3278 4061 spatio
3327 3988 3519 4042 audire
3575 3985 3629 4038 in

2056 4090 2319 4145 narthecc
2346 4098 2576 4153 stantes,
2625 4100 3017 4156 sacrarumque
3047 4084 3455 4154 Scripturarum
3492 4079 3631 4151 reci-

2059 4182 2253 4236 tationi
2287 4190 2523 4237 attentos
2544 4222 2558 4247 ,
2614 4180 2855 4235 triennio
2889 4192 3017 4233 vero
3052 4173 3355 4239 substerni,
3409 4173 3513 4225 hoc
3543 4177 3632 4224 est

2055 4281 2179 4340 post
2224 4271 2512 4325 ambonem
2563 4271 2889 4334 consistere,
2944 4277 2997 4323 et
3042 4281 3165 4321 eum
3220 4258 3628 4317 catechumcris

2050 4363 2231 4430 egredi
2254 4402 2270 4428 ,
2324 4362 2542 4417 biennio
2576 4377 2704 4416 vero
2739 4357 3033 4430 precationi
3066 4354 3442 4411 tantummodo
3474 4362 3628 4405 com-

2051 4454 2351 4518 municare,
2411 4454 2512 4508 hoc
2563 4464 2667 4517 est,
2716 4452 2783 4507 ad
2818 4452 2977 4507 linem
3015 4463 3189 4519 usque
3217 4460 3341 4503 cum
3373 4443 3624 4499 ﬁdelibus

2049 4548 2337 4613 interesse,
2394 4556 2448 4603 et
2478 4561 2602 4602 cum
2649 4546 2715 4602 iis
2750 4561 2857 4600 una
2892 4541 3187 4615 precationi
3219 4554 3411 4594 vacare
3435 4537 3625 4606 jubet;

376 4640 537 4699 atque
572 4633 639 4685 ita
678 4633 891 4685 demum
929 4645 1109 4701 postea
1143 4635 1207 4688 ad
1241 4635 1293 4689 id
1327 4636 1468 4704 quod
1497 4634 1797 4705 perfectum
1844 4646 1952 4703 est,
2011 4652 2325 4697 sanctorum
2385 4641 2639 4697 videlicet
2716 4639 3100 4709 mysteriorum
3193 4632 3625 4705 perceptionem.

371 4722 663 4776 accedendi
698 4731 1016 4788 potestatem
1051 4724 1199 4780 far-it.

374 4817 593 4874 ΑΡΙΣΤ.
634 4818 821 4870 ι”Οσοι
860 4819 1200 4887 ἀπαγόμενοι
1238 4823 1375 4888 μετὰ
1409 4822 1676 4893 θυμηδίας
1712 4822 1943 4893 ἀνῆλθον

2057 4825 2276 4880 AltlST.
2310 4845 2327 4877 ι
2355 4826 2628 4895 Quotquot
2658 4822 2877 4878 abducti
2904 4819 3226 4876 cumlzetitia
3257 4816 3624 4875 ascenderunt

454 4929 473 4962 ι
515 4911 608 4962 καὶ
640 4910 863 4978 ἔφαγον,
894 4909 985 4960 ἐπὶ
1015 4908 1260 4974 ἑξαετίαν
1285 4910 1758 4965 ὗποπιπτέτωσαν.
1780 4932 1797 4964 ι

455 5003 610 5055 Ὀσοι
645 5000 804 5053 θῦσαι
834 5000 1191 5071 ἐϐιάσθησαν,
1228 5002 1260 5071 ἢ
1312 5003 1407 5054 καὶ
1432 5003 1722 5071 δειπνῆσαι
1770 5005 1827 5056 ἐν
1866 5004 1945 5074 τῷ

372 5092 653 5161 είδωλείῳ,
681 5093 777 5145 ἐὰν
810 5092 950 5162 μετά
976 5093 1136 5145 τοῦτο
1175 5092 1499 5157 ὁπείξαντες
1535 5095 1671 5165 μετά
1732 5096 1947 5164 σχήμα-

369 5201 464 5246 τος
498 5183 859 5254 φαιδροτέρου
892 5185 1150 5253 ἀνῆλθον,
1180 5186 1275 5238 καὶ
1305 5185 1492 5254 ἐσθῆτι
1521 5188 1825 5258 ἐχρήσαντο
1850 5205 1943 5241 πο-

369 5276 752 5345 λυτελεστέρα,
786 5277 880 5329 καὶ
922 5277 1016 5330 τοῦ
1053 5278 1271 5331 δείπνου
1304 5279 1588 5347 μετέσχον,
1638 5279 1667 5350 ἢ
1716 5280 1810 5331 καὶ
1841 5281 1944 5350 τὴν

370 5365 565 5419 θυσίαν
618 5369 988 5437 προσέφερονο
1031 5364 1176 5423 οὗτοι
1227 5370 1320 5423 ἐπὶ
1370 5372 1615 5424 ἐνιαυτὸν
1661 5374 1801 5442 μετὰ
1834 5373 1943 5425 τῶν

368 5455 738 5526 ἀκροωμένων
769 5458 1155 5528 ταχθήσονται,
1218 5462 1309 5514 ἐπὶ
1347 5462 1403 5514 δὲ
1431 5461 1554 5530 τρία
1586 5461 1679 5529 ἐτη
1740 5462 1944 5514 ὑποπε-

371 5546 611 5613 σοῦνται,
638 5548 728 5600 καὶ
757 5549 839 5616 ἐφ’
867 5549 1031 5620 ἕτερα
1067 5550 1158 5604 δύο
1187 5552 1282 5621 ἔτη
1312 5554 1448 5621 μετά
1479 5552 1587 5605 τῶν
1614 5551 1820 5604 πιστῶν
1844 5552 1943 5621 τὴν

372 5637 636 5691 σύστασιν
673 5638 937 5705 δέξονται,
971 5643 1067 5697 καὶ
1101 5644 1276 5711 μόνων
1300 5644 1409 5697 τῶν
1456 5644 1633 5713 εὐχῶν
1687 5645 1946 5709 κοινωνή-

370 5746 556 5783 σουσι·
605 5733 742 5800 μετὰ
788 5732 843 5785 δὲ
885 5732 983 5803 τὴν
1028 5734 1280 5800 ἑξαετίαν
1329 5736 1531 5805 ταύτην
1578 5736 1679 5803 τῆς
1740 5734 1942 5787 τελειό-

366 5838 531 5889 τητος
572 5821 799 5893 τύχωσι,
850 5825 941 5878 καὶ
1000 5825 1107 5878 τῶν
1159 5826 1319 5881 θείων
1370 5827 1734 5897 ἀγιασμάτων
1775 5824 1937 5894 μετά-

372 5929 565 5983 qua.

2128 4940 2147 4971 ι
2192 4930 2245 4973 et
2275 4920 2652 4984 comederunt,
2687 4932 2781 4972 sex
2813 4932 2985 4972 annos
3015 4931 3073 4972 se
3098 4915 3442 4970 submittant.
3476 4931 3496 4964 ι

2121 5010 2444 5079 Quicunque
2495 5009 2808 5065 sacriﬁcare
2846 5008 2930 5063 vel
2978 5008 3029 5061 in
3060 5007 3185 5060 idoli
3222 5006 3423 5074 templo
3460 5019 3625 5069 pran-

2051 5102 2180 5155 dere
2210 5101 2381 5155 coacti
2417 5108 2580 5166 sunt,
2633 5100 2679 5155 si
2716 5107 2907 5166 postea
2935 5099 3195 5154 cedentes
3223 5096 3407 5150 habitu
3439 5094 3628 5163 splen-

2049 5191 2249 5245 didiori
2279 5190 2621 5255 incedebant,
2654 5198 2749 5245 aut
2769 5193 2974 5244 amictu
3012 5190 3305 5243 utebantur
3333 5194 3621 5253 sumptuo-

2047 5284 2200 5347 siori,
2236 5294 2289 5337 et
2320 5282 2534 5351 prandii
2574 5291 2779 5351 partem
2811 5280 3173 5349 accipiebant,
3202 5286 3256 5332 et
3290 5274 3618 5330 sacrilicium

2049 5378 2367 5440 oﬁerehant,
2402 5377 2454 5431 hi
2485 5392 2594 5431 uno
2624 5391 2767 5431 anno
2797 5377 2938 5430 inter
2971 5375 3257 5429 audientes
3282 5369 3623 5425 constitueno

2049 5478 2153 5531 tur,
2189 5477 2298 5524 tres
2327 5477 2506 5522 autem
2541 5482 2714 5522 annos
2745 5468 3185 5527 substernentur,
3228 5472 3284 5517 et
3311 5462 3449 5516 duos
3479 5460 3618 5515 alios

2048 5575 2223 5614 annos
2255 5576 2361 5614 una
2389 5576 2512 5614 cum
2538 5558 2788 5613 ﬁdelibus
2819 5558 3070 5612 collocati
3100 5563 3281 5618 erunt,
3309 5561 3363 5608 et
3392 5566 3617 5622 precum

2041 5651 2287 5707 Mlarum
2344 5659 2505 5705 erunt
2537 5651 2865 5719 participes:
2919 5656 3043 5716 post
3090 5661 3186 5702 sex
3242 5651 3423 5699 autem
3476 5644 3615 5697 istos

2048 5755 2221 5795 annos
2269 5741 2617 5809 perfectionis
2663 5749 2943 5809 compotes
2994 5738 3142 5805 ﬁent,
3200 5745 3253 5794 et
3303 5735 3616 5791 divinorum

2046 5843 2511 5889 sacramentorum
2546 5833 2861 5902 participes.
