4076 6390
486 369 625 445 1139

1007 488 1173 569 379
1195 489 1419 555 CANON
1457 499 1518 555 ιτ.

489 606 513 644 ι
549 588 873 659 Quicunque
905 596 1087 644 autem
1113 598 1236 644 cum
1257 603 1406 646 veste
1440 591 1651 661 lugubri
1685 602 2054 658 accesserunt,

561 698 584 735 ι
617 690 672 737 et
707 681 1090 736 accumbentes
1128 683 1498 749 comederunt,
1526 686 1731 739 interea
1761 692 1875 739 toto
1896 700 2060 739 accu-

568 793 588 828 ι
628 775 772 829 bitus
798 783 1038 841 tempore
1071 774 1338 845 lacrymas
1370 775 1679 842 (irridentes,
1717 777 1762 833 si
1795 778 2058 832 triennale

561 885 582 919 ι
625 867 1013 923 substrationis
1046 876 1261 936 tempus
1292 870 1703 938 compleverint,
1751 870 1868 925 sine
1912 871 2060 925 obla-

568 977 590 1010 ¢
630 960 777 1013 tione
808 959 1139 1028 recipiantur
1175 976 1189 1013 :
1223 960 1307 1013 sin
1341 972 1519 1015 autem
1552 977 1663 1017 non
1696 962 2054 1028 comederint,

565 1070 583 1102 ι
624 1052 845 1105 biennio
889 1050 1151 1106 substrati
1179 1093 1195 1117 ,
1252 1054 1412 1108 tertio
1462 1066 1606 1109 anno
1654 1057 2059 1110 communicent

567 1160 587 1194 ι
627 1142 744 1198 sine
775 1142 1068 1205 oblatione,
1100 1152 1159 1198 ut
1184 1144 1569 1213 perfectionem
1602 1147 1835 1200 triennio
1861 1161 2059 1202 consei-

569 1252 587 1284 ε
628 1241 884 1302 quantur.
925 1233 1175 1304 Episcopi
1210 1245 1386 1290 autem
1434 1245 1754 1306 putestatem
1804 1238 2059 1303 habeam,

564 1341 585 1374 ι
624 1324 1058 1379 conversationis
1097 1325 1314 1379 modum
1345 1328 1744 1393 examinantes,
1770 1328 1853 1383 vel
1876 1329 2060 1383 utendi

566 1434 586 1469 ι
632 1417 939 1482 clementia,
976 1417 1056 1472 vel
1107 1411 1227 1486 plUs
1272 1420 1533 1489 temporis
1574 1420 1887 1490 adjiciendi.
1921 1421 2063 1480 Ante

569 1527 588 1559 ι
630 1508 813 1562 omnia
847 1518 1029 1564 autem
1058 1518 1111 1563 et
1147 1511 1453 1577 praecedens
1480 1512 1613 1577 vita,
1636 1520 1687 1568 et
1717 1529 1836 1583 quae
1864 1530 2064 1571 consc-

569 1591 750 1656 r'cnta
788 1612 894 1665 est,
923 1603 1284 1668 examinetur,
1316 1612 1369 1658 ct
1397 1605 1475 1659 sic
1510 1606 1590 1661 eis
1633 1606 1923 1665 clementia
1957 1610 2063 1665 im-

569 1712 588 1744 ι
631 1692 918 1761 partiatur.
962 1713 979 1745 ι
1295 1677 1301 1683 ’

564 1776 760 1841 BALS.
808 1786 880 1841 De
913 1788 1166 1857 praesenti
1215 1800 1428 1843 canone
1469 1791 1827 1847 tractavimus
1874 1793 1927 1847 in
1972 1792 2059 1848 in-

490 1879 876 1948 terpretatione
910 1881 1137 1935 canonis
1166 1879 1221 1945 4,
1240 1888 1293 1933 et
1332 1894 1401 1934 ne
1435 1880 1566 1951 quid
1598 1874 1829 1950 amplius
1856 1898 2060 1953 quaere.

562 1964 815 2024 ZONAR.
853 1969 1070 2034 Eorum,
1099 1971 1189 2039 qui
1214 1972 1265 2026 vi
1297 1971 1473 2027 adacti
1503 1973 1661 2028 idolis
1692 1974 2062 2042 immolarunt,

490 2059 832 2119 allectionem
868 2061 1304 2131 uniuscujusque
1340 2064 1777 2134 cognoscendam
1807 2108 1822 2134 ,
1853 2083 2066 2139 proque

490 2149 609 2220 ejus
650 2154 860 2207 ratione
887 2167 1011 2209 cum
1047 2153 1279 2225 singulis
1321 2159 1589 2224 agendum
1638 2174 1761 2214 esse
1797 2162 2064 2217 constitu-

491 2234 606 2297 ιιιηὶ
637 2251 739 2299 est.
774 2244 908 2298 Cum
943 2256 1074 2315 ergo
1117 2245 1185 2301 de
1230 2246 1298 2303 iis
1332 2247 1447 2317 qui,
1484 2248 1621 2303 nihil
1668 2249 1937 2318 dolentes,
1970 2252 2065 2308 sed

491 2334 690 2390 laetitiae
722 2336 902 2405 potius
930 2338 1131 2406 aliquid
1162 2353 1273 2411 pra
1303 2355 1362 2395 se
1396 2339 1655 2405 ferentes,
1681 2342 2055 2411 immolavere,

491 2443 670 2484 canon
724 2439 882 2484 antea
922 2424 1279 2499 disseruerit;
1314 2444 1458 2489 nunc
1505 2435 1572 2490 de
1617 2436 1684 2491 iis
1745 2438 1840 2506 qui
1882 2438 2063 2493 idoloa

491 2523 641 2593 thyta
681 2524 908 2591 scilicet,
943 2541 1126 2580 verum
1159 2536 1269 2582 nan
1299 2528 1417 2582 sine
1458 2529 1659 2583 acerbo
1690 2530 1859 2583 animi
1895 2537 2061 2586 sensti

489 2631 555 2671 ac
606 2616 878 2687 lacrymis,
918 2629 1224 2686 gnstavere,
1275 2620 1538 2677 decernit.
1588 2621 1739 2687 Quos
1788 2623 2006 2692 quidem
2045 2664 2061 2690 ,

488 2716 679 2765 exacto
718 2711 1104 2767 substrationis
1135 2711 1391 2776 triennio,
1442 2712 1496 2766 in
1555 2722 1883 2767 conventum
1934 2715 2062 2770 abs-

489 2816 596 2866 que
624 2800 896 2856 oblatione
933 2804 1167 2869 admitti,
1205 2802 1306 2858 hoc
1334 2812 1437 2868 est,
1480 2803 1534 2856 in
1569 2803 1799 2859 ecclesia
1842 2804 2060 2873 quidem

488 2905 613 2949 Cum
646 2890 891 2948 ﬁdelibus
926 2892 1248 2959 consistere,
1286 2910 1394 2949 non
1429 2902 1606 2949 tamen
1654 2897 2062 2951 communicare

484 2983 658 3052 jubet.
704 2984 858 3050 Quod
905 2985 948 3040 si
992 2985 1147 3049 nihil,
1182 2986 1378 3053 inquit,
1419 3001 1484 3041 ex
1531 2985 1827 3041 immolatis
1877 2999 2063 3055 gusta-

488 3092 638 3142 vere,
675 3078 896 3132 biennio
934 3077 1223 3144 substrati,
1278 3079 1381 3133 hoc
1409 3087 1515 3146 est,
1548 3079 1600 3134 in
1639 3079 2060 3153 catechumeno-

1763 382 2043 452 THEOD.
2076 387 2474 451 BALSAMON

2077 503 2126 560 Δ

3595 388 3721 458 1140

2768 505 3005 559 ΚΑΝΩΝ
3041 502 3114 560 E'.

2162 618 2181 651 ι
2218 600 2374 653 Ὅσοι
2405 598 2461 653 δέ
2492 598 2723 669 ἀνῆλθον
2755 598 2892 669 μετά
2922 599 3145 669 ἐσθῆτος
3175 596 3457 669 πενθικῆς,
3486 596 3583 652 καὶ
3610 598 3731 654 ἀνα-ο

2233 710 2252 743 ι
2300 692 2558 755 πεσόντες
2581 690 2803 761 ἔφαγον,
2828 688 3030 759 μεταξὺ
3055 689 3124 742 δι’
3139 689 3265 758 ὅλης
3284 689 3383 759 τῆς
3403 688 3725 753 ἁνακλίσεως

2236 804 2256 837 ι
2299 784 2646 853 δακρύοντες,
2677 786 2724 836 εί
2756 783 3085 853 ἐπλήρωσαν
3111 783 3210 852 τὴν
3242 782 3341 850 τῆς
3372 781 3729 843 ὕποπτώσεως

2238 895 2258 928 ι
2304 875 2490 946 τριετῆ
2531 875 2755 945 χρόνον,
2790 878 2959 945 χωρὶς
2999 874 3318 944 προσφορᾶς
3357 871 3726 941 δεχθήτωσανδ

2238 986 2257 1019 ι
2301 970 2349 1021 εί
2375 967 2429 1020 δέ
2460 966 2533 1037 μὴ
2561 967 2783 1035 ἔφαγον,
2812 965 2904 1018 δύο
2933 964 3301 1025 ὑποπεσόντες
3329 964 3444 1033 ἐτη,
3471 963 3549 1032 τῷ
3572 964 3730 1034 τρίτῳ

2239 1076 2257 1109 ι
2304 1057 2735 1111 κοινωνείτωσαν
2780 1054 2888 1108 ἔτει
2937 1057 3105 1124 χωρὶς
3157 1053 3492 1121 προσφορᾶς,
3543 1042 3631 1104 ἵνα
3674 1051 3731 1103 τὸ

2240 1169 2259 1202 ι
2302 1149 2507 1202 τέλειον
2524 1151 2588 1219 τῇ
2609 1147 2896 1218 τετραετίᾳ
2912 1145 3167 1199 λάϐωσιν.
3185 1145 3323 1207 Τοὺς
3339 1145 3394 1196 δέ
3412 1143 3733 1207 ἐπισκόπους

2242 1261 2262 1294 ι
2307 1241 2554 1307 ἐξουσίαν
2598 1241 2742 1311 ἔχειν
2782 1241 2872 1294 τὸν
2908 1239 3106 1308 τρόπον
3144 1239 3242 1306 τῆς
3281 1234 3617 1307 ἐπιστροφῆς
3655 1224 3735 1287 δο-

2241 1351 2261 1387 ι
2306 1335 2647 1403 κιμάσαντας
2670 1327 3253 1402 φιλανθρωπεύσασθαι
3278 1316 3309 1399 ἦ
3335 1327 3557 1381 πλείονα
3584 1343 3736 1396 προσο

2242 1440 2261 1475 ι
2305 1423 2509 1476 τιθέναι
2545 1422 2756 1492 χρόνον.
2797 1423 2907 1490 Πρὸ
2944 1421 3161 1474 πάντων
3194 1418 3251 1471 δὲ
3290 1418 3387 1472 καὶ
3422 1419 3451 1469 ό
3488 1416 3736 1489 προάγων

2242 1532 2261 1565 ι
2309 1513 2444 1584 βίος,
2477 1516 2567 1567 καὶ
2601 1516 2627 1567 ὁ
2663 1514 2798 1584 μετὰ
2827 1514 3018 1576 ταῦτα,
3055 1510 3413 1577 ἐξεταζέσθω,
3445 1510 3540 1563 καὶ
3577 1508 3738 1569 οὕτως

2242 1621 2262 1657 ι
2308 1608 2341 1675 ἠ
2383 1604 2762 1676 φιλανθρωπία
2795 1602 3216 1674 ἐπιμετρείσθω.
3266 1616 3283 1653 ι

2237 1777 2428 1841 ΒΑΛΣ.
2471 1782 2609 1854 Περὶ
2640 1783 2733 1837 τοῦ
2773 1783 3040 1855 παρόντος
3078 1781 3300 1844 κανόνος
3337 1770 3659 1850 διελάϐομεν
3691 1782 3743 1833 ἐν

2167 1881 2232 1951 τῇ
2269 1876 2537 1949 ἑρμηνείᾳ
2569 1873 2663 1929 τοῦ
2695 1877 2737 1930 δ’
2764 1876 3015 1939 κανόνος,
3047 1875 3144 1927 καὶ
3179 1873 3340 1928 πλέον
3370 1890 3425 1926 τι
3462 1873 3538 1942 μὴ
3574 1874 3742 1942 ζήτει.

2239 1969 2486 2025 ΖΩΝΑΡ.
2520 1969 2750 2039 Εἴρηται
2775 1967 2874 2037 τὴν
2900 1966 3142 2020 διάθεσιν
3170 1966 3395 2018 σκοπεῖν
3421 1964 3531 2018 τῶν
3556 1966 3747 2019 θυσάν-

2166 2079 2277 2116 των
2318 2062 2382 2115 ἐκ
2425 2060 2576 2129 βίας,
2617 2058 2714 2112 καὶ
2756 2058 2892 2128 πρὸς
2934 2058 3150 2128 ἐκείνην
3185 2057 3492 2125 οἰκονομεῖν
3532 2055 3693 2109 αὐτού
3710 2075 3745 2110 ὀ

2169 2152 2352 2208 Εἰπὼν
2388 2151 2480 2206 οὖν
2514 2153 2541 2204 ό
2575 2149 2755 2205 κανὼν
2785 2150 2856 2203 τὰ
2892 2150 3020 2221 περὶ
3053 2147 3161 2201 τῶν
3195 2146 3511 2209 θυσάντων,
3547 2147 3641 2199 καὶ
3676 2145 3747 2215 μὴ

2169 2244 2532 2308 πενθούντων,
2567 2243 2702 2296 ἀλλὰ
2732 2241 3086 2312 φαιδρότερον
3118 2238 3501 2307 διακειμένων,
3533 2239 3629 2291 νῦν
3657 2238 3747 2290 καὶ

2167 2338 2297 2408 περὶ
2332 2337 2442 2389 τῶν
2475 2334 2759 2403 φαγόντων
2797 2332 2896 2401 μὲν
2927 2330 3251 2384 εἰδωλόθυτα
3276 2371 3289 2393 ,
3322 2329 3675 2398 δακνομένων
3707 2324 3750 2378 δ’

2165 2429 2258 2483 ἐπὶ
2282 2425 2458 2496 τούτῳ
2486 2424 2579 2477 καὶ
2606 2421 2970 2492 δακρυόντων,
2999 2418 3185 2488 φησίν.
3212 2417 3319 2481 Οὓς
3348 2418 3487 2482 μετὰ
3512 2416 3754 2499 τριετίαν

2164 2519 2267 2589 τῆς
2294 2513 2661 2572 ὑποπτώσεως
2694 2509 2944 2579 δέχεσθαι
2973 2507 3406 2576 παρακελεύεται
3436 2504 3515 2570 είς
3547 2506 3750 2560 σύστα-

2166 2627 2250 2662 σιν
2286 2609 2452 2677 χωρὶς
2486 2598 2835 2674 προσφορᾶς,
2869 2601 3035 2670 ἤγουν
3072 2599 3426 2653 συνίστασθαι
3463 2599 3564 2667 μέν
3599 2600 3657 2650 ἐν
3689 2599 3750 2667 τῇ

2165 2700 2431 2771 ἐκκλησίᾳ
2471 2699 2586 2757 τοῖς
2641 2695 2882 2757 πιστοῖς,
2919 2691 2993 2762 μὴ
3029 2688 3467 2760 μεταλαμϐάνειν
3495 2690 3576 2742 δέ.
3612 2688 3676 2742 El
3703 2688 3755 2740 δέ

2162 2795 2263 2849 οὐκ
2308 2793 2542 2861 ἔφαγον,
2590 2788 2760 2858 φησὶ,
2808 2785 3016 2839 διετίαν
3060 2782 3461 2846 ὑποπεσόντες,
3504 2782 3755 2834 τουτέστι

2168 2886 2306 2959 μετὰ
2334 2884 2441 2938 τῶν
2471 2877 2896 2950 κατηχουμένων
2927 2876 3235 2945 ἱστάμενοι,
3268 2875 3360 2926 καὶ
3394 2874 3490 2925 σὺν
3519 2872 3756 2933 ἐκείνοις

2162 2977 2534 3048 ἐξερχόμενοι,
2566 2969 2660 3025 τοῦ
2694 2969 2877 3042 τρίτου
2910 2966 3181 3037 ἁψάμενοι
3209 2963 3456 3035 ἐνιαυτοῦ
3490 2978 3755 3029 κοινωνη-

2165 3072 2416 3127 σάτωσαν
2445 3065 2618 3137 χωρὶς
2649 3060 2998 3133 προσφορᾶς,
3028 3059 3197 3129 ἤγουν
3226 3058 3321 3125 τῆς
3354 3055 3491 3125 μετὰ
3522 3056 3635 3108 τῶν
3670 3070 3758 3106 πι-

488 3183 609 3222 rum
650 3170 885 3226 statione
920 3178 1161 3237 agentes,
1197 3174 1252 3224 et
1285 3182 1407 3223 cum
1460 3169 1531 3227 iis
1578 3150 1739 3225 simul
1771 3178 2055 3232 exeuntes,

2166 3163 2304 3216 στῶν
2335 3160 2598 3219 στάσεως.
2630 3151 2932 3209 Κοινωνίαν
2962 3152 3070 3220 γὰρ
3100 3146 3331 3201 ἐνταῦθα
3364 3147 3425 3198 οὐ
3457 3146 3557 3214 τὴν
3592 3144 3756 3213 μετά-

490 3262 582 3318 ιὼί
639 3262 859 3317 tertimn
915 3275 1117 3313 annmn
1174 3259 1473 3332 attigerint,
1533 3260 1737 3331 absQue
1786 3262 2063 3319 oblatione

490 3350 916 3409 communicare,
984 3347 1224 3403 ﬁdelium
1284 3365 1477 3419 nempe
1534 3353 1818 3413 societati,
1880 3352 2061 3409 liceat.

491 3440 940 3496 Communionem
978 3454 1212 3511 namque
1244 3441 1345 3497 hoc
1375 3443 1514 3507 loco,
1548 3458 1654 3497 non
1693 3452 2063 3500 sacramento-

490 3547 612 3588 rum
641 3531 1068 3601 perceptionem,
1110 3532 1201 3587 sed
1231 3535 1399 3587 solam
1431 3551 1555 3590 cum
1591 3536 1837 3592 fidelibus
1864 3551 2066 3591 conso-

490 3622 780 3677 ciationem
817 3622 1088 3693 intelligit.
1125 3623 1304 3691 Quare
1341 3625 1469 3680 illud
1502 3626 1727 3694 addidit,
1763 3632 1881 3685 sine
1913 3628 2066 3684 obla-

489 3715 661 3777 tione,
691 3717 938 3770 ut-tertio
975 3731 1116 3773 anno
1146 3717 1288 3787 quod
1323 3718 1626 3789 perfectum
1653 3729 1735 3775 est
1762 3721 2060 3791 accipiant,

490 3811 574 3863 ut,
602 3802 849 3873 inquam,
880 3816 1074 3861 exacto
1109 3808 1365 3873 triennio,
1402 3809 1809 3866 communionis
1844 3826 2063 3880 quoque

489 3894 617 3950 boni
661 3897 949 3964 participes
976 3896 1130 3952 ﬁant.
1164 3897 1341 3969 Atque
1373 3899 1487 3955 haec
1516 3901 1733 3970 quidem
1771 3903 1843 3957 ita
1872 3918 1899 3955 a
1940 3918 2064 3957 san-

490 3988 594 4040 ctis
633 3987 887 4043 Patribus
936 3989 1229 4045 constituta
1279 3999 1429 4047 sunt.
1484 3992 1586 4047 Sed
1634 4010 1756 4047 eum
1800 3996 2063 4062 aequalem

489 4094 601 4135 non
634 4095 756 4134 esse
784 4081 838 4135 in
870 4083 1127 4137 omnibus
1158 4083 1498 4152 prenitentiae
1527 4089 1813 4152 rationem,
1834 4102 1896 4142 ac
1931 4087 2066 4143 alios

490 4171 712 4240 quidem
754 4171 1079 4242 perfectiore
1110 4184 1330 4241 conatu,
1363 4178 1681 4233 remissiore
1715 4178 1852 4235 alios
1888 4180 1939 4233 in
1971 4195 2066 4233 ex-

496 4264 709 4333 piandis
739 4264 1061 4321 criminibus
1091 4266 1340 4321 laborare
1371 4268 1730 4339 intelligerent
1757 4285 1771 4335 ;
1808 4269 1875 4323 de
1919 4282 2064 4324 uno-

492 4370 712 4426 quoque
740 4357 1013 4413 statuendi
1046 4367 1366 4428 potestatem
1396 4375 1609 4415 omnem
1640 4362 1914 4431 episcopis
1946 4376 2067 4430 pera-

493 4436 712 4513 misere,
747 4440 839 4512 ut,
872 4463 1033 4518 quam
1083 4449 1319 4518 quisque
1359 4449 1762 4503 emendationis
1798 4453 2009 4506 ratione
2032 4469 2062 4505 n

2164 3254 2327 3325 ληψιν
2374 3250 2481 3305 τῶν
2526 3246 2885 3317 ἀγιασμάτων
2920 3243 3096 3329 Γλέγει,
3138 3239 3273 3292 ἀλλά
3319 3238 3415 3305 τὴν
3464 3236 3605 3306 μετὰ
3650 3235 3754 3288 τῶν

2163 3346 2371 3402 πιστῶν
2408 3342 2688 3396 σύστασιν.
2723 3338 2813 3390 Διὸ
2846 3334 3153 3405 ἐπήνεγκε,
3187 3332 3357 3401 χωρὶς
3394 3330 3752 3400 προσφορᾶς,

2166 3441 2255 3495 ῐνα
2284 3440 2344 3491 τὸ
2371 3437 2576 3491 τέλειον
2608 3434 2673 3503 τῇ
2706 3429 2917 3500 τριετίᾳ
2947 3426 3216 3491 λάϐωσιν,
3250 3424 3337 3477 ἵνα
3369 3422 3754 3491 πληρουμένης

2164 3534 2263 3603 τῆς
2291 3528 2534 3602 τριετίας
2566 3527 2658 3580 καὶ
2704 3522 2796 3577 τοῦ
2818 3519 3025 3590 ἀγαθοῦ
3066 3519 3399 3589 μετάσχωσι.
3434 3505 3624 3567 Ταῦτα
3661 3512 3755 3583 μὲν

2165 3626 2371 3696 ὥρισαν
2398 3621 2447 3674 οἱ
2473 3620 2567 3689 τῆς
2596 3615 2836 3670 συνόδου.
2870 3611 3088 3682 Ἐπειδὴ
3114 3610 3335 3681 ᾔδεισαν
3359 3609 3440 3660 ὅτι
3465 3607 3528 3658 οὐ
3559 3606 3756 3667 πάντες

2165 3718 2367 3789 ὁμοίως
2398 3710 2772 3783 μετανοοῦσιν,
2802 3705 2916 3758 ἀλλ’
2940 3706 2986 3755 οἱ
3021 3703 3121 3774 μὲν
3152 3700 3580 3768 ἐπιμελέστερον
3610 3697 3754 3789 ἕχον-

2165 3787 2256 3864 ται
2289 3809 2387 3877 τῆς
2432 3802 2753 3875 μετανοίας,
2791 3800 2837 3851 οἱ
2878 3797 2933 3850 δὲ
2974 3794 3380 3866 ῥᾳθυμότερον,
3417 3792 3479 3843 τὸ
3517 3791 3630 3842 πᾶν
3662 3787 3754 3855 τῆς

2166 3901 2252 3955 ἐπ’
2278 3901 2455 3960 αὐτοῖς
2481 3890 2792 3962 οἰκονομίας
2817 3889 2929 3950 τοῖς
2958 3885 3277 3945 ἐπισκόποις
3302 3882 3589 3943 ἀνέθεντο,
3618 3878 3755 3931 ὥστε

2166 3987 2482 4055 δοκιμάζειν
2509 3983 2754 4043 ἐκείνους
2778 3978 2867 4032 τὸν
2891 3978 3094 4047 τρόπον
3117 3973 3217 4042 τῆς
3242 3972 3477 4024 ἑκάστου
3504 3972 3756 4037 ἐπιστρο·

2169 4080 2297 4149 φῆς,
2327 4078 2421 4131 καὶ
2452 4068 3017 4144 φιλανθρωπεύεσθαι,
3050 4064 3146 4118 καὶ
3176 4062 3485 4115 συστέλλειν
3512 4063 3607 4112 τὸν
3634 4057 3753 4149 196-

2166 4189 2256 4225 νον
2290 4171 2396 4222 τῶν
2430 4164 2718 4234 ἐπιτιμίων
2752 4163 2865 4222 τοῖς
2900 4157 3229 4228 θερμότερον
3267 4152 3628 4224 μετανοοῦσι,
3665 4146 3754 4200 καὶ

2170 4262 2389 4317 πλείονα
2418 4255 2769 4327 προστιθέναι
2796 4252 2986 4322 χρόνον
3010 4252 3117 4312 τοῖς
3144 4247 3502 4316 νωθρότερον,
3535 4242 3753 4297 σκοπεῖν

2168 4356 2226 4409 δὲ
2271 4353 2363 4406 καὶ¹
2406 4352 2498 4403 τόν
2541 4345 2880 4418 προλαϐόντα
2925 4342 3038 4413 βίον
3100 4340 3303 4403 αὐτῶν,
3343 4337 3437 4389 καὶ
3479 4336 3574 4389 τὸν
3620 4332 3752 4404 μετά

2172 4448 2344 4501 ταῦτα
2367 4486 2381 4509 ,
2412 4447 2459 4496 εἰ
2493 4440 2784 4510 σωφρόνως
2814 4436 2951 4499 ἔζων
2982 4434 3075 4487 καὶ
3106 4430 3598 4501 συντετηρημένως
3618 4466 3633 4489 ,
3667 4424 3754 4478 καὶ

491 4534 769 4606 ostendat,
805 4540 856 4593 in
884 4540 1114 4610 singulis
1141 4541 1448 4609 explorent,
1483 4554 1545 4593 ac
1578 4540 1631 4594 in
1663 4542 1862 4609 quibus
1894 4543 2062 4611 paeni-

2173 4540 2362 4606 ζῶσιν,
2398 4537 2431 4607 ἢ
2469 4532 2769 4603 ἀνειμένως
2805 4529 2903 4581 καὶ
2939 4525 3265 4595 ἀδιαφόρως,
3305 4522 3399 4576 καὶ
3421 4518 3598 4581 οὕτως
3635 4521 3753 4570 ἐπι-

493 4630 678 4685 ιοηιίιιι
712 4630 951 4685 studium
988 4629 1273 4684 ardentius
1319 4629 1717 4699 perspexerint,
1776 4646 1871 4685 eos
1908 4633 2062 4688 beni-

2176 4632 2397 4703 μετρεῖν
2427 4628 2609 4687 αὐτοῖς
2640 4624 2740 4691 τὴν
2770 4617 3204 4690 φιλανθρωπίαν.

493 4731 653 4799 gnius
708 4728 1002 4795 accipiant,
1048 4734 1378 4794 tempusque
1422 4725 1921 4785 animadversionis
1973 4730 2337 4793 contrahant;
2398 4722 2479 4777 vel
2524 4720 2688 4775 etiam
2765 4715 2830 4769 ad
2877 4712 3217 4783 [praeﬁnitum
3295 4709 3425 4765 illud
3509 4702 3753 4763 criminis

494 4815 675 4871 luendi
712 4817 945 4885 spatium
992 4813 1059 4868 iis
1083 4852 1097 4876 ,
1136 4813 1227 4881 qui
1267 4811 1633 4867 remissiorem
1668 4816 2037 4883 paenitentiam
2101 4824 2289 4886 agunt,
2346 4811 2674 4882 adiungant:

2756 4813 3062 4858 anteactam
3150 4814 3370 4870 quoque
3422 4812 3641 4861 eorum,
3699 4805 3753 4847 οι

490 4923 611 4978 quae
642 4916 826 4976 postea
857 4914 1151 4959 consecuta
1183 4914 1303 4969 est,
1337 4904 1550 4959 vivendi
1581 4910 1840 4965 rationem
1873 4912 2192 4979 inspiciant;
2236 4923 2363 4962 nuzn
2430 4903 2709 4957 moderate
2770 4913 2833 4952 ac
2885 4897 3157 4966 religiose,
3224 4909 3292 4946 an
3344 4891 3579 4948 remisse
3637 4891 3748 4946 dis-

492 5000 776 5068 solutoque
807 4999 1039 5068 egerint,
1091 5009 1360 5066 agamque
1405 4998 1457 5051 in
1499 5002 1784 5069 prmsentia
1810 5041 1826 5066 ,
1877 5011 1932 5058 et
1975 5004 2055 5059 sic

2166 5000 2440 5067 nignitatis
2466 5009 2683 5065 quoque
2709 5007 2836 5061 erga
2869 4991 2987 5045 illos
3024 4989 3244 5042 modum
3285 4987 3604 5041 adhibeant.

563 5092 795 5149 ARIST.
845 5108 862 5143 ι
909 5091 1166 5158 Quicum
1212 5092 1431 5164 lugubri
1465 5103 1614 5149 veste
1662 5095 2057 5161 ascenderunt,

494 5206 513 5237 ι
555 5194 610 5241 et
639 5198 761 5237 cum
807 5182 1066 5252 lacrymis
1099 5183 1458 5238 comederunt
1489 5224 1504 5249 ,
1538 5184 1774 5239 triennio
1813 5185 2064 5239 subster-

495 5296 514 5330 ι
561 5285 791 5342 nantur;
823 5277 867 5330 si
903 5290 1030 5330 vero
1074 5292 1180 5332 non
1223 5276 1601 5339 comederunt,
1636 5276 1877 5330 biennio.
1918 5275 2063 5329 Prae-

493 5389 513 5420 ‹
554 5368 753 5425 cedens
817 5378 944 5425 vero
994 5370 1446 5439 subsequensque
1495 5368 1640 5435 vita,
1691 5378 1751 5423 ut
1791 5369 1927 5422 bona
1978 5368 2063 5422 vel

493 5485 513 5517 ‹
558 5464 698 5518 mala
729 5502 745 5529 ,
779 5463 1097 5533 episcopum
1134 5464 1515 5520 humaniorem
1576 5472 1670 5518 aut
1728 5463 2058 5519 severiorem

485 5574 510 5605 ει
561 5555 823 5611 ostendit.
866 5573 885 5606 ι

558 5645 664 5710 Qui
693 5647 760 5700 ad
792 5647 1065 5702 idolorum
1098 5647 1359 5720 templum
1404 5646 1662 5701 accedere
1689 5648 1880 5709 coacti,
1916 5656 1969 5699 et
2004 5647 2058 5700 in

475 5737 673 5789 'eodem
702 5738 888 5801 edere,
915 5738 959 5791 si
991 5739 1205 5809 lugubri
1225 5740 1425 5793 amictu
1458 5737 1808 5803 accedebant,
1846 5750 1903 5792 et
1928 5738 2056 5791 dum

483 5827 835 5884 comederent
864 5828 1137 5900 lacrymas
1177 5828 1560 5898 eﬂ‘undebant,
1594 5828 1646 5884 bi
1679 5838 1737 5885 ut
1767 5829 2056 5885 tormentis

2176 5092 2394 5151 ΑΡΙΣΤ.
2441 5109 2459 5142 ι
2487 5090 2551 5142 Οἱ
2596 5084 2734 5157 μετὰ
2775 5082 3037 5150 πενθικῆς
3105 5077 3296 5146 στολῆς
3338 5076 3746 5146 ἀνεληλυθότες,

2247 5202 2265 5234 ι
2312 5182 2407 5235 καὶ
2451 5180 2715 5249 φαγόντες
2763 5174 2903 5243 μετὰ
2943 5170 3223 5240 δακρύων,
3266 5169 3508 5238 τριετίαν
3552 5169 3747 5220 ὑποπιι

2250 5293 2269 5325 ι
2318 5275 2635 5327 πτέτωσαν’
2674 5270 2723 5321 εἰ
2757 5268 2813 5321 δὲ
2851 5265 2925 5336 μὴ
2959 5264 3182 5333 ἔφαγον,
3217 5263 3441 5314 διετίαν.
3480 5260 3541 5312 ’0
3580 5258 3745 5330 προάο

2248 5385 2266 5417 ι
2312 5363 2505 5433 γωνιδὲ
2539 5362 2672 5431 βίος,
2702 5359 2795 5412 καὶ
2824 5360 2851 5410 ὁ
2882 5357 3144 5425 ἑπόμενος
3179 5353 3465 5415 σπουδαῖος
3497 5350 3595 5415 ὢν,
3625 5350 3658 5421 ἢ
3688 5350 3745 5400 οὐ

2250 5476 2267 5507 ι
2314 5456 2627 5521 σπουδαῖος,
2675 5453 2768 5504 τὸν
2814 5450 3109 5502 ἐπίσκοπον
3160 5445 3668 5515 φιλανθρωπότερον
3714 5436 3745 5507 ἢ

2248 5569 2266 5601 ι
2312 5546 2861 5618 ἀφιλανθρωπότερον
2889 5542 3183 5595 δείκνυσιν.
3234 5558 3252 5591 ι

2244 5644 2310 5693 Ol
2344 5645 2423 5704 είς
2456 5641 2517 5691 τὸ
2552 5636 2821 5690 εἰδωλεῖον
2855 5635 3101 5687 ἀνελθεῖν
3133 5631 3482 5701 βιασθέντες,
3517 5627 3614 5680 καὶ
3646 5639 3748 5694 φα-

2170 5737 2287 5803 γεῖν
2326 5734 2385 5785 ἐν
2422 5730 2599 5799 αὐτῷ,
2638 5729 2733 5781 ἐὰν
2777 5728 2913 5797 μετά
2952 5726 3214 5793 πενθικῆς
3253 5722 3479 5793 ἀνῆλθον
3525 5717 3745 5784 στολῆς,

2170 5828 2265 5881 καὶ
2308 5828 2366 5879 ἐν
2406 5825 2483 5890 τῷ
2528 5819 2730 5876 ἐσθίειν
2772 5819 3065 5889 ἐδάκρυον,
3109 5814 3253 5872 οὗτοι
3296 5817 3375 5878 ὡς
3414 5813 3478 5880 τῇ
3531 5810 3745 5863 κολάσει
