4076 6406
274 5002 299 5019 κ

386 425 519 502 liii

1517 426 1592 487 IN
1620 425 1789 489 CAN.
1827 426 1903 486 Vl
1936 422 2144 482 CONC.
2178 424 2449 484 ANCYR.

3520 422 3654 486 1142

385 537 724 604 ὑπείξαντες,
776 536 871 589 καὶ
920 536 979 588 τὸ
1026 537 1136 589 πᾶν
1188 536 1262 607 μὴ
1310 536 1652 605 λογιζόμενοι
1701 535 1973 596 ἀκουσίως

2089 536 2354 596 :edentes,
2382 544 2435 588 et
2470 534 2650 588 omnia
2692 534 3055 590 involuntarie
3092 533 3286 590 fecisse
3330 551 3438 591 non
3487 553 3649 607 repu-

385 631 644 701 ποιῆσαι,
678 628 768 683 διὰ
808 628 870 681 τὸ
905 629 1017 690 τοῖς
1059 629 1280 688 οἰκείοις
1320 628 1504 698 μέλεσι
1542 628 1853 698 χρήσασθαι
1893 628 1974 689 είς

384 724 486 790 τὴν
525 720 634 774 τῶν
675 720 1096 789 ἀπαιτουμένων
1135 720 1391 790 ἀθέσμων
1430 722 1811 791 ἐκπλήρωσιν,
1853 739 1977 791 τρι-

386 815 537 868 ετέαν
574 814 744 881 μόνην
777 813 1259 866 ὑποπιπτέτωσαν.
1299 809 1433 867 Εἶτα
1468 814 1640 883 χωρὶς
1692 814 1794 882 τῆς
1844 831 1973 883 μετ-

382 905 515 974 οχῆς
544 904 651 957 τῶν
695 904 856 957 θείων
886 905 1247 973 ἀγιασμάτων
1291 905 1642 975 δεχθήτωσαν
1691 906 1829 973 μετά
1866 904 1978 958 τῶν

387 993 617 1047 πιστῶν.
660 994 723 1046 El
767 994 826 1046 δὲ
872 995 947 1063 μὴ
992 994 1223 1063 ἔφαγον,
1271 993 1505 1061 ἀνῆλθον
1545 992 1601 1045 δὲ
1646 994 1837 1063 μόνον,
1885 993 1979 1046 ἐπὶ

384 1085 587 1138 διετίαν
621 1085 830 1139 ἔσονται
866 1085 1292 1149 ὑποπίπτοντες,
1325 1086 1417 1138 ἐπὶ
1450 1084 1698 1138 ἐνιαυτὸν
1730 1086 1842 1148 τοῖς
1881 1101 1972 1137 πι-

389 1180 535 1241 στοῖς
576 1179 981 1247 συνιστάμενοι.
1023 1180 1130 1231 Καὶ
1181 1182 1318 1248 μετά
1359 1177 1563 1247 ταύτην
1599 1178 1698 1249 τὴν
1738 1178 1980 1249 τριετίαν

386 1267 488 1337 τὴν
516 1269 830 1338 τελειότητα
857 1269 1087 1324 λάϐωσι.
1123 1270 1279 1338 Παρά
1307 1271 1371 1340 τῇ
1405 1269 1621 1342 ἐξουσίᾳ
1649 1270 1705 1324 δὲ
1738 1270 1978 1324 κείσεται

387 1358 483 1411 τοῦ
532 1360 854 1424 ἐπισκόπου,
902 1362 978 1424 ὡς
1024 1362 1127 1431 ὁρᾷ
1173 1363 1371 1424 αὐτοὺς
1420 1363 1529 1416 εἴτε
1576 1363 1977 1428 σπουδάζοντας

389 1449 499 1502 εἴτε
530 1452 624 1504 καὶ
656 1451 1015 1520 ἀμελοῦντας,
1044 1451 1187 1507 οὕτω
1215 1454 1308 1506 καὶ
1334 1453 1666 1524 διατεθῆναι,
1696 1457 1789 1508 καὶ
1821 1455 1853 1525 ἢ
1887 1473 1974 1524 φι-

391 1541 921 1612 λανθρωπεύσασθαι
958 1546 1053 1599 καὶ
1088 1549 1372 1616 συντεμεῖν
1406 1548 1495 1599 τὸν
1527 1547 1715 1619 χρόνον
1745 1548 1845 1618 τῆς
1883 1566 1983 1618 με-

389 1635 626 1695 τανοὶας,
652 1635 685 1705 ἢ
718 1635 917 1705 μᾶλλον
942 1637 1278 1708 προσθεῖναι.
1304 1638 1669 1698 Κατεξετάσει
1694 1639 1747 1693 δὲ
1775 1640 1864 1693 καὶ
1890 1641 1983 1693 τὸν

390 1722 732 1789 προλαϐόντα
760 1723 874 1793 βίον
900 1725 1082 1778 αὑτῶν
1107 1727 1292 1789 ὁποῖος
1317 1723 1384 1797 ἧν
1405 1746 1422 1760 ο
1453 1729 1545 1781 καὶ
1573 1728 1630 1793 ἐξ
1659 1730 1983 1801 ἀμφοτέρων

390 1814 501 1865 τῶν
530 1816 941 1882 καταστάσεων,
974 1818 1075 1886 τῆς
1103 1834 1163 1871 τε
1197 1819 1292 1872 νῦν
1320 1821 1564 1891 ὑπούσης
1597 1822 1688 1873 καὶ
1717 1824 1816 1891 τῆς
1853 1837 1987 1891 προ-

388 1903 576 1973 τέρας,
614 1905 647 1976 ἢ
692 1906 936 1976 μειώσει,
982 1910 1013 1980 ἢ
1057 1910 1354 1980 ὲπαυξήσει
1393 1914 1460 1967 τὰ
1500 1913 1768 1982 ἐπιτίμια.

1014 2002 1261 2055 ΚΛΝΩΝ
1296 2004 1390 2070 (τ’.

399 2104 418 2135 ι
467 2087 602 2156 Περῖ
648 2091 757 2141 τῶν
800 2091 999 2164 ἀπειλῇ
1053 2095 1217 2162 μόνον
1260 2096 1522 2162 εἰξάντων
1565 2097 1840 2163 κολάσεως
1889 2101 1985 2153 καὶ

475 2196 495 2228 ι
538 2179 881 2248 ἀφαιρέσεως
918 2184 1302 2254 ὑπαρχόντων,
1338 2184 1369 2255 ἢ
1408 2188 1854 2255 μετοικίας,κού⁵
1890 2188 1952 2243 θυ
1974 2220 1986 2230 ο

472 2289 490 2319 ι
538 2270 780 2335 σάντων,
810 2275 905 2326 καὶ
938 2277 1100 2347 μέχρι
1127 2277 1220 2330 τοῦ
1254 2279 1524 2349 παρόντος
1557 2281 1752 2351 καιροῦ
1785 2281 1859 2351 μὴ
1893 2300 2001 2351 μεα

471 2381 491 2413 ι
536 2380 701 2433 τανοη
710 2367 939 2430 σάντων,
971 2368 1106 2437 μηδὲ
1134 2370 1604 2441 ἐπιστρεψάντων,
1633 2373 1726 2426 νῦν
1751 2374 1807 2427 δὲ
1835 2375 1989 2445 παρά

470 2475 487 2502 ι
534 2456 626 2506 τὸν
658 2457 849 2526 καιρὸν
881 2459 993 2527 (τί)
1024 2462 1124 2530 τῆς
1162 2463 1382 2515 συνόδου
1420 2465 1856 2534 προσελθόντων,
1893 2468 1988 2520 καὶ

472 2561 494 2593 1
542 2548 633 2608 είς
661 2547 902 2601 διάνοιαν
935 2552 1034 2620 τῆς
1073 2554 1414 2623 ἐπιστροφῆς
1454 2556 1800 2625 γενομένων.
1839 2546 1987 2624 ἔδοξε

471 2656 491 2687 ι
540 2637 701 2708 μέχρι
746 2642 846 2711 τῆς
894 2644 1139 2714 μεγάλης
1183 2645 1398 2718 ἡμέρας
1444 2648 1555 2717 (75)
1602 2650 1682 2713 είς
1723 2652 1990 2720 ἀκρόασιν

466 2746 488 2779 1
534 2728 807 2801 δεχθῆναι,
851 2736 944 2787 καὶ
990 2736 1129 2806 μετά
1176 2740 1275 2809 τὴν
1320 2741 1569 2811 μεγάλην
1606 2742 1817 2814 ἡμέραν
1857 2744 1991 2798 ὑπο-

471 2838 492 2869 (
539 2826 727 2874 πεσεῖν
751 2825 878 2892 τρία
903 2826 995 2897 ἔτη
1017 2869 1028 2887 ,
1057 2830 1147 2880 καὶ
1176 2829 1313 2899 μετά
1337 2831 1473 2884 ἄλλα
1493 2832 1585 2885 δύο
1609 2834 1700 2903 ἔτη
1728 2836 1990 2903 κοινωνῆ-

474 2929 492 2959 ι
540 2928 630 2965 σαι
666 2916 837 2985 χωρὶς
873 2920 1222 2989 προσφορᾶς,
1256 2922 1352 2975 καὶ
1388 2919 1562 2987 οὕτως
1595 2925 1770 2978 ἐλθεῖν
1806 2927 1897 2979 ἐπὶ
1930 2927 1990 2978 τὸ

475 3022 494 3053 ι
540 3003 764 3071 τέλειον,
797 3005 937 3059 ὥστε
966 3010 1064 3077 τὴν
1093 3012 1271 3063 πᾶσαν
1302 3012 1551 3077 ἑξαετίαν
1581 3015 1891 3084 πληρῶσαι.
1925 3018 1989 3070 Ei

474 3114 490 3144 ι
539 3094 595 3147 δέ
628 3111 773 3160 τινες
809 3098 915 3169 πρὸ
950 3100 1049 3169 τῆς
1085 3102 1305 3155 συνόδου
1339 3105 1544 3176 ταύτης
1577 3107 1874 3177 ἐδέχθησαν
1907 3110 1988 3173 είς

470 3205 491 3236 ι
540 3188 859 3256 μετάνοιαν,
910 3190 1004 3245 ἀπ’
1030 3195 1240 3248 ἐκείνου
1290 3195 1384 3249 τοῦ
1433 3198 1628 3268 χρόνου
1680 3198 1984 3267 λελογίσθαι
2015 3204 2056 3262 C

474 3297 492 3329 ι
539 3280 724 3344 αὐτοῖς
748 3284 848 3353 τὴν
874 3283 1141 3349 ἑξαετίαν.
1179 3288 1243 3340 Ei
1276 3290 1463 3355 μέντοι
1495 3291 1738 3355 κίνδυνος
1768 3293 1864 3345 καὶ
1894 3292 1986 3346 θα·

475 3390 493 3422 ι
542 3373 702 3429 νάτου
752 3378 1050 3447 προσδοκία
1094 3382 1157 3435 ἐκ
1198 3383 1354 3444 νόσου
1391 3384 1424 3457 ἢ
1465 3384 1635 3455 ἄλλης
1669 3386 1815 3450 τινος
1862 3406 1990 3460 προσ

470 3485 490 3517 ι
539 3467 759 3536 φάσεως
797 3471 1064 3543 συμϐαίη,
1102 3476 1325 3538 τούτους
1362 3478 1455 3529 ἐπὶ
1489 3479 1600 3548 ὅρῳ
1632 3479 1911 3550 δεχθῆναι.
1962 3499 1980 3532 ι

468 3557 666 3613 ΒΑΛΣ.
706 3562 965 3626 Είπόντες
994 3566 1042 3620 ol
1077 3564 1221 3633 ἅγιοι
1258 3568 1497 3640 Πατέρες
1528 3562 1816 3641 τίόερείλει
1851 3575 1991 3641 γίνε-

401 3649 526 3704 σθαι
560 3653 638 3715 είς
668 3653 795 3717 τοὺς
830 3654 1102 3718 θύσαντας
1135 3658 1224 3711 διὰ
1253 3660 1314 3711 τὸ
1346 3662 1723 3716 ἀνυπόστατον
1751 3665 1860 3717 τῶν
1891 3666 1988 3736 βα-

396 3740 608 3807 σάνων,
655 3744 858 3815 ἀρτίως
906 3748 1336 3816 διαλαμϐάνουσι
1384 3753 1515 3824 περὶ
1558 3755 1667 3808 τῶν
1708 3756 1990 3811 θυσάντων

397 3829 488 3886 διὰ
524 3834 694 3904 μόνην
722 3836 955 3907 ἀπειλὴν
985 3838 1259 3904 κολάσεως
1289 3842 1321 3911 ἦ
1355 3843 1652 3914 ἀφαίρεσιν
1680 3849 1789 3900 τῶν
1822 3867 1991 3920 προς-

400 3925 572 3980 όντων
599 3927 811 3992 τούτοις
840 3929 872 4001 ἢ
903 3931 1147 4001 ἐξορίαν,
1180 3934 1273 3986 καὶ
1306 3934 1380 4006 μὴ
1398 3938 1865 4009 ’μετανοησάντων
1894 3944 1991 4009 μέ-

401 4035 494 4088 χρι
538 4019 633 4072 τοῦ
684 4021 880 4091 καιροῦ
923 4023 1026 4092 τῆς
1072 4025 1315 4081 συνόδου.
1361 4029 1697 4098 Διορίζονται
1754 4032 1869 4101 οὖν,
1915 4034 1991 4098 ὡς

402 4111 527 4163 ἐπεὶ
560 4111 763 4182 ἀρτίως
798 4119 1190 4187 προσέρχονται
1223 4120 1288 4189 τῇ
1338 4119 1633 4192 ἐκκλησία,
1682 4124 1991 4193 ὀφείλουσιν

405 4201 802 4273 ὲπιτιμηθῆναι
826 4220 840 4234 '
872 4207 966 4260 καὶ
993 4208 1210 4278 πρῶτον
1239 4209 1337 4279 μὲν
1363 4210 1670 4281 ἀκροᾶσθαι
1697 4214 1803 4268 τῶν
1830 4216 1992 4271 θείων

406 4294 643 4365 Γραφῶν
676 4299 732 4349 ὲν
764 4296 843 4367 τῷ
877 4298 1109 4368 νάρθηκι
1148 4300 1311 4371 μέχρι
1342 4296 1441 4372 τῆς
1479 4307 1723 4376 μεγάλης
1756 4307 1991 4379 ἡμέρας,

407 4387 527 4458 ἦτοι
556 4387 650 4440 τοῦ
683 4389 903 4460 Πάσχα,
935 4391 1030 4443 καὶ
1064 4394 1201 4463 μετά
1229 4392 1384 4446 τοῦτο
1412 4396 1745 4451 ὑποπίπτειν
1777 4401 1868 4453 ἐπὶ
1896 4401 1990 4473 ἔτη

2082 630 2179 683 tati
2216 628 2309 698 qui
2346 629 2411 681 ad
2462 625 2778 681 illicitorum
2810 643 2934 695 quae
2978 626 3046 680 ab
3081 629 3161 681 eis
3190 636 3382 682 exacta
3434 626 3656 683 fuerunt

2078 722 2442 793 expletionem
2499 720 2730 791 propriis
2762 719 2878 775 suis
2911 720 3171 775 membris
3219 721 3302 775 usi
3339 728 3508 783 sunt,
3541 728 3655 774 tres

2080 817 2228 872 solos
2275 830 2449 868 annos
2482 812 2857 875 disenmbent;
2914 821 3104 881 pOStea
3162 813 3279 867 sine
3338 812 3653 867 divinorum

2080 912 2549 962 sacramentorum
2598 900 3012 971 participatione
3070 899 3217 953 inter
3272 898 3459 953 ﬁdeles
3518 899 3656 952 reci-

2081 996 2324 1067 piantdr.
2383 978 2449 1047 Si.
2491 1002 2672 1046 autem
2724 1000 2834 1045 non
2869 989 3121 1054 edebant,
3173 990 3268 1046 sed
3322 989 3658 1045 accedebant

2082 1099 2320 1152 tantum,
2360 1088 2499 1143 duos
2531 1099 2703 1141 annos
2754 1084 3175 1139 substernentur
3201 1123 3213 1143 .
3250 1098 3419 1138 unum
3456 1098 3657 1135 annum

2081 1198 2204 1238 cum
2238 1182 2489 1238 ﬁdelibus
2530 1179 2840 1236 constituti.
2867 1164 2933 1233 Et
2964 1174 3089 1248 post
3140 1172 3254 1232 tres
3309 1176 3445 1231 istos
3483 1190 3658 1228 annos

2081 1277 2471 1348 perfectionem
2540 1274 2828 1343 accipiant.
2886 1270 2959 1348 In.
2996 1267 3237 1339 episc0pi
3278 1274 3458 1321 autem
3509 1274 3659 1334 pote-

2082 1346 2223 1428 state
2256 1370 2495 1440 ponitur,
2512 1375 2572 1420 ut
2591 1366 2739 1420 videt
2764 1363 2847 1417 vel
2875 1346 3163 1432 diligentes
3193 1357 3276 1413 vel
3297 1356 3654 1425 negligentes.

2082 1466 2162 1521 sic
2197 1479 2289 1519 eos
2329 1468 2587 1521 tractare,
2618 1465 2671 1512 et
2703 1455 2785 1511 vel
2838 1452 3217 1508 humaniorem
3271 1465 3328 1504 se
3368 1462 3554 1515 gerere
3600 1454 3653 1498 et

2084 1554 2415 1628 ρωιιὶιοηιὶςε
2445 1562 2660 1621 tempus
2706 1549 3016 1609 deeurtarc,
3051 1544 3132 1599 vel
3178 1543 3341 1598 etiam
3390 1542 3511 1609 plus
3560 1539 3663 1592 ad-

2085 1650 2233 1703 dere.
2305 1643 2653 1700 Examinabit
2706 1650 2886 1695 autem
2951 1647 3006 1692 et
3054 1632 3448 1707 praecedentem
3500 1631 3666 1701 380

2087 1756 2278 1795 eorum
2312 1738 2477 1791 vitam
2514 1733 2692 1804 qualis
2727 1740 2865 1795 erat,
2897 1740 2952 1785 et
2985 1744 3051 1783 ex
3087 1728 3378 1794 utriusque
3415 1723 3538 1776 vita:
3577 1722 3665 1774 ni-

2090 1833 2288 1886 mirum
2310 1839 2363 1885 et
2403 1826 2687 1899 praesentis
2709 1835 2761 1880 et
2796 1819 3150 1894 praecedentis
3173 1815 3665 1875 constitutionibus

2089 1924 2169 1978 vel
2211 1923 2423 1978 minuet
2452 1933 2641 1991 poenas
2676 1917 2756 1970 vel
2792 1913 3037 1993 augebit.

2677 2003 2907 2061 CANON
2986 2001 3073 2058 Vl.

2094 2125 2112 2159 ι
2155 2107 2229 2161 De
2258 2105 2346 2168 iis,
2371 2101 2465 2175 qui
2494 2102 2628 2159 solis
2651 2097 2906 2170 supplicii
2938 2095 3102 2151 minis
3128 2102 3183 2150 et
3213 2094 3482 2147 bonorum
3511 2090 3663 2145 abla-

2170 2220 2195 2254 ι-
2232 2197 2400 2254 tionis
2437 2195 2521 2252 vel
2562 2188 3037 2248 exterminatiOnis
3064 2194 3351 2243 cesserunt
3375 2193 3430 2239 et
3454 2180 3667 2239 sterili-

2165 2312 2183 2342 ι
2228 2296 2446 2353 rarunt,
2480 2296 2535 2342 et
2564 2284 2630 2341 ad
2666 2297 2911 2355 praesens
2939 2296 3114 2350 usque
3151 2288 3366 2348 tempus
3400 2278 3667 2346 paeniten-

2162 2400 2182 2435 ι
2220 2382 2347 2435 tiam
2391 2394 2498 2432 non
2538 2381 2808 2447 egerunt,
2855 2384 2953 2426 nec
2991 2368 3244 2425 conversi
3294 2375 3459 2430 sunt,
3515 2380 3663 2419 nunc

2166 2492 2184 2526 ι
2226 2482 2407 2528 autem
2458 2471 2604 2525 circa
2656 2476 2875 2534 tempus
2924 2462 3119 2534 synodi
3183 2466 3560 2520 accesserunt,
3615 2466 3668 2511 et

2167 2587 2187 2619 ι
2235 2564 2605 2621 conversionis
2668 2556 3055 2627 cogitationem
3110 2554 3443 2614 induerunt,
3488 2551 3667 2605 visum

2167 2678 2186 2712 ι
2220 2668 2301 2717 est
2331 2657 2399 2712 ad
2428 2669 2682 2726 maguum
2718 2650 3058 2721 usquediem
3095 2662 3190 2701 eos
3224 2645 3291 2699 ad
3330 2640 3666 2697 auditionem

2167 2773 2186 2807 ι
2227 2752 2462 2813 admitti,
2508 2760 2563 2805 et
2610 2754 2734 2819 post
2788 2759 3044 2813 tnaguum
3092 2742 3236 2797 diem
3285 2739 3463 2795 tribus
3512 2736 3670 2789 annis

2172 2867 2191 2901 ι
2229 2842 2529 2908 substerni,
2559 2851 2608 2895 et
2645 2847 2769 2909 post
2800 2838 2938 2891 alios
2968 2836 3109 2890 duos
3140 2848 3313 2887 annos
3364 2829 3671 2885 communi-

2172 2958 2191 2990 ι
2236 2952 2361 2993 care
2391 2937 2510 2989 sine
2539 2932 2854 2988 oblatione.
2888 2940 2938 2981 et
2971 2927 3052 2982 sic
3082 2927 3149 2981 ad
3177 2925 3227 2979 id
3256 2925 3400 2994 quod
3436 2931 3672 2993 est-per-

2169 3050 2188 3084 ι
2230 3032 2431 3085 lectum
2467 3025 2689 3085 venire.
2727 3032 2785 3076 ut
2810 3030 2986 3075 totum
3020 3017 3344 3074 sexennium
3382 3016 3668 3083 impleant.

2170 3144 2188 3176 ι
2234 3123 2293 3177 Si
2329 3120 2421 3192 qui
2464 3126 2643 3172 autent
2672 3123 2797 3170 ante
2825 3113 2966 3168 banc
2995 3108 3261 3182 synodum
3292 3109 3357 3162 ad
3397 3107 3669 3178 poeniten-

2158 3236 2181 3269 ι
2218 3215 2348 3269 tiam
2394 3210 2617 3266 admissi
2650 3217 2801 3269 sunt,
2836 3206 2907 3259 ab
2937 3204 3030 3258 illo
3065 3213 3313 3271 tempore
3349 3201 3431 3255 eis
3472 3216 3671 3255 sexen-

2167 3326 2187 3359 ι
2229 3305 2378 3360 nium
2410 3298 2741 3370 computari.
2777 3296 2885 3351 Sed
2920 3295 2965 3351 si
3013 3292 3333 3364 periculum
3366 3291 3671 3381 mortisque

2167 3420 2186 3453 ι
2225 3393 2560 3466 exspectatio
2582 3408 2646 3447 ex
2675 3390 2866 3444 morbo
2900 3388 2982 3442 vel
3015 3387 3199 3456 aliqua
3227 3386 3345 3439 alia
3372 3383 3665 3439 occasione

2170 3511 2189 3545 ι
2227 3489 2493 3551 evenerit,
2522 3485 2558 3539 ii
2603 3483 2708 3538 sub
2738 3480 3063 3535 deﬁnitione
3095 3478 3456 3547 recipiantur.

2165 3580 2359 3636 BALS.
2408 3579 2703 3648 Postquam
2756 3572 3015 3627 dixerunt
3060 3572 3236 3625 sancti
3286 3569 3476 3623 Patres
3540 3566 3675 3637 quid

2091 3675 2284 3730 debeat
2317 3670 2433 3725 ﬁeri
2483 3668 2537 3721 in
2586 3682 2680 3722 eos
2729 3664 2823 3732 qui
2866 3662 3245 3717 sacriﬁcarunt
3283 3676 3349 3716 eo
3382 3657 3529 3729 quod
3563 3667 3675 3713 tor-

2091 3774 2276 3822 menta
2309 3762 2581 3819 sustinere
2615 3775 2720 3813 non
2745 3764 2989 3827 possent,
3032 3770 3177 3809 nunc
3212 3755 3278 3807 de
3309 3753 3379 3809 iis
3404 3760 3668 3817 tractant,

2091 3856 2186 3929 qui
2216 3862 2438 3924 propter
2465 3851 2613 3907 solas
2652 3849 2829 3904 minas
2862 3846 3262 3916 suppliciorum
3288 3887 3302 3908 .
3336 3846 3421 3900 vel
3474 3858 3664 3900 eorum

2092 3964 2213 4019 qua:
2243 3947 2446 4001 habent
2474 3939 2931 4005 ablationem,vel
2956 3938 3234 4001 exsilium,
3262 3937 3666 3998 sacrificarunt,

2092 4049 2147 4094 et
2175 4053 2350 4107 usque
2390 4036 2456 4089 ad
2493 4046 2707 4103 tempus
2734 4030 2930 4104 synodi
2968 4028 3341 4098 paenitentiam
3394 4044 3498 4081 non
3542 4043 3671 4097 ege-

2094 4139 2242 4187 runt.
2281 4129 2589 4183 Decernunt
2619 4138 2749 4193 ergo
2777 4122 3234 4194 quod,rquoniam
3262 4135 3437 4188 nuper
3466 4119 3532 4173 ad
3586 4134 3678 4174 ec-

2094 4222 2315 4278 clesiam
2345 4219 2592 4282 veniunt,
2625 4214 2817 4269 debent
2850 4214 3070 4283 pnniri:
3098 4220 3152 4267 et
3180 4211 3418 4282 primum
3447 4210 3665 4279 quidem

2094 4315 2284 4371 audire
2315 4314 2633 4379 Scripturas
2662 4308 2718 4361 in
2765 4306 3025 4361 narthece
3068 4319 3243 4373 usque
3292 4302 3359 4356 ad
3412 4315 3668 4369 maguum

2106 4408 2274 4474 diem,
2306 4404 2518 4461 scilicet
2541 4401 2788 4467 Pascltas,
2824 4407 2877 4452 et
2905 4406 3094 4469 postea
3140 4396 3315 4450 tribus
3348 4392 3508 4448 annis
3538 4392 3674 4446 sub-

407 4481 563 4547 τρία,
594 4480 690 4533 καὶ
720 4482 907 4536 ἔκτοτε
943 4483 1326 4553 ἐκκλησιάζειν
1359 4486 1496 4557 μετᾶ
1524 4488 1632 4542 τῶν
1664 4492 1868 4544 πιστῶν
1899 4492 1985 4547 ἐπὶ

2097 4498 2290 4566 sterni,
2311 4505 2425 4551 tum
2444 4495 2682 4552 ﬁdelium
2706 4491 2953 4548 concioui
2968 4489 3188 4545 duobus
3208 4486 3675 4546 annis-interesse,

409 4575 506 4642 ἐτη
536 4575 629 4629 δύο
649 4593 660 4604 ·
695 4578 790 4630 καὶ
818 4577 960 4630 οὕτω
994 4579 1434 4647 μεταλαμϐάνειν
1466 4580 1574 4633 τῶν
1604 4582 1986 4653 ἀγιασμάτων,

407 4667 483 4733 ὡς
507 4669 608 4739 ἤδη
640 4670 889 4737 ἑξαετίας
919 4672 1318 4741 πληρωθείσης.
1358 4675 1509 4727 Ἐπεὶ
1539 4674 1624 4741 δὲ,
1657 4678 1785 4746 φασῖ
1804 4716 1818 4741 ,
1847 4679 1991 4742 τινες

2097 4604 2153 4646 et
2174 4590 2256 4645 sic
2287 4603 2408 4644 esse
2437 4593 2912 4642 sacramentorum
2939 4580 3259 4652 participes,
3280 4588 3540 4648 tanquam
3563 4576 3679 4644 iam»

2099 4681 2319 4751 impleto
2348 4677 2634 4734 sexennio.
2669 4676 2941 4743 Quoniam
2975 4682 3183 4737 autem,
3221 4670 3512 4740 inquiunt,
3547 4669 3673 4737 qui-

574 4831 606 4853 ο
1634 4818 1820 4882 Guill.
1863 4823 2186 4901 Beveregii
2218 4829 2410 4885 notte.

482 4940 596 5010 (74)
651 4935 782 4992 Νῦν
820 4936 888 5010 δέ
918 4935 1078 5010 παρᾲ
1104 4936 1213 4990 τόν
1243 4940 1476 5010 καιρόν.
1515 4939 1604 4994 Sic
1629 4940 1776 4994 hunc
1802 4942 1980 4995 locum

411 5006 559 5073 legit,
600 5025 705 5062 non
763 5008 922 5061 modo
951 5006 1119 5061 codex
1170 5019 1357 5063 noster
1391 5009 1742 5070 Bodleianus,
1796 5026 1981 5064 verum

410 5086 572 5134 etiam
606 5078 968 5141 lEtoniensis,
993 5087 1046 5130 et
1065 5075 1303 5131 Joannes
1328 5081 1699 5135 Antiochenus
1732 5083 1786 5133 in
1812 5082 1986 5135 Colle.-

414 5154 596 5201 etione
628 5163 924 5213 canonum,
967 5162 1180 5201 necnon
1234 5146 1573 5203 Parisienses
1642 5150 1987 5205 Balsamonis

417 5220 750 5285 Zonarzeque
796 5218 1083 5278 editiones,
1132 5232 1237 5269 una
1266 5233 1389 5271 cum
1449 5222 1722 5273 veteribus
1780 5218 1987 5272 Latinis

414 5289 828 5354 initerpretibus.
863 5286 997 5339 Nam
1027 5286 1270 5339 Isidorus
1302 5288 1566 5341 Mercator
1596 5290 1759 5341 vertit
1786 5304 1800 5341 :
1833 5288 1988 5343 Nunc

413 5369 608 5420 autem,
635 5359 687 5411 id
718 5370 793 5410 est
857 5368 1085 5425 tempore
1114 5358 1270 5427 hujus
1303 5360 1508 5427 synodi,
1535 5374 1590 5411 se
1639 5358 1940 5412 obtulerunt
1968 5377 1987 5423 ;

410 5444 461 5485 et
503 5428 793 5495 Dionysius
828 5428 1070 5495 Exiguus
1104 5426 1253 5479 Num:
1295 5429 1449 5496 hujus
1487 5430 1701 5481 concilii
1753 5440 1984 5495 tempore

413 5510 572 5555 semet
606 5496 946 5559 obtulerunt;
1004 5506 1056 5549 at
1091 5497 1263 5552 codex
1300 5499 1766 5551 Anterbacltiauns
1798 5514 1827 5552 e
1858 5515 1987 5552 ron-

415 5583 494 5625 tra
522 5569 666 5637 legit,
703 5566 998 5638 μηδὲ-περὶ
1030 5567 1120 5619 τὸν
1177 5568 1365 5638 καιρὸν
1406 5568 1505 5635 τῆς
1561 5568 1778 5620 συνόδου
1816 5586 1987 5638 προσ-ε

416 5634 714 5693 ελθόνῖιωνζ
757 5634 863 5688 Sed
919 5634 1091 5690 altera
1145 5634 1305 5691 lectio
1356 5634 1695 5705 prasl'erenda
1747 5634 1973 5701 videtur,

416 5725 525 5763 non
555 5715 768 5778 tantum
809 5706 955 5773 quod
989 5707 1333 5778 cou_nnunior
1369 5709 1461 5769 sit.
1505 5708 1597 5763 sed
1634 5717 1688 5762 et
1734 5723 1799 5761 eo
1835 5718 1980 5778 quod

418 5780 539 5833 loco
569 5777 903 5844 Patrutnque
932 5776 1098 5829 menti
1143 5776 1336 5831 melius
1365 5779 1673 5831 conveniat.
1705 5776 1982 5843 Quid‘sibi

422 5848 547 5905 velit
570 5856 726 5904 vetus
753 5847 1021 5916 interpres
1046 5859 1142 5915 per
1166 5861 1320 5901 suam
1353 5848 1516 5917 bujus
1542 5848 1643 5903 loci
1676 5849 1981 5903 versionem

2091 4944 2359 4998 incertum
2394 4951 2506 5003 est;
2541 4941 2705 4995 vertit
2732 4939 2899 5004 enim,
2929 4947 2978 4991 et
3005 4936 3310 4989 nunc’extrn
3329 4942 3562 5004 tempora
3576 4946 3643 5000 sy
3664 4946 3676 4955 ·

2094 5014 2218 5067 nodi
2242 5002 2621 5080 supplicantes.
2662 5009 2794 5074 Quae
2823 5002 3040 5079 quidem
3079 5005 3241 5060 verba
3270 5002 3454 5057 neutri
3486 5017 3515 5055 e
3534 5016 3678 5070 pne-

2093 5084 2258 5140 dictis
2284 5078 2614 5137 lectionibus
2656 5078 3013 5146 respondent".

2166 5154 2279 5223 (75)
2308 5153 2495 5217 Μέχρι
2524 5149 2633 5223 τῆς
2658 5142 2934 5217 μεγάλης
2972 5148 3218 5223 ἡμέρας.
3253 5142 3671 5223 Ρθιχμιιιεειῐιιιηιη

2094 5210 2236 5278 dicm
2266 5210 2681 5286 intelligenduu’t
2709 5210 2793 5272 est
2818 5210 3339 5286 sanc'tu'mvPascha,
3362 5211 3434 5265 ita
3463 5210 3671 5262 dictum

2095 5296 2165 5348 ob
2194 5307 2387 5361 magna
2426 5283 2516 5345 illa
2566 5288 2827 5361 beneticia
2861 5302 2987 5361 qua;
3027 5283 3287 5361 Senator
3342 5288 3529 5361 noster
3579 5295 3675 5361 per

2100 5350 2559 5417 resttrrECtiottcm
2592 5372 2748 5412 suam
2786 5350 2894 5411 isto
2937 5350 3023 5408 die
3093 5355 3263 5409 nobis
3317 5350 3670 5412 conciliavit;

2094 5434 2235 5485 unde
2294 5433 2459 5485 etiam
2518 5429 2816 5481 Sabbatum
2880 5425 3194 5495 pmcedens
3228 5427 3473 5495 _\'ocatur
3529 5417 3673 5487 μέγα

2089 5502 2389 5563 Σάδδατον,
2420 5508 2475 5553 et
2491 5497 2605 5552 Par.
2633 5512 2792 5552 sceve
2820 5493 2934 5550 sive
2957 5507 3107 5547 sexta
3143 5493 3274 5547 feria
3323 5505 3462 5563 mo_x_
3509 5496 3671 5542 ante-

2090 5573 2311 5635 cedens,
2372 5558 2590 5641 μεγάλη
2647 5565 2999 5641 Παρασκευὴ,
3054 5573 3110 5617 et
3172 5571 3287 5617 tota
3336 5558 3553 5641 quidem
3609 5574 3670 5641 ea

2089 5631 2416 5710 septimana,
2449 5631 2500 5694 in
2526 5631 2654 5710 qua?
2684 5631 2946 5710 Dz'nninus
2967 5631 3187 5710 nti-ten
3221 5631 3521 5710 cruciﬁtus
3555 5637 3665 5710 est,

2091 5701 2322 5780 quaeque
2355 5701 2610 5777 magnum
2646 5709 2823 5780 istum_
2849 5707 2991 5758 diem
3032 5702 3355 5780 Pascltalem
3388 5701 3666 5780 prtecedit,

2094 5776 2305 5853 μεγάλη
2338 5776 2608 5851 Ἕϐδομὰς
2638 5776 2911 5833 veteribus
2950 5776 3153 5845 passim
3192 5777 3563 5839 nuncupatur.
