4076 6446
402 379 535 453 ltiti

1650 383 1924 452 THEOD'.
1960 383 2360 455 BALSAMON

3510 391 3644 458 1144
3679 421 3683 426 ι

393 502 519 556 dam
553 515 615 556 ex
654 500 723 556 iis
757 500 821 555 ad
851 499 1222 570 paenitentiam
1248 501 1490 572 suscepti
1521 509 1671 566 sunt,
1697 503 1857 558 debet
1879 506 1960 560 eis

2083 508 2173 559 ὶπὸ
2216 506 2422 560 τούτων
2468 507 2912 578 προσεδέχθησαν
2957 509 3036 570 είς
3087 507 3397 576 μετάνοιαν,
3440 507 3646 574 ὀφείλει

395 594 637 661 reputari
679 593 996 648 sexennium
1038 592 1104 646 ab
1165 609 1230 646 eo
1269 605 1512 664 tempore
1542 610 1650 664 quo
1691 594 1759 649 ad
1793 597 1964 666 ι)ωηί-

395 686 614 741 tentiam
647 686 892 741 conversi
923 692 1072 740 sunt.
1111 685 1437 755 Quicunque
1466 695 1647 742 autem
1675 702 1742 743 ex
1773 684 1843 744 iis
1877 703 1965 744 ve-

394 777 553 831 niunt
587 777 640 829 in
677 775 1003 846 periculum,
1045 793 1112 830 ne
1160 792 1224 832 ex
1288 776 1481 832 morbo
1515 777 1596 833 vel
1642 777 1821 846 aliqua
1859 777 1963 832 alia

397 880 565 923 cansa‘
603 869 928 932 moriantur,
962 869 1266 925 divinorum
1294 879 1760 925 sacramentorum
1792 872 1964 941 parti-

399 957 672 1029 cipatione
695 959 840 1031 digni
867 956 1234 1015 habebuntur.
1257 953 1415 1026 Quod
1445 960 1488 1016 si
1514 960 1660 1032 ipsos“
1696 977 1802 1016 non
1827 961 1964 1015 mori

393 1051 720 1120 contigerit,
781 1067 851 1107 ne
925 1047 1157 1122 amplius
1231 1053 1658 1118 communicent,
1707 1056 1964 1122 tanquam

394 1151 554 1210 pinna
576 1142 762 1205 soluti,
785 1137 890 1197 nisi
923 1143 1248 1211 praeﬁnitum
1279 1146 1596 1201 sexennium
1621 1147 1962 1218 praeterierit.

357 1231 511 1306 ;lloc
541 1232 684 1287 enim
736 1242 820 1288 est
853 1231 1007 1299 illud,
1055 1235 1156 1290 sub
1203 1235 1547 1303 deﬁnitione,
1602 1238 1815 1296 scilicet
1865 1236 1968 1293 sub

355 1358 361 1370 .
395 1323 767 1391 distinctione,
813 1325 980 1394 recipi
1021 1325 1090 1380 ad
1132 1326 1436 1382 diVinor'um
1478 1339 1954 1384 sacramentorum

350 1463 354 1469 .
395 1416 892 1485 participationem.
937 1413 1075 1472 Nota
1109 1426 1238 1489 ergo
1283 1419 1424 1488 quod
1459 1415 1494 1474 ii
1527 1419 1696 1491 magis
1729 1422 1967 1490 punidn-

399 1515 509 1572 tur,
533 1507 626 1574 qui
663 1523 768 1562 non
802 1518 929 1563 sunt
964 1511 1252 1564 tormentis
1288 1509 1462 1564 all'ecti
1485 1518 1539 1565 et
1567 1510 1968 1574 sacrificarunt,

398 1612 560 1666 quam
595 1601 685 1664 qui
722 1608 994 1654 tormenta
1023 1600 1172 1670 passi
1213 1594 1614 1656 sacrificarunt.

469 1687 720 1746 ΖΟΝΑῐί.
777 1686 1101 1762 Quicunque
1161 1690 1304 1745 nulla
1355 1700 1750 1748 tormentorum
1798 1704 1966 1762 θερε-

394 1784 596 1838 rientia
650 1784 812 1839 minis
861 1792 1098 1850 cessere,
1153 1783 1539 1854 jacturamque
1609 1785 1967 1854 pecuniarum

2066 598 2384 666 λογισθῆναι
2415 599 2598 661 αὐτοῖς
2629 600 2661 668 ἡ
2694 599 2911 666 ἐξαετία
2940 601 3033 666 ἀφ’
3059 591 3120 650 οὗ
3153 597 3348 668 κιιροῦ
3381 599 3645 666 ἐπέστρε-

2065 689 2174 757 ψαν
2197 692 2277 750 εἰς
2303 691 2616 759 μετάνοιαν.
2634 689 2788 744 Ὅσοι
2812 691 2994 760 μέντοι
3018 690 3077 754 ἐξ
3104 690 3283 743 αὐτῶν
3306 690 3647 746 κιδυνεύουσι

2065 777 2385 850 τελευτῆσαι
2431 781 2540 835 ἀπὸ
2581 784 2738 834 νόσου
2780 782 2812 851 ἦ
2855 783 3049 850 ἐτέρας
3092 783 3234 843 τινὸς
3276 782 3492 842 αἰτίας,
3538 779 3648 833 τῶν

2069 873 2231 926 θείων
2256 873 2615 943 ἁγιασμάτων
2654 870 3068 944 ἀξιωθήσονται.
3126 874 3273 942 Πλὴν
3312 878 3360 926 εἰ
3405 871 3647 943 συμϐαίη

2065 965 2261 1028 αὐτοὺς
2295 965 2369 1036 μὴ
2402 966 2714 1026 ἀποθανεῖν,
2765 966 2965 1035 μηκέτι
2997 965 3153 1028 αὖθις
3183 964 3652 1032 κοινωνείτωσαν,

2067 1057 2142 1120 ὠς
2169 1048 2571 1127 ἀνεπιτίμητοι,
2597 1059 2646 1110 εἰ
2676 1056 2750 1126 μὴ
2776 1050 3021 1128 παρέλθῃ
3046 1057 3078 1126 ή
3102 1055 3382 1124 ὡρισμένη
3409 1053 3652 1117 ἐξαετία.

2068 1143 2242 1202 Τοῦτο
2267 1148 2374 1220 γάρ
2404 1151 2521 1203 ἐστι
2549 1149 2608 1203 τὸ
2637 1150 2733 1202 ἐπὶ
2762 1150 2893 1220 ὅρῳ,
2926 1145 3092 1218 ἧγουν
3123 1148 3215 1201 ἐπὶ
3245 1145 3534 1209 διαστίξει,
3563 1145 3652 1198 δει-

2067 1241 2263 1310 χθῆναι
2287 1245 2509 1304 τούτους
2537 1234 2612 1302 εἰς
2643 1241 2740 1308 τὴν
2767 1239 2874 1292 τῶν
2902 1237 3061 1292 θείων
3088 1238 3450 1306 ἀγιασμάτων
3484 1237 3650 1306 μετά-

2068 1331 2250 1404 ληψιν.
2276 1328 2440 1386 ’Ὥστε
2477 1326 2779 1402 σημείωσαι
2812 1333 2893 1384 ὅτι
2928 1330 3172 1390 πλείονος
3205 1327 3573 1397 ἐπιτιμῶνται
3605 1327 3655 1380 oi.

2074 1417 2148 1495 μὴ
2185 1425 2602 1494 βασανισθέντες
2640 1426 2732 1478 καὶ
2766 1424 3048 1487 θύσαντες,
3083 1421 3233 1490 παρὰ
3269 1421 3396 1484 τοὺς
3436 1420 3658 1490 βασανιι

2071 1516 2300 1580 σθέντας
2330 1517 2422 1569 καὶ
2453 1508 2746 1578 θύσαντας.

2143 1685 2388 1744 ΖΩΝΑΡ.
2422 1691 2562 1753 Τοὺς
2592 1685 2665 1762 μὴ
2699 1683 2860 1761 μέχρι
2892 1691 3091 1762 πείρας
3122 1681 3374 1761 βασάνων
3403 1680 3658 1757 ἐληλυθόο

2071 1799 2188 1848 τας,
2231 1781 2367 1836 ἀλλὰ
2409 1782 2658 1846 ἀπειλαῖς
2702 1784 2974 1848 εἴξαντας,
3013 1783 3108 1837 καὶ
3151 1782 3445 1853 ἀφαίρεσιν
3491 1781 3660 1852 φοϐη-

395 1886 486 1928 aut
516 1875 768 1930 exsilium
802 1875 875 1943 (id
900 1876 1042 1930 enim
1073 1877 1322 1945 μετοικία
1343 1876 1635 1946 signiﬁcat)
1661 1887 1967 1932 metuentes

2083 1873 2258 1938 ἱέντας
2297 1875 2632 1946 χρημάτων,
2669 1877 2702 1946 ἢ
2749 1876 3062 1946 μετοικίαν,
3097 1875 3378 1929 τουτέστιν
3414 1874 3659 1942 ἐξορίαν,

399 1965 777 2030 immolavere,
828 1981 1004 2035 neque
1059 1977 1244 2038 postea
1302 1967 1556 2022 conversi
1607 1973 1757 2032 sunt,
1823 1981 1969 2021 nunc

397 2068 552 2120 vero,
585 2054 841 2125 inquiunt
895 2056 1102 2120 Patres,
1141 2056 1334 2126 synodi
1388 2063 1636 2125 tempore
1680 2057 1967 2121 accedunt,

400 2155 454 2198 et
504 2145 885 2215 paenitentiam
932 2161 1091 2217 agere
1128 2147 1339 2212 velint,
1376 2147 1442 2201 ad
1494 2163 1748 2217 magnum
1801 2161 1973 2216 usuue

400 2234 546 2289 diem
580 2237 720 2291 inter
737 2237 1013 2291 audientes
1039 2239 1246 2292 admitti
1271 2237 1490 2307 placuit.
1513 2237 1761 2306 Magnum
1794 2247 1972 2292 autem

401 2315 553 2382 diem
579 2338 830 2382 sanctum
865 2327 1069 2384 Pascha
1099 2369 1114 2392 ,
1167 2327 1382 2384 Domini
1434 2331 1684 2386 videlicet
1732 2344 1977 2385 resurre-

402 2418 659 2484 ctionem,
695 2421 1065 2475 nominavere.
1095 2415 1231 2474 Tum
1254 2437 1282 2475 a
1311 2421 1576 2477 Pascitute
1607 2424 1899 2476 triennium
1921 2423 1973 2476 i'n

403 2508 780 2565 substratione
811 2510 1029 2581 degere,
1065 2517 1170 2567 hoc
1199 2518 1321 2580 est,
1357 2512 1412 2567 in
1449 2513 1971 2567 catechumenorum

403 2602 644 2656 statione
700 2605 1051 2668 commorari,
1104 2617 1342 2675 cumque
1392 2603 1502 2658 illis
1547 2603 1732 2669 exire;
1782 2601 1978 2656 deinde

404 2693 627 2749 biennio
672 2695 878 2765 absque
905 2695 1186 2750 oblatione
1221 2693 1638 2750 communicare
1664 2732 1680 2759 ,
1729 2693 1833 2746 hoc
1869 2699 1975 2755 est,

405 2783 548 2840 inter
593 2785 798 2853 ﬁdeles,
828 2787 1034 2856 absque
1069 2785 1180 2840 ulla
1213 2791 1396 2839 tamen
1443 2797 1730 2840 sacrorum
1783 2793 1974 2853 perce-

406 2876 592 2942 ptione
629 2878 870 2942 versari,
916 2886 1082 2947 atque
1132 2875 1237 2931 boc
1295 2884 1454 2945 pacto
1508 2875 1575 2928 ad
1632 2873 1974 2945 perlectum,

408 2967 877 3025 sanctiﬁcatorutn
955 2967 1165 3024 scilicet
1218 2967 1612 3038 sumptionem,
1684 2966 1977 3030 accedere;

410 3061 754 3130 proindeque
784 3061 840 3115 in
873 3059 1128 3115 omnibus
1164 3074 1450 3130 ptenarum
1492 3059 1624 3114 locis
1653 3057 1976 3114 sexennium

2071 1965 2167 2019 καὶ
2203 1964 2472 2029 θύσαντας
2512 1967 2587 2036 μὴ
2623 1965 3057 2036 ἐπιστρέψαντας
3079 1964 3214 2036 (76),
3249 1964 3345 2018 νῦν
3377 1965 3466 2028 δὲ,
3503 1977 3665 2032 φασν

2071 2056 2120 2108 οἱ
2162 2056 2428 2126 Πατέρες,
2469 2055 2613 2109 κατά
2655 2058 2746 2109 τὸν
2784 2057 2975 2127 καιρὸν
3019 2057 3118 2125 τῆς
3165 2055 3387 2112 συνόδου,
3427 2063 3664 2124 προσελ-

2075 2147 2289 2210 θόντας,
2319 2148 2412 2201 καὶ
2446 2149 2780 2218 μετανοῆσαι
2811 2148 3164 2217 θελήσαντας,
3197 2147 3340 2211 ἔδοξε
3373 2146 3539 2216 μέχρι
3565 2146 3664 2212 τῆς

2079 2236 2323 2304 μεγάλης
2352 2237 2563 2307 ἡμέρας
2595 2239 2675 2300 εἰς
2708 2238 2974 2308 ἀκρόασιν
3003 2239 3282 2308 δεχθῆναι.
3315 2239 3578 2308 Μεγάλην
3604 2231 3663 2290 δὲ

2077 2327 2290 2397 ἡμέραν
2325 2327 2385 2379 τὸ
2420 2327 2577 2395 ἅγιον
2616 2330 2808 2398 Πάσχα
2843 2330 3164 2399 ὠνόμασαν,
3196 2331 3296 2400 τὴν
3327 2329 3421 2382 τοῦ
3459 2328 3666 2399 Κυρίου

2075 2417 2318 2484 δηλονότι
2365 2419 2682 2473 ἀνάστασιν.
2722 2421 2832 2473 Καὶ
2879 2420 3018 2489 μετά
3054 2421 3115 2474 τὸ
3159 2422 3351 2491 Πάσχα
3391 2422 3520 2492 τρία
3567 2421 3660 2489 έτη

2078 2506 2216 2562 εἶναι
2247 2510 2303 2561 ἐν
2331 2510 2665 2571 ὑποπτώσει,
2703 2511 2839 2580 μετά
2865 2511 2972 2563 τῶν
3005 2511 3432 2581 κατηχουμένων
3459 2511 3662 2581 δηλαδὴ

2081 2601 2531 2668 συνισταμένους,
2573 2599 2670 2653 καὶ
2713 2599 2810 2653 σὺν
2849 2595 3036 2664 αὐτοῖς
3075 2602 3342 2665 ἐξιόντας,
3384 2601 3483 2654 καὶ
3529 2601 3667 2655 ἄλλα

2079 2690 2174 2745 δύο
2205 2690 2300 2761 ἔτη
2331 2693 2660 2760 κοινωνῆσαι
2694 2692 2860 2760 χωρὶς
2891 2685 3230 2762 προσφορᾶς,
3261 2691 3382 2744 ἀντὶ
3408 2687 3505 2744 τοῦ
3543 2709 3671 2744 συν-

2084 2781 2335 2836 ίστασθαι
2367 2783 2480 2844 τοῖς
2513 2783 2726 2844 πιστοῖς
2763 2783 2836 2852 μὴ
2873 2782 3412 2852 μεταλαμϐάνοντας,
3449 2784 3545 2834 καὶ
3576 2782 3670 2836 οὔ·

2080 2891 2188 2938 τως
2220 2873 2394 2926 ἐλθεῖν
2427 2873 2520 2926 ἐπὶ
2549 2873 2608 2926 τὸ
2640 2875 2848 2926 τέλειον
2867 2913 2882 2939 ,
2913 2874 3083 2943 ἤγουν
3111 2875 3212 2945 τὴν
3241 2875 3351 2926 τῶν
3382 2873 3672 2944 ἁγιασμά-

2080 2972 2188 3019 των
2235 2965 2568 3036 μετᾶλῆψινδ
2606 2965 2747 3018 ὥστε
2796 2965 2882 3019 διὰ
2930 2965 3147 3019 πάντων
3188 2964 3296 3019 τῶν
3332 2967 3516 3022 τόπων
3560 2965 3668 3019 τῶν

2083 3055 2377 3126 ἐπιτιμίων
2403 3056 2692 3127 πληρῶσαι
2717 3055 2814 3125 τὴν
2839 3049 3110 3120 ἑξαετίαν.
3142 3056 3202 3107 Et
3229 3056 3284 3108 δέ
3310 3072 3476 3121 τινες,
3510 3057 3665 3124 φασὶ,

409 3152 640 3208 absolvi.
675 3151 730 3206 Si
783 3151 877 3219 qui
918 3157 1073 3217 Vero,
1123 3151 1402 3221 inquiunt,
1461 3165 1605 3214 sese,
1656 3151 1976 3220 priusquam

2086 3147 2190 3218 πρὸ
2215 3148 2312 3217 τῆς
2342 3147 2563 3201 συνόδου
2592 3148 2920 3220 προσῆλθον,
2947 3147 3043 3201 καὶ
3070 3147 3368 3218 ἐδέχθησαν
3393 3149 3474 3211 εἰς
3507 3145 3669 3218 μετά-

409 3242 656 3312 synodus
699 3240 1014 3305 haberetur,
1069 3240 1334 3310 obtulere,
1386 3255 1450 3295 ac
1495 3240 1560 3294 ad
1604 3241 1982 3310 paenitentiam

409 3332 638 3392 admissi
670 3339 823 3398 sunt,
857 3333 925 3387 ab
952 3347 1016 3388 eo
1051 3341 1296 3404 tempore
1328 3333 1648 3388 sexennium
1681 3331 1982 3398 numerari,

413 3429 514 3482 hoc
540 3429 646 3491 est,
681 3423 815 3494 ipsis
847 3424 1106 3494 prmllniri
1149 3424 1346 3494 placet.
1377 3423 1528 3490 Quod
1567 3425 1612 3479 si
1641 3439 1756 3490 eos,
1787 3424 1986 3492 quibus

413 3532 588 3587 penna:
632 3516 853 3572 nomine
908 3517 1302 3572 communione
1353 3517 1708 3571 interdictum
1740 3526 1822 3570 est
1851 3555 1865 3578 ,
1917 3515 1986 3570 ob

413 3608 664 3664 morbum
709 3605 940 3664 aliamve
982 3611 1375 3678 quamcunque
1406 3622 1627 3663 causam
1685 3609 1736 3661 in
1785 3605 1986 3661 discri-

414 3717 542 3757 tncn
579 3701 700 3757 vitae
729 3702 914 3756 vocari
949 3706 1251 3773 contingat,
1284 3703 1348 3755 ad
1383 3712 1664 3756 sacrorum
1698 3713 1986 3754 munerum

415 3792 858 3848 communionem
915 3794 1167 3860 admitti;
1202 3795 1297 3848 sed
1343 3809 1405 3848 ea
1457 3799 1636 3848 tamen
1684 3791 1823 3861 lege,
1875 3792 1990 3846 sive

413 3883 789 3950 distinctione,
833 3895 893 3940 ut
942 3887 987 3941 si
1030 3886 1396 3942 valetudinem
1448 3885 1648 3941 evitata
1689 3893 1862 3939 morte
1901 3897 1988 3938 re-

415 3979 768 4048 cuperarint,
824 3979 1210 4034 communione
1263 3993 1493 4043 rursus,
1544 3977 1611 4032 ad
1657 3976 1988 4047 praeﬁnitum

417 4081 592 4135 usque
625 4069 871 4124 sexennii
901 4077 1136 4141 tempus,
1170 4070 1394 4126 omnino
1424 4078 1669 4125 careant.

411 4158 572 4231 381
612 4156 846 4213 ARIST;
883 4176 900 4210 ι
931 4157 1022 4213 Vir
1045 4159 1136 4229 qui
1163 4159 1330 4216 minis
1351 4167 1560 4214 tantum
1583 4157 1878 4224 cesserit;et
1900 4170 1987 4210 sa-

493 4270 512 4301 ι
557 4252 903 4320 criﬁcaverit,
920 4252 1115 4310 deinde
1129 4254 1441 4325 resipuerit,
1463 4253 1840 4325 quinquennio
1865 4251 1995 4308 sub-

495 4355 513 4390 ι
559 4349 860 4394 sternatur.
892 4355 912 4393 1

490 4427 595 4495 Qui
647 4431 932 4486 tormentis
987 4443 1093 4485 non
1144 4431 1378 4500 subjecti
1437 4436 1614 4495 erant,
1681 4431 1775 4486 sed
1827 4429 1992 4484 minis

2085 3261 2259 3308 νοιαν,
2295 3245 2481 3298 ἔκτοτε
2512 3245 2824 3312 λογίζεσθαι
2844 3284 2858 3306 ,
2889 3245 3058 3315 ἧγουν
3091 3241 3540 3314 συμψηφίζεσθαι
3572 3241 3668 3294 αὐτ

2087 3339 2199 3398 τοῖς
2223 3335 2312 3388 τὸν
2340 3339 2530 3407 χρόνον
2556 3337 2657 3404 τῆς
2685 3323 2954 3402 ἑξαετίας.
2981 3327 3044 3388 Εἰ
3071 3335 3125 3388 δὲ
3153 3327 3262 3398 τοῖς
3286 3336 3343 3386 ἐν
3370 3331 3669 3400 ἐπιτιμίοις

2087 3427 2486 3498 ἀκοινωνησίας
2515 3427 2632 3480 οἶῒσι
2661 3428 2978 3497 νοσήσασιν,
3008 3427 3039 3496 ἢ
3070 3425 3245 3487 ἄλλως
3280 3442 3397 3487 πως
3428 3423 3668 3482 κίνδυνος

2090 3519 2321 3572 θανάτου
2364 3519 2591 3589 γένηται
2633 3519 3104 3589 προσδοκήσιμος,
3144 3516 3370 3586 τούτους
3412 3509 3669 3584 δεχθήσε-

2091 3613 2213 3664 σθαι
2241 3612 2336 3681 μὲν
2363 3612 2441 3672 εἰς
2467 3609 2753 3664 κοινωνίαν
2777 3610 2885 3662 τῶν
2911 3609 3081 3676 ἁγίων
3107 3608 3314 3678 δώρων,
3345 3607 3439 3658 ἐπὶ
3463 3606 3570 3675 ὅρῳ
3591 3602 3668 3665 δὲ.

2089 3703 2256 3774 ἤγουν
2300 3703 2393 3754 ἐπὶ
2437 3701 2724 3768 διαστίξει,
2766 3700 2927 3763 ὥστε,
2972 3701 3020 3753 εί
3068 3698 3307 3770 συμϐαίη
3352 3695 3551 3753 αὐτοὺς
3598 3692 3669 3762 μὴ

2089 3796 2398 3860 ἀποθανεῖν,
2428 3794 2561 3847 ἀλλὰ
2592 3793 3032 3866 ἀναῤῥωσθῆναι,
3063 3791 3261 3863 μηκέτι
3290 3786 3450 3852 αὖθις
3481 3801 3668 3844 κοινοτ-

2091 3887 2281 3957 νῆσαι,
2320 3889 2366 3939 εί
2405 3886 2481 3957 μὴ
2513 3888 2539 3940 ὁ
2574 3882 2877 3956 ὡρισμένος
2910 3883 3156 3955 παρέλθῃ
3190 3883 3381 3952 χρόνος
3417 3879 3513 3950 τῆς
3548 3873 3666 3940 έξτν

2092 3979 2265 4041 ετίας.

2094 4154 2317 4215 ΑΡΙΣΤ.
2365 4177 2384 4211 ι
2426 4157 2592 4229 Ἀνὴρ
2646 4155 2843 4225 ἀπειλῇ
2897 4153 3056 4224 μόνον
3103 4153 3273 4219 εἴξας,
3337 4153 3434 4206 καὶ
3488 4142 3673 4212 θύσας,

2173 4265 2192 4305 ι
2240 4248 2358 4306 εἶτα
2390 4251 2754 4322 μετανοήσας,
2791 4246 3115 4302 πενταετίαν
3148 4246 3534 4298 ὑποπιπτέτω.
3581 4261 3599 4294 ι
3680 4283 3682 4285 .

2173 4431 2340 4502 Οίμὴ
2389 4432 2788 4498 ὑπενεγκόντες
2845 4429 3076 4498 βάσανοι,
3136 4428 3254 4480 ἀλλ’
3316 4425 3420 4480 ὑπὸ
3510 4424 3668 4494 μόνης

418 4519 554 4574 solis
598 4520 876 4576 terret‘acti
931 4531 987 4577 et
1027 4521 1416 4577 sacrificabant
1469 4531 1524 4577 ct
1572 4521 1890 4590 aliquandiu
1929 4522 1977 4575 iu

2095 4526 2326 4596 ἀπειλῆς
2359 4524 2708 4594 πτοηθέντες,
2741 4523 2832 4574 καὶ
2858 4521 3143 4584 θύσαντες,
3192 4519 3285 4572 καὶ
3332 4520 3424 4571 ἐπί
3482 4507 3666 4584 καιρὸν

419 4623 604 4665 errore
623 4609 729 4664 isto
751 4610 1165 4680 permanebant,
1182 4621 1374 4679 postea
1395 4621 1574 4665 autem
1595 4611 1997 4680 resipi‘scebant

419 4712 472 4757 et
500 4704 748 4758 conversi
768 4702 938 4766 l‘uerc,
974 4717 1072 4772 per
1105 4717 1310 4757 annum
1334 4703 1553 4773 quidem
1587 4703 1729 4759 inter
1767 4704 1994 4758 audien-

421 4803 501 4849 tes
527 4803 708 4860 erunt,
743 4795 984 4848 triennio
1013 4808 1138 4849 cum
1169 4794 1482 4860 substratis,
1514 4795 1735 4851 biennio
1776 4813 1897 4851 eum
1933 4797 1994 4852 li-

420 4886 634 4941 dclibus
679 4887 1102 4952 constituentur,
1163 4895 1212 4941 et
1257 4887 1510 4957 precibus
1561 4889 1694 4943 solis
1748 4904 1995 4942 commu-

424 4977 710 5041 nicabnnt,
780 4984 1228 5047 etpost'omnes
1291 4993 1386 5034 scx
1439 4991 1612 5036 annos
1672 4984 1886 5052 elapsos
1927 4981 1996 5036 ad

424 5061 816 5140 perfectionem
869 5071 1108 5139 venient,
1133 5081 1187 5127 et
1221 5070 1416 5128 divina:
1441 5073 1846 5129 communionis
1873 5089 1997 5142 par-

422 5159 618 5231 ticipes
656 5168 838 5215 erunt.

1016 5254 1245 5310 CANON
1295 5255 1407 5311 νη.

429 5365 447 5397 ι
499 5345 575 5402 De
612 5345 679 5402 iis
724 5346 816 5416 qui
873 5347 926 5401 in
980 5347 1118 5402 festo
1162 5349 1405 5412 etltnico,
1450 5349 1502 5403 in
1543 5350 1662 5404 loco
1697 5349 1999 5419 gentilibus

553 5439 818 5512 deputata
859 5442 1132 5496 convivati
1203 5452 1374 5507 sunt,
1435 5450 1489 5496 ct
1529 5441 1780 5510 proprios
1847 5443 1998 5496 cibos

2095 4621 2160 4689 τῇ
2195 4616 2372 4687 πλάνῃ
2406 4614 2578 4687 ταύτῃ
2617 4615 3222 4684 προσκαρτερήσαντες,
3279 4606 3400 4664 εἶτα
3453 4615 3666 4679 μετανοε

2097 4710 2330 4780 ἠσαντες
2401 4707 2497 4760 καὶ
2563 4704 3032 4775 ἐπιστρέψαντες,
3120 4702 3368 4755 ἐνιαυτὸν
3449 4701 3545 4769 μὲν
3587 4691 3667 4748 ἐπ’

2095 4799 2468 4874 ἀκροωμένοις
2499 4799 2736 4863 ἔσονται,
2775 4798 2869 4850 ἐπὶ
2894 4797 3136 4866 τριετίαν
3187 4799 3325 4862 μετά
3377 4796 3483 4847 τῶι
3545 4791 3668 4842 ὑπο-

2105 4894 2436 4957 πιπτόντων,
2511 4891 2602 4944 ἐπὶ
2689 4890 2896 4943 διετίαν
2945 4891 3307 4954 συστήσονται
3377 4885 3511 4956 μετά
3567 4877 3668 4930 τῶν

2105 4985 2335 5048 πιστῶν,
2377 4984 2472 5036 καὶ
2495 4981 2604 5034 τῶν
2643 4980 2819 5051 εὐχῶν
2871 4981 3266 5049 κοινωνήσουσι
3321 4970 3477 5044 μόνον
3509 4989 3521 5003 ·
3576 4965 3665 5021 καὶ

2108 5075 2247 5146 μετὰ
2278 5075 2337 5128 τὸ
2372 5073 2662 5144 πληρῶσαι
2687 5072 2785 5142 τὴν
2821 5073 3000 5124 πᾶσαν
3060 5069 3334 5134 ἑξαετίαν,
3370 5064 3669 5119 ἐλεύσονται

2106 5169 2199 5222 ἐπὶ
2225 5171 2286 5220 τὸ
2313 5166 2486 5229 τέλος,
2521 5165 2616 5217 καὶ
2640 5164 2743 5233 τῆς
2773 5163 2923 5225 θείας
2958 5163 3268 5233 μετάσχωσι
3302 5153 3666 5229 μεταλήψεωςδ

2783 5253 3020 5308 ΚΛΝΩΝ
3062 5254 3136 5305 Z'.

2115 5368 2134 5402 ι
2173 5349 2310 5419 Περὶ
2339 5348 2448 5403 τῶν
2471 5345 2937 5400 συνεστιαθέντων
2965 5347 3023 5397 ἐν
3049 5343 3238 5412 ἐθνικῇ
3268 5341 3426 5410 ἑορτῇ
3450 5339 3505 5389 ἐν
3525 5331 3667 5396 τόπῳ

2185 5461 2204 5491 ‹
2243 5439 2618 5510 ἀφωρισμένῳ
2657 5439 2769 5499 τοῖς
2802 5420 3056 5500 tamen,
3095 5434 3204 5486 ἴδια
3258 5432 3517 5504 βρώματα
3555 5424 3671 5474 ἐπι-

1646 5600 1834 5661 Guill.
1869 5599 2192 5678 Beveregii
2229 5604 2416 5659 notae.

483 5747 606 5822 "(76)
645 5750 754 5822 Kell
788 5751 1094 5815 θύσαντας
1119 5748 1202 5818 μὴ
1230 5749 1755 5822 ἐπιστρέψαντας.
1800 5747 1998 5822 _Code;t

425 5818 900 5876 Amerbachianus
955 5826 1169 5875 rectius
1226 5819 1354 5885 legit
1406 5819 1676 5882 θύσαντας
1727 5818 1822 5871 καὶ
1856 5818 1993 5883 μηδὲ

2102 5745 2239 5816 μετά
2271 5743 2446 5797 ταῦτα
2483 5743 2934 5816 μετανοήσαντας
3034 5735 3482 5816 ἐπιστρέψανταῇ
3510 5726 3662 5788 υηο·

2100 5798 2261 5871 inodo
2293 5817 2454 5871 etiam
2483 5798 2743 5870 'Gallaud'i
2777 5798 2944 5866 codex
2981 5798 3162 5864 locum
3199 5798 3342 5860 hunc
3365 5798 3508 5864 lt'gll.
