4076 6408
334 391 471 461 1145
1497 399 1575 464 IN
1615 404 1782 466 CAN.
1825 403 1939 466 v11

1983 403 2181 465 CONC.
2214 401 2486 464 ANCYR.
3453 374 3593 444 1MB

409 530 426 562 ι
467 514 850 584 κομισαμὲνων
879 515 910 586 ἢ
939 515 1030 568 καὶ
1051 519 1336 584 φαγόντων
1361 513 1504 584 ἔδοξε
1531 513 1733 571 διετίαν
1767 519 1900 571 ὑπο-
1931 533 1974 579 Α

2078 539 2096 572 ι
2137 517 2438 572 attulerunt
2457 511 2542 566 vel
2560 506 2936 570 comederunt,
2969 499 3191 573 placuit,
3215 508 3339 555 cum
3368 497 3592 553 biennio

402 621 420 652 ι
458 604 723 668 πεσόντας
746 606 1000 675 δεχθῆναι
1025 624 1037 638 ·
1056 605 1118 660 τὸ
1134 609 1210 670 δὲ,
1238 611 1286 660 εξ
1322 609 1428 680 χρὴ
1460 609 1598 677 μετὰ
1622 610 1720 677 τῆς
1744 626 1909 677 προσο

2090 629 2110 663 ι
2149 605 2416 665 substrati
2474 601 2697 665 fuerint,
2741 611 2865 654 esse
2900 592 3256 664 recipiendos
3289 607 3304 644 :
3353 604 3421 643 an
3455 599 3585 642 cum

399 711 417 742 ι
457 696 652 763 φορᾶς,
675 694 909 748 ἕκαστον
946 698 1056 749 τῶν
1082 699 1395 753 ἐπισκόπων
1426 701 1542 753 ἐστὶ
1584 700 1644 752 τὸ
1679 701 1907 769 δοκιμά-

2091 723 2110 756 ι
2144 703 2422 758 oblatione
2472 695 2715 763 recipere
2753 694 3027 760 oporteat,
3073 692 3157 740 est
3191 682 3581 753 episcoporum

394 799 414 832 ι
453 800 563 848 σαι,
597 787 803 840 καὶτὸν
833 787 990 842 ἄλλον
1023 789 1138 860 βίον
1191 792 1275 860 ἐφ’
1316 794 1545 847 ἑκάστου
1578 793 1846 856 ἐξετάσαι.
1881 813 1899 845 ι

2086 814 2106 848 ι
2146 792 2476 852 examinare,
2504 785 2733 840 etaliazn
2756 782 2926 836 vitam
2959 779 3012 833 in
3038 788 3368 846 unoquoque
3398 770 3552 840 inqui

391 956 589 1012 ΒᾹΛΣ.
623 961 780 1024 Τινὲς
833 965 1016 1017 πιστοὶ
1044 965 1363 1037 εὑρεθέντες
1422 968 1481 1022 ὲν
1514 965 1722 1038 χώραις
1744 967 1904 1020 ἁλλο-

2088 907 2106 940 t
2141 901 2286 941 rere.
2329 904 2347 937 ›

2080 977 2273 1032 BALS.
2302 975 2534 1041 Quidam
2565 969 2770 1031 ﬁdeles,
2798 967 2852 1021 in
2881 964 3182 1018 alienarum
3220 959 3462 1030 gentium
3499 969 3575 1008 re.

331 1050 502 1102 εθνῶν
528 1053 668 1105 κατά
697 1071 818 1107 τινα
849 1055 1039 1122 καιρὸν
1093 1057 1290 1126 ἑορτῆς
1317 1056 1540 1126 ἑθνικῆς
1599 1058 1906 1126 συνέφαγον

2006 1065 2262 1138 giouibus
2315 1061 2556 1123 inventi,
2610 1055 2844 1127 quodam
2891 1063 3136 1120 tempore
3187 1047 3309 1102 festi
3385 1041 3589 1097 ethnici

329 1143 540 1226 τούτοις
570 1147 630 1198 ἐν
662 1146 815 1215 τόπῳ
846 1149 952 1200 τινὶ
987 1149 1357 1219 ἀφωρισμένῳ
1389 1152 1472 1212 εις
1538 1147 1696 1201 τοῦτο
1751 1149 1901 1202 αὐτό.

2006 1172 2129 1214 cum
2162 1157 2241 1211 eis
2286 1157 2339 1210 in
2381 1153 2502 1206 loco
2546 1149 2730 1217 aliquo
2763 1145 2830 1199 ad
2866 1143 2971 1197 hoc
2999 1141 3176 1210 ipsum
3209 1138 3468 1204 deputato
3497 1148 3591 1186 eo.

331 1223 455 1284 ’Ὅτι
482 1233 539 1286 δὲ
567 1235 668 1286 οὐκ
701 1230 841 1304 ἦσαν
870 1235 939 1288 τὰ
987 1235 1253 1307 βρώματα
1312 1239 1420 1291 ἀπὸ
1488 1239 1742 1302 ἐθνικῶν,
1789 1234 1902 1291 ἀλλ’

2007 1251 2312 1304 metiernnt.
2363 1243 2502 1309 Quia
2548 1247 2729 1294 autem
2779 1250 2883 1289 non
2930 1241 3089 1288 erant
3123 1227 3408 1296 gentilium
3445 1222 3577 1281 cibi,

329 1324 526 1388 οἰκεῖα,
587 1325 780 1393 ἤθελον
836 1326 1243 1396 συντηρηθῆναι
1315 1329 1715 1383 ἀκαταιτίατοι.
1768 1330 1904 1381 Φασὶ

2005 1344 2100 1398 sed
2135 1341 2240 1400 sui,
2279 1353 2339 1392 se
2377 1337 2444 1390 ab
2475 1332 2621 1387 omni
2657 1325 3084 1398 reprehensione
3114 1321 3325 1374 alienos
3359 1326 3589 1368 conser-

328 1417 458 1479 γοῦν
482 1416 532 1466 οἱ
563 1417 808 1485 Πατέρες
862 1417 1036 1480 ὼς,εί
1091 1420 1184 1471 καὶ
1258 1422 1334 1490 μὴ
1383 1420 1760 1491 ἐμολύνθησαν
1815 1420 1904 1473 διὰ

2004 1435 2118 1490 vari
2159 1431 2435 1486 volebant.
2474 1425 2670 1480 Dicunt
2705 1436 2833 1489 ergo
2859 1417 3070 1477 Patres,
3095 1411 3261 1482 quod,
3295 1411 3397 1464 etsi
3429 1421 3587 1459 exse-

331 1506 638 1575 βρωμάτων
677 1510 960 1577 μυσαρῶν,
1010 1510 1128 1563 ἀλλ’
1162 1512 1288 1564 ἑπεὶ
1342 1513 1708 1566 συνανέπεσον
1764 1513 1902 1582 μετᾶ

2003 1524 2300 1580 crabilibus
2317 1518 2457 1574 cibis
2489 1531 2595 1570 non
2617 1519 2747 1567 sunt
2776 1505 3074 1578 inquinati,
3107 1505 3234 1574 quia
3262 1511 3443 1555 tamen
3467 1511 3591 1552 cum

329 1601 598 1666 circ-7c:sz,
633 1601 728 1652 καὶ
761 1601 848 1654 διὰ
889 1602 1079 1672 κοινῆς
1116 1603 1396 1673 τραπέζης
1432 1602 1902 1674 συνεκοινώνησαν

2006 1612 2313 1673 infidelibus
2337 1608 2736 1665 accubuerunt,
2767 1609 2822 1654 ct
2849 1613 2944 1668 per
2967 1607 3316 1652 communem
3344 1602 3587 1642 mensam

328 1684 520 1761 ὥσπερ
601 1694 791 1754 αὐτοῖς
847 1693 1228 1764 ἑορτάζουσιν,
1301 1695 1904 1766 ἐπιτιμηθήσονταιείς

2001 1722 2124 1763 cum
2144 1705 2250 1758 illis
2267 1702 2463 1756 I‘estnm
2491 1695 2778 1766 agentibus
2799 1689 3298 1747 communicarunt,
3325 1698 3418 1752 per
3441 1679 3598 1735 bien-

333 1784 651 1836 ὑπόπτωσιν
683 1783 776 1837 ἐπὶ
806 1784 1046 1840 διετίανδ
1074 1785 1172 1838 καὶ
1193 1786 1331 1854 μετὰ
1360 1784 1518 1839 τοῦτο
1543 1787 1900 1856 δεχθήσονται

2007 1799 2158 1853 nium
2215 1793 2589 1850 substratione
2631 1788 2929 1858 punientur
2977 1802 2991 1837 :
3047 1788 3101 1835 et
3150 1785 3338 1848 postea
3390 1788 3592 1831 secun-

331 1877 473 1929 κατὰ
499 1877 822 1947 δοκιμασίαν
867 1879 960 1932 τοῦ
1025 1879 1354 1944 ἐπισκόπου,
1405 1879 1518 1931 είτε
1620 1882 1699 1942 εἰς
1739 1880 1941 1950 μόνην

2011 1890 2140 1944 dum
2164 1886 2406 1957 episcOpi
2433 1881 2919 1944 exaniinationem,
2939 1875 3022 1931 vel
3052 1874 3116 1927 ad
3147 1873 3318 1927 solam
3348 1881 3595 1923 commud

331 1969 645 2033 κοινωνίαν,
702 1972 825 2034 εἴτε,
853 1973 948 2026 καὶ
980 1975 1061 2034 εἰς
1113 1973 1278 2039 ἁγίαν
1331 1969 1660 2042 μετάληψιν.
1708 1971 1776 2024 Τί
1827 1972 1905 2037 δὲ,

2012 1981 2229 2036 nionem
2264 1977 2344 2032 vel
2380 1976 2443 2029 ad
2477 1979 2723 2029 sanctam
2762 1972 2926 2027 etiam
2964 1957 3595 2036 participationcmreci-

331 2062 427 2114 ἐὰν
470 2062 711 2132 μὴκατὰ
751 2064 844 2116 τὸν
876 2064 1210 2133 ἑορτάσιμον
1263 2065 1480 2148 καιρὸν,
1524 2064 1724 2117 ἀλλ’ἑν
1746 2062 1912 2134 ἑτέρᾳ

2015 2074 2250 2142 pientur.
2285 2067 2426 2135 Quid
2466 2075 2668 2128 autem,
2712 2063 2759 2118 si
2819 2059 3008 2115 nonin
3044 2067 3290 2125 tempore
3323 2051 3470 2115 festi,
3499 2047 3592 2104 scd

328 2155 515 2226 ἡμέρᾳ
552 2156 646 2208 καὶ
680 2156 736 2208 ὲν
767 2155 940 2225 ἑτέρῳ
966 2154 1116 2224 τόπῳ
1147 2146 1450 2224 συνέφαγον
1478 2156 1619 2225 μετὰ
1641 2155 1752 2208 τῶν
1784 2159 1912 2208 ἀπίε-

2015 2165 2069 2219 in
2124 2163 2233 2217 alio
2291 2160 2378 2214 die
2424 2167 2478 2213 et
2530 2157 2584 2210 in
2619 2156 2726 2210 alio
2771 2155 2917 2217 loco,
2965 2165 3088 2206 cum
3139 2146 3450 2203 inlidelibus
3505 2156 3593 2194 co-

331 2264 494 2310 στων,
531 2246 920 2314 ἀνεπιτίμητοι
949 2246 1198 2313 έσονται;’
1237 2247 1448 2311 Λύσις.
1477 2247 1766 2317 Οὐδαμῶς.
1801 2249 1911 2302 Καὶ

2015 2255 2338 2318 mederunt,
2402 2249 2646 2318 nunquid
2706 2257 2879 2319 poena:
2946 2257 3054 2298 non
3115 2249 3279 2295 erunt
3329 2232 3595 2290 obnoxii?

327 2338 473 2390 οὕτω
500 2337 610 2407 γὰρ
633 2338 1148 2408 ἑπιτιμηθήσονται.
1179 2339 1242 2391 EE
1283 2338 1382 2406 μὲν
1411 2339 1518 2409 γὰρ
1558 2341 1617 2403 ἑξ
1665 2339 1912 2407 ἀνάγκης

2017 2347 2246 2402 Solatia.
2307 2341 2685 2410 Nequaquam.
2747 2334 2881 2389 Nam
2941 2333 3020 2388 sic
3079 2343 3297 2399 quoque
3362 2323 3595 2393 punien-

331 2431 634 2496 συνέφαγον
661 2428 798 2496 μετὰ
817 2427 924 2481 τῶν
957 2430 1230 2493 ἀπίστων,
1257 2429 1331 2491 ὡς
1365 2430 1706 2499 πρεσϐευταὶ
1730 2433 1902 2499 τυχδν

2013 2451 2123 2494 tur.
2155 2438 2212 2493 Si
2242 2437 2384 2491 enim
2418 2447 2480 2486 ex
2523 2429 2850 2484 necessitate
2875 2441 2996 2480 eum
3047 2419 3361 2476 inﬁdelibus
3412 2429 3597 2470 come-

329 2520 544 2589 ὄντεςῆ
577 2519 1052 2590 αιχμάὶ.ωτοι,δι5ι
1107 2519 1330 2590 μετρίου
1393 2522 1690 2591 φαρμάκου
1751 2521 1913 2592 θερα-

2016 2531 2232 2590 derunt,
2261 2540 2316 2581 ut
2361 2526 2451 2592 qui
2506 2531 2615 2578 smt
2665 2521 2893 2575 fortasse
2923 2515 3082 2586 legati
3113 2513 3196 2566 vel
3235 2509 3455 2577 captivi,
3488 2519 3600 2557 me-

331 2614 704 2682 πευθήσονται
727 2628 742 2643 ο
770 2615 819 2664 εἰ
851 2613 904 2664 δὲ
935 2615 1043 2666 ἀπὸ
1073 2614 1549 2682 καταφρονήσειας
1617 2615 1712 2666 καὶ
1764 2614 1915 2667 όιδια·⁸

2015 2621 2183 2676 diocri
2236 2619 2635 2670 medicamento
2687 2609 3029 2666 curabuntur
3078 2620 3091 2657 :
3157 2604 3241 2658 sin
3300 2611 3479 2652 autem
3531 2610 3599 2647 ex

332 2709 553 2777 φὀρὲας,
581 2707 847 2769 πλειόνως
893 2706 1390 2774 ὲπιτιμηθήσονται
1429 2723 1444 2738 ο
1498 2707 1638 2775 πλὴν
1690 2708 1751 2760 οὐ
1792 2705 1911 2760 κατ’

2018 2721 2332 2779 contemptu
2387 2708 2469 2762 vel
2501 2701 2892 2764 indifferentia,
2930 2698 3102 2765 magis
3145 2693 3472 2762 punientur;
3507 2685 3600 2740 ες·ιί

333 2799 575 2860 ἐκείνους
596 2793 719 2861 τοὺς
743 2797 1005 2862 δόξαντας
1029 2796 1410 2866 συνεορτάζειν
1431 2800 1570 2865 μετὰ
1631 2798 1742 2851 τῶν
1788 2795 1917 2852 ἀπί-

2017 2819 2125 2859 non
2159 2813 2215 2858 ut
2244 2802 2344 2863 illi,
2378 2798 2471 2868 qui
2503 2813 2626 2851 cum
2659 2795 2740 2850 eis
2771 2792 2966 2846 festum
2994 2788 3273 2844 celebrare
3308 2781 3405 2835 visi
3441 2785 3596 2832 sunt.

333 2901 494 2943 στων.
531 2892 744 2959 Ὥσπερ
776 2891 938 2942 πάλιν
961 2889 1225 2942 ἐπέκεινα
1258 2891 1354 2942 καὶ
1399 2891 1607 2942 τούτων
1667 2907 1916 2960 τιμωρη-

2017 2891 2488 2960 Quemadtnodum
2521 2897 2575 2942 et
2601 2886 2778 2954 magis
2813 2895 2974 2950 quam
3014 2878 3090 2932 illi
3122 2875 3422 2946 punientur
3462 2883 3601 2937 quo-

333 2981 686 3050 θήσονται,οί
743 2981 817 3050 μὴ
876 2980 1141 3047 φαγόντες
1201 2982 1377 3034 οἰκεῖα
1432 2981 1721 3051 βρώματα,
1778 2982 1914 3035 ἀλλὰ

2018 2998 2125 3055 que
2157 2985 2191 3038 ii
2235 2985 2326 3052 qui
2362 2997 2471 3034 non
2517 2995 2670 3043 suos,
2701 2977 2795 3031 sed
2837 2972 2958 3028 festi
2991 2969 3194 3026 ethnici
3230 2967 3386 3019 cibos
3417 2976 3603 3015 come-

327 3075 398 3126 ⁷εά
425 3075 521 3140 τῆς
548 3072 771 3141 ἐθνικῆς
813 3073 1026 3142 ἑορτῆς.
1055 3071 1244 3126 Ταῦτα
1273 3073 1330 3126 δὲ
1357 3074 1532 3127 πάντα
1565 3077 1645 3138 εὶς
1683 3075 1784 3144 τὴν
1818 3073 1912 3128 τοῦ

2018 3079 2234 3133 (lerunt.
2271 3073 2393 3129 llaac
2429 3082 2608 3127 autem
2651 3068 2832 3123 omnia
2869 3062 3106 3135 episcopi
3129 3059 3336 3129 judicio
3361 3064 3489 3109 sunt
3515 3067 3605 3105 re.

331 3165 635 3218 ἐπισκόπου
741 3165 1019 3233 διάκρισιν
1097 3165 1509 3236 άνηρτήθησαν.
1560 3167 1941 3239 ,Σημείωσαιι

2019 3168 2335 3239 linquenda.
2383 3166 2520 3218 Nota
2563 3163 2698 3224 lucc,
2732 3175 2854 3230 quae
2893 3155 2989 3210 tibi
3036 3152 3193 3206 valde
3226 3148 3378 3202 utilia
3415 3144 3598 3199 futura

340 3211 632 3218 --η-ην---
746 3211 1012 3233 --.νγ-η.
1099 3211 1363 3235 ww“.-.
1393 3211 1509 3219 η..
1560 3216 1562 3219 .
1598 3211 1654 3217 -.
1722 3211 1912 3222 ηρ--.

340 3258 538 3321 ταῦτα,
569 3257 740 3309 πολλὰ
775 3257 1146 3327 χρησιμεῦσαί
1190 3271 1270 3309 σοι
1303 3211 1592 3325 ὀφιείλοντα
1655 3211 1738 3321 εἷς
1776 3261 1904 3322 τοὺς
1938 3217 1950 3267 1

2021 3211 2335 3239 "aqua"--.
2383 3211 2520 3218 -.--_
2565 3211 2698 3224 --πη
2836 3211 2846 3212 ,

2017 3271 2146 3316 sunt
2201 3258 2464 3312 adversus
2498 3269 2592 3308 eos
2623 3252 2715 3322 qui
2762 3263 2867 3303 una
2905 3263 3029 3302 cum
3082 3239 3375 3297 Saracenis
3426 3251 3611 3290 cmnev

336 3351 476 3417 μετὰ
538 3347 648 3400 τῶν
713 3346 1035 3418 Ἀγαρηνῶν
1061 3349 1476 3416 συμφαγόντας,
1512 3348 1543 3418 ἢ
1577 3349 1916 3404 ἄλλωνὲθνι-

2019 3353 2180 3418 dunt,
2217 3352 2299 3405 vel
2337 3365 2462 3402 cum
2496 3346 2620 3401 aliis
2653 3342 2972 3413 gentilibus.
3008 3338 3198 3390 lberes
3255 3340 3434 3384 autem
3463 3327 3601 3382 nihil

333 3439 464 3492 κῶν.
516 3439 579 3490 Ol
647 3437 866 3508 Ἴϐηρες
894 3436 951 3489 δὲ
982 3436 1276 3507 ἀδιάφορον
1345 3435 1600 3504 λέγουσιν
1660 3433 1802 3491 εἶναι
1855 3435 1918 3488 τὸ

2023 3445 2231 3502 referre
2253 3445 2462 3504 dit-unt,
2501 3456 2568 3494 an
2595 3454 2718 3492 cum
2751 3435 3095 3496 orthodoxis,
3135 3444 3202 3481 an
3232 3443 3356 3481 cum
3388 3421 3604 3477 lucreti-

336 3533 475 3600 μετὰ
517 3532 626 3584 τῶν
677 3531 977 3600 ὁρθοδόξων
1056 3531 1154 3583 καὶ
1215 3527 1512 3602 αἱρετικῶν
1558 3529 1785 3585 ἐσθίεινο
1823 3528 1920 3584 καὶ

1784 3551 1785 3556 ‘
1823 3528 1920 3584 καὶ
2027 3541 2106 3595 cis
2135 3538 2490 3594 comedatur:
2526 3540 2580 3586 et
2605 3529 2885 3600 quomodo
2924 3527 3028 3580 hoc
3065 3524 3157 3578 ﬁat
3190 3520 3394 3574 nescio.

334 3628 452 3688 πῶς
483 3623 642 3678 τοῦτο
692 3625 902 3692 γίνεται
949 3622 1150 3692 ἀγνοῶ.

397 3808 644 3868 ΖΩΝΑΡ.
673 3811 736 3864 Εἰ
758 3807 815 3861 δέ
839 3825 982 3871 τινες
1008 3808 1071 3860 ἐν
1085 3805 1244 3876 ἑορτῇ
1267 3803 1456 3877 ἐθνικῇ
1485 3787 1920 3874 συνεστάθησαν

2094 3796 2349 3854 ZONAR.
2398 3794 2454 3851 Si
2491 3793 2582 3864 qui
2638 3806 2767 3848 vero
2811 3786 2995 3857 aliquo
3027 3799 3092 3840 ex
3143 3781 3208 3837 iis
3249 3781 3462 3842 diebus,
3507 3770 3599 3846 qui

340 3906 596 3968 ἑθνικοῖς,
624 3905 682 3956 ἑν
706 3902 958 3963 ἀπίστοις
978 3900 1036 3952 ἑν
1066 3871 1610 3967 τόπῳήάφωρισμένῳ
1631 3900 1746 3960 τοῖς
1781 3871 1923 3948 έθνι-

2021 3893 2373 3949 ethnicorum
2424 3884 2829 3944 consuetudine
2869 3883 3123 3937 solennes
3165 3874 3460 3934 habentur,
3509 3871 3607 3924 de-

338 3999 475 4064 κοῖς,
509 3963 842 4062 ἑνεὶδωλείῳ
868 3989 1091 4061 τυχὸνῆ
1147 3963 1300 4058 me
1364 3963 1515 4058 τόπιρ
1572 3963 1652 4050 εἰς
1697 3987 1921 4050 τελετὰς

2027 3987 2178 4039 linito
2232 3980 2376 4051 apud
2434 3982 2584 4048 ipsos
2633 3978 2776 4042 loco,
2820 3983 3006 4043 utpote
3044 3971 3097 4024 in
3139 3966 3307 4022 idolio
3336 3963 3480 4018 forte
3514 3967 3609 4013 aut

338 4056 526 4150 αὐτοῖς
578 4056 914 4154 τελουμένας
939 4056 1278 4150 ⁷’ἀνειμένως
1343 4080 1448 4133 κᾶν
1487 4056 1606 4131 Ῠῖδια
1656 4075 1922 4149 βρώματα

2022 4077 2128 4130 alio
2157 4075 2209 4127 in
2231 4075 2330 4128 hos
2356 4071 2739 4127 celebritatum
2763 4082 2898 4122 usus
2915 4063 3159 4126 addicto,
3193 4056 3446 4113 convivia
3477 4067 3603 4107 eum

339 4180 613 4248 ἐκόμισαν
640 4176 736 4230 καὶ⁸
757 4175 962 4242 ἔφαγον
1027 4173 1076 4225 οἱ
1134 4170 1342 4236 πιστοὶ,
1364 4171 1434 4223 δι’
1456 4168 1589 4223 αὐτὸ
1631 4140 1815 4240 μέντοι
1860 4169 1922 4220 τὸ

2023 4163 2261 4220 ethnicis
2293 4159 2569 4225 obierint;
2603 4157 2858 4227 quamvis
2899 4150 3154 4222 proprios
3187 4145 3363 4208 cibos,
3402 4140 3605 4208 quibus

343 4234 767 4337 συνεστιαθῆναι
934 4263 1192 4325 ἑθνικοῖς,
1218 4234 1496 4313 καὶ-οὔτω
1519 4234 1668 4324 δόξαι
1699 4274 1921 4324 συνεορ-

2029 4255 2133 4326 ipsi
2179 4261 2534 4309 vescerentur
2573 4248 2744 4312 domi,
2790 4247 2979 4300 tidelcs
3027 4238 3332 4300 attulerint,
3380 4234 3451 4287 ob
3503 4234 3610 4286 hoc

341 4365 510 4416 τάσαι
557 4360 764 4420 αὐτοῖς,
810 4355 957 4420 ἔδοξε
1003 4357 1070 4426 τῇ
1118 4353 1322 4421 συνόδῳ
1364 4350 1570 4405 διετίαν
1627 4350 1926 4403 ὑποπεσεῖν

2030 4350 2234 4416 ipsum,
2266 4345 2410 4416 quod
2443 4359 2568 4398 cum
2602 4341 2837 4397 ethnicis
2868 4335 3068 4405 epulati
3110 4334 3240 4395 sint,
3267 4329 3615 4399 speciemque

345 4455 563 4517 αὐτοὺς,
592 4451 860 4512 τουτέστι,
899 4447 1038 4518 μετὰ
1060 4447 1168 4500 τῶν
1201 4442 1629 4515 κατηχουμένων
1669 4442 1927 4495 ἵστασθαι

2036 4439 2263 4510 proinde
2283 4452 2406 4491 cum
2439 4436 2521 4492 eis
2544 4434 2740 4489 festqu
2769 4432 2910 4486 diem
2941 4425 3340 4482 celebrantium
3365 4419 3615 4489 praebue-

344 4549 440 4601 καὶ
595 4543 786 4605 ἀὐτοῖς
838 4511 1071 4605 ἐξιέναι,
1145 4539 1238 4592 καὶ
1274 4511 1414 4605 μετὰ
1454 4511 1562 4607 τὴν
1602 4533 1804 4587 διετίαν
1843 4533 1925 4585 δε-

2037 4539 2168 4596 rint,
2194 4532 2414 4586 biennio
2446 4528 2743 4590 substerni,
2767 4527 2870 4580 hoc
2895 4531 2999 4588 est,
3035 4530 3183 4577 stare
3211 4531 3335 4571 cum
3361 4511 3620 4566 catechu-

347 4639 566 4707 χθῆναι.
595 4634 785 4698 Ὅπως
824 4633 881 4684 δὲ
922 4632 1028 4702 χρὴ
1073 4631 1303 4683 ἕκαστον
1333 4627 1512 4681 αὐτῶν
1541 4626 1798 4695 δεχθῆναι
1825 4625 1935 4678 εἴτε

2045 4625 2221 4680 menis
2269 4631 2325 4677 et
2379 4637 2503 4678 cum
2547 4620 2742 4676 iisdem
2789 4616 3001 4686 egredi,
3055 4613 3372 4675 bicumque
3420 4610 3617 4657 exacto

347 4700 532 4792 καὶεξς
561 4727 865 4798 μετάληψιν
892 4700 998 4778 τῶν
1021 4718 1408 4791 ἀγιασμάτωνξ
1422 4721 1531 4772 εἴτε
1547 4719 1628 4781 εἰς
1649 4719 1816 4786 μόνην
1835 4715 1934 4787 τὴν

2043 4730 2266 4772 rursum
2307 4715 2544 4781 admitti,
2589 4711 2856 4784 synodica
2900 4703 3298 4762 constitutione
3335 4700 3616 4751 decretum

348 4821 487 4890 μετὰ
536 4819 642 4871 τῶν
691 4815 898 4868 πιστῶν
952 4813 1236 4877 σύστασιν,
1292 4811 1402 4864 τῶν
1430 4808 1755 4862 ἐπισκόπων
1786 4808 1926 4868 ἐστὶ,

2038 4818 2139 4864 est.
2193 4807 2267 4862 De
2323 4807 2556 4877 singulis
2598 4819 2762 4874 porro
2792 4800 2924 4871 quid
2950 4795 3302 4853 statuendum
3349 4827 3363 4850 ,
3417 4803 3485 4840 an
3541 4784 3605 4836 ad

347 4881 500 4978 φασὶ,
520 4911 840 4980 δοκιμάσαι,
855 4906 950 4960 καὶ
973 4906 1061 4957 τὸν
1083 4903 1240 4960 ἄλλον
1258 4903 1369 4972 βίον
1387 4901 1619 4955 ἑκάστου
1647 4898 1924 4965 ἐξετάσαι.

2037 4903 2500 4957 sanctilicatorum
2526 4896 3036 4968 perceptionem,an
3061 4902 3188 4941 vero
3210 4885 3274 4936 ad
3301 4881 3470 4936 solam
3497 4890 3620 4931 cum

347 5006 596 5059 ﬁdelibus
635 5000 1070 5056 t‘OnImtmionem
1118 4997 1330 5050 admitti
1375 4999 1644 5064 oporteat,
1691 4992 2073 5061 episcoporum
2133 4993 2366 5064 judicio,
2427 5009 2458 5046 a
2501 4990 2700 5060 quibus
2734 4986 2943 5056 reliqua
2972 4981 3137 5037 etiam
3193 4971 3623 5039 uniuscujusque

349 5106 454 5156 vita
489 5101 851 5162 cxarninctdr,
886 5093 1099 5150 deliniri
1137 5093 1336 5162 placet.

347 5193 568 5250 ΑΡΙΣΤ.
600 5214 616 5244 ι
655 5193 780 5245 Ἐάν
812 5152 917 5252 τις,
949 5189 1058 5241 ἴδια
1087 5152 1354 5255 βρώματα
1387 5180 1548 5252 ἔχων,
1571 5178 1920 5247 συνειστιάθη

2030 5172 2258 5236 ARIST.
2306 5193 2326 5228 ι
2360 5172 2415 5229 Si
2451 5173 2573 5243 quis
2607 5169 2857 5240 proprios
2889 5162 3098 5217 habens
3141 5157 3316 5215 cibos.
3346 5167 3469 5208 cum
3497 5152 3617 5206 eth-

417 5306 435 5340 ι
475 5288 587 5349 τοῖς
649 5285 860 5337 ἔθνεσιν
901 5284 958 5334 ἑν
1011 5280 1132 5339 ταῖς
1175 5277 1391 5345 ἑορταῖς
1459 5272 1662 5338 αὐτῶν,
1719 5271 1924 5325 διετίαν

2092 5290 2113 5324 ‹
2155 5271 2292 5324 nieis
2315 5267 2612 5322 comederit
2640 5265 2692 5316 in
2713 5273 2901 5314 eorum
2943 5253 3115 5312 festis,
3142 5248 3358 5302 biennio
3381 5245 3625 5299 sub‘stcr-

432 5397 452 5430 t
497 5375 874 5430 ὑποπιπτέτω.
914 5389 933 5423 ι

793 5390 874 5425 τω.
914 5389 933 5423 ι
2098 5383 2116 5415 t
2164 5370 2348 5416 natur.
2385 5377 2403 5410 ι

416 5469 483 5522 Et
505 5485 590 5528 τις
613 5470 669 5517 ἐν
714 5465 832 5526 ταῖς
866 5463 1082 5533 ἑορταῖς
1117 5458 1227 5512 τῶν
1288 5454 1460 5508 ἐθνῶν
1509 5454 1634 5515 ταῖς
1681 5453 1739 5504 ἑν
1775 5451 1929 5518 ἀφωο

2110 5453 2169 5508 Si
2212 5452 2336 5521 quis
2367 5449 2431 5503 ad
2466 5446 2815 5502 ethnicorum
2861 5442 2997 5496 festa
3028 5437 3232 5492 selecto
3263 5433 3447 5500 aliquo
3483 5443 3621 5499 prm-

355 5524 599 5636 ρισμένω
629 5558 738 5610 τινὶ
785 5524 942 5621 τόπῳ.
989 5552 1306 5622 γινομέναις
1363 5543 1616 5615 συνῆλθε,
1673 5545 1767 5596 καὶ
1821 5543 1933 5595 ῐδια

2043 5555 2230 5616 parata
2283 5545 2401 5596 loco
2451 5537 2794 5599 convenerit,
2833 5543 2886 5588 et
2927 5529 3180 5600 proprios
3216 5526 3370 5579 cibos
3410 5524 3624 5576 habens

359 5652 628 5724 βρώματα
653 5649 815 5719 έχων,
847 5645 1120 5712 συνέφαγε
1171 5641 1290 5712 μετ’
1317 5639 1522 5699 αὐτῶν,
1577 5635 1782 5690 διετίαν
1839 5635 1934 5704 μό-

2043 5638 2274 5696 (ξιιιιιθίε
2303 5633 2628 5694 comederit,
2652 5631 3038 5685 substernetur
3070 5620 3352 5675 biennium
3385 5622 3626 5668 tantum;

356 5759 454 5814 νην
485 5741 840 5798 ὑποπιπτέτω
864 5752 878 5768 ⁸
915 5736 963 5789 ει
992 5738 1048 5790 δὲ
1080 5733 1189 5805 χρὴ
1220 5731 1381 5786 αὐτὸν
1413 5729 1604 5782 ἔκτοτε
1677 5727 1788 5781 εῐτε
1819 5727 1932 5782 τῶν

2041 5739 2121 5788 An
2150 5737 2329 5785 autem
2357 5735 2481 5782 cum
2506 5739 2572 5776 ex
2613 5736 2677 5775 eo
2708 5727 2950 5787 tempore
2982 5723 3204 5782 precum
3235 5709 3475 5763 solarum
3499 5716 3627 5758 cum

2616 5810 2627 5814 ‘
2861 5804 2871 5814 '
2937 5804 2947 5814 ‘
3189 5803 3242 5814 η-
3326 5793 3620 5814 12-.Ξ..-.....“

357 5837 534 5907 εὐχῶν
568 5835 746 5907 μόνων
769 5830 908 5906 μετὰ
935 5829 1046 5889 τῶν
1073 5822 1282 5883 πιστῶν
1311 5820 1675 5892 κοινωνεῖν,ἢ
1706 5817 1930 5874 καὶτῶν

2044 5819 2298 5878 ﬁdelibus
2353 5810 2795 5871 communionem
2861 5804 3083 5862 habere,
3153 5803 3248 5853 aut
3308 5793 3623 5850 divinorum
