4076 6428
400 400 537 469 1149

1564 398 1645 468 IN
1679 404 1849 468 CAN.
1889 406 1943 467 X
1980 405 2193 469 CONC.
2236 406 2511 470 ANCYR.

3528 404 3667 471 1150

395 509 717 582 αἰρετικοὺς
766 509 842 582 μὴ
873 510 1354 576 σκανδαλίζεσθαι,
1412 510 1548 576 ἀλλὰ
1632 511 1980 565 συντίθεσθαι

2086 520 2140 568 et
2173 512 2325 585 ipsos
2355 530 2576 586 quoque
2604 513 2669 570 iis
2690 513 2946 571 similiter
2975 512 3201 570 credere
3254 509 3659 570 existimarent-

392 600 714 671 παρομοίως
740 600 951 663 τούτοις
1021 602 1114 654 καὶ
1172 601 1371 666 αὐτοὺς
1404 601 1701 656 πιστεύειν.
1734 602 1832 655 Διὰ
1867 602 1977 671 γὰρ

390 694 554 748 τοῦτο
612 694 705 749 καὶ
785 693 1084 761 ἐπιτιμίοις
1166 694 1691 756 καθυποὸόιλλονται.
1772 714 1868 751 και
1917 701 1979 753 οὐ

393 785 639 854 δέχονται
692 785 767 847 ὡς
819 784 867 837 οἱ
896 783 1285 856 εἰδωλολάτραι
1318 788 1411 838 καὶ
1445 788 1492 839 οἱ
1521 790 1761 843 ἄπιστοι,

453 875 699 930 ΖΩΝΑΡ.
740 878 801 930 Εἰ
830 876 886 930 δέ
921 894 1064 939 τινες
1104 878 1163 929 ού
1204 878 1364 946 μόνον
1394 879 1714 949 ἀπέστησαν
1752 881 1852 948 τῆς
1899 882 1980 944 εἰς

391 971 485 1022 τὸν
522 970 726 1040 Κύριον
747 970 1003 1033 πίστεως,
1028 972 1162 1025 ἀλλὰ
1195 974 1288 1025 καὶ
1308 974 1711 1040 ἐπανέστησαν,
1739 974 1860 1026 ἀντὶ
1884 972 1980 1026 τοῦ

394 1066 517 1117 κατ’
542 1064 716 1133 αὐτῆς
744 1063 1012 1131 ἐγένοντο,
1037 1066 1131 1117 καὶ
1148 1067 1493 1135 ἠνάγκασαν,
1513 1065 1775 1134 ἀδελφοὺς
1794 1065 1979 1127 θῦσαι,

395 1157 554 1227 ἧκα).
583 1156 750 1209 αἴτιοι
808 1157 1059 1226 ἐγένοντο
1124 1158 1545 1226 ἀναγκασθῆναι
1595 1156 1816 1217 αὐτοὺς,
1867 1148 1982 1208 οἷον

394 1248 669 1315 φυγόντας
707 1250 803 1303 καὶ
831 1250 1250 1321 κρυπτομένους
1300 1248 1833 1319 καταμεμηνυκότες
1883 1248 1980 1299 αὑ-

394 1339 607 1403 τοῦ·,ἣ
656 1340 1060 1409 ἀγνοουμένους
1111 1341 1195 1394 ὅτι
1252 1340 1576 1412 Χριστιανοί
1636 1339 1744 1391 εἰσι
1788 1338 1982 1408 δήλους

396 1430 596 1491 αὐτοὺς
623 1428 844 1498 θέμενοι
886 1434 1001 1493 τοῖς
1026 1430 1313 1493 διώκταις,
1341 1431 1473 1494 τοὺς
1521 1430 1799 1492 τοιούτους
1840 1426 1982 1498 ᾠκο·

394 1520 643 1589 νόμησαν
707 1522 753 1572 oi
812 1521 1058 1590 Πὰτέρες
1103 1522 1234 1592 τρία
1288 1522 1389 1591 μὲν
1434 1522 1527 1590 ἔτη
1587 1523 1645 1573 ὲν
1715 1521 1981 1591 ἀκροάσει

395 1613 679 1685 πληρῶσαι
708 1615 866 1676 ἐκτὸς
903 1613 998 1667 τοῦ
1023 1614 1153 1667 ναοῦ
1180 1614 1507 1684 ἱσταμένους
1532 1615 1591 1667 ὲν
1621 1613 1698 1683 τῷ
1734 1611 1981 1683 προνάῳ,

355 1736 363 1743 -
394 1706 456 1771 ἒξ
507 1707 561 1759 δὲ
598 1706 734 1759 ἄλλα
768 1708 828 1759 ὲν
864 1706 1185 1759 ὑποπτὼσει
1216 1707 1525 1775 διαγαγεῖν,
1577 1708 1674 1759 καὶ
1733 1704 1983 1757 ἐνιαυτὸν

393 1795 579 1867 ἓτερον
605 1797 936 1866 κοινωνῆσαι
966 1797 1073 1851 τῶν
1112 1798 1288 1868 εὐχῶν
1316 1794 1428 1862 τοῖς
1458 1800 1691 1867 πιστοῖς,
1724 1798 1820 1852 καὶ
1846 1795 1986 1867 μετὰ

2084 604 2379 677 Propterea
2442 608 2588 664 enim
2651 618 2705 665 et
2762 609 2938 679 poenis
2999 606 3393 675 subjiciuntur,
3447 613 3503 661 et
3551 620 3660 660 nou

2083 700 2465 768 suscipiuntur
2502 708 2559 754 ut
2592 700 2892 756 idololatrze
2915 710 2969 755 et
3009 697 3272 753 inﬁdeles.

2154 877 2407 934 ZONAR.
2442 880 2497 934 Si
2532 882 2621 949 qui
2656 896 2785 934 vero
2826 881 3028 935 Christi
3070 880 3227 934 ﬁdem
3265 897 3373 935 non
3397 880 3662 935 deserues

2084 982 2210 1026 runt
2242 973 2424 1037 modo,
2484 972 2577 1027 sed
2618 974 2781 1025 etiam
2835 973 3278 1029 insurrexerunt.
3314 971 3364 1024 id
3413 979 3497 1025 est
3543 984 3659 1023 cam

2084 1072 2567 1137 oppugnaverunt,
2601 1065 2912 1134 fratresque
2971 1073 3063 1117 aut
3121 1065 3188 1118 ad
3245 1063 3513 1117 sacriﬁcia
3562 1062 3665 1130 ipsi

2083 1157 2419 1226 compulere,
2458 1166 2550 1211 aut
2602 1168 2662 1211 ut
2695 1157 2761 1209 ab
2818 1156 2940 1210 aliis
2996 1157 3488 1225 cmnpellerentur,
3535 1156 3663 1207 dum

2084 1264 2180 1305 eos
2206 1249 2477 1320 fugientes
2509 1260 2603 1304 aut
2652 1250 2874 1305 latebris
2921 1250 3225 1303 oceultatos
3282 1249 3536 1317 produnt,
3564 1240 3667 1299 aut

2084 1342 2435 1397 Christianos
2468 1358 2590 1397 esse
2624 1357 2748 1395 eum
2792 1343 3200 1412 ignorarcntur,
3235 1339 3487 1393 hostibus
3509 1337 3669 1390 Chri-

2085 1438 2250 1495 stiani
2311 1436 2550 1492 nominis
2602 1438 2867 1501 indicant,
2929 1448 3151 1491 causam
3205 1436 3520 1504 praebuere;
3572 1448 3667 1485 eos

2088 1529 2382 1586 triennium
2421 1528 2476 1581 in
2533 1529 2808 1583 vestibulo
2864 1539 3015 1581 extra
3072 1526 3335 1595 templum
3395 1527 3538 1578 inter
3568 1538 3667 1576 au-

2084 1626 2299 1680 dientes
2332 1622 2577 1691 eXplere,
2606 1619 2928 1676 sexennium
2963 1634 3095 1672 vero
3146 1617 3407 1683 deinceps
3450 1614 3504 1666 in
3536 1615 3669 1667 sult-

2086 1714 2348 1767 stratlone
2370 1712 2590 1782 degere,
2611 1725 2721 1764 uno
2742 1725 2884 1764 anno
2902 1709 3120 1763 demum
3144 1722 3263 1760 cum
3282 1706 3534 1765 ﬁdelibus
3559 1720 3667 1757 uua

2089 1805 2335 1871 precari,
2373 1818 2437 1858 ac
2463 1803 2728 1858 decennio
2752 1818 2875 1855 mox
2903 1800 3119 1870 ckpleto
3138 1797 3366 1868 perfecti
3388 1803 3668 1865 ceiupott-s

399 1890 498 1960 τὴν
549 1890 835 1944 δεκαετίαν
882 1889 1086 1960 ταύτην
1144 1894 1436 1961 μετασχεῖν
1464 1889 1558 1944 τοῦ
1619 1890 1852 1943 τελείου.
1894 1888 1984 1941 Ἐν

2088 1897 2204 1952 ﬁeri
2238 1895 2427 1951 Patres
2461 1895 2869 1967 383jubent.
2927 1894 3133 1947 lutet-ea
3184 1883 3466 1960 vero'(hoc
3514 1888 3668 1941 vidc-

396 1980 453 2034 δὲ
482 1981 560 2052 τῷ
589 1982 769 2054 χρόνῳ
807 1983 1002 2053 τούτῳ,
1031 1983 1132 2052 τῆς
1175 1984 1465 2054 μετανοίας
1487 1982 1670 2037 αὐτῶν
1711 1982 1985 2052 δηλονότι,

399 2076 552 2142 φασὶ,
606 2076 710 2146 χρὴ
750 2077 844 2129 καί
893 2078 983 2129 τὸν
1014 2078 1173 2131 ἄλλον
1205 2078 1387 2132 αὐτῶν
1416 2076 1796 2148 ὲπιτηρεῖσοαι
1844 2075 1981 2145 βίον.

406 2166 470 2221 Εἰ
528 2167 636 2238 γὰρ
667 2168 885 2238 ἀμελῶς
935 2168 968 2237 ἢ
1028 2170 1124 2221 καὶ
1189 2167 1531 2238 πλημμελῶς
1603 2165 1983 2235 διαγνωσθῶσι

397 2258 620 2325 ζῶντες,
646 2262 1035 2332 ἐπιταθήσεται
1086 2261 1279 2333 χρόνος
1315 2261 1424 2315 τῶν
1454 2260 1745 2331 ἐπιτιμίων
1778 2257 1980 2312 αὐτῶν.

397 2431 619 2489 ΔΡῙΣΤ.
664 2453 681 2486 ι
731 2435 788 2497 ὐ
823 2436 1086 2505 μὴμόνον
1117 2434 1448 2498 ἐθελουσίως
1504 2431 1775 2498 τεθυκὼς,
1849 2428 1986 2485 ἀλλὰ

455 2545 474 2578 ι
513 2529 608 2580 καὶ
638 2527 828 2597 ἕτερον
862 2529 1205 2596 ἀναγκάσας,
1238 2528 1529 2581 δεκαετίαν
1558 2524 1972 2581 ὑποπιπτέτω.»

410 2605 650 2685 “Οθτος,
704 2620 778 2681 ὼς
824 2622 918 2672 καὶ
972 2622 1164 2673 ἑαυτὸν
1221 2620 1524 2683 ἀπολέσας,
1600 2619 1696 2673 καὶ
1763 2616 1986 2687 ἐτέρους

402 2711 728 2780 συνωθήσας
756 2711 853 2764 καὶ⁵
879 2712 1080 2781 βιάσας
1120 2713 1196 2776 εἰς
1223 2713 1323 2781 τὴν
1363 2712 1669 2774 ἀπώλειαν,
1736 2711 1785 2762 εἰ
1848 2708 1985 2759 ὑπο-

403 2802 651 2873 στρέψει,
683 2804 776 2856 ὲπὶ
805 2805 1055 2874 τριετίαν
1089 2805 1188 2873 μὲν
1209 2804 1351 2856 ἔστω
1383 2803 1650 2870 μετὰτῶν
1699 2798 1988 2869 ἀκροωμέ-

400 2906 528 2955 νων,
559 2890 615 2941 ὲν
635 2890 691 2942 δὲ
722 2890 858 2964 ἄλλῃ
892 2892 1134 2961 ἑξαετία,
1170 2893 1309 2962 μετὰ
1348 2892 1463 2945 τῶν
1540 2889 1983 2953 ὑποπιπτόντων,

404 2981 496 3033 ἐπὶ
528 2982 584 3034 δὲ
616 2983 806 3053 ἕτερον
840 2984 937 3035 ἕνα
970 2986 1219 3038 ἐνιαυτὸν
1277 2985 1414 3053 μετὰ
1490 2982 1600 3036 τῶν
1650 2983 1987 3050 συνισταμέι

400 3088 530 3138 νων,
566 3073 662 3127 καὶ
696 3075 1026 3129 κοινωνείτω
1055 3076 1220 3146 μέχρι
1252 3076 1440 3137 τέλους
1468 3077 1568 3145 τῆς
1592 3073 1749 3138 Θείας
1776 3089 1988 3142 μυστα-

2087 1988 2217 2044 licet
2271 1990 2607 2058 pmniteutia‘.
2653 1986 2922 2056 tempore)
2988 1985 3254 2053 reliquam
3308 1996 3550 2052 quoque,
3588 1979 3672 2032 il‘l-’

2086 2084 2305 2151 quiunt,
2335 2082 2577 2150 ipsorqu
2617 2082 2738 2135 rit-.c
2768 2079 3032 2133 rationem
3082 2078 3376 2132 observare
3428 2081 3666 2145 oportet.

2085 2172 2140 2227 Si
2176 2189 2411 2243 namque
2436 2174 2671 2227 otiosam
2708 2173 2789 2227 vel
2827 2172 2992 2225 etiam
3016 2170 3265 2225 vitiosam
3309 2169 3475 2220 vitam
3507 2176 3670 2235 agere

2088 2266 2453 2335 signiﬁcatum
2481 2266 2573 2329 sit,
2608 2278 2895 2334 pmnarum
2924 2277 3144 2334 quoque
3168 2260 3498 2333 praeﬁnitum
3532 2258 3669 2328 ipsis

2089 2369 2303 2426 tempus
2340 2359 2549 2413 diutius
2594 2359 3000 2428 prorogabitur.

2087 2451 2315 2508 ARIST.
2348 2472 2365 2505 ι
2410 2450 2511 2518 Qui
2546 2467 2654 2506 non
2682 2454 2861 2507 solum
2892 2449 3199 2503 voluntarie
3244 2443 3667 2503 sacriﬁcaverit.

2164 2564 2184 2597 ‹
2225 2545 2318 2600 sed
2348 2553 2402 2600 et
2431 2544 2594 2598 alium
2627 2542 2890 2612 coegerit,
2924 2542 3187 2597 deeennio
3210 2540 3613 2594 substernatur.
3642 2544 3662 2586 ι

2162 2633 2286 2700 Hic,
2317 2643 2456 2690 utet
2503 2649 2563 2689 se
2623 2635 2857 2702 perdeus
2912 2640 2967 2687 et
2995 2632 3134 2686 alios
3184 2628 3518 2697 compellens
3578 2642 3671 2680 ro-

2088 2742 2333 2799 gensque
2361 2726 2429 2781 ad
2469 2725 2854 2795 perditionem,
2883 2726 2927 2779 si
2960 2730 3341 2784 convertatur,
3370 2717 3668 2773 triennium

2089 2819 2307 2897 quidem
2331 2835 2454 2875 cum
2487 2818 2842 2873 audientibus
2875 2816 3163 2885 transigat,
3202 2814 3338 2867 alios
3368 2824 3546 2865 autem
3573 2825 3672 2861 an.

2088 2930 2190 2969 nos
2221 2928 2315 2969 sex
2346 2927 2473 2968 cum
2506 2911 2827 2973 substratis.
2877 2910 3044 2964 alium
3085 2908 3307 2962 tandem
3344 2920 3510 2958 unum
3544 2917 3669 2956 eum

2088 3005 2547 3068 consistentibus,
2583 3011 2637 3058 et
2667 3018 2894 3073 precum
2935 3018 3057 3056 cum
3107 3000 3362 3054 ﬁdelibus
3398 3009 3572 3065 usque
3602 2990 3671 3045 ad

2088 3098 2289 3154 divina:
2341 3095 2689 3167 mystagogiae
2721 3094 2883 3148 ﬁnem
2925 3094 3199 3163 particeps
3242 3091 3416 3155 sit,et
3462 3086 3545 3142 sic
3572 3083 3670 3137 dc:

400 3167 613 3234 γωγίας
636 3167 745 3237 τῷν
785 3167 959 3236 εὐχῶν
995 3171 1133 3238 μετὰ
1164 3168 1275 3223 τῶν
1317 3168 1546 3232 πιστῶν,
1582 3169 1678 3221 καὶ
1727 3165 1871 3219 οὕτω
1887 3162 1982 3219 τοῦ

2088 3187 2287 3247 ceunio
2342 3162 2718 3256 pr'mterlapso,
2774 3162 3130 3255 perfectionis
3189 3183 3260 3236 sit
3312 3192 3557 3247 compos,
3615 3183 3672 3229 et

397 3257 691 3321 δεκαετοῦς
729 3261 921 3329 χρόνου
956 3260 1379 3331 παραρρυέντος
1413 3259 1736 3329 μετασχέτω
1764 3258 1864 3326 τῆς
1897 3273 1983 3309 τε·-

398 3350 692 3416 λειὼσεως,
717 3352 810 3405 καὶ
839 3354 947 3404 τῶν
982 3352 1141 3406 θείων
1222 3354 1585 3423 ἁγιασμάτων
1643 3351 1932 3422 ἁξιωθήτω
1964 3361 1981 3381 ⁵

403 3444 500 3496 ἐὰν
534 3444 720 3514 μέντοι
758 3445 851 3499 καὶ
882 3445 910 3497 ὁ
952 3445 1111 3508 ἄλλος
1159 3445 1325 3501 αὐτοῦ
1378 3445 1494 3517 βίος
1549 3444 1985 3516 ὲπιτηρούμετος

405 3538 506 3592 οὐκ
531 3538 775 3611 ἀπείργῃ
823 3538 1015 3595 τοῦτον
1073 3540 1176 3609 τῆς
1232 3540 1384 3605 θείας
1453 3538 1836 3610 μεταλήψεως.

1007 3628 1251 3683 ΚΑΝΩΝ
1279 3630 1340 3685 I'.

400 3735 425 3774 ι
464 3719 715 3775 Διάκονοι
751 3721 867 3775 ὅσοι
898 3720 1318 3791 καθιστάμενοι,
1376 3720 1512 3793 παρ’
1557 3720 1729 3793 αὐτὴν
1756 3722 1854 3794 τὴν
1883 3738 1982 3776 κα⁴

474 3832 494 3867 ι
538 3815 801 3869 τάστασιν
832 3815 882 3868 εί
926 3813 1366 3885 διεμαρτύραντο
1398 3816 1495 3869 καὶ
1540 3814 1749 3884 ἔφασαν
1780 3814 1982 3885 χρῆναι

475 3924 495 3959 ι
527 3906 799 3975 γαμῆσαι,
856 3908 933 3978 μὴ
983 3906 1274 3977 δυνάμενοι
1335 3902 1481 3961 οὕτω
1540 3902 1729 3977 μένεὶν
1764 3923 1778 3939 ν
1832 3900 1981 3962 οὗτοι

478 4021 495 4054 ι
537 4001 677 4072 μετά
704 3998 875 4053 ταῦτα
900 3999 1255 4072 γαμήσαντες
1282 4000 1534 4055 ἔστωσαν
1578 4004 1643 4061 ὲν
1673 4004 1739 4071 τῇ
1774 4000 1980 4070 ὑπηρε-

475 4110 494 4144 ι
534 4093 645 4166 σίᾳ,
673 4092 763 4146 διὰ
792 4092 849 4145 τὸ
875 4091 1251 4163 ἐπιτραπῆναι
1276 4090 1477 4152 αὐτοὺς
1528 4090 1637 4146 ὑπὸ
1698 4092 1793 4145 τοῦ
1858 4094 1983 4145 ὲπι-

478 4203 498 4238 ι
545 4186 776 4240 σκόπου.
821 4184 995 4238 Τοῦτο
1043 4184 1101 4238 δὲ
1132 4186 1187 4238 εί
1229 4200 1379 4246 τινες
1415 4185 1977 4254 παρασιωπήσαντες,

473 4292 498 4331 τ
541 4278 634 4331 καὶ
662 4276 1094 4347 καταδεξάμενοι
1128 4277 1266 4347 ὲντῇ
1322 4277 1633 4347 χειροτονία
1691 4276 1983 4346 μένεινδῦ-

474 4391 498 4426 ι
541 4392 641 4436 τω,
707 4369 850 4443 μετὰ
893 4368 1071 4424 ταῦτα
1097 4365 1264 4440 ἦλθον
1295 4369 1389 4421 ἐπὶ
1418 4369 1619 4439 γάμον,
1664 4368 1980 4423 πεπαῦσθαι

478 4484 496 4518 ι
535 4464 733 4528 αὐτοὺς
770 4464 869 4531 τῆς
912 4462 1212 4525 διακονίας.
1241 4479 1262 4513 ο

2086 3279 2289 3334 divinis
2339 3276 2705 3334 sacramentis
2758 3277 2961 3346 dignus
3016 3274 3314 3336 habeatur,
3370 3270 3479 3326 nisi
3531 3268 3672 3321 forte

2086 3371 2299 3441 reliqua
2335 3370 2456 3440 ejus
2486 3369 2601 3423 vita
2629 3369 2941 3423 examinata
2974 3382 3101 3423 eum
3147 3381 3179 3420 a
3226 3366 3412 3420 divina
3448 3358 3675 3433 partici-

2086 3463 2309 3537 patione
2359 3472 2565 3519 arceat.

2702 3635 2933 3693 CANON
2979 3634 3047 3690 Χ.

2092 3750 2111 3784 ι
2159 3730 2488 3803 Quicunque
2518 3732 2737 3787 diaconi
2770 3730 3079 3795 constituti,
3099 3729 3153 3783 in
3177 3729 3294 3798 ipsa
3320 3723 3672 3783 ordinatione

2159 3846 2179 3879 ε
2229 3825 2516 3896 protestati
2578 3833 2746 3889 sunt,
2801 3834 2856 3878 et
2917 3823 3216 3885 dixerunt,
3292 3826 3548 3889 oportere
3610 3826 3669 3869 se

2156 3935 2179 3970 ι
2226 3932 2430 3972 uxores
2462 3917 2687 3982 ducere,
2719 3930 2845 3970 cum
2880 3929 2986 3968 non
3017 3912 3230 3983 possint
3279 3909 3360 3966 sic
3396 3922 3617 3962 manere
3648 3920 3665 3960 :

2159 4028 2178 4063 t
2223 4010 2281 4073 ii,
2319 4008 2364 4063 si
2414 4023 2642 4063 uxorem
2701 4015 2891 4077 postea
2926 4005 3205 4065 duxerint,
3257 4002 3368 4058 sint
3417 4000 3471 4053 in
3508 3998 3670 4052 minis

2161 4119 2181 4153 ι
2228 4100 2428 4165 sterio;
2455 4113 2520 4153 eo
2550 4098 2693 4168 quod
2734 4098 2839 4151 hoc
2864 4097 2936 4149 sit
2971 4096 3081 4150 illis
3130 4095 3199 4147 ab
3242 4093 3499 4161 episcopo
3530 4098 3668 4143 con.-

2160 4212 2179 4245 ι
2222 4207 2464 4252 cessum,
2504 4189 2559 4243 Si
2588 4190 2683 4258 qui
2719 4197 2902 4243 autem
2947 4187 3047 4241 hoc
3098 4185 3319 4241 silentio
3370 4178 3665 4250 praeterito,

2160 4304 2177 4337 ι
2223 4292 2276 4339 et
2307 4284 2360 4337 iu
2425 4281 2772 4335 ordinatione
2832 4287 2887 4332 ut
2944 4280 3018 4333 ita
3080 4282 3367 4331 manerent
3419 4259 3666 4339 suscepti

2157 4395 2177 4427 ι
2225 4382 2378 4436 sunt,
2414 4380 2603 4443 postea
2635 4377 2820 4424 autem
2847 4368 2915 4423 ad
2940 4366 3352 4422 matrimonium
3376 4373 3669 4426 venerunt,

2159 4485 2179 4519 ι
2224 4467 2260 4521 ii
2314 4482 2341 4518 a
2370 4466 2665 4521 diaconatu
2698 4471 2938 4518 cessent.
2987 4478 3007 4513 ι

455 4559 651 4611 ΒΑΛΣ.
686 4557 775 4626 Τῷ
795 4556 983 4609 κανόνι
1006 4555 1181 4625 τούτῳ
1215 4553 1290 4625 μὴ
1313 4556 1592 4625 προσσχῇς
1620 4554 1978 4625 διοριζομένῳ

2161 4556 2355 4611 BALS.
2392 4556 2546 4610 llunc
2574 4570 2841 4610 canonem
2890 4567 2959 4607 ne
3009 4550 3283 4620 sequaris,
3330 4547 3423 4618 qui
3477 4547 3669 4601 deﬁnit.

401 4651 529 4715 τοὺς
560 4651 845 4714 διακόνους
877 4650 1017 4720 μετά
1040 4649 1101 4704 τὸ
1126 4647 1580 4720 χειροτονηθῆναι
1611 4647 1986 4703 συνάπτεσθαι

403 4742 674 4811 γυναιξὶν,
708 4743 790 4795 ὃτι
831 4743 889 4794 ὲν
932 4742 1011 4812 τῷ
1046 4740 1478 4813 χειροτονεῖσθαι
1513 4739 1982 4810 διεμαρτύραντο,

400 4834 712 4898 τουτέστιν,
773 4829 926 4886 εἶπον
988 4834 1123 4901 πρὸς
1204 4832 1331 4896 τοὺς
1410 4830 1747 4893 ἐπισκόπους
1806 4829 1987 4883 αὐτῶν

405 4924 710 4992 ἀναγκαῖον
737 4920 879 4977 εἶναι
912 4922 1098 4984 αὐτοῖς
1121 4924 1201 4985 εἰς
1228 4924 1408 4990 γάμον
1437 4922 1634 4985 ἐλθεῖν,
1688 4926 1783 4976 καὶ
1820 4923 1987 4976 οἱονεὶ

405 5014 597 5067 ἔλαϐον
620 5017 681 5067 τὸ
707 5014 1015 5083 ἐνδόσιμον.
1055 5014 1177 5066 Εἴτε
1206 5015 1315 5085 γὰρ
1401 5014 1873 5087 προανεφυὼνησαν
1918 5015 1986 5068 rh

410 5108 539 5178 περὶ
560 5107 773 5174 τούτου,
801 5107 912 5159 εἴτε
968 5105 1290 5174 ἐσιώπησαν
1354 5108 1849 5177 χειροτονούμενοι,
1922 5105 1986 5158 οὐ

407 5198 978 5269 παραχωρηθήσονται
1068 5197 1210 5267 μετὰ
1277 5198 1377 5267 τὴν
1467 5200 1802 5270 χειροτονίαν
1887 5215 1986 5265 γυ-

406 5291 547 5356 ναιξὶ
619 5291 1021 5361 συζευχθῆναι,
1066 5292 1147 5345 ὅτι
1200 5293 1227 5344 ό
1301 5289 1356 5355 ς’
1390 5292 1570 5346 κανὼν
1629 5292 1728 5361 τῆς
1785 5294 1844 5344 ὲν
1905 5292 1985 5358 τῷ

409 5382 663 5453 Τρούλλῳ
698 5384 916 5436 συνόδου
954 5383 1249 5454 διορίζεται
1277 5383 1657 5452 καθαιρεῖσθαι
1688 5386 1817 5447 τοὺς
1847 5385 1986 5454 μετὰ

405 5476 504 5546 τὴν
556 5474 897 5547 χειροτονίαν
956 5477 1173 5546 γάμους
1254 5476 1721 5539 συναλλάττοντας
1809 5493 1981 5544 πρεσ-

398 5567 687 5636 ϐυτέρους,
767 5567 1067 5641 διακόνους
1134 5569 1230 5620 καὶ
1301 5567 1713 5632 ὑποδιακόνους.
1786 5567 1858 5619 Τὸ
1923 5568 1982 5621 δὲ

408 5658 759 5711 ἀκανόνιστον
799 5656 921 5709 οὔτε
958 5659 1065 5712 ἀπὸ
1104 5662 1405 5730 ἐπιτροπῆς
1440 5663 1811 5728 ἐπισκοπικῆς
1857 5659 1982 5713 οὔτε

408 5748 515 5800 ἀπὸ
542 5749 706 5817 μόνου
758 5748 852 5800 τοῦ
909 5750 1187 5821 σιωπῆσαι
1219 5752 1697 5823 ὲκχωρηθήσεται,
1726 5752 1801 5815 ὡς
1850 5753 1980 5805 ἀνυ-
2023 5771 2027 5773 λ

402 5840 693 5897 tractatos.
741 5840 1043 5903 'Avo’t‘rvat
1072 5843 1171 5898 καὶ
1218 5844 1316 5915 τὴν
1346 5851 1401 5911 ς’
1443 5844 1664 5915 Νεαρὰν
1696 5844 1788 5899 τοῦ
1827 5845 1983 5916 βασι-

2090 4651 2351 4705 diaconos
2385 4662 2697 4718 possecum
2751 4643 3073 4699 mulieribus
3129 4639 3486 4695 matrimonio
3541 4652 3672 4692 cono

2084 4747 2262 4817 iungi,
2323 4753 2616 4816 postquam
2675 4739 2914 4796 ordinati
2977 4737 3179 4791 fuerint
3216 4734 3488 4804 ,-quando
3539 4731 3668 4786 dum

2087 4839 2480 4893 ordinarentur
2507 4834 2790 4889 testiﬁcanti
2818 4840 2969 4894 sunt,
3008 4830 3059 4884 id
3107 4838 3211 4890 est,
3259 4827 3519 4882 dixerunt
3550 4824 3670 4879 suis

2088 4929 2385 4998 episeOpis.
2412 4941 2641 4980 necesse
2664 4940 2783 4979 esse
2804 4932 2866 4976 ut
2895 4925 2960 4975 ad
2986 4919 3397 4974 matrimonium
3425 4917 3670 4979 veniant,

2082 5030 2140 5074 et
2173 5018 2337 5072 veluti
2362 5015 2784 5087 permissionem
2822 5018 3177 5081 acceperunt.
3230 5010 3358 5063 Sive
3382 5009 3526 5061 enim
3562 5007 3670 5060 hoc

2090 5109 2468 5181 prredixeriut,
2494 5108 2611 5162 sive
2638 5106 2857 5160 siientio
2890 5102 3253 5169 praeterierint
3282 5101 3373 5168 qui
3404 5100 3670 5153 ordinan-

2090 5206 2216 5266 tur‘,
2257 5216 2363 5255 non
2401 5199 2751 5269 permittetur
2801 5197 2904 5256 eis.
2965 5204 3024 5248 ut
3084 5203 3207 5262 post
3264 5192 3666 5246 ordinatituieut

2066 5311 2211 5349 'cutu
2238 5292 2568 5347 mulieribus
2606 5291 3010 5357 conjuugantur
3036 5304 3050 5352 ;
3078 5295 3268 5340 sextus
3313 5284 3456 5339 enim
3492 5296 3664 5335 canon

2089 5385 2280 5455 synodi
2333 5384 2388 5436 in
2442 5382 2630 5435 Trullo
2662 5380 3014 5449 deponendos
3048 5377 3293 5432 decernit
3319 5375 3668 5444 presbyteros

2084 5486 2142 5531 et
2168 5476 2432 5529 diaconos
2468 5480 2522 5528 et
2551 5471 2943 5536 subdiaconos,
2977 5474 3070 5538 qui
3103 5476 3223 5538 post
3258 5466 3663 5522 ordinationem

2089 5568 2500 5621 matrimonium
2539 5564 2935 5619 contraxerint.
2979 5562 3135 5628 Quod
3170 5562 3438 5616 titantem
3476 5568 3669 5615 contra

2088 5674 2351 5719 canones,
2384 5672 2483 5711 nec
2515 5672 2579 5711 ex
2617 5654 2986 5725 permissione
3017 5654 3336 5723 episcopali,
3366 5668 3468 5707 nec
3503 5667 3567 5707 ex
3602 5668 3673 5706 eo

2090 5760 2302 5806 tantum
2332 5751 2477 5820 quod
2509 5749 2805 5814 tacuerint,
2840 5747 3198 5811 concedetur,
3248 5756 3306 5800 ut
3346 5749 3491 5816 quod
3525 5759 3670 5802 cou-

2089 5846 2287 5903 sistere
2320 5843 2534 5915 nequit.
2566 5842 2708 5915 Lege
2737 5841 2904 5900 etiam
2935 5850 3149 5901 sextam
3179 5838 3461 5896 Novellam
3483 5839 3666 5909 impee
