4076 6398
531 351 664 429 ΗΞ]

1782 385 2060 452 THEOD.
2111 388 2510 460 BALSAMON

3628 414 3679 481 Γ.
3693 415 3760 480 52

521 487 723 542 ratoris
755 488 956 544 domini
1009 490 1205 550 Leonis
1254 492 1552 569 Sapientis,
1588 521 1708 574 quae
1759 508 1891 563 dicit
1920 516 2052 580 quor

2154 537 2164 570 ι
2195 515 2328 578 λέως
2363 519 2527 586 κυροῦ
2558 521 2784 586 Λέοντος
2813 519 2905 576 τοῦ
2931 523 3124 594 Σοφοῦ,
3153 525 3420 593 λέγουσιν
3449 527 3543 592 ὥς,
3571 532 3616 582 εί
3665 537 3749 589 καὶ

518 579 731 634 etiamsi
789 596 852 635 ex
887 589 1282 644 consuetudine
1340 607 1450 648 non
1507 597 1710 666 scripta
1771 612 2087 668 potestatem

517 668 752 723 habeam
783 671 817 725 .i
870 673 964 741 qui
1007 685 1131 730 sunt
1159 684 1385 745 sacrati,
1441 684 1582 740 intra
1641 689 1920 747 biennium
1967 707 2091 764 post

513 757 913 816 ordinationem
967 767 1316 836 praeﬁnitum,
1367 776 1607 831 ducendi
1662 797 1859 837 uxores
1910 785 2087 857 legiti-

515 861 632 904 mas
665 865 680 903 :
714 851 816 907 hoc
845 862 1051 922 tamen,
1085 871 1142 916 ut
1186 875 1214 916 a
1253 866 1554 925 canonibus
1597 873 1952 943 prohibitmu,
1989 882 2086 935 ob-

513 943 721 996 servari
760 960 868 999 non
901 948 1085 1008 debet.

584 1031 834 1090 ZONAB.
868 1038 1215 1112 Quicunque,
1263 1049 1389 1104 dum
1427 1053 1641 1110 diaconi
1679 1061 2084 1118 constitueren-

509 1129 619 1187 tur,
675 1127 778 1180 hoc
831 1140 936 1197 est,
995 1151 1105 1203 quo
1171 1146 1418 1210 tempore
1473 1147 1762 1204 diacOnatu
1828 1154 2080 1210 initiandi

509 1214 746 1281 fuerant,
797 1237 1020 1278 uxorem
1055 1229 1158 1283 sibi
1217 1239 1527 1292 necessario
1579 1240 1884 1330 ducendaml
1933 1241 2118 1312 essc,'

506 1312 606 1353 nec
641 1305 1008 1374 virginitatem
1040 1329 1066 1366 a
1098 1333 1157 1371 se
1191 1322 1295 1374 coli
1331 1339 1512 1392 posse,
1561 1333 1768 1396 testati,
1824 1305 1924 1390 hoc
1975 1349 2077 1404 est,

505 1405 718 1459 aperte,
765 1404 920 1466 quasi
982 1409 1245 1468 adhibitis
1317 1420 1480 1472 etiam
1531 1423 1785 1493 testibus,
1841 1429 2075 1497 professi

502 1493 649 1550 sunt,
686 1489 730 1543 si
766 1507 928 1559 quam
962 1498 1067 1552 sibi
1104 1503 1388 1561 mulierem
1452 1522 1574 1579 post
1626 1529 1941 1587 susceptum
1983 1537 2074 1576 or-

500 1579 684 1634 dinem
728 1589 1206 1662 matrimoniijure
1242 1603 1638 1672 copulaverint,
1667 1625 1696 1664 a
1734 1613 2067 1684 ministerio,

501 1668 603 1724 hoc
632 1681 716 1728 est
769 1691 798 1729 a
864 1679 1178 1751 diaconatu,
1234 1705 1580 1763 nequaquam
1633 1705 1899 1761 arcendos
1952 1725 2071 1766 esse

499 1774 672 1816 canon
707 1767 973 1827 decernit.
1015 1775 1242 1833 Videtur
1275 1784 1340 1836 iis
1364 1786 1631 1854 siquidem
1664 1793 1896 1851 obeundi
1946 1811 2069 1870 post

1433 1851 1444 1854 _
1946 1851 2068 1870 τη-

501 1851 749 1906 ordinem
801 1873 1120 1930 susceptum
1175 1873 1508 1930 matrimonii
1554 1880 1624 1935 ab
1671 1884 1930 1956 episcopo
1984 1890 2066 1944 fa-
2101 1861 2142 1915 Β

498 1941 674 1997 cultas
707 1950 994 2014 permissa.
1027 1955 1082 2008 Si
1115 1960 1206 2026 qui
1244 1976 1394 2030 vero,
1426 1967 1552 2022 dum
1583 1971 1834 2031 initiandi
1862 1978 2061 2050 forent,

495 2030 715 2099 siluere,
747 2053 923 2107 eoque
954 2047 1180 2112 proinde
1227 2053 1445 2111 silentio
1495 2064 1876 2122 castimoniam
1930 2087 2063 2129 con-

494 2121 686 2181 dixere
724 2128 872 2196 (nam
928 2135 1016 2188 hic
1041 2155 1258 2211 quoque
1289 2160 1573 2205 assensum
1602 2158 1946 2216 taciturnitas
1982 2165 2064 2219 in-

492 2217 681 2288 dicat),
704 2237 816 2290 eos,
850 2228 897 2280 si
930 2245 1152 2286 uxorem
1185 2249 1368 2304 postea
1391 2242 1666 2310 duxerint,
1703 2264 1728 2300 a
1753 2254 2061 2313 ministerio

489 2297 704 2365 ciissare
749 2313 920 2382 jubet.
979 2319 1158 2391 Atque
1203 2327 1315 2382 bare
1347 2331 1564 2398 quidem
1618 2337 1780 2406 hujus
1835 2349 2060 2402 canonis

488 2396 712 2454 decreto
740 2409 972 2465 sancita.
1011 2412 1332 2472 Sanctorum
1370 2436 1495 2477 vero
1517 2431 1886 2494 apostolorum
1914 2439 2056 2492 vice-

489 2489 630 2545 simo
659 2506 815 2550 sexto
844 2514 1078 2570 canone,
1119 2506 1418 2566 lectoribus
1447 2515 1581 2571 solis
1637 2533 1688 2574 et
1711 2527 2053 2591 cantoribus,

485 2590 775 2652 postquam
813 2590 866 2644 in
893 2593 1102 2648 clerum
1147 2598 1270 2654 lecti
1300 2602 1522 2669 fuerint,
1569 2613 1918 2670 matrimonia
1973 2620 2054 2674 in-

485 2672 568 2726 ire
601 2680 948 2743 permissum.
985 2684 1051 2738 Et
1077 2687 1226 2743 hunc
1256 2697 1616 2760 apostolicum
1665 2719 1929 2761 cauonem
1967 2727 2054 2764 sc-

482 2771 608 2815 cuta
631 2778 782 2820 sexta
814 2775 1076 2842 synodus,
1099 2794 1310 2838 canone
1333 2799 1507 2858 sexto,
1542 2795 1672 2850 nulli
1715 2803 2051 2874 presbytero,

486 2852 709 2874 ,νμμη
760 2873 765 2874 ί
828 2871 838 2874 _
888 2863 900 2874 .
1047 2867 1079 2874 -_

1495 2852 1504 2858 .
1715 2852 1730 2868 .
1786 2852 2049 2874 ν--πυ--τι

482 2852 718 2910 diacono
749 2871 844 2912 aut
886 2863 1267 2934 hypodiacono
1298 2886 1420 2944 post
1458 2897 1776 2956 susr-eptum
1805 2895 2049 2948 ordinem

481 2958 707 3000 uxorem
739 2949 973 3010 ducendi
1005 2958 1319 3020 facultatem
1349 2986 1471 3028 esse
1495 2977 1771 3047 decernit;
1807 3000 1869 3038 ac
1919 2990 2046 3056 qui-

478 3051 697 3106 cunque
741 3047 937 3100 canoni
1001 3066 1108 3106 non
1156 3057 1655 3132 obtemperaverint
1707 3074 2049 3143 depositione

2193 607 2303 662 άπὸ
2341 613 2631 683 συνηθείας
2654 617 2906 686 ἀγράφου
2933 613 3076 686 εἶχον
3141 620 3327 673 ἄδειαν
3377 623 3423 674 oi
3476 624 3746 692 ίερωμένοι

2190 701 2342 766 ἐντὸς
2381 705 2583 769 διετίας
2638 708 3016 779 ψηφιζομένης
3093 712 3232 781 μετὰ
3277 712 3376 784 τὴν
3431 716 3748 784 χειροτονίαν

2189 789 2497 860 λαμϐάνειν
2528 795 2796 866 νομίμους
2822 800 3110 864 γυναῖκας,
3145 799 3281 853 ἀλλὰ
3311 803 3403 854 καὶ
3467 802 3620 855 τοῦτο
3674 803 3743 866 ὥς

2188 881 2292 936 ὑπὸ
2321 885 2431 940 τῶν
2459 889 3122 960 κανόνωνκεκωλυμένον,
3155 894 3258 946 οὐκ
3291 893 3494 963 ὀφείλει
3516 897 3743 966 κρατεῖν.

2255 1061 2502 1114 ΖΩΝΑΡ.
2529 1063 2701 1132 Φησὶν
2742 1066 2770 1117 ὁ
2809 1065 2991 1119 κανὼν
3021 1061 3196 1131 οὗτος,
3241 1068 3323 1122 ὃτι
3391 1071 3508 1123 ὅσοι
3561 1073 3620 1125 ὲν
3673 1076 3745 1144 τῷ

2183 1151 2550 1206 καθίστασθαι
2581 1156 2660 1216 είς
2698 1154 2998 1222 διακονίαν,
3057 1159 3226 1228 ἤγουν
3279 1161 3336 1213 ὲν
3395 1161 3475 1231 τῷ
3542 1164 3744 1231 μέλλειν

2181 1245 3104 1318 χειροτονεῖσθαιδιεμαρτύραντο,
3141 1251 3266 1303 ἀντὶ
3322 1251 3419 1304 τοῦ
3484 1256 3742 1322 φανερῶς,

2180 1327 2334 1387 εἷπον
2367 1335 2443 1395 ὡς
2464 1336 2559 1387 ἐπὶ
2596 1337 2868 1407 μάρτυτιν
2911 1339 2988 1400 ὼς
3031 1340 3328 1407 ἀναγκαῖόν
3368 1343 3518 1395 ἔστιν
3574 1347 3744 1410 αὐτοῖς

2179 1424 2260 1486 εἰς
2294 1424 2473 1494 γάμον
2502 1427 2700 1489 ἐλθεῖν,
2740 1427 2814 1499 μὴ
2853 1429 3182 1498 δυναμένοις
3201 1432 3582 1501 παρθενεύειν,
3608 1431 3741 1491 οὗτοι

2180 1517 2320 1580 μετὰ
2363 1517 2461 1586 τὴν
2491 1520 2834 1588 χειροτονίαν
2865 1522 2946 1582 είς
2972 1522 3151 1589 γάμον
3177 1521 3426 1587 ἐλθόντες
3445 1528 3741 1594 μενέτωσαν

2174 1607 2232 1658 ὲν
2266 1610 2328 1678 τῇ
2367 1609 2664 1679 ὑπηρεσίᾳ,
2713 1612 2833 1681 ἤτοι
2884 1617 2949 1683 τῇ
3034 1615 3302 1686 διακονίᾳ.
3357 1616 3587 1670 Δοκοῦσι
3641 1619 3740 1688 γὰρ

2174 1700 2548 1770 ἐπιτραπῆναι
2578 1703 2639 1755 τὸ
2703 1705 2840 1774 μετὰ
2904 1705 3006 1776 τὴν
3048 1707 3388 1779 χειροτονῖαν
3447 1707 3622 1764 ὲλθεῖν
3667 1713 3742 1774 είς

2172 1793 2352 1862 γάμον
2387 1794 2492 1847 ὑπὸ
2521 1795 2617 1849 τοῦ
2653 1799 3064 1854 ὲπισκόπου.Εί
3103 1801 3158 1854 δέ
3223 1818 3371 1864 τινες
3435 1806 3739 1874 σιωπήσαν-

2171 1901 2263 1948 τες
2284 1886 2340 1936 ὲν
2372 1887 2450 1957 τῷ
2488 1888 2706 1956 μέλλειν
2737 1892 3190 1961 χειροτονεῖσθαι,
3231 1894 3325 1945 καὶ
3373 1895 3739 1962 καταδεξάμε-

2169 1995 2250 2030 νοι
2304 1979 2394 2032 διὰ
2431 1982 2528 2051 τῆς
2575 1984 2784 2050 σιωπῆς
2831 1985 3039 2055 ἄγαμοι
3075 1989 3258 2056 μένειν
3287 2005 3300 2018 ⁶
3335 1989 3616 2045 κάνταῦθα
3637 1991 3739 2059 γὰρ

2168 2072 2201 2140 ἡ
2245 2071 2423 2144 σιωπὴ
2460 2073 2861 2142 συγκατάθεσιν
2897 2076 3047 2146 δηλοῖ
3078 2093 3094 2110 ο
3137 2079 3273 2146 μετᾶ
3338 2082 3440 2152 τὴν
3501 2100 3738 2152 χειροτο-

2167 2162 2285 2214 νίαν
2315 2164 2548 2234 ἔγημαν,
2588 2167 2901 2220 πεπαῦσθαι
2926 2171 3022 2240 τῆς
3043 2170 3319 2234 διακονίας
3343 2173 3536 2244 ὁρίζει.
3557 2176 3736 2230 Ταῦτα

2167 2255 2268 2324 μὲν
2300 2256 2393 2309 τοῦ
2427 2259 2698 2327 παρόντος
2731 2261 2958 2324 κανόνος
2993 2279 3006 2293 ο
3037 2263 3064 2315 ὁ
3094 2263 3152 2316 δὲ
3186 2265 3431 2328 εἰκοστὸς
3455 2266 3614 2330 ἕκτος
3631 2270 3736 2320 τᾶν

2166 2351 2336 2414 ἁγίων
2375 2351 2690 2406 ἀποστόλων
2725 2355 2904 2407 κανὼν
2965 2357 3148 2425 μόνοις
3210 2358 3590 2426 άναγνώσταις
3646 2362 3736 2414 καὶ

2165 2443 2404 2510 ψάλταις
2442 2445 2707 2508 ἐνδίδωσι,
2749 2448 2885 2517 μετὰ
2917 2449 2974 2502 τὸ
3002 2451 3082 2510 ei;
3116 2446 3315 2517 κλῆρον
3365 2454 3734 2521 καταταγῆναι

2313 2538 2334 2552 ..
2416 2535 2517 2554 ,με
2571 2539 2582 2554 .
2624 2536 2647 2554 ..
2850 2540 2875 2552 -
2944 2540 2964 2554 ..
3250 2543 3293 2554 η.
3544 2540 3559 2554 π
3703 2542 3726 2554 ..

2163 2535 2524 2604 γαμεῖπΚαὶ
2561 2539 2587 2588 ό
2624 2536 2782 2602 ἕκτος
2814 2540 2911 2604 τῆς
2944 2540 3110 2607 ἕκτης
3139 2543 3356 2597 συνόδου
3421 2540 3622 2603 κανὼν.
3662 2542 3735 2615 τῷ

2162 2623 2506 2697 ἁποστολικῷ
2546 2627 2736 2682 κανόνι
2839 2629 3128 2703 ἑπόμενος,
3180 2634 3519 2706 ἀπαγορεύει
3578 2641 3734 2694 παντὶ

2160 2718 2521 2789 πρεσϐυτέρῳ
2572 2721 2667 2774 καὶ
2724 2720 2958 2790 διακόνῳ
3012 2727 3109 2778 καὶ
3181 2727 3525 2799 ὑποδιακόνῳ
3600 2731 3734 2801 μετὰ

2155 2807 2256 2876 τὴν
2287 2808 2626 2878 χειροτονίαν
2663 2813 2943 2884 είς·γάμον
2963 2815 3220 2886 ἔρχεσθαι
3257 2837 3272 2852 ο
3332 2823 3426 2874 καὶ
3500 2823 3628 2886 τοὺς
3663 2823 3733 2892 μὴ

2152 2898 2245 2950 τὸν
2278 2899 2477 2952 κανόνα
2509 2902 2880 2968 φυλάττοντας
2914 2907 3305 2979 καθαιρεῖσθαι
3339 2912 3575 2966 κελεύει.
3622 2913 3729 2983 Πρὸ

2152 2991 2210 3043 δὲ
2249 2990 2348 3060 τῆς
2384 2993 2720 3062 χειροτονίας
2750 2997 2876 3058 τοὺς
2907 2997 3236 3067 είρημένους
3295 3000 3550 3064 θεσπίζει
3609 3022 3729 3056 συν-

2153 3081 2438 3135 αλλάττειν
2471 3085 2674 3153 γάμον,
2707 3088 2754 3138 εί
2791 3087 3086 3156 βούλοιντο.
3126 3091 3421 3146 Ἐναντίων
3462 3094 3557 3148 οὖν
3603 3113 3729 3166 προ-

479 3128 697 3183 umltari
723 3131 895 3200 jubet.
920 3135 1152 3209 Nuptias
1186 3128 1369 3217 porro,
1402 3154 1567 3228 384
1593 3163 1637 3215 si
1675 3128 1862 3225 νθιῆη.
1895 3179 2052 3226 ante.

479 3233 639 3256 (In-1m
675 3222 958 3256 ἰριίιέιιησ..-
1020 3237 1092 3256 --ι
1132 3239 1146 3256 ι
1291 3243 1321 3256 ι.
1742 3255 1749 3256 ,

2156 3128 2431 3135 ...---_---_-.
2482 3128 2674 3153 ,ν-Γςνν,
2707 3128 2754 3138 -υ
2791 3128 3086 3156 Γυνηνυνιυσ
3145 3128 3420 3146 uruntur!
3462 3128 3556 3148 υυν
3603 3128 3727 3166 ἠμυ-

2154 3172 2327 3245 aqua;
2354 3174 2461 3228 τῶν
2504 3177 2750 3230 κανόνων
2811 3180 3021 3234 τούτων
3072 3181 3260 3249 ὄντων,
3319 3184 3346 3234 ὁ
3389 3187 3490 3256 τῆς
3562 3187 3727 3254 ἕκτης

475 3233 639 3284 quam
675 3222 977 3300 initientur,
1014 3237 1322 3298 celebrandi
1351 3222 1698 3313 postesiatem
1732 3255 1878 3311 facit.
1909 3260 2044 3318 Cum

477 3309 645 3378 igitur
673 3315 775 3370 sibi
834 3321 1066 3382 invicem
1107 3329 1160 3385 bi
1212 3350 1456 3393 canones
1501 3344 1790 3402 manifesto
1846 3353 2044 3408 adver-

475 3412 686 3470 sentur,
719 3420 884 3468 sextae
913 3422 1106 3488 synodi
1133 3439 1308 3480 canon
1368 3431 1459 3498 qui
1504 3443 1556 3485 et
1617 3442 1889 3504 posterior
1945 3445 2044 3502 fuit

473 3506 529 3548 et
565 3503 734 3570 magis
769 3521 890 3561 cum
922 3515 1223 3580 apostolico
1257 3535 1468 3575 canone
1505 3525 1797 3598 consentit,
1835 3540 2041 3594 servari

471 3588 656 3645 debet.
691 3593 795 3650 Nec
833 3602 976 3655 enim
1028 3621 1264 3677 unquam
1316 3618 1587 3671 sacerdoti
1638 3631 1731 3673 aut
1782 3624 2037 3694 diacono,

471 3683 563 3748 qui
595 3696 817 3742 ttXOl‘cttl
862 3703 986 3761 post
1025 3709 1313 3768 susceptos
1369 3707 1592 3766 ordines
1676 3712 1921 3784 duxerit,
1980 3729 2074 3776 aut

467 3776 710 3834 obeundi
743 3783 974 3841 facultas
1007 3791 1129 3846 erit.

469 3866 691 3924 ARIST.
724 3891 744 3924 ι
774 3875 1158 3941 Quidiaconus
1182 3895 1264 3940 est
1298 3892 1655 3964 ordinandus,
1692 3903 1736 3958 si
1767 3915 2040 3986 protcsja-

542 3976 562 3986 -
607 3963 867 3986 ι..-Δ·---..ε.

542 3976 562 4009 ι
607 3971 690 4017 tus
709 3963 870 4018 fuerit
898 3971 1154 4042 episcopo
1175 3993 1232 4031 se
1258 3997 1362 4036 non
1399 4001 1557 4053 posse
1576 3973 2033 4069 coclibcnipcrse-

542 4071 562 4101 ι
610 4071 818 4120 verare,
854 4074 1023 4116 uxore
1047 4065 1206 4122 ducta
1239 4075 1310 4125 sit
1343 4077 1641 4149 diaconus;
1675 4087 1722 4140 si
1751 4107 1879 4144 vero
1911 4109 2030 4148 cum

547 4162 565 4193 ι
615 4149 864 4216 tacuerit,
905 4168 1128 4210 uxorem
1167 4174 1353 4230 postea
1387 4169 1622 4237 duxerit,
1653 4177 1924 4245 ejiciatur.
1973 4206 1990 4238 ι

538 4235 635 4290 ilic
669 4253 844 4295 canon
909 4249 1099 4303 statuit
1143 4269 1262 4308 eum
1309 4261 1400 4327 qui
1454 4275 1581 4318 ante
1622 4271 2028 4332 ordinationem

462 4327 720 4398 episcopo
755 4345 1087 4403 protestatus
1139 4345 1258 4412 fuit,
1291 4365 1350 4403 se
1410 4369 1515 4409 non
1572 4374 1732 4426 posse
1777 4364 2025 4424 caelibem

463 4431 642 4484 agere,
682 4423 774 4474 sed
811 4426 942 4481 velle
994 4437 1327 4492 matrimonii
1366 4451 1805 4507 communionem
1862 4455 2025 4524 inire,

2153 3264 2371 3317 συνόδου
2404 3269 2626 3334 κρατεῖν
2657 3268 2885 3335 ὀφείλει,
2922 3269 2998 3332 ὡς
3041 3275 3507 3347 μεταγενέστερος
3532 3280 3624 3332 καὶ
3653 3277 3723 3344 τῷ

2152 3357 2501 3427 άποστολικῷ
2535 3359 2845 3428 συμφωνῶν
2872 3362 3084 3418 κανόνι.
3141 3365 3215 3417 Uti
3248 3367 3359 3438 γάρ
3391 3385 3529 3420 ποτε
3597 3385 3723 3438 πρεο

2151 3451 2468 3524 σϐύτεροςῆ
2509 3456 2775 3518 διάκονος,
2817 3456 2958 3524 μετά
2986 3459 3086 3526 τὴν
3119 3463 3459 3528 χειροτονίαν
3494 3467 3722 3532 γυναῖκα

2149 3543 2353 3608 λαϐὼν,
2379 3547 2437 3601 ὲν
2466 3550 2531 3617 τῇ
2555 3547 2734 3620 οἰκείᾳ
2785 3548 2938 3602 ἔσται
2997 3551 3272 3623 ἐπιτιμία,
3307 3556 3369 3626 ’ἦ
3423 3557 3723 3628 ἱερουργεῖν

2141 3636 2702 3708 παραχωρηθήσεται.

2135 3725 2455 3796 dignitatem
2508 3744 2662 3784 suam
2715 3730 2984 3786 retinendi
3042 3743 3132 3788 aut
3185 3753 3341 3794 sacra
3421 3742 3718 3797 ministeria

2146 3909 2372 3964 ΑΡΙΣΤ.
2435 3928 2454 3961 ι
2503 3913 2560 3966 '0
2591 3913 2804 3983 μέλλων
2850 3916 3098 3980 διάκονος
3171 3925 3625 3991 χειροτονεῖσθαι,
3674 3918 3716 3971 ει

2183 3993 2187 3995 ’
2225 4020 2244 4051 ι
2287 4003 2745 4072 προεμαρτύρατο
2777 4006 2858 4076 τῷ
2879 4009 3165 4078 ἐπισκόπῳ
3195 4014 3269 4079 μὴ
3287 4012 3558 4068 δύνασθαι
3585 4034 3712 4086 καρ-

2214 4111 2234 4143 ‹
2281 4096 2460 4163 τερεῖν
2491 4093 2728 4164 ἄγαμον,
2773 4101 3028 4168 γαμήσας
3068 4100 3209 4154 ἔστω
3264 4102 3515 4170 διάκονος
3537 4124 3552 4139 ο
3583 4109 3630 4160 εί
3659 4108 3711 4160 δὲ

2217 4202 2235 4237 ι
2277 4187 2565 4254 σιωπήσας
2600 4188 2806 4257 ἔγημεν
2843 4190 3087 4262 ὕστερον,
3129 4194 3547 4252 ἀποϐαλλέσθω.
3585 4217 3604 4251 ι

2214 4269 2384 4339 Οὗτος
2412 4278 2440 4328 ὁ
2469 4276 2650 4331 κανὼν
2689 4280 3006 4352 διαγορεύει
3034 4285 3125 4336 τὸν
3153 4285 3260 4354 πρὸ
3297 4290 3398 4357 τῆς
3469 4307 3708 4359 χειροτο-

2137 4361 2259 4425 νίας
2316 4370 2850 4435 προμαρτυράμενον
2895 4371 2973 4439 τῷ
3023 4375 3308 4442 ἔπισκόπῳ
3352 4381 3426 4450 μὴ
3449 4381 3704 4433 δύνασθαι

2137 4455 2515 4523 παρθενεύειν,
2536 4459 2651 4510 ἀλλ’
2684 4463 2764 4523 είς
2801 4462 2980 4529 γάμου
3045 4463 3335 4534 βούλεσθαι
3418 4474 3700 4526 κοινωνίαν

463 4522 569 4560 non
602 4511 875 4577 prohiberi
908 4519 1068 4574 etiam
1123 4539 1244 4594 post
1300 4532 1698 4594 ordinationem
1753 4548 2028 4603 matrimo-

463 4601 607 4630 ιιίηιη
644 4603 782 4630 αυτ-..
852 4619 894 4630 ,ι
934 4611 979 4630 εὴ
1118 4617 1130 4630 ι
1316 4624 1325 4630 .

2221 4511 2231 4523 .
2503 4511 2514 4522 ,
2746 4511 2761 4523 .
3045 4511 3335 4534 γαπ-η...
3421 4511 3697 4526 "sua".-.

2154 4543 2332 4608 ;λθεῖν,
2369 4545 2440 4617 μὴ
2483 4548 2816 4615 κωλύεσθαι,
2851 4556 2944 4605 καὶ
2971 4555 3112 4623 μετὰ
3144 4558 3245 4628 τὴν
3270 4567 3612 4630 χειροτονίαν
3628 4565 3702 4624 εἰς

457 4601 607 4653 nium
644 4603 804 4670 inire,
847 4619 900 4662 et
934 4611 987 4663 in
1031 4617 1220 4671 eodem
1255 4624 1418 4677 etiam
1475 4630 1782 4688 ministerio
1827 4647 1880 4690 et
1923 4640 2022 4694 ho-

456 4703 590 4745 nore
619 4695 798 4751 adhuc
828 4715 1168 4768 permanere.
1223 4709 1354 4763 Eunt
1407 4727 1587 4771 autem
1619 4722 1712 4790 qui
1767 4727 1918 4782 siluit
1971 4741 2024 4786 et

376 4831 381 4836 ,
457 4785 507 4834 in
545 4787 891 4847 ordinatione
919 4803 974 4847 ut
1010 4799 1215 4855 caelebs
1273 4817 1535 4874 maneret,
1596 4824 1883 4883 susceptus
1913 4830 2019 4886 est,

453 4888 480 4923 a
514 4875 803 4932 diaeonatu
862 4898 1108 4952 cessare,
1152 4892 1195 4944 si
1259 4903 1442 4961 postea
1503 4905 1833 4962 matrimonii
1903 4910 2020 4978 lege

451 4967 663 5021 mulieri
699 4972 1028 5041 conjunctus
1087 4980 1268 5037 fuerit.
1326 4985 1428 5041 Sed
1501 4991 1626 5048 huic
1673 5000 1869 5052 canoni
1922 5016 2020 5069 op-

450 5058 674 5124 ponitur
703 5069 890 5120 sextus
922 5081 1086 5124 scxur
1114 5077 1308 5144 synodi
1344 5094 1542 5146 canon,
1574 5101 1678 5139 non
1715 5091 1940 5143 omnino
1963 5093 2014 5146 ci

447 5149 539 5213 qui
576 5153 778 5209 cmlcbs
827 5160 892 5211 ad
926 5160 1282 5230 bypodiac0ui
1333 5181 1426 5226 aut
1484 5176 1699 5230 diaconi
1757 5189 1850 5233 aut
1899 5199 2014 5251 pre-

447 5241 650 5311 sbyteri
684 5248 910 5315 gradum
949 5257 1116 5320 venit,
1149 5263 1454 5319 concedens
1521 5269 1872 5326 matrimonio
1903 5277 2009 5331 sibi
2049 5275 2054 5280 ’

448 5331 704 5388 fmninam
728 5341 1080 5413 conjungere,
1104 5352 1196 5404 scd
1222 5368 1343 5406 eum
1375 5355 1464 5422 qui
1501 5357 1600 5412 hoc
1632 5375 1798 5418 ausus
1824 5364 2008 5434 fuerit,

445 5419 642 5491 deponi
673 5428 889 5496 jubens.
919 5433 981 5488 Et
1018 5439 1120 5493 vim
1152 5446 1348 5499 retinet
1375 5448 1464 5500 ille
1485 5463 1680 5518 canon,
1711 5457 1804 5509 sed
1838 5458 1924 5512 hic
1952 5459 2006 5514 in

442 5512 855 5576 desuetudinem
889 5527 1044 5586 abiit.

1037 5706 1268 5764 CANON
1309 5709 1398 5766 ΧΙ.

448 5801 466 5838 ι
513 5786 821 5860 Desponsas
842 5797 961 5853 aliis
990 5801 1218 5870 puellas,
1251 5814 1304 5861 ct
1328 5807 1394 5862 ab
1417 5807 1539 5866 aliis
1576 5825 1762 5884 postea
1795 5827 2001 5889 raptas,

2129 4639 2310 4707 γάμον
2347 4641 2630 4710 ἔρχεσθαι,
2666 4646 2760 4700 καὶ
2820 4649 3002 4717 μένειν
3034 4651 3129 4706 ἐπὶ
3186 4653 3285 4722 τῆς
3345 4658 3517 4727 αὐτῆς
3550 4656 3702 4718 αὖθις

2129 4729 2438 4798 ὑπηρεσίας
2473 4752 2532 4787 τε
2558 4738 2651 4789 καὶ
2685 4739 2878 4808 τιμῆς.
2933 4741 3037 4794 Τὸν
3066 4743 3122 4796 δὲ
3150 4747 3530 4816 σιωπήσαντα,
3607 4753 3700 4803 καὶ

2125 4821 2564 4894 καταδεξάμενον
2595 4831 2652 4881 ἔν
2683 4834 2746 4900 τῇ
2778 4835 3084 4906 χειροτονίᾳ
3109 4837 3323 4908 ἄγαμον
3377 4844 3581 4910 μένειν,
3605 4846 3698 4911 τῆς

2122 4909 2406 4978 διακονίας
2461 4919 2800 4985 πεπαῦσθαι,
2861 4923 3021 4995 εἴπερ
3076 4927 3222 4997 μετὰ
3295 4931 3454 4984 τοῦτο
3519 4935 3692 5003 γάμου

2123 5001 2273 5073 νόμῳ
2304 5011 2524 5073 γυναικὶ
2549 5013 2821 5085 συναφθῇ.
2875 5017 3020 5087 Πλὴν
3061 5019 3136 5086 τῷ
3206 5022 3440 5091 παρόντι
3508 5001 3692 5078 κανόνι

2121 5093 2420 5152 ἀντίκειται
2456 5103 2482 5154 ό
2507 5101 2665 5167 ἕκτος
2696 5106 2879 5160 κανὼν
2907 5111 3033 5177 -τῆς
3101 5111 3269 5181 ἕκτης
3316 5116 3560 5177 συνόδου,
3619 5118 3689 5186 μὴ

2121 5192 2473 5260 παραχωρῶν
2512 5193 2648 5258 ὅλως
2670 5198 2746 5265 τῷ
2804 5201 3124 5269 προελθόντι
3178 5205 3377 5275 ἀγάμῳ
3434 5210 3514 5270 εἰς
3557 5209 3688 5259 ὑπο-

2115 5278 2697 5354 διακόνουῆδιακόνου
2745 5290 2776 5360 ἦ
2856 5294 3233 5366 πρεσϐυτέρου
3288 5298 3499 5369 βαθμὸν
3554 5302 3686 5370 μετὰ

2115 5371 2216 5440 τὴν
2245 5377 2587 5441 χειροτονίαν
2617 5384 2858 5450 γαμικὸν
2903 5385 3083 5452 ἑαυτῴ
3139 5390 3394 5457 συνιστᾷν
3441 5392 3684 5444 συνοικέ-

2121 5475 2264 5525 σιον,
2295 5463 2431 5518 ἀλλὰ
2459 5467 2549 5519 τὸν
2571 5469 2730 5522 τοῦτο
2759 5471 3109 5541 τολμήσαντα
3150 5479 3372 5546 ποιῆσαι
3405 5479 3681 5535 διαταττό-

2114 5568 2275 5618 μενος
2310 5555 2711 5627 καθαιρεῖσθαι.
2759 5562 2869 5615 Καὶ
2919 5568 3117 5634 κρατεῖ
3165 5568 3192 5620 ό
3237 5569 3419 5625 κανὼν
3449 5573 3676 5638 ἐκεῖνος,

2109 5644 2204 5696 καὶ
2253 5641 2406 5709 οὗτος
2439 5649 2674 5720 ἤργησε.

2710 5742 2948 5796 ΚΑΝΩΝ
2983 5745 3084 5801 ΙΛ’.

2117 5843 2134 5876 ι
2174 5826 2280 5890 Τὰς
2308 5832 2737 5901 μνηστευθείσας
2774 5840 2965 5911 κόρας,
2992 5843 3087 5896 καὶ
3145 5844 3283 5915 μετᾶ
3327 5843 3507 5899 ταῦτα
3569 5844 3672 5900 ὑπὸ
