4076 6390
330 285 472 352 1153

403 420 424 454 ι
470 401 646 458 ἄλλων
701 400 1073 473 ἁρπαγείσαςν

395 512 416 546 ι
457 495 1100 568 προμνηστευσαμένοις,
1131 497 1182 550 εί
1243 498 1339 552 καὶ

403 608 422 641 ι
463 588 714 644 πάθοιεν.
768 609 790 646 ι

302 705 307 711 ·
403 682 598 737 ΒΛΛΣ.
633 685 771 754 Περὶ
803 684 910 738 τῶν
938 684 1298 756 ἁρπαζόντων
1325 685 1495 755 κόρας
1558 685 1915 756 οἱασδήτινας

325 775 612 831 τὰ.εἰκότα
635 777 902 848 διελήφοη
939 779 995 830 ἐν
1021 779 1099 848 τῷ
1133 776 1176 832 λ’
1238 796 1364 848 κεφ.
1400 779 1496 833 τοῦ
1532 777 1576 832 θ’
1620 779 1800 832 τίτλου
1818 780 1910 833 τοῦ

325 866 597 937 παρόντος
632 869 838 937 συντάγ
848 887 1041 939 ματος,
1087 872 1182 924 καὶ
1209 871 1487 939 ἀνάγνωθι
1510 871 1669 924 τοῦτο
1695 886 1707 900 ·
1731 871 1915 925 ὡσαύ-

324 975 430 1021 τως
455 958 729 1028 ἀνάγνωθι
757 962 853 1014 καὶ
880 962 973 1014 τὸν
1004 963 1087 1032 ιβ’
1113 964 1311 1016 κανόνα
1335 966 1432 1034 τῆς
1464 964 1522 1016 ἐν
1550 966 1628 1032 τῷ
1656 963 1914 1036 Τρούλλῳ

326 1051 564 1115 συνόδου,
657 1053 754 1106 καὶ
811 1053 902 1106 τὸν
933 1053 1018 1125 νη’
1041 1056 1161 1108 ὅλον
1222 1056 1401 1108 τίτλον
1444 1054 1539 1108 τοῦ
1593 1053 1634 1119 ξ’
1681 1055 1910 1126 βιϐλίου.

1420 499 1542 570 βίαν
1603 499 1697 552 ὑπ’
1732 499 1916 554 αὐτῶν

340 1143 584 1198 Ἀκούων
645 1145 702 1199 δὲ
764 1147 861 1200 τοῦ
899 1150 1126 1212 κανόνος
1150 1148 1408 1216 λέγοντος
1435 1149 1787 1203 ἀποδίδοσθαι
1813 1152 1914 1214 τὰς

325 1237 677 1308 ἁρπαγείσας
711 1238 824 1301 τοῖς
859 1242 1390 1312 μνηστευσαμένοις·
1428 1241 1502 1313 μὴ
1539 1243 1700 1315 εἴπῃς
1731 1244 1908 1311 ἀναγ.

321 1329 586 1393 κάξεσθαι
655 1331 882 1396 τούτους
910 1333 1116 1397 ταύτας
1160 1333 1367 1398 λαϐεῖν,
1407 1335 1543 1388 ἀλλά
1593 1335 1769 1388 θέλειν
1819 1336 1915 1388 καὶ¹

327 1415 512 1491 ζητεῖν
534 1421 734 1484 αὐτοὺς
767 1422 961 1486 αὐτάς.
986 1424 1166 1476 Τοῦτο
1192 1425 1303 1494 γὰρ
1337 1425 1432 1477 καὶ
1458 1425 1554 1477 ἐπὶ
1581 1425 1914 1494 μοιχαλὶδων

319 1515 596 1581 γυναικῶν
629 1518 847 1588 εἴρηται
872 1517 930 1569 ὲν
958 1517 1166 1587 βιϐλίου
1199 1524 1287 1588 κη’
1309 1517 1489 1572 τίτλου
1529 1516 1575 1582 ζ’
1607 1519 1805 1587 κεφαλ.
1841 1518 1912 1586 α’,

319 1605 458 1676 ὅπερ
493 1608 614 1661 ἐστὶ
646 1609 838 1680 Νεαρά
877 1609 1312 1674 Ἰουστινιάνειος
1353 1613 1473 1682 ρις’.
1526 1612 1590 1664 Εἰ
1643 1611 1700 1663 δὲ
1735 1611 1914 1674 Θέλεις

318 1702 496 1752 εἰπεῖν
526 1703 622 1756 καὶ
639 1703 872 1766 ἄκοντας
911 1702 1209 1773 λαμϐάνειν
1237 1704 1412 1767 αὐτὰς
1467 1705 1594 1767 τοὺς
1667 1704 1911 1773 μνηστῆ-

1482 296 1563 354 IN
1591 297 1756 358 CAN.
1801 297 1919 358 Xll
1948 297 2158 361 CONC.
2204 300 2470 364 ANCYR.

1152 400 1334 468 ἔδοξεν
1392 406 1742 460 ἀποδίδοσθαι
1804 407 1918 470 τοῖς
1951 417 1996 470 Α

3466 309 3605 378 1151

2106 428 2125 460 ι
2173 411 2398 479 placuit,
2455 413 2546 478 iis,
2601 414 2808 485 quibus
2845 416 3137 488 desponsae
3187 429 3367 490 erant,
3424 426 3601 496 reddi,

2094 517 2115 548 ε
2164 501 2326 554 etiam
2358 501 2406 557 si
2437 503 2540 556 tim
2571 519 2744 573 passa:
2767 507 2900 564 sint.
2942 525 2962 560 ι

2090 679 2286 736 BALS.
2320 683 2393 736 De
2416 682 2505 748 iis,
2541 686 2633 755 qui
2668 688 2936 756 quaslibet
2985 692 3196 761 puellas
3245 695 3489 765 rapiunt,
3539 712 3608 752 ea.

2015 787 2137 841 qum
2170 785 2298 828 sunt
2334 789 2706 833 consentanea
2741 786 2975 836 tractata
3009 795 3140 838 sunt
3179 785 3233 839 in
3263 803 3384 856 cap.
3413 789 3483 843 50
3515 797 3602 845 ttt.

2015 863 2049 918 9
2085 869 2374 932 praesentis
2411 870 2612 939 operis,
2665 882 2719 924 et
2757 873 2876 941 lege
2923 875 3102 942 ipsum
3171 876 3437 934 Similiter
3486 880 3606 951 lege

2014 968 2068 1013 et
2099 958 2170 1015 92
2221 975 2485 1016 canonem
2535 965 2727 1035 synodi
2763 967 2815 1019 itt
2852 965 3057 1031 Trullo,
3102 977 3158 1023 et
3209 969 3294 1024 tit.
3325 973 3393 1027 58
3427 979 3603 1028 totum

2017 1051 2111 1106 lib.
2138 1067 2227 1107 ις.
2261 1053 2395 1108 Cum
2420 1068 2602 1110 autem
2621 1058 2779 1113 audis
2802 1073 3069 1114 eanonem
3090 1061 3384 1127 dicentem,
3417 1074 3605 1134 raptas

2017 1139 2323 1196 reddendas
2353 1143 2420 1198 iis
2453 1145 2657 1212 quibus
2688 1148 2981 1216 desponsae
3033 1148 3287 1215 fuerant,
3326 1167 3394 1206 ne
3447 1153 3604 1205 dicas

2017 1247 2114 1286 eos
2144 1233 2262 1303 cogi
2314 1234 2438 1290 illas
2473 1239 2763 1308 accipere,
2831 1239 2928 1294 sed
2987 1240 3141 1308 ipsos
3201 1258 3422 1312 quoque
3467 1247 3606 1299 velle

2015 1337 2108 1378 eas
2139 1340 2410 1394 quaerere.
2442 1327 2555 1383 Hoc
2579 1332 2724 1384 enim
2759 1333 2923 1386 etiam
2969 1333 3026 1387 in
3079 1333 3404 1389 mulieribus
3450 1337 3606 1390 adnlo

2017 1417 2148 1470 teris
2196 1419 2400 1474 dictum
2458 1430 2564 1485 est,
2626 1422 2679 1475 in
2739 1422 2831 1476 lib.
2886 1437 3078 1491 xxvnt,
3138 1426 3224 1481 tit.
3285 1427 3339 1491 7,
3376 1443 3497 1495 cap.
3550 1428 3605 1492 l,

2017 1509 2164 1578 quod
2196 1511 2419 1580 quidem
2447 1524 2532 1568 est
2560 1511 2852 1568 Justiniani
2881 1513 3106 1571 Novella
3138 1518 3260 1570 H7.
3291 1517 3384 1571 Sin
3421 1529 3604 1574 autem

2018 1602 2152 1656 velis
2207 1603 2416 1672 dicere,
2474 1621 2570 1661 eas
2626 1621 2862 1676 sponsos
2909 1611 2993 1663 vel
3047 1608 3252 1666 invitos
3312 1612 3602 1680 accipere;

2018 1710 2286 1752 canonem
2327 1699 2696 1769 interpretare
2725 1702 3118 1757 convenienter
3143 1705 3394 1772 epistolae
3427 1707 3606 1759 sancti

322 1809 444 1862 ρας,
467 1795 813 1864 έρμήνευσον
838 1795 932 1848 τὸν
977 1766 1185 1850 κανόνα
1260 1766 1404 1849 κατά
1448 1797 1550 1868 τὴν
1577 1766 1581 1767 ν
1613 1766 1910 1866 ἐπιστολην

2018 1787 2268 1858 Gregorii
2301 1766 2732 1863 Tltaumaturgi;
2771 1808 2936 1861 quam
2985 1793 3149 1848 etiam
3178 1766 3302 1864 lege
3343 1797 3398 1860 in
3449 1797 3570 1865 prin

318 1883 414 1938 τοῦ
432 1885 590 1954 ἁγίου
648 1886 961 1959 Γρηγορίου
1010 1888 1105 1941 τοῦ
1161 1886 1637 1957 Θαυματουργοῦ·
1703 1888 1769 1958 ἣν
1814 1887 1912 1940 καὶ.

318 1978 595 2047 ἀνάγνωθι
615 1981 746 2050 περὶ
765 1981 864 2044 τὰς
889 1983 1089 2051 ἀρχάς·
1119 1983 1258 2050 πρὸς
1290 1981 1347 2035 δὲ
1377 1982 1474 2035 καὶ
1543 1981 1613 2034 τά
1663 1983 1745 2044 εἰς
1814 1982 1910 2049 ἑρ-

321 2073 556 2142 μηνείαν
587 2073 689 2142 τῆς
722 2074 896 2144 αὐτῆς
931 2075 1228 2144 ἐπιστολῆς
1273 2075 1582 2144 γραφέντα,
1630 2073 1767 2128 ἀλλὰ
1815 2076 1913 2129 καὶ

318 2167 410 2218 τὸν
440 2163 523 2236 κβ⁹
552 2167 754 2220 κανόνα
783 2166 879 2220 τοῦ
937 2167 1096 2238 ἁγίου
1154 2167 1440 2220 Βασιλείου
1494 2165 1669 2230 οὕτως
1733 2167 1914 2238 ἑρμίρ

319 2275 526 2314 νευσον.

391 2350 637 2405 ΖΩΝΔΡ.
706 2351 816 2405 Καὶ
868 2353 896 2405 ό
959 2352 1135 2420 μέγας
1194 2351 1480 2414 Βασίλειος
1543 2353 1599 2404 ὲν
1675 2352 1912 2424 εἰκοστῷ

317 2444 559 2516 δευτέρῳ
605 2446 795 2498 κανόνι
847 2444 1014 2499 αὑτοῦ
1063 2445 1154 2498 τὸν
1179 2445 1238 2509 ἐξ
1266 2447 1530 2516 ἁρπαγῆς
1578 2447 1774 2517 ἔχοντα
1811 2465 1910 2516 γυ-

322 2540 486 2590 ναῖκα
522 2538 596 2608 μὴ
646 2538 918 2608 πρότερον
969 2538 1384 2608 παραδέχεσθαι
1473 2540 1553 2601 εἰς
1615 2541 1912 2608 μετάνοιαν

325 2629 600 2698 βούλεται,
632 2634 680 2683 εἰ
710 2630 786 2701 μὴ
817 2633 1094 2702 ἀφαιρεθῇ
1131 2633 1189 2695 ἐξ
1239 2631 1407 2684 αὑτοῦ
1473 2635 1504 2702 ἡ
1569 2633 1909 2701 ἁρπαγεῖσα,

320 2725 416 2777 καὶ
449 2723 528 2794 τῷ
560 2727 1031 2796 μνηστευσαμένῳ
1060 2726 1234 2796 αὐτὴν
1265 2725 1420 2793 δοθῇ,
1475 2729 1526 2778 εί
1586 2727 1725 2788 τέως
1789 2727 1915 2797 βού-

321 2816 470 2870 λοιτο
509 2819 698 2872 λαϐεῖν
735 2820 930 2889 αὑτήν.
987 2817 1146 2872 Οὕτω
1216 2818 1307 2870 καὶ
1338 2817 1429 2870 τὸν
1473 2818 1674 2871 κανόνα
1720 2819 1910 2873 τοῦτον

269 2925 280 2931 ⁵
317 2914 540 2982 νοητέον
565 2913 748 2980 λέγειν
817 2913 878 2966 τὸ
944 2909 1298 2965 ἀποδίδοσθαι
1375 2911 1474 2973 τὰς
1565 2913 1910 2979 ἁρπαγείσας

317 3006 429 3070 τοῖς
515 3005 1024 3075 μνηστευσαμένοις
1091 3003 1283 3066 αὑτὰς,
1342 3004 1392 3054 εἰ
1438 3002 1678 3072 αἱροῖντο
1715 3004 1908 3074 δηλον-

313 3097 397 3149 ότι
440 3096 626 3151 λαϐεῖν
678 3086 870 3159 αὐτάς,
906 3097 1167 3159 Ἀκοντες
1217 3093 1328 3164 γὰρ
1386 3091 1486 3150 οὐκ
1552 3095 1908 3167 ἀναγκασθή-
1937 3121 1978 3175 ρ

316 3207 521 3255 σονται,

311 3283 535 3341 ΑΡΙΣΤ.
581 3303 599 3335 ι
646 3282 710 3336 ΕΞ
750 3281 1098 3353 ὲμνηστεύθη
1131 3282 1290 3355 κόρη,
1323 3283 1549 3353 ἡρπάγη
1583 3281 1637 3336 δὲ
1659 3280 1789 3351 παρ’
1816 3281 1910 3336 ἆλ-

395 3395 414 3428 ι
454 3377 576 3440 λου,
613 3376 692 3443 τῷ
728 3377 983 3446 προτέρῳ
1016 3375 1480 3434 ἀποκαθίσταται.
1532 3394 1550 3428 ›

395 3469 454 3522 Ὁ
487 3469 588 3538 μὲν
625 3467 811 3524 κανὼν
883 3462 1040 3531 οὗτος
1121 3467 1222 3536 τὴν
1305 3468 1742 3538 μνηστευθεῖσάν
1801 3483 1911 3523 τινι

313 3563 507 3632 κόρην,
552 3563 646 3618 καὶ
696 3561 836 3632 μετὰ
887 3560 1061 3614 ταῦτα
1139 3561 1230 3629 ὑφ’
1269 3561 1464 3632 ἑτέρου
1538 3561 1908 3630 ἁρπαγεῖσαν,

318 3654 655 3726 προστάττει
679 3652 1164 3707 ἀποκαθίστασθαι
1191 3653 1270 3722 τῷ
1303 3655 1560 3724 προτέρῳ
1609 3655 1909 3725 μνηστῆρι,

312 3748 418 3804 κάν
453 3747 558 3802 ὑπὸ
596 3747 692 3802 τοῦ
732 3745 1083 3814 ἁρπάσαντος
1104 3745 1330 3815 αὐτὴνὴ
1362 3745 1635 3812 παρθένος
1666 3747 1907 3816 ἐφθάρη,

325 3842 383 3894 '0
416 3841 472 3893 δὲ
498 3839 871 3910 πεντηκοστὸς
906 3838 1092 3906 ὄγδοος
1120 3837 1300 3899 τίτλος
1360 3838 1455 3890 τοῦ
1488 3839 1528 3902 ξ’
1561 3837 1770 3906 βιϐλίου
1804 3839 1910 3889 Βα-

313 3931 538 3989 σιλικῶν
573 3931 838 4002 μεγάλαις
878 3931 1092 3992 ποιναῖς
1147 3927 1444 3982 ὑποϐάλλει
1500 3931 1591 3982 τὸν
1629 3930 1904 3998 ἁρπαγὴν

313 4026 695 4098 ποιησάμενον
727 4023 1014 4092 γυναικὸς,
1069 4021 1166 4076 καὶ
1211 4020 1304 4074 τὸν
1359 4020 1708 4091 βοηθήσαντα
1760 4022 1906 4092 αὐτῷ

311 4120 369 4176 ὲν
407 4122 474 4189 τῇ
499 4119 755 4192 ἁρπαγῇ,
813 4116 907 4168 καὶ
971 4114 1099 4176 τοὺς
1145 4112 1344 4175 ἄλλους
1403 4114 1531 4176 τοὺς
1582 4114 1907 4183 οἱανδήποτε

316 4211 558 4281 σπουδὴν
587 4211 768 4276 τούτῳ
808 4206 1245 4275 εἰσενεγκόντας.
1285 4205 1392 4264 Καὶ
1447 4206 1571 4259 οὐδὲ
1603 4210 1902 4278 συγχωρεῖ,

309 4305 415 4359 κᾶν
465 4303 839 4375 ήὰρπαγεῖσα
896 4299 1028 4373 θέλῃ
1097 4291 1259 4368 γυνὴ,
1308 4298 1412 4352 κᾶν
1470 4297 1520 4354 oi
1573 4302 1752 4367 γονεῖς
1807 4302 1906 4354 αὖ-

306 4397 430 4466 τῆς,
473 4395 551 4461 τῷ
594 4394 904 4464 ἁρπάσαντι
964 4390 1304 4460 συναφθῆναι
1354 4389 1488 4459 πρὸς
1523 4391 1721 4460 γάμον.
1741 4391 1904 4445 Ἀλλά

309 4492 402 4546 καὶ
450 4489 498 4540 εἰ
544 4485 953 4540 συναινέσουσιν
1017 4485 1064 4536 oi
1127 4484 1307 4554 γονεῖς
1355 4482 1432 4552 τῷ
1457 4481 1685 4552 τοιούτῳ
1711 4499 1891 4540 συνοι-
1931 4471 1973 4526 Ῑ)

309 4582 500 4652 κεσίῳ,
524 4579 953 4652 περιορίζονται.

934 4669 1172 4724 ΚΛΝΩΝ
1211 4666 1313 4723 ]Β’.

313 4783 332 4818 ι
379 4765 517 4828 Τοὺς
557 4763 664 4834 πρὸ
695 4761 790 4815 τοῦ
833 4761 1212 4831 βαπτίσματος
1245 4758 1602 4829 τεθνηκότας,
1624 4760 1717 4812 καὶ
1766 4762 1902 4830 μετά

381 4875 405 4910 ι
449 4855 622 4909 ταῦτα
664 4851 1094 4922 βαπτισθέντας,
1133 4849 1312 4915 ἔδοξεν
1355 4851 1434 4908 εἰς
1474 4845 1628 4912 τάξιν
1664 4849 1902 4919 προάγε-

382 4965 400 4998 ι
450 4947 596 5011 σθαι,
625 4945 700 5009 ὡς
731 4941 1231 5010 ἀπολουσαμένους.
1281 4959 1300 4991 ι

379 5041 575 5094 ΒΔΛΣ.
619 5040 774 5101 Τινὲς
816 5040 1037 5094 ἄπιστοι
1079 5035 1139 5087 τὸ
1182 5034 1281 5104 μὲν
1321 5035 1588 5104 κήρυγμα
1627 5031 1891 5101 ἐδέχοντο,

306 5137 399 5189 καὶ
430 5135 716 5188 ἐπίστευον
748 5132 825 5202 τῷ
860 5128 1081 5202 Χριστῷ
1105 5144 1120 5160 ο
1156 5127 1515 5198 βαπτίζεσθαι
1549 5125 1605 5178 δὲ
1641 5126 1899 5194 ὑπερετί-

304 5228 481 5283 θεντο.
512 5230 664 5283 Ἐπεὶ
680 5224 772 5283 οὖν
788 5221 934 5280 οὗτοι
955 5226 1094 5282 κατᾶ
1113 5225 1238 5284 τοὺς
1257 5221 1478 5284 λοιποὺς
1492 5221 1760 5281 ἀπίστους
1784 5217 1895 5289 (77)

307 5318 571 5382 θύσαντες
606 5319 820 5389 ἠξίουν,
858 5317 995 5387 μετὰ
1027 5319 1088 5368 τὸ
1124 5313 1526 5385 βαπτισθῆναι,
1561 5309 1892 5383 ἱερωθῆναι,

305 5414 399 5468 καὶ
434 5413 494 5466 οὐ
533 5411 986 5482 παρεχοιροῦντο,
1027 5409 1101 5471 ὣς
1134 5424 1296 5460 τινων
1332 5407 1597 5473 λεγόντων
1635 5401 1708 5470 μὴ
1743 5399 1895 5468 ὀφείο

2013 1879 2159 1948 eipio
2206 1899 2219 1937 :
2259 1879 2499 1957 itemque
2549 1900 2632 1957 ea,
2690 1901 2812 1961 quae
2857 1886 2925 1941 ad
2983 1888 3387 1958 expositionem
3444 1889 3608 1958 istius

2014 1974 2263 2042 epistolae
2288 1981 2490 2050 scripta
2517 1993 2668 2050 sunt,
2702 1987 2796 2040 sed
2843 1994 2896 2041 et
2925 1987 3252 2044 vicesimum
3298 1994 3602 2046 secundum

2017 2082 2283 2126 canonem
2316 2075 2490 2128 sancti
2519 2075 2705 2130 Basilii
2733 2079 2811 2134 sic
2838 2094 3073 2150 expone.

2096 2341 2350 2399 ZONAR.
2382 2351 2610 2416 Magnus
2657 2363 2878 2418 quoque
2920 2349 3158 2407 Basilius
3209 2367 3424 2410 canone
3465 2357 3608 2413 vice-

2019 2436 2161 2490 simo
2213 2439 2478 2503 secundo,
2529 2441 2621 2509 qui
2668 2444 2953 2497 mulierem
3007 2456 3222 2516 raptam
3276 2448 3460 2513 habet,
3494 2468 3605 2506 non

2019 2529 2172 2598 prius
2198 2529 2266 2582 ad
2299 2532 2678 2598 paenitentiam
2725 2534 2941 2588 admitti
2993 2537 3144 2602 sinit,
3187 2555 3353 2608 quam
3409 2543 3608 2597 mulier

2019 2621 2088 2674 ab
2121 2636 2187 2676 eo
2215 2623 2446 2676 abducta
2479 2626 2649 2692 priori
2679 2642 2906 2695 sponso,
2940 2629 2984 2684 si
3018 2639 3201 2686 tamen
3235 2647 3353 2686 eam
3403 2635 3606 2691 ducere

2017 2711 2201 2768 adhuc
2238 2713 2330 2768 ille
2366 2715 2420 2768 in
2457 2716 2646 2771 animo
2678 2704 2894 2783 habeat,
2953 2723 3208 2777 restituta
3255 2728 3345 2779 sit.
3403 2726 3604 2780 Eodem

2018 2803 2181 2859 modo
2213 2804 2302 2859 bic
2339 2806 2505 2861 etiam
2547 2823 2724 2864 canon
2759 2812 3185 2885 intelligendus;
3224 2825 3410 2884 raptas
3452 2821 3608 2871 vide-

2017 2895 2144 2950 licet
2176 2899 2438 2955 mulieres
2477 2902 2566 2966 iis,
2595 2903 2796 2970 quibus
2842 2915 2970 2960 ante
3019 2907 3314 2974 deSponsae
3363 2910 3604 2977 fuerant,

2017 2987 2060 3042 si
2093 2991 2354 3061 nimirum
2382 2992 2459 3050 illi
2485 2993 2689 3050 ducere
2714 2997 2904 3063 velint,
2934 3013 3057 3053 esse
3088 3000 3416 3058 reddendas.
3441 3003 3604 3059 lnviti

2017 3081 2164 3135 enim
2204 3099 2312 3138 non
2344 3097 2635 3157 cogentur,

2014 3257 2248 3319 ARIST.
2292 3279 2310 3312 ι
2347 3260 2402 3316 Si
2439 3263 2774 3335 desponsata
2831 3269 2904 3330 sit
2957 3271 3163 3342 puella,
3211 3273 3280 3329 ab
3327 3275 3436 3330 alio
3468 3291 3602 3334 vero

2271 3373 2289 3406 ι
2330 3367 2484 3426 rapta
2521 3360 2707 3428 fuerit,
2744 3363 2912 3430 priori
2947 3365 3278 3430 restituitur.
3325 3387 3344 3422 ι

2087 3448 2187 3504 Hic
2215 3449 2437 3519 quidem
2477 3467 2653 3506 canon
2697 3453 3026 3524 desponsam
3081 3459 3321 3529 cuipiam
3361 3463 3600 3534 puellam

2013 3550 2068 3598 et
2115 3554 2308 3614 postea
2347 3547 2416 3600 ab
2457 3544 2565 3602 alio
2615 3556 2850 3614 raptam,
2905 3549 3073 3617 priori
3117 3567 3321 3619 Sponso
3384 3557 3600 3610 restitui

2009 3636 2189 3706 jubet,
2219 3637 2436 3691 etiamsi
2467 3638 2536 3691 ab
2572 3653 2638 3692 eo
2684 3640 2777 3708 qui
2830 3640 3002 3708 ipsam
3045 3644 3244 3711 rapuit,
3277 3646 3428 3714 virgo
3478 3663 3604 3700 cor--

2015 3737 2171 3801 rupta
2200 3729 2292 3784 sit.
2329 3729 2400 3784 At
2445 3729 2941 3800 quinquagesimus
2987 3743 3218 3792 octavus
3264 3737 3346 3791 tit.
3385 3738 3478 3792 lib.
3535 3755 3601 3794 ως

2011 3819 2236 3876 Basilio.
2272 3809 2482 3892 magnis
2517 3823 2699 3890 ptenis
2727 3838 2850 3878 eum
2889 3825 3136 3895 subjicit,
3166 3827 3259 3897 qui
3311 3828 3598 3886 mulierem

2012 3916 2219 3984 rapuit,
2251 3930 2484 3984 eumque
2525 3915 2618 3984 qui
2652 3917 2810 3986 opem
2838 3917 2925 3972 isti
2956 3920 3010 3972 in
3034 3929 3192 3989 raptu
3219 3921 3364 3988 tulit,
3395 3936 3602 3992 eosque

2009 4007 2103 4076 qui
2166 4006 2504 4076 diligentiam
2556 3999 2949 4080 quamcunque
2993 4012 3041 4065 ei
3099 4014 3476 4070 contulerunt.
3535 4014 3601 4076 Et

2012 4114 2116 4151 non
2145 4100 2435 4167 permittit,
2459 4103 2715 4169 quamvis
2733 4104 2850 4168 ipsa
2875 4103 3072 4164 mulier
3090 4113 3238 4174 rapta
3265 4113 3319 4161 ει
3345 4107 3601 4176 quamvis

2010 4190 2184 4259 ipsius
2238 4201 2494 4259 parentes
2546 4191 2847 4256 voluerint,
2900 4191 3017 4258 isti,
3059 4193 3151 4263 qui
3215 4207 3333 4246 eam
3395 4193 3596 4261 rapuit,

2012 4285 2363 4338 nmtrimonio
2409 4285 2692 4355 conjungi.
2732 4287 2838 4339 Sed
2905 4295 2960 4341 et
3014 4286 3058 4340 si
3098 4295 3356 4355 parentes
3410 4286 3600 4342 istius—

2012 4377 2156 4430 modi
2207 4377 2586 4435 assentiantur
2617 4379 2898 4451 conjngio,
2946 4381 3412 4443 extertninantur,

2491 4649 2654 4722 385
2702 4649 2931 4704 C.\t\'ON
2986 4650 3105 4713 ΧΗ.

2015 4765 2032 4797 ι
2072 4745 2182 4800 Eos
2218 4744 2311 4810 qui
2343 4750 2472 4798 ante
2517 4743 2846 4812 baptismum
2880 4744 3287 4806 sacriﬁcarunt,
3321 4754 3374 4802 et
3402 4755 3593 4816 postca

2083 4854 2100 4887 ς
2141 4834 2394 4902 baptizati
2431 4844 2594 4895 sunt,
2634 4833 2806 4888 visum
2857 4845 2938 4887 est
2985 4835 3050 4888 ad
3097 4836 3344 4895 ordinem
3379 4852 3597 4906 pl‘OtLO—

2079 4946 2102 4980 ι
2143 4927 2278 4991 veri,
2303 4937 2361 4982 ut
2395 4926 2487 4996 qui
2520 4926 2686 4980 abluti
2714 4935 2863 4982 sunt.
2907 4947 2927 4980 ›

2077 5019 2274 5075 BALS.
2336 5018 2595 5080 lulideles
2647 5019 2816 5090 aliqui
2876 5020 3321 5092 praedicationem
3371 5020 3592 5091 quidem

2005 5120 2389 5183 susceperunt,
2419 5125 2472 5166 et
2498 5111 2721 5167 Christo
2751 5113 3036 5172 credebant
3060 5155 3075 5178 ,
3108 5113 3372 5182 baptizari
3411 5125 3590 5168 autem

2003 5207 2348 5262 dilicrebant.
2398 5202 2670 5271 Quoniam
2710 5220 2840 5276 ergo
2890 5205 2948 5267 ii,
2988 5214 3046 5259 ut
3096 5206 3289 5276 reliqui
3325 5206 3592 5272 inﬁdeles,

2005 5300 2398 5363 sacrificantes,
2433 5299 2524 5368 ubi
2559 5298 2816 5369 baptizati
2847 5298 3085 5364 fuerant,
3129 5299 3383 5356 volebant
3421 5301 3592 5372 sacris
3650 5307 3663 5313 '
3739 5289 3742 5294 ’

2005 5393 2228 5459 initiari,
2265 5405 2316 5450 et
2357 5401 2468 5448 tion
2516 5394 2860 5461 ainebantur,
2889 5409 2955 5450 eo
2983 5398 3126 5466 quod
3162 5395 3413 5450 nonnulli
3448 5392 3595 5448 dice-

1545 5515 1736 5576 Guill.
1778 5511 2100 5590 Beveregii
2137 5516 2325 5571 nota}.

379 5628 491 5699 (77)
535 5625 696 5700 Ἐπεὶ
729 5622 844 5700 οὖν
873 5619 1037 5679 οὗτοι
1063 5622 1214 5700 agar-ri
1234 5617 1386 5700 ,τοὺς
1414 5617 1688 5700 Δλοιπε-οὺς
1718 5687 1729 5699 .
1749 5616 1887 5675 ἀπί-

304 5685 520 5764 σίουξ.
557 5698 628 5750 Ita
660 5696 880 5764 quidem
908 5709 1033 5746 cum
1062 5691 1359 5764 Bodleiano
1402 5685 1880 5764 Amerbacltiantts

305 5757 528 5841 quoque
551 5757 723 5824 codc'x
766 5763 1040 5836 legit;sed
1072 5765 1124 5815 in
1169 5760 1462 5814 Parisiensi
1533 5757 1874 5814 Balsatnonis

1997 5613 2238 5668 editione
2266 5625 2364 5678 pro
2391 5609 2513 5664 istis
2553 5610 2738 5667 vetitis
2773 5608 2981 5679 legitur
3019 5616 3256 5678 tantum,
3290 5609 3416 5670 ιπεὶ
3436 5603 3584 5671 οὗτοι

1995 5683 2138 5741 κατὰ
2170 5682 2298 5746 τοὺς
2324 5680 2570 5762 λοιπούς.
