4076 6388
534 300 670 371 1155

1798 285 2074 347 ΤΠΕΟῙ).
2107 286 2197 345 BA
2207 285 2510 348 LSAMON

3657 290 3779 357 1156

518 429 667 479 rent,
704 426 800 467 eos
839 423 949 463 non
980 419 1101 461 esse
1135 402 1201 458 ad
1236 400 1437 472 gradus
1473 398 1875 455 ecclesiasticos
1915 412 2103 466 prove-

2210 395 2323 449 λειν
2356 396 2583 458 τούτους
2619 395 2701 459 είς
2743 394 2986 467 βαθμοὺς
3027 386 3513 468 ἐκκλησιαστικοὺς
3554 414 3779 472 προανα.

520 505 752 566 bendos,
799 516 863 553 ex
912 493 1184 566 praedictis
1230 490 1533 547 canonibus
1575 503 1671 544 eos
1721 487 2099 557 puuicntibus'

521 598 613 665 qui
646 594 805 650 idolis
831 588 1207 645 sacrilicarunt
1238 598 1254 636 :
1289 589 1599 637 statuerunt
1628 578 1839 640 Patres,
1874 586 1934 630 ttt
1968 578 2002 631 ii
2036 577 2101 631 ad

522 683 888 744 sacerdotium
923 681 1384 751 proveherentur.
1424 683 1483 726 ut
1513 672 1606 740 qui
1634 686 1730 740 per
1755 684 1971 725 sacrum
2004 669 2105 722 ba-

521 782 782 851 ptismum
819 772 989 828 abluti
1024 781 1078 824 et
1107 769 1253 823 omni
1290 765 1495 836 peccati
1530 766 1694 819 sorde
1728 762 1972 815 mundati
2016 775 2106 814 es-

522 878 664 924 scut.
700 864 1119 935 luterrogaverit
1155 868 1334 913 autem
1368 856 1665 925 quispiam,
1699 852 2002 925 Quamnam
2034 851 2105 903 ob

522 977 739 1018 causam
778 962 877 1015 hos
906 958 1150 1028 quidem,
1179 953 1271 1023 qui
1302 966 1398 1006 sua
1424 957 1620 1019 sponte
1641 955 1695 1002 et
1721 961 1829 1000 non
1854 944 1905 998 vi
1929 946 2103 999 sacri.

524 1055 781 1115 ﬁcarunt,
826 1050 1152 1117 suscipimus
1185 1056 1241 1099 et
1278 1041 1638 1112 baptizamus.
1675 1047 1729 1093 et
1772 1037 1919 1092 clero
1951 1035 2104 1087 ordi-

521 1161 760 1211 namus;
811 1141 1157 1196 Christiauos
1209 1148 1413 1197 autem,
1467 1132 1556 1202 qui
1601 1132 1651 1185 vi
1704 1130 2101 1190 saeriﬁcaruut,

522 1253 631 1291 non
663 1236 837 1291 solum
869 1230 1175 1288 sacerdotio
1209 1229 1399 1298 dignos
1428 1239 1536 1279 non
1574 1224 1975 1279 existimamus.
2007 1217 2102 1272 sed

523 1328 702 1397 prunis
732 1329 894 1381 etiam
932 1322 1277 1391 subjicimus,
1321 1332 1379 1372 ut
1415 1319 1566 1386 prius
1598 1316 1803 1368 dictum
1834 1311 1964 1366 est?
2006 1309 2107 1363 So-

521 1420 677 1473 tuu'o.
716 1418 797 1472 llli
830 1417 1071 1486 quidem,
1098 1429 1220 1467 cum
1248 1412 1355 1465 sint
1379 1407 1699 1468 Christiani,
1727 1405 1833 1457 vim
1858 1413 2103 1457 tormen.

524 1523 704 1567 torum
764 1525 870 1565 non
936 1506 1305 1575 perferentes,
1363 1503 1456 1557 sed
1512 1499 1873 1560 iuuuolautes,
1936 1495 2103 1548 Deum

521 1602 882 1670 abnegarunt,
914 1608 987 1661 et,
1020 1607 1076 1651 ut
1119 1595 1207 1663 qui
1256 1592 1577 1662 gravissime
1614 1588 1995 1657 deliquissent.
2038 1585 2105 1637 ad

521 1691 883 1747 sacerdotium
920 1705 1025 1742 non
1074 1687 1454 1747 admittuntur,
1503 1682 1597 1737 sed
1652 1688 1955 1750 pumuutur
1997 1693 2012 1730 :
2048 1678 2101 1730 hi

521 1796 726 1847 autem,
776 1782 1021 1843 inﬁdeles
1072 1794 1194 1834 cum
1225 1785 1412 1833 essent
1453 1789 1482 1828 a
1528 1772 1836 1833 nativitate,
1869 1776 1925 1824 ct
1973 1776 2101 1822 ante

520 1877 764 1931 divinum
801 1874 1128 1944 baptismum
1165 1869 1567 1931 sacriﬁcarunt,
1599 1865 1769 1919 Deum
1798 1876 1906 1918 non
1941 1874 2104 1929 nega.

519 1975 739 2023 verunt.
791 1964 1078 2029 Quomodo
1131 1961 1277 2015 enim
1313 1963 1606 2026 negassent
1645 1967 1807 2023 quem
1859 1950 2103 2011 nondum

520 2067 900 2125 susceperant,
951 2056 1095 2124 quod
1139 2050 1395 2122 baptizati
1449 2064 1554 2102 non
1608 2044 1833 2102 essent?
1885 2054 1941 2099 et
1983 2043 2103 2097 ideo

518 2163 630 2205 non
655 2154 973 2216 peccat-unt,
994 2159 1106 2197 sua:
1131 2139 1536 2211 superstitionis
1563 2138 1689 2192 ritui
1714 2136 2105 2190 convenienter

520 2237 821 2301 facientes;
877 2233 1106 2305 proinde
1142 2233 1207 2286 ad
1237 2230 1535 2285 Ecclesiam
1571 2228 1891 2282 accedentes
1921 2225 2102 2280 susci-

523 2333 769 2404 piuntur,
801 2343 860 2384 ut
886 2329 1171 2395 inﬁdeles;
1199 2338 1254 2382 et
1279 2325 1540 2396 quoniam
1573 2323 1609 2377 ii
1650 2322 1906 2392 baptizati
1937 2321 2100 2373 etiam

521 2421 833 2477 sacerdotio
881 2419 1030 2489 digni
1076 2420 1378 2479 habentur,
1411 2432 1536 2470 cum
1568 2412 1860 2483 episcopali
1893 2411 2104 2466 exami-v

520 2521 761 2577 tntione,
802 2529 905 2569 nec
944 2512 1048 2583 ipsi
1096 2511 1160 2566 ad
1191 2524 1347 2568 sacra
1382 2509 1593 2565 admitti
1627 2506 2062 2577 prohibebantur
2084 2544 2100 2570 ,

520 2606 614 2661 sed
647 2605 701 2658 itt
739 2604 807 2658 iis
841 2605 963 2658 ﬁent
995 2604 1180 2657 omnia
1226 2618 1347 2671 qua:
1398 2616 1427 2653 a
1458 2601 1663 2654 sanctis
1692 2596 1944 2651 Patribus
1972 2610 2105 2649 con-

521 2700 710 2752 stituta
744 2708 871 2752 sunt
903 2697 969 2751 de
1002 2695 1311 2752 inﬁdelibus
1344 2690 1655 2762 baptizatis,
1696 2697 1751 2744 et
1794 2689 2101 2743 volentibus

521 2789 588 2843 ad
628 2803 817 2845 sacros
845 2787 1066 2842 ordines
1100 2783 1430 2855 promoveri.

1044 2900 1164 2953 Atia
1194 2895 1581 2965 interpretatio.

591 3017 849 3075 Praesenti
880 3028 1083 3069 canone
1108 3027 1239 3067 usus
1266 3010 1355 3065 illc
1381 3009 1761 3068 sanctissimus
1790 3007 2099 3079 patriarcha

521 3107 775 3165 dominus
820 3105 1163 3173 Polyeuctus,
1216 3101 1447 3170 primum
1489 3101 1707 3170 quidem
1750 3113 1814 3152 ex
1864 3081 2171 3153 sanctis-c-

522 3199 673 3252 simae
712 3196 804 3250 Dei
844 3194 1050 3264 Magna:
1075 3192 1319 3247 ecclesiae
1353 3192 1527 3247 sacris
1586 3190 1885 3245 ambitibus
1929 3193 2104 3260 impe-

522 3300 758 3347 ratorem
811 3288 1093 3339 dominum
1144 3282 1411 3339 Joannem
1463 3282 1785 3336 Tzimiscem
1856 3281 2101 3348 expulit,

526 3391 578 3437 ut
611 3378 1103 3448 quiimperatorem
1126 3372 1491 3443 Nicephorum
1513 3372 1749 3426 Phocam
1782 3367 2099 3436 interfecit;

522 3476 713 3540 postea
754 3476 935 3520 autem
979 3464 1239 3534 suscepit.
1273 3463 1414 3517 Dixit
1444 3463 1586 3517 enim
1619 3478 1743 3518 cum
1778 3469 1971 3517 sancta
2008 3478 2102 3530 sy-

522 3560 686 3624 nodo,
716 3558 771 3613 in
799 3557 1151 3627 synodalibus
1183 3556 1321 3610 actis
1344 3571 1462 3625 quae
1489 3565 1618 3610 tunc
1650 3554 1832 3609 habita
1863 3553 2103 3620 fuerunt,

523 3665 645 3717 (tua:
680 3648 734 3701 in
767 3644 1219 3716 chartophylacio
1254 3652 1622 3715 reponuntur.
1658 3645 1806 3715 quod
1842 3643 2101 3713 quoniam

524 3740 700 3795 sancti
746 3739 1090 3810 baptismatis
1124 3740 1310 3792 unctio
1350 3738 1554 3802 omnia,
1603 3753 1724 3807 qua:
1767 3748 1894 3793 ante
1929 3737 2105 3808 bapti-

520 3843 701 3886 smum
720 3831 961 3892 fuerunt,
988 3830 1167 3900 qualia
1187 3838 1241 3885 et
1258 3839 1681 3899 quantacunque
1702 3840 1849 3891 sunt,
1881 3837 2103 3898 peccata

524 3925 707 3989 delet,
756 3923 982 3978 oumiuo
1012 3923 1357 3992 imperatoris
1393 3937 1612 3992 quoque
1654 3922 1842 3976 unctio
1872 3920 2099 3983 cmdcm,

524 4031 645 4086 quae
688 4026 815 4070 ante
855 4031 974 4070 eam
1026 4031 1056 4068 a
1102 4015 1377 4071 Tzimisce
1416 4014 1567 4068 facta
1612 4022 1718 4075 est.
1777 4014 1997 4068 delevit.
2041 4017 2099 4068 Ei

524 4123 655 4179 ergo
690 4109 889 4163 actioni
931 4117 1351 4178 consequenter,
1404 4110 1721 4179 quicunque
1765 4116 1894 4162 sunt
1940 4106 2102 4176 p-mlo

525 4199 1018 4266 misericordimes,
1038 4209 1093 4256 et
1110 4199 1204 4255 Dei
1230 4199 1666 4255 misericordiam
1694 4208 1820 4258 ante
1837 4196 2100 4264 judicium

527 4292 859 4363 corripiunt,
908 4307 1004 4361 per
1038 4292 1404 4361 episcopalem
1450 4292 1766 4345 unctionem
1814 4305 1934 4358 qua:
1977 4298 2102 4342 ante

2209 488 2531 551 σιόἀζεσθαι
2573 489 2710 542 κατά
2748 487 2876 551 τοὺς
2917 488 3331 559 προρρηθέντας
3368 491 3626 559 κανόνας,
3660 494 3777 557 τοὺς

2208 580 2577 650 ἐπιτιμῶντας
2621 583 2747 643 τοὺς
2795 581 3067 643 θύσαντας
3110 584 3224 644 τοῖς
3273 581 3556 645 εἰδώλοιςδ
3603 585 3776 655 διωρί-

2209 688 2371 723 σαντο
2399 672 2448 724 οἱ
2483 672 2725 740 Πατέρες
2752 672 2976 733 τούτους
3006 674 3085 733 εἰς
3120 672 3421 742 ἱερωσύνην
3452 675 3776 744 προάγεσθαι

2206 762 2281 824 ὡς
2318 762 2409 821 διὰ
2442 762 2536 816 τοῦ
2577 763 2734 831 ἁγίου
2776 762 3155 832 βαπτίσματος
3190 764 3658 833 ἀπο).ουσαμένους
3690 757 3778 820 ml

2206 855 2644 925 καθαρισθέντας
2684 856 2793 907 ἀπὸ
2833 856 3033 918 παντὸς
3075 855 3248 925 ῥύπον
3291 856 3588 925 ἁμαρτίας.
3626 858 3778 927 Ἐρω-

2206 949 2360 1016 τήσει
2389 947 2449 1000 δέ
2479 965 2583 1014 τις,
2617 948 2724 1001 Καὶ
2751 948 2896 1009 τίνος
2923 948 3083 1018 χάριν
3112 947 3333 1008 τούτους
3366 947 3466 1016 μὲν
3496 948 3669 1001 ἑκοντὶ
3697 950 3778 1002 καὶ

2209 1040 2283 1109 μὴ
2325 1040 2467 1093 κατά
2508 1039 2631 1109 βίαν
2674 1038 2945 1101 θύσαντας
2985 1038 3257 1107 δεχόμεθα
3296 1039 3390 1091 καὶ
3434 1039 3776 1108 βαπτίζομεν,

2207 1133 2302 1186 καὶ
2350 1132 2428 1202 τῷ
2474 1131 2662 1201 κλήρῳ
2716 1132 3107 1200 συντάττομεν,
3149 1132 3277 1195 τοὺς
3327 1131 3385 1183 δὲ
3435 1131 3779 1199 Χριστιανοὺς

2204 1224 2347 1279 κατά
2385 1224 2508 1294 βίαν
2538 1223 2807 1286 θύσαντας
2841 1223 2901 1275 ού
2941 1224 3104 1292 μόνον
3136 1222 3442 1292 ἱερωσύνης
3478 1224 3578 1277 οὐκ
3614 1223 3781 1286 aeros,

2209 1333 2308 1385 μεν
2329 1356 2343 1380 ,
2377 1316 2514 1368 ἀλλὰ
2546 1317 2847 1384 ἐπιτιμίοις
2880 1315 3364 1385 καθυποσάλλομεν
3384 1353 3402 1380 ,
3433 1316 3509 1379 ὡς
3541 1316 3780 1387 προείρηο

2205 1426 2330 1471 ταις
2367 1410 2576 1472 Λύσις.
2614 1409 2843 1461 Ἐκεῖνοι
2880 1408 3000 1477 μὲν,
3030 1408 3351 1477 Χριστιανοὶ
3382 1407 3537 1471 ὄντες
3571 1408 3661 1460 καὶ
3690 1406 3776 1467 τὰς

2208 1501 2477 1571 βασάνους
2513 1501 2587 1570 μὴ
2619 1501 3044 1565 ἀναμείναντες,
3077 1500 3216 1558 ἀλλὰ
3244 1500 3537 1563 θύσαντες,
3570 1499 3779 1569 ἀρνησί-

2207 1594 2320 1648 θεοι
2350 1594 2609 1662 γεγόνασι
2634 1632 2649 1656 ,
2682 1594 2776 1645 καὶ
2806 1594 2881 1656 ὡς
2911 1594 2979 1646 τὰ
3011 1592 3213 1661 ἔσχατα
3244 1593 3571 1655 ὲπταικότές
3603 1594 3681 1655 είς
3713 1592 3778 1643 ῐεε

2212 1686 2461 1757 ρωσύντμ
2504 1685 2565 1738 οὺ
2607 1683 3026 1754 παραδέχονται,
3070 1683 3205 1737 ἀλλά
3250 1686 3344 1737 καὶ
3386 1683 3775 1753 ἐπιτιμῶνται’

2204 1772 2347 1832 οὗτοι
2376 1777 2454 1843 δὲ,
2484 1782 2546 1830 ὲκ
2573 1778 2802 1846 γενετῆς
2827 1775 2981 1839 ὄντες
3014 1776 3233 1830 ἄπιστοι
3261 1778 3355 1829 καὶ
3382 1776 3494 1846 πρὸ
3522 1775 3612 1828 τοῦ
3642 1774 3774 1826 θείου

2206 1869 2579 1940 βαπτίσματος
2606 1868 2887 1931 θύσαντες,
2912 1869 3013 1923 οὐκ
3039 1870 3347 1939 ἠρνήσαντο
3372 1869 3462 1921 τὸν
3487 1868 3637 1921 Θεόν.
3663 1864 3776 1928 Πῶς

2204 1960 2342 2031 γὰρ,
2375 1960 2433 2013 ὃν
2464 1960 2545 2013 ἔτι
2577 1963 2639 2013 οὗ
2677 1960 3072 2029 παρεδέξαντο,
3102 1960 3190 2014 διὰ
3220 1960 3280 2013 τὸ
3314 1960 3451 2030 μηδὲ
3486 1957 3777 2028 βαπτισθῆη

2205 2069 2313 2118 ναι,
2351 2054 2443 2106 καὶ
2485 2053 2625 2107 κατά
2667 2052 2826 2107 τοῦτο
2868 2052 2989 2107 οὐδὲ
3033 2054 3282 2123 ἥμαρτον
3324 2055 3652 2121 ποιήσαντες
3691 2048 3777 2107 καὶ

2204 2147 2345 2203 κατὰ
2374 2147 2470 2217 τὴν
2498 2148 2704 2199 οἰκείαν
2736 2146 3068 2216 θρησκείανς
3103 2144 3396 2200 κάντεῦθεν
3426 2144 3522 2201 καὶ
3552 2157 3776 2212 προσερ-

2203 2244 2422 2317 χόμενοι
2454 2246 2519 2314 τῇ
2550 2242 2847 2313 Ἐκκλησία
2876 2242 3121 2313 δέχονται
3152 2242 3225 2302 ὡς
3256 2241 3477 2295 ἄπιστοι
3498 2257 3512 2271 ο
3545 2241 3635 2292 καὶ
3662 2233 3777 2295 ἐπεὶ

2203 2338 2253 2391 οἱ
2293 2337 2525 2397 τοιοῦτοι
2574 2338 2967 2408 βαπτιζόμενοι
3015 2338 3108 2391 καὶ
3159 2335 3459 2407 ἱερωσύνης
3507 2330 3776 2398 ἀξιοῦντα.

2207 2429 2345 2499 μετά
2383 2429 2705 2496 δοκιμασίας
2747 2428 3140 2499 ὲπισκοπικῆς,
3176 2428 3296 2485 οὐδὲ
3340 2427 3497 2480 αὐτοὶ
3541 2422 3779 2490 κωλυθή-

2206 2539 2388 2575 σονται
2431 2524 2746 2591 ἱερωθῆναι,
2786 2510 2922 2575 ἀλλά
2968 2524 3259 2592 γενήσεται
3304 2517 3399 2572 καὶ
3440 2518 3536 2569 ἐπὶ
3578 2515 3776 2573 τούτοις

2204 2611 2381 2663 πάντα
2410 2611 2477 2663 τὰ
2506 2614 2619 2675 τοῖς
2653 2612 2818 2675 θείοις
2845 2614 3092 2679 Πατράσι
3120 2611 3451 2681 διωρισμένα
3482 2610 3648 2680 χάριν
3677 2605 3775 2661 τῶν

2203 2700 2263 2770 ἐξ
2297 2701 2545 2755 ἀπίστων
2585 2702 2988 2772 βαπτισθέντων
3029 2703 3124 2756 καὶ
3164 2703 3425 2758 θελόντων
3468 2700 3774 2771 ίερωθῆναι.

2639 2900 2846 2970 Ἑτέρα
2880 2902 3163 2972 ἑρμηνεία
3198 2902 3331 2975 (78).

2275 3007 2367 3078 Τῷ
2387 3008 2615 3081 παρόντι
2645 3010 2829 3064 κανόνι
2852 3013 3194 3084 χρησάμενος
3215 3015 3241 3068 ὁ
3260 3015 3563 3082 ἀγιὼτατος
3587 3018 3778 3083 ἐκεῖνος

2204 3099 2552 3172 πατριάρχης
2592 3101 2761 3173 κῦρος
2797 3103 3132 3163 Πολύευκτος
3173 3106 3390 3177 πρῶτον
3442 3109 3544 3176 μὲν
3588 3108 3778 3176 ἐξώθη-

2208 3208 2298 3244 σεν
2323 3193 2384 3243 ὲκ
2408 3193 2520 3246 τῶν
2547 3194 2707 3263 ἱερῶν
2735 3212 2798 3248 πε
2811 3196 3038 3265 ριόόλων
3064 3198 3162 3266 τῆς
3190 3199 3504 3269 ἁγιωτάτης
3532 3200 3623 3253 τοῦ
3651 3196 3777 3255 Θεοῦ

2205 3282 2467 3354 Μεγάλης
2516 3285 2811 3356 ἐκκλησίας
2863 3287 2954 3341 τὸν
3006 3288 3235 3358 βασιλέα
3304 3294 3494 3362 κύριον
3536 3288 3778 3360 Ἰωάννην

2204 3375 2296 3427 τὸν
2340 3375 2647 3447 Τζιμισκῆν
2687 3379 2763 3442 ὡς
2813 3381 3151 3447 φονεύσαντα
3194 3383 3283 3437 τὸν
3326 3384 3555 3454 βασιλέα
3601 3384 3778 3455 κύριον

2205 3465 2516 3539 Νικηφόρον
2540 3471 2632 3523 τὸν
2656 3472 2850 3526 (huide
2871 3490 2884 3504 ’
2913 3472 3140 3544 ὕστερον
3165 3476 3221 3529 δὲ
3249 3477 3489 3545 ἐδέξατο.
3516 3474 3652 3532 Eius
3677 3477 3777 3547 γὰρ

2209 3564 2348 3633 μετά
2381 3564 2481 3632 τῆς
2523 3563 2683 3630 ἁγίας
2725 3566 2943 3619 συνόδου
2984 3569 3042 3620 ὲν
3075 3569 3141 3638 τῇ
3182 3569 3452 3640 γενομένῃ
3487 3569 3775 3642 τηνικαῦτα

2207 3657 2456 3724 συνοδικῇ
2498 3654 2691 3726 πράξει
2713 3695 2726 3718 ,
2763 3659 2829 3728 τῇ
2873 3660 2929 3710 ὲν
2962 3659 3038 3728 τῷ
3074 3660 3532 3733 χαρτοφυλακείῳ
3566 3663 3778 3715 ἀποκει-

2208 3749 2376 3820 μένη,
2417 3749 2525 3812 ὡς,
2567 3750 2689 3801 ἐπεὶ
2726 3749 2787 3802 τὸ
2826 3751 3036 3821 χρίσμα
3073 3750 3167 3809 τοῦ
3209 3752 3368 3819 ἁγίου
3412 3754 3778 3824 βαπτίσματος

2203 3842 2272 3901 τὰ
2308 3841 2416 3911 πρὸ
2445 3842 2634 3895 τούτου
2670 3843 3049 3915 ἁμαρτήματα
3081 3845 3405 3914 ἀπαλείφει,
3440 3843 3532 3901 οἷα
3565 3850 3656 3902 καὶ
3687 3849 3776 3900 ὅσα

2204 3936 2269 3988 ἂν
2300 3930 2399 3989 ὦσι
2420 3976 2434 3998 ,
2461 3935 2676 3998 πάντως
2703 3938 2797 3988 καὶ
2822 3936 2881 3988 τὸ
2905 3936 3112 4005 χρίσμα
3138 3938 3235 4006 τῆς
3262 3937 3541 4005 βασιλείας
3564 3941 3654 3992 τδν
3682 3938 3775 4008 πρὸ

2202 4028 2408 4096 ταύτης
2446 4030 2712 4095 γεγονότα
2750 4028 2909 4095 φόνον
2945 4028 3096 4099 παρά
3127 4029 3221 4089 τοῦ
3262 4031 3542 4102 Τζιμισκῆ
3582 4030 3775 4099 ἐξήλει-

2203 4119 2325 4185 ψεν,
2362 4118 2696 4181 Ἀκολούθως
2748 4113 2841 4177 οὖν
2890 4122 2956 4189 τῇ
3010 4118 3231 4194 τοιαύτῃ
3281 4123 3483 4189 πράξει
3538 4120 3778 4192 λέγουσιν

2204 4209 2317 4271 ὅσοι
2364 4210 2562 4279 μᾶλλόν
2605 4213 2709 4264 είσι
2755 4212 3195 4283 συμπαθέστεροι
3241 4215 3335 4268 καὶ
3378 4218 3471 4275 τὸν
3514 4216 3606 4270 τοῦ
3653 4213 3777 4274 θεοῦ

2204 4299 2350 4352 ἔλεον
2382 4300 2480 4370 τῆς
2511 4303 2742 4373 κρίσεως
2772 4304 3210 4373 προαρπάξουσι,
3242 4306 3329 4359 διὰ
3355 4308 3453 4360 τοῦ
3486 4309 3777 4379 χρίσματος

526 4400 647 4443 eam
711 4386 1004 4439 commissa
1061 4390 1189 4438 sunt
1251 4394 1470 4453 peccata
1531 4382 1700 4441 deleri
1768 4380 1989 4445 dicunt,
2050 4389 2101 4434 et

2207 4392 2303 4460 τῆς
2326 4394 2734 4464 ἀρχιερωσύνης
2753 4394 2821 4448 τὰ
2845 4398 2952 4463 πρὸ
2972 4396 3175 4465 ταύτης
3197 4397 3597 4467 ἀπαλείφεσθαι
3617 4401 3779 4467 ἀμαρ-

529 4475 757 4544 pulchre
801 4476 1007 4529 instant
1051 4474 1117 4527 de
1166 4474 1359 4527 anima:
1411 4478 1648 4541 peccatis
1680 4478 1806 4525 ante
1851 4471 2107 4526 sacerdo-

528 4568 665 4624 tium
699 4565 1010 4618 commissis
1055 4566 1370 4619 sacerdotes
1405 4578 1511 4617 nou
1554 4560 1930 4632 postulari.Ut
1958 4564 2102 4617 enim

532 4660 889 4725 imperatores
922 4653 1071 4709 uncti
1110 4654 1322 4708 Domini
1360 4654 1612 4723 appellati
1647 4663 1797 4719 sunt,
1829 4656 1910 4709 sic
1938 4654 2101 4708 etiam

530 4746 806 4805 antistites
863 4756 917 4800 et
957 4756 1087 4800 sunt
1143 4755 1200 4799 et
1240 4745 1611 4799 nominantur.
1657 4745 1870 4799 Dictum
1921 4756 2102 4800 autem

530 4852 691 4892 suum
734 4851 798 4891 ex
855 4837 958 4892 hoc
1010 4850 1224 4906 quoque
1271 4834 1618 4900 conﬁrmant,
1668 4837 1809 4906 quod
1854 4836 2100 4906 ejusdem

530 4930 751 4983 virtutis
786 4937 915 4983 sunt
958 4943 1146 4998 preces
1177 4943 1298 4999 quae
1327 4927 1579 4998 leguntur
1617 4930 1833 4998 quando
1867 4928 2102 4999 impera-

533 5031 683 5077 torcs
719 5033 1075 5085 coronantur,
1109 5029 1159 5076 et
1196 5022 1413 5091 quando
1452 5021 1776 5076 ordinantur
1806 5023 2102 5076 antistites.

533 5112 640 5167 Pro
688 5114 805 5167 oleo
853 5124 1056 5179 autem,
1107 5129 1214 5184 quo
1265 5114 1491 5185 antiqua
1547 5113 1660 5185 lege
1704 5115 2105 5183 iniungebantur

533 5220 691 5276 rcges
737 5215 790 5261 et
845 5208 1140 5272 antistites,
1208 5206 1397 5262 dicunt
1455 5206 1793 5261 antistitibus
1857 5203 2105 5260 suﬁicere

533 5299 809 5371 Evangelii
846 5300 1036 5372 jugum
1081 5300 1240 5357 collis
1279 5315 1470 5356 eorum
1522 5299 1836 5368 impositura
1883 5308 1937 5351 et
1987 5295 2104 5364 ejus

2206 4483 2449 4552 τήματα,
2479 4486 2572 4538 καὶ
2598 4484 2957 4539 διενίστανται
2985 4488 3094 4540 τῶν
3117 4489 3223 4559 πρὸ
3248 4490 3347 4559 τῆς
3378 4489 3777 4563 ἀρχιερωσύνης

2205 4574 2452 4644 ψυχικῶν
2483 4576 2845 4644 μολυσμάτων
2870 4580 2995 4641 τοὺς
3025 4580 3300 4651 ἀρχιερεῖς
3331 4581 3408 4652 μὴ
3433 4581 3774 4641 εὐθύνεσθαιο

2206 4667 2281 4728 ὡς
2307 4668 2417 4737 γὰρ
2443 4669 2489 4725 οἱ
2519 4667 2758 4736 βασιλεῖς
2784 4670 2995 4738 χριστοὶ
3024 4671 3202 4741 κύριοι
3229 4672 3481 4739 λέγονται
3508 4673 3603 4726 καὶ
3626 4671 3774 4735 εἰσὶν,

2205 4756 2349 4811 οὕτω
2384 4759 2479 4810 καὶ
2512 4761 2787 4829 ἀρχιερεῖς
2822 4760 2931 4812 είσί
2962 4776 3021 4812 τε
3058 4763 3152 4813 καὶ
3186 4762 3566 4831 ὀνομάζονται.
3605 4766 3779 4817 Κατα-

2210 4847 2569 4909 σκευάζονται
2603 4850 2657 4899 δὲ
2692 4850 2781 4909 τὸν
2816 4850 3016 4909 οἰκεῖον
3050 4850 3207 4917 λόγον
3241 4853 3333 4905 καὶ
3376 4852 3485 4905 ἀπὸ
3516 4853 3611 4905 τοῦ
3644 4847 3774 4909 εἶναι

2207 4935 2304 4997 τὰς
2338 4937 2854 5005 ἀναγινωσκομένας
2884 4938 3080 5007 εὐχὰς,
3110 4942 3196 4992 ὅτε
3229 4940 3515 5009 στέφονται
3546 4944 3594 4994 οἱ
3628 4940 3774 5010 βασι-

2208 5024 2349 5089 λεῖς,
2379 5029 2475 5096 τῆς
2508 5026 2677 5096 αὐτῆς
2708 5028 2991 5098 δυνάμεως
3026 5032 3119 5083 καὶ
3150 5032 3238 5084 ὅτε
3272 5031 3698 5101 χειροτονοῦνται
3728 5029 3771 5079 οἱ

2207 5117 2505 5187 ἀρχιερεῖς.
2537 5117 2685 5171 Ἀντὶ
2720 5117 2778 5170 δὲ
2807 5120 2899 5173 τοῦ
2937 5123 3226 5192 χριομένου
3262 5124 3444 5175 ἐλαίου
3477 5126 3587 5186 τοῖς
3623 5123 3772 5192 ﬁam-

2206 5208 2358 5260 λεῦσι
2391 5210 2483 5261 καὶ
2510 5212 2621 5272 τοῖς
2650 5210 2997 5283 ἀρχιερεῦσι,
3033 5217 3174 5268 κατά
3203 5215 3292 5267 τὸν
3323 5214 3554 5269 παλαιὸν
3584 5214 3768 5282 νόμον,
3804 5212 3809 5217 ’

2207 5295 2361 5352 εἷπον
2392 5302 2583 5371 ἀρκεῖν
2616 5307 2727 5367 τοῖς
2762 5304 3077 5384 ἀρχιερεῦσι
3111 5307 3201 5359 τὸν
3236 5308 3583 5378 ἐπικείμενον
3616 5304 3771 5373 ζυγὸν

1766 5433 1959 5495 Guill.
2002 5434 2332 5512 Beveregii
2365 5442 2556 5504 notae.

605 5585 719 5654 (78)
766 5584 968 5652 Ἑτέρα
996 5583 1298 5654 ἑρμηνεία.
1334 5581 1501 5654 Hanc
1551 5582 1779 5636 alteram
1810 5582 1987 5654 hujus
2018 5596 2109 5635 ca-

533 5651 709 5710 nonis
754 5651 1262 5723 interpretationem
1329 5652 1505 5707 codici
1565 5664 1755 5707 nostro
1810 5651 2106 5707 Bodleiano

519 5733 812 5824 acceptam
839 5724 1065 5781 ferimus
1099 5740 1115 5792 ;
1149 5729 1329 5781 exstat
1359 5730 1541 5778 autem
1577 5731 1631 5779 et
1663 5724 1718 5778 iu
1753 5736 1857 5776 ius.
1908 5725 2103 5777 Amer-

2216 5581 2511 5649 bacbiano,
2534 5599 2743 5639 necnon
2781 5584 2836 5639 in
2871 5585 3109 5644 Tiliano.
3142 5586 3277 5643 Nam
3304 5586 3607 5645 Gentianus
3644 5583 3770 5647 Herc

2210 5664 2370 5707 vetus
2401 5670 2517 5707 caui
2548 5652 2742 5710 Latine
2776 5656 2959 5713 vertit.
3284 5657 3294 5662 ’
