4076 6418
255 290 392 356 “5'7

1349 295 1429 356 IN
1465 292 1632 354 CAN.
1669 290 1789 351 XII
1825 286 2039 352 CONC.
2065 290 2337 354 ANCYR.

3382 289 3523 356 1158

245 406 342 460 τοῦ
384 404 722 473 Εὖαγγελίου
761 403 839 477 τῷ
874 404 1132 477 τραχήλῳ
1167 404 1369 466 αὐτῶν.
1403 404 1502 459 καὶ
1522 402 1591 458 δι’
1614 401 1847 471 ἐπικλή-

1955 402 2044 471 qui
2077 403 2298 458 ordinat
2334 404 2734 469 characterem,
2766 419 2887 460 cum
2920 404 3092 460 sancti
3119 403 3355 474 Spiritus
3387 406 3547 460 invo-

249 515 390 561 σεως
408 496 503 550 τοῦ
528 497 687 565 ἁγίου
714 496 1032 568 Πνεύματος
1060 496 1333 570 σφραγῖδα
1353 498 1446 559 τοῦ
1476 494 1845 568 χειροτονοῦν-

246 608 361 654 τος.
400 591 498 654 Εἰς
538 588 800 645 σύστασιν
836 589 894 643 δὲ
934 589 1144 644 τούτων
1185 590 1406 644 πάντων
1444 588 1844 660 ἀναντίρρητον

248 685 490 755 χρῶνται
527 684 621 738 καὶ
653 684 733 756 τῷ
765 683 860 737 τοῦ
900 685 1141 753 μεγάλου
1180 683 1483 756 Γρηγορίου
1516 684 1613 736 τοῦ
1649 681 1844 735 Θεολό-

248 794 345 845 γου
391 776 556 847 λόγῳ,
601 772 663 830 οὗ
709 778 742 847 ἡ
794 776 957 847 ἀρχὴ,
1008 777 1180 830 Πάλιν
1226 776 1315 830 ἐπ’
1345 777 1449 847 ἐμὲ
1497 775 1709 846 χρίσμα
1752 774 1848 827 καὶ

251 868 490 939 πνεῦμα.
531 868 648 941 Ἀφ’
671 863 732 922 οὗ
767 869 948 939 μάθῃς
980 869 1061 922 ὃτι
1093 869 1243 923 οὐδὲν
1271 866 1435 941 ἧττον
1465 868 1710 933 ἀξιοῦται
1744 867 1846 936 τῆς

249 957 343 1010 τοῦ
380 959 646 1027 παναγίου
682 959 997 1027 Πνεύματος
1034 962 1253 1030 χάριτος
1283 961 1312 1013 ό
1345 957 1580 1023 ἀναξίως
1611 974 1850 1029 χειροτο-

250 1049 469 1120 νηθεὶς,
506 1051 598 1102 καὶ
631 1052 690 1103 ἐν
723 1050 1060 1121 καθαρότητι
1091 1051 1183 1104 τὸν
1214 1052 1352 1121 μετὰ
1383 1053 1481 1120 τὴν
1512 1050 1848 1121 χειροτονίαν

252 1128 368 1212 βίον
406 1140 639 1207 ἀνύσας,
680 1141 773 1194 τοῦ
817 1142 983 1205 ἀξίως
1024 1144 1528 1213 χειροτονηθέντοξ,
1570 1144 1663 1198 καὶ
1709 1141 1850 1212 μετά

248 1239 347 1306 τῆς
386 1235 558 1305 αὐτῆς
598 1234 974 1305 καθαρότητος
1008 1238 1101 1288 τὸν
1128 1238 1194 1289 ὲν
1228 1238 1360 1307 ἡμῖν
1398 1236 1512 1303 βίον
1546 1235 1847 1289 ἀπολιπόν-

248 1342 360 1386 τος.
403 1325 593 1378 Ταῦτα
635 1326 764 1396 περὶ
811 1326 1147 1397 ἀρχιερέων
1187 1327 1318 1397 περὶ
1361 1328 1470 1399 γὰρ
1515 1328 1709 1398 ἱερέων
1752 1327 1848 1381 καὶ

249 1416 453 1488 ἑτέρων
486 1418 765 1487 κληρικῶν
801 1420 954 1488 ζήτει
992 1419 1214 1472 συνόδου
1245 1420 1484 1481 Νικαίας
1520 1420 1724 1474 κανόνα
1760 1419 1846 1485 ιο’,

250 1509 469 1563 συνόδου
505 1510 940 1582 Νεοκαισαρείας
976 1512 1181 1565 κανόνα
1204 1510 1270 1578 θ’,
1309 1518 1397 1578 ια’,
1430 1512 1711 1568 Βασιλείου
1748 1529 1850 1565 κα-

249 1599 378 1652 νόνα
412 1597 517 1664 κζ’,
549 1601 645 1653 καὶ
680 1600 943 1670 Θεοφίλου
970 1600 1035 1653 ἐκ
1064 1600 1159 1653 τοῦ
1197 1601 1608 1672 ὑπομνηστικοῦ
1646 1605 1851 1657 κανόνα

249 1688 312 1757 δ’,
343 1695 405 1757 ε’,
437 1689 507 1761 η’.
540 1692 652 1745 Καὶ
686 1692 995 1763 σημείωσαι
1029 1693 1094 1746 ὲκ
1122 1693 1330 1747 τούτων
1359 1696 1439 1747 ὅτι
1473 1697 1506 1765 ἡ
1543 1695 1850 1765 χειροτονία

247 1780 359 1834 τῶν
397 1781 702 1852 ἀρχιερέων
745 1784 840 1836 καὶ
878 1782 940 1835 τὸ
978 1783 1188 1853 χρίσμα
1226 1782 1334 1838 τῶν
1396 1783 1664 1859 βασιλέων
1708 1786 1851 1839 ἀπα-

248 1872 496 1943 λείφουσι
528 1874 596 1927 τὰ
632 1872 740 1945 πρὸ
771 1875 872 1942 τῆς
905 1875 1244 1946 χειροτονίας
1282 1876 1377 1929 καὶ
1411 1875 1506 1929 τοῦ
1543 1876 1848 1947 χρίσματος

250 1967 660 2039 ἁμαρτήματα,
695 1962 783 2021 οἷα
819 1968 885 2020 ἂν
915 1962 1019 2021 ὦσι
1043 1982 1057 1995 '
1093 1964 1184 2017 διὰ
1222 1966 1328 2041 γάρ
1357 1966 1515 2019 τοῦτο
1552 1967 1770 2037 ἔχουσιν
1799 1967 1849 2020 oi.

250 2058 543 2112 ἐπίσκοποι
579 2057 833 2124 ἐξουσίαν
866 2060 1085 2128 ἀφιέναι
1123 2060 1501 2130 ἁμαρτήματα
1524 2097 1540 2123 ,
1573 2061 1649 2121 ὡς
1684 2058 1849 2113 ἀκού·

261 2166 455 2213 σαντες
477 2150 595 2219 ἅμα
614 2150 688 2220 τῷ
709 2150 1156 2222 χειροτονηθῆναι
1172 2191 1188 2218 ,
1204 2152 1363 2206 Ὅσα
1382 2149 1603 2219 δήσετε
1621 2148 1722 2202 ἐπὶ
1739 2148 1850 2218 τῆς

248 2240 386 2309 γῆς,
419 2241 591 2295 ἔσται
628 2242 918 2315 δεδεμένα
952 2243 1022 2296 ἐν
1049 2241 1129 2309 τῷ
1161 2242 1417 2314 οὐρανῷ,
1451 2242 1551 2295 καὶ
1587 2241 1707 2296 ὅσα
1738 2242 1849 2296 λύ-

168 2410 171 2411 ν
248 2348 393 2388 Usta
420 2334 517 2387 ἐπὶ
544 2330 652 2403 τῆς
692 2333 827 2405 γῆς,
856 2334 1029 2390 ἔσται
1053 2335 1363 2405 λελυμένα
1390 2335 1460 2388 ἐν
1484 2333 1565 2399 τῷ
1590 2334 1846 2404 οὐρανῷ.

262 2427 333 2481 Ἦ
368 2428 426 2481 δὲ
458 2428 567 2481 τῶν
602 2428 796 2499 ἱερέων
827 2429 921 2482 καὶ
951 2428 1060 2481 τῶν
1089 2428 1291 2482 λοιπῶν
1326 2429 1634 2501 χειροτονία
1674 2427 1851 2499 μικρὰ

250 2521 631 2593 ἁμαρτήματα
667 2520 996 2590 ἀπαλείφει,
1033 2514 1146 2574 οἷον
1180 2522 1615 2589 συγκατάθεσιν,
1653 2520 1850 2590 ψεῦδος

252 2613 352 2667 καὶ
385 2612 642 2678 τοιαῦτα,
682 2613 758 2685 μὴ
791 2613 1072 2681 ἐπάγοντα
1110 2612 1464 2684 καθαίρεσιν,
1500 2615 1760 2684 πορνείαν
1793 2614 1849 2669 δὲ

250 2704 398 2774 οὐχί.
423 2703 586 2757 Ὅθεν
622 2705 745 2758 οὐδὲ
785 2705 1007 2774 ἀφιέναι
1052 2706 1330 2780 ἁμαρτίας
1367 2709 1417 2760 οί
1460 2708 1628 2777 ἱερεῖς
1663 2706 1851 2760 δύναν-

249 2813 369 2851 ται.
414 2797 524 2851 Καὶ
567 2796 880 2865 ἀνάγνωσον
927 2798 1028 2866 τῆς
1073 2801 1132 2855 ἐν
1177 2799 1580 2873 Νεοκαισαρείᾳ
1627 2800 1849 2855 συνόδου
1878 2798 1903 2821 ’·

252 2888 462 2943 κανόνα
497 2888 563 2957 θ’,
598 2888 669 2942 τά
706 2890 846 2945 αὐτὰ
888 2892 1017 2963 περὶ
1055 2892 1249 2963 ἱερέων
1289 2893 1533 2960 λέγοντα.
1574 2892 1665 2964 Μὴ
1701 2894 1855 2947 ἐναν-

250 2980 430 3052 τιωθῇ
478 2981 534 3034 δέ
586 2997 669 3035 σοι
716 2983 745 3033 ό
795 2980 861 3047 ιζ’
891 2984 1070 3036 κανὼν
1115 2983 1225 3037 τῶν
1275 2983 1449 3052 ἁγίων
1499 2984 1850 3049 ἀποστόλων,

253 3074 437 3141 λέγων
461 3088 474 3102 ·
518 3073 578 3126 Ὀ
614 3073 737 3127 δυσὶ
772 3074 974 3144 γάμοις
1012 3075 1356 3145 συμπλακεὶς
1384 3078 1525 3146 μετὰ
1558 3076 1619 3129 τὸ
1657 3076 1853 3147 βάπτι-
1877 3107 1922 3166 c

254 3186 404 3237 σμα,
439 3168 472 3240 ἢ
505 3168 789 3240 παλλακὴν
815 3170 1193 3241 κτησάμενος,
1221 3171 1281 3224 οὐ
1313 3172 1536 3227 δύναται
1567 3168 1708 3227 εἶναι
1738 3173 1855 3225 ἐπί-

254 3278 484 3327 σκοπος,
507 3261 882 3333 πρεσϐύτερος
902 3263 934 3334 ἢ
958 3263 1227 3327 διάκονος,
1248 3263 1281 3335 ἢ
1302 3264 1439 3327 ὅλως
1458 3264 1552 3319 τοῦ
1575 3265 1852 3339 ἱερατικοῦ

250 3352 561 3419 καταλόγου
581 3394 596 3420 ,
634 3353 771 3424 μηδὲ
801 3355 830 3406 ό
867 3351 934 3424 ιη’
962 3353 1031 3409 τά
1065 3355 1206 3409 αὑτά
1240 3356 1425 3427 σχεδὸν
1457 3354 1849 3430 διοριζόμενος.

267 3445 414 3498 Ἀλλ’
432 3444 665 3500 ὲκλαῦοὖ
692 3445 754 3499 τὸ
783 3439 925 3502 εἶναι
957 3447 1038 3510 είς
1059 3447 1121 3501 τὸ
1151 3446 1420 3514 γίνεσθαι,
1451 3448 1546 3502 καὶ
1575 3447 1721 3515 εἰπὲ,
1751 3449 1854 3503 Οὐ-

250 3541 371 3602 δεὶς
399 3537 572 3604 οὕτως
600 3540 896 3611 όλισθήσας
923 3541 1289 3611 ἀξιωθήσεται
1316 3541 1682 3597 ἐπισκοπικοῦ
1710 3543 1743 3614 ἢ
1778 3542 1853 3595 ἱε-

256 3630 489 3703 ρατικοῦ
513 3630 844 3702 ἀξιώματος.
872 3632 1153 3698 ’Λξιωθεὶς
1176 3633 1235 3689 δὲ
1260 3634 1411 3705 παρά
1438 3634 1504 3688 τά
1525 3633 1846 3704 δεδογμένα,

254 3728 311 3780 εί
351 3723 451 3793 μέν
483 3726 634 3778 ἐστιν
668 3724 989 3789 ἐπίσκοπος,
1023 3724 1123 3778 οὐκ
1161 3724 1595 3794 ἀνακριθήσεται
1630 3726 1719 3779 διὰ
1753 3725 1853 3790 τὰς

256 3816 524 3887 ῥηθείσας
553 3817 755 3883 αἰτίας,
783 3816 880 3870 καὶ
912 3816 961 3871 oi
991 3817 1269 3888 ἀρχιερεῖς
1301 3815 1419 3885 ἅμα
1443 3816 1521 3887 τῷ
1548 3833 1854 3891 χειροτονη.

255 3908 419 3976 θῆναι
459 3909 519 3961 οὐ
560 3908 724 3979 μόνον
757 3906 1119 3963 ἀποστολικοῦ
1159 3907 1499 3977 χαρίσματος
1539 3905 1847 3974 ἀξιοῦνται,

255 4000 400 4054 ἀλλὰ
431 4001 525 4054 καὶ
560 3998 925 4071 προφητικοῦ.
961 3998 1118 4053 Οὖτω
1150 4000 1260 4069 γὰρ
1293 3999 1385 4052 καὶ⁵
1419 3998 1591 4056 Σαοὺλ
1625 4000 1683 4051 ὲν
1716 4015 1851 4068 προ-

257 4094 491 4162 φὴταις,
534 4093 630 4148 καὶ
670 4091 927 4162 Καϊάφας
956 4091 1107 4148 ἄκων
1135 4091 1543 4162 προεφήτευσεν
1566 4105 1579 4121 ⁸
1616 4087 1685 4164 ἦν
1720 4092 1850 4162 γὰρ,

259 4187 430 4255 φησιν
449 4224 465 4251 ,
496 4185 787 4257 ἀρχιερεὺς
813 4184 906 4241 τοῦ
939 4182 1188 4239 ἐνιαυτοῦ
1221 4183 1431 4239 ἐκείνου
1455 4199 1471 4215 ·
1502 4183 1548 4236 εί
1581 4182 1637 4237 δὲ
1670 4183 1851 4254 ἱερεύς

260 4282 417 4334 ἐστιν
441 4277 475 4349 ἦ
501 4277 687 4348 ἕτερος
716 4278 1031 4351 ίερωμένος,
1063 4274 1552 4349 καθαιρεθήσεται.
1581 4276 1851 4346 ’Λνάγνω-

261 4390 358 4427 σον
392 4375 486 4427 καὶ
515 4374 575 4426 τὸ
609 4376 692 4426 κθ¹
717 4389 843 4442 κεφ.
874 4370 970 4427 τοῦ
1004 4372 1050 4427 θ’
1071 4370 1252 4425 τίτλον
1282 4371 1380 4426 τοῦ
1414 4371 1682 4443 παρόντος
1717 4389 1845 4424 συν-

1947 495 2185 550 catione.
2235 496 2316 551 Ad
2369 496 2769 552 irrel‘utabilem
2819 507 3001 552 autem
3058 499 3253 552 horum
3300 500 3548 552 omnium

1949 589 2460 653 comprobationem
2487 628 2501 650 .
2538 591 2720 660 magni
2751 604 2974 660 quoque
3001 587 3250 659 Gregorii
3284 588 3548 662 Theologi

1949 697 2206 737 sermone
2231 690 2484 747 utuntur,
2516 683 2676 751 cujus
2709 683 2953 750 initium,
3010 682 3223 741 Rursus
3258 698 3424 753 super
3452 700 3543 738 me

1955 774 2143 828 unctio
2174 784 2228 828 et
2263 775 2513 844 spiritus.
2558 774 2712 830 Unde
2746 776 2950 840 discas,
2999 775 3146 846 quod
3183 777 3550 833 nihilominus

1951 867 2126 919 sancti
2170 864 2413 934 Spiritus
2446 867 2625 938 gratia
2674 868 2881 938 dignus
2918 877 3178 924 censetur
3215 869 3282 933 is,
3332 869 3421 938 qui
3466 870 3551 923 2n-

1950 959 2116 1029 digne
2155 960 2366 1015 electus
2407 961 2462 1014 in
2503 962 2743 1030 puritate
2778 969 2901 1031 post
2936 962 3335 1017 ordinationem
3380 964 3545 1015 vitam

1951 1047 2228 1117 transigit,
2258 1063 2420 1118 quam
2452 1048 2498 1104 is
2531 1050 2623 1119 qui
2669 1051 2832 1122 digne
2859 1051 3088 1115 electus,
3135 1059 3191 1105 et
3233 1061 3355 1121 post
3386 1053 3546 1107 istam

1953 1138 2247 1206 puritatem
2294 1142 2455 1196 vitam
2487 1154 2735 1198 nostram
2764 1145 3017 1215 reliquit.
3050 1144 3180 1199 "EBG
3210 1145 3279 1199 de
3313 1146 3545 1199 antisti-

1957 1232 2130 1287 tibus.
2164 1232 2238 1287 De
2265 1233 2644 1289 sacerdotibus
2676 1237 2821 1290 enim
2864 1246 2919 1291 et
2962 1237 3086 1292 aliis
3116 1236 3332 1292 clericis
3364 1246 3549 1306 quzere

1952 1326 2147 1397 synodi
2186 1325 2421 1381 Niczena':
2452 1342 2718 1384 canonem
2756 1328 3029 1384 decimum
3070 1345 3274 1384 nonum
3297 1371 3312 1391 ,
3349 1332 3546 1401 synodi

1953 1418 2421 1475 Neocaesariensis
2459 1435 2725 1474 canonem
2786 1420 2817 1475 9
2873 1428 2925 1475 et
2982 1422 3085 1483 H,
3147 1420 3331 1476 Basilii
3379 1422 3552 1492 386

1952 1526 2222 1568 canonem
2255 1513 2329 1566 27
2356 1524 2409 1569 et
2444 1514 2729 1584 Theophili
2759 1530 2823 1569 ex
2859 1518 3262 1571 commentario
3301 1531 3547 1571 canones

1959 1606 2015 1668 4,
2051 1606 2085 1661 5
2124 1613 2179 1660 et
2222 1605 2277 1662 8.
2325 1606 2391 1659 Et
2425 1612 2554 1661 nota
2588 1621 2653 1660 ex
2687 1606 2777 1670 iis,
2812 1608 2959 1676 quod
2989 1609 3294 1662 antistitum
3324 1609 3547 1678 quidem

1955 1697 2231 1753 ordinatio
2256 1706 2310 1752 et
2347 1713 2535 1767 regum
2579 1698 2788 1763 unctio,
2823 1715 2944 1768 quae
2977 1708 3104 1755 ante
3139 1700 3542 1754 ordinat‘onem

1960 1799 2014 1844 et
2049 1790 2359 1845 unctionem
2404 1791 2649 1856 fuerunt,
2694 1790 2901 1846 delent.
2938 1790 3236 1861 Propterea
3265 1795 3410 1845 enim
3445 1792 3546 1844 ha-

1959 1884 2090 1937 heut
2134 1889 2457 1953 potestatem
2505 1883 2751 1952 episc0pi
2801 1883 3113 1938 remittendi
3170 1893 3435 1953 peccata;
3484 1893 3546 1936 ut

1957 1977 2198 2047 quicum
2223 1976 2462 2047 primum
2501 1976 2741 2032 ordinati
2767 1977 3258 2032 suntaudiverint:
3284 1977 3549 2041 Quaem-

1957 2086 2056 2139 que
2096 2070 2387 2140 ligaveritis
2430 2086 2588 2139 super
2634 2077 2831 2125 terram
2877 2081 3030 2124 erunt
3080 2070 3249 2141 ligata
3283 2073 3336 2124 in
3376 2071 3545 2137 ccelis,

1958 2172 2007 2217 et
2039 2179 2361 2234 qurecunque
2387 2164 2648 2218 solveritis
2675 2180 2832 2233 super
2868 2173 3062 2219 terram
3094 2174 3249 2218 erunt
3279 2166 3457 2219 soluta
3491 2166 3548 2218 in

1959 2255 2102 2310 cretis
2137 2257 2205 2310 ".
2252 2255 2614 2313 Sacerdotum
2664 2263 2870 2321 autem,
2918 2265 2972 2312 et
3008 2257 3245 2319 aliorum
3291 2259 3383 2327 qui
3418 2263 3548 2312 sunt

1960 2348 2012 2402 in
2062 2349 2257 2430 sacris,
2297 2347 2597 2415 ordinatio,
2651 2363 2817 2419 parra
2855 2349 3075 2420 quidem
3124 2359 3346 2420 pccrata
3379 2351 3545 2415 delet,

1959 2456 2294 2497 consensum
2333 2442 2458 2497 dico
2487 2452 2543 2497 ct
2571 2442 2947 2505 mendacium,
2980 2451 3034 2496 et
3064 2444 3264 2498 similia
3299 2461 3420 2514 quae
3452 2443 3550 2498 de-

1960 2535 2293 2607 positionem
2346 2548 2455 2587 non
2497 2533 2806 2600 inducunt;
2851 2550 2960 2589 non
3006 2543 3187 2589 autem
3222 2536 3545 2591 fornicatioo

1961 2642 2108 2680 nem.
2148 2623 2304 2679 Unde
2335 2638 2436 2678 nec
2480 2625 2799 2679 sacerdotes
2829 2636 3062 2696 possunt
3091 2635 3314 2695 peccata
3354 2628 3546 2681 remit-

1963 2724 2101 2768 tere.
2150 2712 2218 2766 Et
2251 2712 2368 2784 lege
2403 2711 2873 2769 Neocaesariensis
2914 2730 3033 2786 syn.
3065 2731 3331 2770 canonem
3363 2717 3417 2779 9,
3449 2717 3544 2785 qui

1960 2807 2151 2863 eadem
2180 2806 2314 2861 dicit
2343 2806 2411 2862 dc
2442 2806 2845 2863 sacerdotibus.
2894 2807 2950 2861 In
2997 2808 3081 2863 his
3122 2816 3302 2863 autem
3353 2825 3420 2863 ne
3452 2809 3549 2864 tibi

1960 2899 2271 2954 contrarius
2313 2897 2564 2952 rideatur
2623 2912 2797 2953 canon
2864 2898 2927 2951 l7
2960 2910 3274 2954 sanctorum
3329 2910 3550 2968 aposto-

1962 2986 2161 3049 lorum.
2198 2986 2414 3049 dicens,
2444 2987 2547 3052 Qui
2575 2986 2791 3042 duobus
2825 2987 3191 3041 matrimoniis
3222 2997 3343 3056 post
3368 2988 3548 3058 bapti-

1960 3094 2140 3135 smum
2180 3078 2281 3132 fuit
2307 3078 2621 3148 colligatus,
2656 3078 2738 3131 vel
2785 3077 2978 3132 habuit
3009 3078 3398 3142 concubinam,
3437 3096 3548 3139 non

1955 3180 2133 3243 potest
2162 3186 2286 3227 esse
2316 3174 2630 3241 episcopus,
2666 3179 2763 3226 aut
2792 3171 3102 3242 presbyter,
3137 3179 3231 3226 aut
3253 3173 3545 3240 diaconus,

1953 3264 2035 3321 vel
2058 3264 2283 3319 omnino
2314 3266 2368 3317 in
2404 3266 2657 3335 catalogo
2685 3264 3052 3329 sacerdotali;
3085 3279 3262 3335 neque
3300 3266 3548 3324 deeiums

1953 3367 2180 3413 octavus
2226 3356 2420 3411 eadem
2486 3356 2601 3412 fere
2655 3364 2928 3412 statuens.
2990 3356 3098 3411 Sed
3145 3356 3334 3427 accipe
3385 3357 3545 3423 illud,

1954 3465 2095 3517 esse,
2135 3466 2254 3520 pro,
2288 3449 2447 3518 ﬁeri;
2483 3459 2538 3505 et
2563 3450 2673 3515 die,
2706 3450 2853 3520 quod
2900 3464 3087 3517 nemo,
3125 3451 3216 3522 qui
3249 3451 3330 3506 sic
3359 3451 3549 3523 lapsus

1952 3551 2055 3606 est,
2088 3541 2384 3613 episcopali
2425 3541 2506 3596 vel
2541 3541 2877 3597 sacerdotali
2908 3541 3112 3598 honori
3149 3543 3349 3614 dignus
3373 3544 3547 3619 habe-

1952 3632 2121 3686 bitur.
2159 3632 2261 3697 Qui
2309 3643 2490 3687 autem
2537 3640 2739 3702 praeter
2777 3630 2999 3687 decreta
3039 3632 3241 3703 dignus
3286 3632 3545 3700 habetur,
3586 3652 3587 3655 η

1952 3720 2224 3792 siquidem
2273 3728 2358 3776 est
2389 3721 2706 3791 episcopus,
2756 3736 2866 3775 non
2905 3721 3276 3791 postulabitur
3321 3733 3547 3793 propter

1953 3813 2129 3868 dictas
2163 3826 2385 3882 causas,
2418 3813 2643 3883 etquod
2680 3813 2956 3869 antistites
2992 3828 3117 3867 cum
3146 3814 3384 3883 primum
3417 3824 3547 3870 sunt

1951 3904 2213 3968 ordinati,
2250 3917 2359 3957 non
2402 3903 2579 3958 solum
2632 3905 2941 3975 apostolica
2983 3907 3159 3976 gratia
3203 3907 3354 3980 digni
3387 3920 3542 3976 sunt,

1953 3995 2049 4049 scd
2085 3994 2251 4048 etiam
2288 3994 2633 4064 prophetica.
2681 3994 2773 4049 Sic
2814 3994 2960 4050 enim
2995 4005 3049 4051 et
3081 3997 3211 4050 Saul
3242 3998 3547 4068 interpre-

1953 4090 2170 4159 phetas,
2232 4097 2289 4145 et
2354 4088 2598 4159 Caiphas
2662 4088 2871 4144 invitus
2931 4090 3358 4160 prophetizavit.
3417 4094 3547 4151 Erat

1951 4180 2121 4243 enim,
2152 4181 2353 4251 inquit,
2384 4178 2627 4251 pontifex
2658 4179 2788 4235 anni
2821 4180 2992 4235 illius.
3032 4177 3128 4235 Sin
3165 4183 3426 4239 sacerdos
3450 4183 3542 4250 sit,

1952 4281 2045 4328 aut
2077 4274 2219 4328 alius
2259 4273 2442 4330 sacris
2476 4272 2754 4337 initiatus,
2790 4271 3121 4343 deponetur.
3160 4272 3304 4344 Lege
3332 4283 3386 4329 et
3419 4289 3542 4345 cap.

1951 4365 2021 4420 ~29
2055 4366 2137 4420 tit.
2172 4364 2205 4421 9
2247 4365 2538 4436 praesentis
2582 4365 2790 4435 operis,
2826 4373 2881 4420 et
2922 4364 3175 4422 invenies
3206 4366 3261 4423 in
3297 4381 3363 4422 eo
3396 4367 3545 4436 leges

257 4467 566 4532 τάγματος,
600 4464 695 4518 καὶ
738 4463 996 4535 εὑρήσεις
1038 4464 1097 4518 ἐν
1134 4462 1283 4533 αὐτῷ
1324 4461 1526 4531 νόμους
1563 4462 1851 4533 διαφόρους

1957 4460 2227 4525 diversas,
2269 4474 2393 4529 quae
2433 4460 2604 4513 multa
2647 4457 2716 4513 de
2760 4457 3147 4514 sacerdotibus
3189 4469 3247 4513 et
3294 4458 3419 4514 aliis
3448 4461 3545 4530 qui

259 4556 436 4610 πολλὰ
468 4556 595 4627 περὶ
627 4558 817 4626 ίερέων
846 4556 943 4609 καὶ
971 4555 1173 4626 ὲτερων
1205 4554 1521 4626 ἱερωμένων
1549 4554 1851 4626 διαλαμϐά-

260 4665 457 4711 νοντας
478 4687 494 4714 ,
526 4649 843 4719 ἐπισκόπων
872 4648 929 4699 δὲ
960 4647 1098 4711 ὅλως
1134 4648 1327 4718 μνείαν
1360 4645 1437 4717 μὴ
1467 4648 1847 4717 ποιουμένους.

338 4741 578 4796 ΖΩΝΑΡ.
617 4741 691 4794 Τὸ
723 4740 951 4793 παλαιὸν
982 4740 1044 4795 τὸ
1082 4740 1180 4811 μὲν
1215 4743 1476 4811 κήρυγμα
1510 4738 1759 4810 ἐδέχοντο
1797 4741 1849 4794 oi

263 4834 507 4897 πλείους,
539 4834 631 4887 καὶ
667 4831 952 4887 ἐπίστευον
1008 4832 1085 4900 τῷ
1119 4832 1360 4903 Χριστῷ,
1395 4831 1754 4901 βαπτίζεσθαι
1787 4832 1883 4905 δὲ,

264 4926 671 4997 ὑπερετίθεντο.
712 4926 803 4981 Διὸ
839 4928 935 4979 καὶ
973 4927 1001 4978 ό
1040 4925 1299 4994 Θεολόγος
1342 4926 1643 4997 Γρηγόριος
1685 4925 1779 4979 καὶ
1817 4926 1846 4980 ό

267 5020 440 5091 μέγας
472 5019 748 5081 Βασίλειος
772 5022 897 5081 τοὺς
928 5019 1006 5082 είς
1032 5018 1092 5071 τὸ
1120 5016 1273 5088 ἅγιον
1303 5017 1588 5088 βάπτισμα
1617 5034 1850 5088 προτρε-

264 5114 497 5174 πτικοὺς
525 5112 930 5181 συνεγράψαντο
958 5107 1368 5180 λόγους.⁷Ησαν
1391 5110 1484 5164 οὖν
1508 5113 1565 5165 ὲν
1587 5113 1699 5174 τοῖς
1729 5127 1851 5163 και-

266 5209 384 5279 ροῖς
422 5204 531 5258 τῶν
567 5206 823 5275 διωγμῶν
861 5202 1093 5257 τοιοῦτοι
1136 5202 1342 5265 πολλοὶ,
1385 5203 1705 5268 Χριστιανοὶ
1747 5200 1849 5272 μὲν

262 5301 456 5364 ὅντες,
496 5300 665 5369 μήπω
696 5300 753 5353 δὲ
790 5298 1201 5369 βαπτισθέντες.
1232 5298 1401 5367 Φησὶν
1438 5293 1531 5355 οὖν
1566 5295 1698 5367 περὶ
1731 5296 1852 5349 τού-

264 5409 378 5445 των
402 5394 429 5444 ό
459 5390 637 5444 κανὼν
662 5392 766 5455 ὅτι,
800 5392 892 5447 ἐάν
916 5410 1060 5455 τινες
1090 5390 1292 5445 ἔθυσαν
1320 5388 1746 5457 κατασχεθέντες
1775 5388 1850 5451 ὡς

264 5483 624 5553 Χριστιανοὶ,
655 5483 953 5551 ἀφώτιστοι
981 5483 1037 5536 δὲ
1070 5482 1221 5547 ὄντες
1256 5480 1395 5552 μετά
1420 5480 1595 5534 ταῦτα
1624 5478 1851 5534 ἐϐαπτί-

264 5577 499 5647 σθησαν,
530 5574 682 5628 οὐδὲν
709 5575 904 5639 αὐτοὺς
934 5575 1136 5631 κωλύει
1160 5575 1223 5629 τὸ
1253 5574 1416 5629 θῦσαι
1447 5574 1525 5637 είς
1555 5572 1614 5626 τὸ
1649 5589 1854 5644 προαρ-

343 5761 387 5790 ⁹³
424 5758 614 5812 Matth.
652 5772 762 5822 xw,
811 5754 896 5810 19.

1953 4562 2084 4608 sunt
2132 4552 2187 4605 in
2233 4550 2411 4606 sacris
2461 4559 2740 4617 tractent;
2779 4550 3164 4622 episcoporum
3201 4563 3388 4608 autem
3422 4568 3544 4609 om.

1951 4646 2086 4701 nino
2121 4643 2449 4698 mentionem
2480 4658 2586 4699 non
2619 4642 2851 4699 faciunt.

2026 4734 2279 4791 ZONAR.
2319 4732 2576 4806 Mysteria
2605 4735 2833 4805 quidem
2857 4735 2987 4791 olim
3015 4744 3220 4793 nostrae
3254 4739 3542 4812 religionis

1952 4828 2137 4884 audita
2170 4826 2355 4898 plures
2381 4825 2762 4891 admittebant,
2795 4842 2861 4881 ac
2890 4828 3037 4893 lidei,
3073 4844 3195 4900 quae
3221 4830 3288 4885 de
3318 4831 3544 4890 Christo

1954 4930 2059 4984 est,
2097 4920 2259 4989 plane
2290 4917 2780 4985 assentiebantur;
2816 4918 2912 4974 sed
2952 4919 3208 4989 baptismi
3240 4922 3383 4978 diem
3424 4924 3547 4982 Ion.

1957 5015 2080 5081 gius
2123 5007 2484 5066 nihilominus
2515 5009 2905 5064 extrahebant.
2951 5009 3032 5065 Ex
3067 5027 3177 5081 quo
3211 5024 3263 5067 et
3295 5013 3543 5083 Gregorii

1958 5104 2217 5174 TheOIOgi
2251 5113 2304 5158 et
2330 5101 2513 5172 magni
2544 5100 2732 5157 Basilii
2774 5102 3076 5169 orationes,
3110 5104 3310 5174 quibus
3344 5107 3409 5160 ad
3446 5109 3544 5162 ba-

1958 5200 2217 5270 ptismum
2252 5195 2639 5257 hortabantur,
2675 5193 2961 5251 exstitere.
2998 5195 3171 5251 Erant
3223 5198 3403 5267 itaque
3449 5215 3545 5269 per

1958 5307 2019 5347 ea
2061 5299 2331 5361 tempora,
2367 5287 2568 5356 quibus
2615 5302 2729 5342 rem
2777 5287 3151 5342 Christianam
3202 5292 3421 5361 tyranni
3454 5294 3536 5346 di-

1958 5385 2253 5447 vexabant,
2284 5379 2557 5451 ejusmodi
2593 5379 2846 5436 homines
2888 5382 3028 5435 haud
3061 5384 3247 5452 pauci,
3278 5384 3374 5454 qui
3417 5400 3539 5439 cum

1958 5474 2271 5532 Christiana
2325 5470 2668 5542 professione
2717 5482 3099 5538 censerentur,
3153 5475 3422 5543 baptismo
3457 5486 3541 5528 ta-

1960 5584 2080 5625 men
2136 5579 2482 5638 nequaquam
2528 5563 2707 5620 adhuc
2759 5564 2961 5634 expiati
3020 5564 3279 5624 fuissent.
3332 5565 3407 5623 De
3457 5567 3544 5625 his
