4076 6406
503 299 645 361 1159

1743 287 2026 349 THEOD.
2069 285 2476 347 BALSAMON

3626 273 3769 338 1160

495 412 662 481 igitur
709 410 1042 476 hominibus,
1075 409 1121 464 si
1158 405 1379 464 nomine
1427 403 1758 461 Christianm
1802 401 2082 473 religionis

2208 402 2385 471 [Θῆναι
2417 403 2497 466 εἰς
2529 399 2682 466 τάξιν
2703 439 2718 465 ,
2751 399 3030 454 τουτέστιν
3061 398 3141 462 εἰς
3177 393 3478 467 ἱερωσύνης
3517 390 3726 460 βαθμόν
3754 395 3770 410 ⁸

495 505 876 574 comprehensi
904 503 1274 564 immolavere,
1301 514 1365 554 ac
1389 507 1573 568 postea
1600 497 1891 566 baptismo,
1913 508 2072 564 quem

497 608 654 650 antea
705 613 810 649 non
861 601 1255 663 susceperant,
1293 591 1490 646 initiati
1524 596 1696 652 sunt;
1745 586 1878 641 nihil
1909 601 1974 639 es
2009 599 2076 638 eo

2182 495 2242 547 τὸ
2265 494 2374 564 γὰρ
2401 496 2553 562 ἆγιον
2580 494 2860 564 βάπτισμα
2885 493 3100 547 ἅπαντα
3125 489 3196 543 τὰ
3223 487 3414 558 πρώην
3445 485 3774 556 μολύσματα

2185 586 2482 640 ἀπολοῦσαι
2522 588 2617 640 καὶ
2651 586 2958 655 ἐκκαθᾶραι
2993 581 3311 636 πιστεύεται
3345 579 3503 632 ὁποῖα
3536 574 3602 628 ἂν
3635 570 3773 628 εἷεν.

497 685 640 753 quod
693 685 1130 738 sacrilicaverint
1181 681 1468 752 impediri,
1521 678 1817 748 quominus
1861 691 1956 730 eos
2005 676 2071 729 atl
2109 678 2382 742 ordinem,
2439 679 2542 732 hoc
2583 684 2669 732 est
2737 676 3024 732 sacerdotii
3089 673 3340 742 gradum,
3386 668 3541 725 evehi
3588 666 3774 722 licu‘al.

500 790 675 830 canon
705 772 968 827 decernit.
997 770 1200 826 Omnes
1221 771 1366 825 enim
1393 777 1549 822 antea
1578 775 1877 822 contracta:
1897 766 2090 820 sordes
2127 767 2400 837 baptismo
2435 767 2542 823 elui
2576 769 2859 837 delerique
2887 764 3208 822 creduntur.

499 868 724 924 ARIST.
764 887 784 920 ς
827 866 931 932 Qui
978 877 1104 920 ante
1133 866 1404 935 baptisma
1437 863 1800 927 sacriﬁcavit,
1831 869 1953 932 post
1995 862 2082 914 in-

999 977 1018 1010 ι
1063 975 1196 1014 sons
1231 959 1520 1012 habeatur.
1561 974 1577 1010 ι

569 1054 704 1107 Cum
730 1061 983 1107 sanctum
1012 1053 1282 1122 baptisma
1305 1065 1519 1103 onmem
1547 1049 1837 1103 animalem
1865 1047 2080 1102 sordem

503 1147 708 1209 abluat,
746 1145 944 1200 merito
1001 1143 1221 1213 quidem
1284 1141 1374 1195 ille
1420 1140 1514 1209 qui
1575 1146 1704 1193 ante
1751 1138 2080 1207 baptismum

503 1235 855 1301 sacriﬁcavit,
913 1241 1039 1302 post
1087 1232 1418 1302 baptismum
1464 1231 1696 1284 crimine
1743 1228 1981 1292 vacabit,
2028 1235 2083 1281 et

504 1330 570 1382 ad
608 1327 834 1398 gradum
878 1323 1274 1381 sacerdotalem
1325 1321 1761 1392 promovebitur,
1802 1319 1846 1375 si
1893 1319 2088 1375 subse-

505 1435 681 1491 quens
708 1418 826 1487 ejus
857 1417 967 1470 vita
1003 1417 1280 1484 inculpata
1316 1415 1647 1468 inveniatur.

1094 1504 1323 1561 CANON
1365 1505 1508 1558 ΧΙΙΙ.

517 1623 535 1656 ι
578 1599 1004 1672 Chorepiscopis
1030 1613 1136 1652 non
1163 1597 1326 1651 licere
1351 1598 1697 1667 presbyteros
1724 1597 1808 1651 vel
1831 1597 2093 1652 diaconos

588 1715 606 1748 ι
652 1697 945 1756 ordinare;
997 1691 1090 1744 sed
1139 1703 1318 1758 neque
1370 1689 1519 1742 urbis
1573 1687 1932 1758 presbyteris,
1989 1688 2092 1742 nisi

589 1808 608 1840 ‹
651 1804 774 1843 cum
812 1787 1008 1840 litteris
1039 1785 1106 1838 ab
1137 1785 1395 1854 episcopo
1437 1781 1768 1851 permissum
1806 1779 1999 1845 fuerit,
2033 1780 2086 1834 in
2121 1788 2163 1844 Β

584 1903 602 1934 ι
647 1881 820 1936 aliena
851 1877 1136 1949 parochia.
1179 1897 1198 1928 ι

589 2056 782 2113 BALS.
825 2055 881 2111 Si
931 2057 1074 2110 scire
1117 2052 1251 2107 velis
1286 2051 1512 2118 quinam
1546 2050 1656 2104 sint
1679 2049 2092 2119 chorepiscOpi,

517 2162 571 2207 et
613 2163 860 2220 quaenam
916 2162 1104 2201 eorum
1150 2143 1460 2213 privilegia,
1510 2144 1625 2213 lege
1663 2141 2095 2197 Neocmsarianae

515 2240 712 2314 synodi
757 2253 1020 2293 canonem
1069 2236 1157 2300 15,
1204 2235 1562 2289 Antiochenae
1617 2249 1879 2289 canonem
1930 2232 1997 2286 10
2040 2239 2096 2286 et

515 2331 690 2387 sancti
724 2327 907 2382 Basilii
935 2327 1000 2381 ad
1032 2327 1458 2396 chorepiscopos
1485 2324 1797 2394 epistolam.
1835 2323 2096 2379 Statuunt

517 2433 702 2485 autem
742 2427 796 2474 et
836 2419 1121 2489 praesentis
1167 2418 1361 2488 synodi
1405 2416 1593 2472 Patres
1637 2416 2093 2486 chorepiscopum

519 2528 626 2566 non
667 2509 923 2565 ordinare
953 2507 1304 2580 presbyteros
1330 2508 1414 2562 vel
1448 2506 1713 2562 diaconos
1746 2507 1864 2560 sine
1893 2507 2095 2575 scripta

518 2602 746 2673 epistola
785 2600 986 2670 proprii
1018 2600 1286 2668 episc0pi,
1324 2599 1417 2654 sed
1445 2612 1619 2666 neque
1647 2597 1796 2651 urbis
1815 2601 2097 2667 presbyte-

522 2710 666 2750 rum.
698 2695 776 2752 Ac
807 2694 873 2747 de
898 2691 1147 2761 przescnti
1182 2690 1345 2759 387
1369 2689 1586 2757 quidem
1614 2703 1825 2742 canone
1850 2688 2096 2756 qumdam

520 2787 767 2846 scribere
809 2785 1166 2847 volebamus:
1213 2781 1307 2836 sed
1350 2780 1608 2850 quoniam
1671 2779 2096 2849 chorepiscopo-

522 2894 644 2938 rum
701 2879 902 2948 gradus
947 2875 1169 2935 omnino
1208 2871 1461 2935 exolevit,
1511 2886 1686 2940 neque
1733 2886 1835 2927 nos
1879 2872 2095 2926 inanem

525 2972 730 3032 frustra
763 2972 1003 3025 laborem
1030 2967 1313 3034 suscipere
1341 2963 1640 3018 voluimus.

593 3143 845 3201 ZONAR.
889 3141 1084 3196 Eadem
1105 3140 1456 3198 Antiochense
1477 3155 1689 3210 quoque
1712 3141 1903 3211 synodi
1924 3155 2100 3196 canon

2208 3096 2568 3167 ὴθελὴσαμεν.

524 3235 772 3289 decimus
806 3231 874 3284 de
902 3214 1313 3299 chorepiscopis
1342 3232 1551 3294 statuit,
1577 3231 1777 3299 quibus
1805 3230 2107 3300 presbyteri

527 3343 591 3380 ac
655 3324 868 3378 «lini-oni
933 3321 1209 3376 creatione
1266 3321 1635 3387 interdicens,
1699 3320 2108 3390 ltypodiaconos

527 3421 761 3472 tantum,
801 3411 1034 3465 lectores
1072 3425 1136 3463 ac
1189 3408 1493 3462 cxorcistas
1531 3407 1750 3462 creandi
1782 3416 2106 3477 potestatem

524 3503 783 3570 relinquit
828 3520 840 3554 :
888 3501 1200 3556 sacerdotes
1251 3516 1396 3564 vero,
1443 3515 1506 3554 ac
1556 3501 1856 3566 diaconos,
1903 3503 2110 3570 absque

523 3609 735 3660 eorum,
761 3593 958 3662 quibus
990 3593 1219 3657 subjecti
1242 3601 1394 3655 sunt,
1420 3591 1798 3664 episcoporum
1829 3589 2108 3656 facultate,

528 3697 736 3746 creare,
759 3683 852 3736 sed
885 3691 936 3735 et
960 3681 1273 3742 sacerdotes
1299 3682 1350 3734 in
1381 3679 1513 3735 urbe
1537 3680 1714 3750 aliqua
1742 3681 2106 3745 constituere,

529 3776 754 3837 omnino
791 3785 956 3831 vetat.
993 3775 1047 3828 Si
1082 3789 1315 3844 namque
1339 3773 1392 3832 in
1425 3773 1492 3826 iis
1517 3773 1851 3842 regionibus,
1878 3789 2107 3842 quarum

527 3869 770 3938 episcopi
791 3878 938 3933 sunt,
955 3869 1129 3924 dictos
1149 3866 1370 3922 creandi
1397 3875 1715 3934 potestatem
1743 3882 1846 3921 non
1869 3869 2068 3922 habent
2093 3884 2107 3922 :

533 3961 706 4014 multo
739 3959 912 4030 magis
951 3960 999 4012 id
1034 3960 1138 4013 sibi
1173 3974 1388 4012 sumere
1420 3960 1472 4011 in
1505 3957 1732 4017 urbibus
1760 3958 2110 4012 vetabuntur.

533 4050 866 4106 Facultatem
927 4067 1089 4119 porro
1146 4050 1413 4119 ejusmodi
1459 4065 1552 4119 per
1597 4051 1831 4113 litteras,
1876 4051 1977 4103 hoc
2027 4055 2112 4104 est

529 4145 751 4212 scriptis
811 4155 1109 4201 exaratam,
1142 4157 1208 4194 ne
1258 4156 1379 4210 quae
1422 4141 1488 4193 dc
1522 4155 1584 4194 ea
1633 4155 1692 4195 re
1741 4140 2111 4194 controversia

530 4238 829 4298 oboriatur,
861 4235 1255 4302 chorepiscopo
1287 4234 1504 4302 quidem
1544 4233 1743 4286 factam
1782 4233 1828 4286 ei
1866 4239 2112 4300 potesta-

533 4341 638 4384 tem
691 4337 1063 4387 asseverante,
1110 4326 1371 4395 episcopo
1418 4333 1622 4387 autem,
1677 4323 1758 4378 vel
1809 4338 1916 4375 non
1979 4321 2113 4376 satis

533 4421 802 4488 explicata
851 4419 1058 4474 ratione
1094 4419 1389 4479 ntcntorize,
1432 4417 1516 4470 vel
1559 4415 1661 4468 alia
1695 4427 2018 4486 quacunque
2050 4412 2114 4466 de

535 4528 725 4572 causa,
758 4522 1108 4579 pcrncgante,
1147 4523 1322 4562 canon
1350 4505 1575 4568 concedi
1605 4505 1779 4573 jubet.

535 4602 766 4659 ARIST.
810 4621 828 4655 ι
871 4602 1311 4670 Chorepismpus
1345 4614 1450 4651 non
1483 4595 1696 4650 ordinat
1729 4595 1846 4651 sine
1874 4594 2113 4667 episcopi

1078 4710 1094 4740 ι
1135 4688 1517 4760 permissione.
1562 4707 1580 4738 ι

612 4785 707 4840 llic
743 4783 959 4854 quidem
999 4796 1174 4833 canon
1223 4779 1343 4832 sine
1391 4777 1743 4834 distinctione
1774 4778 2118 4847 chorepisco-

539 4895 638 4948 pos
686 4878 805 4929 sine
851 4871 1090 4942 episcopi
1135 4869 1497 4940 permissione
1529 4869 1789 4926 ordinare
1834 4868 2112 4940 prohibet.

540 4971 610 5026 At
637 4966 884 5020 decimus
914 4963 1105 5034 synodi
1143 4961 1496 5015 Antiocheam
1528 4976 1703 5015 canon
1749 4961 2002 5016 concedit
2035 4960 2115 5016 eis

542 5060 776 5111 lectores
825 5064 1056 5117 tantum,
1105 5053 1186 5105 vel
1236 5051 1641 5122 hypmliaconos
1687 5049 1768 5103 vel
1815 5048 2116 5103 exorcistas

540 5149 900 5206 constituere,
941 5160 1044 5196 non
1076 5151 1254 5197 autem
1293 5142 1669 5211 presbyterum
1702 5143 1781 5194 vel
1822 5142 2112 5194 diaconum

541 5239 801 5292 ordinare
827 5236 1044 5296 audere,
1081 5237 1197 5291 sine
1228 5234 1466 5303 episcopi
1500 5220 1735 5286 civitatis
1770 5232 1912 5285 illius
1941 5231 2025 5284 cui
2061 5237 2114 5284 et

543 5334 633 5388 ille
656 5339 708 5386 et
743 5330 890 5400 regio
918 5329 1108 5383 subest
1143 5329 1440 5380 voluntate.
1479 5325 1704 5394 Magnus
1732 5340 1857 5378 vero
1885 5323 2118 5378 Basilius

543 5424 826 5480 inveniens
870 5419 1150 5472 ministros
1192 5416 1449 5470 Ecclesiae
1485 5431 1513 5468 a
1557 5414 1970 5484 chorepiscopis
2001 5414 2118 5468 sine

541 5513 946 5569 ruminatione
977 5509 1172 5578 factos,
1201 5520 1579 5576 strpenumero
1607 5513 1784 5560 autem
1819 5512 1872 5559 et
1903 5520 1931 5558 a
1963 5519 2117 5574 pres-

545 5608 747 5679 lsyteris
775 5614 826 5660 ct
852 5603 1100 5658 diaconis
1129 5585 1492 5664 introductos,
1524 5608 1712 5652 contra
1733 5598 2110 5667 episcoporum

543 5715 765 5758 suorum
799 5694 1239 5767 permissionem,
1283 5707 1394 5751 non
1431 5691 1681 5747 concedit
1711 5689 2114 5760 cborepiScOpis

2187 865 2412 918 ΑΡΙΣΤ.
2439 882 2458 915 ι
2494 863 2551 916 '0
2585 862 2692 931 πρδ
2744 863 2838 914 τοῦ
2873 859 3250 929 βαπτίσματος
3282 855 3454 916 θύσις
3483 851 3782 916 ἀνεύθυνος

2627 972 2647 1004 ‹
2696 952 2835 1024 μετᾶ
2865 951 2926 1003 τὸ
2958 950 3263 1020 βάπτισμα.
3315 964 3333 996 ι

2271 1049 2427 1105 Ἐπεὶ
2469 1049 2528 1102 τὸ
2571 1049 2728 1117 ἅγιον
2774 1047 3062 1116 βάπτισμα
3105 1043 3284 1099 πάντα
3333 1041 3505 1112 ῥύπον
3542 1037 3782 1108 ψυχικδν

2188 1142 2512 1208 ἁποπλύνει,
2552 1143 2776 1205 εἰκότως
2823 1142 2852 1193 ὁ
2898 1139 3006 1208 πρὸ
3045 1135 3142 1189 τοῦ
3188 1134 3566 1204 βαπτίσματος
3610 1131 3786 1192 θύσας

2192 1235 2332 1306 μετὰ
2366 1236 2426 1287 τὸ
2463 1235 2747 1304 βάπτισμα
2781 1231 2938 1285 ἔσται
2974 1227 3287 1288 ἀνεύθυνος,
3325 1227 3420 1276 καὶ
3457 1224 3538 1284 εἰς
3577 1223 3791 1292 ἱερατι-

2195 1329 2289 1382 κδν
2322 1328 2529 1399 βαθμὸν
2561 1327 3004 1395 προαχθήσεται,
3035 1322 3197 1390 εἴπερ
3228 1321 3256 1372 ὁ
3291 1316 3430 1388 μετά
3458 1315 3632 1373 ταῦτα
3665 1313 3790 1383 βίος

2197 1423 2364 1478 αὐτοῦ
2395 1420 2594 1492 εὑρεθῇ
2628 1418 3019 1484 ἀνεπίληπτος.

2799 1507 3041 1566 ΚΑΝΩΝ
3077 1503 3178 1561 1Γ¹.

2201 1633 2219 1667 ι
2275 1609 2744 1682 Χωρεπισκόπους
2832 1605 2907 1677 μὴ
2987 1603 3190 1668 ἐξεῖναι
3264 1597 3678 1668 πρεσϐυτέρους
3751 1591 3790 1662 ἢ

2277 1729 2295 1762 ι
2339 1708 2620 1766 διακόνους
2651 1701 2980 1773 χειροτονεῖν
3007 1713 3022 1729 ⁶
3057 1695 3194 1750 ἀλλὰ
3229 1695 3336 1765 μὴν
3371 1691 3507 1762 μηδὲ
3541 1686 3795 1757 πρεσϐυ-

2270 1821 2289 1854 ι
2335 1801 2528 1871 τέρους
2613 1795 2859 1859 πόλεως,
2950 1790 3122 1861 χωρὶς
3210 1787 3304 1841 τοῦ
3406 1781 3795 1853 ἐπιτραπῆναι

2224 1906 2226 1908 ⁷
2273 1913 2292 1944 ι
2338 1892 2443 1946 ὑπὸ
2471 1889 2566 1943 τοῦ
2601 1887 2903 1942 ἐπισκόπου
2942 1881 3080 1953 μετὰ
3112 1879 3458 1950 γραμμάτων
3479 1915 3494 1940 ,
3527 1875 3587 1926 ὲν
3617 1873 3796 1942 ἑτέρᾳ

2272 2004 2289 2035 ι
2335 1983 2620 2052 παροικίᾳ.
2673 1999 2690 2032 ι

2267 2075 2468 2129 ΒΑΛΣ.
2497 2076 2559 2127 Εἰ
2577 2074 2752 2135 θέλεις
2773 2069 2964 2140 μαθεῖν
2981 2066 3126 2128 τίνες
3143 2061 3284 2116 εἰσὶν
3300 2062 3348 2114 οἱ
3371 2057 3797 2130 χωρεπίσκοποι

2196 2170 2291 2225 καὶ
2319 2171 2442 2222 τίνα
2470 2167 2537 2219 τὰ
2565 2164 2774 2218 τούτων
2803 2159 3095 2230 προνόμια,
3127 2152 3406 2224 ἀνάγνωθι
3433 2151 3531 2220 τῆς
3560 2151 3619 2202 ὲν
3650 2147 3801 2199 Ngo-9

2199 2262 2500 2333 καισαρείᾳ
2528 2259 2745 2312 συνόδου
2775 2256 2978 2311 κανόνα
3009 2259 3100 2322 ιγ’,
3130 2252 3228 2321 τῆς
3260 2249 3317 2301 ὲν
3350 2243 3657 2314 Ἀντιοχείᾳ
3692 2256 3801 2294 κα-

2201 2357 2328 2413 νόνα
2359 2363 2410 2421 ι’,
2441 2353 2534 2406 καὶ
2561 2354 2660 2421 τὴν
2691 2350 2827 2420 πρὸς
2856 2349 2982 2412 τοὺς
3011 2343 3462 2418 χωρεπισκόπους
3494 2336 3799 2404 ἐπιστολὴν

2196 2450 2292 2503 τοῦ
2319 2450 2474 2517 ἁγίου
2504 2445 2805 2501 Βασιλεὶου.
2829 2440 3167 2512 Διορίζονται
3191 2435 3243 2489 δὲ
3270 2433 3366 2488 καὶ
3388 2434 3435 2484 οἱ
3459 2431 3558 2500 τῆς
3582 2427 3799 2498 παρούο

2201 2559 2301 2613 σης
2340 2539 2560 2594 συνόδου
2604 2537 2846 2605 Πατέρες
2888 2533 2963 2603 μὴ
3003 2529 3333 2602 χειροτονεῖν
3369 2521 3799 2613 χωρεπίσκοπον

2127 2663 2132 2667 -
2199 2609 2604 2704 πρεσϐυτέρους
2626 2627 2658 2696 ἢ
2684 2626 2968 2686 διακόνους
2989 2621 3158 2692 χωρὶς
3185 2616 3469 2686 ἐγγράφου
3495 2609 3798 2704 ἐπιστολῆς

2198 2702 2290 2778 τοῦ
2315 2722 2582 2793 ἐγχωρίου
2609 2718 2941 2772 ἐπισκόπου’
2967 2713 3103 2768 ἀλλὰ
3130 2711 3266 2780 μηδὲ
3291 2705 3565 2776 πρεσϐύτε
3577 2721 3669 2772 ρον
3697 2702 3796 2752 πός

2197 2818 2355 2878 λεως.
2399 2814 2535 2882 Περὶ
2584 2811 2767 2881 μέντοι
2807 2806 2902 2861 τοῦ
2944 2805 3210 2876 παρόντος
3253 2802 3480 2859 κανόνος
3521 2795 3798 2869 ἠθέλομεν

2199 2910 2411 2982 γράψαι
2444 2905 2568 2960 τινά
2591 2922 2606 2936 ·
2650 2905 2772 2957 ἐπεὶ
2807 2902 2866 2955 δὲ
2903 2902 2930 2954 ό
2967 2898 3077 2952 τῶν
3107 2892 3544 2966 χωρεπισκόπων
3579 2885 3799 2956 βαθμος

2200 2981 2482 3066 παντελῶς
2530 2999 2912 3073 ἡπράκτησεν,
2963 2991 3084 3046 οὐδὲ
3133 2991 3296 3060 ἡμεῖς
3349 2981 3799 3058 ματαιοπονῆσαι

2286 3165 2532 3242 ΖΩΝᾹΡ.
2584 3186 2644 3238 '0
2696 3184 2792 3252 τῆς
2829 3184 2885 3236 ὲν
2932 3175 3236 3247 Ἀντιοχείᾳ
3285 3169 3504 3225 συνόδου
3561 3165 3803 3228 δέκατος

2215 3282 2398 3336 κανὼν
2443 3281 2511 3333 τὰ
2568 3279 2708 3333 αὐτὰ
2763 3274 2893 3345 περὶ
2944 3272 3052 3325 τῶν
3102 3263 3541 3339 χωρεπισκόπων
3592 3256 3800 3328 ὁρίζει,

2217 3373 2590 3441 ἀπαγορεύων
2619 3370 2804 3431 αὐτοῖς
2825 3361 3166 3436 χειροτονίαν
3199 3355 3584 3428 πρεσϐυτέρου
3620 3351 3799 3420 ῆδια-

2216 3468 2400 3532 κόνου,
2439 3465 2634 3534 μόνους
2692 3461 2749 3514 δὲ
2807 3456 3122 3525 ἐπιτρέπων
3181 3449 3510 3521 χειροτονεῖν
3567 3442 3804 3496 ὑποδια-

2216 3561 2407 3621 κόνους
2464 3555 2560 3610 καὶ
2605 3552 2963 3621 ἀναγνώστας
3003 3548 3097 3601 καὶ
3137 3540 3498 3614 ἐφορκιστάς·
3544 3539 3675 3592 ἄνευ
3739 3535 3803 3587 δὲ

2216 3651 2523 3724 ἐπιτροπῆς
2554 3649 2660 3703 τῶν
2692 3643 3012 3698 ἐπισκόπων
3038 3634 3121 3702 οἷς
3147 3637 3466 3690 ὑπόκεινται
3492 3629 3567 3702 μὴ
3591 3631 3802 3694 ἐξεῖναι

2217 3721 2404 3808 αὐτοῖς
2452 3740 2830 3812 πρεσϐύτερον
2886 3735 2918 3807 ἦ
2976 3733 3225 3787 διάκονον
3266 3726 3614 3798 χειροτονεῖν,
3656 3721 3803 3774 ἀλλὰ

2223 3839 2358 3911 μηδὲ
2387 3833 2794 3906 πρεσϐυτέρους
2825 3831 2881 3882 ὲν
2915 3827 3110 3880 πόλεσι
3158 3815 3449 3888 καθιστᾷν.
3485 3818 3546 3868 Et
3581 3813 3705 3911 ,γὰρ
3740 3815 3804 3866 ἐν

2216 3904 2338 3991 ταῖς
2401 3904 2607 3996 χώραις
2666 3925 2723 3976 ὲν
2781 3913 2871 3980 αἷς
2945 3911 3338 3968 ἐπισκοποῦσιν
3390 3908 3450 3962 ού
3534 3904 3804 3965 δύνανται

2220 4020 2550 4092 χειροτονεῖν
2609 4014 2738 4076 τοὺς
2792 4009 3144 4081 εἰρημένους,
3226 4000 3427 4072 μᾶλλον
3483 4001 3538 4051 ὲν
3600 3997 3803 4049 πόλεσι

2219 4113 2377 4167 τοῦτο
2406 4111 2580 4164 ποιεῖν
2616 4105 2942 4158 κωλύονται.
2975 4100 3085 4169 Τὴν
3113 4097 3170 4158 δὲ
3202 4094 3507 4165 ἐπιτροπὴν
3541 4090 3801 4161 βούλεται

2219 4203 2249 4254 ὁ
2279 4200 2459 4255 κανὼν
2493 4198 2582 4252 διὰ
2618 4194 2962 4265 γραμμάτων
2997 4187 3282 4260 γίνεσθαι,
3319 4187 3441 4256 ἦτοι
3477 4183 3762 4252 ἔγγραφον
3785 4221 3801 4246 ,

2225 4293 2310 4346 ἵνα
2368 4292 2443 4361 μή
2501 4305 2585 4351 τις
2625 4287 2708 4354 εἴη
2763 4285 2892 4354 περὶ
2947 4281 3135 4335 τούτου
3185 4276 3510 4349 ἀμφιϐολία,
3564 4275 3657 4326 τοῦ
3697 4274 3804 4342 μὲν

2222 4384 2647 4455 χωρεπισκόπου
2695 4379 2948 4446 λέγοντος
3001 4373 3403 4443 ἐπιτραπῆναι,
3442 4369 3537 4422 τοῦ
3589 4372 3645 4422 δὲ
3678 4371 3804 4422 ἑπι-

2149 4473 2196 4530 D
2227 4480 2432 4530 σκόπου
2464 4469 2802 4542 ἀρνουμένου
2847 4467 2977 4530 ἴσως
3017 4464 3050 4536 ἢ
3100 4465 3188 4518 διὰ
3229 4463 3400 4534 λήθην
3437 4461 3688 4539 Mum.

2219 4566 2444 4626 ΔΡΙΣΤ.
2504 4583 2522 4616 ι
2551 4562 2984 4632 Χωρεπίσκοπος
3045 4558 3106 4610 οὐ
3159 4557 3455 4631 χειροτονεῖ
3498 4555 3628 4613 ἄνευ
3676 4553 3807 4607 ἐπι-

2657 4676 2676 4708 ‹
2719 4652 2925 4726 τροπῆς
2966 4652 3285 4709 ἐπισκόπου.
3340 4666 3357 4698 ι

2303 4756 2362 4809 Ὀ
2387 4753 2488 4825 μὲν
2517 4750 2697 4803 κανὼν
2717 4742 2872 4808 οὗτος
2899 4746 3267 4806 άδιαστίκτως
3299 4744 3424 4805 τοὺς
3450 4741 3807 4812 χωρεπισκό-

2222 4863 2357 4911 πους
2405 4843 2606 4899 κωλύει
2652 4840 2984 4912 χειροτονεῖν
3035 4838 3166 4891 ἄνευ
3217 4835 3524 4905 ἐπιτροπῆς
3574 4832 3810 4889 ἐπισκό.

2225 4956 2351 4995 πουο
2394 4941 2421 4992 ό
2453 4938 2508 4992 δὲ
2546 4936 2775 4998 δέκατος
2800 4931 2980 4986 κανὼν
3010 4931 3111 5001 τῆς
3133 4932 3190 4982 ὲν
3235 4926 3541 4999 Ἀντιοχείᾳ
3568 4924 3805 4978 συνόδου

2223 5035 2499 5104 συγχωρεῖ
2549 5031 2733 5092 αὐτοῖς
2787 5028 2947 5098 μόνον
2999 5022 3379 5092 ἀναγνώστας,
3425 5023 3520 5074 καὶ
3575 5020 3811 5072 ὑποδιαο

2222 5129 2432 5191 κόνους,
2495 5126 2588 5178 καὶ
2644 5123 2971 5193 ὲφορκιστᾶς
3033 5117 3319 5186 καθιστᾷν,
3367 5117 3442 5186 μὴ
3495 5115 3684 5182 μέντοι
3739 5131 3810 5181 γε

2225 5218 2665 5293 πρεσϐύτερον-ἢ
2723 5219 2971 5270 διάκονον
3030 5213 3358 5284 χειροτονεῖν
3407 5211 3612 5280 τολμᾷν
3673 5209 3812 5278 δίχα

2225 5314 2452 5382 γνώμης
2515 5310 2608 5364 τοῦ
2669 5312 2727 5363 ὲν
2778 5312 2842 5378 τῇ
2891 5306 3042 5360 πόλει
3102 5297 3466 5375 ὲπισκόπουῇ
3512 5303 3812 5356 ὑπόκειται

2227 5408 2390 5469 αὐτος
2418 5423 2475 5457 τε
2508 5405 2603 5459 καὶ
2633 5405 2665 5475 ή
2693 5401 2866 5472 χώρα.
2902 5400 2962 5453 '0
2991 5400 3047 5453 δὲ
3082 5401 3252 5466 μέγας
3281 5397 3581 5459 Βασίλειος,
3615 5396 3809 5464 εὑρὼν

2227 5497 2603 5562 ἀνεξετάστως
2635 5495 2952 5565 γινομένους
2976 5493 3101 5554 τοὺς
3123 5493 3400 5562 ὑπηρέτας
3428 5489 3526 5559 τῆς
3568 5489 3814 5559 Ἐκκλη-

2225 5592 2344 5653 σίας
2401 5590 2552 5659 παρὰ
2608 5590 2713 5640 τῶν
2762 5586 3220 5658 χωρεπισκόπων,
3280 5583 3538 5644 πολλάκις
3590 5581 3650 5633 δὲ
3708 5584 3812 5634 καὶ

2225 5683 2374 5756 παρὰ
2404 5684 2511 5736 τῶν
2541 5681 2927 5753 πρεσϐντέρων
2956 5677 3046 5732 καὶ
3075 5679 3338 5731 διακόνων
3380 5673 3811 5744 εἰσαγομένους,
