  <div class='ocr_page' id='page_1' title='image "/cluster/home/n/w/nwhite01/storage/ocr_20150623/137:no.1/coo.31924054870427/586.png"; bbox 0 0 4076 6402; ppageno 0'>
   <div class='ocr_carea' id='block_1_1' title="bbox 352 294 3711 382">
    <p class='ocr_par' dir='ltr' id='par_1_1' title="bbox 352 294 3711 382">
     <span class='ocr_line' id='line_1_1' title="bbox 352 294 3711 382; baseline 0.001 -19"><span class='ocrx_word' id='word_1_1' title='bbox 352 296 355 299; x_wconf 82' lang='grc'><em>’</em></span> <span class='ocrx_word' id='word_1_2' title='bbox 388 314 518 382; x_wconf 79' lang='lat'><strong>1151</strong></span> <span class='ocrx_word' id='word_1_3' title='bbox 1515 306 1597 367; x_wconf 84' lang='lat' dir='ltr'><strong>IN</strong></span> <span class='ocrx_word' id='word_1_4' title='bbox 1636 305 1802 368; x_wconf 68' lang='lat' dir='ltr'><strong>CAN.</strong></span> <span class='ocrx_word' id='word_1_5' title='bbox 1834 303 1974 367; x_wconf 74' lang='lat' dir='ltr'><strong>XIV</strong></span> <span class='ocrx_word' id='word_1_6' title='bbox 1997 301 2208 364; x_wconf 82' lang='lat' dir='ltr'><strong>CONC.</strong></span> <span class='ocrx_word' id='word_1_7' title='bbox 2252 301 2509 365; x_wconf 62' lang='lat' dir='ltr'><strong>ANCYR.</strong></span> <span class='ocrx_word' id='word_1_8' title='bbox 3504 296 3639 378; x_wconf 68' lang='grc'><strong>1162</strong></span> <span class='ocrx_word' id='word_1_9' title='bbox 3708 294 3711 297; x_wconf 69' lang='grc'><em>’</em></span> 
     </span>
    </p>
   </div>
   <div class='ocr_carea' id='block_1_2' title="bbox 384 418 1968 503">
    <p class='ocr_par' dir='ltr' id='par_1_2' title="bbox 384 422 1960 503">
     <span class='ocr_line' id='line_1_2' title="bbox 384 422 1960 503; baseline -0.009 -16"><span class='ocrx_word' id='word_1_10' title='bbox 384 435 508 488; x_wconf 80' lang='grc' dir='ltr'>κατ’</span> <span class='ocrx_word' id='word_1_11' title='bbox 545 429 848 503; x_wconf 77' lang='grc' dir='ltr'>ἐπιτροπὴν</span> <span class='ocrx_word' id='word_1_12' title='bbox 883 426 1062 482; x_wconf 75' lang='grc' dir='ltr'>αὐτῶν</span> <span class='ocrx_word' id='word_1_13' title='bbox 1087 423 1424 489; x_wconf 84' lang='grc' dir='ltr'>ἐπισκόπων,</span> <span class='ocrx_word' id='word_1_14' title='bbox 1448 424 1508 476; x_wconf 87' lang='grc' dir='ltr'><strong>οὐ</strong></span> <span class='ocrx_word' id='word_1_15' title='bbox 1542 423 1816 494; x_wconf 83' lang='grc' dir='ltr'><strong>συγχωρεῖ</strong></span> <span class='ocrx_word' id='word_1_16' title='bbox 1846 422 1960 484; x_wconf 81' lang='grc' dir='ltr'>τοῖς</span> 
     </span>
    </p>
   </div>
   <div class='ocr_carea' id='block_1_3' title="bbox 2074 418 3637 503">
    <p class='ocr_par' dir='ltr' id='par_1_3' title="bbox 2074 418 3637 495">
     <span class='ocr_line' id='line_1_3' title="bbox 2074 418 3637 495; baseline 0.004 -22"><span class='ocrx_word' id='word_1_17' title='bbox 2074 418 2184 474; x_wconf 78' lang='lat' dir='ltr'><strong>sine</strong></span> <span class='ocrx_word' id='word_1_18' title='bbox 2215 419 2362 474; x_wconf 90' lang='lat' dir='ltr'><strong>illius</strong></span> <span class='ocrx_word' id='word_1_19' title='bbox 2402 419 2671 475; x_wconf 91' lang='lat' dir='ltr'><strong>sententia</strong></span> <span class='ocrx_word' id='word_1_20' title='bbox 2707 420 2775 475; x_wconf 91' lang='lat' dir='ltr'><strong>ad</strong></span> <span class='ocrx_word' id='word_1_21' title='bbox 2807 419 3235 479; x_wconf 84' lang='lat' dir='ltr'><strong>ecclesiasticum</strong></span> <span class='ocrx_word' id='word_1_22' title='bbox 3270 422 3637 495; x_wconf 73' lang='lat' dir='ltr'><strong>ministerium</strong></span> 
     </span>
    </p>
   </div>
   <div class='ocr_carea' id='block_1_4' title="bbox 391 513 1961 595">
    <p class='ocr_par' dir='ltr' id='par_1_4' title="bbox 391 513 1961 595">
     <span class='ocr_line' id='line_1_4' title="bbox 391 513 1961 595; baseline -0.008 -18"><span class='ocrx_word' id='word_1_23' title='bbox 391 541 534 595; x_wconf 81' lang='grc' dir='ltr'>χωρε</span> <span class='ocrx_word' id='word_1_24' title='bbox 551 524 833 584; x_wconf 77' lang='grc' dir='ltr'>πισκόποις</span> <span class='ocrx_word' id='word_1_25' title='bbox 858 521 985 575; x_wconf 77' lang='grc' dir='ltr'>ἄνευ</span> <span class='ocrx_word' id='word_1_26' title='bbox 1012 517 1239 589; x_wconf 81' lang='grc' dir='ltr'><strong>γνώμης</strong></span> <span class='ocrx_word' id='word_1_27' title='bbox 1263 516 1427 570; x_wconf 83' lang='grc' dir='ltr'>αὑτοῦ</span> <span class='ocrx_word' id='word_1_28' title='bbox 1459 534 1581 569; x_wconf 88' lang='grc' dir='ltr'>τινα</span> <span class='ocrx_word' id='word_1_29' title='bbox 1636 517 1718 578; x_wconf 88' lang='grc' dir='ltr'><strong>εἰς</strong></span> <span class='ocrx_word' id='word_1_30' title='bbox 1764 513 1961 584; x_wconf 86' lang='grc' dir='ltr'>ἐκκλη-</span> 
     </span>
    </p>
   </div>
   <div class='ocr_carea' id='block_1_5' title="bbox 387 606 1961 685">
    <p class='ocr_par' dir='ltr' id='par_1_5' title="bbox 387 606 1961 685">
     <span class='ocr_line' id='line_1_5' title="bbox 387 606 1961 685; baseline -0.008 -16"><span class='ocrx_word' id='word_1_31' title='bbox 387 613 680 685; x_wconf 79' lang='grc' dir='ltr'>σιαστικὴν</span> <span class='ocrx_word' id='word_1_32' title='bbox 716 613 1019 684; x_wconf 79' lang='grc' dir='ltr'>ὑπηρεσίαν</span> <span class='ocrx_word' id='word_1_33' title='bbox 1057 608 1488 681; x_wconf 80' lang='grc' dir='ltr'><strong>παραδέχεσθαι·</strong></span> <span class='ocrx_word' id='word_1_34' title='bbox 1544 607 1680 660; x_wconf 67' lang='grc' dir='ltr'><strong>ἀλλά</strong></span> <span class='ocrx_word' id='word_1_35' title='bbox 1727 606 1961 671; x_wconf 80' lang='grc' dir='ltr'>κατεξε-</span> 
     </span>
    </p>
   </div>
   <div class='ocr_carea' id='block_1_6' title="bbox 385 696 1958 774">
    <p class='ocr_par' dir='ltr' id='par_1_6' title="bbox 385 696 1958 774">
     <span class='ocr_line' id='line_1_6' title="bbox 385 696 1958 774; baseline -0.008 -15"><span class='ocrx_word' id='word_1_36' title='bbox 385 704 652 769; x_wconf 75' lang='grc' dir='ltr'>τάζεσθαι</span> <span class='ocrx_word' id='word_1_37' title='bbox 691 704 789 774; x_wconf 86' lang='grc' dir='ltr'>μὲν</span> <span class='ocrx_word' id='word_1_38' title='bbox 820 704 944 766; x_wconf 81' lang='grc' dir='ltr'>τοὺς</span> <span class='ocrx_word' id='word_1_39' title='bbox 975 700 1160 766; x_wconf 80' lang='grc' dir='ltr'><strong>ἀξίους</strong></span> <span class='ocrx_word' id='word_1_40' title='bbox 1185 700 1338 773; x_wconf 84' lang='grc' dir='ltr'><strong>παρά</strong></span> <span class='ocrx_word' id='word_1_41' title='bbox 1360 700 1468 753; x_wconf 83' lang='grc' dir='ltr'><strong>τῶν</strong></span> <span class='ocrx_word' id='word_1_42' title='bbox 1503 696 1958 770; x_wconf 84' lang='grc' dir='ltr'>χωρεπισκόπων,</span> 
     </span>
    </p>
   </div>
   <div class='ocr_carea' id='block_1_7' title="bbox 384 784 1963 863">
    <p class='ocr_par' dir='ltr' id='par_1_7' title="bbox 384 784 1963 863">
     <span class='ocr_line' id='line_1_7' title="bbox 384 784 1963 863; baseline -0.008 -15"><span class='ocrx_word' id='word_1_43' title='bbox 384 795 481 848; x_wconf 83' lang='grc' dir='ltr'>καὶ</span> <span class='ocrx_word' id='word_1_44' title='bbox 536 790 961 863; x_wconf 80' lang='grc' dir='ltr'>παραδέχεσθαι.</span> <span class='ocrx_word' id='word_1_45' title='bbox 1006 792 1082 861; x_wconf 83' lang='grc' dir='ltr'>μὴ</span> <span class='ocrx_word' id='word_1_46' title='bbox 1126 790 1484 859; x_wconf 86' lang='grc' dir='ltr'>συναριθμεῖν</span> <span class='ocrx_word' id='word_1_47' title='bbox 1520 787 1576 840; x_wconf 83' lang='grc' dir='ltr'><strong>δέ</strong></span> <span class='ocrx_word' id='word_1_48' title='bbox 1636 786 1831 847; x_wconf 74' lang='grc' dir='ltr'>αὐτοὺς</span> <span class='ocrx_word' id='word_1_49' title='bbox 1885 784 1963 852; x_wconf 83' lang='grc' dir='ltr'>τῷ</span> 
     </span>
    </p>
   </div>
   <div class='ocr_carea' id='block_1_8' title="bbox 385 877 1959 958">
    <p class='ocr_par' dir='ltr' id='par_1_8' title="bbox 385 877 1959 958">
     <span class='ocr_line' id='line_1_8' title="bbox 385 877 1959 958; baseline -0.006 -20"><span class='ocrx_word' id='word_1_50' title='bbox 385 887 575 958; x_wconf 79' lang='grc' dir='ltr'>κλήρῳ</span> <span class='ocrx_word' id='word_1_51' title='bbox 608 886 711 957; x_wconf 74' lang='grc' dir='ltr'>πρὸ</span> <span class='ocrx_word' id='word_1_52' title='bbox 739 885 835 937; x_wconf 82' lang='grc' dir='ltr'>τοῦ</span> <span class='ocrx_word' id='word_1_53' title='bbox 882 885 1195 952; x_wconf 83' lang='grc' dir='ltr'>ἀνενεγκεῖν</span> <span class='ocrx_word' id='word_1_54' title='bbox 1250 881 1399 952; x_wconf 79' lang='grc' dir='ltr'>αὐτῷ</span> <span class='ocrx_word' id='word_1_55' title='bbox 1453 880 1522 933; x_wconf 85' lang='grc' dir='ltr'>τὰ</span> <span class='ocrx_word' id='word_1_56' title='bbox 1572 880 1701 949; x_wconf 69' lang='grc' dir='ltr'>περὶ</span> <span class='ocrx_word' id='word_1_57' title='bbox 1758 877 1959 930; x_wconf 77' lang='grc' dir='ltr'>αὐτῶν.</span> 
     </span>
    </p>
   </div>
   <div class='ocr_carea' id='block_1_9' title="bbox 387 969 1963 1051">
    <p class='ocr_par' dir='ltr' id='par_1_9' title="bbox 387 969 1963 1051">
     <span class='ocr_line' id='line_1_9' title="bbox 387 969 1963 1051; baseline -0.006 -20"><span class='ocrx_word' id='word_1_58' title='bbox 387 976 889 1049; x_wconf 74' lang='grc' dir='ltr'>Χωρεπίσκοποιδέ</span> <span class='ocrx_word' id='word_1_59' title='bbox 907 978 1047 1028; x_wconf 89' lang='grc' dir='ltr'>εἰσιν</span> <span class='ocrx_word' id='word_1_60' title='bbox 1064 977 1110 1028; x_wconf 92' lang='grc' dir='ltr'><strong>οἰ</strong></span> <span class='ocrx_word' id='word_1_61' title='bbox 1135 975 1378 1051; x_wconf 81' lang='grc' dir='ltr'>σήμερον</span> <span class='ocrx_word' id='word_1_62' title='bbox 1398 973 1456 1025; x_wconf 76' lang='grc' dir='ltr'><strong>ἕν</strong></span> <span class='ocrx_word' id='word_1_63' title='bbox 1481 988 1593 1024; x_wconf 87' lang='grc' dir='ltr'>τισι</span> <span class='ocrx_word' id='word_1_64' title='bbox 1624 969 1841 1051; x_wconf 85' lang='grc' dir='ltr'>κώμαις</span> <span class='ocrx_word' id='word_1_65' title='bbox 1866 970 1963 1022; x_wconf 66' lang='grc' dir='ltr'><strong>καί⁸</strong></span> 
     </span>
    </p>
   </div>
   <div class='ocr_carea' id='block_1_10' title="bbox 386 1050 1397 1142">
    <p class='ocr_par' dir='ltr' id='par_1_10' title="bbox 386 1050 1397 1142">
     <span class='ocr_line' id='line_1_10' title="bbox 386 1050 1397 1142; baseline -0.005 -20"><span class='ocrx_word' id='word_1_66' title='bbox 386 1069 594 1142; x_wconf 80' lang='grc' dir='ltr'>χώραις</span> <span class='ocrx_word' id='word_1_67' title='bbox 627 1067 1065 1139; x_wconf 76' lang='grc' dir='ltr'>πρωτοπαπάδες</span> <span class='ocrx_word' id='word_1_68' title='bbox 1092 1050 1397 1136; x_wconf 81' lang='grc' dir='ltr'>λεγόμενοι.</span> 
     </span>
    </p>
   </div>
   <div class='ocr_carea' id='block_1_11' title="bbox 987 1157 1361 1214">
    <p class='ocr_par' dir='ltr' id='par_1_11' title="bbox 987 1157 1361 1214">
     <span class='ocr_line' id='line_1_11' title="bbox 987 1157 1361 1214; baseline -0.008 0"><span class='ocrx_word' id='word_1_69' title='bbox 987 1160 1230 1214; x_wconf 77' lang='grc' dir='ltr'><strong>ΚΑΝΩΝ</strong></span> <span class='ocrx_word' id='word_1_70' title='bbox 1263 1157 1361 1212; x_wconf 85' lang='grc' dir='ltr'><strong>ΙΔ’.</strong></span> 
     </span>
    </p>
   </div>
   <div class='ocr_carea' id='block_1_12' title="bbox 388 1246 1963 1325">
    <p class='ocr_par' dir='ltr' id='par_1_12' title="bbox 388 1246 1963 1325">
     <span class='ocr_line' id='line_1_12' title="bbox 388 1246 1963 1325; baseline -0.003 -19"><span class='ocrx_word' id='word_1_71' title='bbox 388 1269 411 1306; x_wconf 75' lang='grc' dir='ltr'><strong>ι</strong></span> <span class='ocrx_word' id='word_1_72' title='bbox 448 1253 586 1316; x_wconf 71' lang='grc' dir='ltr'>τοὺς</span> <span class='ocrx_word' id='word_1_73' title='bbox 605 1254 662 1305; x_wconf 91' lang='grc' dir='ltr'><strong>ἐν</strong></span> <span class='ocrx_word' id='word_1_74' title='bbox 698 1252 906 1324; x_wconf 82' lang='grc' dir='ltr'>κλήρῳ,</span> <span class='ocrx_word' id='word_1_75' title='bbox 942 1252 1351 1322; x_wconf 89' lang='grc' dir='ltr'>πρεσϐυτέρους</span> <span class='ocrx_word' id='word_1_76' title='bbox 1385 1250 1417 1325; x_wconf 77' lang='grc' dir='ltr'><strong>ἢ</strong></span> <span class='ocrx_word' id='word_1_77' title='bbox 1449 1246 1735 1313; x_wconf 75' lang='grc' dir='ltr'>διακόνους</span> <span class='ocrx_word' id='word_1_78' title='bbox 1779 1250 1963 1316; x_wconf 73' lang='grc' dir='ltr'>ὄντας,</span> 
     </span>
    </p>
   </div>
   <div class='ocr_carea' id='block_1_13' title="bbox 462 1326 1968 1422">
    <p class='ocr_par' dir='ltr' id='par_1_13' title="bbox 462 1326 1968 1422">
     <span class='ocr_line' id='line_1_13' title="bbox 462 1326 1968 1422; baseline -0.003 -24"><span class='ocrx_word' id='word_1_79' title='bbox 462 1345 900 1422; x_wconf 65' lang='grc' dir='ltr'>ιάπεχομένους</span> <span class='ocrx_word' id='word_1_80' title='bbox 947 1343 1150 1415; x_wconf 79' lang='grc' dir='ltr'>κρεῶν,</span> <span class='ocrx_word' id='word_1_81' title='bbox 1206 1342 1387 1421; x_wconf 80' lang='grc' dir='ltr'>ἔδοξεν</span> <span class='ocrx_word' id='word_1_82' title='bbox 1450 1341 1815 1415; x_wconf 76' lang='grc' dir='ltr'>ἐφάπτεσθαι,</span> <span class='ocrx_word' id='word_1_83' title='bbox 1871 1341 1968 1395; x_wconf 77' lang='grc' dir='ltr'>καὶ</span> 
     </span>
    </p>
   </div>
   <div class='ocr_carea' id='block_1_14' title="bbox 466 1424 1966 1506">
    <p class='ocr_par' dir='ltr' id='par_1_14' title="bbox 466 1424 1966 1506">
     <span class='ocr_line' id='line_1_14' title="bbox 466 1424 1966 1506; baseline -0.002 -18"><span class='ocrx_word' id='word_1_84' title='bbox 466 1457 483 1488; x_wconf 76' lang='grc' dir='ltr'><strong>ι</strong></span> <span class='ocrx_word' id='word_1_85' title='bbox 520 1424 715 1500; x_wconf 71' lang='grc' dir='ltr'>οὕτως,</span> <span class='ocrx_word' id='word_1_86' title='bbox 748 1438 798 1489; x_wconf 84' lang='grc' dir='ltr'><strong>εἰ</strong></span> <span class='ocrx_word' id='word_1_87' title='bbox 838 1436 1139 1506; x_wconf 82' lang='grc' dir='ltr'>βούλοιντο,</span> <span class='ocrx_word' id='word_1_88' title='bbox 1176 1435 1403 1506; x_wconf 80' lang='grc' dir='ltr'>κρατεῖν</span> <span class='ocrx_word' id='word_1_89' title='bbox 1450 1434 1680 1486; x_wconf 80' lang='grc' dir='ltr'>ἑαυτῶν·</span> <span class='ocrx_word' id='word_1_90' title='bbox 1716 1434 1764 1485; x_wconf 87' lang='grc' dir='ltr'><strong>εἰ</strong></span> <span class='ocrx_word' id='word_1_91' title='bbox 1797 1433 1852 1486; x_wconf 87' lang='grc' dir='ltr'>δὲ</span> <span class='ocrx_word' id='word_1_92' title='bbox 1889 1432 1966 1503; x_wconf 81' lang='grc' dir='ltr'>μὴ</span> 
     </span>
    </p>
   </div>
   <div class='ocr_carea' id='block_1_15' title="bbox 465 1523 1966 1604">
    <p class='ocr_par' dir='ltr' id='par_1_15' title="bbox 465 1523 1966 1604">
     <span class='ocr_line' id='line_1_15' title="bbox 465 1523 1966 1604; baseline -0.004 -23"><span class='ocrx_word' id='word_1_93' title='bbox 465 1549 482 1581; x_wconf 81' lang='grc' dir='ltr'><strong>ι</strong></span> <span class='ocrx_word' id='word_1_94' title='bbox 524 1529 825 1601; x_wconf 71' lang='grc' dir='ltr'>βούλοιντο,</span> <span class='ocrx_word' id='word_1_95' title='bbox 862 1527 939 1589; x_wconf 86' lang='grc' dir='ltr'>ὡς</span> <span class='ocrx_word' id='word_1_96' title='bbox 967 1526 1102 1598; x_wconf 82' lang='grc' dir='ltr'>μηδὲ</span> <span class='ocrx_word' id='word_1_97' title='bbox 1156 1528 1223 1579; x_wconf 72' lang='grc' dir='ltr'><strong>τὰ</strong></span> <span class='ocrx_word' id='word_1_98' title='bbox 1251 1524 1396 1604; x_wconf 85' lang='grc' dir='ltr'><strong>μετά</strong></span> <span class='ocrx_word' id='word_1_99' title='bbox 1436 1525 1614 1594; x_wconf 82' lang='grc' dir='ltr'>κρεῶν</span> <span class='ocrx_word' id='word_1_100' title='bbox 1659 1523 1966 1595; x_wconf 75' lang='grc' dir='ltr'>βαλλόμενα</span> 
     </span>
    </p>
   </div>
   <div class='ocr_carea' id='block_1_16' title="bbox 464 1604 1962 1690">
    <p class='ocr_par' dir='ltr' id='par_1_16' title="bbox 464 1604 1962 1690">
     <span class='ocr_line' id='line_1_16' title="bbox 464 1604 1962 1690; baseline -0.003 -16"><span class='ocrx_word' id='word_1_101' title='bbox 464 1640 485 1674; x_wconf 80' lang='grc' dir='ltr'><strong>ι</strong></span> <span class='ocrx_word' id='word_1_102' title='bbox 522 1604 733 1690; x_wconf 83' lang='grc' dir='ltr'>λάχανα</span> <span class='ocrx_word' id='word_1_103' title='bbox 757 1619 981 1684; x_wconf 89' lang='grc' dir='ltr'>ἐσθίειν,</span> <span class='ocrx_word' id='word_1_104' title='bbox 1020 1619 1112 1686; x_wconf 74' lang='grc' dir='ltr'><strong>καὶ</strong></span> <span class='ocrx_word' id='word_1_105' title='bbox 1150 1617 1283 1689; x_wconf 84' lang='grc' dir='ltr'><strong>μηδέ</strong></span> <span class='ocrx_word' id='word_1_106' title='bbox 1340 1617 1620 1670; x_wconf 82' lang='grc' dir='ltr'>ύπείκοιεν</span> <span class='ocrx_word' id='word_1_107' title='bbox 1651 1615 1726 1686; x_wconf 82' lang='grc' dir='ltr'><strong>τῷ</strong></span> <span class='ocrx_word' id='word_1_108' title='bbox 1756 1617 1962 1681; x_wconf 80' lang='grc' dir='ltr'>κανόνι,</span> 
     </span>
    </p>
   </div>
   <div class='ocr_carea' id='block_1_17' title="bbox 456 1710 1523 1780">
    <p class='ocr_par' dir='ltr' id='par_1_17' title="bbox 456 1710 1523 1780">
     <span class='ocr_line' id='line_1_17' title="bbox 456 1710 1523 1780; baseline -0.001 -17"><span class='ocrx_word' id='word_1_109' title='bbox 456 1732 475 1763; x_wconf 72' lang='grc' dir='ltr'><strong>ι</strong></span> <span class='ocrx_word' id='word_1_110' title='bbox 527 1710 845 1775; x_wconf 72' lang='grc' dir='ltr'>πεπαῦσθαι</span> <span class='ocrx_word' id='word_1_111' title='bbox 869 1710 1067 1773; x_wconf 77' lang='grc' dir='ltr'>αὐτοὺς</span> <span class='ocrx_word' id='word_1_112' title='bbox 1099 1711 1196 1780; x_wconf 75' lang='grc' dir='ltr'>τῆς</span> <span class='ocrx_word' id='word_1_113' title='bbox 1229 1710 1455 1774; x_wconf 78' lang='grc' dir='ltr'>τάξεως.</span> <span class='ocrx_word' id='word_1_114' title='bbox 1505 1729 1523 1762; x_wconf 75' lang='grc' dir='ltr'><strong>ι</strong></span> 
     </span>
    </p>
   </div>
   <div class='ocr_carea' id='block_1_18' title="bbox 2065 512 3640 586">
    <p class='ocr_par' dir='ltr' id='par_1_18' title="bbox 2065 512 3640 586">
     <span class='ocr_line' id='line_1_18' title="bbox 2065 512 3640 586; baseline 0.004 -20"><span class='ocrx_word' id='word_1_115' title='bbox 2065 512 2380 582; x_wconf 84' lang='lat' dir='ltr'><strong>quempiam</strong></span> <span class='ocrx_word' id='word_1_116' title='bbox 2415 513 2748 581; x_wconf 89' lang='lat' dir='ltr'><strong>admittere;</strong></span> <span class='ocrx_word' id='word_1_117' title='bbox 2785 513 2879 570; x_wconf 86' lang='lat' dir='ltr'><strong>sed</strong></span> <span class='ocrx_word' id='word_1_118' title='bbox 2915 512 3111 585; x_wconf 80' lang='lat' dir='ltr'><strong>dignos</strong></span> <span class='ocrx_word' id='word_1_119' title='bbox 3149 515 3370 586; x_wconf 82' lang='lat' dir='ltr'><strong>quidem</strong></span> <span class='ocrx_word' id='word_1_120' title='bbox 3407 531 3438 570; x_wconf 89' lang='lat' dir='ltr'><strong>a</strong></span> <span class='ocrx_word' id='word_1_121' title='bbox 3476 516 3640 572; x_wconf 81' lang='lat' dir='ltr'><strong>chor-</strong></span> 
     </span>
    </p>
   </div>
   <div class='ocr_carea' id='block_1_19' title="bbox 2063 605 3642 674">
    <p class='ocr_par' dir='ltr' id='par_1_19' title="bbox 2063 605 3642 674">
     <span class='ocr_line' id='line_1_19' title="bbox 2063 605 3642 674; baseline 0.005 -16"><span class='ocrx_word' id='word_1_122' title='bbox 2063 605 2341 674; x_wconf 83' lang='lat' dir='ltr'><strong>episeopis</strong></span> <span class='ocrx_word' id='word_1_123' title='bbox 2379 605 2599 674; x_wconf 85' lang='lat' dir='ltr'><strong>inquiri,</strong></span> <span class='ocrx_word' id='word_1_124' title='bbox 2632 614 2683 661; x_wconf 92' lang='lat' dir='ltr'><strong>et</strong></span> <span class='ocrx_word' id='word_1_125' title='bbox 2717 606 2954 671; x_wconf 82' lang='lat' dir='ltr'><strong>admitti,</strong></span> <span class='ocrx_word' id='word_1_126' title='bbox 2992 624 3099 665; x_wconf 92' lang='lat' dir='ltr'><strong>non</strong></span> <span class='ocrx_word' id='word_1_127' title='bbox 3140 617 3321 664; x_wconf 90' lang='lat' dir='ltr'><strong>autem</strong></span> <span class='ocrx_word' id='word_1_128' title='bbox 3367 610 3516 667; x_wconf 88' lang='lat' dir='ltr'><strong>clero</strong></span> <span class='ocrx_word' id='word_1_129' title='bbox 3546 626 3642 671; x_wconf 75' lang='lat' dir='ltr'><strong>eos</strong></span> 
     </span>
    </p>
   </div>
   <div class='ocr_carea' id='block_1_20' title="bbox 2065 698 3641 774">
    <p class='ocr_par' dir='ltr' id='par_1_20' title="bbox 2065 698 3641 774">
     <span class='ocr_line' id='line_1_20' title="bbox 2065 698 3641 774; baseline 0.006 -24"><span class='ocrx_word' id='word_1_130' title='bbox 2065 711 2482 761; x_wconf 85' lang='lat' dir='ltr'><strong>conntnnerare,</strong></span> <span class='ocrx_word' id='word_1_131' title='bbox 2513 698 2829 769; x_wconf 84' lang='lat' dir='ltr'><strong>priusquam</strong></span> <span class='ocrx_word' id='word_1_132' title='bbox 2856 717 2975 771; x_wconf 60' lang='lat' dir='ltr'><strong>quae</strong></span> <span class='ocrx_word' id='word_1_133' title='bbox 3005 702 3071 755; x_wconf 89' lang='lat' dir='ltr'><strong>ad</strong></span> <span class='ocrx_word' id='word_1_134' title='bbox 3105 717 3200 757; x_wconf 90' lang='lat' dir='ltr'><strong>eos</strong></span> <span class='ocrx_word' id='word_1_135' title='bbox 3228 712 3503 772; x_wconf 86' lang='lat' dir='ltr'><strong>spectant,</strong></span> <span class='ocrx_word' id='word_1_136' title='bbox 3538 705 3641 774; x_wconf 84' lang='lat' dir='ltr'><strong>ipst</strong></span> 
     </span>
    </p>
   </div>
   <div class='ocr_carea' id='block_1_21' title="bbox 2062 790 3636 866">
    <p class='ocr_par' dir='ltr' id='par_1_21' title="bbox 2062 790 3636 866">
     <span class='ocr_line' id='line_1_21' title="bbox 2062 790 3636 866; baseline 0.004 -24"><span class='ocrx_word' id='word_1_137' title='bbox 2062 790 2324 859; x_wconf 79' lang='lat' dir='ltr'><strong>episcopo</strong></span> <span class='ocrx_word' id='word_1_138' title='bbox 2359 791 2688 846; x_wconf 89' lang='lat' dir='ltr'><strong>retulerunt.</strong></span> <span class='ocrx_word' id='word_1_139' title='bbox 2733 791 3124 863; x_wconf 87' lang='lat' dir='ltr'><strong>Chorcpiscopi</strong></span> <span class='ocrx_word' id='word_1_140' title='bbox 3162 803 3341 850; x_wconf 90' lang='lat' dir='ltr'><strong>autem</strong></span> <span class='ocrx_word' id='word_1_141' title='bbox 3382 806 3511 849; x_wconf 89' lang='lat' dir='ltr'><strong>sunt</strong></span> <span class='ocrx_word' id='word_1_142' title='bbox 3545 796 3636 866; x_wconf 82' lang='lat' dir='ltr'><strong>qui</strong></span> 
     </span>
    </p>
   </div>
   <div class='ocr_carea' id='block_1_22' title="bbox 2063 880 3639 959">
    <p class='ocr_par' dir='ltr' id='par_1_22' title="bbox 2063 880 3639 959">
     <span class='ocr_line' id='line_1_22' title="bbox 2063 880 3639 959; baseline 0.007 -26"><span class='ocrx_word' id='word_1_143' title='bbox 2063 896 2205 935; x_wconf 87' lang='lat' dir='ltr'><strong>nunc</strong></span> <span class='ocrx_word' id='word_1_144' title='bbox 2232 882 2283 934; x_wconf 94' lang='lat' dir='ltr'><strong>in</strong></span> <span class='ocrx_word' id='word_1_145' title='bbox 2315 880 2639 950; x_wconf 86' lang='lat' dir='ltr'><strong>quibusdam</strong></span> <span class='ocrx_word' id='word_1_146' title='bbox 2666 883 2801 938; x_wconf 84' lang='lat' dir='ltr'><strong>vicis</strong></span> <span class='ocrx_word' id='word_1_147' title='bbox 2816 893 2868 938; x_wconf 90' lang='lat' dir='ltr'><strong>ct</strong></span> <span class='ocrx_word' id='word_1_148' title='bbox 2902 885 3217 954; x_wconf 81' lang='lat' dir='ltr'><strong>regionibus</strong></span> <span class='ocrx_word' id='word_1_149' title='bbox 3242 890 3639 959; x_wconf 82' lang='lat' dir='ltr'><strong>protopapadcs</strong></span> 
     </span>
    </p>
   </div>
   <div class='ocr_carea' id='block_1_23' title="bbox 2063 973 2444 1026">
    <p class='ocr_par' dir='ltr' id='par_1_23' title="bbox 2063 973 2444 1026">
     <span class='ocr_line' id='line_1_23' title="bbox 2063 973 2444 1026; baseline 0.003 -1"><span class='ocrx_word' id='word_1_150' title='bbox 2063 973 2444 1026; x_wconf 81' lang='lat' dir='ltr'><strong>nominantur.</strong></span> 
     </span>
    </p>
   </div>
   <div class='ocr_carea' id='block_1_24' title="bbox 2643 1154 3059 1213">
    <p class='ocr_par' dir='ltr' id='par_1_24' title="bbox 2643 1154 3059 1213">
     <span class='ocr_line' id='line_1_24' title="bbox 2643 1154 3059 1213; baseline 0.014 -6"><span class='ocrx_word' id='word_1_151' title='bbox 2643 1154 2875 1212; x_wconf 77' lang='lat' dir='ltr'><strong>CANON</strong></span> <span class='ocrx_word' id='word_1_152' title='bbox 2918 1158 3059 1213; x_wconf 81' lang='lat' dir='ltr'><strong>XIV.</strong></span> 
     </span>
    </p>
   </div>
   <div class='ocr_carea' id='block_1_25' title="bbox 2070 1247 3641 1326">
    <p class='ocr_par' dir='ltr' id='par_1_25' title="bbox 2070 1247 3641 1326">
     <span class='ocr_line' id='line_1_25' title="bbox 2070 1247 3641 1326; baseline 0.011 -28"><span class='ocrx_word' id='word_1_153' title='bbox 2070 1266 2088 1298; x_wconf 88' lang='grc'><strong><em>‹</em></strong></span> <span class='ocrx_word' id='word_1_154' title='bbox 2128 1247 2234 1303; x_wconf 89' lang='lat' dir='ltr'><strong>Eos</strong></span> <span class='ocrx_word' id='word_1_155' title='bbox 2263 1248 2353 1318; x_wconf 88' lang='lat' dir='ltr'><strong>qui</strong></span> <span class='ocrx_word' id='word_1_156' title='bbox 2388 1249 2439 1303; x_wconf 90' lang='lat' dir='ltr'><strong>in</strong></span> <span class='ocrx_word' id='word_1_157' title='bbox 2478 1250 2627 1305; x_wconf 87' lang='lat' dir='ltr'><strong>clero</strong></span> <span class='ocrx_word' id='word_1_158' title='bbox 2669 1260 2816 1317; x_wconf 79' lang='lat' dir='ltr'><strong>sunt,</strong></span> <span class='ocrx_word' id='word_1_159' title='bbox 2857 1255 3206 1326; x_wconf 80' lang='lat' dir='ltr'><strong>presbyteros</strong></span> <span class='ocrx_word' id='word_1_160' title='bbox 3239 1258 3321 1311; x_wconf 84' lang='lat' dir='ltr'><strong>vel</strong></span> <span class='ocrx_word' id='word_1_161' title='bbox 3360 1258 3641 1319; x_wconf 87' lang='lat' dir='ltr'><strong>diaconos.</strong></span> 
     </span>
    </p>
   </div>
   <div class='ocr_carea' id='block_1_26' title="bbox 2144 1339 3639 1420">
    <p class='ocr_par' dir='ltr' id='par_1_26' title="bbox 2144 1339 3639 1420">
     <span class='ocr_line' id='line_1_26' title="bbox 2144 1339 3639 1420; baseline 0.01 -35"><span class='ocrx_word' id='word_1_162' title='bbox 2144 1355 2162 1385; x_wconf 84' lang='grc'><strong><em>‹</em></strong></span> <span class='ocrx_word' id='word_1_163' title='bbox 2203 1351 2229 1389; x_wconf 87' lang='lat' dir='ltr'><strong>a</strong></span> <span class='ocrx_word' id='word_1_164' title='bbox 2274 1339 2537 1394; x_wconf 80' lang='lat' dir='ltr'><strong>carnibus</strong></span> <span class='ocrx_word' id='word_1_165' title='bbox 2573 1340 2937 1408; x_wconf 81' lang='lat' dir='ltr'><strong>abstinentes,</strong></span> <span class='ocrx_word' id='word_1_166' title='bbox 2969 1344 3176 1413; x_wconf 88' lang='lat' dir='ltr'><strong>placuit</strong></span> <span class='ocrx_word' id='word_1_167' title='bbox 3208 1346 3325 1400; x_wconf 88' lang='lat' dir='ltr'><strong>illas</strong></span> <span class='ocrx_word' id='word_1_168' title='bbox 3354 1349 3639 1420; x_wconf 76' lang='lat' dir='ltr'><strong>attingere,</strong></span> 
     </span>
    </p>
   </div>
   <div class='ocr_carea' id='block_1_27' title="bbox 2147 1431 3641 1514">
    <p class='ocr_par' dir='ltr' id='par_1_27' title="bbox 2147 1431 3641 1514">
     <span class='ocr_line' id='line_1_27' title="bbox 2147 1431 3641 1514; baseline 0.009 -34"><span class='ocrx_word' id='word_1_169' title='bbox 2147 1449 2163 1480; x_wconf 79' lang='grc' dir='ltr'><strong>ι</strong></span> <span class='ocrx_word' id='word_1_170' title='bbox 2203 1440 2256 1484; x_wconf 88' lang='lat' dir='ltr'><strong>et</strong></span> <span class='ocrx_word' id='word_1_171' title='bbox 2294 1431 2396 1495; x_wconf 87' lang='lat' dir='ltr'><strong>sic,</strong></span> <span class='ocrx_word' id='word_1_172' title='bbox 2446 1432 2491 1487; x_wconf 92' lang='lat' dir='ltr'><strong>si</strong></span> <span class='ocrx_word' id='word_1_173' title='bbox 2528 1433 2720 1499; x_wconf 83' lang='lat' dir='ltr'><strong>velint,</strong></span> <span class='ocrx_word' id='word_1_174' title='bbox 2754 1435 2821 1490; x_wconf 91' lang='lat' dir='ltr'><strong>ah</strong></span> <span class='ocrx_word' id='word_1_175' title='bbox 2850 1436 2930 1491; x_wconf 88' lang='lat' dir='ltr'><strong>eis</strong></span> <span class='ocrx_word' id='word_1_176' title='bbox 2970 1436 3251 1493; x_wconf 87' lang='lat' dir='ltr'><strong>abstinere</strong></span> <span class='ocrx_word' id='word_1_177' title='bbox 3286 1455 3300 1492; x_wconf 87' lang='lat'><strong>:</strong></span> <span class='ocrx_word' id='word_1_178' title='bbox 3338 1440 3422 1494; x_wconf 87' lang='lat' dir='ltr'><strong>sin</strong></span> <span class='ocrx_word' id='word_1_179' title='bbox 3462 1451 3641 1514; x_wconf 62' lang='lat' dir='ltr'><strong>auten;</strong></span> 
     </span>
    </p>
   </div>
   <div class='ocr_carea' id='block_1_28' title="bbox 2146 1523 3678 1603">
    <p class='ocr_par' dir='ltr' id='par_1_28' title="bbox 2146 1523 3678 1603">
     <span class='ocr_line' id='line_1_28' title="bbox 2146 1523 3678 1603; baseline 0.009 -32"><span class='ocrx_word' id='word_1_180' title='bbox 2146 1539 2163 1571; x_wconf 79' lang='grc' dir='ltr'><strong>ι</strong></span> <span class='ocrx_word' id='word_1_181' title='bbox 2207 1523 2404 1587; x_wconf 90' lang='lat' dir='ltr'><strong>nolint,</strong></span> <span class='ocrx_word' id='word_1_182' title='bbox 2439 1534 2499 1579; x_wconf 92' lang='lat' dir='ltr'><strong>ut</strong></span> <span class='ocrx_word' id='word_1_183' title='bbox 2530 1541 2629 1580; x_wconf 90' lang='lat' dir='ltr'><strong>nec</strong></span> <span class='ocrx_word' id='word_1_184' title='bbox 2669 1526 2839 1591; x_wconf 87' lang='lat' dir='ltr'><strong>olera,</strong></span> <span class='ocrx_word' id='word_1_185' title='bbox 2868 1543 2987 1597; x_wconf 72' lang='lat' dir='ltr'><strong>quze</strong></span> <span class='ocrx_word' id='word_1_186' title='bbox 3022 1544 3146 1584; x_wconf 91' lang='lat' dir='ltr'><strong>cum</strong></span> <span class='ocrx_word' id='word_1_187' title='bbox 3177 1523 3437 1588; x_wconf 76' lang='lat' dir='ltr'><strong>carnibus</strong></span> <span class='ocrx_word' id='word_1_188' title='bbox 3464 1548 3645 1603; x_wconf 83' lang='lat' dir='ltr'><strong>appo-</strong></span> <span class='ocrx_word' id='word_1_189' title='bbox 3673 1593 3678 1599; x_wconf 25' lang='grc' dir='ltr'><strong><em>ν</em></strong></span> 
     </span>
    </p>
   </div>
   <div class='ocr_carea' id='block_1_29' title="bbox 2144 1620 3643 1689">
    <p class='ocr_par' dir='ltr' id='par_1_29' title="bbox 2144 1620 3643 1689">
     <span class='ocr_line' id='line_1_29' title="bbox 2144 1620 3643 1689; baseline 0.007 -24"><span class='ocrx_word' id='word_1_190' title='bbox 2144 1632 2161 1665; x_wconf 88' lang='grc'><strong><em>‹</em></strong></span> <span class='ocrx_word' id='word_1_191' title='bbox 2199 1627 2427 1681; x_wconf 87' lang='lat' dir='ltr'><strong>nuntur,</strong></span> <span class='ocrx_word' id='word_1_192' title='bbox 2465 1620 2777 1681; x_wconf 88' lang='lat' dir='ltr'><strong>comedere,</strong></span> <span class='ocrx_word' id='word_1_193' title='bbox 2810 1628 2864 1673; x_wconf 92' lang='lat' dir='ltr'><strong>et</strong></span> <span class='ocrx_word' id='word_1_194' title='bbox 2909 1622 3109 1674; x_wconf 88' lang='lat' dir='ltr'><strong>canoui</strong></span> <span class='ocrx_word' id='word_1_195' title='bbox 3159 1637 3266 1676; x_wconf 90' lang='lat' dir='ltr'><strong>non</strong></span> <span class='ocrx_word' id='word_1_196' title='bbox 3312 1624 3530 1689; x_wconf 84' lang='lat' dir='ltr'><strong>cedant,</strong></span> <span class='ocrx_word' id='word_1_197' title='bbox 3577 1627 3643 1685; x_wconf 84' lang='lat' dir='ltr'><strong>ab</strong></span> 
     </span>
    </p>
   </div>
   <div class='ocr_carea' id='block_1_30' title="bbox 2142 1703 2726 1763">
    <p class='ocr_par' dir='ltr' id='par_1_30' title="bbox 2142 1703 2726 1763">
     <span class='ocr_line' id='line_1_30' title="bbox 2142 1703 2726 1763; baseline 0.009 -10"><span class='ocrx_word' id='word_1_198' title='bbox 2142 1720 2159 1753; x_wconf 82' lang='grc' dir='ltr'><strong>ι</strong></span> <span class='ocrx_word' id='word_1_199' title='bbox 2198 1703 2392 1759; x_wconf 89' lang='lat' dir='ltr'><strong>ordine</strong></span> <span class='ocrx_word' id='word_1_200' title='bbox 2428 1720 2668 1763; x_wconf 90' lang='lat' dir='ltr'><strong>cessare.</strong></span> <span class='ocrx_word' id='word_1_201' title='bbox 2708 1728 2726 1758; x_wconf 74' lang='grc' dir='ltr'><strong>ι</strong></span> 
     </span>
    </p>
   </div>
   <div class='ocr_carea' id='block_1_31' title="bbox 458 1770 1968 1887">
    <p class='ocr_par' dir='ltr' id='par_1_31' title="bbox 458 1770 1955 1881">
     <span class='ocr_line' id='line_1_31' title="bbox 458 1770 1955 1881; baseline -0.003 -23"><span class='ocrx_word' id='word_1_202' title='bbox 458 1804 655 1869; x_wconf 29' lang='grc' dir='ltr'><strong>ΒΑΛ-Σ.</strong></span> <span class='ocrx_word' id='word_1_203' title='bbox 699 1803 781 1855; x_wconf 83' lang='grc' dir='ltr'><strong>Τὰ</strong></span> <span class='ocrx_word' id='word_1_204' title='bbox 825 1770 929 1872; x_wconf 81' lang='grc' dir='ltr'>μὲν</span> <span class='ocrx_word' id='word_1_205' title='bbox 962 1770 1332 1873; x_wconf 69' lang='grc' dir='ltr'>περιεχόμενα</span> <span class='ocrx_word' id='word_1_206' title='bbox 1367 1801 1443 1868; x_wconf 81' lang='grc' dir='ltr'><strong>τῷ</strong></span> <span class='ocrx_word' id='word_1_207' title='bbox 1485 1800 1832 1872; x_wconf 83' lang='grc' dir='ltr'>ἀποστολικῷ</span> <span class='ocrx_word' id='word_1_208' title='bbox 1878 1808 1955 1855; x_wconf 76' lang='lat' dir='ltr'><strong>va.’</strong></span> 
     </span>
    </p>
   </div>
   <div class='ocr_carea' id='block_1_32' title="bbox 2074 1770 3645 1887">
    <p class='ocr_par' dir='ltr' id='par_1_32' title="bbox 2139 1792 3645 1887">
     <span class='ocr_line' id='line_1_32' title="bbox 2139 1792 3645 1887; baseline 0.008 -38"><span class='ocrx_word' id='word_1_209' title='bbox 2139 1792 2333 1856; x_wconf 80' lang='lat' dir='ltr'><strong>BALS.</strong></span> <span class='ocrx_word' id='word_1_210' title='bbox 2376 1797 2509 1872; x_wconf 79' lang='lat' dir='ltr'><strong>Quae</strong></span> <span class='ocrx_word' id='word_1_211' title='bbox 2552 1800 2857 1869; x_wconf 84' lang='lat' dir='ltr'><strong>apostolico</strong></span> <span class='ocrx_word' id='word_1_212' title='bbox 2905 1817 3118 1858; x_wconf 88' lang='lat' dir='ltr'><strong>canone</strong></span> <span class='ocrx_word' id='word_1_213' title='bbox 3164 1806 3225 1858; x_wconf 77' lang='grc'><strong>51</strong></span> <span class='ocrx_word' id='word_1_214' title='bbox 3265 1807 3645 1887; x_wconf 56' lang='grc' dir='ltr'><strong>οοιιιίηοιιιιιι·γ</strong></span> 
     </span>
    </p>
   </div>
   <div class='ocr_carea' id='block_1_33' title="bbox 388 1892 1961 1965">
    <p class='ocr_par' dir='ltr' id='par_1_33' title="bbox 388 1892 1961 1965">
     <span class='ocr_line' id='line_1_33' title="bbox 388 1892 1961 1965; baseline -0.003 -16"><span class='ocrx_word' id='word_1_215' title='bbox 388 1897 577 1949; x_wconf 80' lang='grc' dir='ltr'>κανόνι</span> <span class='ocrx_word' id='word_1_216' title='bbox 637 1896 798 1965; x_wconf 81' lang='grc' dir='ltr'>χάριν</span> <span class='ocrx_word' id='word_1_217' title='bbox 855 1895 965 1946; x_wconf 85' lang='grc' dir='ltr'><strong>τῶν</strong></span> <span class='ocrx_word' id='word_1_218' title='bbox 1020 1894 1382 1963; x_wconf 81' lang='grc' dir='ltr'>ἀπεχομένων</span> <span class='ocrx_word' id='word_1_219' title='bbox 1428 1895 1630 1961; x_wconf 82' lang='grc' dir='ltr'>γάμου,</span> <span class='ocrx_word' id='word_1_220' title='bbox 1672 1892 1815 1947; x_wconf 79' lang='grc' dir='ltr'>οἴνου</span> <span class='ocrx_word' id='word_1_221' title='bbox 1868 1893 1961 1945; x_wconf 75' lang='grc' dir='ltr'>καὶ</span> 
     </span>
    </p>
   </div>
   <div class='ocr_carea' id='block_1_34' title="bbox 387 1984 1960 2057">
    <p class='ocr_par' dir='ltr' id='par_1_34' title="bbox 387 1984 1960 2057">
     <span class='ocr_line' id='line_1_34' title="bbox 387 1984 1960 2057; baseline 0 -20"><span class='ocrx_word' id='word_1_222' title='bbox 387 1985 587 2055; x_wconf 83' lang='grc' dir='ltr'>κρεῶν,</span> <span class='ocrx_word' id='word_1_223' title='bbox 617 1984 1159 2057; x_wconf 84' lang='grc' dir='ltr'>προηρμηνεύθησαν</span> <span class='ocrx_word' id='word_1_224' title='bbox 1191 1985 1392 2037; x_wconf 79' lang='grc' dir='ltr'>ἐκεῖσε·</span> <span class='ocrx_word' id='word_1_225' title='bbox 1435 1984 1561 2037; x_wconf 77' lang='grc' dir='ltr'>ἐπεὶ</span> <span class='ocrx_word' id='word_1_226' title='bbox 1610 1984 1667 2038; x_wconf 84' lang='grc' dir='ltr'>δὲ</span> <span class='ocrx_word' id='word_1_227' title='bbox 1694 1984 1960 2056; x_wconf 74' lang='grc' dir='ltr'>διελήφθη</span> 
     </span>
    </p>
   </div>
   <div class='ocr_carea' id='block_1_35' title="bbox 388 2075 1962 2147">
    <p class='ocr_par' dir='ltr' id='par_1_35' title="bbox 388 2075 1962 2147">
     <span class='ocr_line' id='line_1_35' title="bbox 388 2075 1962 2147; baseline 0 -18"><span class='ocrx_word' id='word_1_228' title='bbox 388 2080 445 2130; x_wconf 83' lang='grc' dir='ltr'><strong>ἐν</strong></span> <span class='ocrx_word' id='word_1_229' title='bbox 480 2077 555 2146; x_wconf 82' lang='grc' dir='ltr'><strong>τῷ</strong></span> <span class='ocrx_word' id='word_1_230' title='bbox 588 2076 815 2147; x_wconf 84' lang='grc' dir='ltr'>τοιούτῳ</span> <span class='ocrx_word' id='word_1_231' title='bbox 846 2075 1035 2129; x_wconf 77' lang='grc' dir='ltr'>κανόνι</span> <span class='ocrx_word' id='word_1_232' title='bbox 1067 2075 1141 2147; x_wconf 83' lang='grc' dir='ltr'>μὴ</span> <span class='ocrx_word' id='word_1_233' title='bbox 1159 2075 1487 2140; x_wconf 81' lang='grc' dir='ltr'>κολάζεσθαι</span> <span class='ocrx_word' id='word_1_234' title='bbox 1517 2076 1645 2140; x_wconf 82' lang='grc' dir='ltr'>τοὺς</span> <span class='ocrx_word' id='word_1_235' title='bbox 1683 2075 1767 2129; x_wconf 74' lang='grc' dir='ltr'>διὰ</span> <span class='ocrx_word' id='word_1_236' title='bbox 1787 2077 1962 2147; x_wconf 82' lang='grc' dir='ltr'>ἀσκη-</span> 
     </span>
    </p>
   </div>
   <div class='ocr_carea' id='block_1_36' title="bbox 386 2168 1965 2241">
    <p class='ocr_par' dir='ltr' id='par_1_36' title="bbox 386 2168 1965 2241">
     <span class='ocr_line' id='line_1_36' title="bbox 386 2168 1965 2241; baseline -0.001 -18"><span class='ocrx_word' id='word_1_237' title='bbox 386 2186 470 2223; x_wconf 81' lang='grc' dir='ltr'><strong>σιν</strong></span> <span class='ocrx_word' id='word_1_238' title='bbox 510 2169 900 2241; x_wconf 80' lang='grc' dir='ltr'>νηστεύοντας,</span> <span class='ocrx_word' id='word_1_239' title='bbox 934 2168 1073 2222; x_wconf 86' lang='grc' dir='ltr'><strong>ἀλλά</strong></span> <span class='ocrx_word' id='word_1_240' title='bbox 1132 2169 1500 2239; x_wconf 80' lang='grc' dir='ltr'>τιμωρεῖσθαι</span> <span class='ocrx_word' id='word_1_241' title='bbox 1532 2168 1659 2233; x_wconf 84' lang='grc' dir='ltr'>τοὺς</span> <span class='ocrx_word' id='word_1_242' title='bbox 1715 2168 1965 2240; x_wconf 83' lang='grc' dir='ltr'>βλασφη-</span> 
     </span>
    </p>
   </div>
   <div class='ocr_carea' id='block_1_37' title="bbox 390 2259 1963 2331">
    <p class='ocr_par' dir='ltr' id='par_1_37' title="bbox 390 2259 1963 2331">
     <span class='ocr_line' id='line_1_37' title="bbox 390 2259 1963 2331; baseline -0.001 -16"><span class='ocrx_word' id='word_1_243' title='bbox 390 2261 627 2331; x_wconf 78' lang='grc' dir='ltr'>μοῦντας</span> <span class='ocrx_word' id='word_1_244' title='bbox 676 2262 818 2315; x_wconf 86' lang='grc' dir='ltr'><strong>κατά</strong></span> <span class='ocrx_word' id='word_1_245' title='bbox 877 2261 987 2313; x_wconf 83' lang='grc' dir='ltr'>τῶν</span> <span class='ocrx_word' id='word_1_246' title='bbox 1055 2260 1385 2329; x_wconf 79' lang='grc' dir='ltr'>οἰκονομιῶν</span> <span class='ocrx_word' id='word_1_247' title='bbox 1438 2259 1532 2313; x_wconf 80' lang='grc' dir='ltr'>τοῦ</span> <span class='ocrx_word' id='word_1_248' title='bbox 1591 2259 1748 2313; x_wconf 76' lang='grc' dir='ltr'>Θεοῦ·</span> <span class='ocrx_word' id='word_1_249' title='bbox 1816 2260 1963 2323; x_wconf 81' lang='grc' dir='ltr'>εἰκὸς</span> 
     </span>
    </p>
   </div>
   <div class='ocr_carea' id='block_1_38' title="bbox 387 2350 1963 2421">
    <p class='ocr_par' dir='ltr' id='par_1_38' title="bbox 387 2350 1963 2421">
     <span class='ocr_line' id='line_1_38' title="bbox 387 2350 1963 2421; baseline -0.001 -15"><span class='ocrx_word' id='word_1_250' title='bbox 387 2354 444 2406; x_wconf 83' lang='grc' dir='ltr'>δὲ</span> <span class='ocrx_word' id='word_1_251' title='bbox 500 2354 674 2405; x_wconf 81' lang='grc' dir='ltr'>εἰπεῖν</span> <span class='ocrx_word' id='word_1_252' title='bbox 709 2368 884 2418; x_wconf 79' lang='grc' dir='ltr'>τινας,</span> <span class='ocrx_word' id='word_1_253' title='bbox 932 2352 1043 2405; x_wconf 75' lang='grc' dir='ltr'><strong>Καὶ</strong></span> <span class='ocrx_word' id='word_1_254' title='bbox 1077 2351 1242 2407; x_wconf 86' lang='grc' dir='ltr'>πόθεν</span> <span class='ocrx_word' id='word_1_255' title='bbox 1287 2351 1730 2421; x_wconf 66' lang='grc' dir='ltr'>ἀναφανήσονται</span> <span class='ocrx_word' id='word_1_256' title='bbox 1778 2351 1827 2404; x_wconf 86' lang='grc' dir='ltr'><strong>οἰ</strong></span> <span class='ocrx_word' id='word_1_257' title='bbox 1875 2350 1963 2404; x_wconf 82' lang='grc' dir='ltr'>διὰ</span> 
     </span>
    </p>
   </div>
   <div class='ocr_carea' id='block_1_39' title="bbox 385 2444 1963 2517">
    <p class='ocr_par' dir='ltr' id='par_1_39' title="bbox 385 2444 1963 2517">
     <span class='ocr_line' id='line_1_39' title="bbox 385 2444 1963 2517; baseline -0.003 -17"><span class='ocrx_word' id='word_1_258' title='bbox 385 2445 591 2514; x_wconf 82' lang='grc' dir='ltr'>ἀγαθὸν</span> <span class='ocrx_word' id='word_1_259' title='bbox 622 2447 822 2517; x_wconf 83' lang='grc' dir='ltr'>τρόπον</span> <span class='ocrx_word' id='word_1_260' title='bbox 850 2446 945 2498; x_wconf 71' lang='grc' dir='ltr'>καὶ</span> <span class='ocrx_word' id='word_1_261' title='bbox 984 2444 1149 2499; x_wconf 86' lang='grc' dir='ltr'>οἰδιὰ</span> <span class='ocrx_word' id='word_1_262' title='bbox 1189 2444 1393 2513; x_wconf 79' lang='grc' dir='ltr'>φαῦλον</span> <span class='ocrx_word' id='word_1_263' title='bbox 1453 2444 1845 2512; x_wconf 86' lang='grc' dir='ltr'>νηστεύοντες;</span> <span class='ocrx_word' id='word_1_264' title='bbox 1910 2445 1963 2496; x_wconf 90' lang='grc' dir='ltr'><strong>οἰ</strong></span> 
     </span>
    </p>
   </div>
   <div class='ocr_carea' id='block_1_40' title="bbox 386 2534 1964 2606">
    <p class='ocr_par' dir='ltr' id='par_1_40' title="bbox 386 2534 1964 2606">
     <span class='ocr_line' id='line_1_40' title="bbox 386 2534 1964 2606; baseline -0.001 -18"><span class='ocrx_word' id='word_1_265' title='bbox 386 2536 482 2604; x_wconf 78' lang='grc' dir='ltr'>τῆς</span> <span class='ocrx_word' id='word_1_266' title='bbox 513 2537 799 2605; x_wconf 81' lang='grc' dir='ltr'>παρούσης</span> <span class='ocrx_word' id='word_1_267' title='bbox 835 2534 1054 2590; x_wconf 84' lang='grc' dir='ltr'>συνόδου</span> <span class='ocrx_word' id='word_1_268' title='bbox 1088 2536 1332 2606; x_wconf 82' lang='grc' dir='ltr'>Πατέρες</span> <span class='ocrx_word' id='word_1_269' title='bbox 1366 2534 1625 2603; x_wconf 81' lang='grc' dir='ltr'>εὐμαρῶς</span> <span class='ocrx_word' id='word_1_270' title='bbox 1669 2534 1763 2588; x_wconf 74' lang='grc' dir='ltr'><strong>καὶ</strong></span> <span class='ocrx_word' id='word_1_271' title='bbox 1805 2534 1964 2587; x_wconf 82' lang='grc' dir='ltr'>τοῦτο</span> 
     </span>
    </p>
   </div>
   <div class='ocr_carea' id='block_1_41' title="bbox 386 2626 1965 2698">
    <p class='ocr_par' dir='ltr' id='par_1_41' title="bbox 386 2626 1965 2698">
     <span class='ocr_line' id='line_1_41' title="bbox 386 2626 1965 2698; baseline 0 -18"><span class='ocrx_word' id='word_1_272' title='bbox 386 2627 781 2697; x_wconf 73' lang='grc' dir='ltr'>διηυ).ήτωσαν.</span> <span class='ocrx_word' id='word_1_273' title='bbox 847 2626 1097 2695; x_wconf 82' lang='grc' dir='ltr'>Ἔφασαν</span> <span class='ocrx_word' id='word_1_274' title='bbox 1131 2627 1261 2697; x_wconf 77' lang='grc' dir='ltr'>γὰρ,</span> <span class='ocrx_word' id='word_1_275' title='bbox 1286 2626 1360 2688; x_wconf 82' lang='grc' dir='ltr'><strong>ὡς</strong></span> <span class='ocrx_word' id='word_1_276' title='bbox 1393 2626 1455 2681; x_wconf 87' lang='grc' dir='ltr'>Εἰ</span> <span class='ocrx_word' id='word_1_277' title='bbox 1485 2626 1768 2697; x_wconf 85' lang='grc' dir='ltr'>βούλονται</span> <span class='ocrx_word' id='word_1_278' title='bbox 1798 2627 1848 2680; x_wconf 91' lang='grc' dir='ltr'><strong>οἰ</strong></span> <span class='ocrx_word' id='word_1_279' title='bbox 1870 2646 1965 2698; x_wconf 86' lang='grc' dir='ltr'>νη-</span> 
     </span>
    </p>
   </div>
   <div class='ocr_carea' id='block_1_42' title="bbox 387 2714 1966 2797">
    <p class='ocr_par' dir='ltr' id='par_1_42' title="bbox 387 2714 1966 2797">
     <span class='ocr_line' id='line_1_42' title="bbox 387 2714 1966 2797; baseline 0.004 -31"><span class='ocrx_word' id='word_1_280' title='bbox 387 2714 670 2778; x_wconf 84' lang='grc' dir='ltr'>στεύοντες</span> <span class='ocrx_word' id='word_1_281' title='bbox 720 2716 866 2771; x_wconf 84' lang='grc' dir='ltr'>ἆπαν</span> <span class='ocrx_word' id='word_1_282' title='bbox 924 2716 1224 2797; x_wconf 74' lang='grc' dir='ltr'>σκάνδαλον</span> <span class='ocrx_word' id='word_1_283' title='bbox 1277 2718 1660 2788; x_wconf 81' lang='grc' dir='ltr'>περιαιρῆσαι,</span> <span class='ocrx_word' id='word_1_284' title='bbox 1727 2718 1966 2787; x_wconf 76' lang='grc' dir='ltr'>ἐφαπτέ-</span> 
     </span>
    </p>
   </div>
   <div class='ocr_carea' id='block_1_43' title="bbox 388 2806 1962 2880">
    <p class='ocr_par' dir='ltr' id='par_1_43' title="bbox 388 2806 1962 2880">
     <span class='ocr_line' id='line_1_43' title="bbox 388 2806 1962 2880; baseline 0.003 -23"><span class='ocrx_word' id='word_1_285' title='bbox 388 2806 602 2859; x_wconf 86' lang='grc' dir='ltr'>σθωσαν</span> <span class='ocrx_word' id='word_1_286' title='bbox 635 2808 796 2878; x_wconf 86' lang='grc' dir='ltr'>μόνον</span> <span class='ocrx_word' id='word_1_287' title='bbox 843 2808 950 2861; x_wconf 82' lang='grc' dir='ltr'><strong>τῶν</strong></span> <span class='ocrx_word' id='word_1_288' title='bbox 978 2809 1176 2878; x_wconf 80' lang='grc' dir='ltr'>κρεῶν,</span> <span class='ocrx_word' id='word_1_289' title='bbox 1215 2810 1306 2862; x_wconf 71' lang='grc' dir='ltr'><strong>καὶ</strong></span> <span class='ocrx_word' id='word_1_290' title='bbox 1335 2809 1495 2875; x_wconf 75' lang='grc' dir='ltr'>πάλιν</span> <span class='ocrx_word' id='word_1_291' title='bbox 1528 2811 1962 2880; x_wconf 84' lang='grc' dir='ltr'>νηστευέτωσαν,</span> 
     </span>
    </p>
   </div>
   <div class='ocr_carea' id='block_1_44' title="bbox 386 2898 1966 2971">
    <p class='ocr_par' dir='ltr' id='par_1_44' title="bbox 386 2898 1966 2971">
     <span class='ocr_line' id='line_1_44' title="bbox 386 2898 1966 2971; baseline 0.001 -20"><span class='ocrx_word' id='word_1_292' title='bbox 386 2900 438 2951; x_wconf 75' lang='grc' dir='ltr'><strong>εἰ</strong></span> <span class='ocrx_word' id='word_1_293' title='bbox 472 2898 778 2967; x_wconf 83' lang='grc' dir='ltr'>αἱροῦνται.</span> <span class='ocrx_word' id='word_1_294' title='bbox 819 2900 880 2951; x_wconf 85' lang='grc' dir='ltr'>Εἰ</span> <span class='ocrx_word' id='word_1_295' title='bbox 938 2899 994 2952; x_wconf 82' lang='grc' dir='ltr'>δὲ</span> <span class='ocrx_word' id='word_1_296' title='bbox 1026 2901 1187 2952; x_wconf 79' lang='grc' dir='ltr'>τοῦτο</span> <span class='ocrx_word' id='word_1_297' title='bbox 1221 2902 1280 2954; x_wconf 85' lang='grc' dir='ltr'><strong>οὐ</strong></span> <span class='ocrx_word' id='word_1_298' title='bbox 1324 2902 1664 2971; x_wconf 77' lang='grc' dir='ltr'>ποιήσουσιν,</span> <span class='ocrx_word' id='word_1_299' title='bbox 1700 2900 1813 2953; x_wconf 77' lang='grc' dir='ltr'>ἀλλ’</span> <span class='ocrx_word' id='word_1_300' title='bbox 1844 2902 1966 2955; x_wconf 73' lang='grc' dir='ltr'>οὐδὲ</span> 
     </span>
    </p>
   </div>
   <div class='ocr_carea' id='block_1_45' title="bbox 387 2986 1965 3060">
    <p class='ocr_par' dir='ltr' id='par_1_45' title="bbox 387 2986 1965 3060">
     <span class='ocr_line' id='line_1_45' title="bbox 387 2986 1965 3060; baseline 0.003 -21"><span class='ocrx_word' id='word_1_301' title='bbox 387 2986 454 3042; x_wconf 57' lang='grc' dir='ltr'><strong>τά</strong></span> <span class='ocrx_word' id='word_1_302' title='bbox 485 2989 693 3060; x_wconf 82' lang='grc' dir='ltr'>λάχανα</span> <span class='ocrx_word' id='word_1_303' title='bbox 724 2988 791 3041; x_wconf 82' lang='grc' dir='ltr'>τὰ</span> <span class='ocrx_word' id='word_1_304' title='bbox 824 2987 962 3059; x_wconf 79' lang='grc' dir='ltr'>μετᾶ</span> <span class='ocrx_word' id='word_1_305' title='bbox 989 2989 1098 3042; x_wconf 83' lang='grc' dir='ltr'>τῶν</span> <span class='ocrx_word' id='word_1_306' title='bbox 1128 2990 1307 3059; x_wconf 78' lang='grc' dir='ltr'>κρεῶν</span> <span class='ocrx_word' id='word_1_307' title='bbox 1339 2989 1644 3060; x_wconf 80' lang='grc' dir='ltr'>βαλλόμενα</span> <span class='ocrx_word' id='word_1_308' title='bbox 1673 2991 1965 3057; x_wconf 81' lang='grc' dir='ltr'>ἐσθίουσιν,</span> 
     </span>
    </p>
   </div>
   <div class='ocr_carea' id='block_1_46' title="bbox 2064 1888 3642 1971">
    <p class='ocr_par' dir='ltr' id='par_1_46' title="bbox 2064 1888 3642 1971">
     <span class='ocr_line' id='line_1_46' title="bbox 2064 1888 3642 1971; baseline 0.01 -35"><span class='ocrx_word' id='word_1_309' title='bbox 2064 1889 2131 1942; x_wconf 81' lang='lat' dir='ltr'><strong>de</strong></span> <span class='ocrx_word' id='word_1_310' title='bbox 2165 1888 2233 1943; x_wconf 91' lang='lat' dir='ltr'><strong>iis</strong></span> <span class='ocrx_word' id='word_1_311' title='bbox 2266 1890 2355 1958; x_wconf 89' lang='lat' dir='ltr'><strong>qui</strong></span> <span class='ocrx_word' id='word_1_312' title='bbox 2392 1905 2420 1942; x_wconf 93' lang='lat' dir='ltr'><strong>a</strong></span> <span class='ocrx_word' id='word_1_313' title='bbox 2455 1891 2659 1965; x_wconf 80' lang='lat' dir='ltr'><strong>nuptiis</strong></span> <span class='ocrx_word' id='word_1_314' title='bbox 2703 1898 2759 1946; x_wconf 90' lang='lat' dir='ltr'><strong>et</strong></span> <span class='ocrx_word' id='word_1_315' title='bbox 2790 1892 2916 1947; x_wconf 83' lang='lat' dir='ltr'><strong>vino</strong></span> <span class='ocrx_word' id='word_1_316' title='bbox 2956 1904 3010 1948; x_wconf 88' lang='lat' dir='ltr'><strong>et</strong></span> <span class='ocrx_word' id='word_1_317' title='bbox 3052 1896 3306 1950; x_wconf 85' lang='lat' dir='ltr'><strong>carnibus</strong></span> <span class='ocrx_word' id='word_1_318' title='bbox 3345 1898 3642 1971; x_wconf 71' lang='lat' dir='ltr'><strong>abstinent,</strong></span> 
     </span>
    </p>
   </div>
   <div class='ocr_carea' id='block_1_47' title="bbox 2066 1979 3645 2061">
    <p class='ocr_par' dir='ltr' id='par_1_47' title="bbox 2066 1979 3645 2061">
     <span class='ocr_line' id='line_1_47' title="bbox 2066 1979 3645 2061; baseline 0.008 -28"><span class='ocrx_word' id='word_1_319' title='bbox 2066 1979 2175 2035; x_wconf 88' lang='lat' dir='ltr'><strong>illic</strong></span> <span class='ocrx_word' id='word_1_320' title='bbox 2211 1990 2340 2037; x_wconf 80' lang='lat' dir='ltr'><strong>sunt</strong></span> <span class='ocrx_word' id='word_1_321' title='bbox 2379 1984 2649 2053; x_wconf 79' lang='lat' dir='ltr'><strong>exposita.</strong></span> <span class='ocrx_word' id='word_1_322' title='bbox 2703 1984 2977 2049; x_wconf 82' lang='lat' dir='ltr'><strong>Quoniam</strong></span> <span class='ocrx_word' id='word_1_323' title='bbox 3018 1996 3204 2051; x_wconf 83' lang='lat' dir='ltr'><strong>autem</strong></span> <span class='ocrx_word' id='word_1_324' title='bbox 3242 1991 3293 2043; x_wconf 89' lang='lat' dir='ltr'><strong>in</strong></span> <span class='ocrx_word' id='word_1_325' title='bbox 3336 2005 3402 2049; x_wconf 90' lang='lat' dir='ltr'><strong>eo</strong></span> <span class='ocrx_word' id='word_1_326' title='bbox 3434 2008 3645 2061; x_wconf 70' lang='lat' dir='ltr'><strong>canone</strong></span> 
     </span>
    </p>
   </div>
   <div class='ocr_carea' id='block_1_48' title="bbox 2065 2079 3646 2150">
    <p class='ocr_par' dir='ltr' id='par_1_48' title="bbox 2065 2079 3646 2150">
     <span class='ocr_line' id='line_1_48' title="bbox 2065 2079 3646 2150; baseline 0.011 -24"><span class='ocrx_word' id='word_1_327' title='bbox 2065 2081 2357 2129; x_wconf 88' lang='lat' dir='ltr'><strong>tractatum</strong></span> <span class='ocrx_word' id='word_1_328' title='bbox 2388 2085 2491 2140; x_wconf 82' lang='lat' dir='ltr'><strong>est,</strong></span> <span class='ocrx_word' id='word_1_329' title='bbox 2516 2092 2610 2131; x_wconf 86' lang='lat' dir='ltr'><strong>eos</strong></span> <span class='ocrx_word' id='word_1_330' title='bbox 2643 2081 2747 2130; x_wconf 84' lang='lat' dir='ltr'><strong>t&#39;lon</strong></span> <span class='ocrx_word' id='word_1_331' title='bbox 2782 2079 3088 2148; x_wconf 81' lang='lat' dir='ltr'><strong>puniendos</strong></span> <span class='ocrx_word' id='word_1_332' title='bbox 3114 2081 3206 2150; x_wconf 89' lang='lat' dir='ltr'><strong>qui</strong></span> <span class='ocrx_word' id='word_1_333' title='bbox 3240 2093 3460 2150; x_wconf 89' lang='lat' dir='ltr'><strong>propter</strong></span> <span class='ocrx_word' id='word_1_334' title='bbox 3488 2100 3646 2144; x_wconf 71' lang='lat' dir='ltr'><strong>CXII‘r</strong></span> 
     </span>
    </p>
   </div>
   <div class='ocr_carea' id='block_1_49' title="bbox 2064 2166 3642 2247">
    <p class='ocr_par' dir='ltr' id='par_1_49' title="bbox 2064 2166 3642 2247">
     <span class='ocr_line' id='line_1_49' title="bbox 2064 2166 3642 2247; baseline 0.008 -28"><span class='ocrx_word' id='word_1_335' title='bbox 2064 2166 2383 2247; x_wconf 79' lang='lat' dir='ltr'><strong>citationcm</strong></span> <span class='ocrx_word' id='word_1_336' title='bbox 2424 2166 2712 2241; x_wconf 76' lang='lat' dir='ltr'><strong>jejunent;</strong></span> <span class='ocrx_word' id='word_1_337' title='bbox 2752 2170 2849 2224; x_wconf 87' lang='lat' dir='ltr'><strong>sed</strong></span> <span class='ocrx_word' id='word_1_338' title='bbox 2885 2186 2978 2226; x_wconf 84' lang='lat' dir='ltr'><strong>eos</strong></span> <span class='ocrx_word' id='word_1_339' title='bbox 3009 2186 3129 2227; x_wconf 89' lang='lat' dir='ltr'><strong>esse</strong></span> <span class='ocrx_word' id='word_1_340' title='bbox 3166 2176 3522 2242; x_wconf 76' lang='lat' dir='ltr'><strong>coercendos,</strong></span> <span class='ocrx_word' id='word_1_341' title='bbox 3552 2181 3642 2247; x_wconf 82' lang='lat' dir='ltr'><strong>qui</strong></span> 
     </span>
    </p>
   </div>
   <div class='ocr_carea' id='block_1_50' title="bbox 2066 2244 3648 2338">
    <p class='ocr_par' dir='ltr' id='par_1_50' title="bbox 2066 2244 3648 2338">
     <span class='ocr_line' id='line_1_50' title="bbox 2066 2244 3648 2338; baseline 0.004 -26"><span class='ocrx_word' id='word_1_342' title='bbox 2066 2244 2329 2315; x_wconf 81' lang='lat' dir='ltr'><strong>adversus</strong></span> <span class='ocrx_word' id='word_1_343' title='bbox 2364 2261 2452 2314; x_wconf 87' lang='lat' dir='ltr'><strong>Dei</strong></span> <span class='ocrx_word' id='word_1_344' title='bbox 2505 2262 2869 2315; x_wconf 65' lang='lat' dir='ltr'><strong>oeconomiam</strong></span> <span class='ocrx_word' id='word_1_345' title='bbox 2916 2263 3183 2317; x_wconf 81' lang='lat' dir='ltr'><strong>maledice</strong></span> <span class='ocrx_word' id='word_1_346' title='bbox 3219 2244 3648 2338; x_wconf 77' lang='lat' dir='ltr'><strong>blasphemean</strong></span> 
     </span>
    </p>
   </div>
   <div class='ocr_carea' id='block_1_51' title="bbox 2064 2345 3647 2441">
    <p class='ocr_par' dir='ltr' id='par_1_51' title="bbox 2064 2345 3647 2441">
     <span class='ocr_line' id='line_1_51' title="bbox 2064 2345 3647 2441; baseline 0.008 -38"><span class='ocrx_word' id='word_1_347' title='bbox 2064 2350 2363 2422; x_wconf 88' lang='lat' dir='ltr'><strong>loquuntur</strong></span> <span class='ocrx_word' id='word_1_348' title='bbox 2390 2370 2404 2419; x_wconf 89' lang='lat'><strong>;</strong></span> <span class='ocrx_word' id='word_1_349' title='bbox 2434 2363 2517 2408; x_wconf 90' lang='lat' dir='ltr'><strong>est</strong></span> <span class='ocrx_word' id='word_1_350' title='bbox 2547 2361 2727 2417; x_wconf 81' lang='lat' dir='ltr'><strong>autem</strong></span> <span class='ocrx_word' id='word_1_351' title='bbox 2763 2345 3061 2423; x_wconf 75' lang='lat' dir='ltr'><strong>verisimile</strong></span> <span class='ocrx_word' id='word_1_352' title='bbox 3095 2357 3303 2419; x_wconf 74' lang='lat' dir='ltr'><strong>dixisse</strong></span> <span class='ocrx_word' id='word_1_353' title='bbox 3330 2362 3647 2441; x_wconf 66' lang='lat' dir='ltr'><strong>nonnullos,</strong></span> 
     </span>
    </p>
   </div>
   <div class='ocr_carea' id='block_1_52' title="bbox 2069 2444 3648 2523">
    <p class='ocr_par' dir='ltr' id='par_1_52' title="bbox 2069 2444 3648 2523">
     <span class='ocr_line' id='line_1_52' title="bbox 2069 2444 3648 2523; baseline 0.008 -25"><span class='ocrx_word' id='word_1_354' title='bbox 2069 2444 2135 2498; x_wconf 89' lang='lat' dir='ltr'><strong>Et</strong></span> <span class='ocrx_word' id='word_1_355' title='bbox 2176 2444 2452 2511; x_wconf 85' lang='lat' dir='ltr'><strong>undenam</strong></span> <span class='ocrx_word' id='word_1_356' title='bbox 2493 2460 2520 2499; x_wconf 91' lang='lat' dir='ltr'><strong>a</strong></span> <span class='ocrx_word' id='word_1_357' title='bbox 2555 2445 2713 2500; x_wconf 87' lang='lat' dir='ltr'><strong>nobis</strong></span> <span class='ocrx_word' id='word_1_358' title='bbox 2742 2457 3148 2517; x_wconf 65' lang='lat' dir='ltr'><strong>cognoscentur</strong></span> <span class='ocrx_word' id='word_1_359' title='bbox 3193 2453 3283 2523; x_wconf 85' lang='lat' dir='ltr'><strong>qui</strong></span> <span class='ocrx_word' id='word_1_360' title='bbox 3320 2454 3463 2517; x_wconf 84' lang='lat' dir='ltr'><strong>bono</strong></span> <span class='ocrx_word' id='word_1_361' title='bbox 3497 2469 3648 2523; x_wconf 79' lang='lat' dir='ltr'><strong>more</strong></span> 
     </span>
    </p>
   </div>
   <div class='ocr_carea' id='block_1_53' title="bbox 2063 2537 3651 2617">
    <p class='ocr_par' dir='ltr' id='par_1_53' title="bbox 2063 2537 3651 2617">
     <span class='ocr_line' id='line_1_53' title="bbox 2063 2537 3651 2617; baseline 0.004 -24"><span class='ocrx_word' id='word_1_362' title='bbox 2063 2547 2119 2594; x_wconf 90' lang='lat' dir='ltr'><strong>et</strong></span> <span class='ocrx_word' id='word_1_363' title='bbox 2151 2538 2245 2615; x_wconf 79' lang='lat' dir='ltr'><strong>qui</strong></span> <span class='ocrx_word' id='word_1_364' title='bbox 2280 2537 2736 2608; x_wconf 79' lang='lat' dir='ltr'><strong>malojejunant?</strong></span> <span class='ocrx_word' id='word_1_365' title='bbox 2776 2543 3059 2609; x_wconf 82' lang='lat' dir='ltr'><strong>praesentis</strong></span> <span class='ocrx_word' id='word_1_366' title='bbox 3090 2543 3280 2615; x_wconf 78' lang='lat' dir='ltr'><strong>synodi</strong></span> <span class='ocrx_word' id='word_1_367' title='bbox 3322 2545 3508 2603; x_wconf 73' lang='lat' dir='ltr'><strong>Patres</strong></span> <span class='ocrx_word' id='word_1_368' title='bbox 3546 2547 3651 2617; x_wconf 77' lang='lat' dir='ltr'><strong>hoc</strong></span> 
     </span>
    </p>
   </div>
   <div class='ocr_carea' id='block_1_54' title="bbox 2066 2628 3651 2714">
    <p class='ocr_par' dir='ltr' id='par_1_54' title="bbox 2066 2628 3651 2714">
     <span class='ocr_line' id='line_1_54' title="bbox 2066 2628 3651 2714; baseline 0.008 -33"><span class='ocrx_word' id='word_1_369' title='bbox 2066 2644 2285 2700; x_wconf 89' lang='lat' dir='ltr'><strong>quoque</strong></span> <span class='ocrx_word' id='word_1_370' title='bbox 2333 2628 2493 2684; x_wconf 85' lang='lat' dir='ltr'><strong>facile</strong></span> <span class='ocrx_word' id='word_1_371' title='bbox 2538 2630 2926 2685; x_wconf 85' lang='lat' dir='ltr'><strong>dissolverunt.</strong></span> <span class='ocrx_word' id='word_1_372' title='bbox 2982 2633 3175 2687; x_wconf 90' lang='lat' dir='ltr'><strong>Dicunt</strong></span> <span class='ocrx_word' id='word_1_373' title='bbox 3207 2635 3376 2701; x_wconf 87' lang='lat' dir='ltr'><strong>enim,</strong></span> <span class='ocrx_word' id='word_1_374' title='bbox 3418 2639 3562 2711; x_wconf 87' lang='lat' dir='ltr'><strong>quod</strong></span> <span class='ocrx_word' id='word_1_375' title='bbox 3592 2637 3651 2714; x_wconf 75' lang='lat' dir='ltr'><strong>Si</strong></span> 
     </span>
    </p>
   </div>
   <div class='ocr_carea' id='block_1_55' title="bbox 2067 2721 3649 2807">
    <p class='ocr_par' dir='ltr' id='par_1_55' title="bbox 2067 2721 3649 2807">
     <span class='ocr_line' id='line_1_55' title="bbox 2067 2721 3649 2807; baseline 0.006 -31"><span class='ocrx_word' id='word_1_376' title='bbox 2067 2723 2280 2788; x_wconf 82' lang='lat' dir='ltr'><strong>volunt,</strong></span> <span class='ocrx_word' id='word_1_377' title='bbox 2334 2722 2426 2790; x_wconf 91' lang='lat' dir='ltr'><strong>qui</strong></span> <span class='ocrx_word' id='word_1_378' title='bbox 2481 2721 2760 2793; x_wconf 78' lang='lat' dir='ltr'><strong>jcjunant,</strong></span> <span class='ocrx_word' id='word_1_379' title='bbox 2823 2739 3041 2780; x_wconf 87' lang='lat' dir='ltr'><strong>omnem</strong></span> <span class='ocrx_word' id='word_1_380' title='bbox 3094 2726 3451 2791; x_wconf 64' lang='lat' dir='ltr'><strong>offensionem</strong></span> <span class='ocrx_word' id='word_1_381' title='bbox 3508 2731 3649 2807; x_wconf 73' lang='lat' dir='ltr'><strong>tolli,</strong></span> 
     </span>
    </p>
   </div>
   <div class='ocr_carea' id='block_1_56' title="bbox 2067 2816 3650 2892">
    <p class='ocr_par' dir='ltr' id='par_1_56' title="bbox 2067 2816 3650 2892">
     <span class='ocr_line' id='line_1_56' title="bbox 2067 2816 3650 2892; baseline 0.007 -22"><span class='ocrx_word' id='word_1_382' title='bbox 2067 2829 2265 2871; x_wconf 91' lang='lat' dir='ltr'><strong>carnes</strong></span> <span class='ocrx_word' id='word_1_383' title='bbox 2303 2822 2513 2869; x_wconf 90' lang='lat' dir='ltr'><strong>tantum</strong></span> <span class='ocrx_word' id='word_1_384' title='bbox 2559 2816 2851 2887; x_wconf 77' lang='lat' dir='ltr'><strong>attingant,</strong></span> <span class='ocrx_word' id='word_1_385' title='bbox 2888 2827 2942 2871; x_wconf 88' lang='lat' dir='ltr'><strong>et</strong></span> <span class='ocrx_word' id='word_1_386' title='bbox 2977 2817 3231 2889; x_wconf 80' lang='lat' dir='ltr'><strong>jejunent</strong></span> <span class='ocrx_word' id='word_1_387' title='bbox 3265 2822 3311 2876; x_wconf 90' lang='lat' dir='ltr'><strong>si</strong></span> <span class='ocrx_word' id='word_1_388' title='bbox 3351 2821 3518 2886; x_wconf 82' lang='lat' dir='ltr'><strong>velint</strong></span> <span class='ocrx_word' id='word_1_389' title='bbox 3556 2840 3570 2877; x_wconf 89' lang='lat'><strong>:</strong></span> <span class='ocrx_word' id='word_1_390' title='bbox 3607 2828 3650 2892; x_wconf 69' lang='lat' dir='ltr'><strong>si</strong></span> 
     </span>
    </p>
   </div>
   <div class='ocr_carea' id='block_1_57' title="bbox 2071 2892 3651 2986">
    <p class='ocr_par' dir='ltr' id='par_1_57' title="bbox 2071 2892 3651 2986">
     <span class='ocr_line' id='line_1_57' title="bbox 2071 2892 3651 2986; baseline 0.003 -24"><span class='ocrx_word' id='word_1_391' title='bbox 2071 2917 2257 2962; x_wconf 89' lang='lat' dir='ltr'><strong>autem</strong></span> <span class='ocrx_word' id='word_1_392' title='bbox 2295 2907 2400 2962; x_wconf 90' lang='lat' dir='ltr'><strong>hoc</strong></span> <span class='ocrx_word' id='word_1_393' title='bbox 2432 2922 2543 2961; x_wconf 91' lang='lat' dir='ltr'><strong>non</strong></span> <span class='ocrx_word' id='word_1_394' title='bbox 2579 2907 2800 2972; x_wconf 83' lang='lat' dir='ltr'><strong>facient,</strong></span> <span class='ocrx_word' id='word_1_395' title='bbox 2842 2907 2935 2963; x_wconf 87' lang='lat' dir='ltr'><strong>sed</strong></span> <span class='ocrx_word' id='word_1_396' title='bbox 2972 2892 3144 2978; x_wconf 84' lang='lat' dir='ltr'><strong>neque</strong></span> <span class='ocrx_word' id='word_1_397' title='bbox 3184 2911 3329 2964; x_wconf 75' lang='lat' dir='ltr'><strong>olera</strong></span> <span class='ocrx_word' id='word_1_398' title='bbox 3373 2928 3493 2982; x_wconf 60' lang='lat' dir='ltr'><strong>qua}</strong></span> <span class='ocrx_word' id='word_1_399' title='bbox 3525 2924 3651 2986; x_wconf 60' lang='lat' dir='ltr'><strong>sunt</strong></span> 
     </span>
    </p>
   </div>
   <div class='ocr_carea' id='block_1_58' title="bbox 2070 2999 3651 3079">
    <p class='ocr_par' dir='ltr' id='par_1_58' title="bbox 2070 2999 3651 3079">
     <span class='ocr_line' id='line_1_58' title="bbox 2070 2999 3651 3079; baseline 0.006 -26"><span class='ocrx_word' id='word_1_400' title='bbox 2070 3016 2194 3069; x_wconf 85' lang='lat' dir='ltr'><strong>cum</strong></span> <span class='ocrx_word' id='word_1_401' title='bbox 2239 2999 2500 3067; x_wconf 83' lang='lat' dir='ltr'><strong>carnibus</strong></span> <span class='ocrx_word' id='word_1_402' title='bbox 2552 2999 2750 3068; x_wconf 79' lang='lat' dir='ltr'><strong>injecta</strong></span> <span class='ocrx_word' id='word_1_403' title='bbox 2806 3002 3121 3075; x_wconf 77' lang='lat' dir='ltr'><strong>comedunt,</strong></span> <span class='ocrx_word' id='word_1_404' title='bbox 3167 3005 3390 3073; x_wconf 77' lang='lat' dir='ltr'><strong>omnino</strong></span> <span class='ocrx_word' id='word_1_405' title='bbox 3445 3008 3514 3062; x_wconf 88' lang='lat' dir='ltr'><strong>ab</strong></span> <span class='ocrx_word' id='word_1_406' title='bbox 3546 3012 3651 3079; x_wconf 76' lang='lat' dir='ltr'><strong>epi-</strong></span> 
     </span>
    </p>
   </div>
   <div class='ocr_carea' id='block_1_59' title="bbox 386 3079 1968 3176">
    <p class='ocr_par' dir='ltr' id='par_1_59' title="bbox 386 3079 1968 3157">
     <span class='ocr_line' id='line_1_59' title="bbox 386 3079 1968 3157; baseline 0.001 -22"><span class='ocrx_word' id='word_1_407' title='bbox 386 3079 821 3151; x_wconf 77' lang='grc' dir='ltr'>ἀναγκαζόμενοι</span> <span class='ocrx_word' id='word_1_408' title='bbox 844 3082 1056 3144; x_wconf 85' lang='grc' dir='ltr'>πάντως</span> <span class='ocrx_word' id='word_1_409' title='bbox 1079 3083 1229 3152; x_wconf 71' lang='grc' dir='ltr'>παρὰ</span> <span class='ocrx_word' id='word_1_410' title='bbox 1248 3080 1669 3152; x_wconf 52' lang='grc' dir='ltr'>τούέπισκόπου</span> <span class='ocrx_word' id='word_1_411' title='bbox 1692 3084 1755 3137; x_wconf 86' lang='grc' dir='ltr'><strong>ἐκ</strong></span> <span class='ocrx_word' id='word_1_412' title='bbox 1790 3100 1968 3157; x_wconf 77' lang='grc' dir='ltr'>προσ-ο</span> 
     </span>
    </p>
   </div>
   <div class='ocr_carea' id='block_1_60' title="bbox 2074 3079 3653 3176">
    <p class='ocr_par' dir='ltr' id='par_1_60' title="bbox 2074 3093 3653 3170">
     <span class='ocr_line' id='line_1_60' title="bbox 2074 3093 3653 3170; baseline 0.006 -23"><span class='ocrx_word' id='word_1_413' title='bbox 2074 3107 2243 3162; x_wconf 87' lang='lat' dir='ltr'><strong>scopo</strong></span> <span class='ocrx_word' id='word_1_414' title='bbox 2280 3093 2457 3159; x_wconf 84' lang='lat' dir='ltr'><strong>coacti</strong></span> <span class='ocrx_word' id='word_1_415' title='bbox 2500 3108 2566 3147; x_wconf 84' lang='lat' dir='ltr'><strong>ex</strong></span> <span class='ocrx_word' id='word_1_416' title='bbox 2617 3093 2928 3165; x_wconf 80' lang='lat' dir='ltr'><strong>aliquorum</strong></span> <span class='ocrx_word' id='word_1_417' title='bbox 2979 3094 3416 3163; x_wconf 75' lang='lat' dir='ltr'><strong>denuntiatione,</strong></span> <span class='ocrx_word' id='word_1_418' title='bbox 3462 3100 3653 3170; x_wconf 75' lang='lat' dir='ltr'><strong>depre-</strong></span> 
     </span>
    </p>
   </div>
   <div class='ocr_carea' id='block_1_61' title="bbox 388 3174 1968 3247">
    <p class='ocr_par' dir='ltr' id='par_1_61' title="bbox 388 3174 1968 3247">
     <span class='ocr_line' id='line_1_61' title="bbox 388 3174 1968 3247; baseline 0.003 -20"><span class='ocrx_word' id='word_1_419' title='bbox 388 3174 654 3244; x_wconf 84' lang='grc' dir='ltr'>αγγελίας</span> <span class='ocrx_word' id='word_1_420' title='bbox 686 3174 869 3239; x_wconf 82' lang='grc' dir='ltr'>τινῶν,</span> <span class='ocrx_word' id='word_1_421' title='bbox 921 3174 1443 3247; x_wconf 86' lang='grc' dir='ltr'>καταλαμϐάνονται</span> <span class='ocrx_word' id='word_1_422' title='bbox 1501 3176 1588 3241; x_wconf 80' lang='grc' dir='ltr'>διὰ</span> <span class='ocrx_word' id='word_1_423' title='bbox 1635 3177 1835 3247; x_wconf 73' lang='grc' dir='ltr'>τρόπον</span> <span class='ocrx_word' id='word_1_424' title='bbox 1868 3179 1968 3231; x_wconf 83' lang='grc' dir='ltr'><strong>οὐκ</strong></span> 
     </span>
    </p>
   </div>
   <div class='ocr_carea' id='block_1_62' title="bbox 387 3264 1964 3342">
    <p class='ocr_par' dir='ltr' id='par_1_62' title="bbox 387 3264 1964 3342">
     <span class='ocr_line' id='line_1_62' title="bbox 387 3264 1964 3342; baseline 0.003 -22"><span class='ocrx_word' id='word_1_425' title='bbox 387 3266 595 3342; x_wconf 71' lang='grc' dir='ltr'>ἀγαθὸν</span> <span class='ocrx_word' id='word_1_426' title='bbox 626 3264 931 3335; x_wconf 79' lang='grc' dir='ltr'>ἀπέχεσθαι</span> <span class='ocrx_word' id='word_1_427' title='bbox 956 3265 1067 3320; x_wconf 88' lang='grc' dir='ltr'><strong>τῶν</strong></span> <span class='ocrx_word' id='word_1_428' title='bbox 1097 3267 1299 3337; x_wconf 81' lang='grc' dir='ltr'>κρεῶν,</span> <span class='ocrx_word' id='word_1_429' title='bbox 1331 3268 1423 3322; x_wconf 83' lang='grc' dir='ltr'><strong>καὶ</strong></span> <span class='ocrx_word' id='word_1_430' title='bbox 1463 3268 1964 3342; x_wconf 88' lang='grc' dir='ltr'>καθαιρείσθωσαν,</span> 
     </span>
    </p>
   </div>
   <div class='ocr_carea' id='block_1_63' title="bbox 386 3340 1967 3429">
    <p class='ocr_par' dir='ltr' id='par_1_63' title="bbox 386 3340 1967 3429">
     <span class='ocr_line' id='line_1_63' title="bbox 386 3340 1967 3429; baseline 0.004 -20"><span class='ocrx_word' id='word_1_431' title='bbox 386 3357 465 3421; x_wconf 81' lang='grc' dir='ltr'><strong>ὡς</strong></span> <span class='ocrx_word' id='word_1_432' title='bbox 494 3340 569 3427; x_wconf 69' lang='grc' dir='ltr'><strong>μή</strong></span> <span class='ocrx_word' id='word_1_433' title='bbox 603 3356 681 3427; x_wconf 80' lang='grc' dir='ltr'>τῷ</span> <span class='ocrx_word' id='word_1_434' title='bbox 723 3356 910 3417; x_wconf 65' lang='grc' dir='ltr'>κανόνι</span> <span class='ocrx_word' id='word_1_435' title='bbox 945 3356 1397 3429; x_wconf 80' lang='grc' dir='ltr'>ὑποτασσόμενοι.</span> <span class='ocrx_word' id='word_1_436' title='bbox 1432 3340 1645 3425; x_wconf 81' lang='grc' dir='ltr'>Καλῶς</span> <span class='ocrx_word' id='word_1_437' title='bbox 1690 3361 1746 3415; x_wconf 80' lang='grc' dir='ltr'>δὲ</span> <span class='ocrx_word' id='word_1_438' title='bbox 1787 3364 1967 3416; x_wconf 87' lang='grc' dir='ltr'>ἐκεῖσε</span> 
     </span>
    </p>
   </div>
   <div class='ocr_carea' id='block_1_64' title="bbox 393 3444 1969 3524">
    <p class='ocr_par' dir='ltr' id='par_1_64' title="bbox 393 3444 1969 3524">
     <span class='ocr_line' id='line_1_64' title="bbox 393 3444 1969 3524; baseline 0.003 -21"><span class='ocrx_word' id='word_1_439' title='bbox 393 3449 494 3521; x_wconf 67' lang='grc' dir='ltr'>μὶν</span> <span class='ocrx_word' id='word_1_440' title='bbox 525 3451 553 3503; x_wconf 93' lang='lat'><strong>6</strong></span> <span class='ocrx_word' id='word_1_441' title='bbox 583 3448 765 3505; x_wconf 88' lang='grc' dir='ltr'>κανὼν</span> <span class='ocrx_word' id='word_1_442' title='bbox 798 3444 953 3506; x_wconf 69' lang='grc' dir='ltr'>εἶπεν</span> <span class='ocrx_word' id='word_1_443' title='bbox 990 3450 1025 3522; x_wconf 79' lang='grc' dir='ltr'><strong>ἢ</strong></span> <span class='ocrx_word' id='word_1_444' title='bbox 1061 3450 1397 3524; x_wconf 86' lang='grc' dir='ltr'>παύεσθαιῆ</span> <span class='ocrx_word' id='word_1_445' title='bbox 1431 3452 1820 3524; x_wconf 87' lang='grc' dir='ltr'>καθαιρεῖσθαι</span> <span class='ocrx_word' id='word_1_446' title='bbox 1842 3455 1969 3508; x_wconf 87' lang='grc' dir='ltr'>τού-</span> 
     </span>
    </p>
   </div>
   <div class='ocr_carea' id='block_1_65' title="bbox 388 3541 1969 3619">
    <p class='ocr_par' dir='ltr' id='par_1_65' title="bbox 388 3541 1969 3619">
     <span class='ocr_line' id='line_1_65' title="bbox 388 3541 1969 3619; baseline 0.004 -25"><span class='ocrx_word' id='word_1_447' title='bbox 388 3559 515 3605; x_wconf 81' lang='grc' dir='ltr'>τους</span> <span class='ocrx_word' id='word_1_448' title='bbox 544 3558 560 3573; x_wconf 91' lang='grc'><strong>·</strong></span> <span class='ocrx_word' id='word_1_449' title='bbox 593 3541 830 3596; x_wconf 85' lang='grc' dir='ltr'>ἐνταῦθα</span> <span class='ocrx_word' id='word_1_450' title='bbox 868 3541 925 3595; x_wconf 86' lang='grc' dir='ltr'><strong>δέ</strong></span> <span class='ocrx_word' id='word_1_451' title='bbox 950 3542 1222 3597; x_wconf 83' lang='grc' dir='ltr'>παύεσθαι</span> <span class='ocrx_word' id='word_1_452' title='bbox 1276 3544 1377 3614; x_wconf 84' lang='grc' dir='ltr'>τῆς</span> <span class='ocrx_word' id='word_1_453' title='bbox 1406 3542 1614 3618; x_wconf 81' lang='grc' dir='ltr'>τάξεως</span> <span class='ocrx_word' id='word_1_454' title='bbox 1644 3547 1693 3599; x_wconf 79' lang='grc' dir='ltr'><strong>οἱ</strong></span> <span class='ocrx_word' id='word_1_455' title='bbox 1725 3547 1969 3619; x_wconf 80' lang='grc' dir='ltr'>Πατέρες</span> 
     </span>
    </p>
   </div>
   <div class='ocr_carea' id='block_1_66' title="bbox 389 3633 1968 3707">
    <p class='ocr_par' dir='ltr' id='par_1_66' title="bbox 389 3633 1968 3707">
     <span class='ocr_line' id='line_1_66' title="bbox 389 3633 1968 3707; baseline 0.004 -22"><span class='ocrx_word' id='word_1_456' title='bbox 389 3634 741 3703; x_wconf 87' lang='grc' dir='ltr'>διωρίσαντο.</span> <span class='ocrx_word' id='word_1_457' title='bbox 779 3633 905 3687; x_wconf 83' lang='grc' dir='ltr'>Ἔτι</span> <span class='ocrx_word' id='word_1_458' title='bbox 960 3633 1071 3704; x_wconf 83' lang='grc' dir='ltr'>γὰρ</span> <span class='ocrx_word' id='word_1_459' title='bbox 1100 3633 1195 3688; x_wconf 83' lang='grc' dir='ltr'>τοῦ</span> <span class='ocrx_word' id='word_1_460' title='bbox 1232 3634 1539 3706; x_wconf 85' lang='grc' dir='ltr'>ἀμφιϐόλου</span> <span class='ocrx_word' id='word_1_461' title='bbox 1589 3636 1664 3707; x_wconf 78' lang='grc' dir='ltr'><strong>μή</strong></span> <span class='ocrx_word' id='word_1_462' title='bbox 1694 3637 1968 3705; x_wconf 82' lang='grc' dir='ltr'>λυθέντος,</span> 
     </span>
    </p>
   </div>
   <div class='ocr_carea' id='block_1_67' title="bbox 388 3716 1971 3799">
    <p class='ocr_par' dir='ltr' id='par_1_67' title="bbox 388 3716 1971 3799">
     <span class='ocr_line' id='line_1_67' title="bbox 388 3716 1971 3799; baseline 0.003 -20"><span class='ocrx_word' id='word_1_463' title='bbox 388 3725 596 3795; x_wconf 73' lang='grc' dir='ltr'>ὤφειλε</span> <span class='ocrx_word' id='word_1_464' title='bbox 621 3726 838 3790; x_wconf 86' lang='grc' dir='ltr'>πάντως</span> <span class='ocrx_word' id='word_1_465' title='bbox 870 3724 899 3778; x_wconf 98' lang='lat'><strong>6</strong></span> <span class='ocrx_word' id='word_1_466' title='bbox 929 3716 1723 3798; x_wconf 86' lang='grc' dir='ltr'>αἰτιώμενοςπαρεγγυηθῆναι</span> <span class='ocrx_word' id='word_1_467' title='bbox 1754 3746 1971 3799; x_wconf 79' lang='grc' dir='ltr'>περιαι-</span> 
     </span>
    </p>
   </div>
   <div class='ocr_carea' id='block_1_68' title="bbox 394 3805 1972 3890">
    <p class='ocr_par' dir='ltr' id='par_1_68' title="bbox 394 3805 1972 3890">
     <span class='ocr_line' id='line_1_68' title="bbox 394 3805 1972 3890; baseline 0.002 -17"><span class='ocrx_word' id='word_1_468' title='bbox 394 3820 562 3889; x_wconf 82' lang='grc' dir='ltr'>ρῆσαι</span> <span class='ocrx_word' id='word_1_469' title='bbox 609 3818 697 3873; x_wconf 82' lang='grc' dir='ltr'>διὰ</span> <span class='ocrx_word' id='word_1_470' title='bbox 724 3817 819 3871; x_wconf 77' lang='grc' dir='ltr'><strong>τοῦ</strong></span> <span class='ocrx_word' id='word_1_471' title='bbox 853 3819 1258 3890; x_wconf 84' lang='grc' dir='ltr'>κρεωφαγῆσαι</span> <span class='ocrx_word' id='word_1_472' title='bbox 1281 3819 1342 3873; x_wconf 83' lang='grc' dir='ltr'><strong>τὸ</strong></span> <span class='ocrx_word' id='word_1_473' title='bbox 1369 3805 1799 3886; x_wconf 65' lang='grc' dir='ltr'>σκάνδαλον,Μί</span> <span class='ocrx_word' id='word_1_474' title='bbox 1829 3822 1972 3876; x_wconf 75' lang='grc' dir='ltr'>οὕτω</span> 
     </span>
    </p>
   </div>
   <div class='ocr_carea' id='block_1_69' title="bbox 394 3911 1972 3986">
    <p class='ocr_par' dir='ltr' id='par_1_69' title="bbox 394 3911 1972 3986">
     <span class='ocr_line' id='line_1_69' title="bbox 394 3911 1972 3986; baseline 0.004 -23"><span class='ocrx_word' id='word_1_475' title='bbox 394 3911 829 3982; x_wconf 85' lang='grc' dir='ltr'>κατακριθῆναι.</span> <span class='ocrx_word' id='word_1_476' title='bbox 876 3911 1146 3975; x_wconf 80' lang='grc' dir='ltr'>Ἐνταῦθα</span> <span class='ocrx_word' id='word_1_477' title='bbox 1176 3912 1233 3967; x_wconf 80' lang='grc' dir='ltr'>δὲ</span> <span class='ocrx_word' id='word_1_478' title='bbox 1262 3912 1361 3984; x_wconf 85' lang='grc' dir='ltr'>τῆς</span> <span class='ocrx_word' id='word_1_479' title='bbox 1386 3912 1628 3984; x_wconf 76' lang='grc' dir='ltr'>ὑποψίας</span> <span class='ocrx_word' id='word_1_480' title='bbox 1651 3932 1972 3986; x_wconf 85' lang='grc' dir='ltr'>περιαιρου-</span> 
     </span>
    </p>
   </div>
   <div class='ocr_carea' id='block_1_70' title="bbox 398 4001 1972 4077">
    <p class='ocr_par' dir='ltr' id='par_1_70' title="bbox 398 4001 1972 4077">
     <span class='ocr_line' id='line_1_70' title="bbox 398 4001 1972 4077; baseline 0.004 -23"><span class='ocrx_word' id='word_1_481' title='bbox 398 4002 571 4072; x_wconf 71' lang='grc' dir='ltr'>μένης</span> <span class='ocrx_word' id='word_1_482' title='bbox 600 4001 689 4055; x_wconf 79' lang='grc' dir='ltr'><strong>διὰ</strong></span> <span class='ocrx_word' id='word_1_483' title='bbox 711 4003 812 4072; x_wconf 84' lang='grc' dir='ltr'>τῆς</span> <span class='ocrx_word' id='word_1_484' title='bbox 855 4004 1312 4075; x_wconf 87' lang='grc' dir='ltr'>ύποτυπωθείσης</span> <span class='ocrx_word' id='word_1_485' title='bbox 1348 4007 1666 4077; x_wconf 73' lang='grc' dir='ltr'>οἰκονομίας</span> <span class='ocrx_word' id='word_1_486' title='bbox 1695 4007 1846 4077; x_wconf 85' lang='grc' dir='ltr'><strong>παρά</strong></span> <span class='ocrx_word' id='word_1_487' title='bbox 1862 4008 1972 4071; x_wconf 84' lang='grc' dir='ltr'><strong>τῶν</strong></span> 
     </span>
    </p>
   </div>
   <div class='ocr_carea' id='block_1_71' title="bbox 397 4094 1973 4172">
    <p class='ocr_par' dir='ltr' id='par_1_71' title="bbox 397 4094 1973 4172">
     <span class='ocr_line' id='line_1_71' title="bbox 397 4094 1973 4172; baseline 0.004 -25"><span class='ocrx_word' id='word_1_488' title='bbox 397 4094 677 4163; x_wconf 86' lang='grc' dir='ltr'>Πατέρων,</span> <span class='ocrx_word' id='word_1_489' title='bbox 733 4094 790 4161; x_wconf 83' lang='grc' dir='ltr'>ἐξ</span> <span class='ocrx_word' id='word_1_490' title='bbox 844 4096 1088 4167; x_wconf 80' lang='grc' dir='ltr'>ἀνάγκης</span> <span class='ocrx_word' id='word_1_491' title='bbox 1125 4099 1153 4150; x_wconf 93' lang='lat'><strong>6</strong></span> <span class='ocrx_word' id='word_1_492' title='bbox 1196 4096 1271 4169; x_wconf 78' lang='grc' dir='ltr'>μὴ</span> <span class='ocrx_word' id='word_1_493' title='bbox 1326 4099 1469 4163; x_wconf 84' lang='grc' dir='ltr'><strong>κατά</strong></span> <span class='ocrx_word' id='word_1_494' title='bbox 1535 4098 1742 4172; x_wconf 87' lang='grc' dir='ltr'>ταύτην</span> <span class='ocrx_word' id='word_1_495' title='bbox 1802 4102 1973 4164; x_wconf 76' lang='grc' dir='ltr'>ποιῶν</span> 
     </span>
    </p>
   </div>
   <div class='ocr_carea' id='block_1_72' title="bbox 396 4185 1972 4266">
    <p class='ocr_par' dir='ltr' id='par_1_72' title="bbox 396 4185 1972 4266">
     <span class='ocr_line' id='line_1_72' title="bbox 396 4185 1972 4266; baseline 0.006 -27"><span class='ocrx_word' id='word_1_496' title='bbox 396 4185 745 4256; x_wconf 81' lang='grc' dir='ltr'>καθαιρεῖται</span> <span class='ocrx_word' id='word_1_497' title='bbox 781 4187 1139 4243; x_wconf 81' lang='grc' dir='ltr'>άπεντεῦθεν.</span> <span class='ocrx_word' id='word_1_498' title='bbox 1193 4191 1346 4244; x_wconf 75' lang='grc' dir='ltr'>Ἐπεὶ</span> <span class='ocrx_word' id='word_1_499' title='bbox 1374 4192 1429 4245; x_wconf 80' lang='grc' dir='ltr'><strong>δὲ</strong></span> <span class='ocrx_word' id='word_1_500' title='bbox 1460 4193 1849 4266; x_wconf 77' lang='grc' dir='ltr'>πρεσϐυτέρων</span> <span class='ocrx_word' id='word_1_501' title='bbox 1880 4196 1972 4249; x_wconf 78' lang='grc' dir='ltr'><strong>καί</strong></span> 
     </span>
    </p>
   </div>
   <div class='ocr_carea' id='block_1_73' title="bbox 395 4278 1975 4361">
    <p class='ocr_par' dir='ltr' id='par_1_73' title="bbox 395 4278 1975 4361">
     <span class='ocr_line' id='line_1_73' title="bbox 395 4278 1975 4361; baseline 0.006 -30"><span class='ocrx_word' id='word_1_502' title='bbox 395 4278 663 4333; x_wconf 84' lang='grc' dir='ltr'>διακόνων</span> <span class='ocrx_word' id='word_1_503' title='bbox 701 4280 882 4350; x_wconf 85' lang='grc' dir='ltr'>μόνων</span> <span class='ocrx_word' id='word_1_504' title='bbox 918 4281 1167 4354; x_wconf 76' lang='grc' dir='ltr'>ἐμνήσθη</span> <span class='ocrx_word' id='word_1_505' title='bbox 1199 4285 1227 4336; x_wconf 91' lang='lat'><strong>6</strong></span> <span class='ocrx_word' id='word_1_506' title='bbox 1254 4284 1445 4353; x_wconf 85' lang='grc' dir='ltr'>παρὼν</span> <span class='ocrx_word' id='word_1_507' title='bbox 1478 4284 1683 4353; x_wconf 88' lang='grc' dir='ltr'>κανὼν,</span> <span class='ocrx_word' id='word_1_508' title='bbox 1716 4287 1745 4340; x_wconf 91' lang='lat'><strong>6</strong></span> <span class='ocrx_word' id='word_1_509' title='bbox 1785 4287 1843 4341; x_wconf 85' lang='grc' dir='ltr'><strong>δέ</strong></span> <span class='ocrx_word' id='word_1_510' title='bbox 1876 4290 1975 4361; x_wconf 80' lang='grc' dir='ltr'><strong>ῥη-</strong></span> 
     </span>
    </p>
   </div>
   <div class='ocr_carea' id='block_1_74' title="bbox 395 4370 1969 4451">
    <p class='ocr_par' dir='ltr' id='par_1_74' title="bbox 395 4370 1969 4451">
     <span class='ocr_line' id='line_1_74' title="bbox 395 4370 1969 4451; baseline 0.007 -28"><span class='ocrx_word' id='word_1_511' title='bbox 395 4370 509 4434; x_wconf 81' lang='grc' dir='ltr'>θεὶς</span> <span class='ocrx_word' id='word_1_512' title='bbox 561 4374 923 4439; x_wconf 75' lang='grc' dir='ltr'>ἁποστολικὸς</span> <span class='ocrx_word' id='word_1_513' title='bbox 995 4376 1177 4431; x_wconf 86' lang='grc' dir='ltr'>κανὼν</span> <span class='ocrx_word' id='word_1_514' title='bbox 1226 4372 1446 4432; x_wconf 72' lang='grc' dir='ltr'>πάντων</span> <span class='ocrx_word' id='word_1_515' title='bbox 1506 4377 1614 4431; x_wconf 85' lang='grc' dir='ltr'><strong>τῶν</strong></span> <span class='ocrx_word' id='word_1_516' title='bbox 1669 4378 1969 4451; x_wconf 84' lang='grc' dir='ltr'>ἀνθρώπων</span> 
     </span>
    </p>
   </div>
   <div class='ocr_carea' id='block_1_75' title="bbox 2074 3184 3653 3266">
    <p class='ocr_par' dir='ltr' id='par_1_75' title="bbox 2074 3184 3653 3266">
     <span class='ocr_line' id='line_1_75' title="bbox 2074 3184 3653 3266; baseline 0.006 -26"><span class='ocrx_word' id='word_1_517' title='bbox 2074 3185 2391 3240; x_wconf 80' lang='lat' dir='ltr'><strong>heuduntur</strong></span> <span class='ocrx_word' id='word_1_518' title='bbox 2414 3200 2523 3241; x_wconf 91' lang='lat' dir='ltr'><strong>non</strong></span> <span class='ocrx_word' id='word_1_519' title='bbox 2558 3184 2703 3251; x_wconf 76' lang='lat' dir='ltr'><strong>bono</strong></span> <span class='ocrx_word' id='word_1_520' title='bbox 2730 3202 2883 3242; x_wconf 86' lang='lat' dir='ltr'><strong>more</strong></span> <span class='ocrx_word' id='word_1_521' title='bbox 2910 3204 2939 3242; x_wconf 90' lang='lat' dir='ltr'><strong>a</strong></span> <span class='ocrx_word' id='word_1_522' title='bbox 2971 3189 3235 3253; x_wconf 82' lang='lat' dir='ltr'><strong>carnibus</strong></span> <span class='ocrx_word' id='word_1_523' title='bbox 3274 3192 3569 3257; x_wconf 73' lang='lat' dir='ltr'><strong>abstinere,</strong></span> <span class='ocrx_word' id='word_1_524' title='bbox 3599 3203 3653 3266; x_wconf 66' lang='lat' dir='ltr'><strong>et</strong></span> 
     </span>
    </p>
   </div>
   <div class='ocr_carea' id='block_1_76' title="bbox 2073 3280 3654 3355">
    <p class='ocr_par' dir='ltr' id='par_1_76' title="bbox 2073 3280 3654 3355">
     <span class='ocr_line' id='line_1_76' title="bbox 2073 3280 3654 3355; baseline 0.002 -20"><span class='ocrx_word' id='word_1_525' title='bbox 2073 3280 2437 3350; x_wconf 83' lang='lat' dir='ltr'><strong>deponantur,</strong></span> <span class='ocrx_word' id='word_1_526' title='bbox 2489 3288 2547 3332; x_wconf 88' lang='lat' dir='ltr'><strong>ut</strong></span> <span class='ocrx_word' id='word_1_527' title='bbox 2592 3280 2685 3355; x_wconf 91' lang='lat' dir='ltr'><strong>qui</strong></span> <span class='ocrx_word' id='word_1_528' title='bbox 2730 3280 2928 3351; x_wconf 81' lang='lat' dir='ltr'><strong>canoni</strong></span> <span class='ocrx_word' id='word_1_529' title='bbox 2974 3296 3083 3345; x_wconf 81' lang='lat' dir='ltr'><strong>non</strong></span> <span class='ocrx_word' id='word_1_530' title='bbox 3143 3282 3434 3347; x_wconf 84' lang='lat' dir='ltr'><strong>obediant.</strong></span> <span class='ocrx_word' id='word_1_531' title='bbox 3484 3284 3654 3353; x_wconf 78' lang='lat' dir='ltr'><strong>Recte</strong></span> 
     </span>
    </p>
   </div>
   <div class='ocr_carea' id='block_1_77' title="bbox 2073 3370 3653 3439">
    <p class='ocr_par' dir='ltr' id='par_1_77' title="bbox 2073 3370 3653 3439">
     <span class='ocr_line' id='line_1_77' title="bbox 2073 3370 3653 3439; baseline 0.006 -15"><span class='ocrx_word' id='word_1_532' title='bbox 2073 3379 2254 3435; x_wconf 84' lang='lat' dir='ltr'><strong>autem</strong></span> <span class='ocrx_word' id='word_1_533' title='bbox 2306 3370 2444 3427; x_wconf 80' lang='lat' dir='ltr'><strong>dixit</strong></span> <span class='ocrx_word' id='word_1_534' title='bbox 2477 3371 2588 3431; x_wconf 86' lang='lat' dir='ltr'><strong>illic</strong></span> <span class='ocrx_word' id='word_1_535' title='bbox 2621 3386 2822 3439; x_wconf 82' lang='lat' dir='ltr'><strong>canon,</strong></span> <span class='ocrx_word' id='word_1_536' title='bbox 2867 3388 2963 3437; x_wconf 85' lang='lat' dir='ltr'><strong>eos</strong></span> <span class='ocrx_word' id='word_1_537' title='bbox 3019 3373 3099 3437; x_wconf 79' lang='lat' dir='ltr'><strong>vel</strong></span> <span class='ocrx_word' id='word_1_538' title='bbox 3146 3390 3387 3437; x_wconf 85' lang='lat' dir='ltr'><strong>cessare.</strong></span> <span class='ocrx_word' id='word_1_539' title='bbox 3428 3378 3507 3432; x_wconf 87' lang='lat' dir='ltr'><strong>vel</strong></span> <span class='ocrx_word' id='word_1_540' title='bbox 3560 3379 3653 3439; x_wconf 77' lang='lat' dir='ltr'><strong>de,-</strong></span> 
     </span>
    </p>
   </div>
   <div class='ocr_carea' id='block_1_78' title="bbox 2072 3462 3646 3535">
    <p class='ocr_par' dir='ltr' id='par_1_78' title="bbox 2072 3462 3646 3535">
     <span class='ocr_line' id='line_1_78' title="bbox 2072 3462 3646 3535; baseline 0.007 -18"><span class='ocrx_word' id='word_1_541' title='bbox 2072 3463 2225 3532; x_wconf 85' lang='lat' dir='ltr'><strong>poni.</strong></span> <span class='ocrx_word' id='word_1_542' title='bbox 2262 3462 2365 3527; x_wconf 72' lang='lat' dir='ltr'><strong>llic</strong></span> <span class='ocrx_word' id='word_1_543' title='bbox 2403 3472 2583 3529; x_wconf 83' lang='lat' dir='ltr'><strong>autem</strong></span> <span class='ocrx_word' id='word_1_544' title='bbox 2615 3479 2710 3522; x_wconf 89' lang='lat' dir='ltr'><strong>eos</strong></span> <span class='ocrx_word' id='word_1_545' title='bbox 2748 3466 2817 3522; x_wconf 88' lang='lat' dir='ltr'><strong>ab</strong></span> <span class='ocrx_word' id='word_1_546' title='bbox 2847 3465 3039 3520; x_wconf 89' lang='lat' dir='ltr'><strong>ordine</strong></span> <span class='ocrx_word' id='word_1_547' title='bbox 3081 3481 3299 3531; x_wconf 75' lang='lat' dir='ltr'><strong>cessare</strong></span> <span class='ocrx_word' id='word_1_548' title='bbox 3332 3468 3525 3526; x_wconf 88' lang='lat' dir='ltr'><strong>Patres</strong></span> <span class='ocrx_word' id='word_1_549' title='bbox 3554 3472 3646 3535; x_wconf 72' lang='lat' dir='ltr'><strong>de;-</strong></span> 
     </span>
    </p>
   </div>
   <div class='ocr_carea' id='block_1_79' title="bbox 2075 3554 3653 3625">
    <p class='ocr_par' dir='ltr' id='par_1_79' title="bbox 2075 3554 3653 3625">
     <span class='ocr_line' id='line_1_79' title="bbox 2075 3554 3653 3625; baseline 0.007 -17"><span class='ocrx_word' id='word_1_550' title='bbox 2075 3554 2288 3623; x_wconf 83' lang='lat' dir='ltr'><strong>ﬁniere.</strong></span> <span class='ocrx_word' id='word_1_551' title='bbox 2333 3557 2471 3621; x_wconf 84' lang='lat' dir='ltr'><strong>Cum</strong></span> <span class='ocrx_word' id='word_1_552' title='bbox 2506 3556 2652 3622; x_wconf 85' lang='lat' dir='ltr'><strong>enim</strong></span> <span class='ocrx_word' id='word_1_553' title='bbox 2695 3557 2923 3614; x_wconf 88' lang='lat' dir='ltr'><strong>dubium</strong></span> <span class='ocrx_word' id='word_1_554' title='bbox 2958 3557 3143 3619; x_wconf 85' lang='lat' dir='ltr'><strong>adhuc</strong></span> <span class='ocrx_word' id='word_1_555' title='bbox 3176 3576 3283 3615; x_wconf 87' lang='lat' dir='ltr'><strong>non</strong></span> <span class='ocrx_word' id='word_1_556' title='bbox 3313 3570 3465 3625; x_wconf 79' lang='lat' dir='ltr'><strong>esset</strong></span> <span class='ocrx_word' id='word_1_557' title='bbox 3505 3565 3653 3625; x_wconf 55' lang='lat' dir='ltr'><strong>sultt:</strong></span> 
     </span>
    </p>
   </div>
   <div class='ocr_carea' id='block_1_80' title="bbox 2074 3647 3655 3723">
    <p class='ocr_par' dir='ltr' id='par_1_80' title="bbox 2074 3647 3655 3723">
     <span class='ocr_line' id='line_1_80' title="bbox 2074 3647 3655 3723; baseline 0.006 -21"><span class='ocrx_word' id='word_1_558' title='bbox 2074 3656 2218 3715; x_wconf 86' lang='lat' dir='ltr'><strong>tum,</strong></span> <span class='ocrx_word' id='word_1_559' title='bbox 2267 3647 2501 3715; x_wconf 83' lang='lat' dir='ltr'><strong>debebat</strong></span> <span class='ocrx_word' id='word_1_560' title='bbox 2550 3649 2808 3714; x_wconf 86' lang='lat' dir='ltr'><strong>omnino,</strong></span> <span class='ocrx_word' id='word_1_561' title='bbox 2861 3650 2955 3720; x_wconf 89' lang='lat' dir='ltr'><strong>qui</strong></span> <span class='ocrx_word' id='word_1_562' title='bbox 3016 3652 3413 3718; x_wconf 83' lang='lat' dir='ltr'><strong>accusabatur,</strong></span> <span class='ocrx_word' id='word_1_563' title='bbox 3462 3653 3655 3723; x_wconf 74' lang='lat' dir='ltr'><strong>jubere</strong></span> 
     </span>
    </p>
   </div>
   <div class='ocr_carea' id='block_1_81' title="bbox 2076 3740 3652 3814">
    <p class='ocr_par' dir='ltr' id='par_1_81' title="bbox 2076 3740 3652 3814">
     <span class='ocr_line' id='line_1_81' title="bbox 2076 3740 3652 3814; baseline 0.004 -17"><span class='ocrx_word' id='word_1_564' title='bbox 2076 3740 2349 3814; x_wconf 82' lang='lat' dir='ltr'><strong>vescendo</strong></span> <span class='ocrx_word' id='word_1_565' title='bbox 2389 3755 2609 3796; x_wconf 89' lang='lat' dir='ltr'><strong>carnem</strong></span> <span class='ocrx_word' id='word_1_566' title='bbox 2656 3742 2850 3797; x_wconf 90' lang='lat' dir='ltr'><strong>tollere</strong></span> <span class='ocrx_word' id='word_1_567' title='bbox 2896 3742 3219 3798; x_wconf 87' lang='lat' dir='ltr'><strong>scandalum</strong></span> <span class='ocrx_word' id='word_1_568' title='bbox 3249 3784 3265 3811; x_wconf 93' lang='lat'><strong>,</strong></span> <span class='ocrx_word' id='word_1_569' title='bbox 3305 3751 3358 3798; x_wconf 89' lang='lat' dir='ltr'><strong>et</strong></span> <span class='ocrx_word' id='word_1_570' title='bbox 3407 3746 3488 3799; x_wconf 87' lang='lat' dir='ltr'><strong>sic</strong></span> <span class='ocrx_word' id='word_1_571' title='bbox 3519 3761 3652 3813; x_wconf 77' lang='lat' dir='ltr'><strong>con.-</strong></span> 
     </span>
    </p>
   </div>
   <div class='ocr_carea' id='block_1_82' title="bbox 2076 3831 3654 3910">
    <p class='ocr_par' dir='ltr' id='par_1_82' title="bbox 2076 3831 3654 3910">
     <span class='ocr_line' id='line_1_82' title="bbox 2076 3831 3654 3910; baseline 0.006 -22"><span class='ocrx_word' id='word_1_572' title='bbox 2076 3833 2347 3888; x_wconf 90' lang='lat' dir='ltr'><strong>demnari.</strong></span> <span class='ocrx_word' id='word_1_573' title='bbox 2386 3831 2484 3888; x_wconf 82' lang='lat' dir='ltr'><strong>Hic</strong></span> <span class='ocrx_word' id='word_1_574' title='bbox 2510 3840 2691 3888; x_wconf 90' lang='lat' dir='ltr'><strong>autem</strong></span> <span class='ocrx_word' id='word_1_575' title='bbox 2734 3833 2915 3889; x_wconf 87' lang='lat' dir='ltr'><strong>ablata</strong></span> <span class='ocrx_word' id='word_1_576' title='bbox 2956 3835 3270 3904; x_wconf 87' lang='lat' dir='ltr'><strong>suspicione</strong></span> <span class='ocrx_word' id='word_1_577' title='bbox 3303 3851 3399 3905; x_wconf 87' lang='lat' dir='ltr'><strong>per</strong></span> <span class='ocrx_word' id='word_1_578' title='bbox 3427 3854 3654 3910; x_wconf 61' lang='lat' dir='ltr'><strong>(peoin</strong></span> 
     </span>
    </p>
   </div>
   <div class='ocr_carea' id='block_1_83' title="bbox 2076 3918 3651 4004">
    <p class='ocr_par' dir='ltr' id='par_1_83' title="bbox 2076 3918 3651 4004">
     <span class='ocr_line' id='line_1_83' title="bbox 2076 3918 3651 4004; baseline 0.01 -32"><span class='ocrx_word' id='word_1_579' title='bbox 2076 3919 2241 3975; x_wconf 89' lang='lat' dir='ltr'><strong>miam</strong></span> <span class='ocrx_word' id='word_1_580' title='bbox 2273 3935 2302 3973; x_wconf 87' lang='lat' dir='ltr'><strong>a</strong></span> <span class='ocrx_word' id='word_1_581' title='bbox 2337 3918 2595 3977; x_wconf 83' lang='lat' dir='ltr'><strong>Patribus</strong></span> <span class='ocrx_word' id='word_1_582' title='bbox 2629 3920 2987 3990; x_wconf 84' lang='lat' dir='ltr'><strong>descriptam,</strong></span> <span class='ocrx_word' id='word_1_583' title='bbox 3031 3930 3368 4004; x_wconf 69' lang='lat' dir='ltr'><strong>necessario,</strong></span> <span class='ocrx_word' id='word_1_584' title='bbox 3420 3935 3510 4002; x_wconf 82' lang='lat' dir='ltr'><strong>qni</strong></span> <span class='ocrx_word' id='word_1_585' title='bbox 3547 3951 3651 4001; x_wconf 78' lang='grc' dir='ltr'>ηριι</span> 
     </span>
    </p>
   </div>
   <div class='ocr_carea' id='block_1_84' title="bbox 2077 4010 3649 4095">
    <p class='ocr_par' dir='ltr' id='par_1_84' title="bbox 2077 4010 3649 4095">
     <span class='ocr_line' id='line_1_84' title="bbox 2077 4010 3649 4095; baseline 0.011 -31"><span class='ocrx_word' id='word_1_586' title='bbox 2077 4010 2210 4065; x_wconf 78' lang='lat' dir='ltr'><strong>facit</strong></span> <span class='ocrx_word' id='word_1_587' title='bbox 2241 4010 2289 4066; x_wconf 91' lang='lat' dir='ltr'><strong>ei</strong></span> <span class='ocrx_word' id='word_1_588' title='bbox 2322 4011 2742 4079; x_wconf 87' lang='lat' dir='ltr'><strong>convenienter,</strong></span> <span class='ocrx_word' id='word_1_589' title='bbox 2781 4028 2845 4069; x_wconf 87' lang='lat' dir='ltr'><strong>eo</strong></span> <span class='ocrx_word' id='word_1_590' title='bbox 2879 4015 2999 4089; x_wconf 86' lang='lat' dir='ltr'><strong>ipso</strong></span> <span class='ocrx_word' id='word_1_591' title='bbox 3032 4018 3349 4088; x_wconf 76' lang='lat' dir='ltr'><strong>deponitur.</strong></span> <span class='ocrx_word' id='word_1_592' title='bbox 3383 4022 3649 4095; x_wconf 75' lang='lat' dir='ltr'><strong>QuOniau)</strong></span> 
     </span>
    </p>
   </div>
   <div class='ocr_carea' id='block_1_85' title="bbox 2076 4105 3649 4185">
    <p class='ocr_par' dir='ltr' id='par_1_85' title="bbox 2076 4105 3649 4185">
     <span class='ocr_line' id='line_1_85' title="bbox 2076 4105 3649 4185; baseline 0.008 -26"><span class='ocrx_word' id='word_1_593' title='bbox 2076 4113 2257 4171; x_wconf 84' lang='lat' dir='ltr'><strong>autem</strong></span> <span class='ocrx_word' id='word_1_594' title='bbox 2282 4105 2451 4185; x_wconf 9' lang='lat' dir='ltr'><strong>p.390</strong></span> <span class='ocrx_word' id='word_1_595' title='bbox 2474 4106 2920 4177; x_wconf 81' lang='lat' dir='ltr'><strong>presbyterorum</strong></span> <span class='ocrx_word' id='word_1_596' title='bbox 2950 4116 3004 4171; x_wconf 82' lang='lat' dir='ltr'><strong>et</strong></span> <span class='ocrx_word' id='word_1_597' title='bbox 3027 4110 3382 4175; x_wconf 83' lang='lat' dir='ltr'><strong>diaconorum</strong></span> <span class='ocrx_word' id='word_1_598' title='bbox 3409 4118 3649 4185; x_wconf 62' lang='lat' dir='ltr'><strong>sotornu</strong></span> 
     </span>
    </p>
   </div>
   <div class='ocr_carea' id='block_1_86' title="bbox 2079 4198 3654 4280">
    <p class='ocr_par' dir='ltr' id='par_1_86' title="bbox 2079 4198 3654 4280">
     <span class='ocr_line' id='line_1_86' title="bbox 2079 4198 3654 4280; baseline 0.009 -29"><span class='ocrx_word' id='word_1_599' title='bbox 2079 4198 2327 4269; x_wconf 77' lang='lat' dir='ltr'><strong>meminit</strong></span> <span class='ocrx_word' id='word_1_600' title='bbox 2364 4215 2609 4270; x_wconf 78' lang='lat' dir='ltr'><strong>przesens</strong></span> <span class='ocrx_word' id='word_1_601' title='bbox 2639 4216 2840 4270; x_wconf 86' lang='lat' dir='ltr'><strong>canon,</strong></span> <span class='ocrx_word' id='word_1_602' title='bbox 2897 4202 3080 4258; x_wconf 87' lang='lat' dir='ltr'><strong>dictus</strong></span> <span class='ocrx_word' id='word_1_603' title='bbox 3115 4215 3294 4261; x_wconf 87' lang='lat' dir='ltr'><strong>autem</strong></span> <span class='ocrx_word' id='word_1_604' title='bbox 3328 4222 3499 4263; x_wconf 88' lang='lat' dir='ltr'><strong>canon</strong></span> <span class='ocrx_word' id='word_1_605' title='bbox 3526 4223 3654 4280; x_wconf 59' lang='lat' dir='ltr'><strong>apo:</strong></span> 
     </span>
    </p>
   </div>
   <div class='ocr_carea' id='block_1_87' title="bbox 2077 4290 3654 4371">
    <p class='ocr_par' dir='ltr' id='par_1_87' title="bbox 2077 4290 3654 4371">
     <span class='ocr_line' id='line_1_87' title="bbox 2077 4290 3654 4371; baseline 0.007 -27"><span class='ocrx_word' id='word_1_606' title='bbox 2077 4290 2312 4345; x_wconf 77' lang='lat' dir='ltr'><strong>Stolicus</strong></span> <span class='ocrx_word' id='word_1_607' title='bbox 2363 4290 2606 4345; x_wconf 90' lang='lat' dir='ltr'><strong>omnium</strong></span> <span class='ocrx_word' id='word_1_608' title='bbox 2660 4292 2947 4348; x_wconf 90' lang='lat' dir='ltr'><strong>hominum</strong></span> <span class='ocrx_word' id='word_1_609' title='bbox 2999 4296 3249 4363; x_wconf 83' lang='lat' dir='ltr'><strong>meminit</strong></span> <span class='ocrx_word' id='word_1_610' title='bbox 3309 4313 3323 4352; x_wconf 90' lang='lat'><strong>:</strong></span> <span class='ocrx_word' id='word_1_611' title='bbox 3377 4298 3544 4356; x_wconf 79' lang='lat' dir='ltr'><strong>debes</strong></span> <span class='ocrx_word' id='word_1_612' title='bbox 3596 4308 3654 4371; x_wconf 78' lang='lat' dir='ltr'><strong>tu</strong></span> 
     </span>
    </p>
   </div>
   <div class='ocr_carea' id='block_1_88' title="bbox 2076 4383 3650 4459">
    <p class='ocr_par' dir='ltr' id='par_1_88' title="bbox 2076 4383 3650 4459">
     <span class='ocr_line' id='line_1_88' title="bbox 2076 4383 3650 4459; baseline 0.007 -24"><span class='ocrx_word' id='word_1_613' title='bbox 2076 4396 2318 4452; x_wconf 86' lang='lat' dir='ltr'><strong>quoque,</strong></span> <span class='ocrx_word' id='word_1_614' title='bbox 2345 4397 2467 4453; x_wconf 78' lang='lat' dir='ltr'><strong>quae</strong></span> <span class='ocrx_word' id='word_1_615' title='bbox 2492 4383 2606 4438; x_wconf 90' lang='lat' dir='ltr'><strong>illic</strong></span> <span class='ocrx_word' id='word_1_616' title='bbox 2637 4384 2785 4440; x_wconf 89' lang='lat' dir='ltr'><strong>dicta</strong></span> <span class='ocrx_word' id='word_1_617' title='bbox 2814 4395 2974 4451; x_wconf 88' lang='lat' dir='ltr'><strong>sunt,</strong></span> <span class='ocrx_word' id='word_1_618' title='bbox 3011 4387 3078 4442; x_wconf 89' lang='lat' dir='ltr'><strong>ad</strong></span> <span class='ocrx_word' id='word_1_619' title='bbox 3104 4403 3293 4444; x_wconf 91' lang='lat' dir='ltr'><strong>omnes</strong></span> <span class='ocrx_word' id='word_1_620' title='bbox 3335 4391 3650 4459; x_wconf 74' lang='lat' dir='ltr'><strong>extendere,</strong></span> 
     </span>
    </p>
   </div>
   <div class='ocr_carea' id='block_1_89' title="bbox 399 4462 1968 4552">
    <p class='ocr_par' dir='ltr' id='par_1_89' title="bbox 399 4462 1968 4547">
     <span class='ocr_line' id='line_1_89' title="bbox 399 4462 1968 4547; baseline 0.006 -30"><span class='ocrx_word' id='word_1_621' title='bbox 399 4462 695 4547; x_wconf 81' lang='grc' dir='ltr'>μέμνηται,</span> <span class='ocrx_word' id='word_1_622' title='bbox 730 4466 967 4536; x_wconf 76' lang='grc' dir='ltr'>ὀφείλεις</span> <span class='ocrx_word' id='word_1_623' title='bbox 999 4469 1090 4521; x_wconf 78' lang='grc' dir='ltr'>καὶ</span> <span class='ocrx_word' id='word_1_624' title='bbox 1124 4470 1191 4522; x_wconf 77' lang='grc' dir='ltr'><strong>σὺ</strong></span> <span class='ocrx_word' id='word_1_625' title='bbox 1230 4468 1299 4522; x_wconf 85' lang='grc' dir='ltr'><strong>τά</strong></span> <span class='ocrx_word' id='word_1_626' title='bbox 1332 4467 1572 4536; x_wconf 77' lang='grc' dir='ltr'>ἐνταῦθα</span> <span class='ocrx_word' id='word_1_627' title='bbox 1626 4468 1968 4540; x_wconf 78' lang='grc' dir='ltr'>διορισθέντα</span> 
     </span>
    </p>
   </div>
   <div class='ocr_carea' id='block_1_90' title="bbox 2074 4462 3655 4552">
    <p class='ocr_par' dir='ltr' id='par_1_90' title="bbox 2076 4471 3655 4552">
     <span class='ocr_line' id='line_1_90' title="bbox 2076 4471 3655 4552; baseline 0.005 -25"><span class='ocrx_word' id='word_1_628' title='bbox 2076 4471 2149 4528; x_wconf 89' lang='lat' dir='ltr'><strong>Ut</strong></span> <span class='ocrx_word' id='word_1_629' title='bbox 2179 4482 2267 4530; x_wconf 89' lang='lat' dir='ltr'><strong>est</strong></span> <span class='ocrx_word' id='word_1_630' title='bbox 2294 4488 2427 4545; x_wconf 79' lang='lat' dir='ltr'><strong>ergo</strong></span> <span class='ocrx_word' id='word_1_631' title='bbox 2457 4475 2777 4540; x_wconf 88' lang='lat' dir='ltr'><strong>verisimile,</strong></span> <span class='ocrx_word' id='word_1_632' title='bbox 2813 4477 2848 4531; x_wconf 94' lang='lat' dir='ltr'><strong>ii</strong></span> <span class='ocrx_word' id='word_1_633' title='bbox 2885 4493 3131 4549; x_wconf 87' lang='lat' dir='ltr'><strong>quoque,</strong></span> <span class='ocrx_word' id='word_1_634' title='bbox 3167 4480 3261 4550; x_wconf 90' lang='lat' dir='ltr'><strong>qui</strong></span> <span class='ocrx_word' id='word_1_635' title='bbox 3310 4474 3655 4552; x_wconf 74' lang='lat' dir='ltr'><strong>Begomilicae</strong></span> 
     </span>
    </p>
   </div>
   <div class='ocr_carea' id='block_1_91' title="bbox 394 4556 1975 4637">
    <p class='ocr_par' dir='ltr' id='par_1_91' title="bbox 394 4556 1975 4637">
     <span class='ocr_line' id='line_1_91' title="bbox 394 4556 1975 4637; baseline 0.006 -29"><span class='ocrx_word' id='word_1_636' title='bbox 394 4558 475 4620; x_wconf 83' lang='grc' dir='ltr'><strong>εἰς</strong></span> <span class='ocrx_word' id='word_1_637' title='bbox 500 4558 710 4637; x_wconf 82' lang='grc' dir='ltr'>πάντας</span> <span class='ocrx_word' id='word_1_638' title='bbox 752 4559 999 4629; x_wconf 75' lang='grc' dir='ltr'>ἑλκύσαι,</span> <span class='ocrx_word' id='word_1_639' title='bbox 1049 4559 1139 4628; x_wconf 78' lang='grc' dir='ltr'>Ὦς</span> <span class='ocrx_word' id='word_1_640' title='bbox 1187 4558 1364 4627; x_wconf 79' lang='grc' dir='ltr'>ἔοικεν</span> <span class='ocrx_word' id='word_1_641' title='bbox 1396 4556 1511 4626; x_wconf 83' lang='grc' dir='ltr'>οὖν,</span> <span class='ocrx_word' id='word_1_642' title='bbox 1567 4562 1663 4623; x_wconf 80' lang='grc' dir='ltr'>καὶ</span> <span class='ocrx_word' id='word_1_643' title='bbox 1692 4564 1742 4614; x_wconf 84' lang='grc' dir='ltr'><strong>οἰ</strong></span> <span class='ocrx_word' id='word_1_644' title='bbox 1788 4563 1975 4617; x_wconf 85' lang='grc' dir='ltr'>αἰτιώ-</span> 
     </span>
    </p>
   </div>
   <div class='ocr_carea' id='block_1_92' title="bbox 401 4655 1977 4732">
    <p class='ocr_par' dir='ltr' id='par_1_92' title="bbox 401 4655 1977 4732">
     <span class='ocr_line' id='line_1_92' title="bbox 401 4655 1977 4732; baseline 0.004 -27"><span class='ocrx_word' id='word_1_645' title='bbox 401 4670 551 4723; x_wconf 86' lang='grc' dir='ltr'>μενοι</span> <span class='ocrx_word' id='word_1_646' title='bbox 582 4655 670 4707; x_wconf 77' lang='grc' dir='ltr'>διὰ</span> <span class='ocrx_word' id='word_1_647' title='bbox 710 4655 1099 4727; x_wconf 77' lang='grc' dir='ltr'>Βωγομιλικὴν</span> <span class='ocrx_word' id='word_1_648' title='bbox 1149 4657 1366 4729; x_wconf 80' lang='grc' dir='ltr'>αἰρεσιν</span> <span class='ocrx_word' id='word_1_649' title='bbox 1399 4656 1713 4722; x_wconf 85' lang='grc' dir='ltr'>ἀκολούθως</span> <span class='ocrx_word' id='word_1_650' title='bbox 1743 4658 1818 4729; x_wconf 86' lang='grc' dir='ltr'>τῷ</span> <span class='ocrx_word' id='word_1_651' title='bbox 1836 4676 1977 4732; x_wconf 88' lang='grc' dir='ltr'>παρ-</span> 
     </span>
    </p>
   </div>
   <div class='ocr_carea' id='block_1_93' title="bbox 398 4740 1977 4821">
    <p class='ocr_par' dir='ltr' id='par_1_93' title="bbox 398 4740 1977 4821">
     <span class='ocr_line' id='line_1_93' title="bbox 398 4740 1977 4821; baseline 0.004 -22"><span class='ocrx_word' id='word_1_652' title='bbox 398 4748 511 4799; x_wconf 86' lang='grc' dir='ltr'>όντι</span> <span class='ocrx_word' id='word_1_653' title='bbox 545 4747 733 4800; x_wconf 88' lang='grc' dir='ltr'>κανόνι</span> <span class='ocrx_word' id='word_1_654' title='bbox 769 4747 1174 4815; x_wconf 74' lang='grc' dir='ltr'>ἀναγκάζονται</span> <span class='ocrx_word' id='word_1_655' title='bbox 1224 4740 1627 4819; x_wconf 79' lang='grc' dir='ltr'>κρεωφαγῆσαι</span> <span class='ocrx_word' id='word_1_656' title='bbox 1663 4749 1696 4819; x_wconf 79' lang='grc' dir='ltr'>ἢ</span> <span class='ocrx_word' id='word_1_657' title='bbox 1732 4767 1977 4821; x_wconf 80' lang='grc' dir='ltr'>τυροφα-</span> 
     </span>
    </p>
   </div>
   <div class='ocr_carea' id='block_1_94' title="bbox 398 4841 1977 4916">
    <p class='ocr_par' dir='ltr' id='par_1_94' title="bbox 398 4841 1977 4916">
     <span class='ocr_line' id='line_1_94' title="bbox 398 4841 1977 4916; baseline -0.003 -21"><span class='ocrx_word' id='word_1_658' title='bbox 398 4841 586 4910; x_wconf 83' lang='grc' dir='ltr'>γῆσαι,</span> <span class='ocrx_word' id='word_1_659' title='bbox 611 4844 706 4895; x_wconf 82' lang='grc' dir='ltr'>καὶ</span> <span class='ocrx_word' id='word_1_660' title='bbox 735 4843 1095 4913; x_wconf 81' lang='grc' dir='ltr'>περιαιρῆσαι</span> <span class='ocrx_word' id='word_1_661' title='bbox 1118 4842 1218 4912; x_wconf 80' lang='grc' dir='ltr'>τὴν</span> <span class='ocrx_word' id='word_1_662' title='bbox 1249 4842 1490 4913; x_wconf 80' lang='grc' dir='ltr'>ὑποψίαν</span> <span class='ocrx_word' id='word_1_663' title='bbox 1523 4846 1621 4916; x_wconf 85' lang='grc' dir='ltr'>τῆς</span> <span class='ocrx_word' id='word_1_664' title='bbox 1671 4845 1977 4915; x_wconf 83' lang='grc' dir='ltr'>Βωγομιλι.</span> 
     </span>
    </p>
   </div>
   <div class='ocr_carea' id='block_1_95' title="bbox 397 4933 1978 5005">
    <p class='ocr_par' dir='ltr' id='par_1_95' title="bbox 397 4933 1978 5005">
     <span class='ocr_line' id='line_1_95' title="bbox 397 4933 1978 5005; baseline 0.002 -19"><span class='ocrx_word' id='word_1_665' title='bbox 397 4934 499 5003; x_wconf 77' lang='grc' dir='ltr'>κῆς</span> <span class='ocrx_word' id='word_1_666' title='bbox 532 4933 807 5005; x_wconf 82' lang='grc' dir='ltr'>νηστείας·</span> <span class='ocrx_word' id='word_1_667' title='bbox 842 4933 982 4987; x_wconf 85' lang='grc' dir='ltr'>ἀλλὰ</span> <span class='ocrx_word' id='word_1_668' title='bbox 1016 4933 1110 4988; x_wconf 77' lang='grc' dir='ltr'>καὶ</span> <span class='ocrx_word' id='word_1_669' title='bbox 1139 4936 1190 4987; x_wconf 83' lang='grc' dir='ltr'><strong>οἰ</strong></span> <span class='ocrx_word' id='word_1_670' title='bbox 1248 4934 1473 4999; x_wconf 82' lang='grc' dir='ltr'>πλείους</span> <span class='ocrx_word' id='word_1_671' title='bbox 1504 4936 1613 4993; x_wconf 84' lang='grc' dir='ltr'>τῶν</span> <span class='ocrx_word' id='word_1_672' title='bbox 1661 4937 1978 4991; x_wconf 80' lang='grc' dir='ltr'>εὐλαϐεστέ-</span> 
     </span>
    </p>
   </div>
   <div class='ocr_carea' id='block_1_96' title="bbox 402 5024 1977 5095">
    <p class='ocr_par' dir='ltr' id='par_1_96' title="bbox 402 5024 1977 5095">
     <span class='ocr_line' id='line_1_96' title="bbox 402 5024 1977 5095; baseline -0.001 -16"><span class='ocrx_word' id='word_1_673' title='bbox 402 5041 512 5095; x_wconf 87' lang='grc' dir='ltr'><strong>ρων</strong></span> <span class='ocrx_word' id='word_1_674' title='bbox 546 5025 820 5093; x_wconf 85' lang='grc' dir='ltr'>μοναχῶν,</span> <span class='ocrx_word' id='word_1_675' title='bbox 881 5024 957 5094; x_wconf 82' lang='grc' dir='ltr'>μὴ</span> <span class='ocrx_word' id='word_1_676' title='bbox 1000 5024 1249 5087; x_wconf 81' lang='grc' dir='ltr'>θέλοντες</span> <span class='ocrx_word' id='word_1_677' title='bbox 1301 5025 1613 5085; x_wconf 79' lang='grc' dir='ltr'>καταλῦσαι</span> <span class='ocrx_word' id='word_1_678' title='bbox 1654 5026 1736 5088; x_wconf 83' lang='grc' dir='ltr'><strong>εἰς</strong></span> <span class='ocrx_word' id='word_1_679' title='bbox 1787 5025 1977 5095; x_wconf 82' lang='grc' dir='ltr'>ἰχθύας</span> 
     </span>
    </p>
   </div>
   <div class='ocr_carea' id='block_1_97' title="bbox 397 5112 1976 5188">
    <p class='ocr_par' dir='ltr' id='par_1_97' title="bbox 397 5112 1976 5188">
     <span class='ocr_line' id='line_1_97' title="bbox 397 5112 1976 5188; baseline 0.002 -19"><span class='ocrx_word' id='word_1_680' title='bbox 397 5116 486 5169; x_wconf 75' lang='grc' dir='ltr'>διὰ</span> <span class='ocrx_word' id='word_1_681' title='bbox 512 5117 572 5167; x_wconf 83' lang='grc' dir='ltr'>τὸ</span> <span class='ocrx_word' id='word_1_682' title='bbox 596 5116 694 5185; x_wconf 79' lang='grc' dir='ltr'>τῆς</span> <span class='ocrx_word' id='word_1_683' title='bbox 726 5112 888 5185; x_wconf 81' lang='grc' dir='ltr'>ἁγίας</span> <span class='ocrx_word' id='word_1_684' title='bbox 956 5118 1420 5188; x_wconf 84' lang='grc' dir='ltr'>Τεσσαρακοστῆς</span> <span class='ocrx_word' id='word_1_685' title='bbox 1468 5118 1772 5188; x_wconf 81' lang='grc' dir='ltr'>αἰδέσιμον,</span> <span class='ocrx_word' id='word_1_686' title='bbox 1830 5118 1976 5177; x_wconf 85' lang='grc' dir='ltr'>κατὰ</span> 
     </span>
    </p>
   </div>
   <div class='ocr_carea' id='block_1_98' title="bbox 398 5194 1970 5277">
    <p class='ocr_par' dir='ltr' id='par_1_98' title="bbox 398 5194 1970 5277">
     <span class='ocr_line' id='line_1_98' title="bbox 398 5194 1970 5277; baseline 0.001 -20"><span class='ocrx_word' id='word_1_687' title='bbox 398 5205 591 5258; x_wconf 80' lang='grc' dir='ltr'>τοῦτον</span> <span class='ocrx_word' id='word_1_688' title='bbox 644 5205 803 5275; x_wconf 79' lang='grc' dir='ltr'>δῆθεν</span> <span class='ocrx_word' id='word_1_689' title='bbox 834 5206 925 5258; x_wconf 85' lang='grc' dir='ltr'>τὸν</span> <span class='ocrx_word' id='word_1_690' title='bbox 979 5205 1182 5269; x_wconf 85' lang='grc' dir='ltr'>κανόνα</span> <span class='ocrx_word' id='word_1_691' title='bbox 1235 5204 1445 5267; x_wconf 85' lang='grc' dir='ltr'>τούτων</span> <span class='ocrx_word' id='word_1_692' title='bbox 1501 5207 1600 5277; x_wconf 82' lang='grc' dir='ltr'><strong>μὲν</strong></span> <span class='ocrx_word' id='word_1_693' title='bbox 1644 5194 1970 5275; x_wconf 76' lang='grc' dir='ltr'>ἀπέχονται,</span> 
     </span>
    </p>
   </div>
   <div class='ocr_carea' id='block_1_99' title="bbox 400 5296 1975 5369">
    <p class='ocr_par' dir='ltr' id='par_1_99' title="bbox 400 5296 1975 5369">
     <span class='ocr_line' id='line_1_99' title="bbox 400 5296 1975 5369; baseline 0.001 -20"><span class='ocrx_word' id='word_1_694' title='bbox 400 5297 643 5353; x_wconf 77' lang='grc' dir='ltr'>ἐσθίουσι</span> <span class='ocrx_word' id='word_1_695' title='bbox 666 5297 725 5350; x_wconf 86' lang='grc' dir='ltr'><strong>δέ</strong></span> <span class='ocrx_word' id='word_1_696' title='bbox 755 5298 823 5351; x_wconf 81' lang='grc' dir='ltr'>τὰ</span> <span class='ocrx_word' id='word_1_697' title='bbox 844 5298 1250 5369; x_wconf 80' lang='grc' dir='ltr'>ἁποϐράσματα</span> <span class='ocrx_word' id='word_1_698' title='bbox 1297 5298 1482 5351; x_wconf 73' lang='grc' dir='ltr'>αὐτῶν</span> <span class='ocrx_word' id='word_1_699' title='bbox 1508 5299 1602 5352; x_wconf 76' lang='grc' dir='ltr'><strong>καὶ</strong></span> <span class='ocrx_word' id='word_1_700' title='bbox 1633 5296 1701 5350; x_wconf 85' lang='grc' dir='ltr'>τὰ</span> <span class='ocrx_word' id='word_1_701' title='bbox 1728 5297 1831 5350; x_wconf 79' lang='grc' dir='ltr'><strong>σὺν</strong></span> <span class='ocrx_word' id='word_1_702' title='bbox 1874 5299 1975 5350; x_wconf 82' lang='grc' dir='ltr'>αὺ-</span> 
     </span>
    </p>
   </div>
   <div class='ocr_carea' id='block_1_100' title="bbox 399 5388 1976 5459">
    <p class='ocr_par' dir='ltr' id='par_1_100' title="bbox 399 5388 1976 5459">
     <span class='ocr_line' id='line_1_100' title="bbox 399 5388 1976 5459; baseline 0.003 -21"><span class='ocrx_word' id='word_1_703' title='bbox 399 5389 514 5449; x_wconf 75' lang='grc' dir='ltr'>τοῖς</span> <span class='ocrx_word' id='word_1_704' title='bbox 573 5389 811 5455; x_wconf 68' lang='grc' dir='ltr'>ἑψόμενα</span> <span class='ocrx_word' id='word_1_705' title='bbox 841 5388 1070 5459; x_wconf 87' lang='grc' dir='ltr'>λάχανα.</span> <span class='ocrx_word' id='word_1_706' title='bbox 1116 5389 1226 5457; x_wconf 63' lang='lat' dir='ltr'><strong>Kal</strong></span> <span class='ocrx_word' id='word_1_707' title='bbox 1259 5388 1319 5442; x_wconf 86' lang='grc' dir='ltr'>τὸ</span> <span class='ocrx_word' id='word_1_708' title='bbox 1367 5388 1466 5458; x_wconf 85' lang='grc' dir='ltr'>μὲν</span> <span class='ocrx_word' id='word_1_709' title='bbox 1510 5388 1652 5455; x_wconf 77' lang='grc' dir='ltr'>οὕτω</span> <span class='ocrx_word' id='word_1_710' title='bbox 1690 5390 1976 5458; x_wconf 75' lang='grc' dir='ltr'>γινόμενον</span> 
     </span>
    </p>
   </div>
   <div class='ocr_carea' id='block_1_101' title="bbox 399 5480 1976 5551">
    <p class='ocr_par' dir='ltr' id='par_1_101' title="bbox 399 5480 1976 5551">
     <span class='ocr_line' id='line_1_101' title="bbox 399 5480 1976 5551; baseline 0.001 -20"><span class='ocrx_word' id='word_1_711' title='bbox 399 5482 482 5543; x_wconf 73' lang='grc' dir='ltr'><strong>εἰς</strong></span> <span class='ocrx_word' id='word_1_712' title='bbox 513 5481 639 5541; x_wconf 74' lang='grc' dir='ltr'>τοὺς</span> <span class='ocrx_word' id='word_1_713' title='bbox 665 5482 1180 5550; x_wconf 81' lang='grc' dir='ltr'>κατηγορουμένους</span> <span class='ocrx_word' id='word_1_714' title='bbox 1217 5480 1308 5533; x_wconf 84' lang='grc' dir='ltr'>διὰ</span> <span class='ocrx_word' id='word_1_715' title='bbox 1333 5480 1718 5551; x_wconf 73' lang='grc' dir='ltr'>Βωγομιλικὴν</span> <span class='ocrx_word' id='word_1_716' title='bbox 1760 5482 1976 5551; x_wconf 83' lang='grc' dir='ltr'>αἵρεσιν</span> 
     </span>
    </p>
   </div>
   <div class='ocr_carea' id='block_1_102' title="bbox 403 5569 1979 5640">
    <p class='ocr_par' dir='ltr' id='par_1_102' title="bbox 403 5569 1979 5640">
     <span class='ocr_line' id='line_1_102' title="bbox 403 5569 1979 5640; baseline 0.002 -19"><span class='ocrx_word' id='word_1_717' title='bbox 403 5569 582 5634; x_wconf 75' lang='grc' dir='ltr'>καλῶς</span> <span class='ocrx_word' id='word_1_718' title='bbox 612 5570 757 5622; x_wconf 83' lang='grc' dir='ltr'>εἰποι</span> <span class='ocrx_word' id='word_1_719' title='bbox 792 5587 874 5630; x_wconf 89' lang='grc' dir='ltr'><strong>τις</strong></span> <span class='ocrx_word' id='word_1_720' title='bbox 906 5571 1157 5635; x_wconf 78' lang='grc' dir='ltr'>γίνεσθαι</span> <span class='ocrx_word' id='word_1_721' title='bbox 1188 5586 1204 5601; x_wconf 90' lang='grc'><strong>·</strong></span> <span class='ocrx_word' id='word_1_722' title='bbox 1262 5572 1455 5640; x_wconf 75' lang='grc' dir='ltr'>ὥσπερ</span> <span class='ocrx_word' id='word_1_723' title='bbox 1483 5571 1579 5622; x_wconf 75' lang='grc' dir='ltr'>καὶ</span> <span class='ocrx_word' id='word_1_724' title='bbox 1619 5573 1682 5622; x_wconf 76' lang='grc' dir='ltr'><strong>τὸ</strong></span> <span class='ocrx_word' id='word_1_725' title='bbox 1735 5570 1979 5639; x_wconf 82' lang='grc' dir='ltr'>ἀπογεύ-</span> 
     </span>
    </p>
   </div>
   <div class='ocr_carea' id='block_1_103' title="bbox 406 5662 1979 5734">
    <p class='ocr_par' dir='ltr' id='par_1_103' title="bbox 406 5662 1979 5734">
     <span class='ocr_line' id='line_1_103' title="bbox 406 5662 1979 5734; baseline 0.003 -21"><span class='ocrx_word' id='word_1_726' title='bbox 406 5662 601 5715; x_wconf 79' lang='grc' dir='ltr'>σασθαί</span> <span class='ocrx_word' id='word_1_727' title='bbox 657 5680 775 5715; x_wconf 80' lang='grc' dir='ltr'>τινα</span> <span class='ocrx_word' id='word_1_728' title='bbox 812 5663 1039 5730; x_wconf 74' lang='grc' dir='ltr'>κρέατος</span> <span class='ocrx_word' id='word_1_729' title='bbox 1101 5662 1344 5733; x_wconf 80' lang='grc' dir='ltr'>ἧτυροῦ</span> <span class='ocrx_word' id='word_1_730' title='bbox 1407 5665 1617 5728; x_wconf 74' lang='grc' dir='ltr'>εἰςτὰς</span> <span class='ocrx_word' id='word_1_731' title='bbox 1677 5665 1979 5734; x_wconf 76' lang='grc' dir='ltr'>ἑϐδομάδας</span> 
     </span>
    </p>
   </div>
   <div class='ocr_carea' id='block_1_104' title="bbox 407 5751 1974 5825">
    <p class='ocr_par' dir='ltr' id='par_1_104' title="bbox 407 5751 1974 5825">
     <span class='ocr_line' id='line_1_104' title="bbox 407 5751 1974 5825; baseline -0.003 -18"><span class='ocrx_word' id='word_1_732' title='bbox 407 5751 528 5820; x_wconf 70' lang='grc' dir='ltr'>καθ’</span> <span class='ocrx_word' id='word_1_733' title='bbox 557 5752 621 5817; x_wconf 74' lang='grc' dir='ltr'>ἃς</span> <span class='ocrx_word' id='word_1_734' title='bbox 660 5753 991 5824; x_wconf 77' lang='grc' dir='ltr'>Ἀρμένιοιῆ</span> <span class='ocrx_word' id='word_1_735' title='bbox 1026 5754 1177 5808; x_wconf 82' lang='grc' dir='ltr'>ἄλλοι</span> <span class='ocrx_word' id='word_1_736' title='bbox 1209 5754 1479 5825; x_wconf 69' lang='grc' dir='ltr'>αἱρετικοὶ</span> <span class='ocrx_word' id='word_1_737' title='bbox 1504 5754 1845 5821; x_wconf 72' lang='grc' dir='ltr'>νηστεύουσι·</span> <span class='ocrx_word' id='word_1_738' title='bbox 1879 5753 1974 5806; x_wconf 44' lang='lat' dir='ltr'><strong>xii.</strong></span> 
     </span>
    </p>
   </div>
   <div class='ocr_carea' id='block_1_105' title="bbox 730 5852 1570 5916">
    <p class='ocr_par' dir='ltr' id='par_1_105' title="bbox 730 5852 1570 5916">
     <span class='ocr_line' id='line_1_105' title="bbox 730 5852 1570 5916; baseline 0.004 -3"><span class='ocrx_word' id='word_1_739' title='bbox 730 5854 1002 5913; x_wconf 70' lang='lat' dir='ltr'><strong>PATnOL.</strong></span> <span class='ocrx_word' id='word_1_740' title='bbox 1042 5852 1161 5912; x_wconf 79' lang='lat' dir='ltr'><strong>Gn.</strong></span> <span class='ocrx_word' id='word_1_741' title='bbox 1207 5852 1570 5916; x_wconf 75' lang='lat' dir='ltr'><strong>CXXXVII.</strong></span> 
     </span>
    </p>
   </div>
   <div class='ocr_carea' id='block_1_106' title="bbox 2079 4566 3656 4645">
    <p class='ocr_par' dir='ltr' id='par_1_106' title="bbox 2079 4566 3656 4645">
     <span class='ocr_line' id='line_1_106' title="bbox 2079 4566 3656 4645; baseline 0.006 -24"><span class='ocrx_word' id='word_1_742' title='bbox 2079 4566 2305 4630; x_wconf 81' lang='lat' dir='ltr'><strong>haeresis</strong></span> <span class='ocrx_word' id='word_1_743' title='bbox 2340 4576 2713 4635; x_wconf 67' lang='lat' dir='ltr'><strong>accusantur,</strong></span> <span class='ocrx_word' id='word_1_744' title='bbox 2753 4571 3015 4639; x_wconf 68' lang='lat' dir='ltr'><strong>prresenti</strong></span> <span class='ocrx_word' id='word_1_745' title='bbox 3051 4574 3248 4627; x_wconf 89' lang='lat' dir='ltr'><strong>canoni</strong></span> <span class='ocrx_word' id='word_1_746' title='bbox 3283 4583 3656 4645; x_wconf 68' lang='lat' dir='ltr'><strong>consentanee</strong></span> 
     </span>
    </p>
   </div>
   <div class='ocr_carea' id='block_1_107' title="bbox 2078 4658 3653 4732">
    <p class='ocr_par' dir='ltr' id='par_1_107' title="bbox 2078 4658 3653 4732">
     <span class='ocr_line' id='line_1_107' title="bbox 2078 4658 3653 4732; baseline 0.003 -21"><span class='ocrx_word' id='word_1_747' title='bbox 2078 4667 2358 4727; x_wconf 83' lang='lat' dir='ltr'><strong>coguntur</strong></span> <span class='ocrx_word' id='word_1_748' title='bbox 2402 4658 2661 4714; x_wconf 79' lang='lat' dir='ltr'><strong>carnibus</strong></span> <span class='ocrx_word' id='word_1_749' title='bbox 2694 4660 2779 4713; x_wconf 86' lang='lat' dir='ltr'><strong>vel</strong></span> <span class='ocrx_word' id='word_1_750' title='bbox 2807 4676 2969 4716; x_wconf 88' lang='lat' dir='ltr'><strong>caseo</strong></span> <span class='ocrx_word' id='word_1_751' title='bbox 3014 4664 3187 4728; x_wconf 89' lang='lat' dir='ltr'><strong>vesci,</strong></span> <span class='ocrx_word' id='word_1_752' title='bbox 3237 4674 3291 4717; x_wconf 90' lang='lat' dir='ltr'><strong>et</strong></span> <span class='ocrx_word' id='word_1_753' title='bbox 3338 4664 3653 4732; x_wconf 80' lang='lat' dir='ltr'><strong>Bogomilici</strong></span> 
     </span>
    </p>
   </div>
   <div class='ocr_carea' id='block_1_108' title="bbox 2073 4749 3655 4825">
    <p class='ocr_par' dir='ltr' id='par_1_108' title="bbox 2073 4749 3655 4825">
     <span class='ocr_line' id='line_1_108' title="bbox 2073 4749 3655 4825; baseline 0.003 -21"><span class='ocrx_word' id='word_1_754' title='bbox 2073 4749 2267 4821; x_wconf 71' lang='lat' dir='ltr'><strong>ieiunii</strong></span> <span class='ocrx_word' id='word_1_755' title='bbox 2292 4750 2670 4819; x_wconf 85' lang='lat' dir='ltr'><strong>suspicionem</strong></span> <span class='ocrx_word' id='word_1_756' title='bbox 2706 4750 2896 4805; x_wconf 89' lang='lat' dir='ltr'><strong>tollere</strong></span> <span class='ocrx_word' id='word_1_757' title='bbox 2932 4769 2944 4803; x_wconf 95' lang='lat'><strong>:</strong></span> <span class='ocrx_word' id='word_1_758' title='bbox 2978 4753 3109 4821; x_wconf 88' lang='lat' dir='ltr'><strong>quin</strong></span> <span class='ocrx_word' id='word_1_759' title='bbox 3154 4762 3206 4808; x_wconf 92' lang='lat' dir='ltr'><strong>et</strong></span> <span class='ocrx_word' id='word_1_760' title='bbox 3236 4754 3398 4823; x_wconf 88' lang='lat' dir='ltr'><strong>paulo</strong></span> <span class='ocrx_word' id='word_1_761' title='bbox 3438 4755 3655 4825; x_wconf 82' lang='lat' dir='ltr'><strong>religio-</strong></span> 
     </span>
    </p>
   </div>
   <div class='ocr_carea' id='block_1_109' title="bbox 2079 4842 3652 4914">
    <p class='ocr_par' dir='ltr' id='par_1_109' title="bbox 2079 4842 3652 4914">
     <span class='ocr_line' id='line_1_109' title="bbox 2079 4842 3652 4914; baseline 0.002 -20"><span class='ocrx_word' id='word_1_762' title='bbox 2079 4842 2255 4897; x_wconf 88' lang='lat' dir='ltr'><strong>siores</strong></span> <span class='ocrx_word' id='word_1_763' title='bbox 2288 4843 2598 4912; x_wconf 87' lang='lat' dir='ltr'><strong>complures</strong></span> <span class='ocrx_word' id='word_1_764' title='bbox 2639 4844 2919 4911; x_wconf 87' lang='lat' dir='ltr'><strong>monachi,</strong></span> <span class='ocrx_word' id='word_1_765' title='bbox 2954 4844 3201 4899; x_wconf 82' lang='lat' dir='ltr'><strong>nolentes</strong></span> <span class='ocrx_word' id='word_1_766' title='bbox 3231 4844 3475 4913; x_wconf 89' lang='lat' dir='ltr'><strong>piscibus</strong></span> <span class='ocrx_word' id='word_1_767' title='bbox 3497 4845 3652 4914; x_wconf 83' lang='lat' dir='ltr'><strong>jeju—</strong></span> 
     </span>
    </p>
   </div>
   <div class='ocr_carea' id='block_1_110' title="bbox 2080 4930 3633 5002">
    <p class='ocr_par' dir='ltr' id='par_1_110' title="bbox 2080 4930 3633 5002">
     <span class='ocr_line' id='line_1_110' title="bbox 2080 4930 3633 5002; baseline 0.001 -18"><span class='ocrx_word' id='word_1_768' title='bbox 2080 4930 2232 4989; x_wconf 83' lang='lat' dir='ltr'><strong>nium</strong></span> <span class='ocrx_word' id='word_1_769' title='bbox 2260 4930 2498 4994; x_wconf 82' lang='lat' dir='ltr'><strong>solvere,</strong></span> <span class='ocrx_word' id='word_1_770' title='bbox 2528 4940 2755 5001; x_wconf 89' lang='lat' dir='ltr'><strong>propter</strong></span> <span class='ocrx_word' id='word_1_771' title='bbox 2784 4939 2988 4995; x_wconf 83' lang='lat' dir='ltr'><strong>sanctae</strong></span> <span class='ocrx_word' id='word_1_772' title='bbox 3012 4930 3458 5002; x_wconf 70' lang='lat' dir='ltr'><strong>Quadragcsimm</strong></span> <span class='ocrx_word' id='word_1_773' title='bbox 3487 4932 3633 4986; x_wconf 85' lang='lat' dir='ltr'><strong>bono</strong></span> 
     </span>
    </p>
   </div>
   <div class='ocr_carea' id='block_1_111' title="bbox 2078 5014 3653 5092">
    <p class='ocr_par' dir='ltr' id='par_1_111' title="bbox 2078 5014 3653 5092">
     <span class='ocr_line' id='line_1_111' title="bbox 2078 5014 3653 5092; baseline 0 -17"><span class='ocrx_word' id='word_1_774' title='bbox 2078 5036 2212 5084; x_wconf 87' lang='lat' dir='ltr'><strong>rem,</strong></span> <span class='ocrx_word' id='word_1_775' title='bbox 2242 5022 2365 5077; x_wconf 90' lang='lat' dir='ltr'><strong>huic</strong></span> <span class='ocrx_word' id='word_1_776' title='bbox 2393 5021 2581 5092; x_wconf 89' lang='lat' dir='ltr'><strong>utique</strong></span> <span class='ocrx_word' id='word_1_777' title='bbox 2606 5023 2803 5077; x_wconf 89' lang='lat' dir='ltr'><strong>canoni</strong></span> <span class='ocrx_word' id='word_1_778' title='bbox 2830 5014 3219 5091; x_wconf 72' lang='lat' dir='ltr'><strong>convenienter</strong></span> <span class='ocrx_word' id='word_1_779' title='bbox 3242 5024 3311 5078; x_wconf 87' lang='lat' dir='ltr'><strong>ab</strong></span> <span class='ocrx_word' id='word_1_780' title='bbox 3333 5024 3412 5087; x_wconf 88' lang='lat' dir='ltr'><strong>eis</strong></span> <span class='ocrx_word' id='word_1_781' title='bbox 3437 5023 3653 5092; x_wconf 69' lang='lat' dir='ltr'><strong>quidem</strong></span> 
     </span>
    </p>
   </div>
   <div class='ocr_carea' id='block_1_112' title="bbox 2056 5111 3656 5184">
    <p class='ocr_par' dir='ltr' id='par_1_112' title="bbox 2056 5111 3656 5184">
     <span class='ocr_line' id='line_1_112' title="bbox 2056 5111 3656 5184; baseline -0.001 -15"><span class='ocrx_word' id='word_1_782' title='bbox 2056 5114 2403 5179; x_wconf 36' lang='lat' dir='ltr'><strong>,abstinent;</strong></span> <span class='ocrx_word' id='word_1_783' title='bbox 2436 5129 2625 5168; x_wconf 90' lang='lat' dir='ltr'><strong>eorum</strong></span> <span class='ocrx_word' id='word_1_784' title='bbox 2671 5125 2855 5179; x_wconf 82' lang='lat' dir='ltr'><strong>autem</strong></span> <span class='ocrx_word' id='word_1_785' title='bbox 2894 5114 3019 5184; x_wconf 89' lang='lat' dir='ltr'><strong>jura</strong></span> <span class='ocrx_word' id='word_1_786' title='bbox 3062 5111 3379 5177; x_wconf 81' lang='lat' dir='ltr'><strong>comedunt,</strong></span> <span class='ocrx_word' id='word_1_787' title='bbox 3412 5124 3466 5170; x_wconf 87' lang='lat' dir='ltr'><strong>et</strong></span> <span class='ocrx_word' id='word_1_788' title='bbox 3506 5114 3656 5181; x_wconf 78' lang='lat' dir='ltr'><strong>olera</strong></span> 
     </span>
    </p>
   </div>
   <div class='ocr_carea' id='block_1_113' title="bbox 2086 5204 3657 5275">
    <p class='ocr_par' dir='ltr' id='par_1_113' title="bbox 2086 5204 3657 5275">
     <span class='ocr_line' id='line_1_113' title="bbox 2086 5204 3657 5275; baseline -0.001 -17"><span class='ocrx_word' id='word_1_789' title='bbox 2086 5218 2209 5275; x_wconf 62' lang='lat' dir='ltr'><strong>quas</strong></span> <span class='ocrx_word' id='word_1_790' title='bbox 2237 5220 2360 5260; x_wconf 84' lang='lat' dir='ltr'><strong>cum</strong></span> <span class='ocrx_word' id='word_1_791' title='bbox 2393 5205 2473 5259; x_wconf 86' lang='lat' dir='ltr'><strong>eis</strong></span> <span class='ocrx_word' id='word_1_792' title='bbox 2503 5214 2842 5273; x_wconf 89' lang='lat' dir='ltr'><strong>coquuntur.</strong></span> <span class='ocrx_word' id='word_1_793' title='bbox 2873 5206 2940 5259; x_wconf 82' lang='lat' dir='ltr'><strong>Et</strong></span> <span class='ocrx_word' id='word_1_794' title='bbox 2967 5206 3114 5275; x_wconf 86' lang='lat' dir='ltr'><strong>quod</strong></span> <span class='ocrx_word' id='word_1_795' title='bbox 3146 5206 3227 5260; x_wconf 88' lang='lat' dir='ltr'><strong>sic</strong></span> <span class='ocrx_word' id='word_1_796' title='bbox 3259 5204 3485 5275; x_wconf 86' lang='lat' dir='ltr'><strong>quidem</strong></span> <span class='ocrx_word' id='word_1_797' title='bbox 3515 5205 3571 5258; x_wconf 85' lang='lat' dir='ltr'><strong>tit</strong></span> <span class='ocrx_word' id='word_1_798' title='bbox 3602 5205 3657 5273; x_wconf 73' lang='lat' dir='ltr'><strong>in</strong></span> 
     </span>
    </p>
   </div>
   <div class='ocr_carea' id='block_1_114' title="bbox 2084 5294 3660 5367">
    <p class='ocr_par' dir='ltr' id='par_1_114' title="bbox 2084 5294 3660 5367">
     <span class='ocr_line' id='line_1_114' title="bbox 2084 5294 3660 5367; baseline -0.001 -18"><span class='ocrx_word' id='word_1_799' title='bbox 2084 5311 2200 5360; x_wconf 82' lang='lat' dir='ltr'><strong>eos,</strong></span> <span class='ocrx_word' id='word_1_800' title='bbox 2250 5296 2344 5366; x_wconf 89' lang='lat' dir='ltr'><strong>qui</strong></span> <span class='ocrx_word' id='word_1_801' title='bbox 2398 5294 2747 5365; x_wconf 76' lang='lat' dir='ltr'><strong>Bogomiiicze</strong></span> <span class='ocrx_word' id='word_1_802' title='bbox 2794 5297 3065 5367; x_wconf 67' lang='lat' dir='ltr'><strong>haereseos</strong></span> <span class='ocrx_word' id='word_1_803' title='bbox 3110 5305 3464 5366; x_wconf 75' lang='lat' dir='ltr'><strong>accusantur,</strong></span> <span class='ocrx_word' id='word_1_804' title='bbox 3512 5304 3660 5349; x_wconf 78' lang='lat' dir='ltr'><strong>recte</strong></span> 
     </span>
    </p>
   </div>
   <div class='ocr_carea' id='block_1_115' title="bbox 2087 5388 3660 5460">
    <p class='ocr_par' dir='ltr' id='par_1_115' title="bbox 2087 5388 3660 5460">
     <span class='ocr_line' id='line_1_115' title="bbox 2087 5388 3660 5460; baseline -0.001 -17"><span class='ocrx_word' id='word_1_805' title='bbox 2087 5390 2203 5444; x_wconf 90' lang='lat' dir='ltr'><strong>lieri</strong></span> <span class='ocrx_word' id='word_1_806' title='bbox 2250 5389 2451 5447; x_wconf 80' lang='lat' dir='ltr'><strong>dixerit</strong></span> <span class='ocrx_word' id='word_1_807' title='bbox 2499 5390 2774 5459; x_wconf 85' lang='lat' dir='ltr'><strong>quispiam</strong></span> <span class='ocrx_word' id='word_1_808' title='bbox 2820 5407 2836 5444; x_wconf 91' lang='lat'><strong>:</strong></span> <span class='ocrx_word' id='word_1_809' title='bbox 2870 5391 3328 5460; x_wconf 76' lang='lat' dir='ltr'><strong>quemadmodum</strong></span> <span class='ocrx_word' id='word_1_810' title='bbox 3358 5397 3411 5443; x_wconf 88' lang='lat' dir='ltr'><strong>et</strong></span> <span class='ocrx_word' id='word_1_811' title='bbox 3453 5388 3498 5446; x_wconf 86' lang='lat' dir='ltr'><strong>si</strong></span> <span class='ocrx_word' id='word_1_812' title='bbox 3535 5388 3660 5456; x_wconf 73' lang='lat' dir='ltr'><strong>quis</strong></span> 
     </span>
    </p>
   </div>
   <div class='ocr_carea' id='block_1_116' title="bbox 2085 5479 3658 5552">
    <p class='ocr_par' dir='ltr' id='par_1_116' title="bbox 2085 5479 3658 5552">
     <span class='ocr_line' id='line_1_116' title="bbox 2085 5479 3658 5552; baseline -0.001 -17"><span class='ocrx_word' id='word_1_813' title='bbox 2085 5498 2304 5537; x_wconf 83' lang='lat' dir='ltr'><strong>carnem</strong></span> <span class='ocrx_word' id='word_1_814' title='bbox 2361 5490 2544 5552; x_wconf 80' lang='lat' dir='ltr'><strong>gustet</strong></span> <span class='ocrx_word' id='word_1_815' title='bbox 2585 5483 2669 5537; x_wconf 82' lang='lat' dir='ltr'><strong>vel</strong></span> <span class='ocrx_word' id='word_1_816' title='bbox 2724 5497 2946 5537; x_wconf 82' lang='lat' dir='ltr'><strong>caseum</strong></span> <span class='ocrx_word' id='word_1_817' title='bbox 2996 5483 3048 5535; x_wconf 87' lang='lat' dir='ltr'><strong>in</strong></span> <span class='ocrx_word' id='word_1_818' title='bbox 3100 5482 3554 5543; x_wconf 84' lang='lat' dir='ltr'><strong>hebdomadibus,</strong></span> <span class='ocrx_word' id='word_1_819' title='bbox 3606 5479 3658 5552; x_wconf 68' lang='grc' dir='ltr'><strong>ξτμ</strong></span> 
     </span>
    </p>
   </div>
   <div class='ocr_carea' id='block_1_117' title="bbox 2085 5571 3660 5645">
    <p class='ocr_par' dir='ltr' id='par_1_117' title="bbox 2085 5571 3660 5645">
     <span class='ocr_line' id='line_1_117' title="bbox 2085 5571 3660 5645; baseline 0 -21"><span class='ocrx_word' id='word_1_820' title='bbox 2085 5572 2289 5640; x_wconf 89' lang='lat' dir='ltr'><strong>quibus</strong></span> <span class='ocrx_word' id='word_1_821' title='bbox 2355 5571 2596 5626; x_wconf 85' lang='lat' dir='ltr'><strong>Armenii</strong></span> <span class='ocrx_word' id='word_1_822' title='bbox 2658 5572 2742 5626; x_wconf 87' lang='lat' dir='ltr'><strong>vel</strong></span> <span class='ocrx_word' id='word_1_823' title='bbox 2806 5571 2896 5625; x_wconf 88' lang='lat' dir='ltr'><strong>alii</strong></span> <span class='ocrx_word' id='word_1_824' title='bbox 2958 5571 3201 5626; x_wconf 71' lang='lat' dir='ltr'><strong>haeretici</strong></span> <span class='ocrx_word' id='word_1_825' title='bbox 3265 5571 3552 5640; x_wconf 86' lang='lat' dir='ltr'><strong>jejuuant;</strong></span> <span class='ocrx_word' id='word_1_826' title='bbox 3606 5585 3660 5645; x_wconf 60' lang='grc' dir='ltr'><strong>αι</strong></span> 
     </span>
    </p>
   </div>
   <div class='ocr_carea' id='block_1_118' title="bbox 2092 5658 3659 5733">
    <p class='ocr_par' dir='ltr' id='par_1_118' title="bbox 2092 5658 3659 5733">
     <span class='ocr_line' id='line_1_118' title="bbox 2092 5658 3659 5733; baseline 0.001 -15"><span class='ocrx_word' id='word_1_827' title='bbox 2092 5664 2327 5719; x_wconf 78' lang='lat' dir='ltr'><strong>maxime</strong></span> <span class='ocrx_word' id='word_1_828' title='bbox 2355 5664 2575 5733; x_wconf 89' lang='lat' dir='ltr'><strong>quando</strong></span> <span class='ocrx_word' id='word_1_829' title='bbox 2609 5664 2662 5716; x_wconf 92' lang='lat' dir='ltr'><strong>in</strong></span> <span class='ocrx_word' id='word_1_830' title='bbox 2696 5673 2947 5733; x_wconf 90' lang='lat' dir='ltr'><strong>suspecta</strong></span> <span class='ocrx_word' id='word_1_831' title='bbox 2983 5663 3204 5731; x_wconf 85' lang='lat' dir='ltr'><strong>regione</strong></span> <span class='ocrx_word' id='word_1_832' title='bbox 3238 5658 3513 5718; x_wconf 75' lang='lat' dir='ltr'><strong>versatur.</strong></span> <span class='ocrx_word' id='word_1_833' title='bbox 3549 5662 3659 5727; x_wconf 61' lang='lat' dir='ltr'><strong>Hoc</strong></span> 
     </span>
    </p>
   </div>
   <div class='ocr_carea' id='block_1_119' title="bbox 2099 5754 3659 5832">
    <p class='ocr_par' dir='ltr' id='par_1_119' title="bbox 2099 5754 3659 5832">
     <span class='ocr_line' id='line_1_119' title="bbox 2099 5754 3659 5832; baseline -0.002 -23"><span class='ocrx_word' id='word_1_834' title='bbox 2099 5759 2241 5810; x_wconf 82' lang='lat' dir='ltr'><strong>enim</strong></span> <span class='ocrx_word' id='word_1_835' title='bbox 2278 5754 2427 5832; x_wconf 76' lang='lat' dir='ltr'><strong>facit,</strong></span> <span class='ocrx_word' id='word_1_836' title='bbox 2466 5773 2534 5812; x_wconf 90' lang='lat' dir='ltr'><strong>uc</strong></span> <span class='ocrx_word' id='word_1_837' title='bbox 2566 5772 2672 5812; x_wconf 90' lang='lat' dir='ltr'><strong>una</strong></span> <span class='ocrx_word' id='word_1_838' title='bbox 2704 5771 2825 5810; x_wconf 82' lang='lat' dir='ltr'><strong>cum</strong></span> <span class='ocrx_word' id='word_1_839' title='bbox 2865 5755 3138 5821; x_wconf 66' lang='lat' dir='ltr'><strong>hazreticis</strong></span> <span class='ocrx_word' id='word_1_840' title='bbox 3164 5756 3417 5827; x_wconf 78' lang='lat' dir='ltr'><strong>jejunarc</strong></span> <span class='ocrx_word' id='word_1_841' title='bbox 3447 5765 3659 5832; x_wconf 51' lang='lat' dir='ltr'><strong>repntg;</strong></span> 
     </span>
    </p>
   </div>
   <div class='ocr_carea' id='block_1_120' title="bbox 3273 5852 3342 5925">
    <p class='ocr_par' dir='ltr' id='par_1_120' title="bbox 3273 5852 3342 5925">
     <span class='ocr_line' id='line_1_120' title="bbox 3273 5852 3342 5925; baseline -0.116 0"><span class='ocrx_word' id='word_1_842' title='bbox 3273 5852 3342 5925; x_wconf 85' lang='lat'><strong>37</strong></span> 
     </span>
    </p>
   </div>
  </div>
